  <div class='ocr_page' id='page_1' title='image "/cluster/home/n/w/nwhite01/storage/ocr_20150623/94/mdp.39015008918610/386.png"; bbox 0 0 4090 6148; ppageno 0'>
   <div class='ocr_carea' id='block_1_1' title="bbox 374 346 480 413">
    <p class='ocr_par' dir='ltr' id='par_1_1' title="bbox 374 346 480 413">
     <span class='ocr_line' id='line_1_1' title="bbox 374 346 480 413; baseline -0.019 0"><span class='ocrx_word' id='word_1_1' title='bbox 374 346 480 413; x_wconf 80' lang='lat'><strong>757</strong></span> 
     </span>
    </p>
   </div>
   <div class='ocr_carea' id='block_1_2' title="bbox 1534 350 2396 412">
    <p class='ocr_par' dir='ltr' id='par_1_2' title="bbox 1534 350 2396 412">
     <span class='ocr_line' id='line_1_2' title="bbox 1534 350 2396 412; baseline 0.002 -3"><span class='ocrx_word' id='word_1_2' title='bbox 1534 350 1638 410; x_wconf 87' lang='lat' dir='ltr'><strong>DE</strong></span> <span class='ocrx_word' id='word_1_3' title='bbox 1673 350 2116 412; x_wconf 81' lang='lat' dir='ltr'><strong>HERESIBUS-</strong></span> <span class='ocrx_word' id='word_1_4' title='bbox 2149 350 2396 411; x_wconf 83' lang='lat' dir='ltr'><strong>LIBER.</strong></span> 
     </span>
    </p>
   </div>
   <div class='ocr_carea' id='block_1_3' title="bbox 3519 363 3634 424">
    <p class='ocr_par' dir='ltr' id='par_1_3' title="bbox 3519 363 3634 424">
     <span class='ocr_line' id='line_1_3' title="bbox 3519 363 3634 424; baseline 0 -1"><span class='ocrx_word' id='word_1_5' title='bbox 3519 363 3634 424; x_wconf 77' lang='lat'><strong>758&#39;</strong></span> 
     </span>
    </p>
   </div>
   <div class='ocr_carea' id='block_1_4' title="bbox 372 449 1925 539">
    <p class='ocr_par' dir='ltr' id='par_1_4' title="bbox 372 453 1925 531">
     <span class='ocr_line' id='line_1_4' title="bbox 372 453 1925 531; baseline -0.001 -20"><span class='ocrx_word' id='word_1_6' title='bbox 372 462 588 531; x_wconf 75' lang='grc' dir='ltr'>φέρουσι</span> <span class='ocrx_word' id='word_1_7' title='bbox 615 453 754 525; x_wconf 87' lang='grc' dir='ltr'><strong>μετά</strong></span> <span class='ocrx_word' id='word_1_8' title='bbox 783 454 1002 526; x_wconf 87' lang='grc' dir='ltr'>χορείας</span> <span class='ocrx_word' id='word_1_9' title='bbox 1030 455 1173 518; x_wconf 77' lang='grc' dir='ltr'>τινος</span> <span class='ocrx_word' id='word_1_10' title='bbox 1194 456 1289 510; x_wconf 78' lang='grc' dir='ltr'><strong>καὶ</strong></span> <span class='ocrx_word' id='word_1_11' title='bbox 1315 455 1614 526; x_wconf 74' lang='grc' dir='ltr'>ὀρχήσεως,</span> <span class='ocrx_word' id='word_1_12' title='bbox 1663 458 1925 528; x_wconf 80' lang='grc' dir='ltr'>μιμούμε-</span> 
     </span>
    </p>
   </div>
   <div class='ocr_carea' id='block_1_5' title="bbox 2029 449 3622 539">
    <p class='ocr_par' dir='ltr' id='par_1_5' title="bbox 2040 449 3622 539">
     <span class='ocr_line' id='line_1_5' title="bbox 2040 449 3622 539; baseline 0.009 -27"><span class='ocrx_word' id='word_1_13' title='bbox 2040 458 2275 529; x_wconf 85' lang='lat' dir='ltr'><strong>hymnos</strong></span> <span class='ocrx_word' id='word_1_14' title='bbox 2324 457 2438 513; x_wconf 89' lang='lat' dir='ltr'><strong>Deo</strong></span> <span class='ocrx_word' id='word_1_15' title='bbox 2493 472 2616 513; x_wconf 91' lang='lat' dir='ltr'><strong>cum</strong></span> <span class='ocrx_word' id='word_1_16' title='bbox 2665 459 2875 517; x_wconf 82' lang='lat' dir='ltr'><strong>chorea</strong></span> <span class='ocrx_word' id='word_1_17' title='bbox 2931 469 2993 517; x_wconf 80' lang='lat' dir='ltr'><strong>et</strong></span> <span class='ocrx_word' id='word_1_18' title='bbox 3041 449 3298 534; x_wconf 81' lang='lat' dir='ltr'><strong>tripudiis</strong></span> <span class='ocrx_word' id='word_1_19' title='bbox 3352 466 3622 539; x_wconf 66' lang='lat' dir='ltr'><strong>oderant;</strong></span> 
     </span>
    </p>
   </div>
   <div class='ocr_carea' id='block_1_6' title="bbox 367 546 1925 626">
    <p class='ocr_par' dir='ltr' id='par_1_6' title="bbox 367 546 1925 619">
     <span class='ocr_line' id='line_1_6' title="bbox 367 546 1925 619; baseline -0.001 -17"><span class='ocrx_word' id='word_1_20' title='bbox 367 567 443 602; x_wconf 90' lang='grc' dir='ltr'><strong>νοι</strong></span> <span class='ocrx_word' id='word_1_21' title='bbox 466 546 663 601; x_wconf 78' lang='grc' dir='ltr'>ὡσανεὶ</span> <span class='ocrx_word' id='word_1_22' title='bbox 709 547 800 601; x_wconf 82' lang='grc' dir='ltr'><strong>τὸν</strong></span> <span class='ocrx_word' id='word_1_23' title='bbox 835 547 996 619; x_wconf 83' lang='grc' dir='ltr'>χορὸν</span> <span class='ocrx_word' id='word_1_24' title='bbox 1051 548 1272 602; x_wconf 81' lang='grc' dir='ltr'><strong>ἐκείνων</strong></span> <span class='ocrx_word' id='word_1_25' title='bbox 1327 550 1418 602; x_wconf 73' lang='grc' dir='ltr'><strong>ἐπὶ</strong></span> <span class='ocrx_word' id='word_1_26' title='bbox 1462 550 1740 613; x_wconf 81' lang='grc' dir='ltr'>Μωῦσέως</span> <span class='ocrx_word' id='word_1_27' title='bbox 1756 569 1925 606; x_wconf 61' lang='grc' dir='ltr'>συνανί</span> 
     </span>
    </p>
   </div>
   <div class='ocr_carea' id='block_1_7' title="bbox 2029 546 3623 626">
    <p class='ocr_par' dir='ltr' id='par_1_7' title="bbox 2043 549 3623 626">
     <span class='ocr_line' id='line_1_7' title="bbox 2043 549 3623 626; baseline 0.005 -23"><span class='ocrx_word' id='word_1_28' title='bbox 2043 549 2274 604; x_wconf 88' lang='lat' dir='ltr'><strong>chorum</strong></span> <span class='ocrx_word' id='word_1_29' title='bbox 2332 549 2484 603; x_wconf 89' lang='lat' dir='ltr'><strong>illum</strong></span> <span class='ocrx_word' id='word_1_30' title='bbox 2542 549 2856 618; x_wconf 73' lang='lat' dir='ltr'><strong>imitantes,</strong></span> <span class='ocrx_word' id='word_1_31' title='bbox 2909 553 3005 623; x_wconf 85' lang='lat' dir='ltr'><strong>qui</strong></span> <span class='ocrx_word' id='word_1_32' title='bbox 3053 553 3240 626; x_wconf 85' lang='lat' dir='ltr'><strong>Moyse</strong></span> <span class='ocrx_word' id='word_1_33' title='bbox 3289 557 3449 614; x_wconf 85' lang='lat' dir='ltr'><strong>duee-</strong></span> <span class='ocrx_word' id='word_1_34' title='bbox 3484 575 3623 616; x_wconf 57' lang='lat' dir='ltr'><strong>con.</strong></span> 
     </span>
    </p>
   </div>
   <div class='ocr_carea' id='block_1_8' title="bbox 370 639 1933 713">
    <p class='ocr_par' dir='ltr' id='par_1_8' title="bbox 370 639 1933 713">
     <span class='ocr_line' id='line_1_8' title="bbox 370 639 1933 713; baseline 0.001 -21"><span class='ocrx_word' id='word_1_35' title='bbox 370 639 562 692; x_wconf 85' lang='grc' dir='ltr'>στάντα</span> <span class='ocrx_word' id='word_1_36' title='bbox 608 639 703 691; x_wconf 76' lang='grc' dir='ltr'>ἐπὶ</span> <span class='ocrx_word' id='word_1_37' title='bbox 751 640 820 710; x_wconf 75' lang='grc' dir='ltr'>τῇ</span> <span class='ocrx_word' id='word_1_38' title='bbox 875 639 1121 711; x_wconf 77' lang='grc' dir='ltr'><strong>ἀπωλείᾳ</strong></span> <span class='ocrx_word' id='word_1_39' title='bbox 1166 640 1276 694; x_wconf 87' lang='grc' dir='ltr'><strong>τῶν</strong></span> <span class='ocrx_word' id='word_1_40' title='bbox 1319 641 1653 710; x_wconf 85' lang='grc' dir='ltr'>Αίγυπτίων,</span> <span class='ocrx_word' id='word_1_41' title='bbox 1697 644 1762 713; x_wconf 79' lang='grc' dir='ltr'>τῇ</span> <span class='ocrx_word' id='word_1_42' title='bbox 1789 642 1846 695; x_wconf 81' lang='grc' dir='ltr'><strong>ἐν</strong></span> <span class='ocrx_word' id='word_1_43' title='bbox 1869 643 1933 712; x_wconf 82' lang='grc' dir='ltr'>τῇ</span> 
     </span>
    </p>
   </div>
   <div class='ocr_carea' id='block_1_9' title="bbox 379 717 1238 802">
    <p class='ocr_par' dir='ltr' id='par_1_9' title="bbox 379 717 1238 802">
     <span class='ocr_line' id='line_1_9' title="bbox 379 717 1238 802; baseline 0.003 -19"><span class='ocrx_word' id='word_1_44' title='bbox 379 730 610 801; x_wconf 80' lang='grc' dir='ltr'>Ἐρυθρᾷ</span> <span class='ocrx_word' id='word_1_45' title='bbox 637 729 883 802; x_wconf 85' lang='grc' dir='ltr'>θαλάσσῃ</span> <span class='ocrx_word' id='word_1_46' title='bbox 910 731 1190 802; x_wconf 76' lang='grc' dir='ltr'>γεγονυίᾳ.</span> <span class='ocrx_word' id='word_1_47' title='bbox 1223 717 1238 736; x_wconf 66' lang='grc'><strong>’</strong></span> 
     </span>
    </p>
   </div>
   <div class='ocr_carea' id='block_1_10' title="bbox 432 821 1939 897">
    <p class='ocr_par' dir='ltr' id='par_1_10' title="bbox 432 821 1939 897">
     <span class='ocr_line' id='line_1_10' title="bbox 432 821 1939 897; baseline 0.005 -24"><span class='ocrx_word' id='word_1_48' title='bbox 432 826 543 890; x_wconf 84' lang='grc' dir='ltr'>πη’.</span> <span class='ocrx_word' id='word_1_49' title='bbox 575 821 919 891; x_wconf 88' lang='grc' dir='ltr'>Γνωσιμάχοι</span> <span class='ocrx_word' id='word_1_50' title='bbox 943 837 956 850; x_wconf 83' lang='lat'><strong><em>°</em></strong></span> <span class='ocrx_word' id='word_1_51' title='bbox 1011 824 1060 874; x_wconf 89' lang='grc' dir='ltr'>οἱ</span> <span class='ocrx_word' id='word_1_52' title='bbox 1097 823 1247 894; x_wconf 84' lang='grc' dir='ltr'>πάσῃ</span> <span class='ocrx_word' id='word_1_53' title='bbox 1282 823 1483 892; x_wconf 85' lang='grc' dir='ltr'>γνώσει</span> <span class='ocrx_word' id='word_1_54' title='bbox 1529 825 1626 879; x_wconf 80' lang='grc' dir='ltr'>τοῦ</span> <span class='ocrx_word' id='word_1_55' title='bbox 1675 826 1939 897; x_wconf 69' lang='grc' dir='ltr'>Χριστιαι</span> 
     </span>
    </p>
   </div>
   <div class='ocr_carea' id='block_1_11' title="bbox 359 914 1931 986">
    <p class='ocr_par' dir='ltr' id='par_1_11' title="bbox 359 914 1931 986">
     <span class='ocr_line' id='line_1_11' title="bbox 359 914 1931 986; baseline 0.002 -17"><span class='ocrx_word' id='word_1_56' title='bbox 359 914 548 984; x_wconf 82' lang='grc' dir='ltr'>νισμοῦ</span> <span class='ocrx_word' id='word_1_57' title='bbox 585 914 1026 980; x_wconf 86' lang='grc' dir='ltr'>ἀντιπίπτοντες,</span> <span class='ocrx_word' id='word_1_58' title='bbox 1050 915 1108 967; x_wconf 85' lang='grc' dir='ltr'>ὲν</span> <span class='ocrx_word' id='word_1_59' title='bbox 1137 915 1218 986; x_wconf 80' lang='grc' dir='ltr'>τῷ</span> <span class='ocrx_word' id='word_1_60' title='bbox 1246 916 1428 985; x_wconf 86' lang='grc' dir='ltr'>λέγειν</span> <span class='ocrx_word' id='word_1_61' title='bbox 1470 917 1696 983; x_wconf 81' lang='grc' dir='ltr'>αὐτοὺς,</span> <span class='ocrx_word' id='word_1_62' title='bbox 1727 919 1808 972; x_wconf 83' lang='grc' dir='ltr'><strong>ὅτι</strong></span> <span class='ocrx_word' id='word_1_63' title='bbox 1836 935 1931 972; x_wconf 86' lang='grc' dir='ltr'>πε-</span> 
     </span>
    </p>
   </div>
   <div class='ocr_carea' id='block_1_12' title="bbox 360 1004 1936 1080">
    <p class='ocr_par' dir='ltr' id='par_1_12' title="bbox 360 1004 1936 1080">
     <span class='ocr_line' id='line_1_12' title="bbox 360 1004 1936 1080; baseline 0.004 -24"><span class='ocrx_word' id='word_1_64' title='bbox 360 1005 541 1074; x_wconf 84' lang='grc' dir='ltr'>ρισσόν</span> <span class='ocrx_word' id='word_1_65' title='bbox 567 1021 620 1056; x_wconf 89' lang='grc' dir='ltr'><strong>τι</strong></span> <span class='ocrx_word' id='word_1_66' title='bbox 651 1004 898 1058; x_wconf 80' lang='grc' dir='ltr'>ποιοῦσιν</span> <span class='ocrx_word' id='word_1_67' title='bbox 931 1005 982 1057; x_wconf 88' lang='grc' dir='ltr'><strong>οί</strong></span> <span class='ocrx_word' id='word_1_68' title='bbox 1029 1005 1258 1073; x_wconf 85' lang='grc' dir='ltr'>γνώσεις</span> <span class='ocrx_word' id='word_1_69' title='bbox 1304 1006 1457 1070; x_wconf 82' lang='grc' dir='ltr'>τινὰς</span> <span class='ocrx_word' id='word_1_70' title='bbox 1491 1006 1849 1080; x_wconf 79' lang='grc' dir='ltr'>ὲκζητοῦντες</span> <span class='ocrx_word' id='word_1_71' title='bbox 1879 1012 1936 1064; x_wconf 78' lang='grc' dir='ltr'>ἐν</span> 
     </span>
    </p>
   </div>
   <div class='ocr_carea' id='block_1_13' title="bbox 355 1095 1938 1172">
    <p class='ocr_par' dir='ltr' id='par_1_13' title="bbox 355 1095 1938 1172">
     <span class='ocr_line' id='line_1_13' title="bbox 355 1095 1938 1172; baseline 0.004 -22"><span class='ocrx_word' id='word_1_72' title='bbox 355 1100 473 1160; x_wconf 82' lang='grc' dir='ltr'>ταῖς</span> <span class='ocrx_word' id='word_1_73' title='bbox 503 1096 680 1159; x_wconf 86' lang='grc' dir='ltr'>θείαις</span> <span class='ocrx_word' id='word_1_74' title='bbox 707 1095 968 1167; x_wconf 83' lang='grc' dir='ltr'>Γραφαῖς.</span> <span class='ocrx_word' id='word_1_75' title='bbox 1006 1097 1173 1152; x_wconf 82' lang='grc' dir='ltr'>Οὐδὲν</span> <span class='ocrx_word' id='word_1_76' title='bbox 1217 1098 1329 1170; x_wconf 83' lang='grc' dir='ltr'>γὰρ</span> <span class='ocrx_word' id='word_1_77' title='bbox 1383 1100 1512 1154; x_wconf 78' lang='grc' dir='ltr'>ἄλλο</span> <span class='ocrx_word' id='word_1_78' title='bbox 1552 1099 1707 1172; x_wconf 78' lang='grc' dir='ltr'>ζητεῖ</span> <span class='ocrx_word' id='word_1_79' title='bbox 1748 1103 1776 1155; x_wconf 87' lang='grc' dir='ltr'><strong>ὁ</strong></span> <span class='ocrx_word' id='word_1_80' title='bbox 1804 1102 1938 1166; x_wconf 84' lang='grc' dir='ltr'>Θεὸς</span> 
     </span>
    </p>
   </div>
   <div class='ocr_carea' id='block_1_14' title="bbox 353 1189 1936 1263">
    <p class='ocr_par' dir='ltr' id='par_1_14' title="bbox 353 1189 1936 1263">
     <span class='ocr_line' id='line_1_14' title="bbox 353 1189 1936 1263; baseline 0.004 -22"><span class='ocrx_word' id='word_1_81' title='bbox 353 1189 506 1260; x_wconf 83' lang='grc' dir='ltr'><strong>παρά</strong></span> <span class='ocrx_word' id='word_1_82' title='bbox 531 1189 888 1258; x_wconf 73' lang='grc' dir='ltr'>Χριπιανοῦ,</span> <span class='ocrx_word' id='word_1_83' title='bbox 920 1191 969 1243; x_wconf 84' lang='grc' dir='ltr'><strong>εί</strong></span> <span class='ocrx_word' id='word_1_84' title='bbox 994 1189 1069 1260; x_wconf 80' lang='grc' dir='ltr'>μὴ</span> <span class='ocrx_word' id='word_1_85' title='bbox 1099 1190 1332 1260; x_wconf 81' lang='grc' dir='ltr'>πράξεις</span> <span class='ocrx_word' id='word_1_86' title='bbox 1363 1193 1536 1258; x_wconf 87' lang='grc' dir='ltr'>καλάς</span> <span class='ocrx_word' id='word_1_87' title='bbox 1558 1211 1570 1224; x_wconf 92' lang='grc'><strong>·</strong></span> <span class='ocrx_word' id='word_1_88' title='bbox 1604 1195 1812 1263; x_wconf 72' lang='grc' dir='ltr'>ἀγαθὸν</span> <span class='ocrx_word' id='word_1_89' title='bbox 1842 1191 1936 1250; x_wconf 78' lang='grc' dir='ltr'><strong>οὖν</strong></span> 
     </span>
    </p>
   </div>
   <div class='ocr_carea' id='block_1_15' title="bbox 350 1275 1935 1356">
    <p class='ocr_par' dir='ltr' id='par_1_15' title="bbox 350 1275 1935 1356">
     <span class='ocr_line' id='line_1_15' title="bbox 350 1275 1935 1356; baseline 0.004 -23"><span class='ocrx_word' id='word_1_90' title='bbox 350 1282 466 1334; x_wconf 77' lang='grc' dir='ltr'>ἐστι</span> <span class='ocrx_word' id='word_1_91' title='bbox 525 1281 728 1352; x_wconf 76' lang='grc' dir='ltr'>μᾶλλον</span> <span class='ocrx_word' id='word_1_92' title='bbox 777 1275 1165 1353; x_wconf 70' lang='grc' dir='ltr'>ἁπλουστέρως</span> <span class='ocrx_word' id='word_1_93' title='bbox 1214 1283 1337 1337; x_wconf 78' lang='grc' dir='ltr'>τινὰ</span> <span class='ocrx_word' id='word_1_94' title='bbox 1408 1286 1772 1356; x_wconf 82' lang='grc' dir='ltr'>πορεύεσθαι,</span> <span class='ocrx_word' id='word_1_95' title='bbox 1843 1288 1935 1342; x_wconf 76' lang='grc' dir='ltr'><strong>καὶ</strong></span> 
     </span>
    </p>
   </div>
   <div class='ocr_carea' id='block_1_16' title="bbox 351 1373 1934 1451">
    <p class='ocr_par' dir='ltr' id='par_1_16' title="bbox 351 1373 1934 1451">
     <span class='ocr_line' id='line_1_16' title="bbox 351 1373 1934 1451; baseline 0.005 -25"><span class='ocrx_word' id='word_1_96' title='bbox 351 1375 521 1444; x_wconf 84' lang='grc' dir='ltr'>μηδὲν</span> <span class='ocrx_word' id='word_1_97' title='bbox 553 1373 731 1444; x_wconf 84' lang='grc' dir='ltr'>δόγμα</span> <span class='ocrx_word' id='word_1_98' title='bbox 757 1376 1067 1448; x_wconf 85' lang='grc' dir='ltr'>γνωστικῆς</span> <span class='ocrx_word' id='word_1_99' title='bbox 1107 1377 1494 1450; x_wconf 76' lang='grc' dir='ltr'>πραγματείας</span> <span class='ocrx_word' id='word_1_100' title='bbox 1535 1379 1934 1451; x_wconf 88' lang='grc' dir='ltr'>πολυπραγμο-</span> 
     </span>
    </p>
   </div>
   <div class='ocr_carea' id='block_1_17' title="bbox 347 1483 476 1520">
    <p class='ocr_par' dir='ltr' id='par_1_17' title="bbox 347 1483 476 1520">
     <span class='ocr_line' id='line_1_17' title="bbox 347 1483 476 1520; baseline 0.016 -2"><span class='ocrx_word' id='word_1_101' title='bbox 347 1483 476 1520; x_wconf 90' lang='grc' dir='ltr'>νειν.</span> 
     </span>
    </p>
   </div>
   <div class='ocr_carea' id='block_1_18' title="bbox 411 1559 1935 1636">
    <p class='ocr_par' dir='ltr' id='par_1_18' title="bbox 411 1559 1935 1636">
     <span class='ocr_line' id='line_1_18' title="bbox 411 1559 1935 1636; baseline 0.005 -24"><span class='ocrx_word' id='word_1_102' title='bbox 411 1560 527 1614; x_wconf 87' lang='grc' dir='ltr'>πθ’.</span> <span class='ocrx_word' id='word_1_103' title='bbox 566 1559 976 1630; x_wconf 80' lang='grc' dir='ltr'>Ἥλιοτροπῖται</span> <span class='ocrx_word' id='word_1_104' title='bbox 1004 1576 1016 1589; x_wconf 81' lang='lat'><strong><em>°</em></strong></span> <span class='ocrx_word' id='word_1_105' title='bbox 1076 1561 1126 1614; x_wconf 88' lang='grc' dir='ltr'><strong>οί</strong></span> <span class='ocrx_word' id='word_1_106' title='bbox 1170 1561 1269 1626; x_wconf 87' lang='grc' dir='ltr'><strong>τάς</strong></span> <span class='ocrx_word' id='word_1_107' title='bbox 1325 1563 1631 1636; x_wconf 55' lang='grc' dir='ltr'>λεγομένας</span> <span class='ocrx_word' id='word_1_108' title='bbox 1686 1566 1935 1636; x_wconf 74' lang='grc' dir='ltr'>ἡλιοτρό-</span> 
     </span>
    </p>
   </div>
   <div class='ocr_carea' id='block_1_19' title="bbox 343 1651 1930 1728">
    <p class='ocr_par' dir='ltr' id='par_1_19' title="bbox 343 1651 1930 1728">
     <span class='ocr_line' id='line_1_19' title="bbox 343 1651 1930 1728; baseline 0.003 -24"><span class='ocrx_word' id='word_1_109' title='bbox 343 1668 479 1715; x_wconf 88' lang='grc' dir='ltr'>πους</span> <span class='ocrx_word' id='word_1_110' title='bbox 517 1651 746 1722; x_wconf 83' lang='grc' dir='ltr'>βοτάνας</span> <span class='ocrx_word' id='word_1_111' title='bbox 767 1653 886 1715; x_wconf 84' lang='grc' dir='ltr'>ταῖς</span> <span class='ocrx_word' id='word_1_112' title='bbox 915 1652 1100 1706; x_wconf 84' lang='grc' dir='ltr'>ἀκτῖσι</span> <span class='ocrx_word' id='word_1_113' title='bbox 1132 1653 1228 1707; x_wconf 85' lang='grc' dir='ltr'>τοῦ</span> <span class='ocrx_word' id='word_1_114' title='bbox 1253 1654 1406 1725; x_wconf 80' lang='grc' dir='ltr'>ἡλίου</span> <span class='ocrx_word' id='word_1_115' title='bbox 1443 1657 1930 1728; x_wconf 81' lang='grc' dir='ltr'>συμπεριφερομέ-</span> 
     </span>
    </p>
   </div>
   <div class='ocr_carea' id='block_1_20' title="bbox 341 1742 1929 1818">
    <p class='ocr_par' dir='ltr' id='par_1_20' title="bbox 341 1742 1929 1818">
     <span class='ocr_line' id='line_1_20' title="bbox 341 1742 1929 1818; baseline 0.002 -20"><span class='ocrx_word' id='word_1_116' title='bbox 341 1760 458 1807; x_wconf 82' lang='grc' dir='ltr'>νας,</span> <span class='ocrx_word' id='word_1_117' title='bbox 525 1743 779 1811; x_wconf 83' lang='grc' dir='ltr'>λέγοντες</span> <span class='ocrx_word' id='word_1_118' title='bbox 821 1742 1052 1815; x_wconf 83' lang='grc' dir='ltr'>δύναμίν</span> <span class='ocrx_word' id='word_1_119' title='bbox 1085 1763 1209 1800; x_wconf 90' lang='grc' dir='ltr'>τινα</span> <span class='ocrx_word' id='word_1_120' title='bbox 1257 1746 1410 1801; x_wconf 80' lang='grc' dir='ltr'>θείαν</span> <span class='ocrx_word' id='word_1_121' title='bbox 1461 1747 1627 1817; x_wconf 84' lang='grc' dir='ltr'>ἔχειν,</span> <span class='ocrx_word' id='word_1_122' title='bbox 1683 1748 1780 1818; x_wconf 79' lang='grc' dir='ltr'>τὴν</span> <span class='ocrx_word' id='word_1_123' title='bbox 1830 1749 1929 1812; x_wconf 89' lang='grc' dir='ltr'><strong>τάς</strong></span> 
     </span>
    </p>
   </div>
   <div class='ocr_carea' id='block_1_21' title="bbox 340 1835 1931 1911">
    <p class='ocr_par' dir='ltr' id='par_1_21' title="bbox 340 1835 1931 1911">
     <span class='ocr_line' id='line_1_21' title="bbox 340 1835 1931 1911; baseline 0.003 -21"><span class='ocrx_word' id='word_1_124' title='bbox 340 1835 602 1900; x_wconf 82' lang='grc' dir='ltr'>τοιαύτας</span> <span class='ocrx_word' id='word_1_125' title='bbox 631 1839 939 1910; x_wconf 77' lang='grc' dir='ltr'>περιφορὰς</span> <span class='ocrx_word' id='word_1_126' title='bbox 962 1837 1342 1911; x_wconf 74' lang='grc' dir='ltr'>ἐργαζομένην</span> <span class='ocrx_word' id='word_1_127' title='bbox 1369 1841 1427 1894; x_wconf 79' lang='grc' dir='ltr'>ὲν</span> <span class='ocrx_word' id='word_1_128' title='bbox 1473 1841 1667 1904; x_wconf 76' lang='grc' dir='ltr'>αὑταῖς</span> <span class='ocrx_word' id='word_1_129' title='bbox 1690 1857 1704 1872; x_wconf 74' lang='grc'><strong><em>⁸</em></strong></span> <span class='ocrx_word' id='word_1_130' title='bbox 1741 1842 1835 1895; x_wconf 77' lang='grc' dir='ltr'><strong>καὶ</strong></span> <span class='ocrx_word' id='word_1_131' title='bbox 1855 1840 1931 1906; x_wconf 86' lang='grc' dir='ltr'>ὡς</span> 
     </span>
    </p>
   </div>
   <div class='ocr_carea' id='block_1_22' title="bbox 337 1929 1931 2005">
    <p class='ocr_par' dir='ltr' id='par_1_22' title="bbox 337 1929 1931 2005">
     <span class='ocr_line' id='line_1_22' title="bbox 337 1929 1931 2005; baseline 0.004 -23"><span class='ocrx_word' id='word_1_132' title='bbox 337 1929 425 1982; x_wconf 81' lang='grc' dir='ltr'><strong>διὰ</strong></span> <span class='ocrx_word' id='word_1_133' title='bbox 449 1929 620 1984; x_wconf 77' lang='grc' dir='ltr'>τοῦτο</span> <span class='ocrx_word' id='word_1_134' title='bbox 648 1930 818 2000; x_wconf 79' lang='grc' dir='ltr'>τιμᾷν</span> <span class='ocrx_word' id='word_1_135' title='bbox 839 1929 1037 1994; x_wconf 77' lang='grc' dir='ltr'>αὐτοὺς</span> <span class='ocrx_word' id='word_1_136' title='bbox 1085 1930 1387 1997; x_wconf 75' lang='grc' dir='ltr'>ἐθέλοντες,</span> <span class='ocrx_word' id='word_1_137' title='bbox 1422 1933 1498 2004; x_wconf 83' lang='grc' dir='ltr'>μὴ</span> <span class='ocrx_word' id='word_1_138' title='bbox 1534 1932 1806 1997; x_wconf 83' lang='grc' dir='ltr'>συνιέντες</span> <span class='ocrx_word' id='word_1_139' title='bbox 1832 1933 1931 2005; x_wconf 84' lang='grc' dir='ltr'>τὴν</span> 
     </span>
    </p>
   </div>
   <div class='ocr_carea' id='block_1_23' title="bbox 343 2020 1927 2098">
    <p class='ocr_par' dir='ltr' id='par_1_23' title="bbox 343 2020 1927 2098">
     <span class='ocr_line' id='line_1_23' title="bbox 343 2020 1927 2098; baseline 0.005 -26"><span class='ocrx_word' id='word_1_140' title='bbox 343 2020 686 2091; x_wconf 84' lang='grc' dir='ltr'>μηνυθεῖσαν</span> <span class='ocrx_word' id='word_1_141' title='bbox 717 2021 936 2091; x_wconf 85' lang='grc' dir='ltr'>κίνησιν</span> <span class='ocrx_word' id='word_1_142' title='bbox 966 2023 1149 2076; x_wconf 82' lang='grc' dir='ltr'>αὐτῶν</span> <span class='ocrx_word' id='word_1_143' title='bbox 1190 2025 1426 2093; x_wconf 82' lang='grc' dir='ltr'>φυσικήν</span> <span class='ocrx_word' id='word_1_144' title='bbox 1475 2041 1597 2078; x_wconf 87' lang='grc' dir='ltr'>τινα</span> <span class='ocrx_word' id='word_1_145' title='bbox 1640 2025 1927 2098; x_wconf 82' lang='grc' dir='ltr'>ὑπάρχειν.</span> 
     </span>
    </p>
   </div>
   <div class='ocr_carea' id='block_1_24' title="bbox 411 2111 1930 2188">
    <p class='ocr_par' dir='ltr' id='par_1_24' title="bbox 411 2111 1930 2188">
     <span class='ocr_line' id='line_1_24' title="bbox 411 2111 1930 2188; baseline 0.003 -20"><span class='ocrx_word' id='word_1_146' title='bbox 411 2113 488 2180; x_wconf 61' lang='grc' dir='ltr'><strong>ι-ί.</strong></span> <span class='ocrx_word' id='word_1_147' title='bbox 522 2111 924 2183; x_wconf 80' lang='grc' dir='ltr'>Θνητοψυχῖται</span> <span class='ocrx_word' id='word_1_148' title='bbox 960 2113 1108 2186; x_wconf 85' lang='grc'><strong>(65)·</strong></span> <span class='ocrx_word' id='word_1_149' title='bbox 1143 2115 1193 2167; x_wconf 89' lang='grc' dir='ltr'>οἱ</span> <span class='ocrx_word' id='word_1_150' title='bbox 1221 2117 1321 2186; x_wconf 81' lang='grc' dir='ltr'>τὴν</span> <span class='ocrx_word' id='word_1_151' title='bbox 1369 2115 1720 2187; x_wconf 77' lang='grc' dir='ltr'>ἀνθρωπείαν</span> <span class='ocrx_word' id='word_1_152' title='bbox 1753 2117 1930 2188; x_wconf 83' lang='grc' dir='ltr'>ψυχὴν</span> 
     </span>
    </p>
   </div>
   <div class='ocr_carea' id='block_1_25' title="bbox 342 2203 1929 2280">
    <p class='ocr_par' dir='ltr' id='par_1_25' title="bbox 342 2203 1929 2280">
     <span class='ocr_line' id='line_1_25' title="bbox 342 2203 1929 2280; baseline 0.003 -22"><span class='ocrx_word' id='word_1_153' title='bbox 342 2204 662 2273; x_wconf 81' lang='grc' dir='ltr'>εἰσάγοντες</span> <span class='ocrx_word' id='word_1_154' title='bbox 693 2203 890 2274; x_wconf 84' lang='grc' dir='ltr'>ὁμοίαν</span> <span class='ocrx_word' id='word_1_155' title='bbox 911 2204 1012 2274; x_wconf 77' lang='grc' dir='ltr'>τῆς</span> <span class='ocrx_word' id='word_1_156' title='bbox 1060 2205 1171 2259; x_wconf 84' lang='grc' dir='ltr'><strong>τῶν</strong></span> <span class='ocrx_word' id='word_1_157' title='bbox 1206 2206 1441 2278; x_wconf 85' lang='grc' dir='ltr'>κτηνῶν,</span> <span class='ocrx_word' id='word_1_158' title='bbox 1477 2208 1571 2261; x_wconf 75' lang='grc' dir='ltr'>καὶ</span> <span class='ocrx_word' id='word_1_159' title='bbox 1600 2208 1679 2278; x_wconf 85' lang='grc' dir='ltr'>τῷ</span> <span class='ocrx_word' id='word_1_160' title='bbox 1713 2208 1929 2280; x_wconf 88' lang='grc' dir='ltr'>σώματι</span> 
     </span>
    </p>
   </div>
   <div class='ocr_carea' id='block_1_26' title="bbox 339 2293 1302 2366">
    <p class='ocr_par' dir='ltr' id='par_1_26' title="bbox 339 2293 1302 2366">
     <span class='ocr_line' id='line_1_26' title="bbox 339 2293 1302 2366; baseline 0.001 -18"><span class='ocrx_word' id='word_1_161' title='bbox 339 2295 600 2364; x_wconf 83' lang='grc' dir='ltr'>λέγοντες</span> <span class='ocrx_word' id='word_1_162' title='bbox 629 2293 1068 2348; x_wconf 81' lang='grc' dir='ltr'>συναπόλλυσθαι</span> <span class='ocrx_word' id='word_1_163' title='bbox 1105 2295 1302 2366; x_wconf 75' lang='grc' dir='ltr'>αὐτὴν.</span> 
     </span>
    </p>
   </div>
   <div class='ocr_carea' id='block_1_27' title="bbox 411 2384 1918 2460">
    <p class='ocr_par' dir='ltr' id='par_1_27' title="bbox 411 2384 1918 2460">
     <span class='ocr_line' id='line_1_27' title="bbox 411 2384 1918 2460; baseline 0 -19"><span class='ocrx_word' id='word_1_164' title='bbox 411 2390 529 2455; x_wconf 59' lang='grc' dir='ltr'>ιμ’.</span> <span class='ocrx_word' id='word_1_165' title='bbox 580 2384 995 2455; x_wconf 82' lang='grc' dir='ltr'>Ἀγονυκλῖται·</span> <span class='ocrx_word' id='word_1_166' title='bbox 1028 2386 1078 2439; x_wconf 81' lang='grc' dir='ltr'><strong>οἱ</strong></span> <span class='ocrx_word' id='word_1_167' title='bbox 1111 2388 1168 2440; x_wconf 80' lang='grc' dir='ltr'>ὲν</span> <span class='ocrx_word' id='word_1_168' title='bbox 1207 2387 1575 2460; x_wconf 74' lang='grc' dir='ltr'>παντὶκαιρῷ</span> <span class='ocrx_word' id='word_1_169' title='bbox 1605 2387 1717 2442; x_wconf 92' lang='grc' dir='ltr'><strong>τῶν</strong></span> <span class='ocrx_word' id='word_1_170' title='bbox 1748 2406 1918 2458; x_wconf 87' lang='grc' dir='ltr'>προσ-</span> 
     </span>
    </p>
   </div>
   <div class='ocr_carea' id='block_1_28' title="bbox 339 2476 1927 2549">
    <p class='ocr_par' dir='ltr' id='par_1_28' title="bbox 339 2476 1927 2549">
     <span class='ocr_line' id='line_1_28' title="bbox 339 2476 1927 2549; baseline 0 -17"><span class='ocrx_word' id='word_1_171' title='bbox 339 2476 524 2549; x_wconf 86' lang='grc' dir='ltr'>ευχῶν</span> <span class='ocrx_word' id='word_1_172' title='bbox 553 2476 684 2545; x_wconf 88' lang='grc' dir='ltr'>γόνυ</span> <span class='ocrx_word' id='word_1_173' title='bbox 743 2477 817 2548; x_wconf 81' lang='grc' dir='ltr'>μὴ</span> <span class='ocrx_word' id='word_1_174' title='bbox 878 2476 1124 2541; x_wconf 87' lang='grc' dir='ltr'>θέλοντες</span> <span class='ocrx_word' id='word_1_175' title='bbox 1156 2477 1362 2532; x_wconf 82' lang='grc' dir='ltr'>κλίνειν</span> <span class='ocrx_word' id='word_1_176' title='bbox 1409 2479 1524 2532; x_wconf 90' lang='grc' dir='ltr'>ἀλλ’</span> <span class='ocrx_word' id='word_1_177' title='bbox 1553 2478 1790 2544; x_wconf 77' lang='grc' dir='ltr'>ἑστῶτες</span> <span class='ocrx_word' id='word_1_178' title='bbox 1839 2479 1927 2532; x_wconf 74' lang='grc' dir='ltr'><strong>ἀεὶ</strong></span> 
     </span>
    </p>
   </div>
   <div class='ocr_carea' id='block_1_29' title="bbox 337 2569 1146 2643">
    <p class='ocr_par' dir='ltr' id='par_1_29' title="bbox 337 2569 1146 2643">
     <span class='ocr_line' id='line_1_29' title="bbox 337 2569 1146 2643; baseline 0.004 -21"><span class='ocrx_word' id='word_1_179' title='bbox 337 2570 438 2634; x_wconf 77' lang='grc' dir='ltr'>τὰς</span> <span class='ocrx_word' id='word_1_180' title='bbox 459 2570 775 2642; x_wconf 80' lang='grc' dir='ltr'>προσευχὰς</span> <span class='ocrx_word' id='word_1_181' title='bbox 807 2569 1146 2643; x_wconf 71' lang='grc' dir='ltr'>ποιούμενοι.</span> 
     </span>
    </p>
   </div>
   <div class='ocr_carea' id='block_1_30' title="bbox 412 2660 1922 2739">
    <p class='ocr_par' dir='ltr' id='par_1_30' title="bbox 412 2660 1922 2739">
     <span class='ocr_line' id='line_1_30' title="bbox 412 2660 1922 2739; baseline 0.003 -26"><span class='ocrx_word' id='word_1_182' title='bbox 412 2660 520 2731; x_wconf 58' lang='grc' dir='ltr'>ιιβν.</span> <span class='ocrx_word' id='word_1_183' title='bbox 554 2661 1068 2730; x_wconf 87' lang='grc' dir='ltr'>Θεοκαταγνῶσται,</span> <span class='ocrx_word' id='word_1_184' title='bbox 1118 2665 1168 2717; x_wconf 89' lang='grc' dir='ltr'>οἱ</span> <span class='ocrx_word' id='word_1_185' title='bbox 1214 2665 1309 2719; x_wconf 77' lang='grc' dir='ltr'>καὶ</span> <span class='ocrx_word' id='word_1_186' title='bbox 1372 2665 1682 2739; x_wconf 84' lang='grc' dir='ltr'>βλάσφημοι</span> <span class='ocrx_word' id='word_1_187' title='bbox 1709 2684 1721 2700; x_wconf 73' lang='grc' dir='ltr'><em>υ</em></span> <span class='ocrx_word' id='word_1_188' title='bbox 1766 2668 1816 2722; x_wconf 79' lang='lat' dir='ltr'><strong>oi</strong></span> <span class='ocrx_word' id='word_1_189' title='bbox 1865 2667 1922 2722; x_wconf 80' lang='grc' dir='ltr'>ἔν</span> 
     </span>
    </p>
   </div>
   <div class='ocr_carea' id='block_1_31' title="bbox 334 2752 1920 2831">
    <p class='ocr_par' dir='ltr' id='par_1_31' title="bbox 334 2752 1920 2831">
     <span class='ocr_line' id='line_1_31' title="bbox 334 2752 1920 2831; baseline 0.006 -25"><span class='ocrx_word' id='word_1_190' title='bbox 334 2770 449 2806; x_wconf 85' lang='grc' dir='ltr'>τισι</span> <span class='ocrx_word' id='word_1_191' title='bbox 489 2752 668 2818; x_wconf 85' lang='grc' dir='ltr'>λόγοις</span> <span class='ocrx_word' id='word_1_192' title='bbox 695 2753 787 2806; x_wconf 73' lang='grc' dir='ltr'><strong>καὶ</strong></span> <span class='ocrx_word' id='word_1_193' title='bbox 810 2755 1120 2824; x_wconf 80' lang='grc' dir='ltr'>πράγμασι,</span> <span class='ocrx_word' id='word_1_194' title='bbox 1141 2757 1248 2810; x_wconf 85' lang='grc' dir='ltr'><strong>τῶν</strong></span> <span class='ocrx_word' id='word_1_195' title='bbox 1271 2775 1333 2811; x_wconf 92' lang='grc' dir='ltr'><strong>τε</strong></span> <span class='ocrx_word' id='word_1_196' title='bbox 1351 2760 1730 2830; x_wconf 80' lang='grc' dir='ltr'>ἀνακειμένων</span> <span class='ocrx_word' id='word_1_197' title='bbox 1773 2759 1920 2831; x_wconf 81' lang='grc' dir='ltr'>αὐτῷ</span> 
     </span>
    </p>
   </div>
   <div class='ocr_carea' id='block_1_32' title="bbox 336 2843 1920 2922">
    <p class='ocr_par' dir='ltr' id='par_1_32' title="bbox 336 2843 1920 2922">
     <span class='ocr_line' id='line_1_32' title="bbox 336 2843 1920 2922; baseline 0.006 -25"><span class='ocrx_word' id='word_1_198' title='bbox 336 2844 518 2910; x_wconf 87' lang='grc' dir='ltr'>ἁγίων</span> <span class='ocrx_word' id='word_1_199' title='bbox 548 2843 880 2913; x_wconf 84' lang='grc' dir='ltr'>προσώπων,</span> <span class='ocrx_word' id='word_1_200' title='bbox 915 2847 1009 2899; x_wconf 71' lang='grc' dir='ltr'>καὶ</span> <span class='ocrx_word' id='word_1_201' title='bbox 1036 2846 1143 2899; x_wconf 88' lang='grc' dir='ltr'><strong>τῶν</strong></span> <span class='ocrx_word' id='word_1_202' title='bbox 1204 2848 1368 2903; x_wconf 86' lang='grc' dir='ltr'>θείων</span> <span class='ocrx_word' id='word_1_203' title='bbox 1431 2851 1662 2922; x_wconf 82' lang='grc' dir='ltr'>Γραφῶν</span> <span class='ocrx_word' id='word_1_204' title='bbox 1695 2868 1920 2920; x_wconf 83' lang='grc' dir='ltr'>καταγι-</span> 
     </span>
    </p>
   </div>
   <div class='ocr_carea' id='block_1_33' title="bbox 335 2932 1918 3030">
    <p class='ocr_par' dir='ltr' id='par_1_33' title="bbox 335 2932 1918 3030">
     <span class='ocr_line' id='line_1_33' title="bbox 335 2932 1918 3030; baseline 0.008 -46"><span class='ocrx_word' id='word_1_205' title='bbox 335 2933 580 2985; x_wconf 88' lang='grc' dir='ltr'>νώσκειν</span> <span class='ocrx_word' id='word_1_206' title='bbox 613 2932 970 3004; x_wconf 83' lang='grc' dir='ltr'>πειρώμενοι,</span> <span class='ocrx_word' id='word_1_207' title='bbox 1001 2937 1263 3030; x_wconf 63' lang='grc' dir='ltr'>τολμηρρί</span> <span class='ocrx_word' id='word_1_208' title='bbox 1308 2956 1452 3004; x_wconf 84' lang='grc' dir='ltr'>τινες</span> <span class='ocrx_word' id='word_1_209' title='bbox 1480 2942 1574 2994; x_wconf 69' lang='grc' dir='ltr'><strong>καὶ</strong></span> <span class='ocrx_word' id='word_1_210' title='bbox 1605 2941 1918 3016; x_wconf 84' lang='grc' dir='ltr'>βλάσφημοι</span> 
     </span>
    </p>
   </div>
   <div class='ocr_carea' id='block_1_34' title="bbox 338 3023 703 3095">
    <p class='ocr_par' dir='ltr' id='par_1_34' title="bbox 338 3023 703 3095">
     <span class='ocr_line' id='line_1_34' title="bbox 338 3023 703 3095; baseline 0.008 -19"><span class='ocrx_word' id='word_1_211' title='bbox 338 3023 703 3095; x_wconf 82' lang='grc' dir='ltr'>ὑπάρχοντες.</span> 
     </span>
    </p>
   </div>
   <div class='ocr_carea' id='block_1_35' title="bbox 410 3201 1924 3284">
    <p class='ocr_par' dir='ltr' id='par_1_35' title="bbox 410 3201 1924 3284">
     <span class='ocr_line' id='line_1_35' title="bbox 410 3201 1924 3284; baseline 0.009 -30"><span class='ocrx_word' id='word_1_212' title='bbox 410 3203 523 3270; x_wconf 66' lang='grc' dir='ltr'>ια’.</span> <span class='ocrx_word' id='word_1_213' title='bbox 551 3201 914 3271; x_wconf 79' lang='grc' dir='ltr'>Χριστολύται</span> <span class='ocrx_word' id='word_1_214' title='bbox 933 3203 1066 3276; x_wconf 78' lang='lat'><strong>(66)&#39;</strong></span> <span class='ocrx_word' id='word_1_215' title='bbox 1086 3207 1133 3260; x_wconf 89' lang='grc' dir='ltr'><strong>οί</strong></span> <span class='ocrx_word' id='word_1_216' title='bbox 1155 3206 1404 3276; x_wconf 84' lang='grc' dir='ltr'>λέγοντες</span> <span class='ocrx_word' id='word_1_217' title='bbox 1424 3210 1515 3265; x_wconf 82' lang='grc' dir='ltr'><strong>τὸν</strong></span> <span class='ocrx_word' id='word_1_218' title='bbox 1534 3212 1738 3283; x_wconf 81' lang='grc' dir='ltr'>Κύριον</span> <span class='ocrx_word' id='word_1_219' title='bbox 1769 3215 1799 3284; x_wconf 78' lang='grc' dir='ltr'>ἡ</span> <span class='ocrx_word' id='word_1_220' title='bbox 1808 3215 1924 3283; x_wconf 90' lang='grc' dir='ltr'><strong>μῶν</strong></span> 
     </span>
    </p>
   </div>
   <div class='ocr_carea' id='block_1_36' title="bbox 350 3291 1924 3370">
    <p class='ocr_par' dir='ltr' id='par_1_36' title="bbox 350 3291 1924 3370">
     <span class='ocr_line' id='line_1_36' title="bbox 350 3291 1924 3370; baseline 0.009 -26"><span class='ocrx_word' id='word_1_221' title='bbox 350 3291 565 3362; x_wconf 79' lang='grc' dir='ltr'>Ἰησοῦν</span> <span class='ocrx_word' id='word_1_222' title='bbox 593 3293 832 3364; x_wconf 82' lang='grc' dir='ltr'>Χριστὸν</span> <span class='ocrx_word' id='word_1_223' title='bbox 864 3293 1003 3364; x_wconf 83' lang='grc' dir='ltr'>μετὰ</span> <span class='ocrx_word' id='word_1_224' title='bbox 1033 3296 1130 3368; x_wconf 84' lang='grc' dir='ltr'><strong>τὴν</strong></span> <span class='ocrx_word' id='word_1_225' title='bbox 1154 3298 1218 3350; x_wconf 81' lang='grc' dir='ltr'>ὲκ</span> <span class='ocrx_word' id='word_1_226' title='bbox 1266 3299 1478 3370; x_wconf 82' lang='grc' dir='ltr'>νεκρῶν</span> <span class='ocrx_word' id='word_1_227' title='bbox 1529 3301 1826 3356; x_wconf 83' lang='grc' dir='ltr'>ἀνάστασιν</span> <span class='ocrx_word' id='word_1_228' title='bbox 1864 3305 1924 3358; x_wconf 82' lang='grc' dir='ltr'>τὸ</span> 
     </span>
    </p>
   </div>
   <div class='ocr_carea' id='block_1_37' title="bbox 338 3383 1921 3467">
    <p class='ocr_par' dir='ltr' id='par_1_37' title="bbox 338 3383 1921 3467">
     <span class='ocr_line' id='line_1_37' title="bbox 338 3383 1921 3467; baseline 0.009 -33"><span class='ocrx_word' id='word_1_229' title='bbox 338 3383 585 3454; x_wconf 75' lang='grc' dir='ltr'>ἔμψυχον</span> <span class='ocrx_word' id='word_1_230' title='bbox 620 3384 782 3454; x_wconf 90' lang='grc' dir='ltr'>σῶμα</span> <span class='ocrx_word' id='word_1_231' title='bbox 809 3386 977 3439; x_wconf 81' lang='grc' dir='ltr'>αὑτοῦ</span> <span class='ocrx_word' id='word_1_232' title='bbox 1024 3389 1176 3442; x_wconf 83' lang='grc' dir='ltr'>κάτω</span> <span class='ocrx_word' id='word_1_233' title='bbox 1226 3389 1555 3458; x_wconf 84' lang='grc' dir='ltr'>λελοιπέναι,</span> <span class='ocrx_word' id='word_1_234' title='bbox 1598 3393 1694 3446; x_wconf 76' lang='grc' dir='ltr'>καὶ</span> <span class='ocrx_word' id='word_1_235' title='bbox 1739 3398 1921 3467; x_wconf 83' lang='grc' dir='ltr'>γυμνῇ</span> 
     </span>
    </p>
   </div>
   <div class='ocr_carea' id='block_1_38' title="bbox 338 3475 1660 3554">
    <p class='ocr_par' dir='ltr' id='par_1_38' title="bbox 338 3475 1660 3554">
     <span class='ocr_line' id='line_1_38' title="bbox 338 3475 1660 3554; baseline 0.009 -28"><span class='ocrx_word' id='word_1_236' title='bbox 338 3478 405 3546; x_wconf 77' lang='grc' dir='ltr'>τῇ</span> <span class='ocrx_word' id='word_1_237' title='bbox 435 3475 652 3548; x_wconf 77' lang='grc' dir='ltr'>θεότητι</span> <span class='ocrx_word' id='word_1_238' title='bbox 683 3477 1068 3548; x_wconf 83' lang='grc' dir='ltr'>ἀνεληλυθέναι</span> <span class='ocrx_word' id='word_1_239' title='bbox 1100 3482 1180 3546; x_wconf 86' lang='grc' dir='ltr'><strong>είς</strong></span> <span class='ocrx_word' id='word_1_240' title='bbox 1214 3483 1340 3547; x_wconf 85' lang='grc' dir='ltr'>τοὺς</span> <span class='ocrx_word' id='word_1_241' title='bbox 1373 3483 1660 3554; x_wconf 77' lang='grc' dir='ltr'>οὐρανούς.</span> 
     </span>
    </p>
   </div>
   <div class='ocr_carea' id='block_1_39' title="bbox 407 3653 1920 3732">
    <p class='ocr_par' dir='ltr' id='par_1_39' title="bbox 407 3653 1920 3732">
     <span class='ocr_line' id='line_1_39' title="bbox 407 3653 1920 3732; baseline 0.008 -26"><span class='ocrx_word' id='word_1_242' title='bbox 407 3653 512 3722; x_wconf 69' lang='grc' dir='ltr'>ιιδν.</span> <span class='ocrx_word' id='word_1_243' title='bbox 555 3654 906 3728; x_wconf 83' lang='grc' dir='ltr'>Ἐθνόφρονες</span> <span class='ocrx_word' id='word_1_244' title='bbox 929 3673 943 3689; x_wconf 88' lang='grc'><strong>·</strong></span> <span class='ocrx_word' id='word_1_245' title='bbox 999 3661 1048 3711; x_wconf 85' lang='grc' dir='ltr'>οἱ</span> <span class='ocrx_word' id='word_1_246' title='bbox 1083 3656 1206 3723; x_wconf 79' lang='grc' dir='ltr'>ταῖς</span> <span class='ocrx_word' id='word_1_247' title='bbox 1254 3660 1569 3732; x_wconf 84' lang='grc' dir='ltr'>συνηθείαις</span> <span class='ocrx_word' id='word_1_248' title='bbox 1604 3662 1714 3717; x_wconf 86' lang='grc' dir='ltr'><strong>τῶν</strong></span> <span class='ocrx_word' id='word_1_249' title='bbox 1751 3665 1920 3718; x_wconf 76' lang='grc' dir='ltr'>ἐθνῶν</span> 
     </span>
    </p>
   </div>
   <div class='ocr_carea' id='block_1_40' title="bbox 332 3742 1917 3827">
    <p class='ocr_par' dir='ltr' id='par_1_40' title="bbox 332 3742 1917 3827">
     <span class='ocr_line' id='line_1_40' title="bbox 332 3742 1917 3827; baseline 0.009 -31"><span class='ocrx_word' id='word_1_250' title='bbox 332 3742 856 3812; x_wconf 66' lang='grc' dir='ltr'>ἐπακολουθοῦντες,</span> <span class='ocrx_word' id='word_1_251' title='bbox 929 3749 1254 3820; x_wconf 75' lang='grc' dir='ltr'>Χριστιανοὶ</span> <span class='ocrx_word' id='word_1_252' title='bbox 1307 3753 1477 3807; x_wconf 79' lang='grc' dir='ltr'>τᾶλλα</span> <span class='ocrx_word' id='word_1_253' title='bbox 1544 3755 1917 3827; x_wconf 84' lang='grc' dir='ltr'>ὑπάρχοντες·</span> 
     </span>
    </p>
   </div>
   <div class='ocr_carea' id='block_1_41' title="bbox 332 3836 1920 3919">
    <p class='ocr_par' dir='ltr' id='par_1_41' title="bbox 332 3836 1920 3919">
     <span class='ocr_line' id='line_1_41' title="bbox 332 3836 1920 3919; baseline 0.008 -30"><span class='ocrx_word' id='word_1_254' title='bbox 332 3836 539 3900; x_wconf 80' lang='grc' dir='ltr'>οἵτινες</span> <span class='ocrx_word' id='word_1_255' title='bbox 566 3841 962 3908; x_wconf 85' lang='grc' dir='ltr'>παρεισάγουσι</span> <span class='ocrx_word' id='word_1_256' title='bbox 993 3841 1230 3910; x_wconf 88' lang='grc' dir='ltr'>γένεσιν,</span> <span class='ocrx_word' id='word_1_257' title='bbox 1264 3843 1356 3898; x_wconf 79' lang='grc' dir='ltr'>καὶ</span> <span class='ocrx_word' id='word_1_258' title='bbox 1377 3843 1569 3917; x_wconf 84' lang='grc' dir='ltr'>τύχην,</span> <span class='ocrx_word' id='word_1_259' title='bbox 1602 3847 1697 3900; x_wconf 76' lang='grc' dir='ltr'><strong>καὶ</strong></span> <span class='ocrx_word' id='word_1_260' title='bbox 1723 3848 1920 3919; x_wconf 81' lang='grc' dir='ltr'>εἱμαρ-</span> 
     </span>
    </p>
   </div>
   <div class='ocr_carea' id='block_1_42' title="bbox 336 3927 1919 4008">
    <p class='ocr_par' dir='ltr' id='par_1_42' title="bbox 336 3927 1919 4008">
     <span class='ocr_line' id='line_1_42' title="bbox 336 3927 1919 4008; baseline 0.009 -31"><span class='ocrx_word' id='word_1_261' title='bbox 336 3927 535 3997; x_wconf 81' lang='grc' dir='ltr'>μένην,</span> <span class='ocrx_word' id='word_1_262' title='bbox 573 3929 758 3982; x_wconf 82' lang='grc' dir='ltr'>πᾶσάν</span> <span class='ocrx_word' id='word_1_263' title='bbox 777 3947 835 3982; x_wconf 89' lang='grc' dir='ltr'><strong>τε</strong></span> <span class='ocrx_word' id='word_1_264' title='bbox 890 3930 989 4001; x_wconf 80' lang='grc' dir='ltr'>τὴν</span> <span class='ocrx_word' id='word_1_265' title='bbox 1023 3933 1390 4004; x_wconf 88' lang='grc' dir='ltr'>ἀστρονομίαν</span> <span class='ocrx_word' id='word_1_266' title='bbox 1422 3937 1517 3989; x_wconf 75' lang='grc' dir='ltr'><strong>καὶ</strong></span> <span class='ocrx_word' id='word_1_267' title='bbox 1559 3937 1919 4008; x_wconf 90' lang='grc' dir='ltr'>ἀστρολογίαν</span> 
     </span>
    </p>
   </div>
   <div class='ocr_carea' id='block_1_43' title="bbox 336 4019 1917 4100">
    <p class='ocr_par' dir='ltr' id='par_1_43' title="bbox 336 4019 1917 4100">
     <span class='ocr_line' id='line_1_43' title="bbox 336 4019 1917 4100; baseline 0.009 -30"><span class='ocrx_word' id='word_1_268' title='bbox 336 4019 796 4090; x_wconf 82' lang='grc' dir='ltr'>παραδεχόμενοι,</span> <span class='ocrx_word' id='word_1_269' title='bbox 827 4025 921 4076; x_wconf 72' lang='grc' dir='ltr'>καὶ</span> <span class='ocrx_word' id='word_1_270' title='bbox 947 4024 1129 4076; x_wconf 83' lang='grc' dir='ltr'>πᾶσαν</span> <span class='ocrx_word' id='word_1_271' title='bbox 1161 4026 1442 4094; x_wconf 88' lang='grc' dir='ltr'>μαντείαν,</span> <span class='ocrx_word' id='word_1_272' title='bbox 1481 4027 1574 4081; x_wconf 71' lang='grc' dir='ltr'><strong>καὶ</strong></span> <span class='ocrx_word' id='word_1_273' title='bbox 1605 4028 1917 4100; x_wconf 85' lang='grc' dir='ltr'>ὀρνιθοσκο-</span> 
     </span>
    </p>
   </div>
   <div class='ocr_carea' id='block_1_44' title="bbox 336 4111 1919 4194">
    <p class='ocr_par' dir='ltr' id='par_1_44' title="bbox 336 4111 1919 4194">
     <span class='ocr_line' id='line_1_44' title="bbox 336 4111 1919 4194; baseline 0.008 -31"><span class='ocrx_word' id='word_1_274' title='bbox 336 4111 469 4164; x_wconf 84' lang='grc' dir='ltr'>πίαν</span> <span class='ocrx_word' id='word_1_275' title='bbox 490 4128 504 4141; x_wconf 79' lang='grc'><em>’</em></span> <span class='ocrx_word' id='word_1_276' title='bbox 537 4113 632 4165; x_wconf 76' lang='grc' dir='ltr'><strong>καὶ</strong></span> <span class='ocrx_word' id='word_1_277' title='bbox 660 4114 997 4184; x_wconf 85' lang='grc' dir='ltr'>οίωνισμοῖς,</span> <span class='ocrx_word' id='word_1_278' title='bbox 1028 4115 1123 4168; x_wconf 80' lang='grc' dir='ltr'><strong>καὶ</strong></span> <span class='ocrx_word' id='word_1_279' title='bbox 1140 4115 1632 4188; x_wconf 81' lang='grc' dir='ltr'>ἀποτροπιασμοῖς,</span> <span class='ocrx_word' id='word_1_280' title='bbox 1666 4119 1762 4174; x_wconf 73' lang='grc' dir='ltr'>καὶ</span> <span class='ocrx_word' id='word_1_281' title='bbox 1787 4122 1919 4194; x_wconf 83' lang='grc' dir='ltr'>κλῃ-</span> 
     </span>
    </p>
   </div>
   <div class='ocr_carea' id='block_1_45' title="bbox 333 4201 1916 4278">
    <p class='ocr_par' dir='ltr' id='par_1_45' title="bbox 333 4201 1916 4278">
     <span class='ocr_line' id='line_1_45' title="bbox 333 4201 1916 4278; baseline 0.008 -22"><span class='ocrx_word' id='word_1_282' title='bbox 333 4201 636 4274; x_wconf 85' lang='grc' dir='ltr'>δονισμοῖς,</span> <span class='ocrx_word' id='word_1_283' title='bbox 665 4205 759 4259; x_wconf 78' lang='grc' dir='ltr'><strong>καὶ</strong></span> <span class='ocrx_word' id='word_1_284' title='bbox 819 4208 1299 4276; x_wconf 75' lang='grc' dir='ltr'>τερατοσκοπίαις,</span> <span class='ocrx_word' id='word_1_285' title='bbox 1346 4209 1442 4263; x_wconf 75' lang='grc' dir='ltr'>καὶ</span> <span class='ocrx_word' id='word_1_286' title='bbox 1491 4212 1794 4278; x_wconf 78' lang='grc' dir='ltr'>ἐπαοιδαῖς,</span> <span class='ocrx_word' id='word_1_287' title='bbox 1821 4216 1916 4270; x_wconf 77' lang='grc' dir='ltr'>καὶ</span> 
     </span>
    </p>
   </div>
   <div class='ocr_carea' id='block_1_46' title="bbox 333 4294 1917 4378">
    <p class='ocr_par' dir='ltr' id='par_1_46' title="bbox 333 4294 1917 4378">
     <span class='ocr_line' id='line_1_46' title="bbox 333 4294 1917 4378; baseline 0.008 -31"><span class='ocrx_word' id='word_1_288' title='bbox 333 4297 450 4359; x_wconf 84' lang='grc' dir='ltr'>τοῖς</span> <span class='ocrx_word' id='word_1_289' title='bbox 484 4294 695 4365; x_wconf 86' lang='grc' dir='ltr'>ὁμοίοις</span> <span class='ocrx_word' id='word_1_290' title='bbox 728 4295 922 4367; x_wconf 82' lang='grc' dir='ltr'>μύθοις</span> <span class='ocrx_word' id='word_1_291' title='bbox 967 4297 1202 4364; x_wconf 80' lang='grc' dir='ltr'>ἀσεϐῶν,</span> <span class='ocrx_word' id='word_1_292' title='bbox 1235 4302 1302 4371; x_wconf 81' lang='grc' dir='ltr'>τῇ</span> <span class='ocrx_word' id='word_1_293' title='bbox 1352 4316 1414 4354; x_wconf 87' lang='grc' dir='ltr'><strong>τε</strong></span> <span class='ocrx_word' id='word_1_294' title='bbox 1463 4300 1622 4374; x_wconf 80' lang='grc' dir='ltr'>λοιπῇ</span> <span class='ocrx_word' id='word_1_295' title='bbox 1658 4304 1917 4378; x_wconf 80' lang='grc' dir='ltr'>συνηθείᾳ.</span> 
     </span>
    </p>
   </div>
   <div class='ocr_carea' id='block_1_47' title="bbox 333 4385 1913 4465">
    <p class='ocr_par' dir='ltr' id='par_1_47' title="bbox 333 4385 1913 4465">
     <span class='ocr_line' id='line_1_47' title="bbox 333 4385 1913 4465; baseline 0.007 -27"><span class='ocrx_word' id='word_1_296' title='bbox 333 4386 445 4439; x_wconf 86' lang='grc' dir='ltr'><strong>τῶν</strong></span> <span class='ocrx_word' id='word_1_297' title='bbox 464 4385 635 4439; x_wconf 75' lang='grc' dir='ltr'>ἐθνῶν</span> <span class='ocrx_word' id='word_1_298' title='bbox 662 4387 1110 4460; x_wconf 81' lang='grc' dir='ltr'>προσανέχοντες,</span> <span class='ocrx_word' id='word_1_299' title='bbox 1133 4393 1226 4445; x_wconf 76' lang='grc' dir='ltr'><strong>καὶ</strong></span> <span class='ocrx_word' id='word_1_300' title='bbox 1261 4391 1457 4464; x_wconf 77' lang='grc' dir='ltr'>ἑορτάς</span> <span class='ocrx_word' id='word_1_301' title='bbox 1486 4411 1638 4457; x_wconf 91' lang='grc' dir='ltr'>τινας</span> <span class='ocrx_word' id='word_1_302' title='bbox 1670 4393 1913 4465; x_wconf 85' lang='grc' dir='ltr'>Ἑλληνι-</span> 
     </span>
    </p>
   </div>
   <div class='ocr_carea' id='block_1_48' title="bbox 2044 639 3640 714">
    <p class='ocr_par' dir='ltr' id='par_1_48' title="bbox 2044 639 3640 714">
     <span class='ocr_line' id='line_1_48' title="bbox 2044 639 3640 714; baseline 0.009 -21"><span class='ocrx_word' id='word_1_303' title='bbox 2044 639 2208 696; x_wconf 78' lang='lat' dir='ltr'><strong>flatus</strong></span> <span class='ocrx_word' id='word_1_304' title='bbox 2247 649 2350 705; x_wconf 90' lang='lat' dir='ltr'><strong>est,</strong></span> <span class='ocrx_word' id='word_1_305' title='bbox 2383 655 2509 696; x_wconf 91' lang='lat' dir='ltr'><strong>cum</strong></span> <span class='ocrx_word' id='word_1_306' title='bbox 2543 639 2787 714; x_wconf 66' lang='lat' dir='ltr'><strong>Egyptii</strong></span> <span class='ocrx_word' id='word_1_307' title='bbox 2837 644 2893 699; x_wconf 91' lang='lat' dir='ltr'><strong>in</strong></span> <span class='ocrx_word' id='word_1_308' title='bbox 2937 646 3076 700; x_wconf 90' lang='lat' dir='ltr'><strong>mari</strong></span> <span class='ocrx_word' id='word_1_309' title='bbox 3115 646 3306 704; x_wconf 73' lang='lat' dir='ltr'><strong>ltuhro</strong></span> <span class='ocrx_word' id='word_1_310' title='bbox 3351 651 3640 710; x_wconf 82' lang='lat' dir='ltr'><strong>submersi</strong></span> 
     </span>
    </p>
   </div>
   <div class='ocr_carea' id='block_1_49' title="bbox 2040 735 2286 803">
    <p class='ocr_par' dir='ltr' id='par_1_49' title="bbox 2040 735 2286 803">
     <span class='ocr_line' id='line_1_49' title="bbox 2040 735 2286 803; baseline -0.008 -15"><span class='ocrx_word' id='word_1_311' title='bbox 2040 735 2286 803; x_wconf 79' lang='lat' dir='ltr'><strong>periere.-</strong></span> 
     </span>
    </p>
   </div>
   <div class='ocr_carea' id='block_1_50' title="bbox 2113 822 3627 896">
    <p class='ocr_par' dir='ltr' id='par_1_50' title="bbox 2113 822 3627 896">
     <span class='ocr_line' id='line_1_50' title="bbox 2113 822 3627 896; baseline 0.007 -19"><span class='ocrx_word' id='word_1_312' title='bbox 2113 822 2202 878; x_wconf 90' lang='lat'><strong>88.</strong></span> <span class='ocrx_word' id='word_1_313' title='bbox 2241 823 2599 879; x_wconf 86' lang='lat' dir='ltr'><strong>Gnosimachi</strong></span> <span class='ocrx_word' id='word_1_314' title='bbox 2636 833 2788 891; x_wconf 92' lang='lat' dir='ltr'><strong>sunt,</strong></span> <span class='ocrx_word' id='word_1_315' title='bbox 2816 828 2908 896; x_wconf 90' lang='lat' dir='ltr'><strong>qui</strong></span> <span class='ocrx_word' id='word_1_316' title='bbox 2945 829 3094 883; x_wconf 87' lang='lat' dir='ltr'><strong>omni</strong></span> <span class='ocrx_word' id='word_1_317' title='bbox 3139 830 3467 889; x_wconf 67' lang='lat' dir='ltr'><strong>Christianae</strong></span> <span class='ocrx_word' id='word_1_318' title='bbox 3496 836 3627 890; x_wconf 78' lang='lat' dir='ltr'><strong>reli-</strong></span> 
     </span>
    </p>
   </div>
   <div class='ocr_carea' id='block_1_51' title="bbox 2040 915 3626 993">
    <p class='ocr_par' dir='ltr' id='par_1_51' title="bbox 2040 915 3626 993">
     <span class='ocr_line' id='line_1_51' title="bbox 2040 915 3626 993; baseline 0.008 -24"><span class='ocrx_word' id='word_1_319' title='bbox 2040 915 2220 988; x_wconf 87' lang='lat' dir='ltr'><strong>gionis</strong></span> <span class='ocrx_word' id='word_1_320' title='bbox 2270 916 2575 986; x_wconf 88' lang='lat' dir='ltr'><strong>cognitioni</strong></span> <span class='ocrx_word' id='word_1_321' title='bbox 2604 932 2669 973; x_wconf 88' lang='lat' dir='ltr'><strong>ac</strong></span> <span class='ocrx_word' id='word_1_322' title='bbox 2704 918 2949 975; x_wconf 70' lang='lat' dir='ltr'><strong>scientiae</strong></span> <span class='ocrx_word' id='word_1_323' title='bbox 2999 921 3073 976; x_wconf 86' lang='lat' dir='ltr'><strong>ita</strong></span> <span class='ocrx_word' id='word_1_324' title='bbox 3113 923 3516 993; x_wconf 80' lang='lat' dir='ltr'><strong>adversantur,</strong></span> <span class='ocrx_word' id='word_1_325' title='bbox 3565 938 3626 982; x_wconf 85' lang='lat' dir='ltr'><strong>ut</strong></span> 
     </span>
    </p>
   </div>
   <div class='ocr_carea' id='block_1_52' title="bbox 2040 1010 3630 1088">
    <p class='ocr_par' dir='ltr' id='par_1_52' title="bbox 2040 1010 3630 1088">
     <span class='ocr_line' id='line_1_52' title="bbox 2040 1010 3630 1088; baseline 0.004 -22"><span class='ocrx_word' id='word_1_326' title='bbox 2040 1023 2516 1080; x_wconf 87' lang='lat' dir='ltr'><strong>supervacaneum</strong></span> <span class='ocrx_word' id='word_1_327' title='bbox 2541 1024 2732 1064; x_wconf 90' lang='lat' dir='ltr'><strong>eorum</strong></span> <span class='ocrx_word' id='word_1_328' title='bbox 2758 1010 3003 1066; x_wconf 84' lang='lat' dir='ltr'><strong>laborem</strong></span> <span class='ocrx_word' id='word_1_329' title='bbox 3031 1029 3157 1069; x_wconf 90' lang='lat' dir='ltr'><strong>esse</strong></span> <span class='ocrx_word' id='word_1_330' title='bbox 3190 1015 3398 1082; x_wconf 79' lang='lat' dir='ltr'><strong>dicant,</strong></span> <span class='ocrx_word' id='word_1_331' title='bbox 3437 1019 3530 1088; x_wconf 90' lang='lat' dir='ltr'><strong>qui</strong></span> <span class='ocrx_word' id='word_1_332' title='bbox 3555 1033 3630 1074; x_wconf 68' lang='lat' dir='ltr'><strong>ex-</strong></span> 
     </span>
    </p>
   </div>
   <div class='ocr_carea' id='block_1_53' title="bbox 2041 1098 3618 1178">
    <p class='ocr_par' dir='ltr' id='par_1_53' title="bbox 2041 1098 3618 1178">
     <span class='ocr_line' id='line_1_53' title="bbox 2041 1098 3618 1178; baseline 0.006 -24"><span class='ocrx_word' id='word_1_333' title='bbox 2041 1098 2350 1170; x_wconf 88' lang='lat' dir='ltr'><strong>Scripturis</strong></span> <span class='ocrx_word' id='word_1_334' title='bbox 2383 1101 2588 1156; x_wconf 86' lang='lat' dir='ltr'><strong>divinis</strong></span> <span class='ocrx_word' id='word_1_335' title='bbox 2641 1101 2986 1172; x_wconf 81' lang='lat' dir='ltr'><strong>cognitiones</strong></span> <span class='ocrx_word' id='word_1_336' title='bbox 3036 1105 3252 1174; x_wconf 88' lang='lat' dir='ltr'><strong>aliquas</strong></span> <span class='ocrx_word' id='word_1_337' title='bbox 3286 1109 3618 1178; x_wconf 76' lang='lat' dir='ltr'><strong>exquirunt;</strong></span> 
     </span>
    </p>
   </div>
   <div class='ocr_carea' id='block_1_54' title="bbox 2038 1192 3620 1265">
    <p class='ocr_par' dir='ltr' id='par_1_54' title="bbox 2038 1192 3620 1265">
     <span class='ocr_line' id='line_1_54' title="bbox 2038 1192 3620 1265; baseline 0.007 -20"><span class='ocrx_word' id='word_1_338' title='bbox 2038 1207 2236 1262; x_wconf 89' lang='lat' dir='ltr'><strong>nempe</strong></span> <span class='ocrx_word' id='word_1_339' title='bbox 2287 1207 2414 1248; x_wconf 91' lang='lat' dir='ltr'><strong>cum</strong></span> <span class='ocrx_word' id='word_1_340' title='bbox 2447 1192 2594 1249; x_wconf 88' lang='lat' dir='ltr'><strong>Deus</strong></span> <span class='ocrx_word' id='word_1_341' title='bbox 2625 1200 2824 1264; x_wconf 70' lang='lat' dir='ltr'><strong>praeter</strong></span> <span class='ocrx_word' id='word_1_342' title='bbox 2856 1194 2999 1249; x_wconf 89' lang='lat' dir='ltr'><strong>bona</strong></span> <span class='ocrx_word' id='word_1_343' title='bbox 3029 1210 3196 1265; x_wconf 87' lang='lat' dir='ltr'><strong>opera</strong></span> <span class='ocrx_word' id='word_1_344' title='bbox 3231 1211 3260 1250; x_wconf 90' lang='lat' dir='ltr'><strong>a</strong></span> <span class='ocrx_word' id='word_1_345' title='bbox 3290 1199 3620 1256; x_wconf 85' lang='lat' dir='ltr'><strong>Christianis</strong></span> 
     </span>
    </p>
   </div>
   <div class='ocr_carea' id='block_1_55' title="bbox 2038 1286 3620 1364">
    <p class='ocr_par' dir='ltr' id='par_1_55' title="bbox 2038 1286 3620 1364">
     <span class='ocr_line' id='line_1_55' title="bbox 2038 1286 3620 1364; baseline 0.006 -25"><span class='ocrx_word' id='word_1_346' title='bbox 2038 1286 2177 1340; x_wconf 86' lang='lat' dir='ltr'><strong>nihil</strong></span> <span class='ocrx_word' id='word_1_347' title='bbox 2213 1286 2363 1342; x_wconf 82' lang='lat' dir='ltr'><strong>aliud</strong></span> <span class='ocrx_word' id='word_1_348' title='bbox 2396 1286 2600 1358; x_wconf 84' lang='lat' dir='ltr'><strong>exigat.</strong></span> <span class='ocrx_word' id='word_1_349' title='bbox 2640 1286 2917 1344; x_wconf 68' lang='lat' dir='ltr'><strong>Praestare</strong></span> <span class='ocrx_word' id='word_1_350' title='bbox 2947 1289 3133 1358; x_wconf 88' lang='lat' dir='ltr'><strong>itaque</strong></span> <span class='ocrx_word' id='word_1_351' title='bbox 3165 1300 3224 1344; x_wconf 94' lang='lat' dir='ltr'><strong>ut</strong></span> <span class='ocrx_word' id='word_1_352' title='bbox 3251 1293 3376 1361; x_wconf 91' lang='lat' dir='ltr'><strong>quis</strong></span> <span class='ocrx_word' id='word_1_353' title='bbox 3407 1294 3620 1364; x_wconf 85' lang='lat' dir='ltr'><strong>simpli-</strong></span> 
     </span>
    </p>
   </div>
   <div class='ocr_carea' id='block_1_56' title="bbox 2037 1376 3634 1449">
    <p class='ocr_par' dir='ltr' id='par_1_56' title="bbox 2037 1376 3634 1449">
     <span class='ocr_line' id='line_1_56' title="bbox 2037 1376 3634 1449; baseline 0.004 -17"><span class='ocrx_word' id='word_1_354' title='bbox 2037 1377 2160 1432; x_wconf 92' lang='lat' dir='ltr'><strong>cius</strong></span> <span class='ocrx_word' id='word_1_355' title='bbox 2191 1376 2430 1444; x_wconf 85' lang='lat' dir='ltr'><strong>incedat,</strong></span> <span class='ocrx_word' id='word_1_356' title='bbox 2461 1378 2786 1448; x_wconf 88' lang='lat' dir='ltr'><strong>nullumque</strong></span> <span class='ocrx_word' id='word_1_357' title='bbox 2820 1378 3017 1449; x_wconf 82' lang='lat' dir='ltr'><strong>dogma</strong></span> <span class='ocrx_word' id='word_1_358' title='bbox 3051 1380 3118 1434; x_wconf 87' lang='lat' dir='ltr'><strong>ad</strong></span> <span class='ocrx_word' id='word_1_359' title='bbox 3158 1383 3445 1438; x_wconf 79' lang='lat' dir='ltr'><strong>scientiam</strong></span> <span class='ocrx_word' id='word_1_360' title='bbox 3489 1387 3634 1440; x_wconf 82' lang='lat' dir='ltr'><strong>aui--</strong></span> 
     </span>
    </p>
   </div>
   <div class='ocr_carea' id='block_1_57' title="bbox 2037 1470 2820 1526">
    <p class='ocr_par' dir='ltr' id='par_1_57' title="bbox 2037 1470 2820 1526">
     <span class='ocr_line' id='line_1_57' title="bbox 2037 1470 2820 1526; baseline 0 -1"><span class='ocrx_word' id='word_1_361' title='bbox 2037 1486 2174 1526; x_wconf 88' lang='lat' dir='ltr'><strong>nens</strong></span> <span class='ocrx_word' id='word_1_362' title='bbox 2204 1470 2487 1526; x_wconf 90' lang='lat' dir='ltr'><strong>curiosius</strong></span> <span class='ocrx_word' id='word_1_363' title='bbox 2516 1478 2820 1525; x_wconf 81' lang='lat' dir='ltr'><strong>scrutetur.</strong></span> 
     </span>
    </p>
   </div>
   <div class='ocr_carea' id='block_1_58' title="bbox 2107 1562 3639 1639">
    <p class='ocr_par' dir='ltr' id='par_1_58' title="bbox 2107 1562 3639 1639">
     <span class='ocr_line' id='line_1_58' title="bbox 2107 1562 3639 1639; baseline 0.006 -23"><span class='ocrx_word' id='word_1_364' title='bbox 2107 1562 2195 1617; x_wconf 89' lang='lat'><strong>89.</strong></span> <span class='ocrx_word' id='word_1_365' title='bbox 2237 1562 2613 1634; x_wconf 82' lang='lat' dir='ltr'><strong>Heliotropitae</strong></span> <span class='ocrx_word' id='word_1_366' title='bbox 2660 1573 2811 1628; x_wconf 90' lang='lat' dir='ltr'><strong>sunt,</strong></span> <span class='ocrx_word' id='word_1_367' title='bbox 2865 1566 2963 1634; x_wconf 88' lang='lat' dir='ltr'><strong>qui</strong></span> <span class='ocrx_word' id='word_1_368' title='bbox 3010 1565 3078 1620; x_wconf 89' lang='lat' dir='ltr'><strong>iis</strong></span> <span class='ocrx_word' id='word_1_369' title='bbox 3123 1566 3179 1621; x_wconf 89' lang='lat' dir='ltr'><strong>in</strong></span> <span class='ocrx_word' id='word_1_370' title='bbox 3234 1567 3442 1634; x_wconf 80' lang='lat' dir='ltr'><strong>herbis,</strong></span> <span class='ocrx_word' id='word_1_371' title='bbox 3500 1585 3639 1639; x_wconf 49' lang='lat' dir='ltr'><strong>qua?</strong></span> 
     </span>
    </p>
   </div>
   <div class='ocr_carea' id='block_1_59' title="bbox 2037 1653 3620 1729">
    <p class='ocr_par' dir='ltr' id='par_1_59' title="bbox 2037 1653 3620 1729">
     <span class='ocr_line' id='line_1_59' title="bbox 2037 1653 3620 1729; baseline 0.004 -20"><span class='ocrx_word' id='word_1_372' title='bbox 2037 1654 2210 1709; x_wconf 91' lang='lat' dir='ltr'><strong>solem</strong></span> <span class='ocrx_word' id='word_1_373' title='bbox 2233 1654 2466 1724; x_wconf 88' lang='lat' dir='ltr'><strong>ejusque</strong></span> <span class='ocrx_word' id='word_1_374' title='bbox 2500 1653 2686 1713; x_wconf 85' lang='lat' dir='ltr'><strong>radios</strong></span> <span class='ocrx_word' id='word_1_375' title='bbox 2718 1659 3256 1724; x_wconf 88' lang='lat' dir='ltr'><strong>sequuntur,inesse</strong></span> <span class='ocrx_word' id='word_1_376' title='bbox 3284 1659 3391 1713; x_wconf 89' lang='lat' dir='ltr'><strong>vim</strong></span> <span class='ocrx_word' id='word_1_377' title='bbox 3421 1675 3620 1729; x_wconf 90' lang='lat' dir='ltr'><strong>quam-</strong></span> 
     </span>
    </p>
   </div>
   <div class='ocr_carea' id='block_1_60' title="bbox 2034 1746 3642 1820">
    <p class='ocr_par' dir='ltr' id='par_1_60' title="bbox 2034 1746 3642 1820">
     <span class='ocr_line' id='line_1_60' title="bbox 2034 1746 3642 1820; baseline 0.006 -19"><span class='ocrx_word' id='word_1_378' title='bbox 2034 1747 2160 1802; x_wconf 89' lang='lat' dir='ltr'><strong>dam</strong></span> <span class='ocrx_word' id='word_1_379' title='bbox 2193 1746 2434 1802; x_wconf 85' lang='lat' dir='ltr'><strong>divinam</strong></span> <span class='ocrx_word' id='word_1_380' title='bbox 2468 1747 2681 1811; x_wconf 92' lang='lat' dir='ltr'><strong>dicunt,</strong></span> <span class='ocrx_word' id='word_1_381' title='bbox 2709 1763 2817 1818; x_wconf 86' lang='lat' dir='ltr'><strong>qua</strong></span> <span class='ocrx_word' id='word_1_382' title='bbox 2842 1751 3112 1820; x_wconf 89' lang='lat' dir='ltr'><strong>ejusmodi</strong></span> <span class='ocrx_word' id='word_1_383' title='bbox 3143 1756 3536 1812; x_wconf 89' lang='lat' dir='ltr'><strong>conversiones</strong></span> <span class='ocrx_word' id='word_1_384' title='bbox 3562 1755 3642 1810; x_wconf 81' lang='lat' dir='ltr'><strong>irr</strong></span> 
     </span>
    </p>
   </div>
   <div class='ocr_carea' id='block_1_61' title="bbox 2035 1838 3616 1911">
    <p class='ocr_par' dir='ltr' id='par_1_61' title="bbox 2035 1838 3616 1911">
     <span class='ocr_line' id='line_1_61' title="bbox 2035 1838 3616 1911; baseline 0.004 -17"><span class='ocrx_word' id='word_1_385' title='bbox 2035 1840 2146 1895; x_wconf 88' lang='lat' dir='ltr'><strong>illis</strong></span> <span class='ocrx_word' id='word_1_386' title='bbox 2177 1838 2483 1895; x_wconf 81' lang='lat' dir='ltr'><strong>eﬂiciantur</strong></span> <span class='ocrx_word' id='word_1_387' title='bbox 2515 1858 2529 1895; x_wconf 88' lang='lat'><strong>:</strong></span> <span class='ocrx_word' id='word_1_388' title='bbox 2559 1842 2922 1911; x_wconf 85' lang='lat' dir='ltr'><strong>quamobrem</strong></span> <span class='ocrx_word' id='word_1_389' title='bbox 2962 1844 3172 1898; x_wconf 91' lang='lat' dir='ltr'><strong>cultum</strong></span> <span class='ocrx_word' id='word_1_390' title='bbox 3228 1846 3310 1901; x_wconf 91' lang='lat' dir='ltr'><strong>eis</strong></span> <span class='ocrx_word' id='word_1_391' title='bbox 3367 1847 3616 1903; x_wconf 84' lang='lat' dir='ltr'><strong>adhiberi</strong></span> 
     </span>
    </p>
   </div>
   <div class='ocr_carea' id='block_1_62' title="bbox 2035 1932 3620 2006">
    <p class='ocr_par' dir='ltr' id='par_1_62' title="bbox 2035 1932 3620 2006">
     <span class='ocr_line' id='line_1_62' title="bbox 2035 1932 3620 2006; baseline 0.006 -20"><span class='ocrx_word' id='word_1_392' title='bbox 2035 1933 2266 2000; x_wconf 90' lang='lat' dir='ltr'><strong>volunt;</strong></span> <span class='ocrx_word' id='word_1_393' title='bbox 2299 1947 2402 1988; x_wconf 87' lang='lat' dir='ltr'><strong>nec</strong></span> <span class='ocrx_word' id='word_1_394' title='bbox 2425 1932 2741 2004; x_wconf 88' lang='lat' dir='ltr'><strong>intelligunt</strong></span> <span class='ocrx_word' id='word_1_395' title='bbox 2771 1941 2978 1988; x_wconf 87' lang='lat' dir='ltr'><strong>motum</strong></span> <span class='ocrx_word' id='word_1_396' title='bbox 3013 1937 3109 2006; x_wconf 92' lang='lat' dir='ltr'><strong>qui</strong></span> <span class='ocrx_word' id='word_1_397' title='bbox 3161 1936 3217 1992; x_wconf 92' lang='lat' dir='ltr'><strong>in</strong></span> <span class='ocrx_word' id='word_1_398' title='bbox 3260 1937 3347 1995; x_wconf 89' lang='lat' dir='ltr'><strong>his</strong></span> <span class='ocrx_word' id='word_1_399' title='bbox 3376 1939 3620 1995; x_wconf 49' lang='lat' dir='ltr'><strong>animad.</strong></span> 
     </span>
    </p>
   </div>
   <div class='ocr_carea' id='block_1_63' title="bbox 2032 2023 2813 2089">
    <p class='ocr_par' dir='ltr' id='par_1_63' title="bbox 2032 2023 2813 2089">
     <span class='ocr_line' id='line_1_63' title="bbox 2032 2023 2813 2089; baseline 0.005 -15"><span class='ocrx_word' id='word_1_400' title='bbox 2032 2023 2290 2089; x_wconf 84' lang='lat' dir='ltr'><strong>vertitur,</strong></span> <span class='ocrx_word' id='word_1_401' title='bbox 2324 2023 2634 2079; x_wconf 88' lang='lat' dir='ltr'><strong>naturalem</strong></span> <span class='ocrx_word' id='word_1_402' title='bbox 2670 2039 2813 2080; x_wconf 89' lang='lat' dir='ltr'><strong>esse.</strong></span> 
     </span>
    </p>
   </div>
   <div class='ocr_carea' id='block_1_64' title="bbox 2100 2113 3618 2187">
    <p class='ocr_par' dir='ltr' id='par_1_64' title="bbox 2100 2113 3618 2187">
     <span class='ocr_line' id='line_1_64' title="bbox 2100 2113 3618 2187; baseline 0.007 -18"><span class='ocrx_word' id='word_1_403' title='bbox 2100 2113 2189 2170; x_wconf 90' lang='lat'><strong>90.</strong></span> <span class='ocrx_word' id='word_1_404' title='bbox 2221 2114 2726 2187; x_wconf 72' lang='lat' dir='ltr'><strong>Thnetopsychitae,</strong></span> <span class='ocrx_word' id='word_1_405' title='bbox 2756 2115 2995 2172; x_wconf 90' lang='lat' dir='ltr'><strong>animam</strong></span> <span class='ocrx_word' id='word_1_406' title='bbox 3045 2117 3343 2174; x_wconf 82' lang='lat' dir='ltr'><strong>humanam</strong></span> <span class='ocrx_word' id='word_1_407' title='bbox 3376 2121 3618 2179; x_wconf 86' lang='lat' dir='ltr'><strong>similem</strong></span> 
     </span>
    </p>
   </div>
   <div class='ocr_carea' id='block_1_65' title="bbox 2031 2189 3627 2283">
    <p class='ocr_par' dir='ltr' id='par_1_65' title="bbox 2031 2189 3627 2283">
     <span class='ocr_line' id='line_1_65' title="bbox 2031 2189 3627 2283; baseline 0.008 -23"><span class='ocrx_word' id='word_1_408' title='bbox 2031 2208 2227 2262; x_wconf 71' lang='lat' dir='ltr'><strong>anima:</strong></span> <span class='ocrx_word' id='word_1_409' title='bbox 2257 2208 2534 2277; x_wconf 90' lang='lat' dir='ltr'><strong>pecudum</strong></span> <span class='ocrx_word' id='word_1_410' title='bbox 2564 2208 2855 2276; x_wconf 85' lang='lat' dir='ltr'><strong>inducunt,</strong></span> <span class='ocrx_word' id='word_1_411' title='bbox 2886 2224 3118 2283; x_wconf 82' lang='lat' dir='ltr'><strong>eamque</strong></span> <span class='ocrx_word' id='word_1_412' title='bbox 3145 2211 3300 2268; x_wconf 87' lang='lat' dir='ltr'><strong>aiunt</strong></span> <span class='ocrx_word' id='word_1_413' title='bbox 3332 2189 3627 2272; x_wconf 46' lang='lat' dir='ltr'><strong>cum‘cor»</strong></span> 
     </span>
    </p>
   </div>
   <div class='ocr_carea' id='block_1_66' title="bbox 2031 2299 2392 2370">
    <p class='ocr_par' dir='ltr' id='par_1_66' title="bbox 2031 2299 2392 2370">
     <span class='ocr_line' id='line_1_66' title="bbox 2031 2299 2392 2370; baseline 0.006 -18"><span class='ocrx_word' id='word_1_414' title='bbox 2031 2315 2162 2370; x_wconf 82' lang='lat' dir='ltr'><strong>pore</strong></span> <span class='ocrx_word' id='word_1_415' title='bbox 2192 2299 2392 2369; x_wconf 89' lang='lat' dir='ltr'><strong>perire.</strong></span> 
     </span>
    </p>
   </div>
   <div class='ocr_carea' id='block_1_67' title="bbox 2101 2391 3610 2469">
    <p class='ocr_par' dir='ltr' id='par_1_67' title="bbox 2101 2391 3610 2469">
     <span class='ocr_line' id='line_1_67' title="bbox 2101 2391 3610 2469; baseline 0.007 -23"><span class='ocrx_word' id='word_1_416' title='bbox 2101 2391 2194 2446; x_wconf 84' lang='grc'><strong>91.</strong></span> <span class='ocrx_word' id='word_1_417' title='bbox 2230 2392 2569 2464; x_wconf 73' lang='lat' dir='ltr'><strong>Agonyclitze</strong></span> <span class='ocrx_word' id='word_1_418' title='bbox 2597 2402 2750 2461; x_wconf 89' lang='lat' dir='ltr'><strong>sunt,</strong></span> <span class='ocrx_word' id='word_1_419' title='bbox 2795 2395 2890 2465; x_wconf 87' lang='lat' dir='ltr'><strong>qui</strong></span> <span class='ocrx_word' id='word_1_420' title='bbox 2925 2396 3085 2452; x_wconf 92' lang='lat' dir='ltr'><strong>nullo</strong></span> <span class='ocrx_word' id='word_1_421' title='bbox 3113 2403 3360 2469; x_wconf 85' lang='lat' dir='ltr'><strong>tempore</strong></span> <span class='ocrx_word' id='word_1_422' title='bbox 3388 2408 3610 2457; x_wconf 86' lang='lat' dir='ltr'><strong>orantes</strong></span> 
     </span>
    </p>
   </div>
   <div class='ocr_carea' id='block_1_68' title="bbox 2027 2481 3616 2564">
    <p class='ocr_par' dir='ltr' id='par_1_68' title="bbox 2027 2481 3616 2564">
     <span class='ocr_line' id='line_1_68' title="bbox 2027 2481 3616 2564; baseline 0.006 -28"><span class='ocrx_word' id='word_1_423' title='bbox 2027 2481 2397 2554; x_wconf 82' lang='lat' dir='ltr'><strong>genuﬂectere</strong></span> <span class='ocrx_word' id='word_1_424' title='bbox 2432 2485 2626 2540; x_wconf 90' lang='lat' dir='ltr'><strong>volunt</strong></span> <span class='ocrx_word' id='word_1_425' title='bbox 2661 2501 2727 2542; x_wconf 90' lang='lat' dir='ltr'><strong>ac</strong></span> <span class='ocrx_word' id='word_1_426' title='bbox 2753 2488 3026 2558; x_wconf 89' lang='lat' dir='ltr'><strong>provolvi,</strong></span> <span class='ocrx_word' id='word_1_427' title='bbox 3065 2488 3162 2546; x_wconf 88' lang='lat' dir='ltr'><strong>sed</strong></span> <span class='ocrx_word' id='word_1_428' title='bbox 3198 2505 3417 2564; x_wconf 87' lang='lat' dir='ltr'><strong>semper</strong></span> <span class='ocrx_word' id='word_1_429' title='bbox 3446 2503 3616 2549; x_wconf 86' lang='lat' dir='ltr'><strong>orant</strong></span> 
     </span>
    </p>
   </div>
   <div class='ocr_carea' id='block_1_69' title="bbox 2029 2580 2263 2630">
    <p class='ocr_par' dir='ltr' id='par_1_69' title="bbox 2029 2580 2263 2630">
     <span class='ocr_line' id='line_1_69' title="bbox 2029 2580 2263 2630; baseline 0 0"><span class='ocrx_word' id='word_1_430' title='bbox 2029 2580 2263 2630; x_wconf 78' lang='lat' dir='ltr'><strong>stantes.</strong></span> 
     </span>
    </p>
   </div>
   <div class='ocr_carea' id='block_1_70' title="bbox 2101 2665 3605 2744">
    <p class='ocr_par' dir='ltr' id='par_1_70' title="bbox 2101 2665 3605 2744">
     <span class='ocr_line' id='line_1_70' title="bbox 2101 2665 3605 2744; baseline 0.009 -22"><span class='ocrx_word' id='word_1_431' title='bbox 2101 2666 2191 2722; x_wconf 74' lang='lat'><strong>92.</strong></span> <span class='ocrx_word' id='word_1_432' title='bbox 2235 2665 2746 2739; x_wconf 70' lang='lat' dir='ltr'><strong>Theocatagnostae,</strong></span> <span class='ocrx_word' id='word_1_433' title='bbox 2787 2669 2852 2725; x_wconf 85' lang='lat' dir='ltr'><strong>id&#39;</strong></span> <span class='ocrx_word' id='word_1_434' title='bbox 2887 2678 2972 2728; x_wconf 89' lang='lat' dir='ltr'><strong>est</strong></span> <span class='ocrx_word' id='word_1_435' title='bbox 3016 2671 3111 2729; x_wconf 87' lang='lat' dir='ltr'><strong>Dei</strong></span> <span class='ocrx_word' id='word_1_436' title='bbox 3155 2675 3605 2744; x_wconf 80' lang='lat' dir='ltr'><strong>reprehensores.</strong></span> 
     </span>
    </p>
   </div>
   <div class='ocr_carea' id='block_1_71' title="bbox 2031 2757 3606 2839">
    <p class='ocr_par' dir='ltr' id='par_1_71' title="bbox 2031 2757 3606 2839">
     <span class='ocr_line' id='line_1_71' title="bbox 2031 2757 3606 2839; baseline 0.009 -28"><span class='ocrx_word' id='word_1_437' title='bbox 2031 2757 2126 2828; x_wconf 94' lang='lat' dir='ltr'><strong>qui</strong></span> <span class='ocrx_word' id='word_1_438' title='bbox 2158 2765 2214 2813; x_wconf 90' lang='lat' dir='ltr'><strong>et</strong></span> <span class='ocrx_word' id='word_1_439' title='bbox 2242 2758 2584 2830; x_wconf 85' lang='lat' dir='ltr'><strong>blasphemi;</strong></span> <span class='ocrx_word' id='word_1_440' title='bbox 2621 2761 2657 2816; x_wconf 91' lang='lat' dir='ltr'><strong>ii</strong></span> <span class='ocrx_word' id='word_1_441' title='bbox 2682 2773 2813 2817; x_wconf 93' lang='lat' dir='ltr'><strong>sunt</strong></span> <span class='ocrx_word' id='word_1_442' title='bbox 2844 2765 2936 2833; x_wconf 91' lang='lat' dir='ltr'><strong>qui</strong></span> <span class='ocrx_word' id='word_1_443' title='bbox 2971 2765 3027 2819; x_wconf 91' lang='lat' dir='ltr'><strong>in</strong></span> <span class='ocrx_word' id='word_1_444' title='bbox 3059 2767 3242 2823; x_wconf 87' lang='lat' dir='ltr'><strong>verbis</strong></span> <span class='ocrx_word' id='word_1_445' title='bbox 3269 2757 3606 2839; x_wconf 74' lang='lat' dir='ltr'><strong>quibusdam</strong></span> 
     </span>
    </p>
   </div>
   <div class='ocr_carea' id='block_1_72' title="bbox 2031 2849 3604 2929">
    <p class='ocr_par' dir='ltr' id='par_1_72' title="bbox 2031 2849 3604 2929">
     <span class='ocr_line' id='line_1_72' title="bbox 2031 2849 3604 2929; baseline 0.008 -25"><span class='ocrx_word' id='word_1_446' title='bbox 2031 2849 2311 2921; x_wconf 85' lang='lat' dir='ltr'><strong>gestisque</strong></span> <span class='ocrx_word' id='word_1_447' title='bbox 2358 2849 2578 2907; x_wconf 90' lang='lat' dir='ltr'><strong>Domini</strong></span> <span class='ocrx_word' id='word_1_448' title='bbox 2637 2855 2811 2909; x_wconf 90' lang='lat' dir='ltr'><strong>nostri</strong></span> <span class='ocrx_word' id='word_1_449' title='bbox 2861 2855 2977 2921; x_wconf 87' lang='lat' dir='ltr'><strong>Dei,</strong></span> <span class='ocrx_word' id='word_1_450' title='bbox 3034 2856 3247 2929; x_wconf 87' lang='lat' dir='ltr'><strong>ipsique</strong></span> <span class='ocrx_word' id='word_1_451' title='bbox 3298 2859 3604 2916; x_wconf 89' lang='lat' dir='ltr'><strong>dicatarum</strong></span> 
     </span>
    </p>
   </div>
   <div class='ocr_carea' id='block_1_73' title="bbox 2030 2949 3604 3022">
    <p class='ocr_par' dir='ltr' id='par_1_73' title="bbox 2030 2949 3604 3022">
     <span class='ocr_line' id='line_1_73' title="bbox 2030 2949 3604 3022; baseline 0.009 -27"><span class='ocrx_word' id='word_1_452' title='bbox 2030 2957 2393 3010; x_wconf 89' lang='lat' dir='ltr'><strong>personarum</strong></span> <span class='ocrx_word' id='word_1_453' title='bbox 2470 2952 2836 3014; x_wconf 79' lang='lat' dir='ltr'><strong>sanctarum,</strong></span> <span class='ocrx_word' id='word_1_454' title='bbox 2908 2962 3123 3006; x_wconf 90' lang='lat' dir='ltr'><strong>necnon</strong></span> <span class='ocrx_word' id='word_1_455' title='bbox 3197 2949 3604 3022; x_wconf 89' lang='lat' dir='ltr'><strong>Scripturarum</strong></span> 
     </span>
    </p>
   </div>
   <div class='ocr_carea' id='block_1_74' title="bbox 2030 3024 3608 3110">
    <p class='ocr_par' dir='ltr' id='par_1_74' title="bbox 2030 3024 3608 3110">
     <span class='ocr_line' id='line_1_74' title="bbox 2030 3024 3608 3110; baseline 0.008 -22"><span class='ocrx_word' id='word_1_456' title='bbox 2030 3048 2314 3088; x_wconf 89' lang='lat' dir='ltr'><strong>sacrarum</strong></span> <span class='ocrx_word' id='word_1_457' title='bbox 2363 3035 2568 3092; x_wconf 90' lang='lat' dir='ltr'><strong>audent</strong></span> <span class='ocrx_word' id='word_1_458' title='bbox 2595 3024 2803 3095; x_wconf 86' lang='lat' dir='ltr'><strong>inferre</strong></span> <span class='ocrx_word' id='word_1_459' title='bbox 2833 3040 3044 3098; x_wconf 90' lang='lat' dir='ltr'><strong>crimen</strong></span> <span class='ocrx_word' id='word_1_460' title='bbox 3070 3083 3086 3110; x_wconf 93' lang='lat'><strong>,</strong></span> <span class='ocrx_word' id='word_1_461' title='bbox 3121 3046 3399 3100; x_wconf 87' lang='lat' dir='ltr'><strong>temerarii</strong></span> <span class='ocrx_word' id='word_1_462' title='bbox 3431 3047 3608 3103; x_wconf 82' lang='lat' dir='ltr'><strong>homi-</strong></span> 
     </span>
    </p>
   </div>
   <div class='ocr_carea' id='block_1_75' title="bbox 1947 3128 2529 3196">
    <p class='ocr_par' dir='ltr' id='par_1_75' title="bbox 1947 3128 2529 3196">
     <span class='ocr_line' id='line_1_75' title="bbox 1947 3128 2529 3196; baseline 0.01 -17"><span class='ocrx_word' id='word_1_463' title='bbox 1947 3137 1990 3196; x_wconf 72' lang='grc' dir='ltr'>ο</span> <span class='ocrx_word' id='word_1_464' title='bbox 2026 3141 2124 3180; x_wconf 89' lang='lat' dir='ltr'><strong>nes</strong></span> <span class='ocrx_word' id='word_1_465' title='bbox 2153 3141 2218 3181; x_wconf 90' lang='lat' dir='ltr'><strong>ac</strong></span> <span class='ocrx_word' id='word_1_466' title='bbox 2247 3128 2529 3186; x_wconf 90' lang='lat' dir='ltr'><strong>maledici.</strong></span> 
     </span>
    </p>
   </div>
   <div class='ocr_carea' id='block_1_76' title="bbox 2097 3215 3603 3292">
    <p class='ocr_par' dir='ltr' id='par_1_76' title="bbox 2097 3215 3603 3292">
     <span class='ocr_line' id='line_1_76' title="bbox 2097 3215 3603 3292; baseline 0.007 -21"><span class='ocrx_word' id='word_1_467' title='bbox 2097 3215 2187 3272; x_wconf 79' lang='lat'><strong>93.</strong></span> <span class='ocrx_word' id='word_1_468' title='bbox 2220 3218 2592 3291; x_wconf 66' lang='lat' dir='ltr'><strong>Chri5tolytae,</strong></span> <span class='ocrx_word' id='word_1_469' title='bbox 2637 3235 2734 3277; x_wconf 83' lang='lat' dir='ltr'><strong>seu</strong></span> <span class='ocrx_word' id='word_1_470' title='bbox 2785 3222 3067 3280; x_wconf 85' lang='lat' dir='ltr'><strong>Christum</strong></span> <span class='ocrx_word' id='word_1_471' title='bbox 3125 3227 3603 3292; x_wconf 86' lang='lat' dir='ltr'><strong>solventes,.sunt</strong></span> 
     </span>
    </p>
   </div>
   <div class='ocr_carea' id='block_1_77' title="bbox 2025 3308 3597 3386">
    <p class='ocr_par' dir='ltr' id='par_1_77' title="bbox 2025 3308 3597 3386">
     <span class='ocr_line' id='line_1_77' title="bbox 2025 3308 3597 3386; baseline 0.008 -25"><span class='ocrx_word' id='word_1_472' title='bbox 2025 3308 2119 3377; x_wconf 90' lang='lat' dir='ltr'><strong>qui</strong></span> <span class='ocrx_word' id='word_1_473' title='bbox 2169 3308 2457 3366; x_wconf 90' lang='lat' dir='ltr'><strong>Dominum</strong></span> <span class='ocrx_word' id='word_1_474' title='bbox 2512 3320 2764 3368; x_wconf 84' lang='lat' dir='ltr'><strong>nostrum</strong></span> <span class='ocrx_word' id='word_1_475' title='bbox 2821 3313 3012 3372; x_wconf 68' lang='lat' dir='ltr'><strong>Iesum</strong></span> <span class='ocrx_word' id='word_1_476' title='bbox 3084 3317 3368 3374; x_wconf 85' lang='lat' dir='ltr'><strong>Christum</strong></span> <span class='ocrx_word' id='word_1_477' title='bbox 3419 3319 3597 3386; x_wconf 88' lang='lat' dir='ltr'><strong>aiunt,</strong></span> 
     </span>
    </p>
   </div>
   <div class='ocr_carea' id='block_1_78' title="bbox 2024 3405 3598 3473">
    <p class='ocr_par' dir='ltr' id='par_1_78' title="bbox 2024 3405 3598 3473">
     <span class='ocr_line' id='line_1_78' title="bbox 2024 3405 3598 3473; baseline 0.009 -21"><span class='ocrx_word' id='word_1_478' title='bbox 2024 3407 2382 3471; x_wconf 89' lang='lat' dir='ltr'><strong>posteaquam</strong></span> <span class='ocrx_word' id='word_1_479' title='bbox 2428 3405 2670 3459; x_wconf 83' lang='lat' dir='ltr'><strong>surrexit</strong></span> <span class='ocrx_word' id='word_1_480' title='bbox 2722 3421 2753 3461; x_wconf 92' lang='lat' dir='ltr'><strong>a</strong></span> <span class='ocrx_word' id='word_1_481' title='bbox 2804 3409 3061 3473; x_wconf 86' lang='lat' dir='ltr'><strong>mortuis,</strong></span> <span class='ocrx_word' id='word_1_482' title='bbox 3105 3405 3300 3465; x_wconf 78' lang='lat' dir='ltr'><strong>relictb</strong></span> <span class='ocrx_word' id='word_1_483' title='bbox 3345 3411 3398 3466; x_wconf 93' lang='lat' dir='ltr'><strong>in</strong></span> <span class='ocrx_word' id='word_1_484' title='bbox 3453 3419 3598 3467; x_wconf 89' lang='lat' dir='ltr'><strong>terra</strong></span> 
     </span>
    </p>
   </div>
   <div class='ocr_carea' id='block_1_79' title="bbox 2025 3489 3615 3570">
    <p class='ocr_par' dir='ltr' id='par_1_79' title="bbox 2025 3489 3615 3570">
     <span class='ocr_line' id='line_1_79' title="bbox 2025 3489 3615 3570; baseline 0.013 -28"><span class='ocrx_word' id='word_1_485' title='bbox 2025 3489 2268 3546; x_wconf 90' lang='lat' dir='ltr'><strong>animato</strong></span> <span class='ocrx_word' id='word_1_486' title='bbox 2311 3507 2565 3564; x_wconf 88' lang='lat' dir='ltr'><strong>corpore,</strong></span> <span class='ocrx_word' id='word_1_487' title='bbox 2617 3497 2766 3553; x_wconf 92' lang='lat' dir='ltr'><strong>nuda</strong></span> <span class='ocrx_word' id='word_1_488' title='bbox 2823 3500 3048 3570; x_wconf 89' lang='lat' dir='ltr'><strong>solaque</strong></span> <span class='ocrx_word' id='word_1_489' title='bbox 3095 3501 3298 3559; x_wconf 88' lang='lat' dir='ltr'><strong>deitate</strong></span> <span class='ocrx_word' id='word_1_490' title='bbox 3333 3503 3401 3558; x_wconf 86' lang='lat' dir='ltr'><strong>ad</strong></span> <span class='ocrx_word' id='word_1_491' title='bbox 3431 3506 3615 3562; x_wconf 46' lang='lat' dir='ltr'><strong>caelos;</strong></span> 
     </span>
    </p>
   </div>
   <div class='ocr_carea' id='block_1_80' title="bbox 2024 3581 2364 3639">
    <p class='ocr_par' dir='ltr' id='par_1_80' title="bbox 2024 3581 2364 3639">
     <span class='ocr_line' id='line_1_80' title="bbox 2024 3581 2364 3639; baseline 0.018 -6"><span class='ocrx_word' id='word_1_492' title='bbox 2024 3581 2364 3639; x_wconf 88' lang='lat' dir='ltr'><strong>ascendisse.</strong></span> 
     </span>
    </p>
   </div>
   <div class='ocr_carea' id='block_1_81' title="bbox 2096 3673 3602 3756">
    <p class='ocr_par' dir='ltr' id='par_1_81' title="bbox 2096 3673 3602 3756">
     <span class='ocr_line' id='line_1_81' title="bbox 2096 3673 3602 3756; baseline 0.012 -30"><span class='ocrx_word' id='word_1_493' title='bbox 2096 3673 2668 3747; x_wconf 73' lang='grc' dir='ltr'>94.Ειῐιηορ1ιι·οηεε,</span> <span class='ocrx_word' id='word_1_494' title='bbox 2723 3682 2839 3751; x_wconf 92' lang='lat' dir='ltr'><strong>qui,</strong></span> <span class='ocrx_word' id='word_1_495' title='bbox 2888 3698 3015 3738; x_wconf 92' lang='lat' dir='ltr'><strong>cum</strong></span> <span class='ocrx_word' id='word_1_496' title='bbox 3056 3686 3297 3756; x_wconf 88' lang='lat' dir='ltr'><strong>gentium</strong></span> <span class='ocrx_word' id='word_1_497' title='bbox 3349 3688 3602 3744; x_wconf 81' lang='lat' dir='ltr'><strong>instituta</strong></span> 
     </span>
    </p>
   </div>
   <div class='ocr_carea' id='block_1_82' title="bbox 2023 3775 3596 3846">
    <p class='ocr_par' dir='ltr' id='par_1_82' title="bbox 2023 3775 3596 3846">
     <span class='ocr_line' id='line_1_82' title="bbox 2023 3775 3596 3846; baseline 0.013 -28"><span class='ocrx_word' id='word_1_498' title='bbox 2023 3779 2087 3820; x_wconf 88' lang='lat' dir='ltr'><strong>ac</strong></span> <span class='ocrx_word' id='word_1_499' title='bbox 2101 3781 2282 3822; x_wconf 84' lang='lat' dir='ltr'><strong>mores</strong></span> <span class='ocrx_word' id='word_1_500' title='bbox 2314 3778 2638 3840; x_wconf 86' lang='lat' dir='ltr'><strong>sequantur,</strong></span> <span class='ocrx_word' id='word_1_501' title='bbox 2661 3777 2955 3846; x_wconf 82' lang='lat' dir='ltr'><strong>caeteroqui</strong></span> <span class='ocrx_word' id='word_1_502' title='bbox 2977 3775 3278 3835; x_wconf 87' lang='lat' dir='ltr'><strong>Christiani</strong></span> <span class='ocrx_word' id='word_1_503' title='bbox 3297 3780 3596 3838; x_wconf 79' lang='lat' dir='ltr'><strong>exsistunt.</strong></span> 
     </span>
    </p>
   </div>
   <div class='ocr_carea' id='block_1_83' title="bbox 2021 3855 3596 3941">
    <p class='ocr_par' dir='ltr' id='par_1_83' title="bbox 2021 3855 3596 3941">
     <span class='ocr_line' id='line_1_83' title="bbox 2021 3855 3596 3941; baseline 0.013 -32"><span class='ocrx_word' id='word_1_504' title='bbox 2021 3855 2086 3910; x_wconf 77' lang='lat' dir='ltr'><strong>lli</strong></span> <span class='ocrx_word' id='word_1_505' title='bbox 2141 3860 2386 3928; x_wconf 82' lang='lat' dir='ltr'><strong>genesim</strong></span> <span class='ocrx_word' id='word_1_506' title='bbox 2447 3861 2755 3930; x_wconf 87' lang='lat' dir='ltr'><strong>inducunt,</strong></span> <span class='ocrx_word' id='word_1_507' title='bbox 2825 3866 3214 3941; x_wconf 85' lang='lat' dir='ltr'><strong>fortunamque</strong></span> <span class='ocrx_word' id='word_1_508' title='bbox 3278 3881 3333 3928; x_wconf 85' lang='lat' dir='ltr'><strong>et</strong></span> <span class='ocrx_word' id='word_1_509' title='bbox 3383 3874 3596 3929; x_wconf 81' lang='lat' dir='ltr'><strong>fatum:</strong></span> 
     </span>
    </p>
   </div>
   <div class='ocr_carea' id='block_1_84' title="bbox 2021 3955 3656 4036">
    <p class='ocr_par' dir='ltr' id='par_1_84' title="bbox 2021 3955 3656 4036">
     <span class='ocr_line' id='line_1_84' title="bbox 2021 3955 3656 4036; baseline 0.012 -36"><span class='ocrx_word' id='word_1_510' title='bbox 2021 3961 2239 4004; x_wconf 86' lang='lat' dir='ltr'><strong>omnem</strong></span> <span class='ocrx_word' id='word_1_511' title='bbox 2295 3955 2691 4010; x_wconf 84' lang='lat' dir='ltr'><strong>astronomiam</strong></span> <span class='ocrx_word' id='word_1_512' title='bbox 2748 3959 3218 4032; x_wconf 82' lang='lat' dir='ltr'><strong>astrologiamque</strong></span> <span class='ocrx_word' id='word_1_513' title='bbox 3255 3964 3595 4036; x_wconf 89' lang='lat' dir='ltr'><strong>suscipiunt;</strong></span> <span class='ocrx_word' id='word_1_514' title='bbox 3647 4019 3656 4034; x_wconf 66' lang='grc'><strong>,</strong></span> 
     </span>
    </p>
   </div>
   <div class='ocr_carea' id='block_1_85' title="bbox 2019 4046 3618 4128">
    <p class='ocr_par' dir='ltr' id='par_1_85' title="bbox 2019 4046 3618 4128">
     <span class='ocr_line' id='line_1_85' title="bbox 2019 4046 3618 4128; baseline 0.011 -34"><span class='ocrx_word' id='word_1_515' title='bbox 2019 4055 2236 4098; x_wconf 90' lang='lat' dir='ltr'><strong>omnem</strong></span> <span class='ocrx_word' id='word_1_516' title='bbox 2271 4046 2434 4100; x_wconf 89' lang='lat' dir='ltr'><strong>etiam</strong></span> <span class='ocrx_word' id='word_1_517' title='bbox 2466 4046 2854 4106; x_wconf 84' lang='lat' dir='ltr'><strong>divinationem</strong></span> <span class='ocrx_word' id='word_1_518' title='bbox 2903 4059 2958 4107; x_wconf 93' lang='lat' dir='ltr'><strong>et</strong></span> <span class='ocrx_word' id='word_1_519' title='bbox 3014 4056 3280 4125; x_wconf 79' lang='lat' dir='ltr'><strong>auguria:</strong></span> <span class='ocrx_word' id='word_1_520' title='bbox 3332 4058 3618 4128; x_wconf 39' lang='lat' dir='ltr'><strong>auspiciis-</strong></span> 
     </span>
    </p>
   </div>
   <div class='ocr_carea' id='block_1_86' title="bbox 2020 4133 3598 4214">
    <p class='ocr_par' dir='ltr' id='par_1_86' title="bbox 2020 4133 3598 4214">
     <span class='ocr_line' id='line_1_86' title="bbox 2020 4133 3598 4214; baseline 0.011 -30"><span class='ocrx_word' id='word_1_521' title='bbox 2020 4133 2330 4201; x_wconf 90' lang='lat' dir='ltr'><strong>attendunt,</strong></span> <span class='ocrx_word' id='word_1_522' title='bbox 2362 4137 2750 4207; x_wconf 84' lang='lat' dir='ltr'><strong>expiamentis,</strong></span> <span class='ocrx_word' id='word_1_523' title='bbox 2781 4142 3085 4211; x_wconf 85' lang='lat' dir='ltr'><strong>ominibus,</strong></span> <span class='ocrx_word' id='word_1_524' title='bbox 3117 4146 3410 4214; x_wconf 86' lang='lat' dir='ltr'><strong>portentis,</strong></span> <span class='ocrx_word' id='word_1_525' title='bbox 3435 4161 3598 4202; x_wconf 86' lang='lat' dir='ltr'><strong>vene-</strong></span> 
     </span>
    </p>
   </div>
   <div class='ocr_carea' id='block_1_87' title="bbox 2019 4221 3612 4302">
    <p class='ocr_par' dir='ltr' id='par_1_87' title="bbox 2019 4221 3612 4302">
     <span class='ocr_line' id='line_1_87' title="bbox 2019 4221 3612 4302; baseline 0.009 -27"><span class='ocrx_word' id='word_1_526' title='bbox 2019 4221 2178 4291; x_wconf 85' lang='lat' dir='ltr'><strong>ﬁciis,</strong></span> <span class='ocrx_word' id='word_1_527' title='bbox 2221 4232 2277 4280; x_wconf 92' lang='lat' dir='ltr'><strong>et</strong></span> <span class='ocrx_word' id='word_1_528' title='bbox 2323 4227 2597 4286; x_wconf 89' lang='lat' dir='ltr'><strong>similibus</strong></span> <span class='ocrx_word' id='word_1_529' title='bbox 2642 4231 2767 4286; x_wconf 88' lang='lat' dir='ltr'><strong>aliis</strong></span> <span class='ocrx_word' id='word_1_530' title='bbox 2810 4234 3105 4302; x_wconf 88' lang='lat' dir='ltr'><strong>impiorum</strong></span> <span class='ocrx_word' id='word_1_531' title='bbox 3149 4235 3386 4297; x_wconf 79' lang='lat' dir='ltr'><strong>fabulis,</strong></span> <span class='ocrx_word' id='word_1_532' title='bbox 3435 4249 3502 4290; x_wconf 89' lang='lat' dir='ltr'><strong>ac</strong></span> <span class='ocrx_word' id='word_1_533' title='bbox 3547 4237 3612 4290; x_wconf 66' lang='grc' dir='ltr'><strong>εἰη</strong></span> 
     </span>
    </p>
   </div>
   <div class='ocr_carea' id='block_1_88' title="bbox 2019 4314 3595 4390">
    <p class='ocr_par' dir='ltr' id='par_1_88' title="bbox 2019 4314 3595 4390">
     <span class='ocr_line' id='line_1_88' title="bbox 2019 4314 3595 4390; baseline 0.009 -23"><span class='ocrx_word' id='word_1_534' title='bbox 2019 4314 2151 4382; x_wconf 74' lang='grc' dir='ltr'>ψιῙά</span> <span class='ocrx_word' id='word_1_535' title='bbox 2183 4319 2469 4385; x_wconf 89' lang='lat' dir='ltr'><strong>gentilium</strong></span> <span class='ocrx_word' id='word_1_536' title='bbox 2515 4323 2767 4379; x_wconf 90' lang='lat' dir='ltr'><strong>moribus</strong></span> <span class='ocrx_word' id='word_1_537' title='bbox 2824 4325 3068 4379; x_wconf 90' lang='lat' dir='ltr'><strong>inolevit.</strong></span> <span class='ocrx_word' id='word_1_538' title='bbox 3101 4325 3245 4390; x_wconf 86' lang='lat' dir='ltr'><strong>Quin</strong></span> <span class='ocrx_word' id='word_1_539' title='bbox 3297 4334 3350 4379; x_wconf 87' lang='lat' dir='ltr'><strong>et</strong></span> <span class='ocrx_word' id='word_1_540' title='bbox 3406 4324 3595 4381; x_wconf 89' lang='lat' dir='ltr'><strong>Genti-</strong></span> 
     </span>
    </p>
   </div>
   <div class='ocr_carea' id='block_1_89' title="bbox 2021 4406 3600 4488">
    <p class='ocr_par' dir='ltr' id='par_1_89' title="bbox 2021 4406 3600 4488">
     <span class='ocr_line' id='line_1_89' title="bbox 2021 4406 3600 4488; baseline 0.011 -30"><span class='ocrx_word' id='word_1_541' title='bbox 2021 4406 2152 4458; x_wconf 88' lang='lat' dir='ltr'><strong>lium</strong></span> <span class='ocrx_word' id='word_1_542' title='bbox 2216 4406 2357 4462; x_wconf 72' lang='lat' dir='ltr'><strong>l‘esta</strong></span> <span class='ocrx_word' id='word_1_543' title='bbox 2428 4411 2613 4481; x_wconf 90' lang='lat' dir='ltr'><strong>aliqua</strong></span> <span class='ocrx_word' id='word_1_544' title='bbox 2683 4415 3026 4468; x_wconf 74' lang='lat' dir='ltr'><strong>venerationi</strong></span> <span class='ocrx_word' id='word_1_545' title='bbox 3103 4416 3276 4488; x_wconf 61' lang='lat'><strong>109,</strong></span> <span class='ocrx_word' id='word_1_546' title='bbox 3346 4417 3600 4481; x_wconf 71' lang='lat' dir='ltr'><strong>habent.</strong></span> 
     </span>
    </p>
   </div>
   <div class='ocr_carea' id='block_1_90' title="bbox 335 4477 1925 4577">
    <p class='ocr_par' dir='ltr' id='par_1_90' title="bbox 335 4477 1915 4556">
     <span class='ocr_line' id='line_1_90' title="bbox 335 4477 1915 4556; baseline 0.006 -25"><span class='ocrx_word' id='word_1_547' title='bbox 335 4477 440 4540; x_wconf 86' lang='grc' dir='ltr'><strong>κάς</strong></span> <span class='ocrx_word' id='word_1_548' title='bbox 468 4478 758 4547; x_wconf 85' lang='grc' dir='ltr'>τιμῶντες,</span> <span class='ocrx_word' id='word_1_549' title='bbox 792 4481 1007 4552; x_wconf 79' lang='grc' dir='ltr'>ἡμέρας</span> <span class='ocrx_word' id='word_1_550' title='bbox 1072 4499 1131 4536; x_wconf 90' lang='grc' dir='ltr'><strong>τε</strong></span> <span class='ocrx_word' id='word_1_551' title='bbox 1193 4479 1370 4549; x_wconf 80' lang='grc' dir='ltr'>αὖθις,</span> <span class='ocrx_word' id='word_1_552' title='bbox 1428 4485 1524 4540; x_wconf 76' lang='grc' dir='ltr'>καὶ</span> <span class='ocrx_word' id='word_1_553' title='bbox 1571 4485 1772 4556; x_wconf 82' lang='grc' dir='ltr'>μῆνας,</span> <span class='ocrx_word' id='word_1_554' title='bbox 1822 4489 1915 4541; x_wconf 72' lang='grc' dir='ltr'><strong>καὶ</strong></span> 
     </span>
    </p>
   </div>
   <div class='ocr_carea' id='block_1_91' title="bbox 2029 4477 3610 4577">
    <p class='ocr_par' dir='ltr' id='par_1_91' title="bbox 2029 4477 3610 4577">
     <span class='ocr_line' id='line_1_91' title="bbox 2029 4477 3610 4577; baseline 0.011 -31"><span class='ocrx_word' id='word_1_555' title='bbox 2029 4492 2250 4562; x_wconf 83' lang='lat' dir='ltr'><strong>diesque</strong></span> <span class='ocrx_word' id='word_1_556' title='bbox 2279 4509 2477 4551; x_wconf 91' lang='lat' dir='ltr'><strong>rursus</strong></span> <span class='ocrx_word' id='word_1_557' title='bbox 2507 4477 2562 4554; x_wconf 76' lang='lat' dir='ltr'><strong>et</strong></span> <span class='ocrx_word' id='word_1_558' title='bbox 2594 4515 2812 4554; x_wconf 87' lang='lat' dir='ltr'><strong>menses</strong></span> <span class='ocrx_word' id='word_1_559' title='bbox 2839 4477 3238 4571; x_wconf 36' lang='lat' dir='ltr'><strong>observantret</strong></span> <span class='ocrx_word' id='word_1_560' title='bbox 3265 4514 3510 4577; x_wconf 90' lang='lat' dir='ltr'><strong>tempora</strong></span> <span class='ocrx_word' id='word_1_561' title='bbox 3541 4520 3610 4566; x_wconf 61' lang='lat' dir='ltr'><strong>elr</strong></span> 
     </span>
    </p>
   </div>
   <div class='ocr_carea' id='block_1_92' title="bbox 335 4569 1552 4646">
    <p class='ocr_par' dir='ltr' id='par_1_92' title="bbox 335 4569 1552 4646">
     <span class='ocr_line' id='line_1_92' title="bbox 335 4569 1552 4646; baseline 0.009 -26"><span class='ocrx_word' id='word_1_562' title='bbox 335 4569 589 4638; x_wconf 80' lang='grc' dir='ltr'>καιροὺς,</span> <span class='ocrx_word' id='word_1_563' title='bbox 619 4571 714 4624; x_wconf 75' lang='grc' dir='ltr'><strong>καὶ</strong></span> <span class='ocrx_word' id='word_1_564' title='bbox 737 4573 1018 4636; x_wconf 78' lang='grc' dir='ltr'>ἐνιαυτοὺς</span> <span class='ocrx_word' id='word_1_565' title='bbox 1050 4575 1552 4646; x_wconf 81' lang='grc' dir='ltr'>παρατηρούμενοι.</span> 
     </span>
    </p>
   </div>
   <div class='ocr_carea' id='block_1_93' title="bbox 403 4658 1912 4736">
    <p class='ocr_par' dir='ltr' id='par_1_93' title="bbox 403 4658 1912 4736">
     <span class='ocr_line' id='line_1_93' title="bbox 403 4658 1912 4736; baseline 0.007 -24"><span class='ocrx_word' id='word_1_566' title='bbox 403 4658 508 4726; x_wconf 60' lang='grc' dir='ltr'>ιβ’.</span> <span class='ocrx_word' id='word_1_567' title='bbox 566 4662 845 4716; x_wconf 87' lang='grc' dir='ltr'>Δονατικοί</span> <span class='ocrx_word' id='word_1_568' title='bbox 890 4671 915 4700; x_wconf 92' lang='lat'><strong>°</strong></span> <span class='ocrx_word' id='word_1_569' title='bbox 956 4663 1091 4736; x_wconf 85' lang='grc'><strong>(67)·</strong></span> <span class='ocrx_word' id='word_1_570' title='bbox 1135 4667 1181 4718; x_wconf 75' lang='lat' dir='ltr'><strong>oi</strong></span> <span class='ocrx_word' id='word_1_571' title='bbox 1228 4665 1335 4718; x_wconf 85' lang='grc' dir='ltr'><strong>ἀπὸ</strong></span> <span class='ocrx_word' id='word_1_572' title='bbox 1380 4667 1611 4720; x_wconf 89' lang='grc' dir='ltr'>Δονάτου</span> <span class='ocrx_word' id='word_1_573' title='bbox 1659 4670 1803 4733; x_wconf 78' lang='grc' dir='ltr'>τινος</span> <span class='ocrx_word' id='word_1_574' title='bbox 1855 4671 1912 4723; x_wconf 84' lang='grc' dir='ltr'>ὲν</span> 
     </span>
    </p>
   </div>
   <div class='ocr_carea' id='block_1_94' title="bbox 2023 4598 2219 4640">
    <p class='ocr_par' dir='ltr' id='par_1_94' title="bbox 2023 4598 2219 4640">
     <span class='ocr_line' id='line_1_94' title="bbox 2023 4598 2219 4640; baseline 0.005 -3"><span class='ocrx_word' id='word_1_575' title='bbox 2023 4598 2219 4640; x_wconf 87' lang='lat' dir='ltr'><strong>annos.</strong></span> 
     </span>
    </p>
   </div>
   <div class='ocr_carea' id='block_1_95' title="bbox 2091 4676 3602 4755">
    <p class='ocr_par' dir='ltr' id='par_1_95' title="bbox 2091 4676 3602 4755">
     <span class='ocr_line' id='line_1_95' title="bbox 2091 4676 3602 4755; baseline 0.013 -23"><span class='ocrx_word' id='word_1_576' title='bbox 2091 4677 2183 4732; x_wconf 83' lang='grc'><strong>95.</strong></span> <span class='ocrx_word' id='word_1_577' title='bbox 2221 4676 2540 4747; x_wconf 85' lang='lat' dir='ltr'><strong>Donatistae,</strong></span> <span class='ocrx_word' id='word_1_578' title='bbox 2567 4697 2596 4735; x_wconf 89' lang='lat' dir='ltr'><strong>a</strong></span> <span class='ocrx_word' id='word_1_579' title='bbox 2637 4682 2848 4739; x_wconf 87' lang='lat' dir='ltr'><strong>Donato</strong></span> <span class='ocrx_word' id='word_1_580' title='bbox 2867 4687 3105 4755; x_wconf 77' lang='lat' dir='ltr'><strong>quodam</strong></span> <span class='ocrx_word' id='word_1_581' title='bbox 3133 4689 3392 4749; x_wconf 76' lang='lat' dir='ltr'><strong>inAfrica</strong></span> <span class='ocrx_word' id='word_1_582' title='bbox 3413 4703 3602 4752; x_wconf 85' lang='lat' dir='ltr'><strong>ortum</strong></span> 
     </span>
    </p>
   </div>
   <div class='ocr_carea' id='block_1_96' title="bbox 1735 4781 2420 4847">
    <p class='ocr_par' dir='ltr' id='par_1_96' title="bbox 1735 4781 2420 4847">
     <span class='ocr_line' id='line_1_96' title="bbox 1735 4781 2420 4847; baseline 0.02 -14"><span class='ocrx_word' id='word_1_583' title='bbox 1735 4781 1971 4836; x_wconf 64' lang='lat' dir='ltr'><strong>VARIAL‘</strong></span> <span class='ocrx_word' id='word_1_584' title='bbox 2013 4785 2420 4847; x_wconf 83' lang='lat' dir='ltr'><strong>LECTIONES.</strong></span> 
     </span>
    </p>
   </div>
   <div class='ocr_carea' id='block_1_97' title="bbox 405 4860 1987 4929">
    <p class='ocr_par' dir='ltr' id='par_1_97' title="bbox 405 4860 1987 4929">
     <span class='ocr_line' id='line_1_97' title="bbox 405 4860 1987 4929; baseline 0.007 -11"><span class='ocrx_word' id='word_1_585' title='bbox 405 4875 432 4900; x_wconf 81' lang='grc' dir='ltr'><strong><em>ο</em></strong></span> <span class='ocrx_word' id='word_1_586' title='bbox 457 4860 523 4920; x_wconf 84' lang='grc' dir='ltr'>Β.</span> <span class='ocrx_word' id='word_1_587' title='bbox 548 4864 690 4924; x_wconf 74' lang='grc'><strong>2508</strong></span> <span class='ocrx_word' id='word_1_588' title='bbox 718 4869 1051 4925; x_wconf 83' lang='grc' dir='ltr'>Δονατιανοί.</span> <span class='ocrx_word' id='word_1_589' title='bbox 1081 4868 1462 4928; x_wconf 87' lang='lat' dir='ltr'><strong>Thcodoretus</strong></span> <span class='ocrx_word' id='word_1_590' title='bbox 1487 4887 1616 4927; x_wconf 88' lang='lat' dir='ltr'><strong>vero</strong></span> <span class='ocrx_word' id='word_1_591' title='bbox 1641 4875 1987 4929; x_wconf 87' lang='grc' dir='ltr'>Δονατισταί.</span> 
     </span>
    </p>
   </div>
   <div class='ocr_carea' id='block_1_98' title="bbox 1849 4983 2078 5042">
    <p class='ocr_par' dir='ltr' id='par_1_98' title="bbox 1849 4983 2078 5042">
     <span class='ocr_line' id='line_1_98' title="bbox 1849 4983 2078 5042; baseline 0.009 -5"><span class='ocrx_word' id='word_1_592' title='bbox 1849 4983 2078 5042; x_wconf 63' lang='lat' dir='ltr'><strong>NOTAE.</strong></span> 
     </span>
    </p>
   </div>
   <div class='ocr_carea' id='block_1_99' title="bbox 405 5067 1913 5148">
    <p class='ocr_par' dir='ltr' id='par_1_99' title="bbox 405 5067 1913 5148">
     <span class='ocr_line' id='line_1_99' title="bbox 405 5067 1913 5148; baseline 0.008 -25"><span class='ocrx_word' id='word_1_593' title='bbox 405 5067 618 5148; x_wconf 77' lang='lat' dir='ltr'><strong>(65)_De</strong></span> <span class='ocrx_word' id='word_1_594' title='bbox 639 5067 1123 5148; x_wconf 74' lang='lat' dir='ltr'><strong>Thnetopsyehitis</strong></span> <span class='ocrx_word' id='word_1_595' title='bbox 1147 5077 1280 5131; x_wconf 91' lang='lat' dir='ltr'><strong>nihil</strong></span> <span class='ocrx_word' id='word_1_596' title='bbox 1305 5078 1507 5133; x_wconf 85' lang='lat' dir='ltr'><strong>diserte</strong></span> <span class='ocrx_word' id='word_1_597' title='bbox 1528 5090 1780 5135; x_wconf 80' lang='lat' dir='ltr'><strong>auctores</strong></span> <span class='ocrx_word' id='word_1_598' title='bbox 1800 5089 1913 5135; x_wconf 81' lang='lat' dir='ltr'><strong>tra-</strong></span> 
     </span>
    </p>
   </div>
   <div class='ocr_carea' id='block_1_100' title="bbox 335 5136 1914 5218">
    <p class='ocr_par' dir='ltr' id='par_1_100' title="bbox 335 5136 1914 5218">
     <span class='ocr_line' id='line_1_100' title="bbox 335 5136 1914 5218; baseline 0.011 -27"><span class='ocrx_word' id='word_1_599' title='bbox 335 5136 507 5218; x_wconf 38' lang='lat' dir='ltr'><strong>(lunt;</strong></span> <span class='ocrx_word' id='word_1_600' title='bbox 526 5141 794 5218; x_wconf 80' lang='lat' dir='ltr'><strong>Eusebius</strong></span> <span class='ocrx_word' id='word_1_601' title='bbox 818 5136 942 5200; x_wconf 75' lang='grc' dir='ltr'>Ι.ἰ’ῖ</span> <span class='ocrx_word' id='word_1_602' title='bbox 972 5146 1136 5211; x_wconf 78' lang='lat' dir='ltr'><strong>IIist.,</strong></span> <span class='ocrx_word' id='word_1_603' title='bbox 1163 5163 1282 5216; x_wconf 91' lang='lat' dir='ltr'><strong>cap.</strong></span> <span class='ocrx_word' id='word_1_604' title='bbox 1313 5149 1402 5214; x_wconf 81' lang='grc'><strong>58,</strong></span> <span class='ocrx_word' id='word_1_605' title='bbox 1438 5150 1492 5203; x_wconf 89' lang='lat' dir='ltr'><strong>in</strong></span> <span class='ocrx_word' id='word_1_606' title='bbox 1515 5151 1714 5205; x_wconf 80' lang='lat' dir='ltr'><strong>Arabia</strong></span> <span class='ocrx_word' id='word_1_607' title='bbox 1743 5151 1914 5207; x_wconf 66' lang='lat' dir='ltr'><strong>haere-</strong></span> 
     </span>
    </p>
   </div>
   <div class='ocr_carea' id='block_1_101' title="bbox 337 5215 1912 5288">
    <p class='ocr_par' dir='ltr' id='par_1_101' title="bbox 337 5215 1912 5288">
     <span class='ocr_line' id='line_1_101' title="bbox 337 5215 1912 5288; baseline 0.013 -30"><span class='ocrx_word' id='word_1_608' title='bbox 337 5215 476 5264; x_wconf 84' lang='lat' dir='ltr'><strong>ticos</strong></span> <span class='ocrx_word' id='word_1_609' title='bbox 516 5215 799 5288; x_wconf 73' lang='lat' dir='ltr'><strong>exstitisse</strong></span> <span class='ocrx_word' id='word_1_610' title='bbox 829 5226 1038 5278; x_wconf 87' lang='lat' dir='ltr'><strong>narrat,</strong></span> <span class='ocrx_word' id='word_1_611' title='bbox 1073 5219 1166 5288; x_wconf 90' lang='lat' dir='ltr'><strong>qui</strong></span> <span class='ocrx_word' id='word_1_612' title='bbox 1203 5215 1767 5274; x_wconf 70' lang='lat' dir='ltr'><strong>aSsererentanimam</strong></span> <span class='ocrx_word' id='word_1_613' title='bbox 1807 5238 1912 5278; x_wconf 83' lang='lat' dir='ltr'><strong>una</strong></span> 
     </span>
    </p>
   </div>
   <div class='ocr_carea' id='block_1_102' title="bbox 335 5285 1912 5352">
    <p class='ocr_par' dir='ltr' id='par_1_102' title="bbox 335 5285 1912 5352">
     <span class='ocr_line' id='line_1_102' title="bbox 335 5285 1912 5352; baseline 0.01 -21"><span class='ocrx_word' id='word_1_614' title='bbox 335 5295 458 5332; x_wconf 65' lang='lat' dir='ltr'><strong>cum</strong></span> <span class='ocrx_word' id='word_1_615' title='bbox 481 5285 810 5352; x_wconf 88' lang='lat' dir='ltr'><strong>corporibus</strong></span> <span class='ocrx_word' id='word_1_616' title='bbox 838 5285 1104 5350; x_wconf 45' lang='lat' dir='ltr'><strong>interire,‘</strong></span> <span class='ocrx_word' id='word_1_617' title='bbox 1142 5291 1564 5345; x_wconf 83' lang='lat' dir='ltr'><strong>resurrectionis</strong></span> <span class='ocrx_word' id='word_1_618' title='bbox 1617 5306 1744 5344; x_wconf 88' lang='lat' dir='ltr'><strong>vero</strong></span> <span class='ocrx_word' id='word_1_619' title='bbox 1776 5304 1912 5346; x_wconf 87' lang='lat' dir='ltr'><strong>tem-</strong></span> 
     </span>
    </p>
   </div>
   <div class='ocr_carea' id='block_1_103' title="bbox 334 5358 1910 5428">
    <p class='ocr_par' dir='ltr' id='par_1_103' title="bbox 334 5358 1910 5428">
     <span class='ocr_line' id='line_1_103' title="bbox 334 5358 1910 5428; baseline 0.01 -25"><span class='ocrx_word' id='word_1_620' title='bbox 334 5361 466 5415; x_wconf 78' lang='lat' dir='ltr'><strong>pore</strong></span> <span class='ocrx_word' id='word_1_621' title='bbox 499 5368 622 5428; x_wconf 82' lang='lat' dir='ltr'><strong>cum</strong></span> <span class='ocrx_word' id='word_1_622' title='bbox 656 5370 884 5428; x_wconf 86' lang='lat' dir='ltr'><strong>corpore</strong></span> <span class='ocrx_word' id='word_1_623' title='bbox 911 5358 1090 5411; x_wconf 85' lang='lat' dir='ltr'><strong>denuo</strong></span> <span class='ocrx_word' id='word_1_624' title='bbox 1119 5360 1466 5415; x_wconf 83' lang='lat' dir='ltr'><strong>excitandam</strong></span> <span class='ocrx_word' id='word_1_625' title='bbox 1501 5379 1516 5416; x_wconf 89' lang='lat'><strong>:</strong></span> <span class='ocrx_word' id='word_1_626' title='bbox 1553 5376 1693 5428; x_wconf 88' lang='lat' dir='ltr'><strong>quos</strong></span> <span class='ocrx_word' id='word_1_627' title='bbox 1726 5362 1778 5416; x_wconf 89' lang='lat' dir='ltr'><strong>in</strong></span> <span class='ocrx_word' id='word_1_628' title='bbox 1801 5361 1910 5417; x_wconf 80' lang='lat' dir='ltr'><strong>fre-</strong></span> 
     </span>
    </p>
   </div>
   <div class='ocr_carea' id='block_1_104' title="bbox 334 5423 1910 5501">
    <p class='ocr_par' dir='ltr' id='par_1_104' title="bbox 334 5423 1910 5501">
     <span class='ocr_line' id='line_1_104' title="bbox 334 5423 1910 5501; baseline 0.011 -32"><span class='ocrx_word' id='word_1_629' title='bbox 334 5423 522 5501; x_wconf 60' lang='lat' dir='ltr'><strong>quenti</strong></span> <span class='ocrx_word' id='word_1_630' title='bbox 553 5423 774 5501; x_wconf 9' lang='lat' dir='ltr'><strong>synodor</strong></span> <span class='ocrx_word' id='word_1_631' title='bbox 793 5428 1092 5501; x_wconf 77' lang='lat' dir='ltr'><strong>confutavit</strong></span> <span class='ocrx_word' id='word_1_632' title='bbox 1126 5429 1410 5501; x_wconf 82' lang='lat' dir='ltr'><strong>Origenes,</strong></span> <span class='ocrx_word' id='word_1_633' title='bbox 1439 5440 1493 5484; x_wconf 89' lang='lat' dir='ltr'><strong>et</strong></span> <span class='ocrx_word' id='word_1_634' title='bbox 1528 5423 1592 5486; x_wconf 82' lang='lat' dir='ltr'><strong>ad</strong></span> <span class='ocrx_word' id='word_1_635' title='bbox 1620 5432 1910 5486; x_wconf 85' lang='lat' dir='ltr'><strong>sanitatem</strong></span> 
     </span>
    </p>
   </div>
   <div class='ocr_carea' id='block_1_105' title="bbox 335 5488 1912 5572">
    <p class='ocr_par' dir='ltr' id='par_1_105' title="bbox 335 5488 1912 5572">
     <span class='ocr_line' id='line_1_105' title="bbox 335 5488 1912 5572; baseline 0.013 -33"><span class='ocrx_word' id='word_1_636' title='bbox 335 5488 881 5572; x_wconf 55' lang='lat' dir='ltr'><strong>retluxit._&#39;Aralticos</strong></span> <span class='ocrx_word' id='word_1_637' title='bbox 931 5499 1053 5572; x_wconf 82' lang='lat' dir='ltr'><strong>illos</strong></span> <span class='ocrx_word' id='word_1_638' title='bbox 1109 5488 1308 5556; x_wconf 57' lang='lat' dir='ltr'><strong>vocant</strong></span> <span class='ocrx_word' id='word_1_639' title='bbox 1362 5488 1725 5572; x_wconf 75' lang='lat' dir='ltr'><strong>Augustinus,</strong></span> <span class='ocrx_word' id='word_1_640' title='bbox 1764 5501 1912 5559; x_wconf 65' lang='lat' dir='ltr'><strong>Prat-</strong></span> 
     </span>
    </p>
   </div>
   <div class='ocr_carea' id='block_1_106' title="bbox 336 5559 1136 5622">
    <p class='ocr_par' dir='ltr' id='par_1_106' title="bbox 336 5559 1136 5622">
     <span class='ocr_line' id='line_1_106' title="bbox 336 5559 1136 5622; baseline 0.016 -13"><span class='ocrx_word' id='word_1_641' title='bbox 336 5559 736 5621; x_wconf 72' lang='lat' dir='ltr'><strong>destinatianus</strong></span> <span class='ocrx_word' id='word_1_642' title='bbox 767 5576 821 5622; x_wconf 88' lang='lat' dir='ltr'><strong>et</strong></span> <span class='ocrx_word' id='word_1_643' title='bbox 855 5568 1136 5622; x_wconf 87' lang='lat' dir='ltr'><strong>lsodorus.</strong></span> 
     </span>
    </p>
   </div>
   <div class='ocr_carea' id='block_1_107' title="bbox 406 5627 1909 5709">
    <p class='ocr_par' dir='ltr' id='par_1_107' title="bbox 406 5627 1909 5709">
     <span class='ocr_line' id='line_1_107' title="bbox 406 5627 1909 5709; baseline 0.009 -25"><span class='ocrx_word' id='word_1_644' title='bbox 406 5627 516 5709; x_wconf 71' lang='grc' dir='ltr'>(θθ)</span> <span class='ocrx_word' id='word_1_645' title='bbox 550 5632 623 5709; x_wconf 70' lang='lat' dir='ltr'><strong>De</strong></span> <span class='ocrx_word' id='word_1_646' title='bbox 671 5635 1022 5709; x_wconf 84' lang='lat' dir='ltr'><strong>Christolytis</strong></span> <span class='ocrx_word' id='word_1_647' title='bbox 1053 5637 1249 5693; x_wconf 83' lang='lat' dir='ltr'><strong>Noster</strong></span> <span class='ocrx_word' id='word_1_648' title='bbox 1269 5641 1459 5696; x_wconf 89' lang='lat' dir='ltr'><strong>iisdem</strong></span> <span class='ocrx_word' id='word_1_649' title='bbox 1486 5643 1666 5698; x_wconf 84' lang='lat' dir='ltr'><strong>verbis</strong></span> <span class='ocrx_word' id='word_1_650' title='bbox 1697 5644 1909 5707; x_wconf 78' lang='lat' dir='ltr'><strong>scribit,</strong></span> 
     </span>
    </p>
   </div>
   <div class='ocr_carea' id='block_1_108' title="bbox 336 5700 1908 5780">
    <p class='ocr_par' dir='ltr' id='par_1_108' title="bbox 336 5700 1908 5780">
     <span class='ocr_line' id='line_1_108' title="bbox 336 5700 1908 5780; baseline 0.007 -26"><span class='ocrx_word' id='word_1_651' title='bbox 336 5700 532 5780; x_wconf 51' lang='lat' dir='ltr'><strong>auibus</strong></span> <span class='ocrx_word' id='word_1_652' title='bbox 579 5700 979 5780; x_wconf 66' lang='lat' dir='ltr'><strong>Constantinus</strong></span> <span class='ocrx_word' id='word_1_653' title='bbox 1037 5709 1438 5780; x_wconf 80' lang='lat' dir='ltr'><strong>Copronymus.</strong></span> <span class='ocrx_word' id='word_1_654' title='bbox 1494 5712 1652 5780; x_wconf 86' lang='lat' dir='ltr'><strong>cujus</strong></span> <span class='ocrx_word' id='word_1_655' title='bbox 1698 5700 1908 5767; x_wconf 81' lang='lat' dir='ltr'><strong>textum</strong></span> 
     </span>
    </p>
   </div>
   <div class='ocr_carea' id='block_1_109' title="bbox 337 5759 1914 5852">
    <p class='ocr_par' dir='ltr' id='par_1_109' title="bbox 337 5759 1914 5852">
     <span class='ocr_line' id='line_1_109' title="bbox 337 5759 1914 5852; baseline 0.013 -34"><span class='ocrx_word' id='word_1_656' title='bbox 337 5759 676 5843; x_wconf 84' lang='lat' dir='ltr'><strong>Nicephorus</strong></span> <span class='ocrx_word' id='word_1_657' title='bbox 705 5759 1025 5838; x_wconf 54' lang='grc' dir='ltr'>Οῐίξῖοεῖίει</span> <span class='ocrx_word' id='word_1_658' title='bbox 1048 5759 1914 5852; x_wconf 11' lang='grc' dir='ltr'>Ἁὲγῖιίιίῖἷί-ίξέερί</span> 
     </span>
    </p>
   </div>
   <div class='ocr_carea' id='block_1_110' title="bbox 2020 5085 3595 5158">
    <p class='ocr_par' dir='ltr' id='par_1_110' title="bbox 2020 5085 3595 5158">
     <span class='ocr_line' id='line_1_110' title="bbox 2020 5085 3595 5158; baseline 0.015 -22"><span class='ocrx_word' id='word_1_659' title='bbox 2020 5085 2182 5140; x_wconf 89' lang='lat' dir='ltr'><strong>amho</strong></span> <span class='ocrx_word' id='word_1_660' title='bbox 2215 5085 2330 5158; x_wconf 76' lang='lat' dir='ltr'><strong>haec</strong></span> <span class='ocrx_word' id='word_1_661' title='bbox 2366 5085 2620 5158; x_wconf 77' lang='lat' dir='ltr'><strong>hausisse</strong></span> <span class='ocrx_word' id='word_1_662' title='bbox 2688 5106 2749 5144; x_wconf 80' lang='lat' dir='ltr'><strong>ex</strong></span> <span class='ocrx_word' id='word_1_663' title='bbox 2793 5094 3093 5154; x_wconf 86' lang='lat' dir='ltr'><strong>vetustiore</strong></span> <span class='ocrx_word' id='word_1_664' title='bbox 3138 5111 3380 5158; x_wconf 89' lang='lat' dir='ltr'><strong>auctore.</strong></span> <span class='ocrx_word' id='word_1_665' title='bbox 3432 5101 3595 5158; x_wconf 86' lang='lat' dir='ltr'><strong>Chri-</strong></span> 
     </span>
    </p>
   </div>
   <div class='ocr_carea' id='block_1_111' title="bbox 2018 5155 3594 5236">
    <p class='ocr_par' dir='ltr' id='par_1_111' title="bbox 2018 5155 3594 5236">
     <span class='ocr_line' id='line_1_111' title="bbox 2018 5155 3594 5236; baseline 0.013 -29"><span class='ocrx_word' id='word_1_666' title='bbox 2018 5159 2215 5236; x_wconf 83' lang='lat' dir='ltr'><strong>stolyta</strong></span> <span class='ocrx_word' id='word_1_667' title='bbox 2241 5155 2686 5236; x_wconf 77' lang='lat' dir='ltr'><strong>fuit_Stephanus</strong></span> <span class='ocrx_word' id='word_1_668' title='bbox 2723 5161 2996 5236; x_wconf 87' lang='lat' dir='ltr'><strong>G_0barus,</strong></span> <span class='ocrx_word' id='word_1_669' title='bbox 3031 5169 3122 5236; x_wconf 85' lang='lat' dir='ltr'><strong>qui</strong></span> <span class='ocrx_word' id='word_1_670' title='bbox 3172 5155 3594 5228; x_wconf 34' lang='lat' dir='ltr'><strong>Christumhno&#39;u</strong></span> 
     </span>
    </p>
   </div>
   <div class='ocr_carea' id='block_1_112' title="bbox 2015 5229 3592 5306">
    <p class='ocr_par' dir='ltr' id='par_1_112' title="bbox 2015 5229 3592 5306">
     <span class='ocr_line' id='line_1_112' title="bbox 2015 5229 3592 5306; baseline 0.013 -29"><span class='ocrx_word' id='word_1_671' title='bbox 2015 5235 2306 5306; x_wconf 66' lang='lat' dir='ltr'><strong>venturum</strong></span> <span class='ocrx_word' id='word_1_672' title='bbox 2349 5229 2402 5306; x_wconf 81' lang='lat' dir='ltr'><strong>in</strong></span> <span class='ocrx_word' id='word_1_673' title='bbox 2456 5243 2620 5306; x_wconf 78' lang='lat' dir='ltr'><strong>carne</strong></span> <span class='ocrx_word' id='word_1_674' title='bbox 2650 5240 2707 5306; x_wconf 73' lang='lat' dir='ltr'><strong>ut</strong></span> <span class='ocrx_word' id='word_1_675' title='bbox 2761 5229 3010 5290; x_wconf 88' lang='lat' dir='ltr'><strong>homines</strong></span> <span class='ocrx_word' id='word_1_676' title='bbox 3050 5229 3282 5306; x_wconf 80' lang='lat' dir='ltr'><strong>judicet,</strong></span> <span class='ocrx_word' id='word_1_677' title='bbox 3318 5242 3414 5296; x_wconf 87' lang='lat' dir='ltr'><strong>sed</strong></span> <span class='ocrx_word' id='word_1_678' title='bbox 3449 5244 3592 5298; x_wconf 77' lang='lat' dir='ltr'><strong>nuda</strong></span> 
     </span>
    </p>
   </div>
   <div class='ocr_carea' id='block_1_113' title="bbox 2016 5294 3590 5374">
    <p class='ocr_par' dir='ltr' id='par_1_113' title="bbox 2016 5294 3590 5374">
     <span class='ocr_line' id='line_1_113' title="bbox 2016 5294 3590 5374; baseline 0.012 -27"><span class='ocrx_word' id='word_1_679' title='bbox 2016 5294 2327 5374; x_wconf 66' lang='lat' dir='ltr'><strong>divinitate,</strong></span> <span class='ocrx_word' id='word_1_680' title='bbox 2355 5299 2645 5374; x_wconf 85' lang='lat' dir='ltr'><strong>docuisse_</strong></span> <span class='ocrx_word' id='word_1_681' title='bbox 2664 5299 2840 5357; x_wconf 84' lang='lat' dir='ltr'><strong>fertur</strong></span> <span class='ocrx_word' id='word_1_682' title='bbox 2871 5294 3227 5374; x_wconf 64' lang='lat' dir='ltr'><strong>apud.&#39;Pltot.</strong></span> <span class='ocrx_word' id='word_1_683' title='bbox 3266 5294 3406 5363; x_wconf 55' lang='lat' dir='ltr'><strong>&#39;cod.</strong></span> <span class='ocrx_word' id='word_1_684' title='bbox 3450 5294 3590 5369; x_wconf 12' lang='lat'><strong>723:2:</strong></span> 
     </span>
    </p>
   </div>
   <div class='ocr_carea' id='block_1_114' title="bbox 2014 5366 3594 5447">
    <p class='ocr_par' dir='ltr' id='par_1_114' title="bbox 2014 5366 3594 5447">
     <span class='ocr_line' id='line_1_114' title="bbox 2014 5366 3594 5447; baseline 0.013 -29"><span class='ocrx_word' id='word_1_685' title='bbox 2014 5366 2374 5447; x_wconf 70' lang='lat' dir='ltr'><strong>(_Ihristolyta_a_</strong></span> <span class='ocrx_word' id='word_1_686' title='bbox 2416 5366 2928 5447; x_wconf 49' lang='lat' dir='ltr'><strong>erantﬁutychian&#39;i</strong></span> <span class='ocrx_word' id='word_1_687' title='bbox 2966 5377 3064 5435; x_wconf 92' lang='lat' dir='ltr'><strong>illi.</strong></span> <span class='ocrx_word' id='word_1_688' title='bbox 3107 5377 3197 5447; x_wconf 84' lang='lat' dir='ltr'><strong>qui</strong></span> <span class='ocrx_word' id='word_1_689' title='bbox 3239 5379 3383 5447; x_wconf 88' lang='lat' dir='ltr'><strong>apml</strong></span> <span class='ocrx_word' id='word_1_690' title='bbox 3414 5366 3594 5437; x_wconf 54' lang='lat' dir='ltr'><strong>Theo;</strong></span> 
     </span>
    </p>
   </div>
   <div class='ocr_carea' id='block_1_115' title="bbox 2015 5435 3592 5516">
    <p class='ocr_par' dir='ltr' id='par_1_115' title="bbox 2015 5435 3592 5516">
     <span class='ocr_line' id='line_1_115' title="bbox 2015 5435 3592 5516; baseline 0.013 -28"><span class='ocrx_word' id='word_1_691' title='bbox 2015 5435 2454 5516; x_wconf 57' lang='lat' dir='ltr'><strong>doretunt&#39;,_t_l_ial.</strong></span> <span class='ocrx_word' id='word_1_692' title='bbox 2477 5439 2533 5516; x_wconf 58' lang='grc' dir='ltr'>(ξ,</span> <span class='ocrx_word' id='word_1_693' title='bbox 2585 5435 2887 5511; x_wconf 73' lang='lat' dir='ltr'><strong>Christum,</strong></span> <span class='ocrx_word' id='word_1_694' title='bbox 2929 5447 3103 5500; x_wconf 83' lang='lat' dir='ltr'><strong>oosita</strong></span> <span class='ocrx_word' id='word_1_695' title='bbox 3123 5435 3518 5516; x_wconf 57' lang='lat' dir='ltr'><strong>&#39;hum&#39;anitatc,</strong></span> <span class='ocrx_word' id='word_1_696' title='bbox 3542 5435 3592 5509; x_wconf 84' lang='lat' dir='ltr'><strong>in</strong></span> 
     </span>
    </p>
   </div>
   <div class='ocr_carea' id='block_1_116' title="bbox 2014 5507 2813 5566">
    <p class='ocr_par' dir='ltr' id='par_1_116' title="bbox 2014 5507 2813 5566">
     <span class='ocr_line' id='line_1_116' title="bbox 2014 5507 2813 5566; baseline 0.009 -7"><span class='ocrx_word' id='word_1_697' title='bbox 2014 5508 2214 5560; x_wconf 63' lang='lat' dir='ltr'><strong>malum</strong></span> <span class='ocrx_word' id='word_1_698' title='bbox 2258 5507 2461 5564; x_wconf 89' lang='lat' dir='ltr'><strong>abiisse</strong></span> <span class='ocrx_word' id='word_1_699' title='bbox 2495 5509 2813 5566; x_wconf 81' lang='lat' dir='ltr'><strong>faterentur.</strong></span> 
     </span>
    </p>
   </div>
   <div class='ocr_carea' id='block_1_117' title="bbox 2085 5576 3586 5652">
    <p class='ocr_par' dir='ltr' id='par_1_117' title="bbox 2085 5576 3586 5652">
     <span class='ocr_line' id='line_1_117' title="bbox 2085 5576 3586 5652; baseline 0.015 -24"><span class='ocrx_word' id='word_1_700' title='bbox 2085 5576 2198 5652; x_wconf 80' lang='grc'><strong>(67)</strong></span> <span class='ocrx_word' id='word_1_701' title='bbox 2236 5579 2536 5652; x_wconf 72' lang='lat' dir='ltr'><strong>Donatistae</strong></span> <span class='ocrx_word' id='word_1_702' title='bbox 2577 5581 2829 5635; x_wconf 84' lang='lat' dir='ltr'><strong>Nestorio</strong></span> <span class='ocrx_word' id='word_1_703' title='bbox 2879 5583 3036 5652; x_wconf 83' lang='lat' dir='ltr'><strong>longe</strong></span> <span class='ocrx_word' id='word_1_704' title='bbox 3072 5588 3401 5646; x_wconf 89' lang='lat' dir='ltr'><strong>vetustiores</strong></span> <span class='ocrx_word' id='word_1_705' title='bbox 3437 5604 3586 5650; x_wconf 88' lang='lat' dir='ltr'><strong>sunt.</strong></span> 
     </span>
    </p>
   </div>
   <div class='ocr_carea' id='block_1_118' title="bbox 2017 5647 3590 5726">
    <p class='ocr_par' dir='ltr' id='par_1_118' title="bbox 2017 5647 3590 5726">
     <span class='ocr_line' id='line_1_118' title="bbox 2017 5647 3590 5726; baseline 0.014 -30"><span class='ocrx_word' id='word_1_706' title='bbox 2017 5647 2273 5726; x_wconf 66' lang='lat' dir='ltr'><strong>solemne</strong></span> <span class='ocrx_word' id='word_1_707' title='bbox 2300 5647 2432 5716; x_wconf 88' lang='lat' dir='ltr'><strong>ipsis</strong></span> <span class='ocrx_word' id='word_1_708' title='bbox 2475 5665 2582 5726; x_wconf 80' lang='lat' dir='ltr'><strong>non</strong></span> <span class='ocrx_word' id='word_1_709' title='bbox 2607 5663 2724 5726; x_wconf 74' lang='lat' dir='ltr'><strong>erat</strong></span> <span class='ocrx_word' id='word_1_710' title='bbox 2765 5660 2891 5726; x_wconf 80' lang='lat' dir='ltr'><strong>ante</strong></span> <span class='ocrx_word' id='word_1_711' title='bbox 2930 5647 3331 5726; x_wconf 74' lang='lat' dir='ltr'><strong>perceptionem</strong></span> <span class='ocrx_word' id='word_1_712' title='bbox 3375 5647 3590 5719; x_wconf 35' lang='lat' dir='ltr'><strong>Eu&#39;clta;</strong></span> 
     </span>
    </p>
   </div>
   <div class='ocr_carea' id='block_1_119' title="bbox 2020 5715 3587 5790">
    <p class='ocr_par' dir='ltr' id='par_1_119' title="bbox 2020 5715 3587 5790">
     <span class='ocr_line' id='line_1_119' title="bbox 2020 5715 3587 5790; baseline 0.013 -23"><span class='ocrx_word' id='word_1_713' title='bbox 2020 5715 2191 5790; x_wconf 63' lang='lat' dir='ltr'><strong>ristize</strong></span> <span class='ocrx_word' id='word_1_714' title='bbox 2222 5730 2286 5790; x_wconf 81' lang='lat' dir='ltr'><strong>os_</strong></span> <span class='ocrx_word' id='word_1_715' title='bbox 2321 5715 2593 5790; x_wconf 75' lang='lat' dir='ltr'><strong>martyris</strong></span> <span class='ocrx_word' id='word_1_716' title='bbox 2629 5715 2943 5790; x_wconf 71' lang='lat' dir='ltr'><strong>cujuspianf</strong></span> <span class='ocrx_word' id='word_1_717' title='bbox 2990 5715 3250 5784; x_wconf 75' lang='lat' dir='ltr'><strong>osculari.</strong></span> <span class='ocrx_word' id='word_1_718' title='bbox 3311 5715 3587 5789; x_wconf 38' lang='lat' dir='ltr'><strong>l‘locﬂsola</strong></span> 
     </span>
    </p>
   </div>
   <div class='ocr_carea' id='block_1_120' title="bbox 2020 5782 3591 5864">
    <p class='ocr_par' dir='ltr' id='par_1_120' title="bbox 2020 5782 3591 5864">
     <span class='ocr_line' id='line_1_120' title="bbox 2020 5782 3591 5864; baseline 0.011 -26"><span class='ocrx_word' id='word_1_719' title='bbox 2020 5782 2226 5839; x_wconf 83' lang='lat' dir='ltr'><strong>Lueilla</strong></span> <span class='ocrx_word' id='word_1_720' title='bbox 2261 5782 2824 5857; x_wconf 57' lang='lat' dir='ltr'><strong>fetnina&#39;factita&#39;vit&#39;;</strong></span> <span class='ocrx_word' id='word_1_721' title='bbox 2867 5809 2988 5864; x_wconf 83' lang='lat' dir='ltr'><strong>quae</strong></span> <span class='ocrx_word' id='word_1_722' title='bbox 3017 5811 3138 5852; x_wconf 90' lang='lat' dir='ltr'><strong>cum</strong></span> <span class='ocrx_word' id='word_1_723' title='bbox 3177 5815 3205 5854; x_wconf 87' lang='lat' dir='ltr'><strong>a</strong></span> <span class='ocrx_word' id='word_1_724' title='bbox 3234 5782 3450 5859; x_wconf 62' lang='lat' dir='ltr'><strong>Caecilio</strong></span> <span class='ocrx_word' id='word_1_725' title='bbox 3472 5782 3591 5856; x_wconf 59' lang='lat' dir='ltr'><strong>diu:</strong></span> 
     </span>
    </p>
   </div>
  </div>
