4090 6148
487 349 595 412 765

1661 348 1762 411 DE
1791 347 2246 411 H/ERESIBUS
2276 350 2530 412 LIBER.

3637 349 3744 413 766

485 461 682 530 Μαμὲδ
731 457 1224 530 ἐπονομαζόμενος,
1288 459 1346 524 ὃς
1382 463 1447 530 τῇ
1480 477 1539 512 τε
1572 460 1786 533 Παλαιᾷ
1829 460 1923 512 καὶ
1950 458 2065 523 Νέᾳ

2176 469 2348 525 vates,
2405 459 2616 516 Mamed
2651 459 2911 524 nomine;
2948 459 3043 529 qui
3079 474 3204 513 cum
3239 456 3294 512 in
3326 458 3500 512 libros
3532 455 3744 516 Veteris

484 554 731 622 Διαθήκῃ
767 549 1106 621 περιτυχὼν,
1146 551 1351 620 ὁμοίως
1380 552 1540 622 δῆθεν
1602 550 1865 622 Ἀρειανῷ
1902 565 2069 620 προσ-

485 644 752 715 ομιλήσας
779 642 998 714 μοναχῷ
1026 652 1076 708 1,
1108 643 1245 696 ἰδίαν
1274 643 1638 713 συνεστήσατο
1686 643 1918 712 αἵρεσιν.
1963 640 2070 693 Καὶ

488 735 760 806 προφάσει
790 734 850 786 τὸ
880 733 1058 788 δοκεῖν
1089 733 1397 796 θεοσεϐείας
1418 733 1478 786 τὸ
1507 733 1658 796 ἔθνος
1679 731 2070 801 είσποιησάμε-

488 842 596 887 νος.
620 823 680 888 ἐξ
709 823 944 895 ούρανοῦ
980 824 1201 893 γραφὴν
1228 823 1622 893 κατενεχθῆναι
1650 822 1736 875 ἐπ’
1766 822 1924 874 αὐτὸν
1955 820 2070 873 δια-

489 917 725 987 θρυλλεῖ.
761 915 895 968 Τινὰ
917 911 1010 969 οὖν
1035 916 1390 986 συντάγματα
1419 916 1477 968 ἐν
1513 914 1592 985 τῷ
1621 916 1750 986 παρ’
1778 913 1941 967 αὐτοῦ
1986 912 2068 983 βι-

489 1009 623 1079 ὀλίῳ
642 1007 884 1080 χαράξας
913 1007 1151 1077 γέλωτος
1179 1006 1327 1074 ἄξια,
1363 1008 1424 1060 τὸ
1462 1007 1624 1071 σέϐας
1659 1007 1846 1068 αὐτοῖς
1892 1022 2068 1075 παρα-

489 1101 693 1154 δίδωσι.

561 1278 724 1346 Λέγει
749 1276 844 1330 ’ένα
873 1275 1008 1329 Θεὸν
1033 1270 1172 1329 εἶναι
1194 1276 1424 1347 ποιητὴν
1449 1275 1558 1330 τῶν
1589 1276 1748 1341 ὅλων,
1785 1276 1921 1347 μήτε
1945 1291 2068 1344 γεν-

491 1369 744 1440 νηθέντα,
773 1370 911 1440 μήτε
933 1369 1324 1440 γεγεννηκότα.
1347 1370 1510 1438 Λέγει
1526 1369 1617 1422 τὸν
1634 1369 1869 1440 Χριστὸν
1895 1368 2068 1436 Λόγον

492 1456 630 1514 εἶναι
676 1459 769 1513 τοῦ
811 1458 972 1527 Θεοῦ,
1031 1460 1126 1514 καὶ
1169 1459 1386 1530 πνεῦμα
1433 1459 1620 1526 αὑτοῦ,
1651 1462 1866 1514 κτιστὸν
1890 1460 1945 1513 δὲ
1975 1459 2070 1512 καὶ

490 1552 694 1615 δοῦλον,
731 1551 826 1605 καὶ
859 1552 941 1605 ὅτι
992 1552 1056 1604 ἐκ
1098 1551 1317 1620 Μαρίας
1368 1552 1468 1622 τῆς
1515 1551 1754 1622 ἀδελφῆς
1787 1551 2070 1614 Μωῦσέως

493 1644 588 1698 καὶ
645 1641 858 1712 Ἀαρὼν
905 1641 1033 1695 ἄνευ
1089 1643 1297 1711 σπορᾶς
1340 1641 1558 1712 ἐτέχθη.
1608 1641 1668 1695 Ὁ
1717 1641 1826 1714 γὰρ
1875 1641 2066 1710 Λόγος,

493 1735 647 1806 φησὶ,
696 1736 790 1788 τοῦ
824 1734 984 1799 Θεοῦ,
1044 1735 1137 1802 καὶ
1173 1735 1236 1788 τὸ
1288 1736 1513 1805 Πνεῦμα
1568 1735 1816 1805 εἰσῆλθεν
1850 1737 1929 1796 είς
1968 1734 2068 1804 τὴν
2101 1794 2144 1850 Β

493 1829 713 1850 ..μη-η
773 1828 861 1850 ,ηι
898 1827 1151 1850 ι,-ι-.-...--
1188 1827 1276 1850 -ι-.
1335 1826 1539 1850 ηυξ.
1591 1829 1871 1850 --ωλμη
1917 1825 2040 1850 ι.--

492 1829 735 1900 Μαρίαν,
772 1828 866 1882 καὶ
896 1827 1153 1897 ἐγέννησε
1185 1827 1276 1881 τὸν
1335 1826 1540 1898 Ἰησοῦν
1587 1829 1871 1898 προφήτην
1915 1825 2064 1891 ὅντα,

495 1919 585 1971 καὶ
609 1917 796 1970 δοῦλον
827 1915 922 1970 τοῦ
954 1917 1110 1971 Θεοῦ.
1140 1917 1250 1971 Καὶ
1278 1917 1359 1970 ὅτι
1389 1920 1436 1970 oi.
1471 1917 1718 1970 Ἰουδαῖοι
1748 1916 2072 1986 παρανομή-

499 2028 689 2074 σαντες
711 2009 975 2080 ἐθέλησαν
1005 2010 1170 2065 αὐτὸν
1211 2009 1546 2081 σταυρῶσαι,
1581 2009 1675 2063 καὶ⁵
1699 2010 2072 2080 κρατήσαντες

496 2102 848 2174 ἐσταύρωσαν
903 2103 1002 2174 τὴν
1057 2101 1215 2155 σκιὰν
1258 2101 1458 2156 αὐτοῦ’
1489 2102 1652 2165 αὐτὸς
1681 2101 1737 2154 δὲ
1783 2099 1812 2150 6
1841 2100 2072 2170 Χριστὸς

495 2196 595 2248 ούκ
625 2193 970 2266 ἐσταυρώθη,
1011 2193 1196 2264 φησὶν,
1233 2191 1358 2246 οὕτε
1397 2191 1667 2246 ἀπέθανεν
1692 2208 1706 2222 ο
1736 2193 1765 2245 6
1794 2193 1903 2262 γὰρ
1939 2191 2070 2254 Θεὸς

497 2285 691 2340 ἐλαϐεν
723 2285 886 2338 αὐτὸν
911 2284 1056 2355 ’πρὸς
1081 2285 1274 2337 ἑαυτὸν
1308 2284 1388 2346 είς
1418 2283 1509 2336 τὸν
1536 2282 1764 2354 οὐρανὸν
1783 2283 1872 2336 διὰ
1893 2283 1954 2336 τὸ
1986 2300 2074 2352 φι-

497 2379 610 2431 λεῖν
637 2377 820 2433 αὐτόν.
859 2377 968 2430 Καὶ
991 2376 1150 2429 τοῦτο
1179 2375 1327 2444 λέγει
1352 2415 1367 2441 ,
1396 2375 1498 2441 ὅτι,
1539 2375 1632 2428 τοῦ
1653 2375 1890 2446 Χριστοῦ
1919 2375 2071 2428 ἀνελ-

501 2466 684 2529 θόντος
715 2469 795 2530 εἰς
820 2467 948 2530 τοὺς
974 2467 1272 2538 οὐρανοὺς,
1305 2464 1663 2538 ἐπηρώτησεν
1697 2467 1857 2522 αύτὸν
1884 2469 1913 2521 6
1942 2466 2074 2530 Θεὸς

500 2557 702 2626 λέγων·
730 2553 801 2610 Ὦ
842 2557 1018 2628 Ἰησοῦ
1044 2598 1058 2622 ,
1113 2560 1176 2612 σὺ
1214 2555 1397 2623 εἴπας,
1433 2559 1513 2612 ὅτι
1545 2568 1566 2596 ι
1597 2577 1615 2610 ι
1657 2560 1785 2621 Υἱός
1817 2561 1933 2628 εἰμι
1979 2559 2072 2612 τοῦ

499 2647 634 2700 Θεοῦ
657 2687 671 2711 ,
700 2648 794 2700 καὶ
821 2647 991 2712 Θεός;
1028 2667 1047 2700 ι
1081 2649 1190 2702 Καὶ
1229 2648 1526 2719 ἀπεκρίθη,
1558 2650 1740 2719 φησὶν,
1770 2651 1798 2702 6
1836 2650 2070 2721 Ἰησοῦς·

506 2760 523 2791 ι
556 2739 739 2802 Ἵλεώς
796 2757 905 2809 μοι,
950 2739 1153 2811 Κύριεσ
1207 2739 1270 2792 σὺ
1302 2736 1450 2804 οἶδας
1497 2742 1581 2794 ὅτι
1615 2742 1713 2793 οὐκ
1751 2737 1926 2806 εἷπον,
1957 2743 2074 2796 ούδέ

501 2829 838 2900 ύπερηφανῶ
868 2826 1009 2882 εἶναι
1031 2830 1215 2894 δοῦλός
1255 2848 1347 2883 σου
1375 2849 1390 2864 ο
1430 2831 1544 2884 ἀλλ’
1582 2831 1858 2903 ἄνθρωποι
1883 2834 1932 2885 οί
1968 2851 2074 2885 πα-

503 2922 735 2990 ραϐάται
784 2921 1049 2994 ἔγραψαν,
1085 2923 1168 2975 ὅτι
1220 2917 1375 2976 εἷπον
1403 2925 1492 2976 τὸν
1521 2925 1678 2994 λόγον
1710 2925 1934 2991 τοῦτον,
1986 2928 2078 2979 καὶ

499 3011 802 3080 ἐψεύσαντο
829 3014 946 3067 κατ’
981 3013 1140 3084 ἐμοῦ,
1173 3015 1269 3067 καὶ
1309 3016 1418 3068 είσὶ
1454 3018 1884 3086 πεπλανημένοι.
1919 3036 1938 3069 ι
1971 3019 2078 3071 Καὶ

499 3103 798 3174 ἀπεκρίθη,
831 3105 925 3158 καί
951 3122 1115 3175 φησιν
1147 3105 1295 3176 αύτῷ
1323 3108 1350 3160 6
1373 3106 1509 3170 Θεός
1529 3121 1542 3136 ⁸
1580 3125 1598 3157 ι
1635 3104 1765 3161 Οἶδα
1786 3109 1870 3161 ὅτι
1895 3110 1958 3162 σὺ
1979 3111 2080 3162 οὐκ

499 3195 688 3264 ἔλεγες
711 3197 800 3250 τὸν
827 3197 985 3266 λόγον
1018 3197 1229 3252 τοῦτον.
1276 3217 1296 3251 ι
1339 3200 1451 3253 Καὶ
1485 3199 1620 3253 ἄλλα
1647 3200 1818 3254 πολλὰ
1856 3218 2079 3272 τερατοι

499 3285 673 3354 λογῶν
696 3289 754 3340 έν
771 3289 836 3358 τῇ
861 3288 1086 3360 τοιαύτῃ
1116 3293 1404 3362 συγγραφῇ
1428 3291 1663 3358 γέλωτος
1699 3293 1845 3361 ἀξια,
1875 3295 2080 3364 ταύτην

501 3379 640 3446 πρὸς
685 3376 820 3432 Θεοῦ
865 3380 951 3432 ἐπ’
996 3380 1158 3434 αὑτὸν
1206 3393 1233 3422 ι
1285 3382 1676 3453 κατενεχθῆναι
1721 3385 2072 3456 φρυάττεται.

515 3469 701 3539 Ἦμῶν
728 3470 785 3522 δὲ
817 3469 1084 3539 λεγόντων
1107 3487 1119 3502 ·
1153 3473 1264 3526 Καὶ
1287 3473 1370 3536 τίς
1405 3476 1553 3527 ἐστιν
1584 3477 1612 3528 6
1637 3476 1948 3546 μαρτυρῶν,
2000 3478 2079 3528 ὅτι

503 3559 721 3629 γραφὴν
748 3559 898 3630 αὐτῷ
921 3560 1151 3614 δέδωκεν
1171 3563 1198 3614 6
1223 3560 1388 3626 Θεός;
1415 3562 1508 3615 καὶ
1534 3562 1618 3626 τίς
1646 3563 1755 3616 τῶν
1785 3561 2080 3634 προφητῶν

505 3655 764 3724 προεῖπεν
793 3653 874 3706 ὅτι
896 3652 1137 3716 τοιοῦτος
1161 3654 1446 3708 ἀνίσταται
1478 3655 1764 3725 προφήτης
1789 3673 1803 3721 ;
1842 3657 1934 3709 καὶ
1963 3657 2080 3709 δια-

505 3743 814 3814 πορούντων
844 3743 1052 3808 αὐτῶν,
1100 3744 1176 3806 ὼς
1207 3745 1236 3796 6
1275 3745 1514 3816 Μωῢσῆς
1547 3745 1641 3799 τοῦ
1669 3745 1802 3798 Θεοῦ
1848 3747 1988 3800 κατὰ
2021 3747 2082 3799 τὸ

507 3834 636 3888 Σινὰ
671 3835 796 3905 ὅρος
822 3837 910 3888 ἐπ’
936 3835 1111 3905 ὅψεως
1141 3835 1340 3898 παντὸς
1361 3834 1455 3888 τοῦ
1485 3834 1641 3900 λαοῦ,
1673 3835 1692 3907 [
1719 3836 1744 3876 b
1770 3837 1828 3888 ἐν
1860 3837 2076 3910 νεφέλῃ,

511 3928 605 3980 καὶ
649 3928 804 3998 πυρὶ,
840 3927 933 3979 καὶ
959 3926 1141 3995 γνόφῳ
1162 3966 1176 3990 ,
1210 3927 1303 3980 καὶ
1335 3926 1530 4000 θυέλλῃ
1558 3927 1822 3996 φανέντος
1865 3928 2082 3992 ἐδέξατο

506 4020 598 4074 τὸν
630 4019 818 4090 νόμον.
864 4019 975 4071 Καὶ
1003 4019 1084 4072 ὅτι
1135 4020 1336 4082 πάντες
1363 4021 1412 4072 οἱ
1447 4023 1740 4091 προφῆται.
1769 4019 1877 4074 ἀπὸ
1916 4021 2082 4074 Μωῦ-

511 4111 647 4174 σέως
668 4113 763 4164 καὶ
788 4111 1025 4179 καθεξῆς
1055 4110 1380 4182 ἀρξάμενοι,
1423 4113 1554 4182 περὶ
1587 4111 1688 4180 τῆς
1727 4111 1824 4165 τοῦ
1847 4113 2082 4182 Χριστοῦ

509 4203 813 4274 παρουσίας
857 4201 1292 4273 προηγόρευσαν,
1321 4202 1416 4255 καὶ
1449 4203 1532 4255 ὅτι
1578 4203 1710 4266 Θεὸς
1757 4205 1786 4256 6
1829 4203 2082 4275 Χριστὸς,

513 4296 604 4348 καὶ
630 4293 766 4348 Θεοῦ
809 4293 938 4357 Υίὸς
967 4291 1341 4363 σαρκούμενος
1371 4292 1524 4363 ἥξει,
1567 4292 1662 4347 καὶ
1704 4293 2085 4363 σταυρωθησόυ

514 4403 693 4456 μενος,
729 4385 822 4440 καὶ
873 4385 1125 4457 θνήσκων
1176 4395 1222 4450 α,
1254 4387 1348 4439 καὶ
1386 4384 1851 4456 ἀναστησόμενοςο
1885 4386 1982 4440 καὶ
2004 4387 2086 4439 ὅτι

2170 550 2420 621 Novique
2447 551 2786 608 'l‘estamenti
2820 552 3128 616 incidisset,
3159 551 3364 607 habitis
3390 565 3512 604 cum
3541 548 3746 604 Ariano

2170 643 2406 710 quodam
2437 642 2706 696 monacho
2722 643 3032 712 colloquiis,
3063 643 3341 711 prepriam
3379 649 3581 695 sectam
3615 655 3747 694 con-

2171 733 2331 787 didit.
2369 732 2509 787 Tum
2549 734 2847 788 conciliato
2887 733 2991 789 sibi
3048 734 3228 802 gentis
3275 731 3462 785 favore
3492 747 3588 800 per
3617 733 3747 786 reli-

2169 825 2348 898 gionis
2393 833 2447 879 et
2497 826 2721 895 pietatis
2756 825 2987 886 larvam,
3023 825 3228 892 scripta
3267 823 3376 877 sibi
3409 821 3589 876 delata
3623 838 3746 877 esse

2169 919 2236 973 de
2274 917 2436 979 coelo,
2489 917 2770 985 missaque
2814 931 2843 968 a
2887 916 2996 970 Deo
3045 913 3386 986 praedicavit.
3451 913 3742 978 Quocirca,

2169 1011 2416 1065 exaratis
2453 1011 2506 1064 in
2558 1009 2699 1064 libro
2740 1023 2841 1062 suo
2888 1005 3382 1061 lucubratiunculis
3410 1003 3742 1074 quibusdam

2169 1103 2284 1158 risu
2339 1101 2726 1173 dignissimis,
2785 1100 2933 1154 hunc
2992 1098 3101 1154 illis
3147 1097 3367 1153 colendi
3424 1097 3521 1151 Dei
3575 1096 3744 1149 ritum

2170 1194 2362 1249 tradit.

2242 1286 2424 1342 Unum
2462 1284 2634 1340 Deum
2671 1283 2823 1353 ponit
2858 1283 3100 1338 universi
3163 1289 3468 1344 auctorem,
3504 1283 3598 1352 qui
3645 1295 3748 1336 nec

2170 1380 2388 1449 genitus
2419 1378 2511 1443 sit,
2548 1376 2646 1431 nec
2683 1375 2932 1446 genuerit
2957 1373 3106 1442 (Sur.
3141 1373 3286 1442 2-4).
3327 1371 3607 1426 Christum
3651 1385 3749 1424 au-

2170 1485 2280 1530 tem
2308 1473 2398 1528 Dei
2434 1469 2672 1526 Verbum
2703 1484 2826 1524 esse
2871 1467 3028 1528 dicit,
3060 1467 3292 1536 ejusque
3345 1463 3621 1534 spiritum,
3654 1461 3748 1515 sed

2170 1574 2418 1622 creatum
2465 1571 2519 1617 et
2572 1577 2824 1626 servum,
2875 1576 2942 1615 ex
2993 1558 3164 1612 Maria
3205 1573 3396 1612 sorore
3445 1554 3648 1626 Moysis
3695 1558 3752 1606 et

2169 1659 2350 1715 Aaron
2394 1659 2512 1713 sine
2559 1655 2771 1710 semine
2825 1661 3040 1705 natum.
3085 1649 3322 1704 Verbum
3380 1648 3584 1717 quippe
3631 1643 3748 1707 Dei,

2173 1753 2374 1821 inquit,
2408 1765 2532 1804 cum
2571 1749 2626 1802 in
2684 1745 2906 1799 Mariam
2951 1743 3280 1802 intrbiisset,
3314 1740 3502 1794 .lcsum
3535 1736 3747 1808 genuit,

2171 1843 2266 1915 qui
2297 1840 2563 1912 propheta
2598 1845 2653 1891 et
2707 1834 2802 1888 Dei
2829 1847 3025 1888 servus
3073 1830 3194 1884 fuit.
3228 1827 3384 1884 Hunc
3415 1841 3538 1882 cum
3574 1823 3748 1878 Judaei

2173 1949 2270 2007 per
2303 1945 2581 1988 summum
2632 1926 2790 1982 nefas
2845 1925 2900 1978 in
2953 1936 3176 1978 crucem
3223 1933 3386 1990 agere
3417 1917 3749 1976 voluissent,

2172 2003 2796 2096 apprehendissentquc,
2855 2014 3033 2084 ipsius
3097 2009 3318 2081 quidem
3379 2007 3633 2060 umbram
3670 2003 3754 2056 af-

2173 2111 2575 2173 ﬁxerunlcruci
2609 2109 2759 2180 (Sur.
2784 2107 2905 2176 5-4)
2929 2125 2941 2159 :
2963 2104 3222 2160 Christus
3250 2114 3384 2155 vero
3410 2113 3509 2153 nec
3531 2110 3748 2151 crucem

2173 2223 2274 2262 nec
2299 2214 2528 2260 mortem
2557 2199 2747 2256 subiit.
2776 2196 2910 2249 Eum
2931 2195 3135 2264 quippe
3164 2190 3326 2255 Deus,
3348 2188 3475 2257 quia
3496 2185 3602 2241 sibi
3621 2185 3748 2238 cha-

2175 2299 2430 2354 rissimus
2455 2301 2600 2352 erat.
2635 2289 2994 2344 transtulerat
3027 2287 3084 2339 in
3123 2283 3347 2338 cmlum.
3399 2279 3542 2333 Illud
3583 2276 3749 2332 etiam

2175 2395 2364 2444 narrat
2395 2385 2542 2455 (Sur.
2575 2382 2642 2450 4)
2665 2421 2679 2444 ,
2715 2380 3021 2442 Christum,
3059 2391 3184 2430 cum
3227 2375 3281 2428 in
3320 2372 3522 2427 ctelum
3559 2381 3756 2423 ascen-

2175 2480 2368 2544 disset,
2400 2479 2801 2544 interrogatum
2839 2485 2868 2524 a
2905 2469 3013 2524 Deo
3047 2467 3242 2531 fuisse,
3277 2479 3407 2518 num
3434 2477 3494 2517 se
3530 2460 3624 2514 Dei
3655 2456 3751 2511 Fi-

2175 2573 2307 2627 lium
2337 2585 2462 2626 esse
2487 2566 2722 2621 dixisset
2751 2582 2764 2617 :
2789 2561 2979 2617 Jesum
3016 2574 3147 2615 vero
3195 2558 3297 2612 hoc
3331 2555 3493 2609 modo
3521 2566 3752 2620 respon-

2175 2662 2323 2718 disse
2357 2679 2370 2716 :
2409 2679 2427 2712 ι
2461 2657 2739 2728 Propitius
2771 2654 2904 2708 mihi
2930 2653 3032 2715 sis,
3061 2650 3309 2706 Domine.
3344 2648 3465 2704 Scis
3494 2661 3579 2698 me
3608 2659 3753 2697 nun-

2177 2768 2340 2823 quam
2375 2751 2430 2805 id
2463 2751 2708 2804 locutum
2743 2761 2891 2809 esse,
2944 2757 3125 2811 neque
3171 2752 3322 2794 tuam
3365 2752 3452 2792 me
3509 2734 3754 2789 fastidire

2178 2846 2520 2900 servitutem.
2545 2840 2747 2893 Verum
2769 2836 3020 2893 homines
3039 2831 3272 2902 improbi
3301 2831 3407 2884 hoc
3439 2843 3524 2882 me
3548 2826 3756 2879 dixisse

2181 2935 2522 2992 mendaciter
2579 2932 2928 3000 scripserunt
2973 2933 3166 2981 contra
3206 2939 3312 2985 me,
3350 2936 3658 2990 magnoque
3700 2919 3753 2970 in

2179 3043 2368 3085 errore
2401 3033 2718 3080 versantur.
2756 3040 2773 3072 ι
2831 3019 2968 3074 Tum
3026 3017 3195 3072 Deum
3235 3015 3311 3069 illi
3351 3012 3752 3080 respondisse:

2107 3140 2148 3196 ο
2187 3142 2206 3176 ι
2249 3121 2386 3176 Novi
2439 3127 2492 3174 te
2527 3129 2839 3172 sermonem
2897 3112 3043 3166 hunc
3085 3108 3314 3163 minime
3367 3104 3689 3176 protulisse.
3731 3118 3750 3151 ο

2179 3216 2300 3270 Alia
2335 3213 2565 3280 insuper
2597 3209 2765 3263 multa
2813 3213 3070 3277 portento
3115 3201 3313 3256 similia
3361 3199 3416 3252 in
3466 3197 3568 3250 hoc
3615 3193 3758 3246 libro

2181 3304 2640 3363 comminiscitur,
2675 3315 2739 3354 ac
2771 3299 2932 3368 plane
2967 3295 3223 3349 ridicula.
3261 3289 3375 3344 Hoc
3403 3287 3624 3357 quidem
3657 3299 3754 3337 vo-

2181 3400 2366 3453 lumen
2398 3411 2427 3449 a
2459 3394 2573 3448 Deo
2607 3391 2714 3448 sibi
2754 3389 3054 3443 demissum
3097 3383 3380 3454 gloriatur.
3413 3379 3525 3433 Nos
3552 3389 3680 3430 vero
3711 3374 3757 3428 si

2182 3486 2560 3546 sciscitemur,
2589 3496 2698 3552 quo
2725 3488 2864 3535 teste
2896 3479 3098 3530 librum
3133 3474 3223 3527 ille
3255 3487 3284 3524 a
3328 3471 3438 3523 Dco
3461 3465 3755 3535 acceperit,

2182 3579 2376 3649 quisve
2405 3575 2794 3645 prophetarum
2827 3567 3103 3639 ejusmodi
3139 3564 3457 3636 pr0phetam
3501 3571 3760 3614 exsurre-

2183 3647 2403 3723 cturum
2453 3661 2880 3736 prrenuntiarit;
2945 3656 3331 3712 haesitantibus
3381 3652 3527 3713 illis,
3603 3647 3760 3718 112

2183 3760 2524 3829 reponimus,
2561 3755 2776 3824 Moysen
2813 3761 2944 3804 tunc
2973 3749 3254 3818 accepisse
3294 3747 3465 3816 legem
3491 3743 3544 3796 in
3581 3748 3764 3794 monte

2186 3851 2338 3916 Sina,
2371 3864 2496 3903 cum
2537 3846 2702 3910 Deus,
2737 3843 3000 3897 universo
3035 3839 3237 3910 populo
3273 3835 3646 3906 conspiciente
3682 3829 3762 3902 [in

2184 3944 2353 4004 nube,
2409 3942 2554 4012 igne,
2587 3937 2862 4006 caligine,
2908 3942 2964 3988 et
3005 3930 3248 4002 procella
3295 3944 3354 3984 se
3408 3925 3761 3982 manifestum

2184 4037 2473 4108 prazberet,
2507 4041 2670 4100 atque
2694 4042 2888 4082 omnes
2921 4024 3241 4096 prophetas,
3263 4036 3290 4074 a
3313 4020 3497 4090 Moyse
3523 4023 3577 4072 et
3607 4015 3764 4070 dein-

2185 4143 2312 4198 ceps
2331 4126 2624 4180 adventum
2651 4119 2860 4176 Christi
2879 4118 2972 4172 ditt
2999 4127 3122 4170 ante
3150 4114 3500 4186 praedixisse,
3523 4111 3766 4174 itemque

2185 4221 2467 4275 Christum
2522 4215 2729 4277 lleum,
2779 4212 2986 4282 Deique
3039 4208 3234 4263 Filium
3259 4209 3540 4270 assumpta
3598 4211 3766 4251 carne

2185 4319 2506 4371 venturum,
2543 4308 2597 4359 in
2625 4318 2848 4358 crucem
2882 4308 3069 4354 actum
3123 4297 3212 4361 iri,
3257 4293 3586 4347 moriturum
3619 4301 3763 4350 esse,

2187 4410 2242 4456 et
2273 4416 2302 4453 a
2343 4398 2577 4454 mortuis
2613 4400 3082 4451 resurrecturum,
3117 4384 3482 4452 eumdemque
3517 4379 3763 4433 futurum

509 4481 702 4553 κριτὴς
757 4474 912 4544 οὗτος
965 4478 1183 4545 ζώντων
1231 4481 1328 4534 καὶ
1375 4478 1586 4549 νεκρῶν
1609 4495 1624 4510 ’
1676 4479 1770 4532 καὶ
1823 4478 2077 4548 λεγόντωη

2195 4492 2442 4545 vivorum
2483 4493 2538 4540 et
2580 4490 2926 4537 mortuorum
2976 4476 3241 4544 judicem.
3291 4472 3376 4526 Ab
3422 4471 3509 4525 his
3546 4483 3677 4538 ergo
3717 4467 3765 4521 si

511 4576 544 4645 ἡ
553 4574 688 4645 μῶν,
711 4574 836 4636 Πῶς
855 4573 953 4644 οὐχ
981 4572 1153 4636 οὕτως
1173 4569 1335 4644 ἦλθεν
1354 4574 1382 4626 6
1406 4572 1690 4643 προφήτης
1721 4570 1895 4642 ὑμῶν,
1913 4571 2090 4626 ἄλλων

2201 4593 2536 4652 quaeramus,
2571 4574 2684 4628 Cur
2718 4588 2826 4626 non
2885 4569 2989 4623 hoc
3037 4565 3202 4621 modo
3233 4564 3444 4620 venerit
3500 4559 3766 4632 pr0pheta

515 4667 934 4738 μαρτυρούντων
977 4667 1106 4736 περὶ
1138 4665 1304 4719 αὑτοῦ
1332 4703 1347 4726 ,
1386 4665 1507 4717 οὐδὲ
1539 4666 1821 4736 παρόντων
1843 4663 2019 4734 ὑμῶν,
2062 4666 2077 4717 ί

2197 4649 2400 4732 vester,
2428 4668 2554 4721 aliis
2595 4664 2698 4734 ipsi
2731 4660 3106 4717 testimonium
3139 4653 3588 4727 perhibentibus;
3631 4649 3766 4719 quin

510 4756 663 4820 Θεὸς,
685 4756 761 4820 ὡς
787 4756 866 4826 τῷ
904 4757 1128 4809 Μωῦσεῖ
1177 4755 1464 4826 βλέποντος
1490 4755 1584 4808 τοῦ
1622 4755 1774 4821 λαοῦ,
1828 4756 2088 4820 καπνιζο-

516 4849 676 4916 μένου
706 4849 868 4920 ὄρους
887 4848 1088 4901 δέδωκε
1128 4849 1221 4900 τὸν
1248 4847 1432 4917 νόμον,
1465 4848 1700 4917 κάκείνῳ
1728 4847 1828 4918 τὴν
1848 4849 2087 4919 γραφὴν,

512 4941 581 5009 ίήν
607 4957 763 5008 φατε,
796 4941 1095 5010 παρέσχεν,
1141 4941 1226 4993 ἵνα
1256 4939 1349 4992 καὶ
1384 4940 1542 5008 ὑμεῖς
1562 4938 1622 4991 τὸ
1654 4938 1868 5008 βέϐαιον
1893 4939 2087 5011 έχητε;

2199 4780 2301 4820 nec
2323 4760 2479 4816 vobis
2507 4757 2730 4827 quidem
2785 4751 3160 4814 cernentibus,
3204 4749 3347 4804 Deus
3373 4745 3538 4802 veluti
3575 4743 3766 4813 Moysi,

2199 4859 2486 4926 spectante
2516 4847 2717 4920 populo
2749 4856 2803 4900 et
2853 4853 3036 4898 monte
3097 4842 3420 4911 fumigante,
3464 4840 3634 4908 legem
3670 4835 3768 4887 de-

2196 4925 2372 5006 derat.
2415 4945 2496 4998 sic
2532 4942 2608 4995 illi
2655 4939 2884 5008 scripta,
2921 4952 3044 5006 quae
3093 4930 3560 4989 commemoratis,
3591 4925 3768 4979 tradi-

515 5031 923 5102 ἀποκρίνονται,
958 5033 1041 5086 ὅτι
1065 5035 1093 5086 6
1137 5031 1268 5096 Θεὸς
1291 5032 1391 5085 ὅσα
1424 5030 1568 5084 θέλει
1602 5033 1765 5084 ποιεῖ.
1798 5031 1969 5086 Τοῦτο
1999 5034 2077 5086 κατ

2200 5037 2362 5103 derit,
2409 5042 2467 5090 ut
2498 5048 2594 5088 vos
2644 5031 2722 5086 rei
2751 5035 2921 5100 gestae
2961 5026 3233 5081 certiores
3266 5020 3512 5080 essetis?
3538 5029 3769 5084 respon-

1803 5171 2031 5228 VABIAE
2071 5171 2476 5230 LECTIONES.

589 5348 617 5389 1
647 5338 780 5396 Cod.
825 5339 890 5392 R.
922 5338 1066 5394 2508
1097 5338 1153 5399 ὃς
1182 5334 1515 5406 περιτυχὼν
1542 5332 1835 5406 Ἑϐραίοις,
1866 5333 1962 5387 καὶ
1991 5335 2340 5406 Χριστιανοῖς
2361 5335 2540 5404 δῆθεν.
2574 5335 2667 5406 καὶ
2714 5330 3180 5406 ξΑ-ρειανοῖςηκαὶ.
3198 5321 3777 5406 Νεστοριαγοῖξς-ζῑαξῖ

514 5386 1364 5479 ταῇίάόἐῖεἷ’ἀῇὗᾶἇμὲῖιρξζτέξς
1383 5386 1660 5479 ’ζίουδαέίων
1691 5386 2161 5479 μὲνῗμζοναρχιίαν,
2190 5386 2248 5469 ἐξ
2622 5405 2679 5479 δέ
2707 5386 2878 5479 Λόγον
2915 5386 3268 5479 καῗ.’.1ίνεῦρ.α
3299 5386 3518 5479 mitiga-ti"
3537 5386 3771 5479 ἓξὲξ

517 5455 897 5550 Νετττοριανῶν
916 5455 1451 5550 ἆνθρῶπολατρὲίαν.
1489 5476 1582 5526 καὶ
1612 5455 1791 5550 ἑαύτίρ
1822 5455 2120 5550 θρησκέῗαν
2150 5455 2538 5546 περιποιεῖται.
2562 5475 2671 5526 Καὶ
2700 5455 3516 5550 προφάσει,ᾆῆςζῗζίξᾳεῗσεξῗίας·
3535 5455 3595 5508 τὸ
3616 5455 3773 5536 ἔθνος

520 5543 971 5626 εἰσποιησάμενος
1003 5543 1410 5626 τῇρεῄπαὶζαιξ,
1446 5560 1567 5626 qua:
1589 5543 2239 5626 adscititiapsselectqr'
2271 5562 2430 5611 sagax
2466 5544 2843 5626 persentiscat.

2927 5549 2948 5574 π
2987 5526 3216 5588 “.9508
3242 5532 3333 5583 τὸν
3363 5528 3521 5593 λόγον
3557 5526 3768 5590 τοῦτον,

521 5620 624 5672 ὅτι.
913 5601 1124 5688 εοὶυτξῡ,
1161 5614 1224 5667 Β.
1254 5601 1408 5688 2508⁷
1444 5601 1644 5688 ἐαυτῷ.
1670 5614 1893 5688 Αιὶἰῌέπ’
1919 5615 2101 5688 αὐτόν.
2157 5615 2248 5668 Sic
2285 5601 2440 5668 vetus
2465 5601 2733 5688 interpres
2767 5610 2922 5688 [Iane
2961 5607 3158 5688 scilicet
3212 5603 3771 5688 scripturapt,nqlqrrrrt

523 5690 658 5741 dixit
691 5665 948 5750 Δηοῖ-οη,
979 5705 1010 5740 a
1052 5686 1156 5738 Deo
1193 5699 1343 5747 super
1379 5666 1894 5753 ipmmd'csccndisse
1919 5665 2116 5753 jactnt.
2172 5665 2812 5753 vlt—llaccwquaauncinis
2867 5677 3199 5732 clauduntur
3251 5665 3449 5730 desunt
3491 5667 3545 5721 in
3577 5667 3610 5719 Ξ
3637 5665 3766 5734 Reg.

523 5767 582 5814 et
609 5767 713 5816 vet.
750 5760 939 5816 transl.
1018 5769 1038 5797 ε
1073 5757 1136 5811 R.
1171 5753 1312 5810 ⁸2508
1339 5752 1724 5820 τεθνηξόμενός
1752 5769 1830 5804 τε.
