4104 6148
408 278 515 343 ἾῦἸ

1587 278 1647 338 S.
1689 272 2010 339 JOANNIS
2031 271 2468 340 DAMASCENI

3572 279 3689 345 758

410 399 543 454 dent
577 396 748 453 Deum
787 396 969 454 facere
991 411 1115 467 quae
1138 395 1242 467 ipsi
1270 394 1592 450 allubuerit.
1632 395 1686 450 Id
1720 397 1866 466 quod
1895 413 1996 452 nos

2110 399 2282 468 ἡμεῖς,
2313 397 2512 468 φαμὲν,
2547 397 2772 468 οῖδαμεν
2791 413 2806 426 ·
2831 397 2948 452 ἀλλ’
2974 397 3172 468 ὅπωςή
3203 395 3387 468 γραφὴ
3408 397 3690 467 κατῆλθεν

412 507 635 561 quoque
659 492 903 562 protiteri
931 490 1173 546 dicimus
1206 510 1218 545 :
1254 490 1351 545 sed
1388 505 1495 560 qua
1531 489 1750 544 tandem
1788 493 1998 546 ratione

411 584 686 653 scriptura
740 584 840 637 ista
872 581 938 634 ad
976 580 1300 649 pr0phetam
1345 588 1592 636 vestrum
1624 580 1867 636 demissa
1903 582 1997 646 sit,

413 676 518 730 hoc
562 689 846 744 rogamus.
883 672 1239 742 Respondent
1282 687 1402 728 eam
1436 688 1604 742 super
1637 672 1790 726 illum
1845 689 1996 728 som-

411 783 485 822 no
529 768 911 837 quiescentem
938 766 1218 836 delapsam
1251 781 1396 822 esse.
1440 766 1579 820 Tum
1614 782 1714 820 nos
1745 767 1997 835 iocosum

411 858 514 912 hoc
554 859 634 913 eis
676 858 1005 926 obiicimus:
1034 857 1501 926 Quandoquidem
1535 857 1869 926 scripturam
1904 873 1993 911 ex-

2101 491 2180 552 εἰς
2207 489 2298 542 τὸν
2324 491 2606 560 προφήτην
2645 490 2822 559 ὑμῶν,
2860 490 3173 562 ἐρωτῶμεν.
3216 489 3328 541 Καὶ
3355 489 3690 558 ἀποκρίνον-

2099 599 2212 645 ται,
2245 583 2329 635 δτι
2371 583 2430 635 ἐν
2457 583 2566 653 ὅσῳ
2610 585 2892 654 κοιμᾶται,
2941 581 3148 652 κατέϐη
3189 582 3222 653 ἠ
3257 582 3448 652 γραφὴ
3499 583 3693 635 ἐπάνω

2101 673 2293 728 αὐτοῦ.
2325 675 2436 729 Καὶ
2463 675 2524 728 τὸ
2543 675 2832 744 γελοιῶδες
2852 674 2993 746 πρὸς
3020 674 3218 736 αὐτοὺς
3237 673 3469 742 λέγομεν
3497 675 3689 742 ἡμεῖς’

2101 767 2183 822 ὅτι
2217 768 2402 822 λοιπὸν
2427 768 2616 840 ἐπειδὴ
2644 770 2990 839 κοιμώμενος
3033 765 3254 832 ἐδέξατο
3298 765 3396 836 τὴν
3437 765 3687 835 γραφὴν,

2086 863 2196 931 ,καὶ
2221 861 2322 915 οὐκ
2351 861 2548 932 ᾔσθετο
2590 861 2690 931 τῆς
2723 860 3026 932 ἐνεργείας,
3067 859 3147 922 εις
3191 857 3355 914 αὐτὸν
3389 859 3690 930 ἐπληρώθη

411 950 558 1018 cepit
607 949 912 1009 dormiens.
953 963 1054 1002 nec
1101 947 1272 1002 divini
1332 947 1484 1002 illius
1514 947 1816 1017 quidquam
1849 948 2000 1002 aliia-

411 1047 504 1093 tus
537 1040 739 1105 sensit,
791 1040 845 1093 in
900 1039 1079 1109 ipsum
1112 1049 1259 1095 recte
1292 1039 1440 1093 cadit
1470 1038 1665 1092 tritum
1706 1039 1842 1093 illud
1869 1039 1999 1094 ada-

411 1131 560 1200 gium
599 1129 714 1201 ..η

482 1223 728 1278 Rursum
785 1223 917 1278 dum
953 1222 1277 1293 quzerimus,
1314 1221 1586 1286 Curnam,
1627 1235 1754 1276 cum
1789 1221 1907 1290 ipse
1943 1220 1998 1275 in

2179 1217 2353 1273 Πάλιν
2375 1219 2406 1288 ἠ
2416 1217 2533 1288 μῶν
2559 1217 2888 1289 ἐρωτώντων
2907 1234 2922 1248 ο
2950 1217 3073 1281 Πῶς
3112 1216 3279 1271 αὑτοῦ
3308 1217 3692 1288 ἐντειλαμένου

411 1318 690 1387 scriptura
716 1325 898 1372 vestra
929 1315 1076 1386 (Sur.
1103 1315 1220 1384 4-5)
1235 1314 1495 1376 vetuerit,
1520 1328 1587 1368 ne
1615 1312 1746 1382 quid
1772 1315 2002 1367 remotis

2110 1311 2241 1380 ἡμῖν
2264 1311 2320 1364 ἐν
2350 1314 2416 1382 τῇ
2465 1314 2652 1382 γραφῇ
2688 1311 2865 1382 ὑμῶν,
2919 1311 3085 1381 μηδὲν
3129 1312 3326 1374 ποιεῖν,
3371 1310 3693 1381 ἥδέχεσθαι

413 1409 643 1464 arbitris
661 1409 902 1479 ageretis
923 1415 1018 1461 aut
1051 1407 1405 1476 acciperetis,
1433 1406 1502 1459 ab
1531 1406 1652 1476 ipso
1677 1413 1859 1460 tamen
1890 1421 2002 1461 non

2110 1405 2236 1460 ἄνευ
2277 1405 2601 1476 μαρτύρων,
2626 1405 2726 1458 οὐκ
2755 1405 3076 1475 ἠρωτήσατε
3120 1403 3316 1466 αὐτὸν,
3345 1404 3425 1456 ὅτι
3462 1403 3697 1474 Πρῶτον

413 1501 678 1571 petiistis,
718 1511 779 1556 ut
809 1502 1048 1572 primum
1079 1509 1252 1558 testes
1283 1501 1638 1572 produceret,
1676 1502 1770 1570 qui
1817 1501 2000 1568 ipsum

2110 1497 2267 1560 αὐτὸς
2295 1496 2580 1562 ἀπόδειξον
2605 1497 2695 1551 διὰ
2732 1496 3048 1567 μαρτύρων,
3070 1495 3153 1550 ὅτι
3184 1496 3464 1566 προφήτης
3495 1492 3565 1561 εἶ,
3595 1497 3695 1550 καὶ

411 1604 468 1647 et
501 1594 823 1663 prophetam
857 1607 984 1648 esse
1009 1593 1462 1662 pronuntiarent,
1499 1600 1664 1661 atque
1691 1606 1720 1644 a
1764 1590 1872 1647 Deo
1911 1607 2002 1646 ve-

2110 1589 2190 1643 ὅτι
2216 1588 2323 1644 ἀπὸ
2343 1587 2478 1642 Θεοῦ
2509 1587 2749 1658 ἐξῆλθες,
2777 1589 2871 1642 καὶ
2895 1586 3025 1641 ποία
3053 1587 3237 1656 γραφὴ
3267 1588 3534 1657 μαρτυρεῖ
3561 1587 3692 1658 περὶ

411 1685 565 1740 nisse
589 1703 603 1751 ;
637 1695 804 1754 utque
831 1685 1053 1739 demum
1077 1683 1320 1748 doceret,
1345 1699 1596 1753 quaenam
1623 1683 1910 1754 Scriptura
1933 1684 2004 1739 de

2111 1680 2238 1746 σοῦ;
2284 1681 2564 1735 σιωπῶσιν
2597 1681 2929 1750 αἰδούμενοι.
2990 1680 3206 1751 Ἐπειδὴ
3240 1681 3478 1748 γυναῖκα
3516 1679 3696 1750 γῆμαι

411 1789 473 1829 se
518 1774 898 1830 testimonium
939 1775 1175 1830 tulerit?
1204 1783 1340 1829 tunc
1382 1790 1496 1845 pra:
1549 1774 1762 1844 pudore
1812 1774 1995 1829 silent.

2110 1771 2206 1825 οὐκ
2251 1771 2462 1838 ἔξεστιν
2506 1774 2633 1842 ὑμῖν
2667 1747 2795 1826 ἀνευ
2833 1771 3165 1844 μαρτύρων,
3195 1747 3330 1826 ⁷οὐδὲ
3375 1747 3695 1842 ἀγοράζειν,

411 1865 625 1932 Quibus
658 1866 855 1922 merito
880 1867 1272 1936 subiungimus
1303 1883 1316 1919 :
1342 1865 1618 1930 Quoniam
1647 1881 1747 1921 nec
1770 1880 2006 1921 uxorem

2110 1862 2228 1916 οὺδέ
2249 1863 2507 1925 κτᾶσθαι.
2539 1863 2665 1917 οὔτε
2686 1864 2744 1918 δέ
2781 1865 2942 1934 ὑμεῖς
2966 1865 3120 1918 αὐτοὶ
3157 1864 3521 1934 καταδέχεσθε
3550 1865 3692 1930 δνον,

410 1957 616 2014 ducere
650 1960 806 2015 vobis
845 1959 1058 2030 absque
1082 1959 1322 2014 testibus
1350 1959 1503 2025 licet,
1538 1973 1641 2014 nec
1668 1974 1874 2026 emere,
1900 1973 2004 2014 nec

2110 1953 2142 2024 ἢ
2180 1953 2378 2024 κτῆνος
2419 1956 2736 2027 ἀμάρτυρον
2764 1956 2908 2026 ἔχειν
2928 1973 2942 1986 °
2986 1955 3140 2028 ἔχετε
3171 1956 3270 2026 μὲν
3291 1958 3386 2012 καὶ
3404 1959 3692 2026 γυναῖκας,

411 2049 724 2117 acquirere,
749 2049 823 2102 ita
855 2057 914 2102 ut
942 2065 1011 2104 ne
1035 2049 1255 2105 asinum
1292 2048 1538 2119 quidem,
1573 2065 1754 2118 neque
1781 2049 2004 2120 iumen-

2110 2049 2199 2102 καὶ
2225 2049 2500 2118 κτήματα,
2536 2053 2626 2102 καὶ
2647 2049 2821 2116 ὅνους,
2847 2051 2942 2104 καὶ
2971 2051 3042 2104 τὰ
3060 2049 3225 2104 λοιπά
3249 2050 3338 2104 διὰ
3371 2051 3685 2122 μαρτύρων,

411 2146 528 2192 tum
571 2139 686 2193 ﬁeri
717 2149 961 2195 vestrum
1000 2140 1120 2196 sine
1152 2141 1392 2195 testibus
1427 2142 1751 2198 sustineatis
1792 2160 1804 2196 :
1849 2156 2002 2196 cum-

2110 2138 2279 2209 μόνην
2333 2139 2390 2192 δὲ
2426 2139 2644 2204 πίστιν,
2675 2140 2770 2194 καὶ
2803 2139 3022 2210 γραφὴν
3064 2139 3383 2210 ἀμάρτυρον
3430 2141 3608 2209 ἔχετε·
3657 2142 3688 2193 ὁ

411 2245 522 2299 que
559 2245 782 2296 uxores,
819 2233 1202 2301 possessiones
1232 2241 1286 2287 et
1322 2233 1534 2302 reliqua
1573 2233 1814 2289 testibus
1841 2233 2001 2287 adhi-

2110 2231 2214 2300 γάρ
2239 2229 2446 2302 ταύτην
2467 2231 2596 2300 ὑμῖν
2618 2231 2894 2302 παραδοὺς
2921 2229 3220 2300 οὐδαμόθεν
3237 2231 3352 2300 ἔχει
3373 2231 3431 2283 τὸ
3450 2231 3686 2301 βέϐαιον,

2102 953 2164 1006 τὸ
2196 953 2293 1023 τῆς
2322 953 2605 1023 δημώδους
2640 953 2940 1026 παροιμίας
2970 951 3020 1005 τι.
3063 991 3077 1007 .
3110 991 3126 1006 .
3166 991 3179 1004 .
3207 950 3226 1022 ]

413 2321 544 2375 bitis
568 2324 921 2391 comparetis.
948 2324 1122 2379 solam
1159 2325 1318 2378 tidem
1367 2325 1729 2381 nihilominus
1754 2332 1808 2380 et
1870 2327 2004 2381 scri-

305 2461 310 2464 _
414 2421 633 2481 pturam
670 2415 822 2468 nullo
869 2422 1008 2469 teste
1061 2416 1390 2484 suscipitis?
1418 2415 1555 2469 Nam
1573 2415 1668 2484 qui
1698 2416 1856 2472 vobis
1881 2431 2000 2470 eam

413 2502 668 2565 tradidit,
714 2504 862 2557 nulla
899 2513 1050 2574 parte
1078 2505 1468 2558 certiludinem
1496 2505 1682 2559 habet.
1715 2516 1817 2560 rrec
1847 2507 2004 2575 quis-

412 2603 577 2656 quam
595 2590 688 2659 qui
719 2598 847 2646 ante
871 2592 945 2646 sit
963 2592 1292 2648 testiﬁcatus
1320 2594 1574 2650 exsistit:
1603 2593 1854 2664 quinimo
1877 2609 2003 2649 cum

415 2680 509 2735 ille
532 2695 837 2750 oppressus
889 2699 1084 2739 somno
1111 2685 1348 2754 iaceret,
1386 2702 1506 2742 eam
1541 2687 1774 2755 accepit.
1813 2685 1919 2742 Sed
1951 2695 2006 2742 et

417 2789 519 2829 nos
565 2775 904 2846 ἐταιριστάς,
956 2777 1124 2842 idest,
1174 2775 1500 2840 Sociatores.
1539 2779 1842 2847 appellant,
1877 2779 2007 2848 quia

417 2867 631 2920 socium
660 2867 918 2945 inquiunt
946 2884 1049 2925 nos
1083 2869 1192 2926 Deo
1225 2871 1549 2942 adiungere,
1583 2870 1820 2926 dicendo
1843 2869 2006 2924 Chri-

418 2966 564 3013 stum
585 2974 709 3014 essc
734 2958 826 3014 Dei
854 2959 1158 3025 Filium,ac
1191 2965 1380 3018 Deum.
1411 2962 1624 3028 Quibus
1650 2977 1750 3018 nos
1776 2977 2008 3032 respon-

2105 2319 2226 2376 οὐδέ
2260 2337 2342 2382 τις
2369 2320 2699 2391 προμάρτυρ
2725 2331 2750 2368 ,θ
2785 2319 2999 2372 ἐκείνου
3034 2319 3378 2390 γνωρίζεται,
3422 2320 3554 2372 ἀ)λά
3593 2322 3694 2374 καὶ

2107 2410 2450 2480 κοιμώμενος
2481 2411 2697 2476 ἐδέξατο
2723 2411 2948 2482 ταύτην.
2976 2411 3214 2465 Καλοῢσι
3238 2411 3295 2466 δέ
3317 2412 3467 2481 ἡμᾶς
3505 2411 3692 2466 Ἑται-

2098 2501 2360 2570 ριαστὰς
2400 2502 2455 2568 ί,
2488 2504 2591 2566 ὅτι,
2624 2504 2777 2574 φησὶ,
2819 2505 3033 2574 ἑταῖρον
3072 2502 3150 2573 τῷ
3200 2501 3322 2573 Θεῷ
3366 2505 3699 2574 παρεισάγο-

2112 2611 2233 2664 μεν,
2260 2593 2514 2661 λέγοντες
2547 2589 2687 2649 εἶναι
2715 2595 2806 2648 τὸν
2836 2594 3072 2665 Χριστὸν
3103 2595 3232 2648 Υἱδν
3259 2595 3394 2650 Θεοῦ
3425 2596 3518 2648 καὶ
3543 2596 3695 2650 Θεὸν.

2109 2685 2252 2756 Πρὸς
2280 2685 2374 2748 οὓς
2410 2703 2611 2756 φαμεν,
2645 2687 2727 2740 ὅτι
2750 2685 2912 2740 τοῦτο
2941 2688 2991 2741 οἱ
3018 2689 3297 2760 προφῆται
3326 2689 3420 2742 καὶ
3447 2689 3480 2760 ἡ
3509 2689 3698 2761 Γραφὴ

2109 2779 2496 2850 παραδέδωκεν
2517 2795 2529 2808 ·
2577 2779 2738 2849 ὑμεῖς
2765 2781 2822 2832 δὲ
2850 2783 2925 2844 ὡς
2958 2782 3300 2852 ῖσχυρίζεσθε
3331 2785 3458 2846 τοὺς
3490 2787 3702 2854 προφήο

2108 2887 2210 2934 τας
2240 2870 2485 2942 δέχεσθε.
2518 2871 2581 2925 Εἰ
2602 2868 2695 2926 οὖν
2721 2872 2911 2935 κακῶς
2933 2873 3166 2944 λέγομεν
3187 2875 3278 2929 τὸν
3307 2876 3549 2945 Χριστὸν
3565 2874 3699 2929 Θεοῦ

2113 2963 2265 3027 Υἰὸν,
2317 2964 2562 3016 κάκεῖνοι
2619 2964 2870 3030 ἐδίδαξαν
2901 2966 2996 3018 καὶ
3048 2966 3376 3037 παρέδωκαν
3407 2969 3558 3037 ἡμῖν.
3592 2968 3702 3020 Καί

418 3053 642 3112 demus,
678 3049 782 3105 hoc
813 3065 842 3104 a
884 3051 1166 3122 prophetis
1196 3061 1249 3108 et
1295 3068 1456 3109 sacra
1512 3051 1798 3122 Scriptura
1834 3054 2006 3108 tradi-

2112 3073 2258 3120 τινες
2293 3055 2393 3126 μὲν
2423 3056 2606 3111 αὐτῶν
2631 3073 2816 3126 φασιν,
2848 3057 2928 3110 ὅτι
2956 3059 3120 3126 ἡμεῖς
3146 3059 3271 3121 τοὺς
3292 3061 3580 3129 προφήτας
3601 3060 3701 3112 ἀλ-

417 3148 532 3194 tum
566 3158 712 3199 esse.
744 3143 908 3212 Atqui
939 3159 1037 3201 vos
1079 3146 1382 3216 prophetas
1427 3146 1675 3216 recipere
1724 3161 2008 3203 assevera-

417 3234 509 3291 tis.
542 3235 598 3289 Si
657 3238 844 3307 itaque
878 3237 1164 3295 Christum
1196 3238 1290 3294 Dei
1319 3237 1515 3293 Filium
1547 3255 1832 3310 perperam
1865 3256 2005 3296 con-

417 3327 656 3396 ﬁtemur,
691 3332 742 3387 id
780 3333 882 3402 ipsi
934 3349 1034 3387 nos
1071 3331 1406 3395 docuerunt,
1431 3331 1709 3401 nobisque
1745 3333 2005 3392 tradide-

2112 3149 2522 3220 ληγορήσαντες
2552 3147 2779 3202 τοιαῦτα
2803 3148 3289 3220 προστεθείκαμεν.
3325 3151 3506 3203 ’Λλλοι
3531 3153 3703 3218 φασὶν

2111 3241 2193 3294 ὅτι
2221 3242 2270 3294 οἱ
2314 3241 2562 3313 Ἐσραῖοι
2594 3240 2883 3311 μισοῦντες
2927 3242 3076 3310 ἡμᾶς
3107 3240 3431 3310 ἐπλάνησαν,
3472 3240 3546 3304 ὡς
3582 3241 3697 3294 άπὸ

2111 3334 2221 3388 τῶν
2257 3333 2557 3406 προφητῶν
2576 3332 2908 3404 γράψαντες,
2943 3332 3032 3386 ἵνα
3077 3334 3232 3405 ἡμεῖς
3263 3330 3620 3402 ἀπολώμεθα.

416 3427 568 3476 runt.
609 3419 782 3478 Porro
811 3425 1060 3479 nonnulli
1094 3423 1316 3494 quidem
1341 3439 1405 3480 ex
1433 3424 1532 3493 eis,
1574 3441 1676 3480 nos
1718 3425 1833 3481 haec
1878 3428 2162 3496 prophetis
2198 3429 2470 3498 adiecisse
2541 3429 2724 3494 aiunt,
2759 3443 2859 3482 eos
2926 3429 3039 3482 alio
3102 3443 3266 3483 sensu
3332 3434 3388 3482 et
3421 3441 3522 3496 per
3559 3428 3708 3483 alle-

419 3510 606 3578 gorias
629 3514 975 3580 exponendo.
1004 3515 1111 3568 Alii
1165 3514 1422 3570 inductos
1452 3515 1506 3569 in
1535 3530 1781 3571 errorem
1817 3515 2010 3570 dicunt
2047 3517 2116 3570 ab
2150 3517 2414 3582 llehrmis,
2441 3531 2552 3586 quo
2587 3516 2882 3572 adversum
2916 3531 3019 3572 nos
3086 3517 3214 3572 odio
3269 3516 3468 3587 perciti
3535 3509 3701 3571 sunt?

419 3609 481 3656 ut
514 3601 628 3655 hac
667 3605 1058 3674 prophetarum
1091 3607 1316 3662 nomine
1348 3608 1694 3678 scripserint,
1720 3608 1926 3680 quibus
1952 3609 2006 3662 in
2047 3611 2336 3664 interitum
2374 3610 2749 3666 traheremur.

495 3689 651 3759 113
686 3690 902 3750 Rursus
934 3704 1117 3752 autem
1150 3713 1251 3753 nos
1281 3699 1364 3754 eis
1389 3699 1684 3768 obiicimus
1711 3718 1724 3753 :
1755 3700 1869 3755 Cur
1901 3713 2004 3754 nos

421 3791 683 3849 tanquam
722 3783 1036 3842 Sociatores
1094 3789 1318 3858 probris
1350 3791 1724 3856 inscctamini,
1783 3805 1882 3844 vos
1911 3788 2009 3860 qui

421 3873 704 3928 Christum
754 3875 847 3930 Dei
883 3877 1118 3934 Verbum
1178 3891 1234 3936 et
1286 3882 1556 3953 Spiritum
1614 3898 1740 3939 esse
1782 3882 2011 3938 dicitis?

425 3963 666 4020 Verbum
702 3967 974 4036 siquidem
999 3978 1052 4024 ct
1090 3970 1331 4040 Spiritus
1367 3974 1580 4043 seiungi
1615 3984 1900 4044 nequeunt
1942 3974 2013 4029 ab

423 4073 489 4112 eo
514 4058 604 4112 cui
642 4059 973 4115 naturaliter
1012 4063 1206 4118 insint.
1235 4064 1290 4118 Si
1337 4065 1506 4135 igitur
1542 4077 1626 4120 cst
1662 4067 1716 4121 in
1753 4066 1861 4123 Deo
1893 4077 2015 4122 tan-

422 4165 587 4222 quam
630 4153 865 4208 Verhum
920 4153 1136 4222 ipsius,
1198 4155 1558 4212 manifestum
1611 4166 1697 4213 est
1730 4167 1784 4213 et
1836 4159 2012 4215 Deum

423 4260 568 4300 esse.
606 4244 702 4301 Sin
739 4262 872 4302 vero
909 4256 992 4302 est
1021 4255 1179 4303 extra
1220 4247 1410 4317 Deum,
1443 4264 1512 4305 ex
1539 4258 1724 4305 vestra
1749 4251 2013 4322 opinione

425 4339 680 4408 sequitur
711 4338 882 4394 Deum
913 4339 1036 4395 sine
1073 4337 1256 4394 Verbo
1285 4348 1340 4394 et
1385 4341 1594 4411 Spiritu
1641 4357 1784 4396 esse.
1839 4341 2009 4397 Deum

426 4430 610 4500 itaque
641 4432 932 4497 mutilatis,
964 4431 1094 4488 dum
1129 4432 1180 4488 ei
1233 4431 1448 4489 socium
1479 4433 1688 4489 cavetis
1718 4433 2009 4499 adhibere.

424 4521 560 4575 Nam
609 4523 786 4579 satius
821 4523 1019 4593 fuisset
1065 4525 1224 4581 vobis
1255 4524 1472 4591 dicere,
1509 4541 1633 4582 eum
1672 4526 1880 4582 habere
1920 4541 2007 4583 so-

426 4615 598 4677 cium,
641 4631 805 4684 quam
861 4617 1040 4686 ipsum
1096 4619 1384 4685 mutilare,
1449 4627 1502 4675 et
1569 4619 1807 4690 lapidem
1867 4633 2014 4685 esse,

427 4704 734 4772 lignumve,
795 4713 892 4760 aut
944 4722 1058 4762 rem
1119 4711 1425 4778 quamlibet
1477 4726 1684 4767 sensus
1734 4719 2017 4782 expertem

428 4803 700 4850 astruere.
720 4795 838 4850 Non
861 4813 992 4868 ergo
1022 4801 1159 4854 citra
1191 4803 1538 4858 mendacium
1562 4820 1662 4860 nos
1681 4805 2018 4876 ἐταιριστὰς,

429 4885 482 4938 id
511 4892 615 4951 cst,
649 4885 946 4943 Sociatores
998 4892 1252 4946 voeitatis
1287 4913 1299 4947 :
1339 4910 1440 4950 nos
1477 4912 1606 4952 vero
1642 4896 1889 4952 vicissim
1925 4895 2021 4950 Dei

430 4975 775 5034 mutilatores
813 4995 913 5036 vos
956 4981 1320 5050 appellamus.

502 5067 733 5140 Insuper
779 5085 882 5126 nos
934 5081 1194 5142 tanquam
1248 5077 1573 5132 idololatras
1611 5077 2012 5142 criminantur,

431 5161 560 5232 quia
593 5180 815 5221 crucem
843 5167 1163 5233 adoramus,
1197 5186 1360 5241 quam
1385 5179 1440 5227 et
1471 5173 1574 5242 ipsi
1601 5171 2010 5226 abominantur.

2187 3701 2355 3755 Πάλιν
2387 3701 2443 3754 δέ
2483 3719 2664 3770 φαμεν
2713 3701 2850 3772 πρὸς
2895 3700 3123 3765 αὐτούς·
3169 3700 3356 3773 ’Υμῶν
3403 3699 3705 3770 λεγόντων,

2117 3793 2201 3847 ὅτι
2230 3794 2464 3864 Χριστὸς
2490 3795 2664 3863 Λόγος
2691 3797 2809 3848 ἐστὶ
2865 3796 2959 3848 τοῦ
2993 3795 3128 3848 Θεοῦ
3160 3795 3253 3848 καὶ
3305 3794 3557 3865 Πνεῦμα,
3589 3797 3708 3860 πῶς

2117 3885 2406 3956 λοιδορεῖτε
2437 3889 2586 3958 ἡμᾶς
2627 3887 2702 3952 ὼς
2733 3887 3118 3964 Ἐταιριστάςῇς
3165 3887 3222 3942 Ὀ
3274 3887 3385 3958 γάρ
3421 3889 3581 3957 λόγος
3612 3889 3706 3942 καὶ

2117 3979 2180 4032 τὸ
2216 3979 2441 4050 Πνεῦμα
2487 3980 2793 4054 ἀχώριστόν
2829 3982 2942 4034 ἐστι
2981 3980 3075 4033 τοῦ
3121 3983 3178 4034 ἐν
3219 3973 3264 4048 ᾧ
3314 3981 3562 4050 πέφυκεν
3595 3998 3611 4013 ο
3660 3984 3707 4034 εἰ

2116 4069 2208 4125 οὖν
2231 4074 2287 4126 ἐν
2326 4073 2445 4145 Θεῷ
2479 4075 2626 4128 ἐστιν
2657 4075 2686 4127 ὁ
2715 4074 2890 4143 Λόγος
2930 4072 3120 4134 αὑτοῦ,
3155 4073 3315 4143 δῆλον
3344 4075 3426 4128 ὅτι
3457 4075 3550 4128 καὶ
3578 4076 3710 4137 Θεός

2116 4165 2285 4219 ἐστιν.
2329 4167 2392 4221 Ei
2420 4166 2478 4221 δέ
2513 4168 2671 4231 ἐκτός
2705 4168 2823 4221 ἐστι
2870 4167 2964 4220 τοῦ
3019 4166 3179 4232 Θεοῦ,
3213 4167 3408 4236 ἄλογός
3432 4169 3551 4220 ἐστι
3584 4166 3711 4221 καθ’

2119 4260 2264 4328 ὑμᾶς
2302 4261 2330 4312 ό
2352 4259 2504 4323 Θεὸς,
2538 4259 2872 4323 καὶάπνους.
2898 4259 3110 4313 Οὐκοῦν
3142 4259 3437 4329 φεύγοντες
3470 4261 3711 4331 ἐταιριά-

2118 4353 2232 4415 ζειν
2263 4353 2354 4406 τὸν
2378 4353 2510 4406 Θεὸν
2530 4353 2764 4422 ἐκόψατε
2791 4353 2974 4407 αὐτόν.
2999 4355 3267 4425 Κρεῖσσον
3291 4353 3400 4424 γάρ
3425 4349 3492 4424 ἦν
3526 4353 3709 4421 λέγειν

2123 4446 2290 4515 ὑμᾶς,
2327 4447 2410 4500 ὅτι
2468 4447 2684 4517 ἑταῖρον
2724 4445 2860 4516 ἔχει,
2913 4447 2946 4517 ἦ
3004 4447 3228 4500 κόπτειν
3283 4445 3468 4509 αὑτὸν,
3503 4445 3596 4497 καὶ
3625 4444 3705 4506 ὡς

2122 4538 2289 4601 λίθον,
2327 4538 2557 4608 ἣξύλον,
2609 4540 2726 4610 ἧτι
2767 4539 2876 4592 τῶν
2927 4539 3274 4610 ἀναισθήτων
3317 4537 3691 4607 παρεισάγειν.

2119 4633 2286 4685 Ὥστε
2346 4632 2504 4701 ὑμεῖς
2564 4634 2715 4702 ἡμᾶς
2752 4631 3240 4703 ψευδηγοροῦντες,
3315 4625 3694 4697 Ἐταιριαστάς

2118 4722 2339 4776 καλεῖτε
2368 4739 2381 4753 ⁸
2402 4723 2563 4792 ἡμεῖς
2586 4724 2643 4777 δέ
2679 4723 2903 4788 Κόπτας
2925 4724 3068 4794 ὑμᾶς
3095 4719 3563 4795 προσαγορεύομεν
3593 4715 3696 4770 τοῦ

2117 4815 2273 4871 Θεοῦ.

2190 5077 2545 5131 Διαὸάλλουσι
2569 5077 2624 5130 δὲ
2653 5079 2800 5147 ἡμᾶς
2819 5080 2893 5142 ὡς
2911 5079 3293 5148 εῖδωλολάτρας
3321 5075 3715 5148 προσκυνοῦν-

2120 5186 2220 5231 τας
2243 5170 2334 5223 τδν
2365 5170 2622 5240 σταυρὸν,
2669 5171 2729 5224 ὃν
2784 5173 2880 5226 καὶ
2935 5172 3312 5242 βδελύσσονται
3338 5185 3351 5200 ·
3385 5169 3479 5224 καί
3523 5187 3715 5242 φαμεν

1707 5326 1945 5382 νΑιιιιΕ
1988 5325 2396 5382 LECTIONES.

507 5453 531 5494 ἀ
567 5455 725 5537 Deest
761 5459 893 5537 illud
928 5463 1275 5537 proverbium
1305 5465 1364 5537 in
1394 5462 1654 5537 omnibus
1686 5461 1806 5537 eod.
1846 5459 2184 5537 quod_ali.ud_
2227 5475 2350 5537 esse
2381 5477 2486 5537 non
2521 5463 2735 5519 videtur
2770 5464 3049 5537 nisi‘istud
3097 5464 3368 5537 Platonis,
3427 5466 3725 5537 Ὀνείρατά

439 5540 535 5606 μοι
567 5524 944 5606 λέγεις-γεμί
974 5533 1311 5601 ὀνειροπολεῖ
1358 5530 1654 5606 καθεύδων.
1703 5524 1926 5606 InAco'd.
1994 5532 2048 5606 S_.
2083 5530 2739 5606 _|_|il._liqc__sAnlummodo
2779 5534 3017 5606 additur,
3076 5533 3288 5606 σχόλιον
3320 5524 3720 5606 ἀποκείμενον)

681 5592 1106 5680 ρριμςι..μάροι›ςξ
1145 5612 1251 5680 vel.
1297 5601 1488 5680 transl.
1515 5602 1938 5680 prqdestiﬁcnns.
1988 5603 2038 5680 ’ξ
2079 5600 2170 5656 Sic
2296 5601 2438 5655 2508
2469 5607 2703 5680 a__verbo
2742 5592 3267 5680 ἐταιριάζειν,’ῥυοιι
3301 5606 3450 5662 infra
3483 5592 3720 5680 usurpat

440 5668 649 5718 auctor.
697 5664 796 5720 Alii
839 5664 1118 5738 ἕτερἰστάς
1149 5687 1160 5700 ·
1196 5671 1299 5740 leg.
1330 5664 1642 5738 ἑταιριστὰς
1675 5689 1730 5722 αι
1754 5664 1870 5740 ἰιιο
1913 5691 1960 5727 ε.
1988 5671 2158 5727 Vetus
2196 5672 2467 5742 interpres
2498 5677 2803 5730 Ilcterastas
2827 5664 3027 5744 posuit.
