4090 6148
530 262 636 329 769

1698 267 1794 326 DE
1823 265 2278 328 HIERESIBUS
2328 269 2579 331 LIBER.

3662 277 3770 342 770

535 375 670 443 πρὸς
726 372 943 439 αὑτούς·
987 375 1111 438 Πῶς
1167 373 1260 430 οὖν
1331 376 1487 447 ὑμεῖς
1533 377 1664 448 λίθῳ
1705 379 2097 451 προστρίϐεσθε

2201 379 2283 436 Ad
2331 398 2470 452 quos
2513 385 2771 452 dicnnus,
2807 387 2908 452 Qui
2940 386 2997 441 tit
3041 387 3208 458 igitur
3238 396 3296 442 ut
3327 389 3526 459 lapidi,
3574 393 3667 446 oui
3717 395 3772 446 iu

530 465 670 516 κατὰ
690 463 789 533 τὴν
826 465 1106 519 Χαϐαθὰν
1159 469 1184 508 8
1220 467 1394 536 ὑμῶν,
1449 469 1545 522 καὶ
1585 469 1790 537 φιλεῖτε
1825 472 1916 523 τὸν
1957 469 2102 524 λίθον

529 553 902 623 ἀσπαζόμενοι
925 573 940 622 ;
967 556 1075 609 Καί
1106 573 1250 621 τινες
1283 557 1462 611 αὐτῶν
1494 575 1658 627 φασιν
1702 561 1886 615 ἐπάνω
1935 559 2100 614 αὑτοῦ

528 643 617 697 τὸν
660 643 913 716 ’Δϐραάμ
963 648 1310 701 συνουσιάσαι
1370 649 1438 718 τῇ
1504 648 1673 720 ’Δγάρ
1702 664 1716 680 ο
1747 649 1896 702 ἄλλοι
1935 649 1991 703 δὲ
2019 649 2101 703 ὅτι

529 736 616 787 ἐπ’
645 735 811 788 αὑτὸν
841 736 1140 806 προσέδησε
1164 737 1262 808 τὴν
1284 737 1552 808 κάμηλον,
1585 739 1792 808 μέλλων
1813 740 1963 794 θύειν
2008 741 2100 794 τὸν

543 826 745 883 Ἰσαάκ.
783 827 893 880 Καὶ
943 828 1080 898 πρὸς
1114 829 1310 892 αὐτοὺς
1359 830 1788 902 ἀποκρινόμεθα·
1817 833 1928 905 Τῆς
1962 833 2102 906 Γρα-

530 919 636 988 φῆς
659 918 946 989 λεγούσης,
965 919 1046 973 ὅτι
1078 921 1203 992 ὄρος
1230 916 1299 992 ἦν
1331 921 1590 990 ἀλσῶδες,
1615 926 1708 977 καὶ
1732 923 1884 990 ξύλα,
1909 927 2002 994 ἀφ’
2019 917 2094 980 ὧν

529 1011 622 1066 καὶ
642 1014 722 1074 εἰς
749 1011 848 1082 τὴν
883 1010 1268 1083 όλοκάρπωσιν
1291 1014 1480 1084 σχίσας
1514 1018 1543 1069 6
1579 1016 1830 1088 Ἀϐραὰμ
1859 1017 2099 1088 ἐπέθηκε

529 1103 606 1174 τῷ
650 1103 836 1158 Ἰσαάκ
864 1121 878 1135 ο
908 1105 1002 1157 καὶ
1030 1104 1112 1157 ὅτι
1148 1107 1286 1174 μετά
1308 1106 1419 1160 τῶν
1436 1106 1645 1161 παίδων
1661 1108 1760 1171 τάς
1781 1108 1936 1172 ὅνους
1965 1126 2099 1163 κατ-

530 1195 712 1248 έλιπεν
737 1211 750 1224 ·
785 1195 948 1249 πόθεν
986 1191 1080 1251 οῦν
1134 1197 1263 1265 ὑμῖν
1291 1197 1350 1252 τὸ
1399 1198 1626 1267 ληρεῖν;
1660 1200 1723 1252 οὐ
1773 1199 1884 1270 γὰρ
1919 1201 2098 1255 ἐκεῖσε

529 1288 660 1352 ξύλα
685 1288 939 1360 δρυμώδη
966 1291 1167 1354 κεῖται,
1195 1287 1320 1342 οὔτε
1360 1290 1473 1344 δνοι
1501 1290 1847 1346 διοδεύουσιν.
1879 1292 2097 1346 Αίδοῦν-

525 1399 618 1436 ται
647 1383 765 1452 μέν.
795 1383 983 1454 Ὅμως
1013 1383 1176 1452 φασὶν
1204 1379 1347 1438 εἶναι
1401 1385 1492 1438 τὸν
1520 1383 1665 1438 λίθον
1689 1385 1783 1438 τοῦ
1819 1385 2094 1457 Ἀϐραάμ.

527 1469 662 1528 Εἶτά
681 1491 885 1545 φαμεν
925 1475 1104 1527 Ἔστω
1129 1474 1225 1528 τοῦ
1268 1475 1540 1548 Ἀϐραὰμ,
1565 1476 1642 1540 ὡς
1671 1478 1827 1547 ὑμεῖς
1849 1476 2092 1548 ληρεῖτε·

525 1566 712 1619 τοῦτον
769 1561 864 1620 οῦν
907 1564 1299 1636 ἀσπαζόμενοι,
1348 1567 1429 1620 ὅτι
1456 1568 1615 1637 μόνον
1654 1570 1682 1622 6
1724 1567 1972 1639 Ἀϐραὰμ
2009 1570 2095 1620 ἐπ’

527 1657 685 1710 αὑτὸν
730 1657 1050 1710 συνουσίασε
1083 1656 1320 1725 γυναικὶ,
1357 1655 1390 1726 ἢ
1441 1657 1523 1709 ὅτι
1555 1655 1802 1727 κάμηλον
1832 1657 2096 1727 προσέδη-

529 1764 640 1813 σεν,
670 1748 769 1800 οὑκ
792 1747 1047 1814 αἰδεῖσθε,
1074 1746 1189 1802 ἀλλ’
1216 1748 1366 1818 ἡμᾶς
1390 1746 1642 1800 εὑθύνετε
1658 1749 1744 1801 ὄτι
1769 1747 1905 1816 πρὸς
1931 1753 2114 1800 σταυ-’

527 1838 618 1909 ρὸν
655 1837 749 1892 τοῦ
799 1838 1037 1909 Χριστοῦ
1087 1837 1527 1909 προσκυνοῦμεν,
1581 1837 1650 1890 δι’
1715 1831 1777 1892 οὗ
1822 1837 2094 1908 δαιμόνων

530 1928 702 1997 ἰσχὺς,
733 1927 827 1979 καὶ
849 1926 1097 1980 διαϐόλου
1145 1927 1504 1982 καταλέλυται
1532 1925 1747 1997 πλάνη;
1803 1921 1971 1990 Οὗτος
2010 1926 2090 1994 δὲ,

525 2021 583 2072 ὃν
615 2037 746 2088 φασι
763 2019 929 2084 λίθον,
951 2019 1160 2090 κεφαλὴ
1185 2019 1284 2090 τῆς
1312 2018 1630 2089 Ἀφροδίτης
1655 2019 1805 2072 ἐστὶν
1832 2020 1898 2088 ἢν
1923 2035 2092 2090 προσ-

2203 472 2479 528 Chabatha
2510 485 2689 531 vestra
2729 484 2833 542 est,
2864 492 2964 532 vos
3009 478 3307 545 adfricetis,
3345 495 3583 551 eumque
3623 497 3776 538 com-

2203 565 2485 634 plexantes
2513 567 2954 624 deosculemini?
3003 569 3240 635 Quidam
3285 572 3504 626 illorum
3546 588 3776 644 respon-

2201 653 2332 708 dent
2373 669 2540 725 super
2568 657 2661 710 illo
2699 656 3070 711 Abrahamum
3105 675 3230 714 cum
3265 661 3444 731 Agare
3487 662 3726 718 coivisse
3760 681 3772 716 :

2202 745 2296 799 alii
2323 747 2594 802 camelum
2630 748 2743 802 illic
2775 750 3031 820 alligasse
3063 766 3186 805 cum
3216 753 3371 807 Isaac
3392 752 3778 812 immolaturus

2199 847 2366 892 esset.
2387 837 2466 892 Ad
2486 853 2606 908 quae
2627 854 2730 895 nos
2759 840 3076 910 reponimus
3106 860 3118 895 :
3140 841 3276 897 Cum
3303 844 3446 897 dicat
3471 843 3776 914 Scriptura,

2202 936 2441 984 montem
2478 922 2648 986 fuisse
2686 946 3037 987 nemorosum
3071 941 3126 987 et
3160 935 3308 1003 ligna
3369 935 3664 1001 habuisse,
3709 953 3778 992 ex

2199 1020 2400 1088 quibus
2428 1029 2837 1092 segmentorum
2875 1023 3076 1078 fascem
3109 1024 3457 1080 Abrahamus
3487 1026 3676 1082 lsaaco
3709 1029 3776 1081 ad

2200 1111 2583 1167 holocaustum
2662 1115 3349 1186 imposuerit,'illumque
3405 1120 3591 1177 asinas
3649 1136 3774 1175 cum

2200 1203 2391 1271 pueris
2438 1204 2762 1274 reliquisse,
2824 1206 2968 1262 unde
3003 1207 3158 1261 vobis
3196 1214 3276 1261 tot
3317 1208 3777 1278 ineptize‘lllaud-

2197 1307 2474 1363 quaquam
2514 1296 2658 1350 enim
2699 1296 2813 1350 illic
2861 1298 3092 1352 dumosa
3142 1297 3289 1368 ligna
3322 1307 3475 1362 sunt,
3514 1301 3646 1370 quin
3678 1316 3781 1356 nec

2199 1381 2324 1436 illac
2357 1383 2628 1438 transitus
2661 1384 2833 1441 asinis
2863 1392 3032 1454 patet.
3061 1385 3198 1440 Hinc
3223 1386 3299 1440 illi
3331 1387 3550 1457 quidem
3579 1390 3778 1444 rubore

2197 1473 2633 1530 suﬂ'unduntur:
2674 1476 3030 1531 nihilominus
3057 1476 3353 1531 Abrahami
3388 1478 3623 1548 lapidem
3656 1494 3780 1535 esse

2197 1573 2475 1620 asserunt.
2503 1563 2616 1621 Nos
2643 1579 2810 1620 vero:
2849 1564 3082 1620 Sitsane
3103 1565 3421 1632 Abrahami,
3455 1569 3662 1634 aimus,
3698 1569 3776 1623 uti

2196 1667 2294 1708 vos
2321 1654 2603 1724 nugamini
2635 1673 2648 1708 :
2681 1669 2791 1709 non
2813 1669 2915 1709 vos
2938 1653 3106 1723 pudet
3123 1671 3250 1708 eum
3275 1656 3484 1711 idcirco
3509 1656 3778 1712 duntaxat

2196 1744 2458 1809 osculari,
2496 1744 2628 1814 quia
2667 1759 2830 1816 super
2863 1758 2990 1799 eum
3043 1744 3320 1800 Abraham
3376 1747 3445 1802 sit
3480 1762 3604 1802 cum
3655 1765 3779 1803 mu-

2196 1836 2329 1892 liere
2357 1851 2710 1906 congressus,
2741 1836 2983 1906 autquia
3008 1835 3186 1892 eidem
3215 1837 3484 1892 camelum
3505 1839 3774 1909 alligarit;

2195 1941 2321 1982 cum
2338 1942 2439 1983 nos
2462 1927 2688 1982 interim
2706 1927 3091 1984 emendatione
3115 1927 3313 1998 dignos
3339 1927 3609 1994 habeatis,
3629 1931 3777 1999 quod

2195 2016 2400 2074 Christi
2427 2033 2646 2074 crucem
2671 2019 2988 2083 adoremus,
3023 2033 3122 2088 per
3143 2033 3306 2088 quam
3339 2026 3642 2088 potestates
3667 2020 3777 2075 da:-

524 2111 770 2176 εκύνουν,
800 2113 866 2183 ἢν
889 2112 1079 2180 Χαϐὲρ
1103 2110 1132 2148 ιι
1165 2111 1590 2184 προσηγόρευον,
1618 2113 1700 2179 ἐφ’
1719 2109 1777 2163 ὃν
1804 2110 1899 2164 καὶ
1934 2110 2093 2181 μέχρι

2200 2117 2509 2174 monum,et
2527 2109 2734 2165 diaboli
2757 2109 2980 2165 fraudes
3007 2107 3304 2179 proﬂigatae
3321 2110 3484 2163 sunt?
3507 2109 3774 2165 Caeterum

525 2204 618 2258 νῦν
640 2203 962 2274 ὲγγλυφίδος
1028 2206 1041 2245 ἱ
1085 2204 1444 2275 ἀποσκίασμα
1485 2205 1600 2268 τοῖς
1631 2201 1879 2274 ἀκριϐῶς
1918 2219 2086 2257 κατα,

527 2295 704 2350 νοοῦσι
739 2296 1010 2365 φαίνεται.

594 2553 761 2622 Οὗτος
807 2559 836 2612 6
883 2558 1081 2630 Μάμεδ
1137 2556 1358 2622 πολλὰς,
1408 2557 1485 2620 ὡς
1542 2556 1780 2628 εἴρηται,
1824 2554 2095 2627 ληρῳδίας

527 2649 812 2716 συντάξας,
844 2651 1052 2721 ἑκάστῃ
1100 2647 1304 2703 τούτων
1357 2648 1731 2720 προσηγορίαν
1786 2647 2091 2718 ἐπέθηκενο

2193 2200 2334 2270 lapis
2387 2201 2478 2256 ille
2519 2215 2682 2271 quem
2736 2200 2926 2264 aiunt,
2969 2207 3135 2270 caput
3187 2207 3274 2254 est
3320 2198 3552 2254 Veneris
3609 2215 3773 2270 quam

2195 2291 2528 2357 adorabant,
2571 2305 2846 2362 quamque
2880 2289 3086 2346 Chaber
3115 2291 3549 2360 nuncupabant,
3580 2292 3634 2345 in
3665 2307 3776 2362 quo

2194 2381 2354 2436 etiam
2392 2380 2668 2451 hodieque
2721 2381 2926 2451 sculpti
2965 2381 3163 2452 capitis
3216 2381 3423 2453 efﬁgies
3481 2381 3777 2453 diligenter

2195 2471 2620 2542 inspicientibus
2653 2482 2900 2543 apparet.

2265 2563 2482 2620 Mamed
2517 2565 2611 2620 ille
2649 2579 2774 2618 cum
2819 2565 2994 2619 multa
3037 2563 3417 2630 deliramenta,
3466 2572 3526 2620 ut
3567 2564 3776 2621 dictum

2195 2662 2302 2721 est,
2335 2655 2752 2727 conscripserit,
2787 2669 2980 2710 eorum
3014 2655 3244 2726 singulis
3277 2655 3500 2711 nomina
3548 2656 3772 2712 indidit.

524 2739 691 2814 οἷονὴ
727 2743 913 2814 γραφὴ
939 2743 1038 2812 τῆς
1063 2739 1340 2809 γυναικὸς,
1393 2740 1489 2792 καὶ
1537 2741 1593 2793 ὲν
1637 2738 1776 2809 αὐτῇ
1822 2739 2093 2808 τέσσαρας

2200 2745 2518 2817 Ctijusmodi
2535 2757 2618 2802 est
2639 2747 2913 2816 scriptura
2937 2744 3087 2818 (Sur.
3107 2746 3189 2817 4),
3209 2761 3306 2802 seu
3337 2748 3775 2818 caputmuliert's,

525 2835 788 2901 γυναῖκας
820 2832 1110 2904 προφανῶς
1163 2831 1462 2902 λαμϐάνειν
1495 2831 1792 2902 νομοθετεῖ,
1828 2829 1924 2883 καλ⁵
1959 2829 2094 2882 παλ-

527 2924 720 2988 λακὰς,
753 2922 848 2995 ἐὰν
877 2923 1120 2993 δύνηται,
1143 2925 1338 2994 χιλίας,
1365 2924 1494 2986 ὅσας
1523 2926 1557 2994 ἡ
1591 2924 1710 2993 χεὶρ
1733 2920 1894 2975 αὑτοῦ
1923 2921 2096 2976 κατά-

2197 2837 2252 2892 in
2303 2853 2414 2908 qua
2466 2840 2751 2910 propalam
2806 2839 2926 2909 lege
2976 2837 3158 2894 sancit
3215 2847 3516 2908 quaternas
3569 2855 3777 2896 uxores

2198 2930 2472 2998 accipere,
2515 2937 2570 2984 et
2623 2928 2985 2995 concubinas,
3053 2929 3099 2984 si
3158 2928 3278 2984 ﬁeri
3338 2930 3538 3000 possit,
3600 2931 3776 3000 mille,

527 3033 633 3088 σχῃ
670 3018 1037 3088 ὑποκειμένας
1084 3019 1292 3072 ὲκ-τῶν
1349 3018 1629 3090 τεσσάρων
1679 3017 1982 3085 γυναικῶν·
2029 3019 2096 3087 ἠν

2200 3029 2438 3086 qumque
2496 3031 2692 3071 manus
2743 3015 2866 3084 ejus
2917 3014 3168 3072 subditas
3225 3017 3525 3080 contineat,
3569 3026 3772 3087 praeter

523 3107 568 3160 δ’
597 3106 662 3159 ἂν
686 3106 920 3176 βουληθῇ
967 3106 1242 3172 ἀπολύειν,
1267 3107 1300 3180 ἢ
1325 3107 1596 3178 θελήσειε,
1644 3105 1742 3160 καὶ
1774 3105 2095 3177 κομίζεσθαι

525 3195 711 3266 ἀλλην,
737 3196 800 3248 ὲκ
833 3206 846 3244 1
892 3195 1146 3266 τοιαύτης
1172 3196 1353 3260 αίτίας
1389 3195 1781 3266 νομοθετήσας
1813 3194 2097 3265 Σύμπονον

528 3287 682 3357 ἔσχεν
699 3289 726 3339 6
742 3285 938 3358 Μάμεδ
955 3287 1074 3340 Ζεῖδ
1085 3286 1646 3357 προσαγορευόμενον.
1677 3281 1843 3349 Οὗτος
1864 3287 2098 3354 γυναῖκα

527 3381 680 3450 ἔσχεν
695 3380 922 3450 ὡραίαν,
939 3375 1005 3452 ἧς
1022 3380 1237 3452 ἠράσθη
1253 3382 1280 3434 6
1298 3379 1512 3452 Μάμεδ.
1535 3377 1692 3449 Καθη
1701 3378 1879 3448 μένων
1895 3377 2097 3445 αὐτῶν,

529 3475 692 3544 φησὶν
749 3476 777 3528 6
823 3475 1019 3546 Μάμεδ
1041 3491 1054 3505 ο
1091 3492 1108 3524 ι
1167 3474 1224 3526 Ὀ
1253 3473 1421 3537 δεῖνα,
1459 3474 1486 3525 6
1519 3471 1651 3534 Θεὸς
1674 3469 1977 3524 ἐνετείλατό
2007 3485 2098 3540 μοι

526 3567 623 3637 τὴν
656 3567 891 3640 γυναῖκά
914 3583 1004 3619 σου
1037 3565 1242 3620 λαϐεῖν.
1284 3584 1302 3617 ι
1341 3565 1398 3617 '0
1430 3563 1486 3616 δὲ
1517 3561 1796 3634 ἀπεκρίθη
1819 3577 1833 3593 ’
1867 3580 1885 3613 ι
1931 3561 2093 3614 Ἀπό-

531 3659 714 3722 στολος
741 3654 791 3712 εἳ
813 3674 826 3688 θ
878 3657 1105 3728 ποίησον
1167 3655 1243 3720 ὥς
1301 3672 1382 3709 σοι
1409 3657 1438 3708 6
1469 3654 1605 3718 Θεὸς
1640 3652 1767 3707 εἷπε
1789 3667 1802 3681 '
1831 3652 1963 3707 λάϐε
1996 3653 2098 3723 τὴν

531 3750 760 3816 γυναῖκά
787 3766 908 3820 μου.
941 3768 959 3800 ι
993 3747 1209 3802 Μᾶλλον
1240 3747 1316 3814 δὲ,
1344 3747 1432 3801 ἵνα
1462 3745 1668 3801 ἀνωθεν
1693 3745 1959 3816 εἴπωμεν,
1993 3743 2098 3815 ἔφη

532 3842 666 3912 πρὸς
694 3841 875 3895 αὑτόν·
904 3859 922 3892 ι
964 3840 1021 3893 'o
1050 3839 1181 3903 Θεὸς
1213 3825 1514 3912 ἐνετείλατό
1554 3855 1666 3910 μοι,
1707 3839 1794 3891 ἵνα
1821 3837 2100 3908 ἀπολύσῃς

532 3934 630 4002 τὴν
653 3933 892 4002 γυναῖκά
924 3949 1042 3986 σου.
1089 3950 1108 3985 t
1147 3932 1205 3985 '0
1228 3932 1284 3986 δὲ
1313 3931 1570 3986 ἀπέλυσε.
1606 3931 1716 3984 Καὶ
1737 3929 1854 4001 μεθ’
1883 3928 2097 4000 ἡμέρας

531 4013 748 4090 πολλὰς.
803 4042 821 4076 ι
873 4023 1056 4089 Ἀλλὰ,
1113 4025 1314 4094 φησιν,
1372 4024 1458 4077 ἵνα
1521 4021 1676 4091 κάγὼ
1723 4020 1893 4091 αὐτὴν
1952 4020 2101 4074 λάϐω

532 4116 833 4170 ἐνετείλατο
864 4117 892 4168 6
920 4114 1072 4177 Θεός.
1124 4133 1142 4165 ι
1198 4109 1331 4166 Εἶτα
1387 4109 1610 4173 λαϐὼν,
1665 4107 1759 4162 καί⁵
1805 4106 2096 4178 μοιχεύσας

533 4205 699 4276 αὐτὴν
736 4203 974 4258 τοιοῦτον
1001 4203 1163 4274 ἔθηκε
1195 4201 1357 4271 νόμον
1383 4217 1395 4230 ’
1439 4219 1457 4251 ι
1511 4199 1568 4252 '0
1604 4197 1926 4268 βουλόμενος
1959 4196 2097 4249 ἀπο-

2199 3115 2438 3179 quatuor
2464 3107 2589 3163 illas
2610 3121 2810 3162 uxores
2837 3124 2852 3162 :
2880 3121 3044 3177 quam
3065 3107 3196 3162 item
3210 3106 3776 3175 voluerit,dimittere,

2199 3200 2492 3269 aliamque,
2525 3199 2570 3254 si
2606 3199 2931 3263 allubescat,
2971 3199 3197 3262 ducere,
3239 3197 3311 3252 ob
3339 3197 3612 3266 ejusmodi
3647 3212 3780 3252 cau-

2200 3305 2316 3345 sam
2352 3289 2567 3346 statuit.
2615 3290 2837 3344 Socium
2878 3289 3115 3345 habebat
3145 3287 3379 3353 Mamed,
3412 3285 3638 3342 Zeidum
3677 3302 3780 3344 no-

2201 3383 2347 3437 mine
2377 3380 2525 3452 (Sur.
2560 3381 2778 3453 53),cui
2798 3379 3039 3435 formosa
3062 3394 3202 3434 uxor
3219 3385 3360 3443 erat,
3377 3392 3542 3448 quam
3565 3377 3776 3434 Mamed

2199 3472 2492 3542 deperiret.
2527 3472 2664 3528 Cum
2701 3472 2887 3542 itaque
2921 3485 3028 3525 una
3072 3471 3352 3535 sederent,
3398 3469 3477 3524 ait
3507 3469 3720 3527 Mamed
3760 3490 3774 3526 :

2204 3583 2224 3616 ι
2257 3562 2405 3620 Heus
2433 3573 2513 3628 tu,
2545 3573 2876 3634 prmeeptum
2910 3563 3044 3616 mihi
3083 3578 3114 3617 a
3147 3561 3261 3618 Deo
3286 3570 3390 3628 est,
3438 3570 3498 3618 ut
3545 3578 3778 3624 uxorem

2201 3665 2347 3710 tuam
2384 3655 2674 3724 accipiam.
2710 3673 2729 3707 ι
2764 3653 2864 3709 Cui
2922 3654 3012 3710 ille
3047 3653 3383 3724 respondet:
3421 3672 3443 3706 ι
3477 3654 3779 3724 Apostolus

2199 3761 2280 3813 es,
2311 3744 2397 3800 fac
2414 3746 2560 3801 sicut
2584 3745 2721 3800 dixit
2742 3745 2839 3800 tibi
2865 3745 3008 3799 Deus
3034 3759 3049 3798 :
3073 3759 3298 3800 uxorem
3327 3759 3501 3798 meam
3520 3746 3730 3817 accipe.
3753 3767 3773 3800 ι

2199 3833 2332 3900 lmo,
2360 3843 2421 3890 ut
2442 3849 2556 3889 rem
2581 3848 2610 3888 a
2634 3835 2815 3904 capite
2843 3843 3178 3904 repetamus,
3203 3834 3278 3888 ait
3303 3835 3382 3889 illi
3410 3853 3423 3889 :
3461 3855 3479 3886 ι
3504 3835 3780 3892 Mandavit

2200 3922 2334 3978 mihi
2368 3922 2512 3978 Deus
2547 3929 2606 3978 ut
2645 3937 2870 3977 uxorem
2901 3931 3051 3978 tuam
3085 3923 3357 3978 dimittas.
3391 3941 3410 3974 ι
3452 3923 3781 3996 Elapsisque

2199 4012 2394 4068 diebus
2431 4013 2662 4082 aliquot,
2693 4012 2831 4067 dixit
2857 4031 2870 4067 :
2903 4031 2920 4063 ι
2948 4011 3213 4084 Praecepit
3245 4011 3388 4068 Deus
3415 4021 3474 4066 ut
3495 4028 3614 4068 eam
3645 4029 3782 4082 quo-

2199 4120 2305 4174 que
2333 4104 2464 4158 mihi
2498 4119 2796 4160 sumerem.
2835 4123 2856 4157 ι
2906 4103 3116 4160 Deinde
3146 4121 3269 4160 cum
3305 4116 3587 4176 acceptam
3629 4107 3779 4160 illam

2205 4193 2364 4267 114
2379 4195 2648 4251 adulterio
2674 4205 3004 4265 stuprasset,
3037 4195 3208 4266 legem
3231 4196 3375 4249 hanc
3401 4197 3527 4249 tulit
3553 4215 3566 4248 :
3594 4215 3614 4250 ι
3637 4196 3783 4253 Uxo-

532 4297 704 4353 λυέτω
729 4299 827 4368 τὴν
854 4299 1088 4367 γυναῖκα
1113 4293 1299 4348 αὑτοῦ.
1332 4292 1457 4346 Ἐὰν
1489 4291 1546 4346 δὲ
1579 4290 1716 4361 μετὰ
1744 4289 1805 4344 τὸ
1833 4286 2097 4343 ἀπολῦσαι

2203 4301 2314 4342 rem
2345 4302 2526 4352 suam,
2550 4286 2644 4356 qui
2671 4286 2904 4341 voluerit
2925 4286 3164 4340 dimittat
3195 4303 3208 4339 :
3241 4285 3386 4354 quod
3413 4286 3460 4340 si
3489 4295 3781 4357 postquam

532 4390 618 4444 ἐπ’
651 4365 818 4460 αὐτην
847 4365 1182 4458 ἀναστρέφῃ,
1200 4384 1449 4455 γαμείτω
1476 4381 1646 4454 αὑτὴν
1671 4380 1847 4444 ἄλλος.
1879 4379 1954 4432 Οὑ
1989 4377 2097 4448 γάρ

2202 4376 2496 4442 dimiserit,
2542 4377 2610 4431 ad
2662 4391 2783 4431 eam
2839 4383 3170 4438 revertatur,
3221 4376 3386 4429 ducat
3431 4376 3582 4430 illam
3620 4379 3779 4434 alter.

533 4481 710 4548 ἔξεστι
738 4480 944 4545 λαϐεῖν,
999 4479 1048 4531 εί
1102 4476 1177 4548 μὴ
1217 4476 1440 4546 γαμηθῇ
1479 4475 1570 4542 ὑφ’
1603 4473 1817 4543 ἑτέρου.
1877 4469 2003 4523 Ἐάν
2045 4468 2104 4521 δὲ

535 4570 628 4624 καὶ
654 4568 880 4638 ἀδελφὸς
912 4565 1181 4638 ἀπολύσῃ,
1213 4565 1461 4633 γαμείτω
1478 4559 1645 4629 αὐτὴν
1674 4557 1904 4627 ἀδελφὸς
1935 4553 2102 4609 αὑτοῦ

537 4661 874 4732 βουλόμενος.
889 4679 908 4711 ι
929 4660 1018 4712 Ἐν
1036 4659 1172 4728 αὐτῇ
1187 4659 1255 4727 τῇ
1271 4656 1456 4728 γραφῇ
1476 4652 1698 4707 τοιαῦτα
1715 4647 2103 4721 παραγγέλλειο

542 4772 558 4804 ι
591 4753 865 4824 Είργασαι
885 4751 983 4820 τὴν
1008 4749 1134 4820 γῆν,
1161 4750 1225 4818 ἢν
1251 4749 1279 4799 6
1304 4747 1439 4808 Θεὸς
1491 4742 1663 4797 ἐδωκέ
1695 4758 1802 4805 σοι,
1829 4741 1925 4794 καὶ
1949 4739 2104 4809 φιλο-

537 4846 772 4916 κάλησον
799 4845 967 4914 αὑτήν
994 4860 1008 4875 ο
1060 4841 1157 4895 καὶ
1197 4839 1316 4893 τόδε
1347 4837 1590 4907 ποίησον,
1643 4835 1737 4888 καὶ
1775 4831 2000 4885 τοιῶσδε
2025 4846 2039 4863 ο
2077 4849 2099 4885 ι

539 4934 626 4986 ἵνα
662 4933 737 5004 μὴ
770 4933 948 4987 πάντα
969 4931 1136 5001 λέγω,
1158 4929 1232 4992 ὡς
1265 4928 1492 4990 ἐκεῖνος,
1529 4921 1753 4994 αἰσχρά.

607 5110 774 5166 Πάλιν
804 5109 992 5182 γραφὴ
1027 5111 1127 5180 τῆς
1170 5104 1442 5175 καμήλου
1499 5101 1607 5157 τοῦ
1662 5098 1832 5166 Θεοῦ,
1879 5098 2007 5169 περὶ
2035 5091 2104 5170 ἦς

535 5202 704 5272 λέγει,
735 5204 816 5257 ὅτι
851 5199 920 5275 ἦν
943 5200 1213 5271 κάμηλος
1245 5202 1309 5253 ἐκ
1331 5196 1425 5250 τοῦ
1459 5194 1616 5260 Θεοῦ,
1654 5193 1836 5247 ἔπινεν
1855 5192 1975 5245 ὅλον
2013 5191 2104 5243 τὸν

541 5296 804 5368 ποταμὸν,
837 5297 931 5350 καὶ
970 5295 1031 5347 οὑ
1087 5293 1341 5365 διήρχετο
1375 5289 1580 5360 μεταξὺ
1625 5287 1718 5340 δύο
1744 5284 1914 5354 ὀρέων
1934 5284 2021 5337 διὰ
2043 5283 2104 5336 τὸ

2202 4467 2322 4523 Νοη
2350 4469 2496 4523 enim
2536 4468 2662 4522 licet
2697 4483 2817 4522 eam
2853 4465 3126 4535 accipere,
3163 4467 3269 4521 nisi
3299 4475 3428 4523 ante
3465 4469 3685 4524 ductam
3714 4472 3782 4526 ab

2204 4559 2312 4613 alio
2341 4577 2356 4614 :
2390 4559 2463 4612 ita
2491 4567 2550 4612 ut
2576 4557 2623 4613 si
2649 4556 2817 4612 frater
2845 4557 3010 4611 etiam
3040 4557 3188 4611 illam
3221 4557 3516 4626 dimiserit,
3545 4561 3780 4616 ducatur

2205 4665 2236 4704 a
2273 4648 2439 4703 fratre
2482 4647 2628 4718 ejus,
2661 4648 2710 4702 si
2743 4646 2988 4702 libuerit.
3019 4665 3038 4698 ι
3083 4645 3254 4702 Porro
3280 4647 3336 4702 in
3368 4649 3640 4720 scriptura
3681 4665 3780 4705 sua

2206 4740 2477 4808 ejusmodi
2518 4739 2764 4810 quaedam
2826 4739 3146 4808 pronuntiat
3182 4759 3196 4794 :
3237 4759 3255 4792 ι
3299 4740 3540 4811 Opera-re
3576 4749 3779 4797 terram

2205 4846 2372 4901 quam
2403 4830 2502 4885 tibi
2526 4829 2678 4885 dedit
2698 4829 2864 4897 Deus,
2887 4837 2940 4884 et
2968 4830 3216 4887 studiose
3249 4831 3399 4886 illam
3432 4835 3552 4889 cole
3580 4852 3592 4887 :
3621 4843 3784 4902 atque

2207 4925 2311 4976 hoc
2337 4920 2530 4986 facito,
2557 4928 2612 4977 et
2649 4921 2718 4976 ad
2758 4920 2901 4976 hunc
2936 4921 3192 4991 modum;
3231 4941 3251 4974 ι
3292 4939 3360 4980 ne
3384 4925 3567 4980 omnia
3598 4932 3656 4978 ut
3691 4915 3784 4979 ille

2205 5013 2442 5068 obscena
2475 5011 2768 5083 proferam.

2280 5101 2518 5159 Rursum
2561 5103 2894 5173 scripturam
2947 5104 3119 5159 edidit
3164 5104 3367 5160 Camcli
3401 5104 3525 5164 Dei.
3571 5103 3637 5157 de
3675 5119 3786 5173 qua

2209 5201 2399 5247 narrat
2428 5190 2574 5264 (Sur.
2605 5193 2655 5260 7,
2694 5209 2757 5261 ll,
2789 5203 2838 5249 et
2872 5195 3021 5268 alibi)
3055 5213 3068 5250 :
3103 5195 3358 5248 camelum
3413 5210 3479 5246 ex
3519 5191 3628 5247 Deo
3654 5207 3784 5262 pro-

2217 5284 2417 5350 diisse,
2463 5300 2586 5355 quae
2627 5295 2802 5340 totum
2836 5285 3060 5342 fluvium
3109 5286 3384 5348 ebiberct,
3424 5298 3598 5352 neque
3640 5282 3784 5340 inter

1809 5470 2038 5526 VARUE
2076 5469 2476 5528 LECTIONES.

617 5595 642 5635 ⁸
668 5593 732 5647 ll.
760 5592 922 5658 2508,
978 5589 1223 5660 Βαχθάν·
1259 5587 1350 5643 alii
1374 5587 1438 5660 2,7
1462 5586 1748 5660 Χαϐοθάνρ
1796 5592 2119 5660 est,gaaba,
2175 5607 2271 5645 seu
2312 5591 2496 5660 fanum
2555 5588 2871 5644 Meccanum
2985 5584 3010 5624 h
3038 5584 3152 5639 Als.
3192 5579 3398 5652 Χαϐέρ.
3493 5581 3510 5622 ί
3549 5580 3614 5636 Il.
3643 5581 3782 5636 2508

551 5664 613 5716 ἐκ
634 5657 915 5734 γλυφίδος,
951 5657 1116 5717 Vetus
1151 5663 1379 5730 interpr.
1422 5658 1785 5727 insulptiouis.
1867 5657 1878 5706 ἱ
1922 5657 1988 5712 R.
2026 5660 2166 5717 2508
2197 5662 2263 5722 ἢν
2311 5659 2506 5717 ἐθέλοι.
2543 5661 2625 5712 ἐκ.
