4090 6148
422 266 522 332 ’ΠΙ

1592 259 1655 318 S.
1695 257 2017 320 IOANNIS
2056 255 2487 316 DAMASCENI

3587 254 3694 319 779.

421 381 563 435 duos
604 380 818 431 montes
872 369 1174 430 transiret,
1209 367 1337 436 quia
1384 366 1488 437 ipsi
1524 366 1660 421 satis
1695 364 1860 436 spatii
1899 377 2000 418 non

2113 362 2187 432 μὴ
2227 359 2544 432 χωρεῖσθαι.
2575 357 2719 419 Λαδς
2749 353 2863 420 οὗν,
2903 355 3088 426 φησὶν,
3115 349 3182 426 ἦν
3211 356 3269 408 ὲν
3288 353 3369 426 τῷ
3388 355 3560 426 τόπῳ,
3600 361 3701 411 καὶ

419 478 590 525 esset.
627 463 868 535 Populus
913 462 1100 531 igitur,
1156 458 1354 527 inquit,
1412 457 1562 510 illius
1613 455 1742 520 loci,
1779 469 1891 508 uno
1920 453 2009 507 die

350 543 352 551 ’
421 559 668 613 ﬂuminis
693 568 885 624 aquam
919 551 1165 621 putabat,
1207 549 1384 603 altero
1411 548 1682 602 camelus.
1713 545 1845 612 Qua:
1865 558 2007 622 _cum

420 665 617 721 aquam
649 646 912 706 ebiberet,
949 643 1068 710 ipsa
1104 639 1328 710 putabat
1375 640 1519 702 illos,
1568 653 1723 707 aquae
1767 637 1888 690 loco
1924 636 2010 688 lac

419 736 877 796 subministrans.
915 731 1153 801 [mprobi
1182 745 1316 784 vero
1341 745 1466 784 cum
1507 739 1692 782 essent
1717 727 1800 782 illi
1829 727 2009 780 homi-

419 846 541 892 nes,
579 827 785 895 impetu
827 823 973 877 facto
1008 822 1282 875 camelum
1324 820 1672 874 occiderunt.
1709 817 1834 872 Hch
1871 833 2010 888 par-

415 936 541 976 vam
573 917 833 972 camelum
867 921 1160 986 genuerat,
1198 927 1321 982 quae
1355 911 1646 967 interfecta
1692 919 1867 966 matre
1896 911 2010 966 cla-

413 1014 587 1068 mavit
618 1011 686 1066 ad
712 1009 908 1074 Deum,
931 1007 1026 1078 qui
1048 1022 1168 1063 eam
1193 1004 1260 1058 ad
1293 1019 1352 1059 se
1382 1003 1708 1074 assumpsit.
1732 1002 2008 1069 Quocirca

415 1121 518 1160 nos
547 1103 850 1174 quaarimus
880 1101 949 1153 ab
978 1099 1059 1154 eis
1089 1101 1114 1151 τ’
1139 1096 1421 1152 Undenam
1450 1105 1567 1150 erat
1595 1096 1846 1151 camelus
1877 1095 2009 1150 illa?

413 1198 495 1252 Ex
519 1197 651 1261 Deo,
674 1193 954 1263 inquiunt.
985 1190 1120 1245 Cum
1161 1205 1264 1244 nos
1294 1204 1494 1243 rursus
1535 1207 1547 1242 :
1581 1186 1763 1242 Coivit
1793 1202 1922 1242 cum
1944 1201 2008 1242 ea

413 1285 660 1340 camelus
705 1280 916 1336 altera?
946 1279 1052 1334 hoc
1106 1279 1215 1349 ipsi
1275 1284 1496 1348 negant.
1537 1274 1788 1342 Quonam
1843 1285 2010 1346 pacto

414 1375 580 1446 igitur
606 1371 832 1442 genuit?
859 1368 995 1424 Nam
1031 1370 1304 1425 camelum
1332 1375 1573 1422 vestram
1602 1367 1860 1422 videmus
1889 1368 2009 1422 sine

415 1475 592 1535 patre,
627 1463 748 1518 sine
778 1467 978 1524 matre,
1021 1453 1143 1514 sine
1175 1459 1519 1530 genealogia.
1553 1457 1798 1527 Quaeque
1832 1459 2006 1526 ipsam

414 1559 622 1630 genuit,
664 1556 808 1611 male
847 1554 1034 1627 periit.
1065 1553 1209 1619 Quin
1245 1568 1348 1607 nec
1385 1561 1612 1623 apparet
1637 1551 1764 1620 quis
1801 1551 2009 1605 admis-

413 1650 596 1706 sarius
631 1647 750 1717 ejus
800 1647 987 1700 iuerit.
1025 1644 1257 1716 insuper
1305 1652 1360 1699 et
1415 1657 1585 1714 parva
1631 1644 1879 1698 camelus
1911 1657 2005 1698 as-

412 1742 630 1803 sumpta
664 1740 770 1788 est.
829 1733 941 1787 Cur
995 1747 1128 1787 vero
1181 1733 1452 1802 propheta
1482 1742 1682 1798 vester,
1737 1747 1999 1802 quocum,

413 1834 472 1879 ut
508 1824 694 1888 fertis,
723 1823 944 1878 locutus
967 1830 1052 1877 est
1086 1821 1254 1887 Deus,
1294 1823 1361 1877 de
1392 1824 1605 1877 camelo
1643 1837 1751 1875 non
1789 1823 2001 1888 didicit,

414 1916 506 1970 ubi
547 1922 831 1985 pascatur,
862 1923 917 1969 et
955 1930 984 1969 a
1010 1915 1212 1984 quibus
1243 1914 1592 1984 mulgentur?
1613 1915 1695 1967 An
1722 1913 1866 1969 forte
1886 1914 2004 1984 ipsa

412 2020 635 2074 quoque
668 2005 828 2059 malis
858 2019 1148 2074 Oppressa,
1186 2004 1412 2073 perinde
1444 2019 1508 2058 ac
1540 2011 1716 2060 mater
1750 2005 2005 2058 interiit?

411 2095 497 2147 An
523 2081 883 2162 prtecursoI-is
913 2095 1087 2148 instar
1123 2092 1443 2162 paradisum
1497 2101 1626 2148 ante
1671 2109 1772 2150 vos
1823 2094 2001 2164 petiit,

413 2200 480 2241 ex
506 2200 612 2254 qua
650 2184 853 2240 ﬂuvius
883 2185 977 2239 ille
1009 2185 1194 2248 lactis,
1226 2185 1293 2241 de
1339 2200 1449 2255 quo
1498 2185 1811 2257 nugamini,
1847 2186 2004 2241 vobis

414 2283 744 2330 manaturus
771 2276 878 2331 sit?
915 2275 1052 2332 Tres
1086 2277 1286 2348 quippe
1321 2275 1523 2333 ﬂuvios
1561 2278 1720 2333 vobis
1760 2278 1813 2332 in
1842 2293 2004 2348 para-

411 2370 539 2425 diso
559 2383 783 2424 ntanare
801 2370 1062 2437 narratis,
1092 2384 1268 2439 aquae,
1287 2370 1425 2438 vini,
1446 2377 1501 2426 et
1525 2370 1703 2426 lactis.
1735 2369 1794 2425 Si
1820 2379 2004 2427 vestra

414 2461 684 2526 camelus,
737 2475 860 2531 qua:
903 2475 1008 2515 vos
1056 2462 1442 2528 anteverterit,
1480 2470 1638 2517 extra
1677 2462 2004 2532 paradisum

413 2553 584 2624 degit,
613 2565 733 2608 eam
766 2553 928 2622 plane
959 2553 1104 2608 fame
1134 2562 1188 2608 et
1224 2553 1318 2608 siti
1349 2554 1641 2611 exaruisse
1668 2553 1879 2624 liquet;
1910 2562 2007 2608 aut

413 2645 510 2700 alii
551 2646 692 2700 lacte
731 2644 853 2714 ejus
884 2643 1147 2700 fruuntur
1183 2663 1194 2699 :
1232 2645 1480 2717 adeoque
1513 2647 1790 2718 propheta
1821 2654 2007 2703 vester

413 2737 621 2792 frustra
639 2752 700 2792 se
726 2753 851 2792 cum
878 2736 990 2793 Deo
1018 2738 1360 2794 collocutum
1386 2740 1678 2810 gloriatur,
1695 2739 1783 2794 cui
1811 2746 2010 2810 myste-

429 2830 574 2883 rium
601 2829 794 2884 cameli
824 2829 1126 2886 revelatum
1152 2845 1262 2887 non
1288 2831 1473 2887 fuerit.
1505 2831 1603 2886 Sin
1634 2840 1815 2886 autem
1843 2840 1930 2888 est
1954 2832 2008 2887 in

412 2920 694 2990 paradiso,
750 2935 950 2991 aquam
1015 2937 1240 2978 rursum
1294 2923 1503 2989 ebibit,
1557 2923 1904 2994 subindeque
1948 2925 2007 2979 in

2110 455 2212 523 τὴν
2239 453 2337 522 μὲν
2368 451 2496 522 μίαν
2516 450 2734 520 ἡμέραν
2765 447 2928 509 αὐτὸς
2968 447 3118 499 ἔπινε
3146 447 3210 500 τὸ
3241 446 3405 516 ὕδωρ,
3442 449 3476 516 ή
3508 447 3565 501 δὲ
3596 451 3696 502 κά-

2114 546 2284 617 μηλος
2320 548 2389 616 τῇ
2429 543 2580 614 ἑξῆς.
2610 542 2850 596 Πίνουσα
2879 540 2935 595 δὲ
2979 539 3039 592 τὸ
3072 537 3217 608 ὕδωρ
3243 538 3474 610 ἔτρεφεν
3501 539 3700 605 αὐτοὺς

2109 639 2170 691 τὸ
2190 638 2330 707 γάλα
2350 636 2704 708 παρεχομένη
2745 634 2868 687 ἀντὶ
2919 631 3018 686 τοῦ
3086 629 3300 694 ὓδατος.
3365 631 3699 704 Ἀνέστησαν

2108 729 2201 786 οῦν
2257 733 2306 785 οἱ
2363 731 2556 802 ἄνδρες
2614 731 2811 782 ἐκεῖνοι
2871 725 3101 797 πονηροὶ
3160 724 3334 789 ὄντες,
3403 728 3557 796 φησὶ,
3604 729 3700 781 καὶ

2108 820 2440 876 ἀπέκτειναν
2467 818 2570 889 τὴν
2612 816 2860 888 κάμηλον
2886 833 2900 847 ·
2948 816 3048 884 τῆς
3077 815 3133 867 δὲ
3163 814 3412 884 γέννημα
3451 815 3698 887 ὑπῆρχεν

2113 913 2288 985 μικρὰ
2316 912 2611 981 κάμηλος,
2637 910 2780 980 ἥτις,
2811 909 2968 978 φησὶ,
2994 907 3095 976 τῆς
3136 906 3347 978 μητρὸς
3376 907 3686 978 ἀναιρεθεί-

2110 1025 2210 1077 σης
2242 1006 2506 1075 ἀνεϐόησε
2531 1004 2669 1075 πρὸς
2693 1004 2784 1058 τὸν
2813 1003 2969 1064 Θεὸν,
3009 1002 3104 1055 καὶ
3127 1000 3321 1055 ἐλαϐεν
3351 1001 3520 1072 αὐτὴν
3559 1001 3696 1071 πρὸς

2108 1099 2318 1152 ἑαυτόν.
2348 1097 2495 1169 Πρὸς
2522 1095 2618 1158 οῦς
2645 1113 2825 1164 φαμεν
2852 1110 2866 1123 ⁸
2904 1093 3076 1148 Πόθεν
3113 1094 3146 1164 η
3181 1092 3432 1162 κάμηλος
3470 1091 3693 1160 ἐκείνης

2107 1189 2222 1242 Καὶ
2249 1187 2522 1255 λέγουσιν,
2556 1186 2640 1238 ὅτι
2689 1185 2755 1236 ὲκ
2786 1183 2944 1237 Θεοῦ.
2993 1182 3104 1237 Καί
3146 1198 3330 1250 φαμεν
3355 1195 3370 1208 ·
3402 1180 3698 1234 Συνεόιὸά-

2114 1279 2217 1349 σθη
2245 1277 2417 1348 ταύτῃ
2449 1276 2698 1348 κάμηλος
2727 1274 2862 1346 άλλη
2891 1291 2906 1340 ;
2936 1275 3052 1328 Καὶ
3099 1275 3353 1343 λέγουσιν
3374 1291 3389 1306 ο
3435 1273 3592 1344 Οὐχί.
3626 1302 3697 1318 -ο

2107 1369 2279 1424 Πόθεν
2301 1364 2413 1432 οὖν,
2479 1367 2703 1437 φαμὲν,
2761 1366 3083 1435 ὲγέννησενς
3137 1365 3386 1437 Ὀρῶμεν
3441 1367 3550 1436 γὰρ
3594 1367 3698 1436 τὴν

2106 1461 2354 1532 κάμηλον
2389 1460 2542 1529 ὑμῶν
2567 1459 2821 1529 ἀπάτορα
2861 1460 2958 1513 καὶ
2989 1460 3244 1529 ἀμήτορα
3280 1458 3377 1510 καὶ
3399 1457 3696 1525 ἀγενεαλόο

2105 1569 2308 1624 γητον⁹
2365 1553 2674 1622 γεννήσασα
2732 1551 2811 1615 δὲ,
2866 1549 3035 1603 κακὸν
3080 1548 3305 1604 ἔπαθεν.
3347 1548 3488 1602 Ἀλλ’
3523 1548 3698 1602 οὐδὲδ

2039 1693 2077 1748 Β
2107 1648 2339 1719 βιϐάσας
2369 1646 2642 1714 φαίνεται,
2678 1645 2774 1698 καὶ
2826 1643 3067 1748 ἡτμικρὰ
3099 1642 3347 1714 κάμηλος
3387 1642 3694 1748 ἀνελήφθη.

2116 1741 2174 1793 '0
2203 1735 2297 1792 οὖν
2329 1739 2620 1809 προφήτης
2641 1736 2817 1806 ὑμῶν,
2853 1731 2896 1803 ᾧ
2944 1735 3129 1798 καθὼς
3162 1734 3374 1802 λέγετε,
3432 1733 3695 1805 ἐλάλησεν

2103 1835 2132 1886 6
2161 1831 2315 1895 Θεὸς,
2359 1831 2447 1884 διὰ
2498 1830 2551 1884 τί
2593 1829 2722 1899 περὶ
2773 1829 2875 1897 τῆς
2919 1829 3168 1899 καμήλου
3217 1828 3319 1881 οὐκ
3376 1827 3565 1897 ἔμαθε,
3592 1826 3694 1882 ποῦ

2109 1923 2388 1995 βόσκεται,
2414 1922 2508 1975 καὶ
2529 1921 2675 1984 τινες
2704 1920 3053 1989 γαλεύονται,
3093 1921 3300 1990 ταύτην
3335 1919 3692 1990 ἀμέλγοντες;

2109 2018 2183 2070 Ἢ
2206 2018 2300 2070 καὶ
2338 2016 2478 2084 αὑτὴ
2515 2015 2587 2086 μή
2639 2031 2769 2066 ποτε
2817 2017 3023 2078 κακοὲς,
3057 2013 3188 2084 ὼςή
3224 2014 3430 2084 μήτηρ,
3467 2031 3694 2084 περιτυ-

2105 2108 2276 2180 χοῦσα
2304 2106 2566 2180 ἀνῃρέθη,
2598 2107 2631 2176 ἢ
2663 2107 2721 2158 ὲν
2744 2105 2823 2176 τῷ
2847 2105 3165 2176 παραδείσῳ
3204 2105 3512 2176 πρόδρομος
3533 2103 3690 2175 ὑμῶν

2107 2203 2378 2272 εἰσῆλθεν,
2406 2195 2583 2272 ἀφ’ἦς
2628 2203 2656 2254 6
2702 2200 2948 2270 ποταμὸς
2980 2201 3110 2269 ὑμῖν
3158 2199 3334 2264 ἔσται,
3361 2201 3420 2254 δν
3450 2199 3687 2270 ληρεῖτε,

2106 2295 2201 2349 τοῦ
2224 2295 2494 2364 γάλακτος
2517 2311 2532 2360 ;
2557 2294 2718 2364 Τρεῖς
2734 2293 2843 2363 γάρ
2873 2309 3009 2362 φατε
3041 2291 3324 2362 ποταμοὺς
3365 2293 3491 2362 ὑμῖν
3520 2294 3579 2345 ἐν
3612 2291 3693 2362 τῷ

2108 2387 2420 2459 παραδείσῳ
2454 2387 2619 2457 ῥέειν,
2648 2385 2860 2449 ὓδατος,
2890 2385 3056 2448 οἴνου,
3088 2385 3183 2437 καὶ
3227 2384 3517 2452 γάλακτος.
3567 2385 3694 2437 Ἐὰν

2108 2479 2266 2542 ἐκτός
2300 2481 2448 2532 ἐστιν
2495 2477 2529 2546 ἡ
2555 2477 2863 2550 πρόδρομος
2904 2475 3058 2547 ὑμῶν
3089 2476 3334 2547 κάμηλος
3369 2475 3464 2530 τοῦ
3513 2495 3693 2548 παρα·

2107 2571 2309 2633 δείσου,
2341 2569 2499 2639 δῆλον
2525 2569 2608 2622 ὅτι
2642 2568 2998 2638 ἀπεξηράνθη
3037 2569 3201 2640 πείνῃ
3237 2569 3333 2622 καὶ
3361 2567 3513 2640 δίψῃ,
3542 2569 3574 2640 ἢ
3602 2568 3695 2621 ἄλο

2109 2661 2190 2716 λοι
2211 2661 2306 2715 τοῦ
2334 2661 2605 2729 γάλακτος
2662 2661 2836 2732 αὐτῆς
2873 2660 3278 2714 ἀπολαύσουσιο
3324 2661 3419 2715 καὶ
3460 2662 3640 2732 μάτην
3664 2664 3692 2716 6

2110 2757 2396 2825 προφήτης
2424 2754 2576 2824 ὑμῶν
2602 2754 2962 2823 φρυάττεται,
3008 2753 3084 2816 ὡς
3109 2753 3380 2823 ὁμιλήσας
3411 2753 3532 2825 Θεῷ
3568 2770 3581 2784 '
3627 2755 3691 2809 οὐ

2110 2848 2220 2915 γὰρ
2247 2845 2311 2897 τὸ
2340 2846 2640 2915 μυστήριον
2670 2843 2819 2915 αὐτῷ
2873 2844 3235 2916 ἀπεκαλύφθη
3283 2845 3386 2916 τῆς
3416 2845 3686 2918 καμήλου.

2111 2937 2175 2990 Εἰ
2203 2937 2260 2990 δὲ
2286 2938 2344 2990 ὲν
2392 2936 2470 3006 τῷ
2520 2935 2838 3007 παραδείσῳ
2892 2936 3028 3003 ἐστὶ,
3067 2936 3231 2991 πάλιν
3255 2937 3400 2990 πίνει
3432 2939 3494 2991 τὸ
3522 2936 3686 3026 ῦδωρ,

413 3011 594 3066 medio
679 3013 920 3082 paradisi
977 3012 1303 3069 deliciarum
1367 3015 1437 3070 ob
1496 3029 1654 3084 aquae
1712 3015 1999 3084 penuriam

2107 3029 2202 3082 καὶ
2233 3027 2459 3100 άνυδρίᾳ
2511 3027 2833 3099 ξηραίνεσθε
2904 3030 2962 3080 ὲν
3015 3028 3169 3099 μέσῳ
3213 3029 3314 3098 τῆς
3341 3032 3555 3101 τρυφῆς
3593 3011 3690 3084 τοῦ

411 3105 698 3170 arescetis,
731 3105 805 3161 ita
841 3115 901 3161 ut
937 3106 1128 3162 vinum
1177 3106 1506 3162 desideretis
1537 3121 1680 3177 aqua
1713 3122 1822 3162 non
1860 3123 1996 3178 sup-

410 3206 649 3269 petente,
681 3213 845 3268 quam
876 3205 1049 3252 totam
1090 3199 1336 3254 camelus
1367 3200 1627 3269 epotarit.
1667 3199 1806 3254 Tum
1859 3200 1997 3257 meri

409 3295 542 3357 potu
601 3288 1016 3354 exardescetis,
1095 3303 1207 3357 prae
1261 3289 1535 3345 ebrietate
1618 3290 1994 3360 cespitabitis,

409 3376 806 3444 dormietisque
840 3395 853 3429 :
879 3375 1180 3447 gravedine
1212 3392 1345 3431 vero
1389 3378 1586 3449 capitis
1617 3395 1714 3450 per
1739 3395 1995 3436 somnum

409 3466 574 3520 etiam
613 3466 927 3522 laborantes
949 3481 1018 3521 ex
1043 3466 1154 3521 vini
1186 3469 1441 3539 crapula,
1478 3469 1825 3540 voluptatum
1866 3471 1995 3542 qui—

411 3555 517 3610 bus
547 3557 838 3625 paradisus
869 3557 1041 3612 aﬂluit
1087 3558 1512 3615 obliviscemini.
1551 3561 1792 3616 Curnam
1827 3564 1996 3634 igitur

412 3650 530 3704 haec
560 3650 615 3703 in
647 3657 884 3704 mentem
919 3650 1200 3720 prOphetae
1240 3653 1408 3707 vestri
1441 3667 1552 3708 non
1597 3663 1890 3720 venerunt,
1923 3671 1995 3712 ne

413 3741 556 3797 forte
583 3741 743 3797 vobis
789 3743 847 3796 in
895 3745 1060 3798 horto
1106 3743 1436 3800 deliciarum
1484 3745 1846 3802 acciderent?
1894 3761 1996 3801 cur

413 3835 688 3892 sollicitus
723 3835 790 3891 de
838 3837 1052 3891 camelo
1098 3853 1210 3893 non
1261 3838 1398 3905 luit,
1449 3841 1542 3895 ubi
1594 3856 1744 3896 nunc
1793 3841 1997 3912 degat?

413 3942 594 3996 neque
631 3942 729 3983 vos
763 3943 832 3983 ex
869 3928 964 3982 illo
1005 3929 1276 3984 sciscitati
1336 3933 1473 3988 estis
1497 3972 1515 3999 ,
1569 3935 1651 3988 uti
1703 3950 1882 4005 neque
1915 3935 1996 3995 .de

413 4019 594 4074 ﬂuviis
620 4019 730 4073 illis
763 4018 963 4084 tribus,
1006 4035 1146 4090 quos
1181 4022 1492 4077 venditator
1519 4023 1609 4078 ille
1648 4025 1994 4080 somniorum

411 4113 750 4168 edisseruit?
788 4111 898 4167 Nos
927 4121 1111 4168 autem
1161 4114 1338 4182 palam
1385 4115 1779 4172 denuntiamus
1811 4116 1990 4182 vobis,

410 4204 788 4275 prodigiosam
814 4204 962 4259 illam
983 4205 1253 4260 camelum
1279 4212 1514 4260 vestram
1531 4220 1627 4262 vos
1645 4208 1994 4276 praecessisse

411 4294 466 4349 in
495 4296 710 4350 animas
738 4297 1019 4352 asinorum
1054 4297 1108 4351 in
1140 4297 1340 4368 quibus
1371 4304 1426 4353 et
1449 4313 1567 4362 vos,
1598 4313 1698 4354 ceu
1724 4301 1992 4372 jumentis

2107 3120 2459 3192 παραδείσου.
2495 3119 2612 3174 Κᾶν
2643 3120 2669 3159 ι
2695 3114 2836 3173 οἶνον
2861 3121 2924 3172 ὲκ
2963 3121 3057 3174 τοῦ
3075 3121 3460 3193 παροδεύοντος
3489 3124 3688 3182 ἐπιθυ-

2101 3216 2312 3286 μήσητε
2342 3210 2617 3283 ποταμοῦ,
2649 3213 2724 3284 μὴ
2777 3214 3045 3284 παρόντος
3094 3213 3282 3277 ὓδατος
3311 3214 3535 3282 (ἀπέπιε
3569 3215 3684 3287 γὰρ

2096 3303 2216 3356 ὅλον
2249 3303 2282 3371 ή
2321 3301 2591 3372 κάμηλος)
2633 3300 2874 3372 ἄκρατον
2918 3303 3165 3366 πίνοντες
3216 3303 3526 3368 ὲκκαίεσθε,
3584 3307 3685 3360 καὶ

2101 3392 2240 3465 μέθη
2273 3392 2671 3465 παραπταίετε,
2712 3394 2808 3447 καὶ
2853 3394 3183 3448 καθεύδετε·
3235 3395 3687 3466 καρηϐαροῦντες

2094 3485 2152 3538 δὲ
2184 3485 2279 3538 καὶ
2307 3484 2635 3556 μεθ’ῦπνον,
2693 3485 2788 3538 καὶ
2840 3486 3353 3558 κεκραιπαληκότες
3399 3488 3458 3551 ἐξ
3511 3489 3683 3555 οἴνου,

2095 3579 2204 3632 τῶν
2238 3579 2410 3649 ἡδέων
2442 3577 2868 3649 ἐπιλανθάνεσθε
2895 3577 2988 3632 τοῦ
3030 3580 3390 3652 παραδείσου.
3433 3579 3558 3645 Πῶς
3589 3578 3684 3637 οῦν

2096 3675 2124 3726 6
2168 3671 2457 3744 προφήτης
2510 3671 2666 3742 ὑμῶν
2719 3672 2822 3726 οὐκ
2870 3673 3130 3745 ὲνενοήθη
3196 3673 3409 3738 ταῦτα,
3469 3676 3685 3746 μήποτε

2099 3764 2278 3835 συμϐῇ
2307 3763 2436 3833 ὑμῖν
2453 3764 2512 3818 ὲν
2538 3763 2616 3834 τῷ
2647 3765 2964 3836 παραδείσῳ
2991 3767 3093 3836 τῆς
3131 3768 3380 3839 τρυφῆς;
3410 3769 3683 3823 Οὐδέποτε

2096 3855 2226 3924 περὶ
2266 3854 2368 3924 τῆς
2410 3855 2662 3926 καμήλου
2715 3857 3096 3927 πεφρόντικεν,
3148 3860 3281 3913 ὅπου
3322 3858 3419 3912 νῦν
3479 3859 3678 3929 διάγει.

2108 3938 2250 3998 Ἀλλ’
2283 3945 2404 3998 οὐδὲ
2459 3946 2618 4016 ὑμεῖς
2651 3947 2970 4017 ἐρωτήσατε
3002 3949 3186 4014 αὐτὸν,
3223 3949 3300 4014 ὡς
3341 3951 3472 4021 ὑμῖν
3504 3953 3631 4024 περὶ
3659 3951 3678 3991 ι

2095 4036 2204 4090 τῶν
2240 4035 2408 4106 τριῶν
2459 4037 2813 4110 διηγόρευσεν
2843 4039 3354 4112 όνειροπολούμενος
3395 4045 3678 4116 ποταμῶν.

2107 4127 2248 4181 Ἀλλ’
2275 4129 2439 4200 ἡμεῖς
2493 4128 2684 4197 σαφῶς
2740 4129 2840 4202 τὴν
2885 4130 3206 4204 θαυμαστὴν
3247 4133 3402 4205 ὑμῶν
3432 4137 3682 4207 κάμηλον

2094 4220 2174 4283 εἰς
2197 4219 2374 4290 ψυχὰς
2403 4219 2564 4285 ὄνων,
2595 4220 2730 4275 ὅπου
2754 4223 2848 4275 καὶ
2887 4223 3047 4293 ὑμεῖς
3087 4224 3307 4295 μέλλετε
3352 4227 3581 4296 διάγειν,
3603 4229 3679 4292 ὡς

2095 4310 2423 4380 κτηνώδεις,
2465 4312 2887 4384 προδραμοῦσαν
2946 4315 3077 4386 ὑμῖν
3115 4324 3154 4346 ³
3200 4318 3674 4392 ἐπαγγελλόμεθα.

409 4385 548 4439 nihil
580 4386 887 4453 absimiles,
923 4389 1201 4444 versaturi
1242 4390 1399 4446 estis.
1454 4391 1573 4445 Illic
1625 4370 1790 4461 porro
1839 4401 1992 4449 exte-

2110 4370 2320 4458 Ἐκεῖσε
2340 4370 2750 4468 δέ’σκότοςέστὶ
2779 4375 2839 4460 τὸ
2869 4370 3158 4479 ἐξώτερον,
3187 4412 3282 4464 καὶ

409 4480 588 4533 riores
641 4481 881 4535 tenebrae
942 4489 1094 4545 sunt,
1139 4489 1196 4536 et
1252 4497 1414 4551 pinna
1457 4482 1806 4548 immortalis,
1850 4485 1992 4556 ignis

411 4584 740 4638 personans,
783 4571 986 4626 vermis
1031 4573 1282 4643 pervigil,
1316 4581 1370 4628 et
1417 4575 1643 4630 tartarei
1686 4577 1989 4634 daemones.

485 4659 644 4729 115
682 4659 900 4716 Rursus
958 4662 1168 4719 Mamed
1209 4665 1263 4718 in
1309 4665 1588 4734 scriptura
1632 4665 1833 4723 Mensa:
1899 4671 1976 4723 ait,

413 4749 562 4820 (Sur.
598 4750 702 4819 4):
749 4751 1033 4807 Christum
1104 4770 1133 4807 a
1212 4755 1331 4819 Deo,
1405 4772 1651 4814 mensam
1729 4763 1985 4830 petiisse,

409 4856 533 4911 qua:
580 4854 849 4898 concessa
901 4844 1007 4913 ipsi
1058 4844 1244 4899 fuerit.
1281 4845 1428 4902 Deus
1459 4850 1630 4915 enim,
1664 4851 1866 4923 inquit,
1907 4855 1986 4909 illi

409 4932 589 4986 dixit:
636 4949 654 4984 ι
702 4931 833 4988 Dedi
862 4936 1249 5007 tibi,-tuisque
1297 4953 1539 4994 mensam
1592 4945 1728 5000 nulli
1784 4962 1981 5002 corru-

410 5027 570 5098 ptelae
602 5027 919 5083 obnoxiam.
954 5050 973 5082 ι

480 5116 752 5174 Praeterea
812 5121 1144 5188 scripturam
1216 5124 1426 5196 Vaccm,
1493 5129 1710 5199 aliaque
1781 5127 1985 5184 delira-

2097 4493 2352 4566 λεύτητος
2369 4511 2384 4528 ·
2414 4495 2527 4566 πῦρ
2547 4497 2738 4568 ἡχοῦν,
2765 4498 2982 4572 σκώληξ
3010 4501 3331 4574 ὰκοίμητος,
3357 4505 3452 4559 καὶ
3474 4505 3673 4576 ταρτά-

2103 4602 2207 4655 ριοι
2234 4584 2508 4656 δαίμονες.

2094 4688 2099 4691 ’
2164 4677 2336 4730 Πάλιν
2367 4679 2531 4747 φησιν
2555 4682 2582 4733 ὁ
2610 4680 2809 4752 Μάμεδ
2835 4698 2848 4713 ο
2887 4686 2920 4757 ή
2971 4687 3160 4759 γραφὴ
3193 4688 3293 4759 τῆς
3340 4686 3625 4758 τραπέζης
3653 4704 3667 4716 ·

2093 4768 2240 4837 λέγει
2269 4768 2324 4824 δὲ
2354 4771 2433 4823 ὅτι
2461 4773 2488 4823 ό
2509 4771 2746 4840 Χριστὸς
2771 4774 3015 4846 ᾐτήσατο
3060 4779 3212 4848 παρὰ
3241 4778 3334 4832 τοῦ
3366 4777 3500 4830 Θεοῦ
3535 4780 3670 4851 rpi-

2095 4861 2289 4929 πεζαν,
2312 4862 2407 4914 καὶ
2439 4862 2596 4934 ἐδόθη
2621 4865 2788 4936 αὐτῷ.
2831 4867 2892 4921 '0
2943 4868 3052 4939 γὰρ
3085 4871 3238 4942 Θεὸς,
3293 4871 3479 4941 φησὶν,
3517 4868 3674 4924 εἶπεν

2094 4952 2268 5022 αὐτῷ,
2317 4953 2399 5006 ὅτι
2437 4972 2455 5004 ‹
2496 4955 2715 5010 Δέδωκά
2767 4975 2848 5010 σοι
2899 4963 2995 5016 καὶ
3053 4966 3165 5028 τοῖς
3219 4965 3330 5027 σοῖς
3385 4964 3678 5035 τράπεζαν

2094 5042 2389 5113 ἄφθαρτον.

2161 5145 2188 5172 ιι
2217 5136 2386 5190 Πάλιν
2407 5137 2624 5207 γραφὴν
2681 5139 2923 5195 Βοῖδίου
2952 5153 3000 5207 υ,
3039 5149 3132 5198 καὶ
3167 5146 3302 5201 ἄλλα
3329 5149 3455 5204 τινὰ
3508 5151 3675 5223 ληρή-

411 5218 591 5263 mcnta
626 5210 743 5265 risu
778 5211 942 5281 digna
995 5217 1240 5273 condidit
1274 5219 1438 5290 (Sur.
1471 5221 1563 5290 2),
1599 5236 1723 5290 quze
1758 5229 1982 5290 propter

2102 5241 2237 5279 tam
2266 5224 2416 5292 λέγει
2446 5225 2680 5293 γέλωτος
2710 5227 2857 5297 ἄξια,
2888 5231 2924 5286 ἃ
2946 5233 3036 5285 διὰ
3068 5234 3128 5287 τὸ
3152 5237 3358 5308 πλῆθος
3388 5210 3673 5314 παραδρα-

1694 5398 1927 5454 νΑΒΙᾸῖ.
1967 5400 2372 5460 LECTIONES.

1045 5531 1238 5620 Sicpet
1263 5543 1420 5620 vetus
1457 5535 1728 5620 interpres
1760 5535 1864 5590 etsi
1899 5538 2130 5620 vinum“:
2165 5539 2422 5620 aliihlcgf.
2505 5545 2618 5620 {fl}.
2667 5548 2811 5605 2508
2839 5551 2949 5608 διά.
3029 5565 3067 5592 ω
3098 5553 3191 5611 Sic
3254 5557 3320 5612 Β.
3363 5560 3525 5616 2508.
3579 5561 3669 5620 Sic

414 5603 860 5703 Σὲιὶιξῖἷιιιιετριεριε
876 5603 1082 5703 vobis-1
1105 5604 1234 5703 alii...
1255 5605 1429 5703 δμῶγ.
1505 5613 1534 5640 ιι
1571 5605 2046 5703 Ημριιεηυειοοόό.
2074 5607 2228 5703 Regii
2262 5609 2406 5703 29.3.0
2435 5624 2490 5669 et
2516 5617 2620 5673 524
2635 5621 2676 5684 ι,
2715 5603 2966 5678 π’νειὶίέ
3002 5603 3233 5696 interpr.
3255 5603 3342 5663 --.ι’

414 5667 671 5723 κυνιδίου.
703 5667 934 5740 Nullum
963 5674 1236 5743 ejusmodi
1271 5667 1430 5731 titulo
1463 5684 1630 5746 caput
1656 5667 1982 5747 inscriptum
2006 5667 2184 5735 exstth
2215 5680 2273 5735 ln
2310 5667 3233 5753 Alco—riano-z‘sedsecu'nd'um'e'st.
3254 5667 3662 5768 capJF‘ZTaEZI
