4090 6148
364 293 468 363 ’ΠΟ

1550 281 1609 339 S.
1650 276 1973 339 JOANNIS
2007 274 2437 340 DAMASCENI

3511 283 3617 345 780

368 413 498 472 lius,
533 400 1001 477 lumenISpiritus
1037 404 1285 451 sanctus.
1327 392 1610 463 Sapientia
1641 397 1727 447 est
1752 390 1930 453 Pater,

2044 387 2421 460 γνωριζομένη
2449 404 2461 417 ·
2487 386 2678 458 Πατὴρ
2708 390 2736 441 ό
2784 387 2975 459 Πατὴρ
3001 390 3094 443 καὶ
3134 389 3425 461 ἀγέννητος
3447 408 3459 425 ·
3490 393 3619 462 Υὲὸς

367 497 639 571 sapientia
675 492 867 557 Filius,
905 487 1176 560 sapientia
1217 484 1460 555 Spiritus
1486 492 1758 557 sanctus:
1796 494 1940 534 unus

364 593 533 656 Deus,
573 595 626 645 et
658 602 765 641 non
801 593 910 637 tres
952 580 1026 635 dii
1077 599 1089 633 :
1128 593 1277 632 unus
1323 575 1492 642 Deus,
1524 572 1776 629 Trinitas
1805 586 1938 627 san-

362 695 450 737 cta
487 695 606 751 quae
634 680 685 732 in
715 675 895 729 tribus
920 671 1176 743 personis
1212 676 1413 725 exstat.
1451 666 1615 722 Pater
1639 672 1725 720 est
1752 664 1936 727 Pater,

361 787 413 830 et
470 770 794 843 ingenitus:
825 765 998 819 Filius
1050 775 1138 819 est
1186 762 1385 827 Filius,
1423 760 1677 831 genitus,
1708 764 1763 814 et
1826 770 1936 811 non

361 866 678 936 ingenitus:
731 869 817 915 est
873 858 1022 913 enim
1076 872 1140 911 ex
1187 854 1370 910 Patre.
1410 851 1657 924 Spiritus
1704 860 1938 906 sanctus

361 958 584 1027 genitus
620 969 730 1009 non
766 960 876 1015 est,
912 950 1006 1004 sed
1047 948 1396 1021 procedens;
1441 946 1570 1015 quia
1620 954 1804 999 estex
1835 941 1938 997 Pa-

360 1060 469 1104 tre.
501 1045 651 1100 Nihil
700 1053 984 1110 creatum,
1039 1040 1175 1094 nihil
1214 1036 1764 1108 primo-secundum,
1796 1035 1937 1089 nihil

376 1138 848 1193 domino-servum
899 1151 911 1187 :
973 1133 1067 1187 sed
1142 1130 1339 1185 Unitas
1393 1127 1751 1198 Trinitasque
1813 1134 1933 1190 est;

374 1232 486 1285 imo
517 1242 569 1285 et
608 1238 752 1293 erat,
805 1235 859 1281 ct
887 1233 971 1280 est
997 1265 1013 1291 ,
1059 1234 1110 1278 et
1142 1224 1249 1279 erit
1285 1223 1340 1276 in
1377 1221 1617 1284 saecula;
1656 1219 1933 1274 intellecta

358 1339 454 1392 per
487 1320 648 1374 ﬁdem
689 1325 743 1372 et
789 1316 1068 1376 adorata:
1129 1327 1224 1382 per
1279 1311 1462 1376 (idem,
1517 1308 1766 1377 inquam,
1825 1321 1933 1360 non

358 1410 747 1483 inquisitione,
783 1423 894 1461 non
941 1403 1397 1471 investigatione,
1440 1413 1548 1453 non
1578 1398 1933 1453 demonstra-

358 1507 526 1560 tione.
566 1503 785 1569 Quanto
813 1499 988 1569 magis
1018 1498 1164 1551 enim
1200 1493 1593 1563 investigatur,
1624 1498 1782 1544 tanto
1819 1505 1936 1542 ma-

357 1597 443 1668 gis
468 1597 778 1665 ignoratur,
817 1599 871 1646 et
903 1603 1011 1659 quo
1039 1585 1320 1642 curiosius
1361 1583 1681 1653 indagator,
1720 1596 1784 1636 eo
1820 1595 1924 1634 am-

359 1690 502 1757 plius
534 1684 918 1741 absconditur.
958 1678 1247 1736 lncuriosa
1285 1676 1453 1747 igitur
1483 1676 1701 1729 ratione
1735 1674 1933 1728 adore-

2041 482 2070 533 6
2107 479 2255 546 Υἱὺς,
2300 479 2557 550 γεννητὸς
2596 480 2691 534 καὶ
2730 481 2831 534 οὐκ
2893 482 3185 552 ἀγέννητος
3216 499 3228 512 ·
3284 484 3347 535 ὲκ
3404 482 3619 554 Πατρός

2042 573 2149 644 γάρ
2170 588 2183 603 ο
2219 571 2447 643 Πνεῦμα
2479 572 2633 642 ἅγιον
2681 574 2741 626 ού
2776 573 3059 643 γεννητὸν,
3105 574 3220 627 ἀλλ’
3243 575 3574 647 ἐκπορευτόν
3597 590 3639 631 ἠ

2041 667 2105 719 ἐκ
2120 667 2213 720 τοῦ
2241 666 2452 738 Πατρὸς
2479 665 2590 736 γάρ
2610 682 2625 696 ’
2649 664 2803 718 οὐδὲν
2833 664 3068 731 κτιστὺν,
3121 665 3271 719 οὐδὲν
3308 666 3617 737 πρωτοδεύ-

2038 775 2218 830 τερον,
2246 758 2398 812 οὐδὲν
2419 750 2760 830 κυριόόουλον
2775 774 2789 788 ·
2809 755 2944 811 ἀλλὰ
2969 756 3153 819 Μονὰς
3173 756 3269 810 καὶ
3285 756 3452 828 Τριάς,
3474 757 3612 811 ἐστι·

2040 851 2134 905 καὶ
2159 845 2228 922 ἦν
2256 849 2350 905 καὶ
2378 849 2494 904 ἔστι
2525 849 2618 903 καὶ
2649 847 2799 902 ἔσται
2854 850 2935 913 εἰς
2979 848 3107 912 τοὺς
3151 847 3387 911 αἰῶνας·
3434 847 3615 903 πίστει

2038 941 2301 1014 νοουμένη
2351 941 2446 995 καὶ
2498 937 2952 1012 προσκυνουμένη
2979 953 2993 969 ν
3025 939 3231 1002 πίστει,
3259 937 3322 990 οὑ
3366 937 3610 1011 ζητήσει,

2036 1032 2159 1097 οὑδὲ
2190 1031 2506 1105 ὲξερανήσει
2540 1041 2586 1097 ι’,
2620 1030 2683 1083 οὑ
2736 1028 3066 1102 φανερώσει.
3090 1028 3243 1100 Ὄσῳ
3278 1028 3387 1100 γὰρ
3415 1029 3615 1100 ὲρανᾶ-

2036 1142 2150 1189 ται,
2182 1123 2428 1194 τοσούτῳ
2453 1122 2613 1176 πλέον
2641 1123 2934 1190 ἀγνοεῖται,
2964 1121 3060 1175 καὶ
3082 1122 3195 1191 ὅσῳ
3221 1121 3612 1192 πολυπραγμο-

2037 1217 2229 1282 νεῖται,
2254 1214 2512 1270 ἐπιπλέον
2540 1212 2864 1285 κρύπτεται.
2904 1213 3245 1284 Ἀπεριέργῳ
3262 1211 3442 1266 τοίνυν
3472 1213 3619 1283 λόγῳ

2037 1306 2448 1379 προπυνείσθω
2498 1305 2634 1369 Θεὸς
2682 1305 2794 1358 ὑπὸ
2828 1304 2935 1357 τῶν
2984 1305 3217 1360 πιστῶν.
3258 1305 3371 1357 Καὶ
3401 1305 3483 1358 ὅτι
3512 1306 3615 1376 μέν

2035 1397 2153 1449 ἐστι
2170 1396 2305 1461 Θεὸς
2328 1396 2387 1449 ὲν
2402 1396 2580 1468 τρισὶν
2603 1394 2935 1449 ὑποστάσεσι
2956 1395 3177 1449 πίστευε
3194 1412 3209 1429 ο
3233 1395 3350 1460 πῶς
3368 1395 3423 1449 δέ
3440 1397 3611 1461 ἐστιν,

2036 1489 2173 1560 ὑπὲρ
2203 1488 2263 1541 τὸ
2312 1488 2430 1553 πῶς
2479 1492 2618 1545 ἐστι.
2655 1487 3067 1558 ’Δκατάληπτος
3096 1488 3205 1560 γὰρ
3248 1489 3279 1541 6
3328 1488 3482 1552 Θεός.
3517 1490 3611 1559 Μὴ

2034 1579 2193 1650 εἴπῃς
2218 1596 2230 1609 ο
2267 1578 2390 1643 Πῶς
2418 1579 2452 1648 ή
2490 1578 2661 1649 Τριὰς
2706 1578 2944 1650 ὑπάρχει
2991 1578 3197 1650 Τριάς;
3254 1578 3613 1650 Ἀνεξεράνη-

2033 1686 2122 1733 τος
2141 1677 2173 1704 ⁸·
2197 1670 2306 1740 γάρ
2328 1672 2476 1723 ἐστιν
2502 1671 2536 1742 ἡ
2566 1669 2759 1741 Τριάς.
2787 1670 2851 1722 Εἰ
2874 1667 2931 1723 δὲ
2948 1669 3084 1722 Θεὸν
3111 1669 3612 1741 πολυπραγμονεῖς,

356 1743 447 1834 tur
479 1785 532 1832 et
564 1776 830 1832 credatur
860 1789 889 1827 a
928 1771 1184 1827 ﬁdelibus
1220 1743 1387 1823 Deus.
1438 1767 1506 1820 Et
1542 1765 1766 1834 quidem
1802 1778 1928 1818 eum

2037 1759 2252 1827 πρῶτον
2277 1759 2398 1812 εἰπέ
2429 1777 2520 1830 μοι
2583 1760 2780 1813 σαυτὸν
2809 1762 2905 1814 καὶ
2937 1759 3006 1814 τὰ
3056 1761 3187 1830 περὶ
3232 1761 3447 1815 σαυτόν.
3490 1763 3615 1824 Πῶς

357 1873 410 1925 in
447 1872 626 1925 tribus
658 1883 782 1923 esse
813 1862 1199 1921 subsistentiis
1237 1860 1426 1917 crede.
1477 1859 1714 1925 Quinam
1748 1867 1931 1912 autem

356 1968 472 2035 ipse
510 1965 603 2029 sit,
639 1977 745 2016 non
772 1959 1040 2030 inquiras.
1076 1955 1154 2011 Ne
1193 1956 1338 2009 intra
1367 1954 1607 2024 teipsuut
1673 1950 1884 2007 dixeris
1913 1967 1926 2003 :

356 2056 590 2111 Ubinam
623 2062 709 2107 est
756 2051 937 2116 Deus;
984 2049 1187 2117 ubique
1225 2044 1500 2116 siquidem
1539 2041 1682 2097 Deus
1711 2049 1818 2099 est.
1854 2040 1931 2096 Ne

336 2138 515 2201 diras
547 2164 558 2196 :
585 2144 832 2210 Quonam
860 2140 1024 2195 modo
1050 2147 1135 2194 est
1154 2137 1177 2191 ?
1197 2136 1455 2206 quoniam
1487 2135 1695 2191 excedit
1714 2146 1928 2187 omnem

355 2240 595 2294 modum.
631 2237 774 2291 Deus
806 2235 953 2288 enim
981 2228 1372 2298 comprehendi
1406 2228 1622 2298 nequit.
1648 2225 1727 2282 Ne
1754 2226 1928 2292 dicas,

366 2329 658 2399 Quomodo
692 2327 936 2382 Trinitas
969 2324 1095 2379 est?
1141 2321 1277 2375 Nam
1309 2319 1553 2375 Trinitas
1595 2319 1931 2389 pervestiga-

355 2425 481 2479 hilis
513 2438 620 2476 non
659 2426 763 2476 est.
806 2417 862 2471 Si
896 2431 1026 2471 vero
1082 2414 1248 2469 Deum
1283 2410 1591 2487 studiosius
1633 2408 1925 2472 scruteris,

354 2516 592 2584 teipsum
647 2509 780 2564 mihi
837 2507 1076 2578 primum
1132 2504 1409 2558 edisseras
1459 2499 1648 2563 velim,
1705 2505 1761 2554 et
1801 2512 1923 2568 qua:

352 2606 502 2658 circa
534 2610 585 2656 te
622 2608 772 2657 sunt.
808 2598 946 2665 Quis
979 2596 1176 2650 animae
1217 2605 1322 2648 tua:
1364 2591 1666 2649 exsistendi
1696 2590 1935 2644 modus?

353 2712 463 2765 quo
507 2702 669 2764 pacto
721 2707 875 2746 mens
927 2697 1022 2742 tua
1075 2686 1362 2741 movetur?
1412 2684 1639 2755 quinam
1694 2682 1923 2736 verbum

350 2785 618 2857 generas?
649 2798 755 2852 qua
787 2783 1002 2836 ratione
1032 2779 1283 2832 mortalis
1316 2776 1482 2831 simul
1507 2784 1672 2845 atque
1703 2774 1926 2827 immor-

356 2878 485 2932 talis
514 2875 615 2929 es?
645 2873 802 2940 Quod
832 2872 876 2927 si
917 2872 1030 2926 haec
1076 2884 1198 2941 quae
1224 2868 1370 2922 intra
1403 2874 1454 2922 te
1486 2874 1640 2930 sunt,
1678 2866 1925 2934 ignoras,

353 2968 635 3040 quomodo
673 2981 736 3022 ea
762 2981 884 3037 quae
902 2964 1061 3019 caelis
1093 2960 1420 3017 sublimiora
1451 2964 1579 3013 sunt
1624 2955 1926 3025 anquirens

354 3078 462 3114 non
512 3055 1001 3114 horrescis?\'ita:
1050 3053 1254 3107 fontem
1321 3049 1543 3104 Patrem
1586 3047 1787 3118 cogita,
1834 3045 1925 3116 qui
1956 3097 1995 3118 Α

353 3150 555 3207 Filium
588 3167 689 3206 ceu
735 3148 959 3203 ﬂuvium
1000 3144 1304 3215 gignat;et
1354 3139 1521 3194 maris
1565 3139 1767 3204 instar,
1805 3135 1927 3206 Spi-

352 3245 520 3298 ritum
557 3250 842 3296 sanctum.
908 3238 1121 3291 l'ltenim
1185 3232 1330 3295 fons,
1388 3228 1615 3290 ﬂuvius.
1667 3236 1722 3282 et
1776 3241 1928 3280 mare

351 3353 459 3391 una
497 3343 699 3389 natura
736 3338 890 3386 sunt.
932 3327 1152 3379 Patrem
1181 3321 1426 3375 radicem
1465 3327 1681 3388 reputa,
1712 3330 1924 3369 ramum

353 3429 577 3489 Filium,
614 3425 856 3481 fructum
897 3418 1060 3489 118
1084 3415 1361 3487 Spiritum
1400 3420 1676 3465 sanctum.
1708 3406 1842 3463 Nam
1872 3408 1926 3460 in

355 3522 537 3573 tribus
566 3516 693 3570 istis
726 3528 836 3568 una
874 3507 1190 3567 substantia
1228 3511 1336 3560 est.
1370 3500 1467 3557 Sol
1498 3510 1583 3556 est
1617 3499 1801 3559 Pater,
1830 3498 1926 3565 qui

354 3610 570 3666 radium
606 3608 770 3661 habet
799 3602 1025 3668 Filium,
1061 3599 1299 3655 calorem
1345 3593 1613 3664 Spiritum
1648 3602 1924 3644 sanctum.

354 3700 649 3770 Imaginem
711 3696 1060 3765 ﬁguramque
1135 3701 1357 3745 omnem
1421 3683 1668 3737 Trinitas
1736 3688 1925 3734 sancta

354 3794 512 3860 longe
541 3794 786 3857 superat.
821 3785 959 3838 Cum
1014 3790 1234 3852 partum
1283 3776 1444 3831 audis
1475 3788 1542 3830 ex
1588 3772 1771 3836 Patre,
1801 3784 1928 3825 cor-

356 3883 598 3954 poralem
648 3877 865 3932 cavesis
903 3890 973 3928 ne
1005 3871 1287 3942 intelligas
1323 3887 1337 3923 :
1371 3866 1618 3923 Verbum
1666 3862 1924 3925 audiens,

353 3953 644 4043 corporale
678 3968 907 4023 verbum
938 3979 1006 4018 ne
1036 3960 1339 4031 suspiceris
1365 3976 1379 4013 :
1422 3973 1524 4012 nec
1553 3956 1746 4010 audito
1801 3953 1927 4022 Spi-

351 4069 496 4123 ritus
528 4063 620 4118 Dei
660 4059 930 4116 voeabulo
981 4061 1203 4110 ventum
1239 4060 1334 4105 aut
1381 4050 1658 4120 spiramen
1698 4046 1794 4100 tibi
1826 4045 1926 4099 tin-

349 4175 482 4229 gas;
528 4156 622 4212 sed
654 4154 771 4211 sola
806 4151 911 4205 lide
962 4145 1100 4202 nihil
1147 4142 1404 4199 curiosus
1463 4138 1697 4210 gloriam
1728 4136 1921 4191 dicito.

352 4228 427 4303 Ex
460 4252 626 4305 rebus
657 4257 899 4319 namque
923 4238 1132 4294 creatis
1162 4233 1422 4290 conditor
1455 4238 1511 4287 et
1545 4228 1728 4299 opifex
1763 4228 1925 4283 intel-

348 4344 562 4414 ligitur.
609 4337 792 4395 Credo
841 4336 1070 4400 insuper
1111 4326 1206 4383 Dei
1245 4324 1365 4414 Filii
1392 4323 1460 4414 in
1499 4336 1668 4377 carne
1696 4319 1923 4389 dispen-

2036 1850 2270 1922 ὑπάρχει
2294 1866 2386 1903 σου
2410 1852 2443 1921 ή
2472 1850 2619 1922 ψυχή
2647 1867 2663 1915 ;
2701 1849 2805 1904 ποῦ
2862 1851 3090 1905 κινεῖταί
3114 1868 3208 1905 σου
3241 1853 3271 1905 ό
3298 1852 3454 1919 νοῦς;
3498 1853 3613 1917 πῶς

2037 1946 2231 2015 γεννᾷς
2250 1945 2342 1997 τὸν
2372 1943 2565 2012 λόγον;
2617 1942 2733 2007 πῶς
2767 1942 2960 2013 θνητὸς
3010 1945 3104 1998 καὶ
3141 1944 3408 2009 ἀθάνατος
3433 1945 3610 2018 ὑπάρ-

2033 2055 2148 2108 χεις
2174 2060 2194 2104 ,-
2224 2038 2285 2091 Εἰ
2313 2037 2370 2092 δὲ
2396 2035 2572 2092 ταύτα
2594 2035 2745 2101 ἐντὸς
2776 2035 3005 2090 σεαυτοῦ
3038 2036 3168 2092 ὅντα
3219 2038 3459 2106 ἀγνοεῖς,
3492 2037 3610 2103 πῶς

2031 2130 2101 2185 τὰ
2139 2131 2396 2203 ὑπεράνω
2447 2131 2557 2185 τῶν
2610 2130 2859 2204 οὐρανῶν
2915 2132 2977 2184 ού
3032 2132 3286 2202 φρίττεις
3324 2132 3607 2204 ὲκζητῶνς

2031 2222 2224 2293 Πηγὴν
2255 2222 2401 2293 ζωῆς
2451 2221 2644 2293 νόησον
2686 2223 2779 2276 τὸν
2807 2222 3049 2295 Πατέρα,
3077 2223 3154 2287 ὡς
3191 2225 3436 2296 ποταμὸν
3482 2242 3601 2294 γεν-

2031 2311 2138 2365 νῶν
2150 2329 2206 2365 τα
2227 2312 2319 2366 τὸν
2336 2312 2465 2366 Υἰόν
2493 2330 2507 2344 ·
2530 2312 2808 2368 θάλασσαν
2835 2313 2897 2367 τὸ
2928 2313 3151 2386 Πνεῦμα
3178 2313 3249 2368 τὸ»
3284 2316 3438 2383 ἅγιον
3463 2332 3478 2348 θ
3512 2316 3604 2371 καὶ

2032 2405 2140 2475 γὰρ
2166 2405 2200 2476 ἡ
2240 2403 2392 2475 πηγὴ
2418 2404 2513 2458 ναὶ
2543 2407 2571 2458 6
2599 2405 2842 2476 ποταμὸς
2873 2405 2966 2458 καί
2995 2406 3030 2476 ἡ
3058 2404 3303 2459 θάλασσα
3330 2407 3427 2477 μία
3449 2406 3610 2476 φύσις

2031 2491 2169 2545 ἐστί.
2221 2490 2404 2556 Ῥίζαν
2452 2492 2644 2563 νόησον
2694 2492 2786 2546 τδν
2835 2494 3075 2566 Πατέρα,
3111 2494 3307 2551 κλάδον
3338 2496 3430 2549 τὸν
3458 2497 3609 2561 Υἰίιν,

2031 2582 2241 2654 καρπὸν
2264 2582 2326 2635 τὸ
2354 2582 2572 2654 πνεῦμα
2596 2584 2659 2637 τὺ
2681 2585 2855 2652 ἅγιον.
2884 2584 2997 2640 Μία
3023 2585 3132 2658 γὰρ
3154 2588 3212 2640 ὲν
3241 2590 3352 2652 τοῖς
3376 2590 3553 2660 τρισὶν
3573 2591 3609 2660 ἡ

2029 2674 2206 2728 οὐσία.
2242 2674 2429 2738 ’Ἤλιος
2454 2676 2482 2728 ὁ
2506 2674 2716 2748 Πατὴρ,
2740 2678 2932 2730 ἀκτῖνα
2960 2677 3098 2748 ἔχων
3116 2679 3210 2732 τὸν
3235 2678 3385 2747 Υἰὺν,
3407 2679 3611 2753 θερμὸν

2029 2763 2089 2818 τὸ
2116 2765 2343 2837 Πνεῦμα
2385 2766 2445 2819 τὸ
2488 2766 2665 2841 ἅγιον.
2724 2766 2865 2822 Πολὺ
2899 2769 3039 2840 ὑπὲρ
3092 2771 3274 2824 πᾶσαν
3303 2773 3488 2826 εἰκόνα
3517 2775 3610 2827 καὶ

2029 2856 2197 2909 τύπον
2222 2856 2259 2927 ὴν
2288 2855 2417 2924 ἁγία
2449 2857 2619 2928 Τριάς
2647 2873 2659 2887 ’
2696 2858 2772 2930 μὴ
2832 2859 2989 2913 τόκον
3022 2859 3237 2914 ἀκούων
3265 2861 3330 2916 ὲκ
3370 2863 3605 2932 Πατρδς,

2031 2948 2340 3016 σωματικὸν
2387 2948 2546 3002 τόκον
2595 2950 2833 3021 νοήσῃςο
2890 2950 3010 3021 μηδ’
3053 2954 3135 3006 ὅτι
3161 2953 3334 3022 Λόγον
3375 2955 3609 3019 ἀκούων,

2032 3038 2188 3106 λόγον
2244 3040 2557 3111 σωματικὸν
2627 3040 2935 3114 ὑπολάϐῃς·
3019 3044 3155 3114 μηδὲ
3207 3045 3432 3118 Πνεῦμα
3473 3047 3609 3100 Θεοῦ

2031 3131 2264 3195 ἀκούων,
2300 3133 2500 3205 ἄνεμον
2529 3134 2623 3188 καί
2666 3133 2941 3206 ἀναπνοὴν
2965 3137 3170 3210 νοήσῃς
3197 3152 3211 3169 ·
3240 3137 3378 3196 ἀλλά
3423 3140 3609 3194 πίστει

2033 3223 2169 3295 μόνῃ
2198 3224 2514 3296 ἀπερίέργῳ
2555 3225 2766 3293 δόξαζε.
2833 3226 2928 3281 Ἐκ
2992 3228 3101 3298 γὰρ
3146 3228 3253 3282 τῶν
3288 3230 3604 3299 κτισμάτων

2028 3313 2193 3367 αὑτοῦ
2215 3316 2493 3385 ἀναλόγως
2519 3320 2549 3370 6
2577 3312 2913 3389 δημιουργὸς
2939 3323 3161 3375 νοεῖται.
3183 3321 3290 3391 Τὴν
3318 3321 3374 3375 δὲ
3405 3322 3600 3391 ἐνσαρ-

2030 3424 2122 3459 κον
2161 3408 2473 3479 οἰκονομίαν
2501 3409 2595 3462 τοῦ
2619 3410 2750 3463 Υἰοῦ
2777 3411 2871 3463 τοῦ
2888 3410 3024 3466 Θεοῦ
3045 3413 3107 3466 ὲκ
3137 3412 3413 3484 Παρθένου
3440 3414 3601 3483 ἀγίας

2028 3498 2304 3568 ἀσπόρως,
2338 3501 2632 3569 ἀφράστως
2662 3502 3016 3573 γεγενῆσθαι,
3052 3502 3145 3557 τὸν
3177 3503 3338 3559 αὑτὸν
3365 3506 3604 3577 ἀσυγχύ-

2027 3605 2133 3651 τως
2163 3589 2254 3642 καὶ
2275 3591 2562 3661 ἀτρέπτως
2613 3591 2746 3645 Θεὸν
2767 3593 2863 3647 καί
2900 3593 3190 3666 ἄνθρωπον
3221 3596 3494 3652 πιστεύων
3520 3598 3606 3653 δό-

2030 3678 2178 3746 ξαζε,
2218 3681 2311 3734 τὸν
2343 3681 2434 3735 διὰ
2486 3683 2549 3735 σὲ
2580 3684 2759 3739 πάντα
2804 3687 3260 3758 οἰκονομήσαντα,
3321 3689 3416 3742 καὶ
3455 3690 3605 3762 αὐτῷ

2029 3772 2398 3843 προσκύνησιν
2447 3775 2542 3827 καὶ
2583 3774 2842 3847 λατρείαν
2888 3777 2958 3830 δι’
3010 3778 3190 3849 ἔργων
3221 3780 3442 3849 ἀγαθῶν
3465 3783 3603 3836 ἀπό-

2028 3880 2179 3934 νεμε.
2214 3864 2325 3934 Τὴν
2359 3865 2665 3937 ὑπεραγίαν
2720 3867 2980 3923 Θεοτόκον
3051 3871 3149 3924 καὶ
3216 3872 3603 3945 Ἀειπαρθένον

2028 3954 2264 4025 Μαρίαν,
2291 3954 2364 4018 ὡς
2386 3955 2561 4028 ἀληθῆ
2607 3959 2834 4029 Μητέρα
2863 3957 2999 4014 Θεοῦ
3042 3963 3364 4032 προσκυνῶν
3389 3965 3483 4018 καὶ
3513 3982 3602 4019 σε·

2027 4044 2275 4115 δόμενος,
2307 4047 2400 4100 καὶ
2428 4049 2636 4112 πάντας
2691 4050 2818 4114 τοὺς
2857 4051 3065 4119 ἁγίους,
3101 4055 3178 4116 ὼς
3222 4053 3388 4108 αὐτοῦ
3439 4055 3603 4130 θερά-

2027 4153 2251 4201 ποντας.
2280 4137 2465 4204 Οὕτως
2512 4141 2682 4195 ποιῶν
2730 4143 2999 4215 ὑπάρχεις
3052 4145 3348 4216 ὀρθότομος
3399 4148 3604 4221 λάτρης

2025 4227 2126 4297 τῆς
2149 4229 2310 4298 ἁγίας
2344 4231 2440 4284 καὶ
2459 4231 2770 4304 ἀσυγχύτου
2805 4235 3057 4304 Τριάδος,
3107 4237 3321 4308 [ἰατρὸς
3345 4239 3439 4293 καὶ
3470 4238 3604 4293 Υἰοῦ

2027 4321 2121 4375 καὶ
2151 4322 2307 4390 ἁγίου
2339 4323 2675 4394 Πνεύματος,
2710 4326 2813 4395 τῆς
2835 4329 2962 4398 μιᾶς
2985 4328 3277 4401 Θεότητος,
3382 4332 3416 4403 ἡ
3451 4332 3599 4399 δόξα,

348 4409 621 4487 sationem
671 4443 737 4483 ex
787 4423 1015 4494 Virgine
1063 4412 1426 4473 inenarrabili
1466 4411 1628 4465 modo
1668 4409 1790 4464 sine
1825 4424 1913 4463 se-

2032 4413 2117 4463 xal
2141 4413 2174 4481 ἠ
2208 4413 2365 4483 τιμὴ,
2391 4414 2486 4467 καὶ
2533 4415 2906 4487 προσκύνησις
2957 4420 3037 4482 είς
3076 4420 3205 4485 τοὺς
3250 4421 3454 4487 αἰῶνας
3494 4422 3602 4476 τῶν

349 4524 494 4577 mine
539 4521 738 4573 factam
769 4531 914 4593 esse,
966 4520 1028 4568 ut
1083 4509 1228 4565 idem
1263 4506 1383 4577 ipse
1433 4504 1553 4559 sine
1587 4500 1919 4557 confusione

2032 4503 2257 4558 αἰώνων.
2307 4505 2499 4578 Ἀμήν.

348 4624 403 4669 rt
458 4612 816 4669 conversione
871 4609 1017 4664 Deus
1051 4613 1107 4661 et
1155 4603 1322 4658 homo
1377 4599 1563 4654 fuerit.
1617 4595 1907 4661 Creilendo
1944 4596 2178 4667 gloriam
2219 4599 2340 4669 ejus
2375 4601 2616 4668 celebra,
2655 4603 2838 4668 illius,

2913 4606 3162 4674 inquam,
3240 4609 3333 4678 qui
3399 4617 3597 4665 cuncta

347 4714 571 4778 preptcr
602 4713 654 4758 te
695 4708 848 4756 certo
880 4697 1116 4753 consilio
1147 4692 1411 4764 disponit,
1442 4691 1602 4760 eique
1635 4703 1731 4758 per
1763 4689 1904 4741 bona
1944 4702 2112 4757 opera
2146 4689 2532 4747 adorationem
2581 4706 2637 4747 et
2701 4697 2909 4749 cultum
2958 4698 3051 4766 qui
3093 4714 3312 4754 servum
3380 4699 3590 4771 deceat,

348 4798 624 4868 impende.
660 4786 1923 4852 SanctissimamDeiGenitrieemsemperque
1963 4779 2249 4853 Virginem
2322 4784 2572 4851 Mariam,
2626 4796 2890 4858 tanquam
2952 4807 3137 4846 veram
3192 4791 3288 4847 Dei
3370 4792 3593 4845 Matrem

348 4888 518 4945 adora
559 4898 611 4943 et
641 4900 939 4950 venerare;
992 4896 1187 4938 omnes
1234 4887 1481 4940 sanctos,
1515 4875 1595 4930 uti
1627 4890 1823 4930 servos
1876 4874 2050 4928 illius.
2098 4876 2223 4932 llaec
2279 4881 2323 4934 si
2403 4880 2564 4943 facis,
2646 4892 2833 4936 rectus
2881 4886 3064 4939 cultor
3117 4886 3339 4940 exsistis
3388 4890 3597 4939 sancta:

346 4993 401 5041 et
434 4982 745 5040 inconfusac
775 4977 1090 5042 Trinitatis,
1130 4973 1313 5029 Patris
1341 4982 1395 5028 et
1426 4968 1552 5025 Filii
1585 4977 1639 5023 et
1666 4968 1911 5039 Spiritus
1941 4974 2145 5036 sancti,
2192 4974 2355 5029 unius
2399 4976 2650 5032 numinis
2700 4985 2753 5031 ct
2803 4976 3054 5045 Deitatis,
3110 4981 3198 5035 cui
3264 4980 3463 5052 gloria,
3541 4990 3598 5038 et

348 5083 545 5147 honor,
582 5087 635 5135 et
668 5076 920 5132 adoratio
951 5074 1005 5128 in
1036 5071 1235 5128 saecula
1270 5068 1622 5124 saeculorum.
1650 5065 1841 5122 Amen.

1588 5243 1826 5298 νΑιιιΑε
1869 5240 2275 5298 LECTIONES.

422 5358 443 5387 τ
472 5351 855 5425 ἐξερευνήσει;
893 5368 947 5408 ει
978 5349 1138 5420 paulo
1191 5352 1312 5416 post
1343 5342 1652 5413 ἐρευνειται.
1732 5346 1754 5373 ⁸
1795 5336 1923 5409 ch.
1962 5336 2407 5409 άνεξερεύνητος.
