4090 6148
376 306 475 371 791
1573 308 1634 367 S.
1675 307 1996 369 JOANNIS
2038 309 2473 371 DAMASCENI
3312 334 3341 366 ο

3543 314 3656 376 τινε

379 427 559 473 strum
596 415 787 473 Jesum
819 412 1123 480 Christum,
1168 427 1267 484 pro
1303 423 1468 484 captu
1501 428 1566 470 ac
1598 414 1825 470 modulo
1856 430 1956 469 no-

2059 415 2160 488 τὴν
2215 419 2414 472 ἑαυτοῦ
2468 419 2782 490 ὲφανέρωσε
2820 418 3021 487 γνῶσιν
3054 435 3070 451 ·
3104 420 3284 475 πάντα
3335 419 3517 474 τοίνυν
3589 422 3658 475 τὰ

377 526 497 566 stro
530 508 781 565 nOtitiam
834 508 919 565 sui
956 506 1234 579 patefecit.
1304 506 1577 572 Quocirca
1617 506 1803 562 omnia
1833 524 1957 578 quae

2064 510 2479 581 παραδεδομένα
2530 512 2663 583 ἡμῖν
2694 512 2785 567 διά
2840 529 2901 566 τε
2952 512 3157 582 νόμου,
3194 513 3289 566 καὶ
3333 509 3654 585 προφητῶν,

346 603 562 671 ,ιιοὺῑε,
591 613 697 658 tam
723 618 819 673 per
856 602 1031 672 legem
1058 608 1114 655 et
1151 599 1471 671 prophetas,
1505 614 1670 671 quam
1696 615 1792 671 per
1822 616 1957 671 apo—

2062 602 2159 655 καὶ
2185 603 2518 669 ἀποστόλων,
2555 604 2649 658 καὶ
2672 605 3076 675 εὐαγγελιστῶν
3113 604 3404 676 δεχόμεθα,
3440 606 3537 659 καὶ
3562 622 3651 674 γι-

378 697 550 751 stolos
598 705 653 750 et
697 694 1063 766 evangelistas
1112 693 1314 748 tradita
1372 700 1522 758 sunt,
1570 694 1957 763 amplectimur

2061 696 2344 767 νώσκομεν
2364 738 2377 761 ,
2406 699 2496 752 καὶ
2554 699 2787 770 σέϐομεν
2812 743 2827 766 ,
2860 699 3017 754 οὐδὲν
3066 700 3381 771 περαιτέρω
3442 698 3653 753 τούτων

377 787 752 857 agnoscimus,
810 793 862 841 et
902 785 1302 853 veneramur“;
1341 783 1503 856 124
1552 799 1652 840 nec
1690 785 1831 840 ultra
1889 802 1955 841 ea

2061 788 2475 858 ἐπιζητοῦντες·
2509 791 2711 860 ἀγαθὸς
2739 792 2848 863 γὰρ
2877 790 2954 845 ὢν
2983 792 3012 845 ὁ
3039 790 3191 855 Θεὸς,
3210 791 3412 854 παντὸς
3441 791 3651 860 ἀγαθοῦ

376 876 675 948 quidquam
709 876 1065 947 inquirimus.
1101 874 1237 929 Nam
1296 892 1420 930 cum
1462 875 1609 932 Deus
1647 877 1824 933 bonus
1854 876 1953 941 sit,

2058 882 2392 949 παρεκτικός
2424 885 2592 950 ἐστιν,
2629 886 2690 936 οὐ
2746 883 2958 957 φθόνῳ,
2990 882 3111 936 οῦδὲ
3158 882 3322 937 πάθει
3370 882 3473 936 τινὶ
3521 885 3661 937 ὑπο-

374 971 557 1026 omnis
593 969 842 1042 profecto
872 969 1003 1029 boni
1051 980 1247 1025 auctor
1280 980 1335 1025 et
1368 971 1602 1041 largitor
1635 978 1742 1037 est,
1775 980 1835 1026 ut
1862 971 1954 1041 qui

2057 973 2331 1043 κείμενος.
2390 974 2628 1044 Μακράν
2675 974 2784 1045 γὰρ
2837 976 2937 1045 τῆς
2995 973 3146 1038 θείας
3184 972 3399 1042 φύσεως
3436 973 3651 1042 φθόνος,

373 1078 477 1118 nec
519 1063 752 1127 invidia,
803 1079 906 1119 nec
954 1062 1086 1118 ullis
1164 1062 1521 1132 passionibus
1601 1062 1957 1120 al‘fectibusve

2057 1066 2152 1134 τῆς
2185 1081 2248 1132 γε
2291 1065 2534 1127 ἀπαθοῦς
2580 1065 2675 1119 καὶ
2712 1066 2880 1136 μόνης
2937 1064 3171 1135 ἀγαθῆς.
3214 1064 3304 1128 Ὠς
3342 1060 3437 1118 οῦν
3470 1064 3653 1119 πάντα

373 1153 649 1209 laboret".
686 1153 997 1209 Invidentia
1028 1153 1303 1225 siquidem
1334 1156 1525 1224 procul
1557 1156 1714 1210 abest
1746 1168 1775 1208 tt
1808 1154 1954 1209 divi-

2057 1156 2226 1220 εἰδὼς,
2255 1157 2349 1211 καὶ
2374 1158 2434 1210 τὸ
2460 1158 2740 1229 συμφέρον
2768 1158 2993 1229 ἑκάστῳ,
3012 1155 3487 1227 προμηθούμενος,
3512 1156 3650 1225 ὅπερ

374 1261 445 1300 na
479 1255 676 1302 natura
705 1264 719 1314 ;
756 1247 962 1317 quippe
1003 1262 1129 1317 quas
1177 1248 1361 1302 omnis
1392 1246 1831 1317 perturbationis
1858 1262 1953 1300 ex-

2057 1248 2348 1318 συνέφερεν
2396 1250 2529 1319 ἡμῖν
2572 1249 2775 1318 γνῶναι
2823 1249 3174 1319 ἀπεκάλυψεν
3211 1263 3227 1279 ο
3262 1248 3401 1318 ὅπερ
3436 1246 3491 1301 δὲ
3550 1248 3647 1300 οὖν

371 1353 521 1408 pers,
552 1339 785 1409 solaque
808 1339 952 1395 bona
984 1346 1090 1394 est.
1133 1338 1392 1405 Proinde,
1426 1355 1553 1395 cum
1590 1348 1792 1393 cuneta
1825 1353 1954 1411 per-

2057 1340 2360 1413 ὲδυνάμεθα
2380 1352 2403 1379 ε
2433 1343 2622 1413 φέρειν
2662 1342 3040 1413 ἀπεσιώπησε.
3061 1341 3249 1395 Ταῦτα
3278 1343 3442 1413 ἡμεῖς
3479 1339 3642 1409 στέρο

376 1441 563 1501 specta
612 1432 832 1495 habeat,
881 1442 935 1487 et
992 1431 1141 1502 quod
1189 1432 1391 1501 cuique
1446 1430 1803 1486 conducibile
1877 1432 1957 1487 sit

2058 1434 2273 1504 ξωμεν,
2303 1434 2396 1487 καὶ
2441 1435 2501 1487 ὲν
2558 1436 2741 1498 αὐτοῖς
2799 1435 3110 1505 μείνωμεν,
3161 1434 3236 1503 μὴ
3293 1430 3646 1502 μεταίροντες

374 1521 743 1587 administret,
769 1522 821 1577 id
841 1522 990 1592 quod
1015 1529 1203 1577 nostra
1226 1522 1372 1577 scire
1394 1522 1676 1589 intererat,
1700 1521 1916 1592 aperuit
1942 1542 1957 1578 :

374 1613 638 1683 quodque
667 1614 816 1669 vires
840 1619 1065 1669 nostras
1092 1620 1147 1668 et
1167 1623 1390 1684 captum
1420 1611 1735 1680 excederet,
1760 1615 1954 1670 tacuit.

2056 1526 2181 1596 ὅρια
2219 1525 2436 1592 αἰώνια,
2471 1525 2606 1597 μηδὲ
2665 1525 3088 1597 ὑπερϐαίνοντες
3143 1523 3242 1595 τὴν
3288 1523 3438 1578 θείαν
3466 1521 3648 1592 παρά-

2060 1618 2226 1671 δοσιν.

374 1702 472 1759 llis
526 1705 712 1773 itaque
739 1704 985 1761 contenti
1012 1703 1225 1761 simus'
1255 1704 1310 1759 in
1351 1703 1438 1762 his
1464 1702 1793 1772 hatreatnus,
1836 1719 1938 1763 nec
1978 1710 2247 1765 terminos
2298 1710 2580 1781 antiquos,
2653 1709 3115 1780 traditionemque
3168 1709 3409 1764 divinam
3471 1715 3652 1763 trans~

372 1796 685 1862 grediamur
699 1796 741 1851 ⁸.

1062 1937 1219 1994 CAP.
1249 1938 1313 1993 ll.

369 2048 454 2103 De
469 2049 555 2103 Itis
582 2065 700 2120 qua:
717 2065 953 2104 sermone
974 2051 1199 2118 exprimi
1224 2060 1464 2118 possunt,
1486 2052 1564 2107 vel
1585 2069 1688 2107 non
1704 2062 1947 2120 possunt;

441 2121 567 2193 item
593 2120 657 2173 de
679 2120 897 2193 Itis‘qutz
927 2120 983 2173 in
1014 2121 1365 2189 cognitionem
1394 2123 1611 2187 cadunt,
1643 2132 1692 2177 et
1718 2139 1836 2193 quae
1861 2141 1947 2178 co-

438 2192 723 2262 gnitionem
754 2190 986 2260 fugiunt.
1136 2212 1140 2216 Α
1316 2196 1320 2199 ’

440 2299 702 2368 Quadam
729 2300 792 2354 de
823 2298 931 2353 Deo
960 2298 1253 2370 intelligere
1303 2315 1605 2369 possumus,
1655 2320 1759 2357 non
1786 2304 1947 2373 loqui.

368 2422 439 2432 -—
465 2390 634 2446 Plane
669 2393 859 2460 itaque
883 2397 1083 2445 noscat
1111 2404 1340 2446 necesse
1363 2398 1473 2454 est,
1504 2393 1597 2461 qui
1625 2392 1691 2449 de
1724 2393 1832 2449 Deo
1868 2394 1949 2449 lo-

370 2483 463 2552 qui
496 2484 579 2538 vel
612 2482 806 2537 audire
853 2480 1057 2546 studet,
1097 2494 1163 2535 ea
1212 2495 1336 2551 qua:
1365 2481 1432 2536 ad
1459 2481 1793 2551 doctrinam,
1831 2494 1947 2539 tum

370 2579 437 2632 de
474 2574 789 2636 divinitate,
815 2580 933 2627 tum
977 2571 1044 2626 de
1100 2572 1484 2627 incarnatione
1518 2583 1787 2644 spectant,
1825 2592 1947 2631 eam

372 2667 647 2721 rationem
690 2664 915 2730 habere,
953 2671 1013 2718 ut
1065 2679 1167 2719 nec
1197 2665 1378 2720 omnia
1415 2668 1523 2720 vim
1563 2681 1781 2721 onmem
1823 2682 1948 2722 ora-

373 2760 544 2816 tionis
602 2764 886 2828 superent,
966 2773 1065 2813 nec
1114 2759 1301 2814 omnia
1354 2773 1610 2817 sermone
1677 2761 1947 2830 explicari

371 2858 612 2921 queant;
639 2849 877 2921 itemque
903 2865 1003 2905 nec
1035 2851 1408 2921 cognitionem
1445 2861 1694 2907 nostram
1728 2854 1949 2923 penitus

373 2943 604 3014 fugiant,
642 2958 742 2997 nec
773 2944 992 3013 penitus
1034 2942 1090 2996 in
1116 2958 1239 2998 eam
1282 2943 1484 2999 cadant
1508 2945 1551 2998 ’.
1586 2944 1749 2999 Aliud
1786 2960 1949 3015 porro

371 3044 458 3092 est
495 3036 639 3106 quod
679 3035 933 3106 cognosci
962 3043 1164 3105 potest,
1200 3034 1351 3091 aliud
1382 3036 1526 3106 quod
1564 3036 1672 3091 dici
1710 3057 1723 3092 :
1764 3054 1951 3107 quent-

371 3130 667 3187 admodum
708 3129 958 3185 videlicet
1005 3130 1153 3183 aliud
1200 3136 1288 3186 est
1346 3130 1517 3199 loqui,
1579 3138 1744 3200 atque
1800 3130 1949 3185 aliud

370 3238 729 3295 cognoscere.
779 3222 945 3277 Multa
998 3221 1167 3292 igitur
1211 3238 1275 3278 ex
1335 3222 1404 3278 iis
1431 3238 1557 3293 quae
1609 3224 1849 3279 obscure
1881 3225 1950 3280 de

1985 1928 2033 1988 B

2667 1937 2921 1991 ΚΕΦΛΛ.
2962 1937 3018 1990 B'

2058 2052 2199 2121 Περὶ
2223 2050 2447 2121 ῥητῶν,
2495 2051 2592 2105 καί
2643 2051 3019 2120 ἁπορῤήτων,
3050 2050 3150 2105 καί
3200 2050 3506 2120 γνωστῶν,
3547 2054 3644 2109 καί

2678 2121 3027 2190 ἀγνώστων.

2124 2299 2245 2371 Χρὴ
2268 2294 2361 2353 οὖν
2399 2300 2492 2353 τὸν
2519 2302 2647 2371 περὶ
2676 2299 2812 2353 Θεοῦ
2846 2298 3029 2367 λέγειν
3059 2297 3092 2369 ἢ
3126 2298 3349 2353 ἀκούειν
3380 2296 3640 2368 βουλόμε-

2053 2410 2165 2459 νον,
2206 2392 2393 2461 σαφῶς
2441 2392 2679 2456 εἰδέναι,
2704 2392 2782 2456 ὼς
2835 2391 2957 2444 οὐδὲ
3007 2390 3186 2445 πάντα
3236 2391 3491 2461 ἀρῤητα,
3518 2388 3643 2442 οὐδὲ

2052 2485 2230 2540 πάντα
2266 2484 2514 2555 ῥητὰ,τά
2548 2500 2610 2537 τε
2642 2483 2743 2552 τῆς
2782 2482 3085 2551 θεολογίας,
3113 2482 3184 2536 τά
3215 2498 3276 2535 τι
3312 2482 3411 2550 τῆς
3445 2481 3645 2535 οἰκονο-

2054 2574 2181 2645 μίας
2208 2591 2222 2604 ·
2268 2572 2393 2627 οὔτε
2449 2572 2630 2628 πάντα
2676 2573 2956 2642 ἄγνωστα,
2990 2570 3116 2625 οὔτε
3152 2571 3332 2624 πάντα
3379 2569 3599 2639 γνωστά
3623 2569 3644 2588 ⁹

2050 2668 2235 2739 ἕτερον
2268 2667 2328 2721 δέ
2375 2668 2492 2720 ἐστι
2543 2665 2606 2720 τὸ
2652 2665 2917 2735 γνωστὸν,
2952 2666 3047 2719 καὶ⁹
3095 2665 3283 2735 ἕτερον
3328 2664 3388 2719 τὸ
3429 2663 3594 2735 ῥητόν
3626 2681 3642 2696 ·

2050 2760 2241 2830 ὥσπερ
2268 2758 2397 2814 ἄλλο
2422 2759 2485 2813 τὸ
2511 2758 2716 2827 λαλεῖν,
2738 2758 2834 2813 καὶ
2861 2758 2991 2813 ἄλλο
3025 2758 3087 2812 τὸ
3115 2755 3433 2827 γινώσκειν.
3465 2754 3648 2810 Πολλὰ

2049 2854 2228 2908 τοίνυν
2262 2853 2374 2907 τῶν
2396 2851 2525 2925 περὶ
2553 2850 2690 2907 Θεοῦ
2721 2852 2980 2923 ἀμυδρῶς
3000 2850 3306 2921 νοουμένων
3330 2848 3393 2902 οὐ
3417 2848 3647 2919 καιρίως

2051 2947 2427 3018 ἐκφῳισθῆναι
2490 2945 2713 3001 δύναται
2735 2962 2749 2975 ·
2786 2944 2922 2999 ἀλλά
2974 2945 3044 2999 τὰ
3103 2942 3225 2997 καθ’
3249 2943 3401 3014 ἡμᾶς
3425 2980 3442 3005 ,
3475 2942 3643 3010 ἀναγο

2050 3039 2330 3109 καζόμεθα
2381 3040 2476 3092 ἐπὶ
2515 3037 2625 3091 τῶν
2682 3038 2825 3107 ὑπὲρ
2866 3038 3015 3109 ἡμᾶς
3050 3036 3233 3105 λέγειν
3264 3051 3278 3066 ’
3312 3034 3505 3102 ὥσπερ
3553 3031 3646 3085 ἐπὶ

2050 3129 2186 3185 Θεοῦ
2221 3130 2453 3202 λέγομεν
2487 3129 2677 3193 ὕπνον,
2693 3131 2789 3183 καὶ
2814 3127 3006 3200 ὀργὴν,
3032 3129 3126 3182 καὶ
3153 3126 3432 3198 ἀμέλειαν,
3456 3122 3647 3195 χεῖράς

2050 3243 2134 3289 τε,
2161 3226 2254 3278 καὶ
2279 3223 2467 3290 πόδας,
2498 3224 2591 3277 καὶ
2622 3223 2691 3277 τὰ
2716 3222 2959 3276 τοιαῦτα.

372 3318 485 3375 Deo
517 3319 917 3388 intelliguntur.
958 3330 1067 3371 non
1118 3318 1252 3372 satis
1288 3318 1577 3373 commode
1611 3318 1941 3390 proprieque
1980 3318 2161 3376 eﬂerri
2193 3330 2466 3390 possunt;
2500 3319 2882 3391 cogimurque,
2920 3333 3044 3372 cum
3111 3316 3179 3371 de
3246 3313 3410 3370 rebus
3469 3324 3638 3380 supra

373 3431 477 3470 nos
507 3413 701 3483 positis
736 3427 918 3467 sermo
947 3411 1109 3465 nobis
1142 3419 1249 3471 est,
1292 3424 1446 3465 more
1505 3410 1748 3465 humano
1796 3412 1985 3482 loqui;
2030 3422 2089 3468 ut
2119 3430 2246 3469 cum
2298 3414 2367 3469 de
2420 3412 2531 3468 Deo
2574 3411 2742 3468 verba
2799 3409 3066 3465 facientes
3136 3418 3417 3469 somnum,
3469 3404 3638 3469 iram,

373 3508 670 3574 incuriam,
702 3521 1029 3577 manusque,
1061 3522 1127 3560 ac
1164 3505 1351 3575 pedes.
1392 3506 1608 3575 aliaque
1660 3506 1714 3560 id
1763 3523 1935 3577 genus
1973 3510 2239 3565 vocabula
2275 3523 2627 3579 usurpamus.

449 3603 581 3668 Qute
612 3610 660 3655 et
708 3600 1006 3670 intelligere
1041 3609 1091 3653 et
1126 3599 1269 3669 loqui
1315 3614 1618 3669 possumus.
1638 3629 1710 3641 -ν-
1732 3598 1797 3653 Ει
1826 3600 1951 3671 qui—
1979 3605 2022 3663 (ζ

377 3698 500 3753 dem
535 3696 680 3766 quod
717 3694 860 3749 Deus
909 3695 1067 3748 initio
1104 3708 1168 3748 ae
1204 3693 1311 3748 line
1362 3700 1571 3759 careat,
1602 3692 1748 3763 quod
1798 3700 1958 3747 mter-

379 3803 507 3853 nus,
537 3786 1018 3855 sempiternusque
1065 3786 1157 3851 sit,
1199 3784 1346 3854 quod
1396 3786 1699 3849 increatus,
1754 3783 1957 3837 immu-

379 3876 585 3938 labilis,
618 3875 685 3930 ab
715 3874 862 3929 omni
919 3874 1246 3929 alteratione
1284 3874 1445 3939 liber,
1493 3873 1748 3942 simplex,
1802 3887 1958 3927 com-

379 3966 675 4039 positionis
729 3978 954 4033 cxpers,
1010 3964 1400 4033 incorporeus,
1449 3964 1763 4029 invisibilis,
1808 3965 1958 4035 tangi

381 4059 627 4124 nescius,
676 4057 1211 4126 incircumscriptus,
1251 4062 1308 4111 et
1361 4056 1615 4110 inﬁnitus
1669 4056 1776 4120 sit;
1812 4055 1959 4125 quod

379 4150 749 4220 cOgnitionem
785 4160 1007 4202 onmem
1044 4144 1218 4217 fugiat
1246 4164 1261 4212 ;
1285 4145 1429 4213 quod
1466 4144 1707 4214 cogitatu
1761 4145 1955 4215 major,

379 4237 904 4309 incompreltensus,
952 4234 1154 4297 bonus,
1204 4235 1411 4304 justus,
1466 4243 1777 4289 creatorum
1840 4249 1961 4289 om-

381 4331 533 4386 nium
599 4328 808 4401 opifex,
859 4327 1045 4383 omnia
1113 4336 1333 4397 potens,
1394 4327 1576 4381 omnia
1644 4328 1957 4393 continens,

381 4422 629 4477 omnium
692 4421 995 4490 inspector,
1049 4418 1297 4473 omnium
1366 4417 1647 4487 provisor,
1691 4425 1961 4487 potestate

383 4517 708 4581 decernens,
763 4529 827 4571 ac
888 4514 1128 4584 denique
1179 4511 1344 4581 iudex
1397 4512 1507 4579 sit;
1538 4509 1674 4575 haec,
1710 4511 1959 4581 inquam,

383 4609 569 4664 omnia
606 4615 662 4664 et
699 4607 932 4671 scimus,
982 4613 1038 4662 et
1080 4603 1411 4661 cantitemur
1445 4621 1457 4657 :
1506 4603 1755 4673 illudque
1808 4603 1959 4669 item,

384 4700 532 4770 quod
593 4712 736 4753 unus
800 4696 872 4752 sit
912 4694 1092 4761 Deus,
1146 4695 1250 4750 hoc
1304 4703 1390 4751 est
1448 4709 1557 4750 una
1609 4693 1959 4749 substantia:

386 4789 646 4861 quodque
687 4788 742 4841 in
798 4787 978 4842 tribus
1012 4795 1346 4858 agnoscatur
1390 4796 1447 4842 et
1500 4787 1733 4843 exsistat
1773 4803 1964 4858 perso-

384 4884 496 4948 nis,
537 4878 799 4935 nimirum
842 4879 897 4933 in
923 4877 1082 4933 Patre
1114 4885 1170 4933 et
1214 4876 1357 4933 Filio
1396 4885 1451 4934 et
1476 4877 1689 4950 Spiritu
1723 4889 1960 4953 sancto:

2128 3600 2252 3654 Ὅτι
2296 3602 2396 3671 μὲν
2439 3594 2535 3653 οῦν
2589 3601 2708 3651 ἐστι
2767 3597 2898 3659 Θεὸς
2950 3596 3213 3665 ἄναρχος,
3261 3588 3642 3660 ἀτελεύτητος,

2058 3690 2278 3756 αἰώνιός
2317 3708 2377 3745 τε
2427 3690 2523 3745 καὶ
2559 3689 2729 3753 ἀΐδιος
2749 3730 2765 3754 ,
2796 3688 3049 3750 ἀκτιστος
3070 3728 3086 3751 ,
3115 3686 3389 3756 ἄτρεπτος
3414 3722 3428 3744 ,
3480 3680 3645 3736 ἀναλη

2057 3783 2304 3849 λοίωτος,
2356 3781 2565 3846 ἁπλοῦς
2595 3823 2611 3846 ,
2642 3780 2938 3844 ἀσύνθετος
2960 3820 2975 3845 ,
3004 3776 3297 3847 ἀσώματος
3319 3814 3334 3837 ,
3370 3773 3601 3845 ἀόρατος
3624 3814 3641 3837 ,

2057 3873 2291 3945 ἀναφὴς,
2328 3872 2758 3944 ἀπερίγραπτος,
2775 3873 3023 3941 ἄπειρος,
3047 3865 3426 3937 ἀπερινόητος,
3444 3859 3642 3932 ἀπερί-

2058 3966 2285 4035 ληπτος,
2318 3963 2719 4035 ἀκατάληπτος,
2755 3961 2977 4030 ἀγαθὸς,
3014 3958 3243 4023 δίκαιος,
3280 3955 3499 4010 πάντων
3526 3968 3635 4006 κτιο

2061 4059 2286 4129 σμάτων
2342 4056 2677 4130 δημιουργὸς
2707 4096 2722 4120 ,
2754 4051 3166 4122 παντοδύναμος
3188 4088 3205 4114 ,
3241 4046 3641 4117 παντοκράτωρ

2060 4148 2464 4220 παντεπόπτης,
2506 4147 2725 4201 πάντων
2760 4143 3092 4215 προνοητὴς,
3119 4138 3501 4208 ἐξουσιαστὴς,
3520 4136 3642 4207 κρί-

2059 4259 2179 4310 της,
2201 4241 2296 4294 καὶ
2344 4239 2705 4310 γινώσκομεν,
2742 4237 2837 4292 καὶ
2876 4233 3247 4308 ὁμολογοῦμεν
3277 4250 3287 4262 -
3327 4231 3422 4285 καὶ
3447 4230 3531 4283 ὅτι
3561 4220 3643 4291 εἷς

2060 4336 2178 4389 ἐστι
2215 4334 2370 4401 Θεὸς,
2402 4334 2575 4403 ἤγουν
2612 4331 2708 4403 μία
2741 4330 2899 4385 οὐσία
2924 4346 2937 4358 ⁸
2968 4329 3063 4382 καὶ
3093 4328 3175 4380 ὅτι
3207 4327 3263 4378 ὲν
3296 4322 3477 4395 τρισὶν
3505 4321 3641 4374 ὑπο-

2061 4424 2283 4479 στάσεσι
2329 4422 2657 4494 γνωρίζεταί
2695 4438 2755 4474 τε
2799 4420 2893 4474 καί
2925 4421 3076 4472 ἔστιν
3099 4434 3112 4446 ·
3149 4417 3326 4487 [Ιατρί
3360 4430 3523 4483 φημι,
3547 4410 3641 4463 καὶ

2059 4512 2177 4584 Υἱῷ
2212 4553 2227 4578 ,
2258 4512 2352 4566 καὶ
2403 4511 2543 4581 ἁγίῳ
2592 4509 2869 4580 Πνεῦματι
2897 4526 2911 4539 ·
2962 4508 3058 4561 καὶ
3111 4508 3194 4560 ὅτι
3224 4504 3253 4555 ὁ
3303 4500 3493 4572 Πατὴρ
3545 4498 3641 4552 καὶ

2062 4604 2191 4668 Υἱὸς
2236 4604 2331 4658 καὶ
2372 4604 2434 4657 τὸ
2462 4603 2686 4673 Πνεῦμα
2717 4601 2778 4655 τὸ
2815 4601 2968 4669 ἅγιον
3024 4597 3166 4652 κατά
3216 4594 3396 4648 πάντα
3422 4592 3480 4644 ἓν
3508 4589 3633 4651 εἰσι,

2063 4692 2203 4763 πλὴν
2258 4692 2358 4762 τῆς
2389 4692 2738 4762 ἀγεννησίας,
2768 4692 2863 4745 καὶ
2892 4691 2989 4759 τῆς
3042 4689 3368 4758 γεννήσεως,
3403 4680 3495 4735 καὶ
3539 4678 3639 4748 τῆς

2064 4785 2477 4856 ὲκπορεύσεως’
2528 4782 2626 4838 καὶ
2681 4786 2763 4839 ὅτι
2799 4786 2827 4838 ὁ
2879 4782 3172 4853 μονογενὴς
3224 4779 3346 4841 Υἱὸς
3394 4774 3488 4828 καὶ
3546 4770 3643 4825 Ᾱ⁶¹
3700 4832 3733 4856 Α.

2064 4896 2158 4949 γος
2208 4851 2302 4935 τοῦ
2352 4875 2487 4930 Θεοῦ
2530 4877 2626 4931 καὶ
2676 4877 2841 4941 Θεὸς,
2881 4851 2977 4928 -διὰ
3031 4871 3311 4940 σπλάγχνα
3340 4864 3522 4929 ἐλέους
3548 4861 3647 4915 αῦ-
3686 4851 3714 4931 λθ

386 4982 504 5028 tum
556 4970 704 5040 quod
756 4967 922 5024 Pater
968 4976 1023 5023 et
1076 4965 1247 5022 Filius
1310 4975 1365 5023 et
1423 4968 1666 5039 Spiritus
1732 4950 1957 5027 sanctus

2066 4970 2184 5038 τοῦ,
2207 4970 2295 5024 διὰ
2334 4969 2434 5041 τὴν
2476 4968 2752 5040 ἡμετέραν
2792 4954 3354 5038 σωτηρίαν,“εὐδοκίᾳ
3384 4955 3482 5012 τοῦ
3533 4953 3649 5010 Πα-

388 5080 557 5121 unum
609 5061 837 5118 omnino
889 5062 1021 5124 sint,
1074 5068 1301 5129 excepta
1356 5060 1611 5131 ingeniti,
1653 5062 1966 5131 generatio-

2071 5061 2220 5132 τρὸς,
2256 5058 2351 5113 καὶ
2383 5059 2644 5130 συνεργίᾳ
2675 5056 2770 5111 τοῦ
2802 5056 3070 5125 παναγίου
3102 5052 3438 5122 Πνεῦματος.
3472 5050 3651 5104 ἀσπό-

387 5160 610 5228 .tisque,
641 5163 697 5210 et
725 5153 1097 5225 processionis
1143 5153 1518 5223 proprietate;
1550 5154 1778 5222 insuper
1818 5153 1957 5223 quod

2077 5173 2183 5227 ρως
2233 5153 2597 5225 συλληφθεὶς,
2627 5153 2884 5225 ἀφθόρως
2924 5155 2987 5206 ἐκ
3030 5152 3125 5222 τῆς
3167 5148 3329 5216 ἁγίας
3370 5144 3653 5212 Παρθένου

388 5250 712 5319 unigenitus
759 5246 929 5301 Filius
976 5257 1030 5300 et
1072 5243 1309 5299 Verbum
1359 5244 1476 5305 Dei,
1523 5260 1586 5297 ac
1640 5244 1801 5308 Deus,
1866 5261 1961 5314 per

2072 5247 2167 5300 ml.
2219 5246 2485 5299 Θεοτὸκου
2542 5247 2762 5316 Μαρίας
2816 5245 3135 5313 γεγέννηται
3186 5239 3275 5293 διὰ
3332 5236 3656 5307 Πνεύματος

467 5428 491 5459 ⁸
515 5428 737 5499 Dionys.
766 5444 815 5482 c.
859 5429 881 5481 l
921 5427 1307 5499 De‘divlinom.
1389 5425 1408 5456 ⁷
1440 5422 1605 5492 Greg.
1631 5421 1762 5475 Naz.
1798 5430 1948 5479 orat.

2057 5463 2064 5476 .
2141 5424 2162 5455 ⁸
2186 5425 2348 5482 Prov.
2393 5444 2530 5495 xxn,
2557 5424 2651 5482 28.
2727 5423 2747 5455 °
2777 5422 3000 5492 Dionys.
3033 5432 3157 5489 cap.
3184 5416 3206 5471 Ι
3242 5414 3316 5471 De
3347 5411 3454 5470 diu.
3484 5425 3654 5474 nona.

396 5498 557 5567 Greg.
592 5496 726 5554 Naz.
759 5507 899 5552 orat.
943 5497 1013 5551 54
1035 5506 1093 5551 et
1115 5496 1203 5549 57.

1657 5625 1891 5682 νΑΒΙΑΞ
1932 5625 2334 5687 LECTIONES.

472 5733 495 5766 ⁸
534 5722 676 5780 Edil.
701 5721 800 5775 οὐκ
820 5722 1015 5791 δυνὰμ.
1053 5722 1118 5776 Π.
1151 5722 1310 5789 5579,
1341 5720 1433 5773 καὶ
1465 5717 1491 5771 ὃ
1518 5719 1577 5772 οὐ
1600 5718 1795 5789 δυνάμ.
