4090 6148
428 346 537 409 703

1513 351 1611 410 DE
1651 349 1829 410 FIDE
1861 322 2331 412 'oamonoxa
2371 353 2515 415 LIB.
2546 356 2594 416 Ι.

3571 364 3678 428 τοι

413 461 616 529 ἁγίου,
663 457 756 512 καὶ
813 457 1099 530 ἅνθρωπος
1154 460 1357 523 τέλειος
1419 461 1478 526 ἐξ
1532 464 1702 533 αὐτῆς
1753 463 1942 532 γέγονε
1973 479 1988 494 ο

2094 465 2306 522 viscera
2356 467 2744 526 misericordiae
2798 488 2930 542 suae,
2987 477 3059 533 ob
3109 477 3344 534 salutem
3401 490 3673 547 nostram,

413 553 508 607 καὶ
563 552 700 605 ὅτιὸ
731 551 894 615 αὐτὸς
931 552 1064 615 Θεὸς
1124 553 1325 617 τέλειός
1371 555 1517 608 ἐστιν
1565 555 1700 623 ὁμοῦ
1754 556 1848 608 καὶ
1904 555 2000 609 ἄν-

413 646 632 716 θρωπος
651 641 876 709 τέλειος,
911 643 976 697 ὲκ
999 643 1091 697 δύο
1120 643 1353 713 φύσεων,
1388 645 1644 716 θεότητός
1680 663 1739 698 τε
1772 647 1867 700 καὶ
1900 647 2000 699 ἀν-

413 735 768 806 θρωπότητος
791 772 805 798 ,
830 735 923 788 καὶ
955 736 1011 786 ὲν
1060 733 1154 787 δύο
1185 735 1381 804 φύσεσι
1408 737 1656 806 νοεραῖς,
1687 736 2004 806 θελητικαῖς

411 845 469 880 τε
516 827 610 881 καὶ
653 829 1053 898 ὲνεργητικαῖς,
1094 827 1188 880 καὶ
1229 829 1630 894 αὑτεξουσίοις,
1680 829 1774 882 καὶ
1815 828 2005 892 ἁπλῶς

413 919 606 983 εἰπεῖν,
639 917 859 982 τελείως
900 917 1150 987 ἐχούσαις
1174 919 1314 972 κατὰ
1339 919 1430 973 τὸν
1478 919 1682 991 ἑκάστῃ
1724 919 2001 990 πρέποντα

411 1009 537 1079 ὅρον
592 1026 652 1061 τε
708 1011 802 1061 καὶ
851 1008 1008 1076 λόγον
1037 1026 1048 1039 ·
1083 1009 1300 1079 θεότητί
1360 1026 1420 1062 τε
1474 1010 1568 1063 καὶ
1623 1008 2006 1080 ἀνθρωπότητί

413 1117 590 1171 φημι·
629 1102 727 1172 μιᾷ
775 1100 832 1154 δὲ
887 1100 1126 1171 συνθέτῳ
1160 1102 1490 1155 ὑποστάσει·
1521 1103 1602 1154 ὅτι
1645 1119 1705 1154 τε
1747 1102 2000 1172 ἑπείνησε

412 1192 506 1243 καὶ
532 1188 773 1258 ἐδίψησε,
803 1190 898 1242 καὶ
927 1191 1209 1254 ἐκοπίασε,
1250 1190 1347 1244 καὶ⁴
1391 1188 1736 1261 ἐσταυρώθη,
1778 1190 1872 1242 καὶ
1903 1189 2000 1242 θα-

413 1281 571 1333 νάτου
607 1281 700 1334 καὶ
733 1279 914 1348 ταφῆς
948 1283 1145 1350 πεῖραν
1175 1280 1394 1346 ἐδέξατο
1434 1281 1733 1352 τριήμερος
1756 1319 1772 1347 ,
1796 1279 1892 1333 καὶ
1920 1281 2002 1342 είς

411 1373 673 1444 οὐρανοὺς
726 1372 1101 1442 ἀνεφοίτησεν,
1147 1373 1269 1426 ὅθεν
1322 1373 1417 1426 καὶ
1463 1371 1598 1443 πρὸς
1626 1372 1774 1442 ἡμᾶς
1816 1387 1992 1440 παρα-

409 1463 620 1530 γέγονε,
651 1463 746 1516 καὶ
779 1455 1218 1535 παραγενήσεται
1250 1463 1410 1516 πάλιν
1461 1465 1541 1522 εἰς
1595 1461 1822 1532 ὕστερον
1848 1477 1863 1494 ο
1896 1460 1992 1514 καὶ

409 1553 442 1622 ἠ
476 1553 595 1606 θεία
633 1553 824 1624 Γραφὴ
880 1553 1126 1624 μάρτυς,
1155 1553 1252 1606 καὶ
1302 1555 1410 1617 πᾶς
1449 1555 1477 1606 6
1522 1553 1634 1607 τῶν
1687 1553 1858 1622 ἁγίων
1892 1569 1986 1622 χοε

409 1644 522 1715 ρός.

2102 551 2338 623 benigna
2365 551 2546 610 Patris
2573 558 2854 615 voluntate
2877 601 2893 624 ,
2945 577 3011 620 ac
3055 566 3391 621 sanctissimi
3438 567 3678 637 Spiritus

2105 643 2518 710 cooperatione,
2555 647 2761 717 absque
2808 653 3018 710 semine
3069 667 3394 727 conceptus,
3430 659 3567 712 citra
3593 659 3676 713 ul-

2103 731 2212 786 lam
2261 737 2678 804 corruptionem
2729 755 2795 795 ex
2850 753 3040 799 saneta
3069 745 3296 819 Virgine
3333 748 3538 818 Deique
3568 749 3674 806 Ge-

2104 825 2308 880 nitrice
2364 827 2537 884 Maria
2575 846 2672 900 per
2725 831 2992 904 Spiritum
3057 851 3314 894 sanctum
3365 851 3530 896 natus
3583 844 3679 906 sit,

2104 922 2272 986 atque
2299 931 2367 973 ex
2397 933 2460 973 ea
2519 920 2684 976 homo
2719 924 2998 993 perlectus
3056 930 3330 984 exstiterit
3364 950 3377 985 :
3419 932 3680 1000 quodque

2104 1004 2247 1060 idem
2281 1007 2449 1062 simul
2500 1020 2552 1066 et
2589 1013 2864 1082 perfectus
2908 1015 3051 1072 Deus
3099 1028 3152 1072 et
3205 1020 3488 1088 perlectus
3517 1021 3684 1074 homo

2101 1095 2197 1158 sit,
2243 1113 2310 1152 ex
2351 1100 2569 1157 duabus
2624 1107 2863 1170 naturis,
2919 1107 3308 1177 intelligentia,
3362 1114 3669 1176 voluntate,

2103 1186 2297 1254 agendi
2333 1185 2618 1254 facultate,
2651 1202 2815 1262 atque
2845 1195 3061 1249 arbitrii
3096 1205 3364 1266 potestate
3409 1200 3671 1268 praeditis;

2105 1284 2294 1348 atque,
2326 1288 2384 1332 ut
2416 1283 2585 1336 verbo
2609 1283 2812 1350 dicam,
2848 1285 2902 1339 in
2926 1287 3132 1356 quibus
3161 1289 3460 1343 secundum
3491 1288 3678 1343 delini-

2099 1369 2309 1424 tionem
2342 1371 2500 1442 125
2532 1388 2597 1427 ac
2628 1376 2898 1430 rationem
2957 1379 3189 1448 utrique,
3221 1380 3327 1434 hoc
3363 1389 3448 1435 est
3475 1381 3676 1434 divini-

2094 1461 2192 1515 tati
2220 1469 2275 1516 et
2317 1461 2668 1528 humanitati,
2713 1478 2879 1536 atque
2919 1469 3012 1522 uni
3070 1486 3317 1539 personae
3361 1486 3676 1546 congruen-

2095 1560 2225 1616 tem,
2261 1553 2394 1607 nihil
2441 1555 2665 1610 omnino
2700 1557 2872 1625 desit;
2928 1561 3072 1626 quod
3120 1563 3347 1632 insuper
3392 1563 3674 1624 esurierit,

2093 1643 2310 1711 sitierit,
2337 1644 2611 1715 fueritque
2631 1645 2890 1717 fatigatus
2910 1658 2963 1704 et
2983 1651 3208 1707 sulllvus
3254 1653 3429 1719 cruci,
3452 1653 3676 1706 mortis-

408 1753 514 1805 que
568 1751 631 1791 ac
677 1738 970 1808 sepulturas
1040 1737 1346 1807 periculum
1399 1735 1612 1813 fecerit,
1681 1735 1973 1806 triduoque
2015 1744 2139 1804 post
2171 1739 2557 1802 resurrcxerit,
2597 1747 2651 1792 et
2704 1741 2756 1793 in
2785 1743 2980 1808 cmlos,
3027 1744 3167 1798 unde
3203 1745 3270 1797 ad
3339 1759 3440 1799 nos
3506 1758 3675 1797 vene-

406 1835 512 1891 rat,
559 1841 813 1881 reversus
853 1827 946 1890 sit,
992 1840 1057 1880 ac
1097 1826 1280 1882 denuo
1323 1825 1543 1881 tandem
1591 1834 1858 1880 venturus
1915 1825 2010 1888 sit,
2072 1835 2185 1878 tum
2250 1825 2436 1881 divina
2504 1826 2785 1899 Scriptura
2847 1839 3122 1900 testatur,
3193 1843 3304 1888 tum
3383 1835 3675 1890 universus

409 1928 724 1976 sanctorum
751 1922 979 1975 chorus.

477 2011 542 2064 Τί
581 2012 640 2081 δέ
677 2013 792 2065 ἐστι
824 2012 960 2066 Θεοῦ
992 2013 1182 2077 οὐσία,
1214 2013 1248 2082 ἢ
1299 2013 1417 2078 πῶς
1455 2015 1603 2068 ἐστιν
1631 2014 1689 2067 ὲν
1727 2014 1914 2075 πᾶσιν,
1949 2011 1982 2083 ἢ
2019 2020 2056 2074 Β

404 2100 524 2162 πῶς
554 2101 745 2154 ἑαυτὸν
777 2101 1022 2166 κενώσας
1056 2103 1086 2156 6
1113 2102 1405 2173 μονογενὴς
1440 2103 1568 2167 Υἱὸς
1591 2103 1686 2156 καὶ
1711 2103 1863 2166 Θεὸς,
1899 2102 1996 2156 ἄν-

411 2199 626 2261 θρωπος
680 2193 903 2261 γέγονεν
947 2195 1013 2246 ὲκ
1070 2193 1416 2264 παρθενικῶν
1483 2196 1730 2264 αἱμάτων
1761 2235 1775 2261 ,
1819 2195 1988 2265 ἑτέρῳ

407 2284 559 2353 παρὰ
584 2284 683 2354 τὴν
712 2283 873 2354 φύσιν
903 2283 1089 2355 θεσμῷ
1119 2284 1604 2356 πλαστουργηθεὶς,
1622 2285 1655 2349 ἢ
1684 2285 1802 2348 πῶς
1835 2284 1998 2356 ἀϐρό-

406 2393 522 2446 χοις
552 2377 676 2430 ποσὶ
706 2379 821 2440 τοῖς
873 2375 1064 2430 ὕδασιν
1113 2377 1476 2447 ἐπεπόρευτο,
1511 2378 1607 2430 καὶ
1660 2375 1988 2447 ἀγνοοῦμεν,

405 2468 500 2519 καὶ
533 2465 712 2535 λέγειν
737 2467 796 2520 οὐ
823 2466 1118 2537 δυνάμεθα.
1151 2467 1226 2520 Οὐ
1271 2465 1498 2521 δυνατὸν
1537 2463 1629 2521 οὖν
1661 2485 1713 2520 τι
1744 2468 1895 2538 παρὰ
1924 2467 1992 2521 τὰ

405 2554 638 2618 θειωδῶς
675 2555 780 2609 ὑπὸ
807 2554 913 2608 τῶν
946 2555 1106 2610 θείων
1152 2555 1348 2625 λογίων
1398 2556 1497 2628 τῆς
1526 2573 1584 2609 τε
1621 2555 1868 2620 Παλαιᾶς
1898 2561 1991 2613 καὶ

403 2646 611 2716 Καινῆς
632 2647 904 2719 Amoqu
935 2649 1067 2718 ἡμῖν
1105 2647 1670 2718 ὲκπεφασμένα,είτοι
1701 2649 1986 2719 εἰρημένα,

401 2739 496 2792 καὶ
529 2738 990 2810 πεφανερωμὲνα,
1031 2740 1202 2792 εἰπεῖν
1231 2755 1284 2792 τι
1310 2739 1438 2810 περὶ
1471 2737 1628 2804 Θεοῦ,
1656 2739 1688 2809 ῆ
1731 2739 1868 2802 ὅλως
1897 2741 1986 2794 ὲν-

401 2847 614 2902 νοησαι.

2160 2006 2291 2073 ραιε
2337 2025 2429 2062 nec
2491 2010 2784 2079 intelligere
2837 2027 3115 2080 possumus
3171 2029 3266 2066 nee
3318 2013 3485 2084 loqui.
3520 2017 3676 2074 —At

2093 2114 2244 2165 vero,
2283 2101 2413 2170 quid
2456 2100 2550 2156 Dei
2604 2103 2916 2156 substantia
2951 2105 3042 2166 sit,
3093 2113 3186 2158 aut
3213 2121 3322 2174 quo
3370 2117 3530 2175 pacto
3557 2123 3673 2162 om-

2093 2191 2260 2245 nibus
2301 2193 2468 2246 rebus
2519 2192 2672 2256 insit,
2709 2193 2793 2246 vel
2830 2193 3107 2263 quomodo
3154 2193 3297 2249 Deus
3340 2212 3406 2250 ex
3445 2197 3554 2252 Deo
3582 2213 3673 2268 ge-

2092 2283 2240 2336 nitus
2297 2283 2392 2347 sit,
2427 2285 2506 2338 vel
2544 2284 2906 2354 processerit;
2945 2293 3040 2339 aut
3085 2300 3192 2355 qua
3230 2287 3446 2341 ratione
3470 2287 3670 2359 unige-

2094 2375 2244 2428 nitus
2274 2371 2448 2428 Filius
2479 2389 2543 2428 ac
2589 2374 2730 2430 Deus
2772 2390 2895 2430 sese
2925 2376 3273 2440 exinaniens,
3309 2392 3375 2431 ex
3410 2377 3674 2448 virgineis

2097 2465 2462 2533 sanguinibus
2499 2467 2663 2520 homo
2696 2466 2876 2522 lactus
2919 2468 3008 2534 sit,
3044 2467 3202 2524 aliter
3227 2469 3476 2525 videlicet
3507 2486 3670 2540 quam

2097 2566 2308 2610 natura:
2354 2557 2438 2611 lex
2496 2556 2656 2624 lerat,
2714 2558 2966 2626 ellietus;
3021 2567 3116 2613 aut
3173 2561 3452 2630 quomodo
3504 2561 3673 2616 siccis

2093 2648 2326 2717 pedibus
2368 2664 2534 2718 super
2586 2665 2759 2719 aquas
2819 2650 3150 2707 incesserit:
3214 2651 3328 2704 hate
3382 2665 3514 2705 sane
3572 2665 3672 2704 nec

2093 2742 2325 2805 scimus,
2375 2756 2478 2795 nec
2533 2742 2716 2795 dicere
2769 2757 3068 2809 possumus
3106 2743 3170 2794 ιο.
3224 2742 3363 2796 Fieri
3417 2757 3549 2812 ergo
3586 2758 3676 2796 ne-

2094 2831 2234 2900 quit,
2271 2839 2331 2884 ut
2377 2839 2573 2900 prreter
2608 2831 2698 2884 illa
2742 2845 2864 2899 quae
2919 2831 3184 2885 divinitus
3239 2831 3397 2885 nobis
3425 2845 3455 2884 a
3491 2845 3674 2885 sacro-

402 2927 610 2982 sanctis
642 2925 854 2981 Veteris
880 2940 943 2980 ac
975 2923 1110 2980 Novi
1139 2925 1475 2981 Testamenti
1514 2926 1754 2980 oraculis
1789 2925 2075 2981 enuntiata
2141 2934 2295 2985 sunt,
2358 2935 2450 2979 aut
2503 2925 2673 2991 dicta,
2742 2933 2837 2980 aut
2871 2925 3163 2996 patefacta,
3224 2926 3290 2981 de
3349 2926 3456 2981 Deo
3515 2923 3674 2994 quid-

401 3031 568 3088 quam
623 3017 930 3085 loquamur,
984 3025 1078 3068 aut
1122 3017 1348 3071 omnino
1391 3017 1633 3088 cogitatu
1691 3029 2052 3086 assequamur
2086 3015 2153 3070 ι’.
3092 3021 3097 3026 ’

1013 3108 1263 3164 ΚΕΦΑΛ,
1294 3109 1370 3162 Γ’.

799 3197 1129 3264 Ἀπόδειξις
1158 3197 1249 3252 ὅτι
1273 3198 1405 3252 ἐστὶ
1432 3198 1595 3264 Θεός.

472 3290 596 3346 Ὀτι
626 3290 724 3362 μὲν
755 3285 850 3344 οὖν
893 3291 1010 3343 ἐστι
1039 3289 1196 3353 Θεὸς,
1227 3292 1338 3352 τοῖς
1381 3290 1479 3359 μὲν
1516 3291 1615 3354 τὰς
1644 3289 1806 3358 ἁγίας
1843 3290 1986 3360 Γρα-

401 3384 509 3457 φὰς
539 3383 868 3456 δεχομένοις,
893 3384 991 3453 τήν
1021 3398 1081 3434 τε
1117 3381 1360 3435 Παλαιὰν
1400 3382 1494 3435 καὶ
1529 3381 1736 3452 Καινὴν
1782 3381 1983 3452 Διαθὴ-

2729 3111 2881 3166 CAP.
2913 3110 3002 3165 Ill.

2435 3200 2828 3257 Demonstralio
2879 3203 3017 3272 quod
3063 3203 3195 3257 Deus
3235 3203 3324 3256 sit.

2168 3291 2327 3348 Deum
2387 3309 2500 3347 esse
2569 3302 2890 3363 agnoverunt
2941 3293 3176 3362 plerique
3221 3288 3514 3360 gentilium.
3603 3316 3672 3328 -—-

2092 3383 2246 3448 Quod
2277 3400 2408 3454 ergo
2442 3383 2583 3438 Deus
2635 3385 2726 3448 sit,
2781 3386 2850 3438 ab
2909 3384 3020 3438 illis
3054 3384 3148 3452 qui
3188 3395 3377 3436 sacras
3413 3379 3668 3442 Litteras,

401 3444 506 3545 ὲηᾷ
805 3444 905 3526 ουκ
947 3444 1376 3542 αμφιϐἀλλεται,
1427 3471 1552 3525 οὔτε
1603 3471 1663 3525 δὲ
1693 3444 1824 3534 ’τοῖς
1880 3444 1988 3526 τεὸν

2095 3473 2288 3542 Vetus,
2329 3444 2575 3544 inquam,
2599 3483 2653 3529 et
2691 3473 2902 3528 Novum
2921 3473 3352 3534 Testamentum,
3379 3470 3668 3540 recipiunt,

413 3564 677 3634 Ἑλλήνων
729 3561 1022 3626 πλείστοις.
1063 3562 1156 3626 Ὠς
1201 3562 1313 3632 γὰρ
1343 3561 1555 3632 ἔφημεν
1582 3559 1682 3632 (2),
1717 3563 1750 3632 ἡ
1786 3561 1989 3629 γνῶσις

399 3653 496 3709 τοῦ
522 3650 658 3707 εἶναι
675 3653 807 3707 Θεὸν
845 3651 1090 3724 φυσικῶς
1114 3655 1248 3724 ἡμῖν
1273 3651 1739 3722 ὲγκατέσπαρται.
1766 3651 1990 3722 Ἐπειδὴ

397 3749 458 3802 δὲ
489 3747 742 3800 τοσοῦτον
789 3747 1010 3817 ἴσχυσεν
1042 3746 1076 3814 ὴ
1097 3744 1192 3798 τοῦ
1226 3744 1465 3815 πονηροῦ
1522 3743 1692 3797 κακία
1719 3743 1861 3796 κατὰ
1889 3742 1992 3812 τῆς

399 3840 509 3894 τῶν
537 3838 840 3910 ἀνθρώπων
879 3839 1114 3906 φύσεως,
1151 3836 1291 3891 ὥστε
1328 3837 1421 3890 καί
1465 3852 1617 3900 τινας
1647 3835 1728 3898 είς
1760 3834 1838 3888 τὸ·
1862 3833 1989 3888 ἁλο-

397 3931 643 4000 γὼτατον
687 3932 782 3984 καὶ
835 3931 1054 3985 πάντων
1082 3929 1194 3982 τῶν
1219 3927 1405 3982 κακῶν
1449 3929 1710 3981 κάκιστον
1745 3943 1990 3994 καταγα-

397 4026 515 4092 γεῖν
540 4024 640 4092 τῆς
671 4022 947 4086 ἀπωλείας
969 4021 1262 4093 βάραθρον,
1281 4021 1342 4075 τὸ
1365 4021 1546 4090 λέγειν
1569 4021 1642 4092 μὴ
1665 4016 1804 4074 εἶναι
1827 4019 1985 4074 Θεόνο

398 4112 472 4172 ὧν
505 4117 604 4189 τὴν
664 4115 978 4185 ἀφροσύνην
1008 4115 1288 4184 ἐμφαίνων
1319 4117 1348 4168 6
1379 4115 1702 4186 ἱεροφάντης
1746 4114 1850 4184 ἔφη
1886 4117 1990 4166 Δα-

397 4208 482 4262 ϐίδ
512 4224 527 4240 ·
577 4204 762 4261 Εἶπεν
806 4206 1009 4275 ἄφρων
1058 4205 1126 4259 ἐν
1178 4205 1252 4273 τῇ
1314 4204 1524 4274 καρδίᾳ
1587 4203 1774 4258 αὑτοῦ
1807 4221 1820 4236 ο
1855 4207 1986 4259 Οὐκ

396 4300 528 4353 ἐστι
555 4299 727 4364 Θεόςο
759 4299 807 4351 οἱ
842 4298 939 4366 μὲν
968 4291 1062 4350 οὖν
1083 4294 1178 4350 τοῦ
1209 4295 1418 4368 Κυρίου
1451 4293 1691 4366 μαθηταὶ
1723 4296 1820 4348 καὶ
1851 4295 1986 4348 ἁπό-

397 4388 570 4440 στολοι
627 4387 704 4457 τῷ
751 4387 1005 4458 παναγίῳ
1057 4387 1406 4456 σοφισθέντες
1452 4387 1755 4457 Πνεύματι,
1787 4387 1882 4441 καὶ
1916 4389 1982 4459 τῇ

394 4480 560 4535 αὑτοῦ
589 4480 814 4550 δυνάμει
846 4481 942 4534 καὶ¹
962 4479 1147 4550 χάριτι
1175 4480 1274 4544 τὰς
1323 4479 1648 4551 θεοσημείας
1679 4477 1984 4550 ἐργαζόμε-

394 4589 496 4636 νοι,
528 4575 593 4642 τῇ
623 4571 734 4625 τῶν
759 4571 1055 4642 θαυμάτων
1088 4574 1299 4643 σαγήνῃ
1336 4573 1474 4643 πρὸς
1503 4571 1562 4624 τὸ
1593 4571 1709 4640 φῶς
1736 4571 1836 4642 τῆς
1867 4569 1984 4624 θεο-

391 4665 630 4734 γνωσίας
663 4665 727 4717 ὲκ
766 4663 860 4717 τοῦ
919 4662 1080 4734 βύθου
1125 4662 1225 4732 τῆς
1272 4663 1547 4731 ἀγνωσίας
1574 4661 1600 4701 ά
1634 4661 1830 4725 αὐτοὺς
1877 4661 1983 4724 ζω-

391 4755 650 4827 γροῦντες
682 4756 972 4828 ἀνήγαγον.
1010 4755 1242 4825 Ὁμοίως
1264 4755 1360 4808 καὶ
1392 4755 1442 4807 οί
1469 4754 1674 4808 τούτων
1693 4753 1794 4822 τῆς
1817 4752 1980 4823 χάρι-

467 4885 510 4916 ¹⁰
537 4883 693 4941 Dion.
722 4898 844 4953 cap.
869 4885 904 4938 9.
935 4883 1012 4939 De
1037 4884 1143 4938 div.
1175 4900 1319 4938 nom.
1359 4883 1399 4915 “
1425 4883 1559 4938 Ibid.
1603 4897 1724 4952 cap.
1765 4882 1816 4935 1.

1895 4880 1936 4910 η
1972 4875 2137 4944 Supr.
2198 4887 2321 4942 cap.
2359 4872 2411 4926 1.

2094 3581 2203 3620 non
2235 3565 2554 3635 ambigitur,
2588 3574 2646 3618 ut
2680 3579 2779 3618 nec
2802 3579 2832 3618 a
2859 3563 3136 3634 plerisque
3160 3561 3464 3631 gentilium.
3505 3557 3668 3614 Velut

2092 3658 2238 3712 enim
2284 3657 2397 3726 jam
2430 3655 2670 3710 diximus
2704 3657 2771 3721 η,
2816 3655 3042 3709 insitum
3070 3654 3228 3708 nobis
3254 3668 3285 3706 a
3315 3660 3515 3706 natura
3553 3659 3662 3716 cst,

2094 3759 2151 3803 ut
2209 3749 2376 3804 Deum
2437 3763 2562 3804 esse
2600 3762 2918 3802 noscamus.
2968 3745 3232 3812 Quoniam
3281 3759 3409 3799 vero
3457 3742 3672 3796 Satanae

2092 3839 2418 3909 improbitas
2474 3847 2688 3892 tantum
2746 3838 3012 3892 adversus
3065 3835 3345 3889 hominum
3417 3822 3675 3888 naturam

2089 3930 2282 3997 Valuit,
2315 3938 2372 3984 ut
2403 3937 2456 3984 et
2482 3929 2751 4000 quosdam
2794 3929 2848 3983 in
2915 3927 3350 3990 stolidissimam,
3399 3934 3454 3980 et
3478 3925 3688 3995 quovis.

2091 4021 2236 4074 malo
2284 4019 2526 4089 pejorem
2575 4017 2732 4074 exitii
2764 4016 3077 4087 voraginem
3113 4016 3438 4076 detruserit,
3487 4018 3562 4067 ita
3613 4024 3670 4066 ut

2093 4112 2260 4167 Deum
2296 4127 2418 4171 esse
2443 4119 2708 4183 negarent
2740 4113 3016 4183 (quorum
3049 4108 3421 4178 insipientiam
3446 4105 3667 4160 divino-

2091 4219 2211 4259 rum
2251 4205 2542 4260 verborum
2585 4206 2858 4274 interpres
2902 4203 3066 4256 David
3100 4205 3277 4270 palam
3315 4198 3522 4251 faciens
3557 4196 3665 4250 ait:

2086 4293 2236 4349 Dixit
2269 4297 2516 4364 insipiens
2534 4296 2587 4348 in
2608 4293 2764 4348 corde
2781 4309 2876 4346 suo
2895 4310 2913 4347 :
2935 4291 3059 4346 Non
3078 4301 3154 4344 est
3180 4290 3314 4342 Deus
3339 4287 3426 4356 "),
3451 4301 3570 4339 eam
3598 4287 3670 4341 ob

2085 4401 2308 4441 causam
2348 4385 2599 4453 discipuli
2636 4383 2847 4437 Domini
2881 4390 2933 4436 et
2961 4380 3210 4450 apostoli,
3249 4393 3278 4430 a
3311 4376 3513 4446 Spiritu
3545 4392 3670 4430 sau-

2084 4483 2174 4529 cto
2219 4474 2446 4535 eruditi,
2487 4473 2687 4526 divinis
2741 4471 2862 4539 ejus
2905 4469 3142 4538 potentia
3203 4475 3258 4520 et
3308 4467 3478 4533 gratia
3507 4465 3667 4520 editis

2085 4563 2371 4634 prodigiis,
2409 4560 2802 4614 miraculorum
2862 4571 3066 4626 sagena
3113 4572 3207 4610 eos
3248 4571 3312 4609 ex
3349 4555 3669 4624 ignorantia:

2083 4651 2298 4724 gurgite
2334 4658 2635 4714 extractos,
2675 4647 2742 4701 ad
2774 4645 3072 4717 agnitionis
3126 4645 3217 4700 Dei
3254 4645 3433 4699 lumen
3471 4660 3665 4714 prove-

2085 4752 2305 4800 xerunt.
2351 4743 2554 4798 Eodem
2602 4755 2818 4812 quoque
2872 4739 3032 4794 modo
3057 4739 3273 4794 illorum
3309 4747 3422 4793 tum
3457 4737 3645 4810 gratia:

2491 4871 2536 4902 "
2565 4869 2709 4927 Psal.
2742 4885 2858 4935 xm,
2893 4870 2943 4925 1.

1700 5015 1934 5072 VARUS
1970 5011 2375 5071 LECTIONES.

460 5114 489 5156 σι
515 5112 659 5168 Edit.
698 5123 753 5170 et
790 5114 946 5168 multi
986 5114 1109 5170 cod.
1140 5114 1290 5180 Regii
1318 5115 1560 5184 ἀγνοίας,
1595 5121 1649 5170 et
1675 5116 1860 5168 statim
1893 5114 1947 5168 in
1971 5113 2136 5168 editis
2163 5119 2220 5167 et
2251 5107 2535 5164 nonnullis
2574 5106 2762 5178 Regiis
2792 5108 2972 5163 codic.
3013 5106 3236 5176 ἀνῆγον.
3292 5107 3380 5157 At.

1870 5225 2102 5281 NOTAE.

462 5317 538 5388 (‘2)
587 5319 684 5386 Ὠς
716 5319 827 5389 γὰρ
850 5321 1100 5390 ἔφημεν.
1133 5320 1197 5375 Ut
1225 5323 1363 5376 enim
1387 5320 1643 5373 diximus.
1679 5317 1791 5373 lloc
1817 5318 1967 5390 dixe-

389 5397 477 5460 rat
527 5404 647 5457 cap.
702 5389 928 5460 i,quod
973 5394 1025 5446 in
1070 5403 1302 5459 utroque
1352 5391 1472 5444 loco
1508 5406 1615 5443 non
1667 5390 1740 5460 ita
1800 5389 1968 5460 litui-it

391 5459 829 5528 intelligendum,
861 5471 922 5516 ut
954 5463 1240 5530 congenita
1273 5463 1432 5515 nobis
1466 5461 1534 5515 sit
1560 5459 1799 5527 cognitio
1829 5459 1916 5530 Dei
1949 5476 1960 5509 :

391 5530 486 5584 sed
520 5541 577 5582 ut
610 5534 845 5584 humana
877 5548 1029 5585 tuens
1055 5529 1120 5584 ex
1156 5532 1392 5584 universi
1427 5531 1589 5597 hujus
1621 5529 1965 5596 inSpectione

392 5599 458 5651 ad
491 5601 734 5655 auctoris
795 5601 1042 5654 notitiam
1066 5602 1132 5654 de
1175 5601 1319 5654 facili
1350 5601 1620 5654 deveniat.
1661 5597 1800 5651 Nam
1826 5600 1963 5664 quod

393 5667 532 5721 Deus
596 5670 662 5720 sit
691 5710 704 5731 ,
739 5671 815 5723 ait
865 5670 1176 5737 Theologus
1206 5711 1220 5733 ,
1252 5681 1391 5723 orat.
1447 5671 1514 5722 5's
1545 5709 1558 5730 ,
1594 5671 1830 5737 quodque
1893 5670 1960 5720 sit

393 5753 556 5792 causa
589 5754 847 5810 princeps,
880 5757 994 5810 qua:
1041 5757 1118 5793 res
1149 5757 1322 5792 omnes
1368 5741 1654 5806 procreari!
1686 5751 1730 5790 et
1763 5755 1965 5792 conscr-

2063 5326 2164 5382 vet,
2193 5333 2310 5370 cum
2340 5325 2578 5384 aspectus
2613 5317 2736 5383 ipse,
2764 5324 2874 5368 tum
2905 5316 2989 5369 lea:
3032 5312 3294 5366 naturalis
3337 5307 3501 5384 docet.
3538 5309 3656 5360 ιιαε

2024 5398 2026 5401 ’
2061 5377 2200 5441 enim
2235 5377 2536 5440 induclione
2571 5377 2752 5438 eorum
2779 5401 2896 5453 quia
2943 5386 3036 5436 sub
3080 5389 3346 5453 aspectum
3382 5377 3652 5453 cadunter

2064 5469 2204 5510 recto
2255 5457 2440 5510 ordine
2489 5447 2843 5521 disponuntur
2872 5493 2885 5516 ,
2915 5463 3100 5505 auctor
3143 5447 3425 5521 colligitur.
3480 5447 3650 5521 l’orro

2063 5529 2237 5593 prima
2271 5527 2361 5579 illa
2397 5517 2748 5578 ratiocinatio
2789 5538 2894 5590 qua
2946 5522 3141 5593 Noster
3173 5520 3339 5593 Deum
3378 5517 3646 5571 exsistere

2061 5589 2426 5658 demonstrat,
2463 5594 2777 5647 lirinissima
2810 5589 2879 5644 et
2939 5589 3368 5658 expliratissitna
3399 5596 3505 5653 est,
3535 5602 3641 5654 qua

2061 5678 2171 5718 lt'cs
2204 5667 2414 5729 priores
2438 5663 2686 5734 Angelici
2715 5661 2954 5716 doctoris
2975 5657 3480 5714 demonstrationes
3504 5672 3638 5712 con-

2062 5738 2324 5790 tinentur.
