4104 6148
424 344 536 412 ’195

1627 331 1689 390 S.
1730 331 2048 392 JOANNIS
2081 329 2512 393 DAMASCENI

3595 323 3708 388 796

430 467 550 512 tum
575 452 864 528 dignitatis
911 447 1270 515 munerisque
1329 456 1706 506 successores,
1758 451 2040 514 pastores.

2143 463 2199 507 ος
2229 445 2440 516 καὶτῆς
2459 443 2614 512 ἀξίας
2638 442 2894 513 διάδοχοι,
2927 442 3182 510 ποιμένες
3215 455 3275 491 τε
3309 438 3399 490 καὶ
3446 437 3712 491 διδάσκα-

429 550 690 612 nimirum
711 554 875 614 atque
897 541 1174 600 doctores,
1206 534 1610 590 illuminantem
1643 531 1884 604 Spiritus
1909 547 2023 604 gra-

432 641 570 694 tiam
598 632 906 695 consecuti,
936 641 1050 684 tum
1088 626 1485 682 miraculorum
1506 623 1734 688 virtute,
1765 631 1880 677 tum
1903 638 2024 678 ser-

442 729 701 784 monibus
742 723 932 795 gratiae
963 720 1275 775 obcwcatos
1303 716 1708 778 illuminabant,
1748 723 2026 771 errantes-

433 835 542 887 que
576 820 632 870 in
664 815 747 869 via
766 810 1124 867 reducebant.
1155 809 1198 840 “
1214 809 1284 862 At
1311 823 1436 874 nos,
1459 809 1554 878 qui
1585 823 1688 864 nec
1731 808 2026 863 miraculo-

433 924 584 973 rum,
609 921 712 962 nec
737 903 1003 960 doctrinae
1036 901 1244 957 donum
1268 900 1581 971 accepimus
1615 901 1713 967 (ut
1747 900 1836 969 qui
1859 899 2027 953 nimia

439 1015 568 1070 erga
620 998 933 1067 voluptates
962 993 1352 1064 propensione,
1384 1007 1486 1048 nos
1514 1007 1580 1047 eo
1610 991 1874 1062 indignos
1897 992 2023 1046 red-

445 1087 797 1158 diderimus),
835 1102 938 1157 age
987 1099 1164 1156 pauca
1212 1099 1404 1138 eorum
1456 1098 1578 1153 quae
1627 1084 1818 1155 gratiae
1854 1085 2024 1140 inter-

441 1195 623 1256 pretes
658 1182 818 1237 nobis
848 1178 1218 1244 tradiderunt,
1246 1175 1314 1231 de
1360 1176 1465 1229 hoc
1493 1183 1816 1245 argumento
1849 1175 2029 1232 disse-

442 1290 628 1330 ramus
663 1291 679 1340 ;
730 1271 1024 1340 implorata
1078 1276 1260 1322 tamen
1307 1264 1461 1334 prius
1496 1263 1673 1321 Patris
1713 1272 1770 1321 et
1808 1265 1932 1320 Filii
1971 1273 2029 1321 et

444 1365 683 1436 Spiritus
723 1363 898 1419 sancti
920 1375 1042 1429 ope.

515 1456 701 1510 Prima
735 1453 874 1508 ratio
905 1452 1071 1506 Deum
1096 1465 1228 1513 esse,
1260 1462 1325 1502 ea.
1354 1461 1529 1501 rerum
1560 1446 1932 1501 mutabilitate.
1961 1479 2027 1490 —-

450 1548 612 1617 126
631 1545 827 1601 Omnia
851 1558 972 1613 quae
992 1549 1144 1607 sunt,
1169 1547 1265 1594 aut
1282 1547 1465 1594 creata
1493 1545 1625 1594 sunt
1645 1547 1739 1592 aut
1761 1539 2023 1594 increata.

448 1635 505 1690 Si
538 1644 746 1699 creata,
781 1635 970 1703 utique
1000 1641 1055 1687 et
1095 1629 1381 1684 mutabilia
1426 1637 1576 1683 sunt.
1601 1630 1848 1694 Quorum
1881 1631 2026 1685 enim

445 1741 570 1782 esse
601 1740 632 1779 α
657 1725 961 1779 mutatione
991 1721 1220 1791 incepit,
1244 1735 1308 1775 ea
1342 1720 1629 1774 mutationi
1654 1735 1873 1790 qquue
1895 1722 2028 1776 sub-

447 1817 561 1871 sint
591 1832 815 1872 necesse
842 1823 948 1878 est,
975 1813 1089 1869 sive
1121 1813 1416 1876 intereant,
1451 1813 1567 1866 sive
1600 1826 1698 1880 per
1729 1813 2032 1867 voluntatis

449 1915 609 1964 actus
635 1907 739 1961 alia
784 1913 948 1976 atque
975 1905 1082 1959 alia
1108 1905 1258 1958 ﬁant.
1291 1902 1389 1956 Sin
1435 1910 1615 1957 autem
1649 1903 1915 1969 increata,
1947 1921 2036 1960 se-

449 2001 643 2069 quitur
699 1997 946 2068 profecto
979 2003 1038 2050 ut
1093 2001 1148 2050 et
1190 1993 1391 2048 mutari
1453 1994 1679 2049 omnino
1734 2006 2032 2065 nequeant.

451 2095 700 2159 Quorum
734 2090 879 2144 enim
923 2103 1050 2144 esse
1082 2087 1416 2142 contrarium
1470 2094 1574 2151 est,
1629 2086 1824 2142 horum
1871 2089 2036 2144 etiam

451 2184 653 2238 modus
698 2197 808 2252 quo
863 2189 1015 2242 sunt,
1065 2179 1492 2248 proprietatesve
1538 2181 1838 2234 contraria:
1885 2191 2036 2236 sunt.

454 2273 658 2344 Ecquis
687 2287 818 2341 ergo
849 2271 951 2325 hoc
982 2271 1139 2326 nobis
1174 2285 1285 2324 non
1314 2269 1667 2334 assentiatur,
1696 2271 1880 2325 omnia
1920 2289 2042 2342 quae

455 2375 587 2423 sunt
609 2365 894 2419 mutabilia
921 2379 1066 2428 esse,
1087 2378 1189 2417 nec
1216 2377 1280 2416 ea
1305 2369 1518 2414 tantum
1549 2377 1670 2431 quae
1689 2362 1794 2417 sub
1816 2379 2039 2418 sensum

455 2463 707 2512 nostrum
737 2454 963 2517 cadunt,
1011 2453 1106 2508 sed
1152 2459 1208 2508 et
1250 2452 1476 2521 angelos
1507 2449 1731 2518 mutari,
1783 2455 1922 2510 alios
1974 2471 2042 2511 ex

457 2548 582 2603 aliis
613 2547 755 2612 ﬁeri,
783 2545 1070 2615 multiplici
1098 2544 1260 2598 modo
1291 2544 1522 2608 moveri,
1547 2560 1610 2600 ac
1641 2548 1999 2602 transmutari
2027 2565 2039 2598 :

457 2638 540 2692 sic
561 2637 843 2700 nimirum,
871 2643 929 2690 ut
963 2635 1356 2705 intelligibilia,
1387 2635 1613 2705 angelos
1634 2635 1780 2700 dico,
1808 2638 2044 2704 animas,

457 2735 516 2782 et
542 2727 840 2792 daemones,
889 2726 1102 2780 ratione
1131 2724 1454 2788 voluntatis,
1490 2726 1606 2780 sive
1647 2727 2047 2797 progredientis

459 2820 518 2872 in
557 2819 725 2882 bono,
769 2819 883 2873 sive
917 2833 1112 2872 rursus
1161 2818 1230 2872 ab
1259 2832 1326 2871 eo
1372 2817 1702 2882 recedentis,
1736 2834 1905 2888 seque
1951 2824 2034 2875 vel

460 2909 824 2976 intendentis,
851 2910 933 2965 vel
970 2909 1300 2964 remittentis
1321 2927 1335 2975 ;
1359 2909 1566 2977 reliqua
1591 2925 1724 2965 vero
1741 2912 2043 2968 secundum

460 3001 868 3072 generationem
902 3010 956 3056 et
986 3003 1422 3072 corruptionem,
1452 3014 1810 3072 augmentum
1843 3013 1897 3060 ct
1950 3005 2047 3061 de-

2129 535 2233 599 λοι,
2266 537 2364 608 τὴν
2392 535 2723 606 φωτιστικὴν
2749 534 2844 587 τοῦ
2866 532 3181 604 Πνεύματος
3215 531 3378 602 χάριν
3396 529 3708 600 δεξάμενοι,

2126 629 2194 697 τῇ
2219 643 2275 679 τε
2302 626 2412 679 τῶν
2431 624 2724 694 θαυμάτων
2752 620 3095 692 δυνάμει,τῷ
3117 637 3176 672 τε
3202 620 3347 690 λόγῳ
3363 619 3460 689 τῆς
3483 620 3712 690 χάριτος

2126 720 2254 782 τοὺς
2290 718 2707 788 ὲσκοτισμένους
2753 715 3038 784 ὲφώτιζον,
3074 712 3168 764 καὶ
3194 712 3322 773 τοὺς
3356 710 3714 781 πεπλανημέ-

2129 827 2254 874 νους
2288 811 2644 882 ἐπέστρεφον.
2688 811 2880 879 Ἡμεῖς
2911 809 2969 862 δὲ
3006 811 3056 861 oi
3090 807 3225 878 μηδὲ
3254 808 3314 861 τὸ
3356 806 3464 860 τῶν
3491 806 3712 876 θαυμάσ-

2127 916 2258 965 των,
2298 900 2432 970 μηδὲ
2476 899 2536 951 τὺ
2576 897 2678 968 τῆς
2705 897 3056 960 διδασκαλίας
3094 896 3380 966 δεξάμενοι
3419 896 3667 966 χάρισμα
3694 913 3709 926 ·

2127 991 2380 1057 ἀναξίους
2426 990 2534 1062 γάρ
2565 991 2790 1054 ἑαυτοὺς
2827 991 2894 1060 τῇ
2949 989 3086 1060 πρὸς
3141 987 3241 1050 τὰς
3292 988 3487 1058 ἡδονάς
3542 1004 3713 1058 προσ-

2129 1083 2331 1153 παθεία
2371 1083 2786 1152 πεποιήκαμεν·
2819 1081 2952 1151 φέρε
2999 1078 3152 1148 ὀλίγα
3183 1078 3292 1132 τῶν
3341 1078 3714 1149 παραδεδομέ-

2129 1189 2236 1225 νων
2256 1174 2389 1241 ἡμῖν
2407 1172 2512 1225 ὑπὸ
2538 1173 2648 1225 τῶν
2670 1170 2965 1242 ὑποφητῶν
2997 1171 3095 1240 τῆς
3120 1169 3343 1240 χάριτος
3370 1170 3501 1240 περὶ
3516 1169 3713 1222 τούτου

2128 1264 2516 1334 διαλεξώμεθα,
2539 1265 2630 1318 τὸν
2658 1264 2876 1334 Πατέρα
2896 1263 2992 1316 καὶ
3019 1261 3108 1315 τὸν
3125 1262 3253 1315 Υίὸν
3280 1260 3380 1315 καὶ
3396 1260 3456 1314 τὸ
3484 1259 3715 1330 Πνεῦμα

2127 1358 2190 1412 τὸ
2225 1359 2378 1425 άγιον
2423 1355 2898 1427 ἐπικαλεσάμενοι.

2202 1450 2388 1503 Πάντα
2413 1449 2500 1502 τά
2549 1449 2678 1501 δντα
2702 1487 2717 1512 ,
2746 1448 2781 1518 ἢ
2835 1446 3031 1500 κτιστά
3075 1447 3224 1497 ἐστιν
3256 1484 3271 1508 ,
3298 1443 3333 1513 ἢ
3362 1442 3612 1495 ἀκτιστα.
3645 1439 3717 1493 Et

2135 1541 2234 1612 μὲν
2267 1538 2360 1596 οὖν
2427 1541 2660 1605 κτιστὰ,
2692 1541 2910 1604 πάντως
2960 1539 3056 1592 καὶ
3099 1536 3342 1608 τρεπτὰ·
3369 1528 3444 1589 ὧν
3498 1534 3609 1605 γὰρ
3654 1533 3719 1586 τὸ

2132 1633 2271 1690 εἶναι
2303 1635 2410 1688 ἀπὸ
2431 1634 2641 1706 τροπῆς
2666 1633 2888 1704 ἤρξατο,
2909 1632 3083 1685 ταῦτα
3115 1633 3181 1701 τῇ
3211 1631 3388 1700 τροπῇ
3429 1628 3719 1681 ὑποκείσεο

2133 1745 2224 1780 ται
2293 1726 2613 1795 πάντως,ῆ
2675 1725 3007 1795 φθειρόμενα
3033 1764 3049 1788 ,
3087 1723 3118 1794 ἢ
3165 1721 3308 1776 κατά
3355 1721 3718 1790 προαίρεσινο

2138 1821 2521 1890 ἀλλοιούμενα.
2559 1821 2620 1872 Εἰ
2653 1818 2709 1871 δὲ
2748 1816 3004 1880 ἄκτιστα,
3047 1813 3190 1866 κατά
3237 1813 3330 1864 τὸν
3357 1811 3458 1880 τῆς
3490 1811 3721 1864 ἀκολου-

2140 1912 2261 1975 θίας
2317 1911 2496 1980 λόγον,
2534 1912 2752 1973 πάντως
2802 1909 2897 1963 καὶ
2943 1909 3210 1978 ἄτρεπτα.
3238 1901 3340 1960 Ὧν
3361 1905 3473 1975 γάρ
3497 1905 3559 1957 τὸ
3581 1901 3718 1959 εἶναι

2141 2009 2401 2072 ἐναντίον,
2433 2007 2639 2061 τούτων
2663 2007 2758 2060 καὶ
2783 2009 2814 2060 6
2839 2004 2934 2058 τοῦ
2960 2004 3078 2066 πῶς
3105 1998 3246 2056 εἶναι
3267 2002 3429 2069 λόγος
3454 2001 3712 2064 ἐναντίος,

2141 2103 2308 2170 ἤγουν
2348 2102 2404 2154 αί
2457 2100 2737 2168 ίδιότητες.
2774 2099 2871 2159 Τίς
2915 2095 3008 2151 οὖν
3036 2097 3096 2148 οὺ
3152 2094 3511 2163 συνθήσεται,
3539 2094 3706 2146 πάντα

2142 2193 2209 2245 τὰ
2241 2194 2391 2253 ὄντα,
2422 2193 2524 2245 ὅσα
2557 2191 2664 2245 ὑπὸ
2703 2189 2802 2258 τὴν
2834 2189 3110 2258 ἡμετέραν
3138 2185 3412 2254 αἴσθησιν,
3439 2184 3570 2237 ἀλλὰ
3598 2183 3702 2251 μὴν

2143 2285 2237 2335 καὶ
2264 2282 2534 2350 ἀγγέλους
2565 2279 2994 2351 τρέπεσθαι,καὶ
3021 2276 3390 2341 ἀλλοιοῦσθαι,
3422 2277 3510 2330 καὶ
3540 2274 3700 2326 πολυ-

2143 2374 2359 2441 τρόπως
2385 2373 2648 2426 κινεῖσθαι
2667 2391 2681 2437 ;
2703 2372 2784 2424 Τά
2824 2369 2924 2440 μὲν
2947 2368 3113 2440 νοητά
3141 2368 3401 2436 ἀγγέλους
3431 2366 3589 2434 φημὶ,
3611 2369 3707 2417 καὶ

2143 2466 2342 2535 ψυχάς,
2386 2465 2481 2518 καὶ
2505 2463 2766 2534 δαίμονας
2797 2461 2939 2514 κατὰ
2973 2459 3315 2530 προαίρεσιν,
3334 2460 3428 2528 τήν
3453 2474 3514 2509 τε
3535 2457 3594 2509 ὲν
3630 2454 3712 2524 τῷ

2145 2557 2295 2628 καλῷ
2327 2555 2612 2627 προκοπὴν
2646 2555 2740 2607 καὶ
2789 2555 2854 2607 ὲκ
2881 2553 2975 2606 τοῦ
3003 2552 3168 2606 καλοῦ
3205 2549 3720 2620 ἀποφοίτησιν,ὲπι-

2145 2649 2467 2718 τεινομένην
2498 2664 2559 2700 τε
2594 2646 2688 2700 καὶ
2716 2645 3014 2714 ὑφιεμένην
3042 2661 3056 2676 ο
3091 2643 3160 2696 τά
3198 2643 3255 2696 δὲ
3299 2641 3462 2695 λοιπά
3500 2640 3546 2703 ί,
3583 2638 3721 2692 κατά

2147 2758 2205 2793 τε
2236 2741 2450 2808 γένεσιν
2474 2739 2571 2791 καὶ
2600 2737 2826 2808 φθοράν,
2852 2735 3081 2805 αὔξησίν
3105 2752 3165 2787 τε
3213 2735 3310 2788 καὶ
3347 2733 3592 2803 μείωσιν,
3625 2730 3724 2784 καὶ

2149 2833 2246 2904 τὴν
2276 2832 2418 2885 κατὰ
2448 2831 2710 2900 ποιότητα
2755 2828 3079 2900 μεταϐολὴν,
3109 2826 3205 2879 καὶ
3251 2826 3352 2896 τὴν
3379 2824 3611 2893 τοπικὴν
3639 2819 3722 2875 κί’

2150 2942 2334 2996 νησιν;
2367 2922 2588 2994 Τρεπτὰ
2614 2922 2789 2975 τοίνυν
2813 2921 2962 2984 ὄντα,
2982 2919 3200 2982 πάντως
3223 2918 3315 2970 καὶ
3343 2916 3559 2968 κτιστά.
3591 2912 3727 2964 Κτι-

2151 3017 2252 3069 στά
2287 3017 2343 3068 δὲ
2368 3016 2518 3078 ὄντα,
2567 3013 2784 3075 πάντως
2827 3011 2932 3064 ὑπό
2986 3027 3130 3071 τινος
3189 3005 3725 3077 ὲδημιουργὴθησαν.

459 3096 948 3158 crcmcntum,‘aut
975 3093 1280 3148 secundum
1304 3094 1642 3164 qualitatem,
1670 3105 1719 3150 et
1746 3097 2040 3152 secundum

2149 3111 2242 3161 Δεῖ
2267 3108 2325 3161 δὲ
2351 3107 2443 3159 τὸν
2473 3104 2810 3176 δημιουργὸν
2840 3103 3096 3156 άκτιστον
3126 3095 3284 3152 εἶναι.
3309 3099 3369 3150 Εἰ
3399 3097 3507 3166 γάρ
3541 3097 3728 3147 κάκεῖ-

463 3193 673 3239 motum
719 3185 788 3240 de
821 3186 943 3241 loco
988 3185 1044 3240 in
1085 3187 1263 3240 locum
1295 3185 1656 3241 immutentur
1687 3188 1868 3243 ?Cum
1919 3205 2040 3262 ergo

2149 3221 2238 3265 νος
2287 3200 2509 3270 ἐκτίσθη
2542 3243 2556 3264 ,
2619 3203 2838 3260 πάντως
2881 3195 2986 3249 ὑπό
3033 3209 3176 3254 τινος
3220 3190 3479 3257 ἐκτίσθη,
3509 3188 3614 3249 ἕως
3659 3187 3730 3239 ἂν

461 3274 748 3328 mutabilia
783 3276 920 3340 sint,
952 3291 1087 3331 sane
1116 3277 1281 3330 etiam
1329 3284 1514 3331 creata
1557 3293 1680 3334 esse
1727 3290 1960 3352 Oportet.
1993 3283 2040 3338 Si

2151 3292 2398 3360 ἔλθωμεν
2446 3291 2524 3350 εῐς
2575 3306 2627 3340 τι
2675 3286 2952 3340 ἀκτιστον.
2985 3285 3264 3342 Ἀκτιστος
3304 3275 3395 3330 οὖν
3424 3277 3498 3328 ὣν
3526 3277 3553 3314 ⁸
3573 3277 3602 3327 6
3625 3275 3721 3340 δη-

461 3378 594 3418 vcro
637 3374 843 3431 creata,
873 3367 1018 3421 haud
1054 3366 1282 3421 dubium
1317 3367 1451 3436 quin
1503 3369 1570 3422 ab
1617 3369 1801 3440 aliquo
1853 3374 2052 3443 opiﬁce

464 3454 580 3508 sint
609 3459 850 3511 condita.
900 3459 1066 3528 Atqui
1096 3465 1404 3513 creatorem
1437 3457 1742 3516 increatum
1776 3481 1900 3523 esse
1953 3488 2049 3527 ne-

2159 3382 2441 3453 μιουργὸς,
2467 3382 2682 3443 πάντως
2716 3380 2810 3432 καὶ
2850 3373 3112 3448 ἆτρεπτός
3142 3375 3277 3425 ἐστι.
3309 3369 3479 3423 Τοῦτο
3507 3369 3564 3420 δὲ
3583 3366 3637 3418 τί
3659 3365 3730 3420 ἃν

2159 3475 2288 3532 ἄλλο
2310 3474 2417 3543 εἴη,
2455 3474 2488 3543 ἢ
2524 3472 2688 3533 Θεό;;

465 3559 686 3641 possunt
716 3557 819 3602 est.
858 3548 991 3641 Nam
1029 3551 1074 3605 si
1101 3551 1218 3641 ipse
1235 3565 1459 3620 quoque
1489 3560 1710 3641 creatus
1729 3566 1834 3622 est,
1868 3575 1898 3614 a
1925 3567 2164 3634 quodam
2198 3567 2448 3637 profecto
2483 3573 2702 3617 creatus
2729 3561 2855 3624 erit,
2891 3559 3080 3626 sicque
3119 3555 3292 3608 donec
3362 3551 3426 3604 ad
3501 3547 3737 3616 aliquod

467 3638 772 3688 increatnm
809 3638 1138 3694 venerimus.
1171 3639 1455 3696 lncreatus
1488 3639 1655 3712 igitur
1692 3661 1817 3704 cum
1862 3654 1935 3707 sit
1968 3656 2058 3711 ille
2095 3658 2373 3720 conditor,
2416 3655 2641 3709 omnino
2691 3667 2792 3706 nec
2837 3647 3120 3703 mutabilis
3185 3653 3288 3698 cst.
3359 3641 3470 3694 lloc
3555 3647 3738 3692 autent

472 3726 605 3794 quid
633 3726 807 3792 aliud,
844 3728 950 3784 nisi
985 3731 1126 3786 Deus
1151 3731 1354 3787 fuerit?

547 3821 791 3877 Secunda
811 3839 876 3877 ea:
889 3842 1073 3879 earum
1089 3833 1486 3887 conservatione
1507 3843 1556 3888 et
1588 3838 2058 3906 gubernatione.—

471 3911 644 3968 Porro
670 3913 785 3982 ipsa
809 3929 1027 3984 quoque
1045 3931 1226 3971 rerum
1247 3932 1556 3978 creatarum
1585 3941 1896 4000 compages,
1920 3949 2055 3986 con-

473 4006 733 4069 servatio,
768 4015 934 4075 atque
967 4008 1316 4076 gubernatio,
1351 4028 1452 4069 nos
1490 4016 1688 4071 docent
1718 4020 1885 4076 Deum
1913 4039 2059 4090 esse,

472 4100 567 4167 qui
599 4097 914 4154 universum
945 4100 1048 4153 hoc
1071 4105 1486 4172 coagmentarit,
1525 4116 1818 4176 sustentet,
1847 4123 1902 4168 et
1928 4129 2060 4169 con-

473 4198 675 4250 servet.
700 4191 856 4261 eique
879 4192 1184 4280 provideat.
1223 4194 1265 4225 ”
1285 4194 1388 4260 Qui
1416 4198 1562 4252 enim
1594 4199 1710 4255 ﬁeri
1757 4206 2052 4272 potuisset,

474 4289 534 4333 ut
580 4281 725 4336 inter
759 4297 817 4337 se
866 4289 1173 4354 pugnantes
1219 4294 1449 4348 naturae.
1502 4289 1663 4359 ignis,
1697 4291 1942 4363 inquam,
1999 4305 2054 4350 ct

2225 3841 2336 3893 Καὶ
2368 3837 2509 3906 αὐτὴ
2534 3837 2590 3890 δὲ
2617 3839 2649 3906 ἠ
2682 3835 2783 3904 τῆς
2824 3837 3052 3892 κτίσεως
3084 3827 3304 3896 συνοχὴ,
3335 3824 3429 3877 καὶ
3473 3825 3738 3894 συντήρη-

2157 3949 2260 3995 σις,
2293 3929 2389 3984 καὶ
2447 3928 2799 3998 κυσέρνησις,
2837 3924 3078 3977 διδάσκει
3109 3920 3257 3989 ἡμᾶς
3302 3918 3387 3970 ὅτι
3437 3916 3554 3968 ἐστὶ
3583 3916 3737 3979 Θεὸς,

2153 4025 2183 4076 6
2208 4023 2324 4076 τόδε
2349 4021 2412 4074 τὸ
2449 4023 2558 4074 πᾶν
2583 4018 3015 4090 συστησάμενος,
3054 4013 3148 4066 καὶ
3182 4009 3448 4079 συνέχων,
3480 4008 3576 4060 καὶ
3613 4023 3733 4058 συν-

2153 4117 2361 4189 τηρῶν,
2400 4117 2494 4170 καὶ
2534 4115 2621 4168 ἀεὶ
2653 4111 3076 4184 προνοούμενος.
3113 4106 3236 4169 [Ιῶς
3268 4105 3378 4175 γὰρ
3402 4104 3467 4156 ἂν
3501 4104 3558 4154 αἱ
3589 4104 3741 4154 ὲναν-

2155 4209 2265 4262 τίαι
2303 4207 2525 4276 φύσεις,
2554 4204 2722 4275 πυρὸς
2755 4202 2898 4269 λέγω
2927 4201 3022 4254 καὶ
3045 4198 3237 4258 ὓδατος
3262 4236 3276 4261 ,
3301 4195 3460 4263 ἀέρος
3489 4192 3583 4245 καὶ
3615 4191 3739 4260 γῆς,

2161 4303 2241 4364 είς
2269 4300 2386 4363 ἐνὸς
2405 4298 2610 4368 κόσμου
2628 4295 3024 4365 συμπλήρωσιν
3045 4290 3296 4358 ἀλλήλοις
3323 4283 3740 4354 συνεληλύθασι,

474 4385 648 4438 aquze,
675 4372 816 4426 aeris
832 4380 886 4426 et
922 4381 1102 4438 terrm,
1135 4372 1201 4428 ad
1223 4376 1383 4431 unius
1410 4379 1594 4434 mundi
1613 4383 2040 4440 constitutionen

2165 4394 2259 4445 καὶ
2290 4390 2562 4445 ἀδιάλυτοι
2590 4388 2842 4458 μένουσιν
2863 4426 2875 4447 ,
2902 4387 2949 4436 εἰ
2982 4384 3058 4453 μή
3094 4400 3181 4444 τις
3220 4377 3625 4442 παντοῑύναμος
3648 4373 3740 4424 δύ-

475 4462 708 4528 coircnt,
747 4465 1035 4536 tenacique
1079 4466 1216 4522 adeo
1247 4484 1387 4523 nexu
1423 4471 1784 4542 cohaererent,
1831 4487 1890 4530 ut
1917 4479 2062 4533 nulla

2165 4498 2327 4550 ναμις
2375 4478 2551 4532 ταῦτα
2606 4477 2700 4530 καὶ
2737 4474 3088 4532 συνεϐίϐασε,
3120 4471 3215 4524 καὶ
3269 4470 3357 4522 ἀεὶ
3386 4469 3541 4537 τηρεῖ
3585 4464 3733 4516 ἀδιά-

475 4554 689 4608 rationc
723 4556 858 4610 solvi
885 4560 1134 4628 possint;
1167 4561 1269 4615 nisi
1291 4564 1646 4635 omnipotens
1677 4567 1760 4623 vis
1792 4570 1974 4640 aliqua
2003 4587 2064 4625 ea
2163 4578 2312 4629 λυτα.

478 4646 941 4713 compaginasset,
962 4665 1024 4703 ac
1051 4662 1313 4721 perpetuo
1339 4671 1367 4708 a
1397 4655 1760 4714 dissolutione
1793 4673 2060 4717 servaret.

551 4731 753 4797 'l'crtia,
817 4750 882 4786 ea:
934 4753 1109 4791 rerum
1143 4743 1390 4798 ordinato
1431 4748 1558 4800 sim.
1596 4781 1658 4788 —
1693 4749 1923 4805 Mundus
1965 4771 2063 4806 tum

479 4837 607 4872 casu
636 4831 684 4872 ct
715 4833 895 4887 sponte
943 4840 1364 4898 coagmentatus,
1422 4847 1606 4891 contra
1661 4838 1967 4908 Epicureos.
1991 4874 2057 4882 ——

479 4912 621 4979 Quid
655 4923 737 4968 est
775 4916 920 4982 quod
945 4934 1008 4971 ea
1044 4937 1165 4988 quae
1188 4923 1241 4975 in
1277 4927 1438 4988 cmlo,
1474 4939 1525 4982 et
1569 4949 1691 4999 qua:
1725 4933 1934 4992 interra
1957 4954 2053 4989 cx-

481 5007 706 5068 sistunt,
766 5023 994 5077 quaeque
1052 5024 1230 5066 aerem
1267 5029 1653 5088 pervagantur,
1713 5033 1766 5075 et
1818 5043 1941 5094 qua:
2002 5029 2054 5078 in

481 5097 640 5166 aquis
679 5096 884 5168 degunt
912 5116 926 5165 ;
950 5099 1059 5153 into
1113 5104 1276 5157 etiam
1307 5121 1428 5175 quae
1453 5109 1538 5164 his
1568 5113 1846 5165 anteriora
1904 5125 2052 5178 sunt,

559 5260 596 5289 “
629 5259 791 5332 Grcg.
826 5260 956 5315 Naz.
985 5269 1127 5317 orat.
1161 5265 1248 5318 54.
1328 5267 1369 5297 ’⁵
1396 5266 1596 5320 Athan.
1624 5268 1780 5324 Cant.
1808 5283 1948 5340 gent.

2235 4754 2302 4806 Τί
2330 4753 2392 4806 τὸ
2422 4752 2591 4814 τάξαν
2629 4749 2698 4802 τὰ
2748 4747 2976 4817 οὐράνια
3012 4744 3108 4797 καὶ
3145 4741 3365 4808 ἐπίγεια
3386 4781 3400 4804 ,
3421 4742 3520 4791 ὅσα
3548 4752 3608 4787 τε
3643 4734 3744 4787 καὶ

2163 4847 2230 4898 δι’
2261 4845 2441 4915 ἀέρος,
2471 4842 2565 4893 καὶ
2598 4841 2698 4893 ὅσα
2751 4836 2870 4890 καθ’
2920 4835 3150 4896 ὕδατος,
3187 4829 3381 4900 μᾶλλον
3405 4828 3463 4879 δὲ
3511 4826 3579 4877 τά
3634 4823 3748 4891 πρὸ

2163 4938 2390 5000 τούτων,
2426 4933 2674 5004 οὐρανὸν,
2702 4930 2796 4983 καὶ
2817 4929 2943 4997 γῆν,
2979 4927 3072 4979 καὶ
3105 4924 3257 4993 ἀέρα,
3303 4919 3393 4972 καὶ
3426 4917 3590 4984 φύσιν
3631 4932 3749 4966 πυ-

2166 5029 2256 5100 ρός
2289 5045 2349 5080 τε
2399 5026 2489 5078 καὶ
2524 5025 2746 5084 Muros;
2777 5021 2826 5072 τί
2851 5021 2876 5058 ιι
2911 5017 3086 5070 ταῦτα
3129 5013 3298 5083 ἔμιξε.
3335 5007 3428 5060 καὶ
3462 5005 3702 5076 ἐμέρισε
3733 5023 3749 5037 ·

2164 5121 2214 5171 τί
2239 5121 2299 5170 τὸ
2327 5117 2498 5172 ταῦτα
2521 5116 2748 5184 κινῆσαν
2789 5111 2884 5164 καὶ¹
2908 5111 3041 5179 ἄγον
3067 5107 3161 5176 τὴν
3181 5103 3410 5172 ἄληκτον
3435 5097 3617 5168 φορὰν
3653 5100 3758 5152 καὶ

1727 5387 1953 5443 νΑιιιίΕ
1994 5391 2399 5446 LEC'l‘ithliS.

566 5541 841 5617 E_Fp01t1hv.
923 5541 941 5580 ί
997 5545 1054 5596 In
1089 5542 1152 5596 li.
1186 5543 1341 5617 5379.
1371 5542 1552 5617 Scholt
1588 5543 1688 5597 hoc
1725 5546 1939 5614 legitur,
1996 5551 2059 5614 τῇ
2099 5548 2226 5617 πρδς
2259 5547 2317 5598 τὸ
2362 5547 2529 5598 κακὸν
2581 5545 2888 5617 σχέσει-κα)
2949 5545 3242 5617 παγιότητι
3314 5538 3471 5617 Quod
3523 5540 3578 5592 in
3616 5539 3758 5606 Reg.

491 5607 856 5690 ἓθίἶυνθίιόὲιιη
889 5629 1008 5690 cum
1032 5621 1179 5666 textu
1215 5613 1711 5690 seriodescriptum
1739 5607 1933 5689 repeti.

493 5691 628 5738 mss.
661 5686 712 5730 et
743 5683 980 5734 auctoris
1001 5698 1186 5738 sensu.
1263 5685 1287 5723 ιι
1327 5683 1501 5749 Edita,
1530 5685 1631 5745 τίς.

2020 5611 2325 5675 ἑέἸιιέιΙιιίδ
2359 5634 2476 5686 qua:
2509 5611 2753 5686 sequitur
2776 5613 2960 5666 Billius
2989 5611 3288 5678 (κρεμῶν,
3319 5611 3765 5667 reclamantibus
