4116 6150
345 316 449 379 797

1437 324 1537 383 DE
1579 323 1755 383 FIDE
1794 323 2254 384 ORTHODOXA
2294 328 2439 389 LIB.
2482 332 2527 394 Ι.

3505 341 3606 403 793

343 425 671 491 ἀκώλυτον;
705 421 831 497 Ἆρ’
870 427 969 498 οὐχ
996 429 1024 481 6
1067 429 1314 502 τεχνίτης
1365 433 1602 496 τούτων,
1631 433 1725 485 καὶ
1768 433 1907 502 λόγοι

2026 436 2255 502 etelum,
2294 446 2497 493 terram
2550 448 2605 496 et
2644 454 2848 507 aerem,
2904 445 3048 515 ignis
3089 460 3308 515 quoque
3364 457 3419 502 et
3454 464 3608 518 aquae

343 515 519 578 ἐνθεὶς
548 517 704 581 πᾶσι,
725 516 844 570 καθ’
871 517 930 571 ὃν
961 517 1024 570 τὸ
1059 521 1169 573 πᾶν
1197 520 1421 590 φέρεταί
1445 538 1524 585 τε,
1551 522 1644 574 καὶ
1677 520 1920 588 διεξάγεο

341 625 464 676 ταις
489 608 586 672 Τίς
631 607 688 661 δὲ
717 609 746 661 6
779 610 1034 682 τεχνίτης
1063 611 1269 665 τούτων
1297 630 1311 678 ;
1339 607 1466 684 Ἆρ’
1501 615 1600 684 οὐχ
1621 616 1649 667 ὀ
1683 630 1918 685 πεποιη-

345 700 458 764 κὼς
487 698 650 764 αὐτὰ,
677 700 777 754 καὶ
803 702 884 764 εἰς
921 701 982 754 τὸ
1010 695 1150 756 εἶναι
1183 703 1562 774 παραγαγών;
1596 705 1671 757 Οὐ
1701 705 1810 775 γὰρ
1838 704 1918 775 τῷ

342 793 636 864 αὐτομάτῳ
686 792 932 864 δώσομεν
981 793 1079 864 τὴν
1141 793 1399 865 τοιαύτην
1453 794 1703 865 δύναμιν.
1736 795 1918 847 Ἔστω

342 887 453 958 γὰρ
481 885 576 940 τοῦ
616 884 876 954 γένεσϐαι
916 885 1012 938 τοῦ
1057 885 1396 957 αὐτομάτου·
1438 885 1583 949 τίνος
1616 885 1675 939 τὸ
1718 886 1913 952 τάξαις

341 977 455 1030 Καὶ
501 976 663 1030 τοῦτο
685 1016 700 1041 ,
734 977 784 1029 εξ
814 977 1002 1041 δοκεῖ,
1032 976 1232 1047 δῶμεν.
1267 977 1425 1040 Τίνος
1451 976 1511 1030 τὸ
1543 977 1780 1048 τηρῆσαι
1825 979 1918 1030 καὶ

342 1067 598 1137 φυλάξαι,
646 1067 766 1121 καθ’
792 1067 888 1122 οὓς
923 1068 1139 1139 πρῶτον
1189 1069 1396 1141 ὑπέστη
1444 1069 1676 1136 λόγουςς
1728 1069 1916 1137 ἑτέρου

341 1160 540 1232 δηλαδὴ
570 1159 721 1231 παρὰ
749 1160 812 1213 τὸ
849 1154 1180 1232 αὐτόματον.
1206 1161 1378 1216 Τοῦτο
1408 1162 1466 1215 δὲ
1497 1162 1550 1215 τί
1571 1161 1698 1216 ἄλλο
1722 1160 1839 1215 ἐστὶ
1868 1162 1918 1214 ει

343 1251 418 1323 μὴ
444 1252 612 1318 Θεό;;

2022 535 2276 582 naturam
2307 532 2474 587 certis
2499 532 2769 602 disposuit
2804 536 2942 592 locis
2973 537 2996 590 ?
3023 554 3054 591 a
3087 553 3328 608 quonam
3371 541 3606 594 contuni-

2020 623 2108 670 sta
2129 618 2247 672 haec
2276 627 2408 674 sunt
2449 663 2468 685 ,
2497 628 2551 677 et
2581 623 2871 679 distributa
2895 627 2918 680 ?
2943 627 3074 696 quid
3103 637 3187 683 est
3213 631 3358 698 quod
3394 639 3600 684 motum

2020 705 2108 763 his
2141 709 2442 779 impressit,
2463 713 2801 784 perennique
2823 730 2921 770 nec
2951 715 3057 770 ulla
3085 733 3144 772 re
3165 718 3409 773 cohibito
3431 735 3598 774 cursu

2017 813 2082 854 ea
2117 809 2301 855 versat
2325 802 2346 855 ?
2368 803 2410 833 “
2441 804 2635 858 Annon
2667 820 2857 860 eorum
2895 807 3116 871 artifex,
3145 809 3236 880 qui
3272 810 3436 864 rebus
3484 826 3605 864 om-

2014 890 2179 946 nibus
2219 893 2485 948 rationem
2540 897 2894 966 modumque,
2953 913 3062 968 quo
3122 902 3437 956 universum
3496 902 3602 956 hoc

2015 990 2209 1051 agatur
2274 993 2329 1038 et
2395 995 2637 1056 regatur,
2697 988 3018 1044 indiderit?
3090 993 3160 1045 At
3206 993 3329 1062 quis
3401 993 3598 1048 borum

2015 1073 2207 1129 artifex
2234 1076 2257 1128 ?
2287 1076 2483 1132 Annon
2516 1080 2562 1133 is
2585 1079 2679 1149 qui
2699 1096 2761 1135 ea
2787 1082 3058 1145 condidit,
3093 1083 3258 1153 inque
3286 1100 3468 1139 rerum
3504 1100 3601 1138 na-

2019 1172 2198 1219 turam
2224 1166 2487 1235 produxit
2515 1167 2669 1224 ?Nec
2701 1171 2849 1225 enim
2871 1170 2949 1242 τῷ
2971 1173 3282 1244 αὐτομάτῳ,
3306 1190 3403 1228 εειι
3429 1174 3597 1228 casui

2015 1267 2136 1318 eam
2177 1253 2283 1306 vim
2317 1253 2746 1328 facultatemque
2776 1260 3158 1318 tribuerimus.
3193 1262 3277 1316 Sit
3299 1266 3442 1319 enim
3467 1279 3598 1320 sane

339 1358 524 1410 casus,
570 1343 719 1414 quod
755 1343 1108 1400 exstiterint:
1152 1353 1208 1400 at
1252 1345 1408 1414 cujus
1434 1345 1656 1401 tandem
1693 1345 1798 1401 erit
1840 1359 1904 1400 ea
1943 1344 2330 1415 disposuisse?
2361 1363 2545 1403 verum
2570 1350 2702 1406 illud
2737 1366 2976 1421 quoque,
3009 1353 3055 1408 si
3133 1354 3284 1419 libet,
3323 1356 3594 1409 conceda-

340 1452 498 1492 mus:
527 1436 688 1506 cujus
721 1451 851 1492 vero
889 1436 1015 1502 erit,
1076 1436 1266 1492 eadem
1322 1437 1479 1506 juxta
1543 1437 1666 1492 illas
1721 1435 1924 1505 quibus
1961 1435 2201 1506 primum
2225 1437 2448 1492 condita
2472 1447 2599 1493 sunt
2623 1440 2768 1510 leges
2785 1455 3115 1498 conservare
3152 1452 3208 1498 et
3268 1445 3596 1500 custodire?

336 1529 582 1586 Alterius
611 1527 860 1600 profecto
889 1543 1051 1602 quam
1074 1543 1241 1584 casus
1275 1547 1290 1582 :
1320 1537 1488 1601 atque
1550 1532 1656 1587 hoc
1683 1529 1952 1600 quidnam
1992 1529 2140 1583 aliud
2176 1529 2269 1594 sit,
2309 1530 2414 1584 nisi
2454 1531 2596 1586 Deus
2631 1534 2671 1564 ¹⁷
2695 1557 2709 1572 ·

954 1623 1207 1678 ΚΕΦᾹΛ.
1239 1621 1292 1675 Δ⁹

439 1715 580 1785 Περὶ
613 1714 741 1780 τοῦ,
773 1715 829 1770 τι
860 1715 992 1770 ἐστι
1021 1717 1206 1782 Θεός;
1234 1715 1325 1770 ὅτι
1359 1715 1808 1781 ἀκατάληπτον.

407 1812 530 1864 Ὀτι
566 1807 665 1880 μὲν
707 1803 801 1862 οὖν
851 1809 968 1862 iam
1013 1807 1146 1872 Θεὸς
1173 1849 1189 1876 ,
1219 1809 1398 1881 δῆλον.
1435 1809 1500 1862 Τί
1547 1809 1603 1862 δέ
1648 1809 1764 1862 ἐστι
1799 1806 1916 1860 κατ’

2563 1628 2717 1696 127
2749 1627 2903 1683 CAP.
2938 1627 3026 1682 IV.

2017 1713 2286 1781 Quidnam
2319 1715 2460 1770 Deus
2483 1719 2572 1781 sit,
2612 1717 2850 1788 quodque
2879 1721 3247 1790 comprehendi
3271 1738 3375 1776 non
3409 1725 3590 1791 possit.

2086 1806 2254 1861 Deum
2295 1808 2659 1876 incorporeum
2702 1825 2815 1865 esse
2858 1827 2951 1865 sea:
2981 1812 3278 1866 rationibus
3311 1813 3588 1882 probatur.

331 1902 518 1957 οὐσίαν
567 1903 660 1956 καὶ
689 1901 870 1971 φύσιν,
906 1901 1288 1972 ἀκατάληπτον
1321 1901 1479 1956 τοῦτο
1505 1901 1786 1963 παντελῶς
1826 1903 1907 1956 καΊ

2015 1929 2085 1941 -
2119 1899 2276 1967 Quod
2320 1900 2512 1971 itaque
2557 1903 2631 1957 sit
2676 1901 2858 1968 Deus,
2892 1903 3102 1974 liquido
3151 1912 3415 1960 constat:
3459 1906 3591 1975 quid

331 1994 627 2064 ἄγνωστον.
653 1994 776 2048 Ὅτι
801 1995 898 2065 μὲν
926 1993 1035 2065 γὰρ
1063 1995 1350 2064 ἀδώματον
1371 1996 1414 2060 ί,
1445 1994 1625 2064 δῆλον.
1656 1993 1781 2058 Πῶς
1811 1993 1907 2064 γὰρ

2017 2000 2202 2047 autem
2241 1993 2550 2049 secundum
2589 1996 2890 2050 essentiam
2925 2006 2980 2050 et
3011 2004 3267 2050 naturam
3312 1999 3406 2064 sit,
3437 1998 3591 2051 nullo

334 2086 518 2157 σῶμα,
545 2087 606 2140 τὸ
633 2085 883 2156 ἄπειρον,
918 2086 1012 2139 καὶ
1052 2085 1326 2156 ἀόριστον,
1361 2085 1455 2138 καὶ
1485 2084 1910 2156 ἀσχημάτιστον,

331 2169 436 2231 καῖ
457 2176 660 2246 ἀναφὲς
682 2218 698 2241 ,
731 2177 826 2230 καὶ
859 2175 1124 2247 ἀόρατον,
1153 2176 1248 2230 καὶ
1294 2175 1522 2240 ἁπλοῦν,
1555 2176 1648 2229 καὶ
1687 2175 1915 2230 ἀσύνθε-

328 2284 460 2334 τον;
487 2267 612 2332 Πῶς
653 2268 762 2340 γὰρ
795 2267 1131 2340 ἄτρεπτονὶ,
1157 2269 1209 2322 εἰ
1259 2268 1640 2339 περίγραπτον
1675 2268 1768 2321 καὶ
1801 2284 1913 2321 πα-

325 2359 529 2430 θητόν;
557 2359 670 2412 Καὶ
695 2359 814 2424 πῶς
841 2358 1072 2425 ἀπαθὲς,
1113 2359 1176 2413 τὸ
1201 2359 1266 2413 ἐκ
1301 2358 1582 2429 στοιχείων
1611 2357 1912 2428 συγκείμε-

327 2464 439 2515 νον,
474 2449 565 2503 καὶ
588 2450 669 2514 εἰς
700 2447 840 2504 αὐτὰ
877 2449 1040 2503 πάλιν
1071 2447 1471 2515 ἁναλυόμενον;
1505 2446 1763 2512 Σύνθεσις
1793 2445 1902 2517 γὰρ

328 2538 472 2610 ἀρχὴ
509 2539 722 2610 μάχηςο
759 2539 908 2610 μάχη
939 2539 996 2594 δὲ
1021 2579 1036 2605 ,
1062 2538 1402 2601 διαστάσεως
1434 2555 1448 2571 ο
1501 2537 1780 2601 διάστασις
1819 2536 1901 2603 δὲ,

327 2627 564 2694 λύσεως·
591 2631 744 2695 λύσις
777 2632 834 2686 δὲ
873 2631 1150 2704 ἀλλότριον
1178 2629 1315 2684 Θεοῦ
1353 2629 1656 2694 παντελῶς.

2015 2098 2252 2153 prorsus
2298 2083 2462 2138 modo
2510 2085 2931 2152 comprehendi,
2974 2087 3058 2140 vel
3107 2088 3274 2142 etiam
3326 2089 3588 2156 cognosci

2010 2182 2217 2244 potest.
2284 2174 2416 2232 Nam
2469 2175 2618 2242 quod
2663 2177 3029 2245 incorporeus
3088 2179 3182 2242 sit,
3233 2179 3588 2247 perspicuum

2007 2270 2112 2318 est.
2152 2263 2276 2328 Quo
2311 2264 2457 2319 enim
2492 2264 2656 2318 modo
2697 2280 2907 2335 corpus
2941 2281 3069 2322 esse
3097 2278 3294 2336 queat,
3324 2269 3472 2338 quod
3504 2269 3590 2322 in-

2007 2353 2228 2409 ﬁnitum
2271 2363 2328 2411 et
2376 2357 2794 2411 interminatum
2833 2367 2947 2424 est,
2988 2359 3136 2429 quod
3188 2359 3362 2430 ﬁgura
3401 2370 3586 2426 caret,

2007 2447 2270 2518 quodque
2329 2463 2432 2503 nec
2491 2449 2686 2518 tangi,
2741 2463 2841 2504 nec
2905 2451 3083 2506 oculis
3145 2451 3299 2506 cerui
3371 2458 3584 2522 potest,

2007 2539 2156 2608 quod
2187 2538 2428 2610 denique
2471 2539 2706 2610 simplex
2747 2549 2833 2597 est
2861 2557 2964 2596 nec
3006 2543 3420 2613 compositum?
3449 2559 3587 2612 quo-

2007 2631 2174 2688 modo
2198 2631 2405 2701 quippe
2452 2632 2801 2687 immutabile
2841 2633 2972 2698 erit,
3005 2633 3052 2689 si
3093 2635 3579 2704 circumscriptum

327 2736 394 2778 ac
419 2723 668 2795 passioni
696 2724 996 2780 obnoxium
1041 2724 1150 2779 sit?
1184 2724 1412 2795 quinam
1446 2738 1648 2794 expers
1675 2723 1959 2795 passionis
1989 2727 2118 2791 erit,
2149 2726 2299 2796 quod
2327 2742 2391 2781 ex
2415 2727 2708 2784 elementis
2783 2727 3076 2791 conﬂatur,
3141 2736 3310 2797 atque
3370 2728 3425 2781 in
3487 2741 3585 2782 ea-

325 2819 451 2876 dem
503 2835 703 2877 rursus
744 2820 1046 2876 dilabitur?
1093 2820 1430 2891 compositio
1471 2820 1743 2890 siquidem
1794 2835 1990 2892 pugnae
2021 2823 2181 2894 origo
2226 2831 2356 2890 est;
2423 2836 2632 2894 pugna,
2683 2821 2948 2888 dissidii;
3023 2823 3346 2888 dissidium,
3428 2820 3581 2876 solu~

323 2911 535 2977 tionis;
577 2912 784 2967 solutio
813 2919 994 2967 autem
1025 2925 1056 2964 a
1091 2909 1200 2965 Deo
1232 2925 1466 2980 prorsus
1504 2911 1690 2966 aliena
1713 2919 1800 2966 est
1827 2910 1896 2964 ".

405 3003 534 3065 Πῶς
556 3003 615 3056 δὲ
635 3003 729 3056 καὶ
751 3002 1096 3073 σωθήσεταιΙΙ
1123 3001 1204 3066 τὸ,
1237 3002 1328 3056 διὰ
1354 3001 1576 3056 πάντων
1603 3002 1763 3071 ἥκειν
1795 3003 1892 3055 καὶ

2067 2996 2188 3063 Qua
2244 2996 2464 3053 ratione
2509 3003 2698 3052 autem
2749 3005 2806 3052 et
2843 2997 2979 3054 illud
3030 2999 3203 3056 stabit
3255 3013 3582 3074 certumque

322 3092 570 3167 ’πληροῦν
596 3093 663 3148 τὰ
714 3094 892 3148 πάντα
925 3093 1077 3156 Θεὸν,
1110 3093 1186 3156 ὥς
1218 3109 1385 3165 φησιν
1419 3095 1452 3164 ἡ
1489 3093 1716 3163 Γραφή;
1753 3092 1896 3160 Οὐχὶ

324 3184 699 3254 τὸνοῠρανὸν
736 3185 836 3239 και
877 3181 994 3253 τῆν
1027 3183 1146 3254 γῆν
1171 3185 1288 3255 ἐγὼ
1329 3183 1567 3254 πληρῶ,
1589 3185 1753 3262 λέγει
1782 3186 1899 3240 Κύ-
1935 3214 1947 3222 ι

319 3292 490 3348 ριος;
531 3276 819 3332 Ἀδύνατον
852 3276 962 3349 γὰρ
1018 3277 1178 3356 σῶμα
1214 3277 1306 3332 διὰ
1355 3277 1624 3348 σωμάτων
1667 3276 1896 3349 διήκειν,

328 3366 406 3439 μὴ
428 3367 625 3438 τέμνον
652 3367 750 3422 καὶ
771 3369 1128 3440 τεμνόμενον,
1151 3370 1247 3424 καὶ
1275 3368 1608 3440 πλεκόμενον
1631 3368 1724 3422 καὶ
1747 3369 1896 3422 ἀντι·

325 3459 784 3532 παρατιθέμενον,
805 3459 996 3533 ὥσπερ
1031 3461 1131 3516 ὅσα
1166 3460 1490 3532 τῶνςῦγρῶν
1517 3459 1772 3532 μίγνυται
1802 3461 1898 3514 καὶ

324 3553 703 3623 ωγκιρνᾶται.

393 3817 457 3871 Εἰ
484 3818 541 3872 δὲ
570 3817 665 3872 καί
687 3818 834 3882 τινές
855 3817 933 3889 (5)
965 3833 1127 3888 φησιν
1149 3818 1311 3873 ἆϋλον
1345 3820 1526 3888 σῶμα,
1557 3817 1632 3882 ὼς
1659 3818 1719 3872 τὸ
1744 3818 1896 3890 παρὰ

315 3912 435 3974 τοῖς
461 3910 572 3963 τῶν
609 3909 878 3981 Ἑλλήνων
902 3913 1087 3981 σοφοῖς
1117 3909 1367 3980 πέμπτον
1393 3910 1554 3980 σῶμα
1581 3911 1894 3981 λεγόμενον,

319 4003 458 4076 ὅπερ
509 4003 771 4058 ἀδύνατον
791 4019 806 4034 °
837 4003 1155 4074 κινούμενον
1191 4002 1342 4056 ἔσται
1388 4002 1625 4066 πάντως,
1643 4002 1831 4074 ῶσπερ
1864 4005 1894 4057 6

316 4095 567 4168 οὐρανός.
595 4095 768 4150 Τοῦτο
795 4095 904 4166 γὰρ
934 4095 1187 4166 πέμπτον
1219 4093 1380 4164 σῶμά
1422 4110 1579 4163 φασι.
1616 4094 1714 4158 Τίς
1747 4090 1842 4149 οὖν
1864 4097 1892 4150 6

316 4188 477 4242 τοῦτο
499 4188 718 4255 κινοῦνς
753 4188 866 4242 Πᾶν
891 4185 1001 4258 γὰρ
1037 4185 1357 4254 κινούμενον
1389 4185 1482 4254 ὑφ’
1510 4184 1698 4256 ἑτέρου
1728 4187 1894 4239 κινεῖ-

315 4295 427 4332 ται.
460 4279 716 4346 κακεῖνο,
746 4277 863 4346 τίς;
895 4279 1007 4333 Καὶ
1039 4276 1200 4332 τοῦτο
1254 4279 1335 4341 εἰς
1379 4278 1644 4350 ἄπειρον,
1677 4279 1782 4346 ἕως
1824 4281 1890 4337 ἂν

392 4450 435 4481 ⁸⁸
470 4447 631 4522 Greg.
667 4447 799 4504 Naz.
843 4461 981 4505 orat.
1045 4451 1136 4506 54.

314 4539 448 4598 Naz.
489 4551 626 4600 orat.
655 4544 742 4613 32,
773 4542 864 4600 5i.
947 4544 988 4577 "
1007 4543 1205 4602 Jerem.
1243 4563 1398 4613 χχιιι,
1427 4545 1518 4602 24.
1595 4548 1639 4578 ²⁰
1666 4547 1827 4619 Greg.
1849 4547 1981 4602 Naz.
2024 4549 2130 4605 loc.
2155 4556 2247 4603 cit.

2007 3090 2132 3156 erit,
2165 3088 2313 3160 quod
2350 3088 2496 3146 Deus
2539 3093 2728 3146 omnia
2770 3093 3036 3162 pervadat
3067 3101 3122 3148 et
3151 3093 3396 3164 impleat,
3431 3097 3578 3152 sicut

2007 3181 2086 3234 ait
2119 3179 2408 3252 Scriptura
2437 3199 2450 3236 :
2496 3181 2684 3248 [Vonne
2713 3184 2899 3237 malum
2924 3193 2972 3238 et
3013 3194 3210 3240 terram
3243 3203 3335 3254 ego
3369 3187 3580 3253 impleo.

2005 3275 2133 3330 dicit
2173 3276 2427 3332 Dominus
2458 3278 2500 3310 ¹⁰
2526 3277 2549 3332 ?
2571 3276 2761 3349 Neque
2789 3281 2936 3335 enim
2961 3279 3077 3335 fieri
3097 3281 3334 3350 possit“
3371 3292 3431 3335 ut
3454 3296 3583 3336 cor-

2005 3383 2110 3436 pus
2157 3383 2392 3440 corpora
2437 3380 2717 3440 permeet,
2769 3373 2902 3443 quin
2943 3374 3197 3430 simulet
3249 3373 3484 3440 dividat,
3523 3385 3582 3429 et

2004 3461 2301 3523 dividatur,
2330 3463 2827 3534 compliceturque,
2859 3477 2913 3522 et
2947 3474 3264 3536 opponatur
3296 3482 3394 3535 per
3422 3468 3580 3538 juxta

2002 3553 2432 3622 oppositionem,
2484 3563 2546 3610 ut
2592 3557 2945 3627 loquuntur;
3012 3559 3474 3628 quemadmodum
3508 3562 3580 3616 li-

2003 3645 2170 3716 quida
2231 3646 2419 3702 omnia
2477 3662 2603 3703 cum
2657 3649 2804 3706 inter
2875 3665 2936 3707 se
2976 3651 3283 3708 miscentur
3324 3667 3389 3708 ac
3431 3660 3578 3710 tem-

2003 3744 2290 3808 perantur.

2073 3827 2280 3900 Corpus
2311 3829 2473 3886 ἄῦλον
2513 3840 2564 3886 σε
2610 3833 2795 3902 quinta
2846 3833 3151 3889 substantia
3195 3834 3578 3905 Peripatetico-

2001 3935 2140 3974 rum.
2169 3917 2416 3984 —Quod
2453 3919 2500 3975 si
2551 3921 2775 3990 quidam
2803 3922 3170 3989 contendunt,
3216 3925 3320 3980 hoc
3371 3940 3578 3996 corpus

2001 4010 2367 4066 immateriale
2417 4025 2565 4076 esse,
2607 4028 2718 4067 non
2764 4028 2930 4069 secus
2970 4023 3136 4084 atque
3182 4031 3385 4086 corpus
3414 4017 3576 4081 illud,

1999 4101 2148 4170 quod
2177 4100 2492 4158 Graecorum
2515 4103 2795 4173 sapientes
2819 4104 3076 4174 quintum
3105 4107 3386 4175 appellant
3408 4107 3576 4176 (quod

1999 4191 2218 4259 quidem
2255 4209 2381 4251 esse
2429 4195 2647 4265 nequit)
2680 4196 2991 4251 movebitur
3031 4205 3183 4251 certe
3219 4196 3295 4250 uti
3349 4197 3573 4251 cmlum.

2000 4282 2117 4338 Hoc
2152 4285 2302 4340 enim
2347 4293 2455 4351 est,
2502 4287 2651 4358 quod
2697 4288 2957 4358 quintum
3018 4302 3223 4357 corpus
3263 4295 3464 4341 vocant
3503 4287 3571 4342 ".

1245 4455 1280 4485 “
1329 4453 1530 4507 Athan.
1589 4451 1666 4506 De
1698 4455 1903 4508 incarn.
1970 4453 2140 4521 Verbi,
2212 4465 2333 4525 post
2387 4457 2546 4521 init.;
2605 4458 2766 4528 tlrcg.
2817 4457 2946 4512 Naz.
3001 4467 3141 4513 orat.
3166 4459 3255 4513 54.
3334 4460 3375 4492 ⁸⁸
3408 4460 3572 4532 Greg.

2348 4550 2389 4580 ¹¹
2417 4549 2493 4602 Id.
2527 4549 2658 4603 ibid.

1591 4687 1826 4745 VABIxE
1867 4687 2275 4746 LECTIONES.

395 4783 414 4824 ἱ
447 4781 581 4856 Reg.
613 4783 773 4845 5579,
803 4785 864 4856 τὸ
889 4784 1042 4837 Θεῖον
1063 4783 1352 4855 ἀσώματόν
1378 4786 1515 4856 ἐστι.
1596 4785 1836 4856 iEdita,
1869 4795 1923 4840 et
1951 4800 2144 4840 omnes
2177 4783 2291 4856 i‘ere
2339 4783 2580 4856 codices.
2614 4785 2832 4856 osm6v.
2867 4785 2943 4841 lta
2982 4785 3279 4856 Gregorius
3311 4785 3568 4844 Nazianz.

315 4853 579 4916 θυμω,
600 4869 675 4927 ex
698 4869 804 4927 qua
835 4855 950 4927 haec
975 4852 1196 4927 sumpta
1220 4862 1368 4908 sunt.
1406 4852 1583 4927 Yetus
1629 4855 1860 4924 interpr.
1922 4855 2213 4927 venerabile
2259 4863 2360 4907 est.
2423 4853 2531 4908 Sed
2589 4854 2845 4927 vitiosum
2892 4872 3014 4927 esse
3052 4852 3302 4927 gregarii
3359 4867 3570 4914 textum

314 4922 1398 5000 a‘utumatcom’betlsiqs,legendumque
1431 4924 1537 5000 Ima
1573 4924 1626 5000 in
1659 4922 2005 5000 capi—teapud
2038 4924 2433 5000 Damascenum
2466 4939 2589 5000 cum
2615 4922 2794 4979 Fabro
2819 4934 2874 4981 et
2897 4925 3100 4985 cod.S.
3129 4922 3238 4984 Hil.
3273 4928 3569 5000 ἄτρεπτον.

313 4990 525 5048 Favent
547 4995 696 5066 Regii
724 5004 857 5060 tres,
895 4990 1136 5049 Colbfet
1165 4990 1408 5049 liber—De
1445 4993 1636 5047 Trinit.
1685 4990 1774 5064 ap.
1814 4990 2002 5066 Cyrill.

2080 4995 2106 5034 ιι
2159 4993 2335 5060 Edita,
2378 4994 2722 5065 συνθήσεται.

1813 5104 2041 5162 ΝΟΤᾸΕ.

391 5219 468 5302 (5)
505 5223 580 5302 _El_
596 5219 664 5274 δέ
693 5238 870 5302 τινες.
893 5220 1120 5302 Ωιιοάβὶ
1148 5218 1362 5302 quidam
1390 5217 1727 5302 etinten'r‘lunt.
1760 5217 1886 5274 Hth

316 5286 673 5346 Aristotelem
717 5289 941 5355 feriunt,
975 5292 1066 5360 qui
1100 5286 1301 5345 etelum
1354 5287 1528 5360 veluti
1563 5286 1656 5342 Dei
1685 5303 1888 5358 corpus

315 5375 442 5416 esse
465 5360 695 5427 docuit;
728 5362 873 5430 quod
902 5357 1028 5430 quia
1073 5360 1454 5428 incorruptum
1485 5357 1578 5430 sit,
1610 5367 1665 5412 et
1692 5374 1721 5413 a
1750 5357 1889 5427 qua-

315 5439 449 5485 tuor
487 5429 772 5486 elementis
811 5428 1115 5494 diversum,
1156 5430 1366 5499 ideirco
1404 5428 1656 5497 quintum
1687 5443 1890 5499 corpus

315 5499 674 5571 nuncupabat
712 5515 778 5555 ex
823 5499 1147 5571 Pythagora.
1184 5496 1452 5571 caeterum
1479 5496 1888 5571 philosophi'dc

316 5569 735 5640 incorruptione
776 5569 1042 5640 cmlorum
1076 5569 1346 5630 doctrina,
1372 5570 1638 5640 seclusis,
1670 5571 1738 5624 iis
1768 5587 1888 5640 qua:

315 5640 388 5694 de
407 5636 588 5709 primo
621 5649 833 5695 motore
881 5639 1132 5701 tradidit,
1156 5639 1268 5708 jam
1300 5636 1507 5709 pridem
1536 5641 1587 5693 in
1615 5636 1884 5696 Christia.

315 5707 516 5769 norum
549 5711 949 5774 scholis.etiam
983 5707 1317 5774 Griecorum,
1353 5707 1586 5764 admissa
1616 5721 1716 5766 cst.
1755 5712 1884 5766 Nam

1993 5218 2333 5275 Scholiastes
2360 5218 2474 5288 Reg

1991 5291 2203 5357 εἰσάγει
2236 5291 2294 5342 ὲν
2315 5292 2381 5362 τῇ
2413 5292 2542 5361 περὶ
2567 5291 2770 5362 κόσμον
2796 5291 3147 5362 πραγματείᾳ
3173 5291 3421 5362 πέμπτον
3451 5309 3564 5362 στο-

1991 5363 2134 5429 χείον
2159 5376 2173 5389 ·
2212 5362 2307 5412 καὶ⁷
2335 5359 2415 5412 ἔτι
2449 5357 2601 5430 παρὰ
2633 5357 2700 5415 τὰ
2723 5359 2797 5431 δ’,
2818 5357 2878 5414 τὸ
2912 5357 3196 5431 στερέωμα
3237 5357 3396 5412 τοῦτο
3423 5357 3561 5431 εἶναι

1993 5431 2447 5500 ἀποφαινόμενος,
2474 5433 2537 5484 ὲκ
2566 5430 2842 5500 λογισμῶν
2883 5431 3110 5483 εἰκότων
3142 5430 3563 5494 κατασκευάζων

1996 5501 2164 5553 αὑτάο
2193 5499 2503 5554 Aristoteles
2533 5499 2774 5569 quintum
2816 5502 2911 5552 hoc
2933 5500 3241 5552 elementum
3281 5500 3569 5569 introducit

1995 5573 2049 5623 in
2083 5570 2218 5623 libro
2253 5570 2330 5623 De
2353 5568 2588 5631 mundo;
2649 5581 2695 5622 et
2723 5571 2809 5621 ubi
2841 5571 3234 5635 [irritamentum
3277 5568 3411 5622 illud
3457 5587 3573 5624 esse

1995 5641 2180 5693 asxerit
2237 5656 2270 5691 a
2309 5651 2536 5708 quatuor
2569 5640 2838 5692 elementis
2883 5639 3170 5705 diversum,
3201 5639 3571 5705 verisimilibus

1996 5709 2049 5761 id
2082 5711 2274 5771 astruit
2299 5710 2645 5780 argumentis.

2480 5220 2663 5294 iicod.
2690 5219 2851 5286 2929,
2871 5223 2945 5275 ait
2966 5240 2978 5276 :
3017 5222 3390 5294 Ἀριστοτέλης
3413 5225 3567 5277 τοῦτο
