4116 6150
464 334 579 400 799
1645 329 2064 392 S.-JOANNIS
2104 331 2538 393 DAMASCENF
3625 328 3729 392 800

466 440 677 514 Ecquis
702 440 873 512 igitur
897 437 947 495 ei
975 444 1189 493 motum
1218 435 1721 506 aﬂertiuuidquid
1752 438 1899 492 enim
1929 452 2048 492 mo-

2168 440 2577 509 ιαταντήσωμεν
2609 442 2689 504 εἷς
2739 457 2791 494 τι
2832 439 3110 513 ἀκίνητον.
3138 439 3212 496 Τὸ
3246 438 3354 512 γὰρ
3378 436 3596 508 πρῶτον
3642 454 3731 491 κι-

466 544 650 600 vetur,
712 534 783 588 ab
840 530 951 585 alio
996 529 1207 586 moveri
1268 544 1501 586 necesse
1557 535 1666 584 est.
1712 529 1759 581 A
1803 543 2048 599 quonam

2168 529 2297 594 θοῦν,
2331 531 2588 601 ἀκίνητον
2613 573 2628 596 ,
2653 534 2791 604 ὅπερ
2822 534 2939 588 ἐστὶ
2981 532 3042 587 τὸ
3088 533 3264 588 Θεῖον.
3297 531 3421 594 Πῶς
3457 530 3515 584 δὲ
3543 530 3642 583 οὐκ
3675 530 3736 582 ἐν

467 626 603 681 item
639 621 775 677 illud
806 618 1113 675 movetur?
1161 620 1343 688 Atque
1383 619 1461 673 ita
1501 620 1559 672 in
1607 615 1890 671 infinitum
1920 630 2055 686 pro-

2168 620 2304 691 ῖόπῳ
2341 622 2754 694 περίγραπτον,
2788 625 2851 679 τὺ
2897 624 3217 697 κινούμενον
3250 641 3264 690 ;
3297 623 3476 678 Μόνον
3530 617 3626 676 οὖν
3670 620 3734 673 τὸ

468 714 724 787 grediar,
766 726 1060 781 quousque
1094 711 1165 766 ad
1214 710 1439 781 aliquod
1486 709 1712 765 tandem
1761 709 2052 780 pervenia-

2168 709 2304 765 θεῖον
2364 713 2625 787 ἀκίνητον
2651 755 2665 781 ,
2698 716 2767 770 δι’
2802 716 3107 787 υάκινησίας
3160 715 3231 768 τὰ
3280 714 3458 768 πάντα
3525 709 3733 766 κινοῦν.

470 822 594 862 Inus
625 805 776 876 quod
824 802 975 858 omni
1021 812 1172 858 motu
1205 809 1415 857 careat.
1463 801 1601 855 Nam
1645 799 1886 871 primum
1938 815 2054 856 mo-

2168 801 2481 875 Ἀσὼματον
2511 807 2690 861 τοίνυν
2726 807 3066 877 ὑποληπτέον
3097 807 3160 862 τὸ
3179 807 3355 860 Θείον.

468 911 604 952 veos
641 895 868 950 aliunde
895 908 1006 949 non
1056 903 1346 950 movetur:
1398 900 1453 947 et
1501 893 1606 947 hoc
1655 891 1883 962 quidem
1915 891 2201 949 Deus'est.
2230 894 2352 952 Huc
2396 898 2637 964 accedit,
2669 901 2817 970 quod
2860 901 2984 957 loco
3064 896 3457 956 circumscribi
3518 901 3738 967 Oportet

470 990 608 1069 illud
638 991 781 1061 quod
815 995 1115 1044 movetur:
1152 1002 1218 1042 ac
1271 987 1506 1057 proinde
1555 986 1712 1041 solus
1772 985 1915 1040 Deus
1976 994 2129 1043 motu
2169 1000 2343 1056 caret,
2377 1007 2477 1049 sua
2505 992 2902 1051 immobiiitate
2936 995 3131 1052 omnia
3155 1008 3383 1049 movens
3412 992 3484 1040 ".
3510 991 3585 1045 Ex
3617 992 3739 1059 qui—

470 1086 576 1140 bus
605 1082 862 1145 eﬂicitur,
895 1090 957 1136 ut
1009 1081 1153 1136 Deus
1190 1082 1556 1149 incorporeus
1589 1078 1924 1133 statuendus
1954 1078 2049 1132 sit.

545 1174 922 1243 Incorporeum
950 1174 1178 1228 essentia
1210 1170 1310 1225 Dei
1336 1187 1439 1223 non
1474 1180 1576 1226 est.
1607 1198 1677 1209 -—
1703 1169 1845 1224 Deus
1874 1158 2054 1239 aptius

473 1267 753 1338 negatione
783 1265 1096 1319 declaratur
1137 1279 1297 1334 quam
1332 1262 1612 1331 positione.
1636 1292 1704 1303 —
1732 1262 1803 1315 At
1847 1277 1915 1316 ne
1950 1263 2053 1315 hoc

475 1356 704 1428 quidem
760 1357 1060 1431 essentiam
1105 1353 1228 1422 ejus
1260 1353 1509 1408 declarat
1540 1372 1551 1406 :
1586 1352 2053 1421 quemadmodum

475 1462 581 1504 nec
615 1461 742 1501 cum
794 1445 1127 1516 ingenitum,
1175 1444 1550 1516 principiique
1613 1459 1679 1498 ac
1733 1443 2058 1498 mutationis

475 1549 533 1595 et
562 1538 945 1608 corruptionis
994 1543 1278 1607 expertem
1319 1549 1444 1590 eum
1477 1534 1717 1589 dicimus
1752 1543 1806 1588 et
1855 1542 2057 1589 cmtcra

478 1646 602 1700 qua:
627 1630 696 1685 de
730 1630 861 1694 Deo,
916 1630 1002 1684 vel
1059 1629 1213 1683 circa
1274 1628 1458 1698 ipsum
1516 1641 1640 1682 esse
1694 1627 1960 1681 dicuntur
1988 1626 2055 1679 ’³.

2243 1166 2387 1220 Ἀλλ’
2419 1168 2540 1221 οὐδὲ
2571 1168 2731 1223 τοῦτο
2761 1171 2860 1241 τῆς
2909 1171 3098 1237 οὐσίας
3128 1171 3293 1226 αὑτοῦ
3332 1175 3741 1242 παραπατικόν

2161 1257 2330 1324 ἐστιν,
2365 1257 2553 1332 ὥσπερ
2590 1260 2710 1313 οὐδὲ
2740 1260 2803 1313 τὸ
2847 1262 3145 1331 ἀγέννητον
3172 1304 3186 1327 ,
3220 1264 3314 1316 καὶ
3360 1264 3421 1317 τὸ
3467 1265 3736 1337 ἄναρχον,

2163 1351 2259 1404 καὶ
2292 1350 2353 1404 τὸ
2383 1352 2760 1420 ἀναλλοίωτον,
2788 1356 2885 1409 καὶ
2915 1355 2977 1409 τὸ
3001 1355 3278 1427 ἄφθαρτον
3299 1397 3314 1420 ,
3342 1357 3434 1410 καὶ
3466 1359 3569 1412 ὅσα
3614 1362 3742 1431 περὶ

2162 1442 2319 1509 Θεοῦ,
2351 1444 2384 1514 ἢ
2428 1445 2557 1515 περὶ
2605 1446 2737 1500 Θεὸν
2768 1443 2911 1500 εἶναι
2960 1448 3180 1517 λέγεται
3200 1466 3213 1480 ·
3238 1449 3412 1503 ταῦτα
3428 1450 3534 1522 γὰρ
3563 1454 3626 1505 οὐ
3655 1470 3738 1516 το,

2163 1534 2222 1587 τι
2252 1537 2390 1597 ἐστι,
2416 1539 2690 1607 σημαίνει,
2723 1540 2860 1594 ἀλλὰ
2891 1540 2971 1606 τὸ,
2998 1541 3049 1593 τι
3092 1541 3200 1613 eine
3236 1541 3375 1594 ἔστι.
3408 1543 3528 1614 Χρὴ
3559 1544 3618 1597 δὲ
3650 1545 3745 1597 τὸν

2150 1625 2492 1698 ’βουλόμενον
2520 1631 2618 1699 τήν
2643 1648 2788 1694 τινος
2817 1631 3008 1685 οὐσίαν
3041 1632 3237 1697 εἰπεῖν,
3263 1633 3316 1686 τι
3343 1634 3481 1698 ἐστι,
3514 1636 3742 1703 φράσαι,

479 1723 606 1779 ΙΙωο
634 1721 781 1777 enim
812 1738 918 1776 non
956 1720 1089 1791 quid
1121 1720 1213 1784 sit,
1250 1719 1347 1775 sed
1379 1718 1507 1789 quid
1541 1732 1650 1772 non
1679 1718 1755 1773 sit
1782 1717 2056 1771 indicant.

2168 1719 2225 1771 οὐ
2256 1719 2336 1784 τὸ,
2368 1720 2422 1773 τί
2442 1721 2541 1773 οὐκ
2573 1721 2688 1774 ἔστι
2714 1741 2728 1754 ·
2761 1725 2912 1794 ὅμως
2942 1725 3038 1777 ἐπὶ
3075 1724 3236 1791 Θεοῦ,
3267 1724 3323 1777 τί
3361 1726 3533 1788 ἐστιν,
3570 1728 3745 1781 εἰπεῖν

478 1810 644 1882 Atqui
678 1817 895 1880 oportet
936 1823 1085 1874 eum,
1126 1808 1221 1879 qui
1266 1807 1347 1863 rei
1397 1804 1639 1875 alicujus
1678 1815 1939 1860 naturam
1965 1820 2060 1859 cx-

2164 1809 2428 1863 ὰδύνατον
2478 1813 2600 1865 κατ’
2654 1813 2843 1868 οὐσίαν
2878 1831 2894 1846 ο
2925 1816 3259 1886 οἰκειότερον
3304 1815 3363 1869 δὲ
3423 1815 3626 1886 μᾶλλον
3680 1820 3746 1873 ὲκ

480 1916 686 1974 ponere
717 1903 774 1955 in
814 1902 999 1956 animo
1050 1901 1239 1965 habet,
1281 1898 1414 1969 quid
1462 1912 1525 1953 ea
1569 1898 1643 1951 sit
1695 1897 1904 1961 dicere,
1949 1912 2063 1950 non

2168 1903 2264 1972 τῆς
2283 1902 2540 1957 ἁπάντων
2568 1904 2912 1976 ἀφαιρέσεως
2944 1907 3219 1961 ποιεῖσθαι
3245 1908 3337 1961 τὸν
3366 1907 3547 1977 λόγον.
3576 1909 3744 1964 Οὐδὲν

478 1993 613 2065 quid
644 2008 753 2048 non
786 1993 880 2050 sit.
923 1993 996 2047 De
1016 1991 1129 2047 Deo
1162 1998 1353 2046 autem
1379 1989 1727 2059 impossibile
1753 1995 1864 2052 est,
1897 1987 2061 2057 quid-

478 2099 611 2140 nam
679 2086 926 2142 cssentia
962 2100 1062 2142 sua
1098 2098 1163 2139 ac
1221 2091 1420 2138 natura
1458 2082 1531 2136 sit
1575 2082 1873 2137 enuntiare
1902 2097 1917 2133 :
1948 2096 2056 2149 ap-

2165 1993 2275 2064 γὰρ
2307 1994 2415 2047 τῶν
2452 1995 2620 2049 ὄντων
2646 1997 2825 2050 ἐστίν*
2851 1999 2946 2069 οὐχ
2974 1999 3050 2063 ὡς
3104 2000 3182 2070 μὴ
3226 2001 3325 2066 ὢν,
3353 2000 3472 2054 ἀλλ’
3505 2002 3582 2065 ὡς
3605 2002 3744 2073 ὑπὲρ

2168 2086 2344 2138 πάντα
2375 2086 2443 2140 τὰ
2467 2086 2619 2150 ὄντα,
2657 2089 2752 2142 καὶ
2802 2090 2944 2162 ὑπὲρ
2975 2090 3112 2144 αὐτὸ
3127 2092 3189 2145 τὸ
3221 2085 3362 2144 εἶναι
3407 2091 3503 2147 ὥν.
3542 2094 3606 2146 Εἰ
3638 2094 3741 2164 γὰρ

479 2177 706 2247 tiusque
739 2185 827 2233 est
876 2192 943 2232 ex
993 2175 1241 2230 omnium
1299 2175 1610 2229 remotione
1665 2181 1723 2227 et
1772 2173 2063 2242 negatione

2170 2177 2280 2229 τῶν
2327 2176 2497 2231 ὄντων
2535 2180 2629 2232 καὶ
2677 2180 2928 2247 γνώσεις,
2966 2181 3029 2235 τὸ
3055 2183 3197 2253 ὑπὲρ
3247 2183 3451 2252 γνῶσιν
3481 2227 3495 2250 ,
3525 2185 3741 2248 πάντως

481 2283 797 2325 sermonem
845 2269 915 2325 de
959 2282 1026 2323 eo
1072 2267 1256 2322 facere
1284 2265 1354 2320 “.
1416 2263 1605 2334 Neque
1662 2264 1810 2319 enim
1852 2263 2063 2333 aliquid

2171 2267 2266 2319 καὶ
2299 2266 2439 2338 ὑπὲρ
2488 2267 2678 2323 οὐσίαν
2732 2270 2915 2324 ἔσται’
2941 2272 3035 2326 καὶ
3087 2272 3153 2326 τὸ
3193 2273 3461 2330 ἀνάπαλιν
3506 2276 3567 2327 τὸ
3599 2275 3742 2345 ὑπὲρ

480 2367 565 2415 est
597 2375 790 2417 eorum
839 2375 965 2431 qua:
1017 2369 1152 2415 sunt
1198 2376 1212 2412 :
1271 2373 1383 2412 non
1412 2367 1472 2411 ut
1517 2356 1834 2411 nullatenus
1869 2356 1943 2412 sit
1978 2357 2060 2421 '3;

2168 2356 2380 2425 οὐσίαν,
2411 2359 2505 2411 καὶ
2534 2359 2736 2427 γνῶσιν
2759 2361 2935 2417 ἔσται.

482 2452 583 2511 sed
637 2455 770 2526 quia
837 2467 1004 2523 super
1059 2449 1247 2507 omnia
1298 2465 1420 2520 qua:
1478 2458 1630 2513 sunt,
1673 2457 1840 2517 atque
1901 2448 2064 2519 128
2096 2449 2263 2502 etiam
2354 2464 2523 2520 supra
2580 2450 2880 2521 ipsumntet
2954 2468 3086 2510 esse
3135 2456 3255 2525 ipse
3300 2459 3393 2513 sit.
3446 2459 3660 2512 Etenim
3701 2445 3753 2512 si

483 2546 833 2618 cognitiones
863 2545 1012 2597 circa
1063 2556 1153 2596 res
1198 2555 1324 2610 quae
1359 2546 1493 2596 sunt
1541 2547 1872 2604 versantur;
1906 2538 2157 2609 profecto
2223 2541 2373 2610 quod
2449 2542 2822 2613 cognitionem
2902 2558 3150 2616 superat,
3214 2563 3385 2619 supra
3432 2554 3753 2606 ‘esscntiam

481 2651 710 2710 quoque
748 2634 897 2691 erit:
949 2633 1310 2702 vicissimque
1343 2631 1492 2703 quod
1543 2641 1629 2689 est
1657 2648 1823 2702 supra
1854 2632 2186 2698 essentiam,
2230 2634 2612 2703 cognitionem
2648 2637 2958 2707 superabit.

555 2725 867 2795 A/Iirmatio
899 2725 1000 2778 vim
1036 2724 1233 2778 habens
1281 2723 1637 2793 praecellentis
1673 2723 1970 2796 negationis
2008 2723 2063 2776 in

2237 2725 2501 2796 Ἄπειρον
2546 2721 2642 2779 οὖν
2687 2727 2750 2781 τὸ
2798 2729 2955 2782 Θεϊον
3010 2730 3104 2785 καὶ
3173 2733 3565 2804 ἀκατάληπτον
3604 2751 3617 2765 ·
3653 2741 3750 2792 καὶ

484 2820 619 2875 Deo.
649 2847 720 2858 ———
743 2817 999 2873 inﬁnitus
1029 2817 1198 2888 igitur
1227 2825 1313 2872 est
1344 2816 1513 2882 Deus,
1554 2823 1610 2871 et
1640 2816 2063 2886 incomprehen-

2168 2816 2322 2870 τοῦτο
2347 2817 2508 2888 μόνον
2539 2818 2707 2879 αὐτοῦ
2731 2821 3105 2891 κατάληπτον,
3125 2826 3159 2895 ἡ
3175 2826 3405 2897 ἀπειρία
3431 2828 3527 2880 καὶ
3548 2830 3755 2883 rixata-

484 2911 711 2969 sibilis:
754 2918 921 2980 atque
963 2910 1069 2964 hoe
1110 2926 1280 2964 unum
1322 2917 1427 2974 est,
1469 2910 1618 2979 quod
1654 2908 1723 2963 de
1755 2923 1821 2963 eo
1856 2908 2063 2978 percipi

2168 2906 2353 2976 ληψία.
2389 2909 2533 2962 Ὅσα
2571 2910 2627 2963 δὲ
2661 2910 2894 2983 λέγομεν
2926 2915 3021 2968 ἐπὶ
3058 2916 3195 2970 Θεοῦ
3218 2921 3619 2987 καταφατικῶς
3645 2961 3661 2986 ,
3685 2924 3753 2975 οὐ

484 3004 668 3078 possit
697 3013 751 3060 et
774 3003 1200 3073 comprehendi.
1244 3003 1606 3072 Quaacunque
1639 3008 1826 3055 autem
1857 3001 1927 3056 de
1956 3000 2063 3055 Deo

2168 2998 2262 3068 τὴν
2285 2998 2467 3068 φύσιν,
2500 3002 2638 3056 ἀλλὰ
2665 3004 2734 3057 τὰ
2766 3013 2897 3077 περὶ
2944 3009 3043 3079 τὴν
3081 3009 3244 3079 φύσιν
3265 3010 3439 3080 δηλοῖ.
3470 3013 3588 3066 Κᾶν
3615 3014 3753 3080 ἀγα-

485 3112 587 3170 per
612 3095 1036 3151 aﬂirmationem
1072 3095 1336 3159 dicimus,
1364 3108 1477 3148 non
1512 3093 1605 3148 Dei
1650 3101 1932 3155 naturam,
1969 3094 2062 3149 sed

2169 3091 2280 3158 θὸν,
2314 3093 2417 3147 κᾶν
2443 3094 2672 3159 δίκαιον,
2717 3097 2823 3151 κᾶν
2853 3100 3040 3168 σοφὸν,
3070 3103 3174 3157 κᾶν
3212 3104 3242 3157 ὅ
3282 3103 3301 3142 ι
3326 3123 3378 3158 τι
3408 3105 3475 3159 ἂν
3514 3106 3644 3160 ἄλλο
3667 3105 3753 3159 εῐ-

484 3203 610 3259 qute
659 3189 812 3243 circa
869 3195 1128 3242 naturam
1189 3188 1341 3242 illius
1385 3196 1536 3249 sunt.
1599 3186 1925 3241 ostendunt.
1985 3185 2063 3238 Ita

2168 3200 2295 3256 πῃς,
2328 3185 2405 3264 οὐ⁸
2424 3186 2585 3255 φύσιν
2615 3187 2793 3256 λέγεις
2819 3190 2977 3253 Θεοῦ,
3007 3192 3144 3247 ἀλλὰ
3171 3193 3241 3247 τὰ
3273 3196 3398 3266 περὶ
3430 3195 3532 3265 τὴν
3562 3196 3751 3263 φύσιν.

485 3280 605 3337 sive
641 3280 885 3346 bonum,
935 3281 1054 3336 sive
1103 3280 1358 3351 justum,
1407 3280 1526 3335 sive
1566 3279 1876 3350 sapientem
1903 3321 1918 3343 ,
1951 3278 2063 3334 sive

2168 3276 2287 3328 Elei.
2317 3276 2374 3330 δὲ
2427 3279 2522 3330 καί
2572 3297 2697 3333 τινα
2729 3283 3119 3353 κατωφατιῃῶς
3140 3283 3408 3355 λεγόμενα
3456 3286 3553 3337 ἐπὶ
3584 3285 3749 3353 Θεοῦ,

486 3372 862 3443 quodcunque
908 3373 1130 3428 tandem
1184 3373 1333 3427 aliud
1388 3372 1620 3436 dixeris,
1674 3386 1785 3426 non
1818 3371 1913 3426 Dei
1969 3386 2063 3424 na-

2168 3367 2395 3437 δύναμιν
2444 3370 2779 3443 ὑπεροχικῆς
2813 3375 3140 3444 ἀποφάσεως
3169 3375 3394 3446 ἔχοντα·
3431 3374 3567 3440 οἷον,
3606 3380 3742 3431 σκό-

489 3474 695 3526 turam.
749 3467 845 3522 sezl
892 3481 1017 3537 quas
1069 3466 1218 3521 circa
1288 3474 1546 3521 naturam
1605 3471 1763 3529 sunt,
1812 3463 2066 3534 exponis.

488 3554 633 3612 Sunt
670 3571 838 3626 porro
866 3558 1139 3612 nonnulla
1186 3564 1309 3627 qua!
1342 3556 1560 3611 tametsi
1603 3570 1707 3626 per
1744 3554 2070 3609 aﬂirmatio-

490 3662 618 3702 nem
645 3648 714 3703 de
741 3647 850 3703 Deo
881 3650 1165 3717 dicantur,
1194 3648 1569 3720 praecellentis
1603 3657 1786 3702 tamen
1817 3645 2070 3716 negatio-

2165 3475 2255 3521 τος
2290 3459 2539 3527 λέγοντες
2586 3462 2679 3514 ἐπὶ
2706 3462 2844 3516 Θεοῦ
2867 3505 2879 3526 ,
2914 3466 2974 3518 οὐ
3010 3466 3200 3529 σκότος
3225 3467 3484 3537 νοοῦμεν,
3520 3466 3633 3521 ἀλλ’
3664 3469 3754 3522 ὅτι

2166 3552 2267 3605 οὐκ
2307 3550 2423 3604 ἐστι
2458 3551 2597 3621 φῶς,
2623 3553 2740 3606 ἀλλ’
2775 3556 2917 3626 ὑπὲρ
2956 3556 3019 3610 τὸ
3052 3557 3166 3625 φῶς
3199 3575 3213 3588 ο
3243 3559 3337 3612 καὶ
3370 3558 3507 3628 φῶς,
3533 3560 3615 3612 ὅτι
3649 3560 3755 3615 οὐκ

2167 3643 2287 3698 ἔστι
2318 3644 2530 3708 σκότος.

491 3741 583 3797 nis
611 3740 721 3797 vim
766 3742 992 3807 habent,
1024 3761 1076 3799 ν.
1107 3759 1194 3815 gr.
1233 3760 1356 3799 cum
1389 3744 1457 3798 de
1490 3742 1601 3797 Deo
1640 3742 1809 3796 verba
1852 3740 2148 3805 facientes,
2231 3740 2591 3794 tenebrarum
2659 3758 2848 3797 vocem
2922 3757 3280 3812 usurpamus,
3326 3757 3432 3796 non
3499 3742 3756 3800 tenebras

495 3832 647 3900 ipsas
693 3831 1078 3903 intelligimus,
1135 3835 1231 3891 sed
1290 3835 1438 3905 quod
1495 3836 1590 3888 lux
1645 3849 1758 3888 non
1806 3834 1914 3896 sit,
1973 3847 2165 3886 verum
2207 3833 2335 3887 luce
2381 3835 2752 3902 priestantior.
2837 3836 3045 3891 Eodem
3117 3836 3303 3900 modo,
3373 3852 3499 3889 cum
3577 3837 3754 3891 lucem

492 3941 622 3983 eum
673 3926 937 3993 dicimus,
993 3929 1102 3985 hoc
1158 3931 1562 3999 signiﬁcamus,
1620 3929 1771 3999 quod
1824 3928 2071 3984 tenebrat
2109 3942 2220 3984 non
2261 3927 2367 3983 sit.

1171 4020 1325 4075 CAP.
1362 4020 1428 4075 Υ.

543 4110 942 4166 Demonstratio
973 4112 1115 4180 quod
1151 4128 1286 4165 unus
1309 4112 1379 4164 sit
1414 4110 1555 4164 Deus
1591 4123 1639 4164 et
1676 4127 1783 4164 non
1810 4112 2024 4179 plures.

564 4201 739 4274 Igitur
786 4200 938 4268 quod
986 4201 1135 4256 Deus
1185 4201 1293 4265 sit,
1343 4200 1605 4270 quodque
1650 4201 1772 4270 ejus
1826 4201 2073 4256 essentia

496 4293 889 4363 comprehendi
925 4303 1191 4366 nequeat,
1224 4295 1444 4349 abunde
1491 4294 1934 4349 demonstratum
1963 4301 2070 4349 est.

497 4388 659 4454 Quod
690 4398 871 4445 autem
923 4404 1069 4445 unus
1115 4388 1209 4454 sit,
1266 4398 1321 4443 et
1365 4402 1476 4442 non
1530 4387 1735 4457 plures,
1793 4386 1937 4457 apud
1971 4401 2071 4441 eos

2771 4019 3021 4072 ΚΕΦΛΛ.
3075 4018 3151 4073 E’.

2256 4109 2587 4175 Ἀπόδειξις
2616 4108 2705 4163 ὅτι
2738 4105 2826 4175 εἷς
2851 4110 2982 4163 ἐστι
3008 4111 3155 4175 Θεὸς
3195 4111 3292 4163 καὶ
3334 4112 3408 4164 οὐ
3438 4111 3681 4164 πολλοί.

2245 4200 2369 4253 Ὅτι
2397 4202 2497 4271 μέν
2525 4202 2640 4253 ἐστι
2666 4200 2819 4266 Θεὸς,
2861 4203 3065 4264 ἱκανῶς
3112 4202 3513 4279 ἀποδέδεικται,
3547 4204 3638 4256 καὶ
3670 4205 3756 4257 ὅτι

2170 4291 2555 4362 ἀκατάληπτος
2589 4292 2759 4346 αὐτοῦ
2790 4294 2822 4363 ἡ
2855 4294 3034 4349 οὐσία.
3066 4295 3189 4347 Ὅτι
3209 4294 3265 4346 δὲ
3290 4290 3369 4357 εἷς
3396 4298 3513 4347 ἐστι
3540 4296 3671 4359 Θεὸς
3690 4305 3751 4358 ι’,

2179 4382 2270 4435 καὶ
2293 4383 2353 4434 οὑ
2389 4381 2592 4442 πολλοὶ.
2624 4384 2736 4444 τοῖς
2763 4382 2861 4452 μὲν
2899 4385 2965 4453 τῇ
3008 4382 3131 4452 Οενῖᾳ
3179 4382 3531 4452 πειθομένοις
3568 4385 3752 4454 Γραφῇ

497 4480 744 4550 quidem,
764 4481 855 4551 qui
880 4480 1185 4550 Scriptura:
1202 4480 1401 4534 divina:
1421 4479 1580 4535 (idem
1601 4478 1892 4542 adhibent,
1909 4486 2063 4533 extra

2177 4474 2278 4525 οὐκ
2307 4473 2721 4542 ἀμφιϐάλλεται.
2759 4475 2895 4543 Φησὶ
2926 4474 3035 4543 γὰρ
3063 4476 3091 4528 ὁ
3116 4474 3317 4546 Κύριος
3353 4476 3413 4526 ὲν
3444 4477 3510 4544 τῇ
3539 4475 3634 4543 τῆς
3664 4490 3755 4527 νο-

497 4573 937 4627 controversiam
991 4580 1095 4627 est.
1154 4570 1425 4647 Dominus
1462 4571 1610 4626 enim
1656 4586 1827 4640 quam
1887 4570 2064 4639 legem

498 4660 690 4719 lsracli
729 4664 891 4727 tulit,
919 4666 1107 4719 verbis
1146 4665 1212 4719 iis
1238 4663 1566 4732 auspicatur
1617 4681 1630 4717 :
1672 4662 1780 4732 Ego
1810 4661 2070 4715 Dominus

500 4751 666 4816 Deus,
688 4753 777 4819 qui
799 4753 958 4806 eduxi
978 4765 1026 4808 te
1051 4753 1114 4808 de
1133 4764 1274 4809 terra
1291 4752 1530 4824 Algypti.
1559 4752 1682 4808 Non
1707 4762 1861 4808 erunt
1878 4752 1973 4807 tibi
1993 4752 2071 4806 dii

500 4840 599 4895 alii
627 4850 820 4910 praeter
850 4858 930 4896 me
957 4843 1029 4897 “.
1066 4842 1129 4895 Et
1158 4859 1359 4898 rursus
1393 4846 1472 4897 ait
1498 4862 1512 4897 :
1539 4844 1702 4911 Audi,
1730 4841 1941 4898 Israel:
1967 4842 2074 4895 Do-

499 4932 679 4987 minus
732 4930 868 4985 Deus
898 4940 1041 4997 tuus,
1074 4932 1218 4987 ‘Dcus
1243 4948 1379 4986 unus
1415 4943 1493 4986 est
1523 4934 1589 4986 ⁸⁷.
1624 4933 1689 4986 Et
1738 4949 1836 5003 per
1867 4932 2066 4988 Isaiam

500 5023 828 5096 prophetam
866 5041 878 5076 :
924 5021 1036 5093 Ego
1087 5024 1251 5087 enim,
1297 5024 1500 5094 inquit,
1531 5041 1647 5078 sum
1679 5024 1820 5079 Deus
1850 5025 2071 5093 primus,

2179 4565 2436 4636 μοοεσίας
2461 4566 2638 4636 ἀρχῇ·
2684 4566 2833 4635 Ἐγὼ
2874 4567 3091 4633 Κύριος
3120 4568 3154 4618 ό
3195 4567 3341 4630 Θεός
3381 4582 3517 4631 σου,
3556 4565 3757 4628 όὲξαο

2173 4656 2371 4727 γαγών
2427 4672 2502 4712 σε
2553 4658 2621 4711 ἐκ
2670 4658 2783 4727 γῆς
2834 4660 3159 4728 Αἰγύπτου.
3210 4662 3333 4714 Οὐκ
3364 4659 3611 4713 ἔσονται
3653 4671 3760 4712 σοι

2172 4748 2295 4803 θεοὶ
2374 4748 2563 4816 ἕτεροι
2633 4748 2802 4818 πλὴν
2853 4749 3021 4819 ἐμοῦ.
3079 4751 3192 4803 Καὶ
3259 4750 3453 4804 ποίλιν⁵
3505 4751 3759 4814 Ἄκουε,

2186 4838 2433 4907 Ἰσραήλ
2457 4856 2470 4871 ο
2504 4840 2720 4908 Κύριος
2764 4843 2798 4894 ὀ
2850 4843 2995 4906 Θεός
3023 4858 3163 4905 σου,
3200 4842 3414 4909 Κύριος
3459 4834 3547 4904 εἷς
3597 4839 3758 4917 ἐστι.

2173 4932 2285 4984 Καὶ
2310 4930 2399 4984 διὰ
2437 4931 2660 4985 Ἠσαίου
2717 4930 2812 4985 τοῦ
2860 4933 3139 5004 προφήτου
3161 4948 3189 4975 -·
3222 4931 3378 5000 Ἐγὼ
3416 4929 3527 4999 γὰρ
3553 4970 3567 4993 ,
3595 4931 3763 5000 φησὶ,

2175 5023 2321 5090 Θεὸς
2367 5022 2635 5092 πρῶτος’
2671 5023 2769 5077 καὶ
2828 5023 2944 5094 ἐγὼ
2988 5024 3140 5093 μετὰ
3180 5022 3398 5086 ταῦτα,
3442 5021 3542 5075 καὶ
3589 5019 3766 5091 πλὴν

499 5125 550 5170 et
577 5132 668 5186 ego
713 5114 977 5185 postlta‘c;
1023 5126 1073 5169 et
1121 5125 1317 5184 praeter
1354 5132 1433 5170 me
1475 5126 1684 5171 nonest
1732 5116 1896 5171 Deus.
1943 5116 2063 5171 Anti

2171 5113 2319 5184 ἐμοῦ
2353 5116 2465 5169 οὐκ
2497 5114 2630 5169 ἔστι
2655 5116 2828 5181 Θεόςσ
2860 5113 3204 5184 ἔμπροσθέν
3222 5130 3340 5182 μου
3382 5114 3495 5167 οὐκ
3521 5112 3767 5183 ἐγένετο

502 5223 583 5260 me
644 5224 748 5261 non
794 5206 897 5276 fuit
948 5208 1089 5261 alios
1130 5207 1296 5275 Deus,
1350 5219 1398 5263 et
1450 5219 1570 5279 post
1617 5226 1830 5264 menon
1876 5211 1998 5274 erit,
2029 5219 2078 5264 et

2173 5207 2363 5275 ἄλλος
2393 5209 2560 5275 Θεὸς,
2599 5209 2701 5262 καὶ
2749 5209 2877 5278 μετ’
2909 5207 3016 5276 ἐμὲ
3045 5209 3155 5261 οὐκ
3201 5205 3395 5268 ἔσται,
3441 5205 3541 5259 καὶ
3595 5205 3767 5272 πλὴν

502 5308 694 5366 prwter
720 5315 799 5354 me
832 5317 934 5354 non
957 5309 1035 5354 est
1058 5298 1126 5352 ’⁸.
1173 5298 1317 5365 Quin
1350 5311 1404 5356 et
1435 5300 1705 5357 Dominus
1733 5302 1789 5357 in
1822 5301 2063 5374 Evange-

2172 5301 2319 5372 ἐμοῦ
2353 5302 2464 5356 οὐκ
2483 5301 2633 5356 ἔστι.
2666 5301 2777 5355 Καὶ
2802 5301 2832 5353 ὁ
2861 5299 3063 5370 Κύριος
3090 5301 3147 5354 δὲ
3179 5301 3237 5352 ἐν
3263 5302 3376 5362 τοῖς
3411 5301 3575 5370 ἱεροῖς
3597 5307 3625 5335 ιι
3657 5298 3759 5351 se.

576 5479 624 5556 ’.ξ
650 5429 813 5548 (ΙΙ-ἷξες.
845 5479 1171 5556 Naz.__o_rat.
1223 5480 1312 5543 5‘2,
1346 5482 1471 5556 34._
1513 5481 1559 5515 ’³
1588 5477 1664 5537 id.
1685 5480 1816 5536 ibid.
1848 5481 1990 5540 “Id.
2028 5482 2164 5539 ibid.
2243 5485 2289 5515 “
2314 5484 2538 5556 Dionys.
2586 5481 2664 5538 De
2689 5490 2845 5554 myst.
2880 5481 3103 5551 theolog.
3216 5481 3263 5511 ’θ
3306 5479 3478 5534 Exod.
3530 5494 3625 5543 xx,
3668 5477 3760 5534 Ξί.

512 5543 556 5576 ³⁷
589 5543 827 5615 Denuo,
858 5551 911 5607 4.
990 5551 1162 5608 "lsa.
1205 5566 1361 5615 mn,
1412 5551 1497 5606 10.

1800 5641 2033 5697 VARUS
2072 5641 2481 5699 LECTIOKES.

597 5703 613 5744 1
661 5729 921 5785 Nonnulli
949 5733 1106 5788 codd.
1152 5734 1251 5789 κᾶν
1288 5735 1485 5815 farto-3v.
1564 5744 1602 5772 ω
1636 5733 1795 5792 Deest
1834 5735 1964 5797 Θεὸς
1995 5735 2049 5790 in

2168 5742 2207 5788 t.
2289 5745 2315 5773 ιι
2353 5733 2597 5792 lncditis
2639 5735 2811 5802 abest,
2845 5735 3029 5807 ἱεροῖς.
3069 5734 3125 5793 in
3179 5751 3307 5794 mss.
3353 5734 3571 5806 legitur.

1946 5852 1973 5866 δ
