4116 6150
547 331 654 397 333
1715 319 1775 378 s.
1811 317 2133 382 JOANNIS

2236 319 2568 381 AMASCEN
2578 320 2603 378 Ι
3699 331 3808 395 98’s

551 460 639 502 tus
671 457 779 498 non
815 447 921 495 cst.
972 435 1209 492 Verbum
1265 444 1433 504 porro
1470 431 1518 487 si
1573 430 1791 496 habeat,
1829 447 1938 486 non
1973 433 2124 502 ejus-

2236 431 2537 503 ἀρξάμενον
2571 431 2665 486 τοῦ
2701 426 2860 496 εἶναι,
2893 433 3016 488 οὑδὲ
3060 434 3427 504 παυσόμενον.
3475 436 3553 494 Οὑ
3605 441 3714 511 γὰρ
3741 439 3809 514 ἦν

549 536 695 591 modi
725 533 858 588 illud
891 529 1187 584 habiturus
1214 533 1322 590 est,
1367 523 1518 595 quod
1557 538 1668 579 non
1701 524 1996 588 subsistat,
2033 533 2128 579 aut

2236 526 2320 579 ὅτε
2355 526 2456 579 οὑκ
2504 521 2573 596 ἦν
2615 527 2644 578 6
2674 525 2809 590 Θεὸς
2842 525 3033 593 Λόγος.
3088 527 3201 579 Ἀεὶ
3240 526 3299 580 δὲ
3339 526 3454 598 ἔχει
3485 530 3578 587 τὸν
3608 533 3808 590 ἑαυτοῦ

545 628 695 700 quod
727 640 848 680 esse
873 623 1128 693 cteperit,
1163 626 1257 674 aut
1285 619 1359 674 sit
1385 616 1714 672 desiturum.
1756 614 1944 686 Neque
1977 617 2125 672 enim

2236 615 2404 683 Λόγον
2433 615 2493 680 ἐξ
2533 615 2693 670 αὑτοῦ
2724 615 3068 687 γεννώμενον
3095 658 3109 684 ,
3139 619 3202 671 οὑ
3235 619 3376 674 κατὰ
3411 621 3506 676 τὸν
3537 625 3810 700 ἡμέτερον

549 722 652 774 fuit
708 731 972 787 unquam,
1030 729 1158 770 cum
1203 713 1347 768 Deus
1381 711 1507 766 sine
1537 709 1721 766 Verbo
1770 720 1944 766 esset.
1979 709 2126 776 Quin

2236 706 2384 776 λόγον
2417 707 2804 775 ἀνυπόστατον,
2839 708 2933 760 καὶ
2975 709 3053 772 εἰς
3082 709 3225 780 ἀέρα
3255 712 3534 782 χεόμενον,
3563 715 3682 770 ἀλλ’
3716 720 3809 774 ὲν..

549 811 740 883 potius
776 809 1015 864 Verbum
1063 821 1224 862 suum
1277 820 1344 861 ex
1394 818 1455 859 se
1487 802 1734 873 genitum
1773 816 1994 872 semper
2027 800 2127 856 ha-

2236 799 2554 864 υπόστατον,
2583 799 2781 866 ζῶντα,
2805 800 3037 854 relator
3064 801 3164 854 οὑκ
3185 801 3292 867 ἔξω
3312 804 3478 858 αὑτοῦ
3501 808 3806 879 χωροῦντα,

550 903 667 967 bet,
696 917 808 956 non
839 898 990 970 quod
1041 897 1109 953 ad
1155 898 1331 951 instar
1366 896 1543 950 nostri
1591 909 1703 949 non
1745 893 2037 958 subsistat,
2073 900 2131 948 et

550 996 607 1049 in
643 1008 825 1049 aerem
859 991 1101 1056 dililuat;
1129 989 1224 1044 sed
1260 989 1314 1042 in
1351 1003 1410 1042 se
1441 986 1782 1052 consistens,
1815 987 2129 1055 vivumque,

550 1094 607 1142 et
635 1084 966 1156 perfectum,
1000 1090 1166 1152 atque
1196 1078 1492 1150 ejusmodi,
1524 1086 1585 1132 ut
1617 1087 1772 1132 extra
1807 1078 1986 1147 ipsum
2021 1091 2131 1136 non

552 1176 960 1249 progrediatur,
991 1173 1088 1229 sed
1121 1173 1178 1227 in
1215 1173 1338 1242 ipso
1369 1185 1587 1240 semper
1630 1168 1868 1224 exsistat
1904 1167 1970 1221 “.
2010 1167 2132 1233 Quo

552 1273 723 1332 enim,
756 1282 967 1336 quaeso,
1000 1268 1125 1321 loco
1164 1271 1337 1326 esset,
1373 1264 1420 1318 si
1461 1272 1615 1318 extra
1650 1262 1830 1331 ipsum
1867 1259 2134 1314 excedat?

553 1361 688 1415 Nam
732 1361 860 1430 quia
908 1367 1106 1413 natura
1158 1365 1352 1412 nostra
1401 1356 1609 1410 caduca
1649 1363 1757 1420 est,
1806 1362 1859 1408 et
1893 1352 2130 1423 fragilis,

554 1452 627 1506 ob
654 1465 775 1504 eam
823 1464 1043 1520 quisque
1073 1462 1300 1503 causam
1335 1460 1521 1501 sermo
1555 1453 1744 1501 noster
1775 1446 2134 1501 subsistentia

555 1553 730 1596 caret.
786 1543 856 1594 At
910 1539 1086 1606 Deus,
1131 1553 1256 1592 cum
1319 1537 1693 1606 sempiternus
1741 1537 2134 1608 periectusque

555 1634 648 1695 sit,
686 1632 996 1701 perfectum
1038 1644 1266 1699 quoque
1301 1639 1357 1684 et
1397 1629 1738 1692 subsistens,
1770 1643 2010 1700 vereque
2036 1645 2138 1684 ειμ-

557 1725 764 1779 sistens
801 1722 1042 1778 Verbum
1077 1736 1237 1776 suum
1278 1720 1472 1786 habet;
1517 1728 1572 1775 et
1598 1721 1745 1789 quod
1787 1736 2008 1792 semper
2039 1722 2134 1788 sit,

555 1822 611 1869 et
634 1814 806 1878 vivat,
839 1821 895 1869 et
933 1813 1118 1868 omnia
1148 1812 1373 1873 habeat,
1407 1826 1525 1880 quae
1555 1809 1720 1865 Pater
1753 1812 1940 1867 habet.
1978 1809 2136 1866 Sicut

553 1905 702 1960 enim
753 1919 937 1960 sermo
993 1912 1185 1959 noster
1238 1919 1307 1957 ex
1356 1911 1543 1957 mente
1599 1903 2004 1973 progrediens,
2036 1918 2138 1960 nec

555 2010 792 2065 prorsus
827 2010 953 2048 cum
999 2003 1186 2049 mente
1236 1994 1379 2048 idem
1429 2002 1537 2056 est,
1596 2009 1699 2049 nec
1750 2011 1974 2051 rursum
2022 2011 2141 2050 om-

556 2086 689 2140 nino
714 2087 785 2141 ab
821 2101 884 2140 ea
928 2085 1184 2141 diversus
1237 2096 1546 2156 iquatenus
1592 2089 1742 2140 enim
1795 2103 1860 2142 ex
1913 2097 2134 2152 mente,

557 2174 830 2230 hactenus
866 2175 1011 2232 alius
1047 2182 1132 2230 est
1165 2190 1195 2229 a
1231 2183 1456 2240 mente;
1505 2186 1780 2246 quatenus
1826 2193 1956 2232 vero
1986 2193 2142 2233 men-

557 2271 668 2318 tem
726 2265 906 2336 ipsam
967 2267 1151 2335 palam
1214 2265 1449 2336 profert,
1504 2282 1616 2322 non
1665 2268 1779 2338 jam
1837 2283 2068 2338 prorsus
2107 2283 2139 2322 a

558 2364 745 2426 mente
795 2357 1052 2413 diversus
1103 2364 1226 2424 est,
1272 2370 1473 2412 verum
1516 2366 1715 2412 natura
1780 2358 2002 2428 quidem
2055 2365 2140 2414 est

559 2464 732 2505 unum
773 2463 898 2504 cum
939 2465 1024 2513 ea,
1057 2449 1310 2520 subjecto
1340 2459 1523 2506 autem
1557 2452 1625 2506 ab
1653 2452 1748 2506 illa
1775 2451 2082 2521 diversum)
2122 2469 2135 2505 :

559 2541 626 2594 ad
658 2539 910 2594 eumdem
948 2539 1172 2594 modum
1215 2539 1308 2596 Dei
1345 2557 1571 2612 quoque
1615 2541 1885 2604 Verbum,
1937 2553 2133 2610 quate-

562 2647 672 2685 nus
723 2645 824 2701 per
871 2645 930 2685 se
967 2631 1246 2694 subsistit,
1300 2633 1367 2688 ab
1415 2648 1480 2687 eo
1527 2633 1910 2701 distinguitur,
1949 2647 1976 2684 a
2025 2647 2134 2701 quo

2227 888 2344 942 ἀλλ’
2372 890 2432 944 ὲν
2473 889 2624 962 αὐτῷ
2663 891 2753 945 ἀεὶ
2805 890 2954 946 ὄντα.
2992 891 3103 945 Ποῦ
3137 892 3246 964 γὰρ
3294 893 3470 963 ἔσται,
3503 896 3608 964 ἔξω
3637 902 3806 956 αὑτοῦ

2229 982 2550 1054 γινόμενος;
2614 983 2833 1056 Ἐπειδὴ
2867 984 2976 1054 γὰρ
3009 987 3042 1055 ή
3079 985 3326 1058 ἡμετέρα
3352 987 3518 1057 φύσις
3543 991 3811 1062 ὲπίκηρός

2231 1077 2349 1128 ἐστι
2376 1114 2392 1140 ,
2423 1077 2521 1130 ua}.
2558 1076 2873 1140 εὐδιάλυτος
2899 1115 2913 1140 ,
2963 1075 3052 1130 διὰ
3099 1077 3257 1132 τοῦτο
3287 1079 3383 1134 καὶ
3412 1079 3442 1132 6
3471 1080 3630 1149 λόγος
3651 1081 3810 1152 ἡμῶν

2235 1169 2385 1222 ἔστιν
2417 1169 2810 1234 ἀνυπόστατος.
2852 1169 2914 1222 '0
2941 1169 2998 1222 δὲ
3023 1168 3157 1234 Θεὸς
3201 1170 3288 1224 ἀεὶ
3331 1170 3429 1235 ὢν,
3467 1173 3563 1227 καὶ
3607 1174 3811 1238 τέλειος

2233 1261 2330 1329 ὢν,
2379 1263 2475 1316 καὶ
2515 1262 2722 1318 τέλειον
2768 1262 2864 1316 καὶ
2896 1261 3262 1320 ὲννπόστατον
3305 1261 3415 1327 ἕξει
3462 1265 3556 1318 τὸν
3609 1266 3808 1324 tanta:

2233 1353 2428 1423 Λόγον,
2471 1355 2566 1408 xui.
2595 1354 2686 1408 ἀεὶ
2723 1353 2870 1418 ὄντα,
2903 1354 2997 1407 καὶ
3029 1351 3229 1416 ζῶντα,
3265 1355 3358 1407 καὶ
3404 1355 3581 1411 πάντα
3618 1357 3812 1428 ἔχοντα

2234 1447 2336 1500 ὅσα
2361 1449 2388 1500 6
2421 1447 2702 1517 γεννήτωρ
2735 1445 2870 1517 ἔχει.
2905 1447 3116 1515 Ὥσπερ
3145 1445 3255 1516 γὰρ
3293 1445 3323 1498 6
3349 1447 3618 1519 ἡμέτερος
3647 1449 3812 1518 λόγος

2237 1539 2302 1590 ὲκ
2325 1537 2420 1589 τοῦ
2462 1536 2557 1591 νοῦ
2585 1538 3010 1608 προερχόμενος,
3045 1535 3168 1589 οὔτε
3196 1536 3264 1589 δι’
3301 1536 3424 1590 ὅλου
3449 1539 3477 1591 6
3501 1539 3660 1602 αὑτός
3691 1542 3810 1594 ἐστι

2235 1627 2312 1698 τῷ
2337 1627 2431 1698 νῷ,
2460 1627 2584 1681 οὔτε
2614 1628 2960 1681 παντάπασιν
2989 1614 3176 1698 ἓέερος
3203 1644 3216 1656 ·
3247 1630 3311 1681 ἐκ
3340 1629 3432 1683 τοῦ
3461 1629 3552 1683 νοῦ
3579 1631 3678 1701 μὲν
3705 1633 3816 1704 γὰρ

2237 1720 2332 1782 ὢν,
2361 1720 2519 1784 ἄλλος
2564 1722 2682 1774 ἐστὶ
2713 1722 2846 1791 παρ’
2893 1718 3091 1774 αὑτόν·
3141 1716 3302 1773 αὐτὸν
3343 1720 3407 1774 δὲ
3444 1721 3540 1774 τὸν
3583 1721 3710 1775 νοῦν
3737 1725 3818 1786 εἰς

2236 1813 2548 1883 τούμφανὲς
2582 1812 2768 1881 ἄγων,
2819 1811 3003 1865 οὑκέτι
3057 1811 3405 1866 παντάπασιν
3456 1814 3647 1884 ἕτερός
3701 1816 3816 1870 ἐστι

2236 1903 2389 1976 παρὰ
2418 1904 2508 1956 τὸν
2550 1903 2695 1969 νοῦν,
2734 1903 2870 1958 ἀλλὰ
2899 1905 3041 1958 κατὰ
3067 1904 3167 1976 τὴν
3199 1903 3361 1974 φύσιν
3405 1904 3467 1958 ἓν
3491 1906 3592 1972 ὣν,
3628 1905 3816 1977 ἕτερόν

2239 1999 2354 2051 ἐστι
2377 1996 2454 2068 τῷ
2482 1996 2832 2068 ὑποκειμένῳ
2855 2011 2870 2027 ·
2896 1996 3070 2060 οὕτως
3099 1996 3195 2051 καὶ
3217 1997 3246 2049 6
3269 1995 3367 2050 τοῦ
3401 1997 3542 2052 Θεοῦ
3571 1998 3742 2064 Λόγος
3761 2007 3810 2064 Ρ,

2237 2087 2316 2157 τῷ
2351 2087 2450 2159 μὲν
2483 2088 2780 2158 ὑφεστάναι
2828 2089 2952 2142 καθ’
2994 2088 3226 2153 ἑαυτὸν,
3267 2088 3626 2160 διῄρηταιΠ)
3675 2089 3810 2160 πρὸς

2241 2180 2450 2232 ἐκεῖνον
2480 2177 2612 2247 παρ’
2641 2173 2702 2231 οὑ
2732 2177 2833 2248 τὴν
2865 2177 3166 2235 ὑπόστασιν
3188 2187 3217 2228 ει
3245 2177 3363 2248 ἔχει
3393 2193 3408 2206 ο
3443 2178 3518 2234 Τὸ
3544 2177 3604 2230 ὑὲ
3642 2175 3814 2229 ταῦτα

2235 2269 2502 2324 δεικνύειν
2531 2272 2588 2322 ὲν
2627 2268 2828 2340 ἑαυτῷ,
2875 2268 2911 2324 ἃ.
2943 2269 3070 2338 περὶ
3113 2268 3203 2322 τὸν
3250 2267 3384 2320 Θεὸν
3426 2266 3748 2337 καθορᾶται,
3785 2265 3815 2318 6

2236 2363 2396 2426 αὑτός
2439 2364 2555 2416 ἐστι
2598 2363 2744 2417 κατὰ
2785 2362 2885 2433 τὴν
2927 2361 3092 2432 φύσιν
3138 2359 3582 2430 ἑκείνῳ.”Ωστιερ
3608 2356 3720 2428 γὰρ
3751 2359 3815 2410 τὸ

2239 2455 2296 2506 ὲν
2336 2454 2510 2508 ἅπασι
2560 2454 2765 2508 τέλειον
2812 2455 2907 2506 ἐπὶ
2937 2452 3034 2506 τοῦ
3065 2451 3279 2524 Πατρὸς
3309 2450 3634 2521 θεωρεῖται,
3674 2447 3820 2502 οὕτω

2240 2545 2334 2598 καὶ
2387 2546 2482 2598 ἐπὶ
2531 2544 2625 2598 τοῦ
2674 2545 2736 2609 ἐξ
2785 2545 2951 2600 αὑτοῦ
2997 2543 3402 2616 γεγεννημένου
3455 2543 3631 2612 Λόγου
3686 2540 3822 2596 Osuio

2243 2637 2414 2705 ρεῖται
2442 2645 2487 2689 ι’.

561 2728 726 2782 habet
757 2735 816 2780 ut
845 2742 940 2796 per
964 2742 1023 2782 se
1053 2727 1324 2782 subsistat
1355 2744 1368 2781 :
1395 2735 1672 2797 quatenus
1706 2727 1863 2796 130
1882 2735 2063 2780 autent
2097 2729 2283 2783 eadem
2311 2731 2363 2782 in
2395 2732 2512 2799 ipso
2543 2728 2812 2788 ostendit,
2844 2743 2964 2798 quae
2985 2728 3041 2782 in
3066 2727 3178 2782 Deo
3201 2728 3646 2799 conspiciuntur,
3675 2725 3819 2784 idem

563 2828 763 2871 natura
797 2831 920 2870 cum
963 2816 1086 2886 ipso
1113 2824 1222 2871 est.
1255 2814 1733 2882 Quemadmodum
1767 2817 1912 2867 enim
1951 2815 2265 2870 omnimoda
2311 2818 2552 2888 undique
2583 2816 2849 2888 perfectio
2923 2817 2977 2870 in
3043 2817 3204 2871 Patre
3281 2816 3636 2887 perspicitur,

561 2913 683 2964 dem
717 2909 880 2968 etiam
915 2908 968 2962 in
1005 2907 1187 2962 Verbo
1216 2923 1279 2961 ex
1325 2909 1444 2976 ipso
1477 2908 1665 2977 genito
1704 2912 2013 2975 spectatur.

1191 3001 1344 3056 CAP.
1379 2999 1496 3055 γη.

667 3093 744 3147 De
771 3091 973 3162 Spiritu
1003 3102 1210 3158 sancto,
1249 3093 1492 3162 probatio
1515 3091 1674 3145 ducta
1707 3105 1771 3144 ea;
1800 3094 2025 3145 ratione.

634 3252 814 3308 Divini
863 3251 1100 3323 Spiritus
1167 3253 1232 3306 ab
1282 3252 1512 3305 humano
1561 3250 1866 3304 discrimen.
1899 3278 1962 3288 —
1994 3249 2135 3307 Suus

560 3362 779 3422 quoque
812 3344 997 3400 Verbo
1036 3345 1282 3415 Spiritus
1307 3345 1381 3399 sit
1416 3349 1657 3412 oportet.
1693 3340 1830 3396 Nam
1858 3357 1926 3396 ne
1955 3351 2143 3397 noster

563 3435 783 3504 quidem
816 3451 1001 3491 sermo
1031 3435 1267 3505 spiritus
1304 3439 1389 3489 est
1421 3447 1645 3502 expers.
1683 3430 1800 3485 Hoc
1831 3442 2014 3486 autem
2051 3432 2141 3486 in-

565 3535 647 3581 ter
688 3535 978 3596 utrumque
1022 3527 1286 3592 interest,
1328 3524 1474 3596 quod
1521 3525 1576 3578 in
1625 3524 1788 3581 nobis
1833 3524 2064 3594 spiritus
2105 3539 2137 3579 a

641 3704 680 3733 ³⁸
708 3703 866 3773 Grcg.
904 3703 1032 3775 Nys.
1068 3705 1288 3761 Catech.
1317 3721 1370 3760 c.
1401 3705 1454 3760 l.

3726 2829 3822 2871 ea.

2853 2994 3108 3049 ΚΕΦΑΛ.
3141 2993 3215 3049 Z'.

2243 3089 2385 3159 Περὶ
2422 3088 2527 3143 τοῦ
2561 3088 2906 3212 Πνεύματοὲ
2948 3087 3059 3212 Ξὲῦ
3076 3088 3298 3221 ξάγίου,
3334 3088 3821 3160 συλλογιστικὴι

2902 3173 2944 3210 π
3019 3173 3070 3210 et
3117 3175 3188 3221 ις.

2902 3173 3188 3221 ποσειζις.

2315 3253 2407 3303 Δεῖ
2439 3251 2496 3304 δὲ
2528 3249 2620 3302 τὸν
2648 3249 2820 3318 Λόγον
2861 3251 2954 3302 καὶ
2991 3248 3215 3318 Πνεῦμα
3251 3247 3513 3318 ἔχειν(8).
3546 3249 3661 3302 Καὶ
3687 3250 3822 3318 γὰρ,

2242 3343 2338 3395 καὶ
2363 3345 2391 3395 6
2425 3343 2691 3414 ἡμέτερος
2721 3341 2879 3409 λόγος
2909 3342 3010 3394 οὑκ
3037 3339 3260 3410 ἄμοιρός
3288 3340 3405 3393 ἐστι
3445 3339 3539 3392 τοῦ
3578 3341 3830 3409 πνεῦμα-

2243 3449 2331 3496 τος
2357 3450 2372 3463 ο
2405 3432 2519 3485 ἀλλ’
2561 3433 2644 3502 ἐφ’
2681 3432 2840 3503 ἡμῶν
2871 3431 2970 3503 μὲν
3017 3430 3078 3484 τὸ
3113 3429 3332 3499 πνεῦμα
3377 3429 3659 3502 ἀλλότριόν
3701 3431 3824 3486 ἔστι

2243 3524 2345 3594 τῆς
2371 3523 2650 3595 ἡμετέρας
2681 3523 2892 3588 οὐσίας.
2923 3522 3029 3577 Τοῦ
3066 3522 3227 3594 ἀέρος
3255 3521 3367 3594 γάρ
3395 3524 3545 3576 ἐστιν
3566 3521 3700 3594 ὁλκὴ
3725 3524 3822 3578 καὶ

1824 3797 1908 3852 VA
1921 3797 2061 3851 {ile
2102 3795 2505 3852 LECTIONES.

640 3901 668 3939 ιι
698 3886 754 3941 1η
795 3886 860 3958 Ii.
891 3888 1030 3940 2527
1072 3890 1290 3945 additur
1351 3893 1409 3956 ὃς
1440 3893 1586 3945 ἐστιν
1613 3893 1641 3944 ό
1684 3896 1816 3952 υἱός.
1893 3890 2078 3944 ςοοά.
2141 3890 2200 3944 S.
2251 3891 2358 3944 Nil.
2397 3889 2651 3954 ὕπαρξιν.
2713 3889 2807 3945 Sic
2863 3889 2998 3958 Reg.
3050 3889 3178 3952 duo,
3230 3897 3286 3944 et
3325 3884 3390 3943 T.
3433 3887 3819 3946 exsistentiam.

570 3959 746 4022 Edita,
776 3957 871 4027 τὴν
903 3958 1113 4026 γένεσιν
1148 3961 1445 4014 ὑπόστασιν
1476 3962 1610 4032 ἔχει.
1641 3959 1894 4016 Absurde
1927 3975 2178 4029 prorsus.

2259 3971 2280 3998 ι’
2313 3961 2468 4015 Edita
2501 3961 2809 4032 θεωρεῖται.
2888 3970 2910 3998 ³
2942 3959 3151 4014 Desunt
3186 3959 3300 4014 [nec
3329 3960 3382 4012 in
3406 3975 3539 4013 mss.

2083 4115 2315 4172 ΝΟΤᾹΞ.

569 4208 790 4274 dicitur,
823 4209 896 4274 es
937 4207 1042 4277 γὰρ
1067 4203 1132 4278 ἦν
1150 4208 1236 4261 ὅτε
1265 4207 1365 4260 οὑκ
1390 4202 1476 4276 ἦν’
1515 4204 1696 4278 Neque
1724 4206 1865 4278 enini
1887 4205 2138 4278 eratnu-

603 4279 800 4341 uando,
831 4275 957 4335 tum
991 4275 1100 4331 ille
1131 4293 1232 4330 non
1267 4275 1436 4338 esset;
1484 4276 1580 4329 sed
1629 4277 1793 4329 etiam
1835 4275 2138 4343 Sabellius,

615 4359 987 4409 amosatenus,
1021 4358 1073 4401 et
1103 4347 1417 4416 quicunque
1454 4345 1548 4399 alii
1602 4361 1784 4401 veram
1819 4346 2136 4401 consisten-

571 4421 701 4471 tiam
733 4419 907 4473 eidem
956 4415 1132 4471 Verbo
1163 4417 1504 4470 ademerunt.

643 4489 720 4556 ('7)
754 4489 1055 4556 Διῄρηται.
1096 4486 1171 4556 At)
1195 4502 1254 4556 eo
1281 4485 1662 4554 distinguitur;
1696 4485 1860 4540 Patre
1907 4484 2140 4540 scilicet.

571 4555 861 4612 Nonnullis
891 4559 1116 4612 verbum
1147 4555 1400 4626 διῄρηται
1427 4557 1730 4627 displicuit,
1761 4557 1889 4624 quia
1915 4556 2142 4610 divisio-

574 4641 694 4677 nem
730 4635 1016 4680 annueret.
1050 4628 1116 4679 At
1140 4627 1450 4696 Theologus
1477 4628 1608 4681 illud
1637 4627 1952 4696 frequenter
1981 4640 2142 4680 usur-

577 4702 689 4766 pat,
721 4696 786 4746 ad
813 4696 1108 4766 discrimen
1144 4696 1409 4749 duntaxat
1444 4712 1806 4766 personarum
1838 4696 2142 4766 enuntian-

575 4765 702 4838 dum
730 4781 742 4815 :
768 4781 832 4838 Av.
885 4779 968 4832 gr.
1004 4764 1131 4816 dum
1174 4766 1248 4838 ait
1280 4784 1294 4817 :
1331 4764 1594 4838 Ἒνήῦντα
1624 4765 1968 4838 διῃρημένως
1992 4809 2007 4831 ,
2048 4767 2144 4819 καὶ

573 4831 927 4903 διαιρούμενα
956 4833 1338 4903 σονημμένως,
1365 4851 1480 4903 qum
1505 4831 1968 4890 discreiinfunum
1995 4844 2141 4900 sunt,

573 4911 625 4975 et
648 4901 877 4975 discreta
904 4901 1243 4975 conjunctim.
1266 4903 1328 4953 Et
1349 4901 1609 4959 orat.54:
1638 4905 1922 4975 Fulgorem
1957 4921 2139 4972 unum,

575 4974 780 5048 ab_una
831 4971 1034 5048 Deitate
1067 4982 1462 5048 coruscantem,
1508 4976 1702 5040 ἑνικῶς
1733 4971 2140 5048 διαιρουμένηπ

573 5043 668 5094 καὶ
710 5042 1128 5116 συναπτομένην
1162 5041 1482 5116 ἁδιαιρὲτῳς
1507 5086 1520 5109 ,
1543 5046 1632 5113 qui
1675 5041 1993 5116 conjunctiin
2023 5041 2140 5100 dis-

571 5123 743 5188 cretus
777 5113 868 5172 sit,
892 5121 956 5188 .et
1002 5111 1276 5188 discretim
1334 5111 1641 5180 conjunctus
1664 5131 1683 5169 :
1718 5111 1781 5169 id'
1819 5117 1957 5188 quod
1990 5117 2142 5188 plane

573 5182 765 5237 mentis
819 5181 985 5255 aciem
1034 5181 1220 5255 fngit._
1245 5184 1512 5235 Sescenta
1564 5194 1692 5240 sunt
1739 5181 1846 5241 tani
1878 5181 2138 5255 tthIOgi,

572 5268 738 5323 quam
801 5251 1414 5326 reliquoritiii_i’atriiiii
1473 5255 1623 5319 loca,
1677 5258 1877 5325 quibus
1934 5251 2140 5326 διαιρέέ

574 5340 714 5386 σεως
746 5323 968 5378 nomine
998 5323 1217 5377 nonnisi
1249 5323 1543 5378 discrimen
1591 5326 1666 5378 rei
1697 5323 1874 5381 iunius
1931 5329 1999 5379 ab
2035 5323 2139 5379 alia

573 5396 894 5464 enuntiatur
947 5411 961 5448 :
1020 5405 1182 5464 atque
1223 5395 1328 5446 hoc
1387 5408 1552 5449 sensu
1601 5411 1723 5449 cum
1773 5398 2137 5450 contractioni

577 5461 920 5524 Sabelliarne,
964 5461 1341 5517 tum'Ariaure
1369 5465 1628 5520 divisioni
1662 5465 2007 5520 adversatur.
2041 5466 2141 5520 Le-

577 5533 721 5602 gesis
751 5534 931 5587 denuo
969 5535 1094 5587 Naz.
1132 5543 1272 5587 orat.
1302 5534 1393 5598 ‘29,
1429 5552 1482 5602 p.
1512 5537 1637 5588 489.

645 5600 722 5668 (8)
763 5602 862 5676 Ae_i_
892 5603 998 5676 tor
1048 5605 1244 5676 Adfor
1272 5603 1368 5657 καὶ
1409 5600 1476 5656 ἰίύ
1506 5607 1746 5673 Πνεῦμα
1774 5605 1956 5676 ἔχειν.
2000 5605 2139 5660 Suus

577 5682 777 5737 quoque
821 5669 984 5746 V_erbo
1013 5675 1080 5726 sit
1113 5673 1344 5746 Spiritus
1376 5686 1594 5746 oportet.
1628 5669 1842 5741 Graeci:
1863 5687 1975 5730 tum
2015 5693 2140 5746 pro-

581 5746 699 5801 pter
753 5740 989 5792 nativam
1025 5744 1300 5796 nutioucm
1335 5760 1494 5810 quam
1549 5744 1783 5813 Spiritus
1811 5740 2029 5801 nomen-
2053 5749 2138 5802 in-

2247 4208 2410 4277 gerit,
2452 4214 2566 4259 tum
2602 4205 2692 4277 ob,
2731 4205 2834 4260 hoc
2873 4203 3172 4273 Scriptura:
3233 4203 3479 4277 cgnitum,
3528 4213 3576 4258 et
3613 4202 3821 4272 Spiritu

2244 4273 2353 4331 oris
2388 4277 2500 4346 ejus
2551 4276 2721 4330 omnis
2771 4277 2938 4346 virtus
2983 4290 3204 4346 eorum,
3267 4273 3534 4346 Spiritum
3569 4283 3818 4346 sanctum

2247 4343 2448 4402 docent
2477 4362 2507 4400 a
2543 4346 2704 4415 Patre
2744 4345 3039 4415 procedere
3072 4343 3234 4415 ﬂatus
3277 4343 3642 4415 instaruquem
3682 4343 3823 4415 Deus

2248 4417 2577 4486 proferendo
2594 4413 2831 4469 Verbum
2854 4415 3089 4486 emittat.
3117 4414 3205 4486 Ait
3224 4415 3424 4486 quippe
3447 4413 3819 4486 Noster_,_int‘_r.

2247 4483 2297 4540 ὸ.
2333 4487 2399 4542 15
2423 4527 2437 4549 ,
2478 4485 2702 4540 Nullum
2732 4487 2843 4538 sine
2871 4483 3077 4550 Spiritu
3113 4484 3399 4551 impulsum
3429 4498 3569 4547 esse,
3597 4483 3822 4552 οὑδεμῑα

2244 4558 2354 4628 γὰρ
2409 4556 2555 4628 ὁρμὴ
2607 4555 2737 4609 ἄνευ
2787 4554 3117 4623 πνεύματος.
3178 4552 3330 4628 Adeo
3369 4563 3591 4628 _tamen_
3622 4563 3678 4606 ut
3732 4554 3826 4628 ille

2247 4622 2492 4695 Spiritus
2513 4622 2607 4679 Dei
2639 4640 2748 4680 non
2782 4622 3108 4695 evanescat,
3148 4622 3455 4695 seddivina
3510 4623 3826 4695 substantia

2245 4690 2319 4751 sit
2356 4707 2411 4751 et
2440 4699 2558 4766 ipse
2586 4697 2749 4750 Deus.
2780 4695 2855 4746 ιω
2885 4694 3203 4766 Gregorius
3244 4691 3523 4766 Nissenius
3552 4690 3819 4766 disp_ut.it;

2245 4767 2316 4821 ita
2370 4760 2778 4829 Naiianzenus,
2816 4771 2959 4818 orat.
2997 4760 3035 4826 ἶ,
3063 4762 3096 4816 5
3121 4780 3135 4829 ;
3165 4760 3399 4829 Cyrillus
3428 4761 3608 4823 Alex.,
3661 4760 3824 4816 Thes.

2244 4846 2446 4892 assert.
2477 4839 2567 4899 3i,
2603 4837 2734 4891 dial.
2765 4835 2800 4887 2
2834 4833 2908 4886 De
2938 4832 3090 4887 Trin.
3125 4849 3177 4901 p.
3203 4829 3429 4901 415;_et
3455 4830 3512 4901 7,
3543 4845 3596 4897 p.
3625 4829 3734 4884 654
3770 4843 3824 4885 et

2244 4907 2369 4961 64-0.
2408 4908 2488 4961 ita
2515 4897 2756 4969 demum,
2795 4914 2851 4957 ut
2882 4903 3020 4956 alios
3075 4897 3309 4965 taceam,
3358 4897 3614 4964 Basilius,
3663 4901 3760 4955 lib.
3793 4917 3822 4954 v

2245 4976 2400 5032 Cont.
2457 4977 2683 5029 Eunoni.
2719 4982 2773 5029 et
2805 4975 2899 5028 lib.
2935 4973 3010 5025 De
3056 4971 3259 5040 Spiritu
3306 4978 3512 5031 sancto,
3561 4985 3690 5039 cap.
3735 4970 3824 5033 18,

2243 5051 2403 5102 ducet
2450 5047 2715 5117 Spiritum
2758 5060 2887 5117 esse
2927 5059 2992 5117 es
3025 5041 3170 5117 Deo,
3213 5057 3312 5094 non
3356 5040 3624 5117 quomodo
3660 5055 3724 5093 ex
3767 5058 3827 5094 eo

2241 5128 2365 5172 sunt
2421 5109 2620 5180 oninia,
2674 5116 2764 5168 sed
2817 5124 2874 5166 ut
2929 5112 2994 5165 ab
3050 5115 3162 5181 ipso
3213 5109 3470 5181 procedit,
3518 5125 3824 5181 nongene-

2236 5190 2449 5242 ratione
2495 5179 2654 5240 veluti
2723 5182 2937 5247 Filius,
2989 5179 3104 5236 ἀλλ’
3151 5181 3224 5244 ὡς
3279 5179 3506 5249 Πνεῦμα
3557 5180 3826 5249 στόματος

2243 5258 2432 5323 αὑτοῦ,
2461 5258 2550 5311 sed
2582 5268 2831 5324 tanquam
2857 5251 3230 5324 Spiritusoris
3264 5251 3399 5318 ejus.
3431 5252 3738 5324 Etsi__ueque
3762 5265 3826 5324 os

2243 5328 2378 5380 illud
2412 5320 2701 5382 membr-uni
2733 5335 2829 5385 est,
2870 5320 2961 5378 nec
3012 5322 3248 5389 Spiritus
3283 5330 3360 5374 est
3400 5320 3689 5383 anhelitus,
3723 5321 3830 5372 sive

2242 5415 2404 5467 vapor
2433 5411 2762 5456 evanescens,
2789 5394 2879 5467 sed
2908 5409 2965 5446 os
2998 5395 3214 5467 dicitur,
3247 5391 3384 5460 quod
3417 5389 3589 5467 Deunt
3613 5392 3829 5467 deccat;

2241 5461 2560 5535 et'Spiritns
2615 5474 2692 5518 est
2739 5464 3045 5518 substantia
3111 5461 3828 5535 virens,Usanctiﬁcationis

2242 5531 2478 5603 domina,
2511 5550 2563 5589 ut
2600 5548 2708 5590 tum
2741 5537 2936 5589 veritas
2967 5545 3180 5586 natura:
3205 5531 3492 5597 manifesta
3517 5532 3607 5603 sit,
3647 5539 3753 5603 tun;
3783 5538 3829 5581 et

2241 5601 2534 5662 cxsistcndi
2571 5608 2760 5660 modus
2807 5603 3096 5671 ine/[abitis
3132 5612 3494 5656 conservetur.
3527 5601 3834 5671 Gregorius

2245 5677 2586 5741 Scholarius,
2608 5679 2699 5730 lib.
2729 5693 2740 5729 t
2771 5669 2925 5727 Cant.
2985 5671 3189 5732 Latin.,
3219 5672 3282 5724 de
3328 5687 3561 5740 process.
3596 5669 3834 5736 Spiritus

2242 5751 2414 5802 sancti
2456 5760 2589 5803 sect.
2639 5748 2693 5814 lt,
2733 5747 2995 5814 Spiritum
3047 5750 3304 5796 sanctum
3337 5741 3514 5810 ὁρμὴν
3544 5755 3668 5794 esse
3699 5754 3838 5793 con-
