4116 6150
339 345 444 408 805

1431 341 1530 401 DE
1570 341 1750 400 FIDE
1777 340 1879 400 ΟΒ
1897 339 2242 400 ΓΙῘΟΠΟΧΛ
2285 341 2430 402 LIB.
2469 342 2496 400 Ι

3482 339 3586 406 806

341 459 504 527 φορὰ,
542 455 944 526 εἱσελιιομένου,
984 455 1079 509 καὶ
1108 455 1476 526 προχεομένου
1514 455 1649 527 πρὸς
1692 455 1790 526 τὴν
1815 453 1910 506 τοῦ

2029 453 2331 509 substantia
2389 459 2582 508 nostra
2637 450 2850 509 alienus
2905 462 3010 509 est.
3060 452 3219 509 Acris
3272 457 3474 523 quippe
3506 464 3588 507 at-
3688 489 3694 497 ρ

343 548 595 617 σώματος
624 546 901 602 σύστασιν.
931 549 1108 618 Ὅπερ
1136 548 1193 600 ὲν
1233 545 1314 617 τῷ
1339 545 1518 616 καιρῷ
1543 548 1641 616 τῆς
1668 546 1914 616 ἐκφωνή-

343 655 480 700 σεως
532 638 688 707 φωνὴ
724 637 885 707 λόγου
921 639 1171 707 γίνεται,
1207 637 1307 707 τὴν
1356 636 1450 689 τοῦ
1487 637 1644 704 λόγου
1681 637 1914 706 δύναμιν

341 728 398 780 έν
445 727 613 798 ἑαυτῇ
657 727 966 798 φανεροῦσα
997 731 1036 782 ι.
1095 727 1221 780 Ἐπὶ⁹
1260 727 1318 780 δὲ
1357 725 1458 794 τῆς
1504 724 1656 788 θείας
1700 725 1916 794 φύσεως

339 818 437 888 τῆς
473 821 651 891 ἁπλῆς
683 821 778 874 καὶ
799 819 1120 886 ἀσυνθέτου,
1141 819 1203 871 τὸ
1237 819 1335 889 μὲν
1364 812 1505 871 εἶναι
1529 817 1754 885 Πνεῦμα
1781 813 1915 869 Θεοῦ

343 909 582 972 εὐσεϐῶς
630 910 1019 980 ὁμολογητέον,
1061 909 1147 962 διὰ
1197 909 1258 961 τὸ
1306 910 1380 978 μὴ
1430 903 1571 960 εἶναι
1614 908 1704 960 τὸν
1745 907 1918 976 Λόγον

344 1000 726 1070 ἐλλιπέστερον
758 999 854 1052 τοῦ
893 999 1164 1070 ἡμετέρου
1195 999 1378 1066 λόγου.
1426 999 1540 1052 Οὐκ
1591 998 1707 1051 ἐστι
1738 998 1796 1051 δὲ
1829 998 1918 1050 εῦ-

348 1090 505 1152 σεὸὲς
537 1090 813 1161 ἀλλότριόν
851 1108 903 1143 τι
947 1089 1150 1156 ἔξωθεν
1189 1091 1648 1162 ὲπεισερχόμενον
1689 1088 1767 1160 τῷ
1799 1087 1920 1159 Θεῷ

348 1180 657 1249 λογίζεσθαι
696 1183 756 1234 τὸ
799 1182 1054 1252 Πνεῦμα,
1089 1182 1163 1244 ὡς
1209 1183 1302 1235 καὶ
1343 1182 1428 1252 ἐφ’
1457 1182 1612 1252 ἡμῶν
1656 1183 1753 1235 τῶν
1792 1197 1920 1234 συν-

349 1273 537 1326 θέτων.
588 1272 727 1324 Ἀλλ’
756 1273 946 1342 ὥσπερ
990 1272 1125 1325 Θεοῦ
1174 1272 1344 1341 Λόγον
1377 1271 1709 1335 ἀκούσανεες
1732 1279 1781 1337 υ,
1820 1270 1921 1323 οῦκ

350 1365 740 1427 ἀνυπόστατον,
772 1365 892 1417 οὐδὲ
920 1366 983 1417 ὲκ
1011 1364 1302 1436 μαθήσεως
1329 1365 1776 1436 προσγινόμενον,
1799 1361 1921 1416 οὐδὲ

351 1457 438 1510 διὰ
478 1457 663 1525 φωνῆς
702 1455 1146 1526 προφερόμενον,
1195 1455 1315 1508 οὐδὲ
1361 1456 1442 1518 εἰς
1467 1455 1606 1526 ἀέρα
1639 1453 1919 1524 χεόμενον,

350 1549 444 1601 καὶ
464 1547 761 1617 λυόμενον,
801 1547 1096 1616 ᾠήθημεν,
1145 1546 1260 1600 ἀλλ’
1301 1545 1574 1608 οὐσιωδῶς
1615 1544 1922 1614 ὑφεστῶτα,

357 1638 740 1710 προαιρετικόν
770 1656 863 1705 τε,
907 1639 1002 1692 καὶ
1039 1640 1291 1709 ἐνεργὸν,
1341 1640 1436 1692 καὶ
1479 1637 1920 1706 παντοδύναμον·

350 1731 496 1784 οὓτω
529 1731 623 1785 καὶ
663 1729 886 1800 Πνεῦμα
919 1729 1299 1800 μεμαθηκότες
1333 1727 1471 1782 Θεοῦ
1493 1767 1508 1792 ,
1537 1729 1600 1780 τὸ
1639 1743 1925 1798 συμπαρο-

2011 546 2218 599 tractio
2247 553 2300 599 et
2333 545 2565 600 emissio
2609 552 2714 611 est,
2771 544 2864 615 qui
2904 545 3091 600 tuendi
3132 545 3388 616 corporis
3418 560 3590 600 causa

2015 639 2264 694 vicissim
2329 637 2624 692 attrahitur
2666 645 2721 692 et
2768 638 3154 708 profunditur;
3189 653 3252 693 ac
3293 638 3591 692 locutionis

2016 735 2263 796 tempore
2313 729 2589 782 sermonis
2629 742 2730 782 τοι
2765 726 3021 795 edicitur,
3072 727 3351 784 sermonis
3382 729 3492 783 vim
3532 730 3590 785 in

2019 836 2076 876 se
2105 821 2223 890 ipsa
2259 835 2516 890 promens
2546 821 2612 876 ³⁸.
2649 821 2718 874 At
2751 820 2806 874 in
2841 820 3032 876 divina
3061 831 3286 889 natura,
3308 836 3430 892 qua:
3453 821 3591 876 sim‘

2021 911 2140 980 plex
2179 919 2284 976 est,
2327 925 2430 966 nec
2481 911 2760 966 ullatenus
2807 913 3136 982 composita,
3189 912 3336 984 quod
3369 913 3592 982 quidem

2021 1003 2113 1058 Dei
2151 1001 2390 1072 Spiritus
2423 1003 2515 1069 sit,
2551 1004 2638 1073 pie
2671 1003 3042 1058 confitendum
3073 1014 3156 1061 est
3190 1007 3407 1077 (neque
3439 1006 3587 1059 enim

2021 1094 2117 1149 Dei
2173 1093 2416 1151 Verbum
2465 1095 2650 1150 minus
2680 1095 2812 1164 quid
2847 1105 3038 1151 nostro
3091 1112 3344 1153 sermone
3372 1099 3439 1152 ad
3473 1113 3597 1167 per—

2023 1186 2312 1241 fectionem
2364 1187 2590 1257 habet).
2645 1185 2915 1241 Caeterum
2967 1187 3286 1244 existimare
3333 1189 3595 1260 Spiritum

2022 1277 2260 1331 alienum
2307 1277 2566 1348 quiddam
2605 1291 2748 1342 esse,
2785 1276 2931 1346 quod
2964 1275 3076 1332 Deo
3109 1277 3455 1333 extrinsecus
3503 1279 3598 1332 ad-

2022 1367 2228 1432 veniat,
2265 1376 2323 1421 ut
2356 1367 2411 1421 iu
2455 1366 2616 1422 nobis
2654 1369 2745 1437 qui
2780 1368 3101 1436 compositae
3130 1378 3339 1422 naturae
3370 1384 3597 1428 sumus.

2024 1455 2130 1511 hoc
2162 1471 2192 1510 a
2233 1457 2439 1527 pietate
2487 1457 2763 1513 abhorret.
2807 1458 2950 1522 Quin
2973 1458 3180 1528 potius,
3219 1466 3300 1524 ut,
3343 1475 3470 1513 cum
3506 1457 3601 1514 Dei

2024 1547 2264 1602 Verbum
2323 1546 2603 1610 audimus,
2669 1561 2777 1600 non
2854 1546 3126 1614 ejusmodi
3198 1548 3426 1602 verbum
3479 1563 3607 1604 esse

2025 1641 2359 1693 arbitramur
2388 1637 2534 1708 quod
2566 1638 2926 1694 subsistentia
2961 1649 3165 1705 careat,
3223 1641 3304 1695 vel
3347 1641 3602 1695 doctrina

2027 1737 2400 1799 comparetur,
2448 1731 2531 1784 vel
2586 1745 2719 1784 voce
2769 1728 3108 1800 proferatur,
3171 1732 3254 1785 vel
3307 1733 3362 1786 in
3416 1747 3603 1786 aerem

355 1821 596 1894 μαρτοῦν
627 1821 703 1893 τῷ
733 1822 913 1892 Λόγῳ,
962 1822 1055 1874 καὶ
1099 1819 1368 1891 φανεροῦν
1412 1818 1577 1874 αὑτοῦ
1623 1819 1723 1889 τὴν
1782 1817 1926 1886 ἐνέρ-

2032 1793 2313 1876 dilabatur
2348 1830 2401 1876 et
2429 1827 2724 1876 evanescat
2762 1793 2788 1888 ,-
2839 1820 2934 1876 sed
2983 1821 3128 1891 quod
3168 1822 3609 1878 substantialiter

352 1931 505 1981 γειαν
531 1954 545 1978 ,
587 1915 650 1966 οῦ
693 1913 862 1984 πνοὴν
893 1913 1264 1966 ἀνυπόστατον
1295 1909 1602 1981 ἐννοοῦμεν.
1637 1908 1794 1962 Οὓτω
1821 1908 1928 1979 γὰρ

353 2009 419 2061 ἂν
448 2007 793 2078 καθαιρεϊται
825 2009 964 2079 πρὸς
998 2006 1364 2076 ταπεινότητα
1409 2005 1470 2058 τὸ
1501 2002 1788 2074 μεγαλεῖον
1831 2001 1931 2071 τῆς

355 2097 504 2160 θείας
531 2097 767 2167 φύσεως,
800 2099 847 2150 εἱ
877 2097 998 2150 καθ’
1030 2098 1324 2167 ὁμοιότητα
1348 2095 1441 2148 τοῦ
1466 2093 1738 2164 ἡμετέρου
1768 2090 1933 2145 πνεύ-

359 2207 558 2261 ματος,
597 2190 690 2243 καὶ
736 2191 798 2244 τὸ
847 2192 904 2242 ὲν
957 2189 1109 2259 αὐτῷ
1160 2187 1384 2258 Πνεῦμα
1439 2188 1756 2240 ὑπονοοϊτο·
1795 2184 1932 2238 ἀλλά

359 2281 591 2351 δύναμιν
629 2281 896 2352 οὑσιώδη,
931 2281 1104 2351 αὐτὴν
1147 2280 1348 2350 ἑαυτῆς
1384 2282 1443 2333 ὲν
1491 2277 1765 2349 ἱδιαζούσῃ
1795 2278 1930 2330 ὑπο-

358 2375 546 2427 στάσει
578 2372 978 2443 θεωρουμένην,
1010 2372 1104 2425 και
1131 2371 1223 2424 τοῦ
1250 2371 1458 2442 Πατρὸς
1495 2368 1930 2440 προερχομένην,

357 2465 452 2517 καὶ
484 2465 540 2518 ὲν
567 2463 645 2534 τῷ
673 2465 830 2534 Λόγῳ
869 2464 1291 2534 ἅναπαυομένην
1311 2463 1412 2534 (9),
1448 2464 1544 2516 καὶ
1571 2460 1735 2514 αὑτοῦ
1768 2457 1935 2514 οὖσαν

357 2555 690 2626 ὲκφαντικὴν
717 2598 732 2621 ,
773 2553 896 2608 οὔτε
947 2554 1280 2626 χωρισθῆναι
1318 2554 1413 2607 τοῦ
1440 2552 1576 2607 Θεοῦ
1625 2554 1682 2605 ἒν
1715 2545 1760 2620 ᾧ
1793 2555 1930 2619 ἐστι,

361 2649 452 2698 καὶ
484 2647 578 2699 τοῦ
612 2646 770 2713 λόγου
795 2689 810 2712 ,
909 2648 1369 2716 συμπαρομαρτεῖ
1395 2688 1408 2710 ,
1439 2644 1780 2716 δυναμένην,
1808 2642 1932 2696 οὔτε

360 2739 498 2808 πρὸς
530 2738 591 2792 τὸ
624 2738 972 2807 ἀνύπαρκτον
1001 2738 1403 2808 ἀναχεομένην,
1439 2736 1576 2790 ἀλλὰ
1601 2735 1721 2788 καθ’
1753 2735 1936 2805 ὁμοιό-

358 2845 494 2897 τητα
528 2829 622 2881 τοῦ
656 2829 814 2896 λόγου
850 2827 970 2880 καθ’
1009 2828 1306 2881 ὑπόστασιν
1353 2808 1542 2892 οὖσαν,
1575 2827 1776 2892 ζῶσαν,
1809 2844 1938 2898 προ-

359 2919 667 2989 αιρετικὴν,
699 2919 1076 2989 αὐτοκίνητον,
1104 2918 1351 2987 ἐνεργὸν,
1387 2919 1617 2972 πάντοτε
1643 2919 1704 2971 τὸ
1732 2917 1937 2986 ἀγαθὸν

361 3010 661 3073 θέλουσαν,
701 3010 796 3062 καὶ
847 3010 983 3080 πρὸς
1031 3011 1211 3062 πᾶσαν
1260 3009 1584 3079 πρόθεσιντ,
1635 3009 1938 3080 σύνδρομον

2025 1914 2313 1976 consistat,
2363 1912 2548 1982 sitque
2618 1913 2791 1967 libera
2847 1913 3132 1968 voluntate
3190 1915 3502 1983 praeditum,
3549 1921 3608 1970 et

2026 2004 2237 2068 cllicax,
2288 2014 2453 2074 atque
2495 2003 2849 2074 omnipotens
2883 2021 2897 2058 :
2934 2003 3123 2059 eodem
3157 2005 3320 2059 modo
3353 2020 3478 2059 cum
3508 2003 3606 2060 Dei

2029 2096 2294 2166 Spiritum
2327 2094 2420 2150 Dei
2455 2093 2618 2150 Verbi
2649 2097 2926 2162 comitem,
2963 2095 3252 2166 ipsiusque
3282 2095 3390 2150 vim
3419 2095 3606 2150 decla-

2031 2199 2249 2244 rantem
2295 2189 2578 2248 docemur,
2613 2203 2724 2242 non
2757 2187 2941 2241 ﬂatum
2974 2186 3265 2257 quemdam
3302 2187 3607 2243 subsisten-

2030 2280 2106 2332 tia
2139 2279 2459 2333 destitutum
2491 2279 2676 2333 animo
2706 2279 3054 2348 concipimus
3082 2279 3200 2349 (sic
3231 2279 3375 2334 enim
3413 2279 3608 2334 divinae.

2031 2378 2244 2424 natura:
2289 2370 2548 2438 majestas
2597 2371 2651 2424 in
2711 2370 3081 2424 humilitatem
3109 2369 3532 2440 deprimeretur,
3562 2371 3611 2426 si

2035 2461 2328 2533 Spiritum,
2363 2464 2457 2532 qui
2519 2461 2574 2516 in
2635 2476 2698 2517 ea
2746 2471 2852 2528 est,
2885 2463 3116 2532 Spiritus
3168 2463 3346 2518 nostri
3382 2463 3615 2518 similem

2035 2568 2159 2608 esse
2192 2553 2644 2621 conjiceremus),
2673 2553 2769 2608 sed
2818 2553 2926 2608 vim
2981 2554 3424 2620 substantialem,
3463 2570 3617 2626 qua:-

2039 2659 2148 2714 que
2200 2642 2318 2713 ipsa
2367 2658 2461 2712 per
2489 2658 2550 2698 se
2591 2643 2645 2697 in
2697 2643 2918 2713 propria
2964 2658 3027 2698 ac
3083 2643 3344 2700 distincta
3382 2660 3620 2716 persona

2042 2735 2446 2798 consideretur,
2482 2744 2646 2805 atque
2676 2750 2708 2789 a
2742 2733 2904 2790 Patre
2935 2736 3222 2805 procedat,
3255 2745 3310 2791 et
3345 2738 3400 2792 in
3437 2737 3620 2794 Verbo

2043 2827 2428 2897 conquiescat,
2465 2826 2757 2896 ipsumque
2799 2826 3046 2882 declaret
3069 2835 3122 2883 et
3154 2828 3425 2898 exprimat
3453 2848 3466 2884 :
3499 2845 3622 2900 quae

2043 2927 2330 2988 praeterea,
2369 2934 2467 2972 nec
2496 2933 2526 2972 a
2559 2916 2666 2972 Deo
2715 2919 2769 2971 in
2803 2933 2914 2988 quo
2947 2927 3056 2985 est,
3101 2934 3201 2974 nec
3235 2936 3264 2973 a
3301 2917 3482 2975 Verbo
3513 2936 3620 2975 cu-

2040 3010 2134 3081 jus
2162 3025 2348 3065 cernes
2374 3019 2479 3073 est,
2525 3010 2769 3082 disjungi
2825 3020 3039 3082 queat:
3101 3028 3202 3068 nec
3261 3014 3494 3085 denique
3548 3015 3624 3069 ita

361 3101 594 3171 ἔχουσαν
662 3103 728 3172 τῇ
783 3075 1031 3171 βουλήσει
1081 3101 1180 3172 τὴν
1234 3075 1502 3171 δύναμιν,
1573 3103 1709 3170 μήτε
1767 3075 1926 3172 domi

2041 3075 2347 3167 dilabatur,
2375 3111 2435 3157 ut
2465 3075 2690 3156 omnino
2720 3075 3096 3159 esse'dcsinat
3136 3104 3202 3171 ⁸⁶;
3239 3075 3429 3159 verum
3464 3104 3619 3174 131

364 3193 619 3262 ἔχουσαν,
656 3192 794 3262 μήτε
825 3192 999 3256 τέλος.
1025 3193 1100 3244 Οὐ
1122 3192 1229 3262 γὰρ
1257 3191 1498 3261 ἐνέλειψέ
1521 3208 1651 3244 ποτε
1667 3191 1742 3261 τῷ
1763 3193 1943 3266 Πατρὶ

365 3281 558 3348 Λόγος,
586 3278 710 3332 οὔτε
740 3279 817 3349 τῷ
843 3281 1002 3350 Λόγῳ
1031 3281 1274 3351 Πνεῦμα.

2051 3209 2206 3264 aeque
2239 3207 2303 3247 ac
2346 3192 2607 3256 Verbmn,
2657 3209 2754 3263 per
2786 3209 2868 3261 se,
2919 3195 3086 3265 inque
3138 3210 3373 3265 persona
3400 3195 3624 3265 propria

2052 3285 2343 3346 consistat,
2370 3285 2537 3351 vivat,
2579 3286 2752 3343 libere
2795 3289 2948 3352 velit,
3000 3295 3195 3357 suapte
3239 3285 3289 3340 vi
3317 3295 3623 3350 moveatur,

367 3370 556 3424 eﬂicax
628 3371 735 3434 sit,
795 3371 998 3425 bonum
1068 3387 1288 3442 semper
1336 3372 1486 3437 velit,
1547 3383 1710 3443 atque
1761 3375 1827 3430 ad
1887 3377 1942 3432 id
1979 3393 2164 3440 onme,
2197 3375 2342 3444 quod
2395 3374 2724 3441 decreverit,
2751 3385 3174 3432 concurrentem
3235 3393 3360 3432 cum
3423 3378 3623 3432 volun-

371 3472 478 3516 tate
507 3464 811 3532 potentiam
855 3463 1076 3526 babcat,
1110 3465 1344 3536 ejusque
1385 3473 1598 3521 naturae
1659 3468 1750 3531 sit,
1793 3477 1851 3522 ut
1882 3485 1982 3525 nec
2025 3469 2352 3539 principium
2402 3467 2684 3535 habuerit,
2734 3485 2834 3524 nec
2884 3469 3042 3524 tinem
3094 3469 3346 3525 habitura
3391 3471 3482 3526 sit.
3517 3467 3627 3524 Ne-

369 3570 477 3623 que
503 3556 648 3608 enim
685 3551 1102 3622 PatriVerbum
1133 3572 1373 3626 unquam
1400 3556 1598 3621 defuit,
1634 3573 1736 3612 nec
1766 3558 1943 3614 Verbo
1984 3558 2251 3632 Spiritus.

440 3645 624 3708 Οὕτως
657 3645 746 3699 διὰ
775 3648 871 3716 μὲν
899 3647 998 3718 τῆς
1033 3647 1172 3702 κατὰ
1199 3648 1360 3717 φύσιν
1387 3649 1656 3720 ἑνότητος,
1693 3652 1728 3713 ἡ
1757 3651 1923 3704 πολύ-

447 3801 489 3833 "
521 3799 679 3873 (λι-ος.
710 3802 870 3873 Nyss.
903 3803 1174 3858 Cateclt.c.
1206 3805 1258 3858 Ξ.

2155 3644 2821 3704 TrinitateGentilismuset
2846 3647 3160 3704 Judaismus
3182 3647 3402 3718 exitiosi.
3428 3677 3488 3688 -—
3516 3648 3628 3704 At—

1337 3805 1381 3835 ³⁶
1401 3803 1564 3875 Greg.
1597 3803 1726 3858 Naz.
1753 3813 1893 3860 orat.
1919 3803 1985 3856 57
2014 3814 2068 3859 et
2096 3804 2186 3858 44.

1641 3918 1872 3974 γΑιιιΑξ
1910 3915 2315 3975 LECTIONES.

447 4057 467 4094 ί
498 4055 641 4109 Edit.
681 4055 790 4123 ltcg

375 4134 409 4199 '_
437 4127 637 4181 Oruucs
667 4141 805 4195 pene
843 4125 1000 4180 codd.
1032 4127 1268 4194 θέλησιν.

795 4071 868 4124 g.,
907 4055 1180 4130 et_lil_).r_De
1211 4056 1399 4108 Trinit.
1437 4053 1578 4124 apud
1604 4053 1658 4108 S.
1693 4054 1877 4125 Cyrill.
1909 4053 2175 4125 φέρουσα.
2250 4067 2277 4096 ιι
2305 4055 2438 4110 Cod.
2479 4063 2535 4112 et
2566 4055 2716 4128 Regii
2749 4057 3106 4123 ιάκοὺοντες.
3148 4059 3239 4114 Sic
3257 4061 3398 4130 apud
3436 4057 3627 4129 Cyrill.

1871 4218 2106 4274 NOTAE.

373 4316 540 4374 cedit.
577 4317 853 4388 υῦτωνκαι
880 4313 941 4367 τὸ
969 4308 1413 4388 ἕιγιονᾘνεῦμιι.3
1454 4307 1644 4388 ὥσπερ
1682 4308 1827 4388 ὁρμῇ
1854 4310 1946 4388 διαὶ

375 4389 626 4457 κίνησις,
675 4386 932 4457 ἐνδοτέρα
980 4377 1079 4452 τῆς
1131 4377 1444 4457 ὑπερφυοῦς
1480 4377 1728 4457 ἐκείνης’
1757 4377 1944 4457 οὐσίας

374 4449 621 4524 γίνεταιλ
660 4457 747 4512 Sic
777 4449 1010 4525 Spiritus
1038 4449 1257 4504 sanctus
1283 4449 1552 4525 artius-tor
1576 4459 1653 4502 est
1683 4449 1944 4525 impulsus

375 4519 948 4596 inotionisqueintimae
981 4519 1400 4596 super-naturalis
1437 4519 1581 4596 illius
1609 4521 1940 4596 substantiae.

2055 4311 2108 4382 in
2141 4311 2264 4364 sinu
2310 4309 2510 4377 Patris,
2547 4311 2619 4366 ita
2674 4310 2916 4382 Spiritus
2947 4311 3001 4366 in
3033 4310 3157 4366 sinu
3197 4309 3320 4363 Filii
3357 4310 3631 4382 quiescat:

2057 4381 2333 4450 Tanquam
2401 4371 2515 4449 ejus
2571 4371 2744 4445 virtus
2789 4391 2838 4435 et
2913 4384 3150 4450 operatio
3225 4371 3530 4450 natur-uiis,
3581 4371 3633 4435 et

2052 4453 2245 4521 uiuens,
2293 4452 2546 4521 ἐνέργεια
2591 4451 2795 4521 φυσικὴ
2832 4453 2926 4506 καὶ
2965 4449 3114 4521 ζῶσα
3138 4467 3164 4521 ζ
3189 4449 3506 4521 τὸίὲνεργὲς
3538 4453 3632 4504 τοῦ

2054 4519 2208 4588 Tim-1,
2270 4519 2448 4588 inquit
2500 4520 2643 4574 idem
2691 4520 2905 4583 doctor,
2963 4519 3100 4572 Dial.
3134 4520 3166 4572 7
3199 4520 3266 4571 ad
3325 4519 3632 4578 llcrmiam.

375 4599 538 4667 Atqui
583 4582 665 4650 ve'l
699 4595 881 4650 Tullio
925 4582 1062 4667 teste
1091 4590 1236 4661 ὁρμὴ
1286 4587 1586 4641 voluntatis
1618 4590 1787 4667 motio
1806 4598 1939 4667 ‘est,
1976 4582 2018 4635 D
2051 4582 2232 4659 Neque
2270 4582 2428 4654 enim,
2460 4589 2666 4667 _i_n-quit_
2685 4589 3192 4667 Thcolog_ns_,__ora_t.
3231 4589 3302 4667 ιβ
3325 4589 3457 4667 ,_it_a
3491 4606 3634 4667 com-

377 4660 574 4736 qui'ppe
622 4683 745 4735 qua:
788 4660 1174 4736 appetitionem
1211 4670 1266 4712 ut
1298 4668 1354 4736 et
1375 4668 1620 4736 conatum
1649 4660 1940 4736 signniﬁcat.

331 4753 334 4756 ’
379 4727 691 4791 Sec-undqu
726 4727 1062 4807 Clementem
1116 4729 1408 4807 Alexandr.
1473 4727 1567 4807 lib:
1621 4727 1711 4807 _v.’
1743 4728 1942 4807 Strom.

379 4824 429 4876 p.
483 4807 631 4872 273,
693 4808 859 4876 ἄμφω
916 4803 1180 4876 δυνάμεις.
1227 4801 1403 4876 ψυχῆς
1444 4799 1681 4876 ,γνῶσίς-
1737 4799 1948 4876 τεικαὶ

375 4867 541 4947 ὁρμὴ,
602 4867 1065 4947 (imbre-virtutch
1089 4867 1253 4922 animi
1305 4867 1535 4947 cognitio
1559 4878 1622 4947 ,ει
1663 4867 1945 4947 impulsus,

375 4937 466 5000 seu
499 4937 772 5015 appetitio.
825 4943 1190 5010 Quamobrem
1227 4955 1333 4992 nun
1366 4937 1505 4990 male
1537 4938 1726 5015 docuit
1765 4938 1951 5015 Auguf

375 5007 864 5085 stimi's'Spiritutu
914 5021 1168 5068 sanctum
1219 5021 1459 5063 amorem
1508 5020 1632 5062 esse
1683 5007 1861 5060 Patris
1895 5014 1951 5061 et

375 5085 521 5140 Filii.

446 5158 522 5225 (9)
553 5157 660 5208 Καὶ
681 5155 748 5208 ἐν
773 5153 848 5218 τῷ
873 5148 1598 5225 Λόγῳἑνιιναπαυόέιενμον,
1619 5145 1682 5198 Et
1707 5144 1952 5225 in‘Ycrbo

306 5223 312 5226 ’
376 5216 748 5295 conquiescat,
805 5216 910 5276 etc.
966 5216 1061 5275 Sic
1111 5219 1627 5295 Inzagrms_Cyrillus
1679 5216 1862 5295 multis
1897 5217 1948 5268 in

374 5287 516 5350 locis
547 5298 622 5350 ait
669 5294 932 5363 Spiritum
964 5287 1215 5363 sanctum
1243 5305 1308 5344 ex
1341 5287 1500 5344 Patre
1544 5288 1855 5363 procedere_
1899 5297 1952 5341 ct

374 5367 429 5419 in
470 5367 608 5419 Filio
657 5357 790 5427 esse,
825 5361 996 5424 εἶναι,
1036 5371 1090 5415 ct
1129 5361 1326 5430 μένειν,
1372 5357 1602 5422 manere,
1643 5357 1948 5430 tumeliam

371 5455 487 5492 esse
523 5452 587 5488 ea?
623 5435 764 5488 Filio
789 5474 804 5497 ,
841 5443 891 5486 ct
929 5435 982 5486 in
1033 5427 1142 5500 ipso
1191 5441 1382 5482 natura
1424 5431 1662 5500 lucrare,
1696 5427 1755 5491 ἐξ
1784 5427 1947 5480 αὑτοῦ

373 5511 472 5560 καὶ
512 5505 832 5574 ἐμπεφυκὸς
865 5499 1182 5574 αὑτῷμΝος
1216 5501 1365 5553 aliud
1400 5516 1528 5574 vero
1561 5499 1665 5552 sibi
1700 5500 1942 5574 volucre,

373 5579 482 5631 nisi
515 5569 777 5644 Spiritum
830 5569 1078 5627 sanctum
1115 5569 1201 5644 ad_
1232 5585 1318 5623 res
1365 5569 1948 5644 conditasamandan-

371 5650 504 5699 dum
541 5638 646 5697 non
691 5658 832 5705 esse,
867 5645 960 5696 sed
989 5639 1335 5709 cognatione,
1379 5649 1440 5709 ut
1486 5640 1558 5691 ita
1609 5638 1809 5709 dicam,
1855 5653 1949 5689 na-

374 5725 515 5770 tura:
559 5714 696 5770 Filio
731 5713 1020 5784 conjungi,
1056 5707 1110 5762 ut
1162 5708 1619 5776 quemadmodum
1666 5707 1836 5762 Filius
1865 5716 1947 5761 cst

2085 4669 2297 4730 aratum
2327 4669 2424 4721 est,
2445 4659 2694 4730 ἐλλιπεῖν
2724 4674 2878 4730 ποτε,
2909 4659 2941 4730 ἢ
2969 4659 3094 4730 Υἱὺν
3114 4660 3306 4728 Πατρὶ,
3342 4659 3374 4729 ἢ
3408 4660 3635 4730 Πιξῦμα

2073 4729 2183 4797 Γὶᾠ,
2221 4741 2279 4780 ut
2316 4729 2394 4782 uel
2435 4727 2599 4782 Pater
2641 4728 2804 4794 Filio,
2861 4726 2940 4782 vel
2975 4728 3180 4798 Spiritu
3226 4726 3408 4782 sancto
3448 4726 3632 4786 Filius

2047 4808 2249 4852 careat.
2284 4799 2428 4863 Quin
2473 4799 2657 4866 potius
2693 4799 2925 4868 Spiritui
2957 4809 3148 4854 sancto
3179 4801 3434 4854 convenit
3466 4811 3524 4854 ut
3563 4805 3634 4856 sit

2051 4869 2192 4940 μετὰ
2222 4868 2321 4936 τῆς
2355 4869 2568 4940 ἀρχῆς,
2611 4885 2715 4922 una
2756 4885 2871 4922 cum
2926 4871 3182 4938 principio
3210 4909 3222 4932 .
3280 4871 3329 4922 id
3373 4879 3460 4925 est
3507 4885 3633 4924 cum

2048 4937 2212 5011 Filio,
2236 4937 2406 5011 quem
2428 4937 2560 4992 alibi
2591 4948 2749 5011 vocat
2776 4941 2951 5010 ἀρχὴν
2977 4941 3036 5006 ἐξ
3069 4937 3264 5011 ἀρχῆς,
3301 4941 3630 5008 principium

2049 5021 2079 5060 e
2115 5008 2408 5080 principio,
2441 5017 2495 5062 et
2528 5009 2702 5080 ἀρχὴν
2741 5008 3044 5075 τῶνὸλων,
3089 5008 3405 5079 ρνίιίεὶρὶιιηι
3458 5025 3633 5062 rerum

2049 5078 2305 5151 animum,
2344 5081 2472 5148 quia
2506 5078 2700 5150 nempe
2733 5082 3054 5151 omniaper
3092 5078 3268 5150 ipsum
3305 5080 3444 5151 facta
3479 5087 3630 5133 sunt.

2051 5146 2208 5212 Quod
2255 5146 2531 5218 sequitur,
2563 5146 2658 5202 xui.
2691 5149 2854 5202 αὐτοῦ
2895 5146 3062 5204 οὖσαν
3096 5146 3452 5219 ἔκφαντικὴν,
3490 5164 3635 5219 cam-

2047 5235 2145 5286 que
2188 5221 2528 5283 manifestum
2563 5221 2766 5288 faciat,
2808 5221 2910 5276 hoc
2951 5222 3154 5276 Christi
3182 5218 3396 5272 dictum
3454 5218 3631 5286 signi-

2049 5291 2174 5341 licat
2197 5328 2211 5348 ,
2258 5287 2354 5360 Ille
2385 5307 2466 5343 me
2506 5287 2825 5360 clariﬁcabit
2847 5333 2861 5354 ,
2898 5293 3022 5360 quia
3061 5290 3124 5344 de
3154 5305 3266 5342 meo
3294 5287 3550 5354 accipiet,
3580 5296 3633 5340 et

2049 5359 2387 5413 annuntiabit
2437 5362 2580 5414 vobis
2612 5377 2630 5414 :
2673 5359 2950 5428 itclnque,
2997 5361 3096 5413 Ille
3133 5359 3487 5412 testimonium
3513 5373 3633 5425 per-

2051 5428 2242 5481 hibebit
2266 5429 2329 5483 de
2357 5447 2458 5493 me,
2486 5431 2566 5485 sic
2592 5431 2732 5484 intra
2761 5427 2957 5485 Noster
2981 5431 3193 5482 Patrem
3221 5443 3342 5481 esse
3371 5427 3468 5490 ait,
3497 5445 3630 5493 πρη-

2053 5499 2216 5553 6ολέα
2245 5475 2641 5570 ὲκφανέορικοῦ
2681 5500 3000 5569 Πνεύματος
3022 5540 3037 5562 ,
3086 5475 3480 5570 ηιαηιίεειαητιίς
3508 5475 3629 5566 ένί-

2052 5572 2187 5622 ritus
2231 5568 2558 5624 emis-sarem.
2629 5572 2778 5626 Alias
2834 5568 3029 5622 nomen
3099 5568 3395 5634 ἐκφανσις,
3452 5578 3510 5621 ut
3574 5577 3629 5620 ct

2051 5639 2354 5707 ἐλλαμψις,
2405 5649 2666 5694 mternam
2709 5653 2956 5708 persona:
3009 5639 3172 5690 unius
3205 5654 3270 5691 ex
3323 5640 3467 5706 alia,
3524 5653 3629 5692 ceu

2051 5710 2274 5778 Lillltittis
2307 5709 2372 5764 de
2407 5710 2608 5764 lumine
2637 5709 3040 5778 proccssioncm
3071 5709 3340 5764 enuntiat.
