4116 6150
503 286 607 351 807
1640 280 1704 339 'S.
1733 276 2054 341 JOANNIS
2091 276 2525 340 DAMASCENI
3659 272 3767 338 808

509 415 614 471 que
664 398 766 454 hac
812 379 1055 461 ratione,
1115 411 1211 469 per
1264 401 1475 451 natura“:
1516 394 1734 465 quidem
1786 395 2076 462 unitatem,

2197 393 2304 456 leo;
2334 392 2443 446 τῶν
2489 389 2759 461 Ἑλλήνων
2785 386 3171 457 ὲξαφανίξεται
3205 385 3382 457 πλάνη
3410 394 3423 416 ⁵
3457 382 3546 441 διὰ
3574 386 3632 441 δὲ
3667 389 3768 459 τῆς

508 490 793 562 gentilium
816 489 1017 543 multos
1046 486 1176 542 deos
1203 485 1567 543 asserentium
1595 500 1753 541 error
1773 485 2035 540 adimitur
2065 499 2081 551 ;

2197 485 2281 539 τοῦ
2308 485 2484 552 Λόγου
2523 480 2837 552 παραδοχῆς
2868 478 2963 533 καὶ
3009 478 3100 533 τοῦ
3129 477 3474 548 Πνεύματος,
3503 478 3612 532 τῶν
3636 479 3769 533 Ἰου-

507 596 809 650 rursusque
851 580 1112 636 admissis
1154 579 1337 636 Verbo
1378 587 1437 634 et
1483 578 1713 648 Spiritu,
1761 575 2081 632 Iudaeorum

2197 575 2351 629 Βαίων
2393 573 2740 645 καθαιρεῖται
2772 571 2833 624 τὸ
2861 570 3042 641 δόγμα
3069 609 3084 634 ,
3119 569 3389 640 ἑκατέρας
3413 582 3473 623 τε
3501 570 3769 641 αἱρέσεως

509 673 704 744 dogma
726 672 1007 738 evertitur,
1036 678 1388 742 remanetque
1411 668 1558 741 quod
1588 669 1641 724 in
1677 675 1913 738 utraque
1936 674 2086 722 secta

509 764 780 819 commodi
806 771 890 847 est
914 763 956 796 ³⁷
982 783 995 819 :
1021 762 1335 819 exJudaica
1363 763 1623 818 nimirum
1656 760 1931 817 sententia
1960 757 2088 813 uni-

510 865 595 910 tas
629 864 873 919 naturae;
906 871 970 908 ex
1005 855 1317 926 geutilismo
1350 860 1529 909 autem
1571 864 1936 921 personarum
1971 849 2089 906 sola

404 943 426 1007 ξ
510 946 792 1001 distinctio
821 946 892 1001 ⁸⁸.

584 1032 739 1098 Quod
784 1034 827 1087 si
867 1033 1207 1087 contradicat
1236 1030 1485 1093 Judaaus,
1517 1045 1585 1084 ne
1612 1027 1851 1084 Verbum
1890 1026 2091 1082 admit-

514 1132 662 1177 tatur
689 1133 743 1178 et
771 1123 1024 1194 Spiritus
1061 1124 1261 1178 divina:
1299 1121 1595 1192 Scriptura:
1628 1118 1940 1174 testimonio
1965 1133 2094 1173 con-

513 1214 743 1281 futetur,
803 1231 976 1285 osque
1020 1215 1099 1270 illi
1153 1215 1488 1269 obstruatur.
1535 1213 1607 1267 De
1639 1210 1815 1283 Verbo
1848 1211 1990 1265 enim
2020 1213 2097 1265 ait

515 1302 734 1359 divinus
759 1303 920 1358 David
952 1323 964 1358 :
1000 1303 1065 1358 In
1095 1312 1371 1361 retentum.
1405 1300 1646 1362 Domine,
1694 1299 1909 1352 l'erbum
1947 1308 2094 1351 tuum

517 1401 785 1458 permanet
821 1392 872 1445 in
901 1390 1028 1446 cazlo
1060 1391 1125 1443 ’9.
1148 1390 1211 1444 Et
1240 1405 1432 1445 rursus
1469 1408 1483 1444 :
1519 1386 2095 1453 Misitl’erbumsuum,

516 1496 566 1540 et
593 1487 800 1541 sanauit
823 1503 908 1542 eos
939 1485 1002 1540 ⁸ο.
1025 1487 1186 1556 Atqui
1226 1487 1449 1541 verbum
1486 1484 1616 1538 illud
1649 1484 1794 1552 quod
1827 1498 1920 1537 ore
1969 1497 2097 1551 pro-

518 1578 712 1640 fertur,
764 1592 862 1632 nec
912 1575 1169 1642 mittitur,
1214 1591 1316 1630 nec
1363 1577 1416 1629 in
1459 1584 1722 1629 aeternum
1773 1581 1973 1627 manet.
2021 1571 2096 1626 De

520 1668 727 1742 Spiritu
770 1683 959 1721 rursus
1001 1667 1075 1721 ait
1114 1668 1255 1722 idem
1309 1666 1475 1721 David
1529 1685 1543 1721 :
1594 1665 1786 1719 Emitte
1833 1662 2093 1734 Spiritum

2187 666 2497 737 παραμένει
2526 663 2588 716 τὸ
2616 664 2886 734 χρήσιμον
2914 680 2926 692 ·
2952 660 3018 713 ἐκ
3050 660 3149 731 μὲν
3178 660 3277 730 τῆς
3318 660 3613 731 Ἰουδαϊκῆς
3634 662 3770 716 ὑπο-

2187 758 2402 828 λήψεως
2424 795 2440 821 ,
2489 758 2523 827 ἡ
2557 755 2654 825 τῆς
2686 753 2901 824 φύσεως
2930 753 3121 824 ἑνότης
3145 769 3160 783 ·
3195 753 3260 806 ἐκ
3289 752 3347 805 δὲ
3388 752 3482 806 τοῦ
3519 753 3768 826 Ἐλληνι-

2191 845 2354 918 σμοῦ,
2391 846 2426 917 ﬁ
2454 844 2597 900 κατὰ
2623 844 2725 908 τάς
2753 843 3050 897 ὑποστάσει
3061 863 3077 906 λ
3109 842 3381 913 διάκρισις
3412 842 3570 914 μόνη.

2264 1028 2329 1081 Εἰ
2360 1026 2420 1082 δὲ
2467 1025 2794 1094 ἀντιλέγοιὸ
2841 1024 3095 1088 Ἰουδαῖος
3136 1024 3270 1095 πρὸς
3303 1023 3404 1096 τὴν
3449 1021 3546 1078 τοῦ
3592 1023 3765 1093 Λόγου

2194 1119 2528 1193 παραδοχὴν,
2569 1119 2663 1173 καὶ
2696 1118 2790 1172 τοῦ
2821 1117 3160 1188 Πνεύματος,
3193 1116 3297 1170 ὑπὸ
3321 1118 3422 1186 τῆς
3449 1116 3600 1180 θείας
3627 1118 3767 1189 Γρα-

2196 1214 2303 1284 φῆς
2329 1211 2635 1282 ὲλεγχέσθω
2661 1227 2721 1264 τε
2749 1211 2843 1264 καὶ
2874 1207 3330 1278 ἐπιστομιζέσθω.
3370 1208 3508 1278 Περὶ
3543 1208 3640 1278 μὲν
3662 1208 3769 1280 γὰρ

2193 1305 2290 1359 τοῦ
2313 1305 2487 1373 Λόγου
2520 1303 2684 1373 φησὶν
2729 1304 2757 1356 ὁ
2806 1301 2948 1363 θεῖος
2970 1308 2997 1336 ι
3034 1299 3231 1353 Δαϐίδ’
3278 1301 3384 1365 Εἰς
3416 1298 3524 1354 τὸν
3558 1298 3766 1365 aitEn—er,

2195 1397 2394 1465 Κύριε,
2435 1399 2468 1452 ὀ
2498 1396 2688 1465 Λόγος
2714 1408 2830 1448 σου
2874 1390 3140 1462 διαμένει
3168 1391 3240 1445 ἐν
3265 1390 3345 1456 τῷ
3370 1391 3622 1460 οὐρανῷ.
3657 1392 3771 1446 Καὶ

2197 1488 2392 1542 πάλινο
2433 1485 2784 1543 Ἀπέστειλε
2828 1483 2935 1538 τὸν
2969 1483 3164 1553 Λόγον
3191 1483 3398 1541 αὑτοῦ.
3428 1482 3521 1536 καὶ
3554 1482 3768 1536 ἰάσατο

2196 1578 2438 1644 αὐτούς.
2487 1577 2657 1647 Λόγος
2702 1575 2758 1630 δὲ
2804 1575 3137 1646 προφορικὸς
3201 1575 3303 1628 οὐκ
3355 1572 3767 1637 ἀποστέλλεται,

2197 1670 2320 1725 οὐδὲ
2349 1672 2429 1733 εὶς
2475 1668 2568 1722 τὸν
2613 1667 2785 1722 αἰῶνα
2817 1667 3058 1738 διαμένει
3080 1675 3128 1720 1.
3169 1665 3306 1736 Περὶ
3354 1664 3412 1718 δὲ
3446 1663 3542 1717 τοῦ
3594 1664 3770 1717 Πνεὺ-
3857 1671 3880 1687 ‘

521 1771 688 1824 tuum,
733 1769 781 1813 et
811 1759 1214 1814 creabantur".
1246 1759 1312 1812 Et
1356 1760 1462 1813 alio
1491 1760 1651 1813 loco:
1686 1757 1851 1813 Verbo
1883 1757 2096 1812 Domini

2201 1780 2370 1837 ματος
2397 1764 2425 1816 ὁ
2453 1760 2613 1824 αὐτὸς
2657 1759 2820 1813 Δαὸίδ
2843 1776 2858 1790 ’
2919 1756 3382 1823 Ἐξαποστελεῒς
3422 1756 3490 1811 τὸ
3529 1756 3774 1826 Πνεῦμά

519 1852 637 1906 cwli
681 1853 887 1922 ﬁrmati
925 1861 1067 1917 sunt,
1110 1862 1160 1907 et
1200 1850 1405 1922 Spiritu
1438 1852 1544 1907 oris
1576 1851 1689 1921 ejus
1725 1851 1894 1905 omnis
1930 1851 2092 1904 uirtus

519 1960 701 1998 eorum
718 1945 783 1997 δ’.
835 1942 939 1998 Job
979 1945 1107 1998 item
1153 1959 1168 1997 :
1213 1945 1448 2011 Spiritus
1483 1942 1697 1998 Domini
1726 1942 1816 2013 qui
1850 1943 1969 2013 fecit
1995 1957 2091 1998 me.

522 2044 597 2089 est
618 2037 780 2102 ﬂatus
801 2036 1153 2103 omnipotens,
1170 2037 1258 2105 qui
1280 2054 1357 2089 me
1385 2045 1559 2090 tuetur
1576 2044 1728 2105 atque
1744 2044 2013 2089 conservat
2026 2034 2092 2087 ’³.

526 2120 766 2188 Spiritus
795 2136 960 2190 porro
1011 2122 1104 2190 qui
1167 2122 1420 2185 mittitur,
1460 2120 1612 2186 facit,
1656 2121 1853 2185 ﬁrmat,
1887 2126 2090 2184 tuetur,

526 2220 692 2279 atque
723 2221 1034 2279 conservat,
1072 2228 1180 2267 non
1208 2213 1473 2268 evanidus
1505 2212 1724 2282 quidam
1755 2211 1959 2267 halitus
1986 2219 2091 2273 est,

523 2300 980 2367 quemadmodum
1018 2317 1118 2357 nec
1156 2303 1246 2358 Dei
1279 2320 1361 2368 os,
1394 2304 1697 2360 membrum
1729 2316 2094 2373 corporeum;

524 2399 817 2459 utrumque
861 2393 1006 2445 enim
1056 2391 1252 2448 horum
1303 2400 1677 2449 consentanea
1728 2390 1824 2447 Dei
1884 2391 2098 2446 ratione

522 2477 751 2550 intelligi
794 2478 951 2534 debet
975 2478 1020 2512 ’⁸⁵

1145 2732 1296 2791 CAP.
1341 2733 1475 2789 VIII.

1010 2840 1083 2897 De
1109 2853 1292 2898 sancta
1329 2842 1604 2897 Trinitate.

628 2950 914 3007 Credimus
966 2951 1131 3023 igitur
1176 2954 1230 3008 in
1281 2969 1448 3009 unum
1516 2952 1706 3018 Deum,
1774 2951 2094 3021 principium

523 3054 717 3105 unum,
760 3039 1026 3110 principio
1055 3051 1353 3104 carentem,
1404 3042 1730 3101 increatum,
1770 3039 2092 3109 ingenitum,

525 3129 778 3185 interitus
808 3144 872 3184 ac
903 3133 1096 3187 mortis
1119 3134 1390 3196 nescium,
1422 3140 1711 3192 aeternum,
1744 3130 2092 3194 immensum,

526 3222 1086 3291 iucircumscriptum,
1118 3224 1290 3278 nullis
1336 3222 1588 3278 terminis
1617 3221 1927 3285 deﬁnitum,
1972 3221 2097 3275 iuli-

525 3313 654 3365 nitie
705 3313 987 3380 potentiae,
1044 3311 1300 3381 simplex,
1346 3310 1792 3380 incompositum,
1844 3310 2097 3380 incorpo-

526 3419 719 3468 reum,
762 3418 791 3457 a
829 3398 1014 3469 ﬂuxu,
1059 3404 1339 3473 passione,
1391 3404 1651 3474 ouiuique
1698 3404 2000 3458 mutatione
2043 3411 2098 3459 et

532 3494 854 3549 alteratione
897 3494 1151 3559 liberum,
1197 3494 1552 3557 invisibilem,
1600 3493 1779 3550 omnis
1836 3495 2097 3549 bonitatis

528 3599 592 3639 ac
622 3585 848 3654 iustitiae
889 3584 1116 3649 fontem,
1165 3590 1339 3644 lucem
1392 3586 1818 3642 intellectualem
1855 3595 1908 3640 et
1942 3587 2096 3641 inac—

526 3689 761 3733 cessam,
796 3676 1094 3744 potentiam
1131 3677 1278 3729 nulla
1316 3692 1577 3731 mensura
1617 3677 2093 3746 comprehensam,

525 3780 800 3834 quamque
831 3767 945 3819 sola
982 3767 1234 3822 voluntas
1273 3782 1372 3822 sua
1408 3768 1667 3822 metiatur
1699 3768 1918 3837 (potest
1949 3767 2094 3822 enim

524 3854 790 3924 quidquid
829 3856 1056 3927 vult-‘5),
1078 3873 1259 3912 rerum
1291 3860 1538 3913 omnium
1575 3858 1960 3921 conditricem,
1984 3868 2095 3912 tam

525 3946 846 4008 visibilium,
885 3947 1031 4016 quod
1071 3946 1430 4005 invisibilium
1449 3948 1786 4004 effectricem
1812 3965 1827 4015 ;
1853 3949 2095 4002 omnium

525 4036 1010 4101 conservatrirem,
1042 4034 1294 4091 omnibus
1327 4037 1723 4107 providentem,
1757 4038 1941 4090 omnia
1962 4052 2095 4091 con-

525 4125 786 4181 tinentem
814 4140 878 4180 ac
907 4134 1203 4196 regentem,
1232 4135 1666 4197 perpetuumque
1693 4140 1758 4180 ac
1788 4126 2098 4184 immortale

526 4234 750 4288 regnum
805 4219 857 4272 in
907 4219 1093 4273 omnia
1149 4219 1529 4283 obtinentem;
1577 4215 1714 4271 nihil
1758 4219 2095 4273 contrarium
2140 4257 2149 4263 .

524 4310 834 4373 habentem,
879 4309 1065 4365 omnia
1104 4309 1445 4377 impleutem,
1478 4324 1508 4361 a
1541 4308 1691 4362 nulla
1734 4323 1794 4364 re
1845 4323 2095 4379 compre-

2193 1873 2332 1918 σου,
2355 1854 2456 1909 καὶ
2483 1853 2935 1922 κτισθήσονται.
2970 1851 3083 1905 Kal.
3109 1849 3273 1903 πάλιν
3300 1866 3314 1881 ·
3353 1847 3437 1914 Τῷ
3460 1849 3630 1918 Λόγῳ
3659 1853 3773 1903 Κυ-

2187 1946 2326 2015 ρίου
2370 1947 2423 1999 οῑ
2475 1942 2717 2012 οὐρανοὶ
2771 1941 3227 2010 ἐστερεώθησαν
3249 1981 3265 2004 ,
3319 1938 3420 1993 καὶ
3470 1934 3550 2006 τῷ
3581 1940 3769 1993 Hreu-

2189 2054 2331 2108 ματι
2362 2035 2467 2090 τοῦ
2515 2035 2814 2102 στόματος
2855 2032 3041 2088 αὑτοῦ
3084 2032 3254 2087 πᾶσα
3289 2033 3328 2100 ἠ
3366 2032 3622 2100 δύναμις
3665 2032 3766 2085 αὐ⁸

2195 2125 2335 2180 τῶν.
2378 2123 2488 2178 Καὶ
2523 2124 2552 2175 ὁ
2599 2123 2719 2177 Ἰὼϐ
2737 2140 2749 2154 ο
2790 2122 3033 2193 Πνεῦμα
3064 2121 3227 2176 θεῖον
3253 2121 3319 2175 τὸ
3357 2119 3625 2191 ποιῆσὰν
3644 2137 3721 2190 με
3744 2135 3760 2152 ·

2197 2215 2354 2284 πνοὴ
2385 2215 2454 2268 δὲ
2475 2213 2956 2284 παντοκράτορος
2976 2216 3014 2282 ὴ
3043 2211 3401 2282 συνέχουσά
3417 2229 3513 2283 με.
3542 2210 3762 2281 Πνεῦμα

2196 2304 2254 2360 δὲ
2304 2304 2791 2376 ἀποστελλόμενον,
2822 2302 2918 2358 καὶ
2968 2302 3179 2368 ποιοῦν,
3224 2303 3319 2357 καὶ
3369 2302 3637 2375 στερεοῦν,
3666 2303 3765 2357 καὶ

2199 2396 2419 2466 συνέχον
2438 2435 2454 2461 ,
2493 2395 2595 2449 οὐκ
2635 2394 2819 2467 ἆσθμα
2849 2395 2965 2448 ἐστὶ
2996 2396 3057 2448 τὸ
3089 2394 3351 2464 λυόμενον
3371 2434 3387 2458 ,
3419 2393 3606 2463 ὥσπερ
3642 2393 3769 2448 οὑδὲ

2200 2490 2511 2560 σωματικὸν
2544 2489 2706 2560 μέλος
2737 2487 2805 2542 τὸ
2829 2486 2920 2543 τοῦ
2951 2486 3088 2541 Θεοῦ
3117 2488 3291 2558 στόμα
3312 2505 3325 2519 ·
3352 2487 3636 2559 ἀμφότερα
3660 2485 3772 2558 γὰρ

2200 2581 2517 2654 θεοπρεπῶς
2551 2579 2790 2651 νοητέον.

2792 2721 3041 2777 ΚΕΦΑΛ.
3077 2721 3161 2778 H’.

2581 2836 2718 2906 Περὶ
2757 2836 2866 2906 τῆς
2898 2836 3073 2907 ἁγίας
3120 2835 3380 2905 Τριάδος.

2269 2949 2608 3020 Πιστεύομεν
2652 2948 2939 3018 τοιγαροῦν
2970 2948 3050 3011 εἰς
3080 2948 3176 3001 ἕνα
3210 2947 3378 3013 Θεὸν,
3412 2946 3542 3019 μίαν
3571 2946 3769 3020 ἀρχὴν.

2199 3044 2435 3114 ἄναρχον
2458 3083 2472 3108 ,
2504 3043 2758 3098 ἄκτιστον
2783 3081 2799 3107 ,
2835 3040 3165 3111 ἀγέννητον,
3218 3040 3509 3114 ἁνόλεθρόν
3559 3058 3622 3094 τε
3680 3043 3779 3095 καὶ

2197 3134 2488 3196 ἀθάνατον,
2529 3132 2769 3197 αἰώνιον,
2821 3132 3069 3203 ἄπειρον,
3102 3131 3538 3204 ἀπερίγραπτον,
3572 3132 3774 3201 ἀπερι-

2196 3226 2437 3298 όριστον,
2458 3223 2918 3296 ἀπειροδύναμον,
2945 3222 3166 3284 ἁπλοῦν,
3196 3221 3510 3286 ἀσύνθετον,
3535 3219 3772 3291 ἀσώμα-

2195 3334 2322 3382 τον,
2358 3316 2660 3389 ἄρῤευστον
2687 3356 2703 3382 ,
2757 3316 2986 3387 ἀπαθῆ,
3036 3315 3333 3386 ἄτρεπτον,
3381 3311 3770 3380 ἀναλλοίωτον,

2195 3410 2426 3484 ἀόρατον
2450 3450 2467 3478 ,
2504 3408 2687 3480 πηγὴν
2729 3408 3063 3477 ἀγαθότητος
3109 3406 3204 3459 καὶ
3233 3402 3576 3474 δικαιοσύνης
3604 3442 3621 3469 ,
3654 3402 3774 3472 φῶς

2197 3503 2404 3573 νοερὸν,
2449 3501 2747 3573 ἀπρόσιτον
2771 3513 2788 3530 ⁶
2820 3498 3052 3569 δύναμιν
3083 3496 3260 3551 οὐδενὶ
3289 3495 3473 3567 μέτρῳ
3500 3493 3774 3564 γνωριζο-

2200 3595 2389 3666 μένην,
2440 3594 2589 3665 μόνῳ
2634 3592 2711 3663 τῷ
2759 3591 2945 3662 οἰκείῳ
3007 3589 3308 3661 βουλήματι
3356 3586 3771 3659 μετρουμένηνο

2198 3689 2375 3741 πάντα
2402 3687 2510 3757 γὰρ
2545 3688 2645 3739 ὅσα
2677 3684 2854 3752 ϐέλει,
2882 3666 3103 3738 δύναται
3133 3696 3148 3711 ⁸
3201 3681 3420 3736 πάντων
3454 3678 3773 3748 κτισμάτων

2197 3778 2409 3850 ὁρατῶν
2446 3794 2506 3830 τε
2563 3777 2660 3831 καὶ
2712 3776 2963 3848 ἀοράτων
3021 3773 3344 3842 ποιητικὴν,
3392 3770 3613 3825 πάντων
3644 3785 3772 3822 συν-

2198 3870 2421 3940 εκτικὴν
2469 3870 2564 3923 καὶ
2615 3867 3018 3937 συντηρητικὴν
3041 3905 3057 3930 ,
3106 3864 3326 3917 πάντων
3377 3859 3770 3934 προνοητικὴν,

2198 3961 2417 4013 πάντων
2440 3957 2768 4030 κρατοῦσαν,
2793 3956 2886 4011 καὶ
2908 3943 3204 4027 ἄρχουσαν,
3234 3955 3328 4007 καὶ
3354 3951 3773 4022 βασιλεύουσαν,

2196 4052 2538 4122 ἀτελευτήτῳ
2586 4051 2677 4103 καὶ
2704 4047 2958 4118 ἀθανάτῳ
2992 4046 3276 4118 βασιλεία,
3316 4044 3484 4116 μηδὲν
3532 4040 3775 4097 ὲναντίον

2197 4143 2449 4214 ἔχουσαν,
2482 4142 2663 4195 πάντα
2694 4139 3007 4212 πληροῦσαν
3028 4177 3044 4203 ,
3075 4138 3169 4191 ὑπ’
3199 4134 3412 4199 οὐδενὸς
3441 4130 3771 4205 περιεχομέ-

2198 4251 2328 4306 νην·
2379 4235 2549 4303 αὐτὴν
2595 4233 2652 4286 δὲ
2699 4232 2900 4303 μᾶλλον
2934 4229 3296 4301 περιέχουσαν
3335 4227 3404 4280 τὰ
3460 4226 3773 4297 σύμπαντα,

2199 4327 2294 4381 καὶ
2332 4326 2695 4395 συνέχουσαν,
2746 4324 2844 4377 καὶ
2890 4321 3235 4391 προέχουσαν
3256 4335 3271 4350 ’
3323 4315 3611 4388 ἀχράντως
3652 4314 3771 4376 ταῖς

528 4405 774 4469 hcnsam,
804 4404 913 4457 imo
952 4416 1082 4457 vero
1121 4402 1295 4472 ipsam
1344 4401 1604 4457 universa
1647 4400 2095 4470 complectentem

2202 4417 2352 4480 ὅλαις
2380 4417 2590 4480 οὐσίαις
2620 4413 3068 4480 ὲπιόατεύουσαν,
3102 4410 3198 4465 καὶ
3241 4409 3463 4463 πάντων
3492 4407 3772 4468 ἐπέκεινα,

525 4503 580 4549 et
601 4496 971 4549 continentem
1005 4508 1069 4550 ac
1099 4493 1524 4563 praehabentem,
1551 4492 1884 4549 substantias
1909 4509 2100 4551 omnes

528 4589 646 4643 sine
699 4587 998 4656 pollutione
1052 4594 1453 4657 penetrantem,
1501 4587 1646 4640 ultra
1689 4602 1776 4642 res
1822 4604 2014 4645 omnes
2047 4596 2102 4644 ct

525 4678 796 4731 essentias
830 4677 986 4747 132
1017 4679 1176 4748 longe
1229 4681 1643 4749 provectiorem,
1672 4688 1733 4734 ut
1760 4696 1880 4749 quae
1907 4695 2102 4749 super-

525 4766 908 4821 substantialis
945 4774 1050 4829 est,
1104 4770 1466 4839 omnibusque
1513 4771 1735 4826 entibus
1771 4772 2097 4839 sublimior;

527 4856 838 4922 divinitate,
864 4857 1132 4923 bonitate,
1161 4860 1504 4927 plenitudine
1532 4862 1906 4930 superiorem;
1947 4864 2096 4932 prin-

527 4950 745 5020 cipatus
783 4962 976 5004 omnes
1044 4960 1207 5019 atque
1259 4951 1479 5006 ordines
1548 4961 1901 5020 statuentem,
1935 4970 2100 5024 super

525 5055 740 5094 omnem
791 5038 1158 5108 principatum
1214 5051 1374 5110 atque
1411 5041 1659 5095 ordinem
1699 5044 1972 5113 positum;
2010 5061 2099 5100 es-

525 5131 720 5198 sentia,
754 5132 884 5192 vita,
912 5146 1182 5196 sermone,
1208 5140 1261 5186 et
1287 5132 1523 5201 cogitatu
1552 5132 1798 5187 altiorem
1828 5150 1980 5205 ;qu:e
2010 5136 2102 5191 lux

524 5226 643 5295 ipsa
676 5233 781 5290 est,
814 5226 1029 5281 bonitas
1052 5227 1189 5296 ipsa,
1239 5226 1467 5295 ipsumet
1488 5227 1619 5288 vita,
1651 5229 1881 5297 ipsamet
1909 5245 2101 5287 essen-

595 5356 639 5388 ³⁷
668 5358 828 5429 (ireg.
858 5366 1002 5429 orat.
1038 5358 1127 5419 58,
1158 5364 1207 5411 el
1229 5357 1376 5429 alibi.

525 5439 635 5488 cui,
690 5427 794 5482 50.w
853 5428 897 5460 “
931 5430 1072 5484 l’sal.
1114 5444 1283 5493 xxxii,
1335 5427 1386 5481 4.

529 5511 741 5564 cxxxtv,
773 5497 825 5551 6.

1464 5427 1508 5457 ⁸³
1540 5423 1642 5478 Job
1674 5423 1858 5496 xxxii,
1900 5433 1952 5489 4.

1454 5356 1503 5429 ἕξ
1522 5356 1682 5429 Qreg.
1724 5356 1879 5429 Nyss.
1915 5362 2127 5423 Caterlz.
2151 5385 2201 5423 c.
2235 5374 2289 5426 5.

2204 4510 2298 4564 καὶ
2330 4509 2513 4580 πάσης
2537 4508 2728 4571 οὐσίας
2776 4506 3141 4578 ἐξηυρημένην,
3185 4504 3261 4567 ὡς
3292 4499 3639 4571 ὑπερούσιον,
3683 4494 3779 4549 καὶ

2203 4601 2345 4670 ὑπὲρ
2375 4599 2443 4651 τὰ
2469 4598 2646 4652 πάντα
2671 4592 2858 4660 οὖσαν,
2887 4596 3174 4666 ὑπέρθεον,
3206 4590 3572 4664 ὑπεράγαθον,
3602 4588 3778 4655 ὑπερ-

2206 4689 2389 4760 πλήρη
2416 4705 2430 4720 ο
2464 4687 2564 4751 τὰς
2609 4688 2737 4750 ὅλας
2793 4685 2967 4756 ἀρχὰς
3013 4685 3113 4739 καὶ
3156 4682 3340 4747 τάξεις
3384 4677 3776 4748 ἀφορίξουσανν

2204 4782 2301 4835 καὶ
2335 4781 2513 4851 πάσης
2541 4779 2718 4852 ἀρχῆς
2761 4779 2858 4832 καὶ
2888 4777 3097 4844 τάξεως
3149 4769 3602 4845 ὑπεριδρυμένην,
3630 4766 3781 4839 ὑπέρ

2204 4871 2412 4933 οὐσίαν,
2442 4871 2535 4923 καὶ
2561 4868 2726 4940 ζωὴν,
2757 4870 2849 4922 καὶ
2880 4869 3057 4938 λόγον,
3103 4868 3197 4919 καὶ
3224 4864 3429 4917 ἔννοιαν
3454 4876 3468 4890 ο
3498 4857 3779 4926 αὑτοφῶς,

2204 4960 2672 5030 αὐτοαγαοότητα,
2711 4959 3012 5029 αὐτοζωὴν,
3061 4953 3400 5016 αὑτοουσίαν,
3431 4950 3506 5013 ὡς
3538 4949 3617 5021 μὴ
3648 4948 3782 5020 παρ’

2207 5055 2393 5126 ἑτέρου
2421 5054 2480 5106 τὸ
2510 5048 2649 5106 εἶναι
2679 5051 2931 5123 ἔχουσαν,
2965 5052 3084 5121 ἦτοι
3115 5051 3220 5102 τῶν
3253 5048 3352 5099 ὅσα
3386 5042 3536 5097 ἐστίν
3560 5060 3573 5072 ·
3608 5043 3781 5110 αὐτὴν

2203 5148 2262 5201 δὲ
2298 5145 2479 5217 πηγὴν
2506 5142 2671 5199 οὖσαν
2701 5144 2794 5198 τοῦ
2826 5139 2966 5199 εἶναι
2996 5145 3108 5205 τοῖς
3149 5136 3270 5194 οὖσι
3293 5154 3306 5167 ⁸
3355 5137 3466 5200 τοῖς
3497 5134 3654 5198 ζῶσι,
3680 5133 3783 5202 τῆς

2205 5237 2351 5306 ζωῆς
2381 5254 2393 5268 ⁸
2442 5240 2554 5300 τοῖς
2584 5237 2741 5305 λόγου
2786 5236 3096 5307 μετέχουσι,
3129 5231 3222 5286 τοῦ
3254 5230 3438 5298 λόγου,
3481 5227 3597 5288 τοῖς
3643 5224 3783 5276 πᾶσι

2365 5372 2411 5404 ³ο
2439 5371 2583 5426 Psal.
2609 5387 2797 5434 cxvrn,
2835 5371 2924 5426 89.
3005 5371 3051 5403 ⁴⁰
3076 5369 3221 5423 Psal.
3253 5382 3363 5429 ert,
3390 5363 3481 5418 ΞΟ.
3558 5363 3599 5434 fl
3632 5357 3782 5434 Psal-

2029 5420 2289 5496 ιιιὲιὶέιιῖ
2323 5441 2396 5495 De
2438 5420 2583 5511 ζςρὲὶζ
2613 5420 2924 5511 giretur
2953 5420 3362 5509 Αιηιὶιιὲιζεαρί
3398 5433 3485 5488 ιδ.
3561 5431 3606 5464 ιι
3631 5420 3782 5484 P521.

1798 5590 2029 5647 VARUE
2073 5594 2474 5685 LECTIONi‘JS.

614 5689 637 5717 ι
688 5677 745 5731 In
775 5679 901 5733 edit.
945 5682 1122 5745 deest,
1152 5681 1319 5744 θεῖος.
1400 5689 1425 5727 3'
1455 5676 1595 5733 Edit.
1631 5682 1802 5752 μένει.
