4104 6148
516 317 615 381 fill

1690 311 1750 372 S.
1791 309 2112 372 JOANNIS
2151 311 2579 375 DAMASCENI

3687 315 3811 379 832

513 427 874 490 iterationem,
905 438 1004 479 nec
1039 431 1272 485 tempus,
1306 432 1407 475 nec
1446 417 1664 474 initium
1713 420 1824 490 pati
1855 418 2097 475 ostendi-

2206 438 2304 490 μεν
2329 423 2410 473 ὅτι
2461 422 2687 491 ἄχρονος
2734 421 2824 475 καὶ
2868 422 3101 492 ἄναρχος
3131 420 3295 474 αὐτοῦ
3329 423 3361 494 ή
3395 423 3653 495 γέννησις
3680 445 3695 457 ·
3734 422 3806 480 οῦ

512 535 657 575 mus.
694 517 814 575 Non
844 515 988 571 enim
1022 512 1117 568 Dei
1148 509 1321 567 Filius
1347 527 1412 566 ex
1444 507 1621 566 nihilo
1656 509 1710 564 in
1748 518 1929 564 ortum
1967 525 2098 581 pro-

506 614 705 667 ductus
732 619 817 665 est
831 609 907 674 '°;
937 607 1050 672 ille,
1079 606 1324 675 inquam,
1345 603 1532 674 gloria:
1555 601 1833 673 splendor,
1861 612 2098 672 paternae

509 705 679 772 ﬁgura
708 697 1029 755 substantia:
1054 698 1122 762 ",
1148 695 1270 750 viva
1289 693 1578 764 sapientia,
1606 700 1662 748 et
1684 693 1941 757 virtus",
1964 693 2098 749 sub-

511 796 716 849 sistens
748 789 1015 852 Verbum,
1047 787 1435 844 substantialis
1461 786 1600 857 ipsa,
1635 785 1900 856 perfecta,
1935 793 2099 855 atque

509 886 696 940 vivens
729 883 909 952 imago
945 881 1036 935 Dei
1061 880 1107 912 "
1133 877 1448 940 invisibilis,
1480 877 1573 931 sed
1605 891 1822 952 semper
1841 890 1964 929 cum
1993 875 2097 929 Pa-

508 986 608 1040 tre,
625 985 677 1030 et
704 976 755 1028 in
781 951 941 1028 Patre
966 979 1106 1036 erat,
1135 969 1470 1040 sempiterno
1492 977 1541 1022 et
1569 951 1780 1038 absque
1805 968 1917 1021 ullo
1941 967 2099 1022 initio

507 1087 573 1126 ex
614 1069 735 1139 ipso
784 1066 1022 1137 genitus.
1073 1061 1260 1133 Neque
1297 1061 1444 1117 enim
1492 1060 1655 1116 Pater
1680 1075 1923 1131 unquam
1971 1060 2095 1127 fuit,

505 1161 727 1232 quando
751 1159 924 1214 Filius
956 1173 1064 1212 non
1087 1163 1236 1213 esset
1265 1174 1278 1210 :
1309 1169 1499 1209 verum
1527 1154 1691 1209 simul
1723 1153 1904 1220 Pater,
1934 1152 2099 1208 simul

508 1253 703 1317 Filius,
737 1252 831 1324 qui
876 1266 940 1306 ex
983 1251 1102 1319 ipso
1143 1247 1361 1319 genitus
1388 1253 1496 1302 est.
1551 1245 1736 1316 Neque
1761 1247 1907 1300 enim
1937 1247 2100 1300 Pater

509 1346 693 1402 vocari
725 1345 919 1416 possit,
943 1342 1036 1412 qui
1064 1339 1204 1394 Filio
1227 1347 1432 1394 careat.
1457 1335 1594 1392 Nam
1620 1339 1666 1392 si
1687 1336 1827 1392 Filio
1845 1339 2100 1408 aliquan-

509 1440 579 1494 do
618 1438 815 1502 caruit,
857 1435 1021 1491 Pater
1049 1442 1201 1489 certe
1244 1448 1352 1487 non
1382 1439 1498 1487 erat
1525 1430 1594 1484 “.
1623 1429 1684 1484 Et
1713 1432 1757 1486 si
1791 1439 1978 1500 postea
2007 1430 2098 1484 Fi-

509 1529 638 1586 iium
660 1528 870 1594 habuit;
886 1535 1074 1598 postea
1098 1537 1318 1594 quoque
1336 1523 1513 1577 factus
1530 1528 1613 1577 est
1631 1519 1811 1584 Pater,
1828 1535 1950 1574 cum
1976 1529 2102 1574 ante

510 1622 672 1677 Pater
717 1635 826 1674 non
861 1623 1026 1682 esset,
1061 1614 1217 1686 133
1239 1622 1402 1682 atque
1433 1628 1497 1668 ex
1535 1627 1601 1667 eo
1627 1612 1769 1683 quod
1801 1611 1960 1666 Pater
1992 1623 2099 1665 non

505 1722 642 1777 erat,
673 1717 914 1764 mutatus
938 1717 1041 1773 est,
1082 1721 1257 1777 eoque
1277 1718 1600 1777 progressus
1626 1711 1686 1758 ut
1713 1703 1874 1758 Pater
1909 1711 2058 1758 esset
2082 1721 2095 1758 :

2203 511 2312 582 γὰρ
2346 513 2410 566 ἐκ
2453 513 2548 565 τοῦ
2582 513 2656 584 μή
2694 513 2845 578 ὄντος
2881 516 2960 577 εἰς
2998 515 3060 566 τὸ
3106 509 3245 569 εἶναι
3294 518 3556 590 παρήχθη
3591 521 3622 572 ὁ
3658 519 3809 585 Υἱὸς

2201 603 2296 656 τοῦ
2323 604 2482 669 Θεοῦ,
2507 605 2567 657 τὸ
2597 605 2938 676 ἀπαύγασμα
2973 607 3071 676 τῆς
3102 605 3282 677 δόξης,
3311 610 3340 661 ὀ
3361 611 3657 683 χαρακτὴρ
3690 614 3809 684 τῆς

2201 694 2297 748 τοῦ
2327 696 2541 766 [ἰατρὸς
2570 696 2944 762 ὑποστάσεως,
2981 699 3014 770 ή
3053 697 3203 762 ζῶσα
3241 700 3424 767 σοφία,
3479 703 3578 754 καὶ
3620 701 3807 757 δύνα-

2206 805 2320 858 μις,
2359 790 2388 841 ὁ
2413 789 2587 856 Λόγος
2616 788 2644 841 ὁ
2670 790 3054 856 ὲνυπὸστατος,
3091 791 3124 861 ή
3150 790 3419 862 οὐσιώδης
3444 793 3540 845 καὶ
3574 794 3804 861 τελεία,

2203 881 2298 935 καὶ
2331 879 2483 945 ζῶσα
2510 882 2674 936 εἰκὼν
2699 881 2793 935 τοῦ
2827 882 3062 953 ἀοράτου
3098 881 3235 935 Θεοῦ
3261 901 3276 916 ο
3311 883 3428 937 ἀλλ’
3451 884 3542 937 ἀεὶ
3581 881 3653 956 ἦν
3674 888 3803 957 (15)

2205 973 2305 1027 σῦν
2341 973 2418 1044 τῷ
2453 975 2628 1046 Πατρὶ
2652 1015 2665 1037 ,
2700 974 2793 1028 καὶ
2847 975 2904 1027 ὲν
2937 975 3084 1045 αὐτῷ
3105 1016 3119 1040 ,
3161 974 3348 1038 ἀϊδίως
3394 977 3491 1029 καὶ
3533 978 3803 1048 ἀνάρχως

2203 1066 2264 1131 ἐξ
2298 1065 2463 1120 αὐτοῦ
2497 1067 2921 1138 γεγεννημένος.
2971 1068 3045 1120 Οὐ
3089 1067 3199 1137 γάρ
3230 1062 3298 1138 ἦν
3347 1085 3478 1122 ποτε
3507 1069 3537 1121 ὁ
3570 1071 3797 1142 Πατὴρ,

2204 1159 2292 1212 ὅτε
2327 1161 2428 1214 οὐκ
2471 1155 2540 1230 ἦν
2573 1162 2600 1214 ὁ
2641 1161 2769 1225 Υἱός
2793 1178 2806 1191 ·
2850 1159 2967 1215 ἀλλ’
3011 1161 3128 1230 ἅμα
3162 1161 3376 1232 Πατὴρ,
3408 1161 3528 1231 ἅμα
3564 1163 3716 1231 Υἱὸς,
3765 1166 3798 1217 ὁ

2205 1250 2264 1316 ἐξ
2293 1251 2458 1305 αὐτοῦ
2489 1252 2887 1322 γεγεννημένος
2913 1267 2928 1281 °
2977 1251 3169 1324 Πατὴρ
3194 1253 3304 1323 γὰρ
3339 1254 3499 1317 ἐκτὸς
3526 1254 3660 1308 Υίοῦ
3687 1257 3798 1308 οὐκ

2205 1343 2271 1398 ἂν
2301 1343 2550 1415 κληθείη.
2586 1345 2647 1398 Ei
2678 1344 2732 1396 δὲ
2759 1338 2828 1415 ἦν
2857 1344 2931 1414 μὴ
2966 1343 3106 1413 ἔχων
3141 1343 3287 1409 Υίδν,
3323 1345 3423 1397 οὐκ
3451 1340 3519 1417 ἦν
3548 1346 3750 1418 Πατήρ
3775 1364 3791 1378 ·

2205 1439 2299 1491 καὶ
2336 1439 2384 1490 εἰ
2413 1438 2552 1508 μετὰ
2582 1438 2755 1492 ταῦτα
2785 1438 2945 1508 ἔσχεν
2987 1437 3138 1504 Υίὸν,
3173 1437 3311 1507 μετὰ
3347 1437 3519 1491 ταῦτα
3560 1439 3795 1507 ἐγένετο

2205 1532 2418 1603 Πατὴρ,
2453 1533 2527 1601 μὴ
2571 1530 2646 1584 ῶν
2685 1531 2792 1603 πρὸ
2831 1531 3023 1585 τούτου
3056 1531 3284 1602 Πατὴρ,
3332 1530 3426 1585 xa‘t
3473 1531 3690 1602 ἐτράπη
3720 1533 3793 1586 ὲκ

2204 1622 2300 1677 τοῦ
2331 1623 2407 1694 μὴ
2454 1619 2593 1678 εἶναι
2629 1625 2821 1696 Πατὴρ
2858 1624 2940 1687 είς
2981 1623 3043 1677 τὸ
3073 1622 3327 1693 γενέσθαι
3363 1623 3557 1694 Πατήρ
3584 1637 3598 1653 ⁶
3645 1623 3790 1692 ὅπερ

2208 1715 2388 1784 πάσης
2445 1713 2796 1786 βλασφημίας
2856 1714 2974 1768 ἐστὶ
3027 1712 3431 1784 χαλεπώτερον.
3497 1712 3788 1767 ’Δδύνατον

507 1804 559 1859 id
587 1803 733 1874 quod
770 1800 921 1856 omni
971 1797 1316 1868 blasphemia
1396 1795 1619 1868 gravius
1654 1793 1794 1850 foret
1818 1796 1885 1849 ⁵⁵.
1930 1793 2096 1852 Nefas

2203 1806 2305 1878 γὰρ
2350 1805 2444 1859 τὸν
2491 1806 2624 1859 Θεὸν
2667 1807 2866 1872 εἰπεῖν,
2913 1805 3122 1876 ἔρημον
3173 1805 3275 1872 τῆς
3334 1805 3577 1874 φυσικῆς
3637 1821 3786 1874 γονι-

506 1896 649 1949 enim
670 1901 755 1948 est
779 1891 983 1955 dicere,
1004 1887 1173 1944 Deum
1196 1885 1531 1942 fecunditate
1553 1885 1790 1940 naturali
1819 1885 2091 1941 caruisse.

509 1980 835 2039 Fecunditas
879 1993 1045 2050 porro
1077 1978 1134 2032 in
1165 1978 1269 2032 hoc
1316 1977 1489 2048 posita
1514 1988 1618 2044 est,
1653 1985 1710 2032 ut
1736 1976 1861 2048 quis
1905 1992 1971 2032 ex
2002 1992 2096 2033 se-

507 2079 652 2144 ipso,
695 2072 748 2126 id
796 2080 976 2127 estex
1014 2068 1235 2140 propria
1265 2067 1596 2137 substantia,
1635 2070 1847 2142 prolem
1901 2081 2097 2125 natura

509 2165 745 2220 similem
785 2163 870 2218 sui
907 2161 1106 2218 edat".

577 2255 945 2311 Generationis
983 2252 1178 2307 divinis
1225 2269 1259 2307 a
1315 2253 1580 2308 creatione
1641 2253 1980 2308 discrimina.
2025 2283 2096 2296 --

510 2347 752 2403 Proinde
791 2362 916 2402 cum
957 2345 1026 2401 de
1066 2345 1191 2400 Filii
1229 2344 1590 2416 generatione
1629 2347 1832 2416 gitur,
1877 2353 2098 2415 tempus

512 2437 905 2494 intercessisse
941 2436 1128 2491 dicere
1165 2435 1396 2506 impium
1436 2445 1521 2491 est
1553 2435 1599 2467 "
1626 2453 1642 2502 ;
1666 2442 1761 2489 aut
1792 2433 1916 2490 Filii
1949 2435 2099 2490 exsi-

511 2533 772 2589 stentiam
805 2529 962 2586 Patre
993 2529 1350 2602 posteriorem
1390 2528 1731 2583 constituere
1758 2527 1824 2582 “.
1862 2526 1941 2582 Ex
1976 2528 2100 2598 ipso

511 2624 657 2678 enim
680 2664 695 2685 ,
731 2623 833 2677 hoc
869 2632 954 2676 est
987 2635 1052 2675 ex
1095 2620 1274 2674 Patris
1309 2627 1504 2674 natura
1527 2661 1541 2684 ,
1595 2634 1720 2674 esse
1772 2617 2102 2689 proﬁtemur

515 2711 639 2768 Filii
671 2714 1112 2785 generationem.
1149 2712 1228 2766 Ac
1256 2711 1362 2766 nisi
1399 2709 1599 2766 Filium
1631 2725 1658 2764 a
1707 2710 1984 2781 principio
2023 2711 2102 2764 si-

2200 1899 2458 1966 μότητος.
2502 1896 2566 1949 Ἦ
2619 1896 2678 1949 δὲ
2714 1897 3027 1966 γονιμότης,
3059 1895 3121 1948 τὸ
3168 1894 3228 1959 ἐξ
3272 1893 3473 1960 αὐτοῦ,
3522 1897 3692 1966 ήγουν
3721 1897 3784 1948 ὲκ

2197 1989 2296 2058 τῆς
2327 1989 2462 2053 ιδίας
2491 1988 2702 2053 οὐσίας,
2733 1990 2923 2060 ὅμοιον
2955 1987 3096 2044 κατὰ
3130 1987 3290 2058 φύσιν
3329 1990 3552 2061 γεννᾷν.

2284 2253 2405 2308 Ἐπὶ
2447 2253 2546 2324 μὲν
2594 2249 2688 2308 οὖν
2740 2255 2838 2324 τῆς
2887 2254 2983 2308 τοῦ
3037 2253 3168 2308 Υῐοῦ
3217 2254 3521 2325 γεννήσεως
3567 2253 3765 2317 ἀσεϐὲς

2199 2346 2379 2415 λέγειν
2413 2347 2606 2417 χρόνον
2640 2345 2978 2417 μεσιτεῦσαι,
3011 2347 3106 2400 καὶ
3135 2348 3273 2417 μετὰ
3303 2347 3391 2400 τὸν
3416 2345 3631 2416 Πατέρα
3664 2343 3772 2416 τὴν

2199 2439 2294 2493 τοῦ
2328 2437 2458 2492 Υἱοῦ
2487 2438 2740 2506 γενέσθαι
2775 2437 3033 2508 ὓπαρξιν.
3091 2438 3182 2504 Ἐξ
3226 2437 3385 2492 αὐτοῦ
3431 2438 3564 2508 γὰρ,
3600 2437 3782 2507 ἡγουν

2207 2533 2306 2602 τῆς
2350 2531 2445 2585 τοῦ
2478 2531 2693 2603 Πατρδς
2720 2531 2958 2600 φύσεως,
3010 2532 3190 2603 φαμὲν
3220 2531 3317 2600 τὴν
3345 2529 3440 2583 τοῦ
3473 2528 3612 2584 Υὶοῦ
3654 2529 3789 2598 γέν-

2204 2639 2384 2694 νησιν.
2417 2623 2528 2676 Καὶ
2560 2623 2608 2674 εἰ
2638 2623 2713 2692 μὴ
2745 2621 2803 2686 ἐξ
2826 2622 2999 2694 ἀρχῆς
3025 2621 3208 2692 δῶμεν
3230 2622 3320 2675 τὸν
3347 2619 3480 2674 Υἱδν
3509 2619 3793 2688 συνυπάρ·

2203 2733 2319 2787 χειν
2351 2715 2429 2787 τῷ
2461 2715 2638 2784 lla.th
2675 2715 2734 2780 ἐξ
2764 2715 2930 2769 αὐτοῦ
2977 2715 3378 2786 γεγεννημένον
3398 2757 3412 2780 ,
3445 2712 3656 2784 τροπὴν
3692 2713 3794 2782 τῆς

515 2807 625 2859 mut
660 2821 782 2860 cum
818 2804 982 2860 Patre
1015 2820 1044 2857 a
1079 2818 1190 2874 quo
1220 2805 1442 2875 genitus
1473 2811 1556 2858 est
1583 2854 1594 2867 ,
1625 2801 1797 2861 fuisse
1827 2802 2098 2857 conceda-

2203 2807 2297 2862 τοῦ
2331 2809 2548 2878 Πατρὸς
2597 2807 2950 2870 ὑποστάσεως
2989 2806 3406 2878 παρεισάγομεν
3429 2822 3442 2836 θ
3483 2805 3570 2859 ὅτι
3602 2805 3678 2876 μὴ
3715 2804 3790 2857 ὢν

518 2914 641 2951 mus
664 2939 679 2963 ,
706 2895 955 2952 Falernae
976 2896 1302 2952 substantia:
1335 2896 1697 2950 mutationem
1734 2893 2060 2949 inducemus
2085 2912 2098 2948 :

2203 2902 2396 2973 Πατὴρ
2430 2901 2661 2972 ὕστερον
2700 2901 2916 2970 ἐγένετο
2949 2901 3141 2971 Πατήρ
3166 2915 3179 2930 ο
3237 2902 3270 2970 ή
3326 2899 3437 2970 γὰρ
3483 2897 3662 2961 κτίσις
3686 2942 3700 2963 ,
3740 2898 3788 2950 εί

517 2989 817 3060 quoniam,
852 3002 977 3041 cum
1035 2986 1200 3040 Pater
1255 3002 1363 3040 non
1410 2993 1598 3051 esset,
1649 2985 1880 3055 posthac
1924 2985 2098 3041 evasit

2205 2995 2302 3048 καὶ
2337 2995 2473 3066 μετὰ
2512 2992 2686 3048 ταῦτα
2720 2994 2963 3062 γέγονεν,
3006 2992 3122 3045 ἀλλ’
3150 2994 3251 3046 οὐκ
3294 2994 3360 3045 ὲκ
3393 2992 3493 3062 τῆς
3523 2990 3620 3044 τοῦ
3653 2990 3787 3044 Θεοῦ

517 3082 700 3136 Pater.
741 3079 850 3135 Res
877 3080 1022 3134 enim
1071 3088 1304 3143 creatis,
1351 3079 1454 3133 etsi
1483 3077 1838 3148 “postmodum
1871 3077 2098 3132 conditae

2207 3089 2396 3152 οὐσίας
2421 3104 2433 3118 ·
2485 3091 2549 3142 ὲκ
2595 3088 2652 3141 δὲ
2686 3087 2781 3140 τοῦ
2819 3086 2894 3158 μὴ
2938 3087 3091 3150 ὄντος
3124 3087 3204 3149 είς
3237 3085 3299 3138 τὸ
3341 3079 3482 3138 εῖναι
3533 3083 3789 3154 βουλήσει

518 3183 685 3237 sunt,
739 3187 850 3227 non
899 3180 1085 3225 tamen
1128 3185 1195 3224 ex
1251 3169 1346 3225 Dei
1384 3169 1693 3225 substantia
1731 3170 2098 3236 exstiterunt;

2209 3182 2304 3234 xei.
2331 3181 2557 3252 δυνάμει
2591 3179 2756 3234 αὐτοῦ
2796 3179 3070 3251 παρήχθη,
3099 3178 3192 3232 καὶ
3216 3178 3314 3247 οὐχ
3342 3175 3572 3232 ἅπτεται
3603 3175 3789 3246 τροπὴ

517 3267 614 3323 sed
651 3267 828 3337 ipsius
860 3264 1144 3318 voluntate
1189 3271 1245 3318 et
1280 3262 1528 3332 potentia
1564 3261 1788 3316 fuerunt
1823 3263 2098 3332 producta!

2207 3274 2306 3344 τῆς
2331 3273 2426 3328 τοῦ
2457 3273 2592 3326 Θεοῦ
2622 3272 2858 3342 φύσεως.
2899 3272 3154 3342 Γέννησις
3187 3267 3288 3338 μὲν
3339 3267 3446 3337 γάρ
3477 3268 3594 3320 ὲστι
3623 3266 3688 3318 τὸ
3719 3268 3790 3319 ἐκ

519 3365 580 3412 ut
624 3365 833 3412 essent.
881 3354 993 3410 Nec
1047 3360 1341 3424 propterea
1396 3353 1450 3406 in
1506 3351 1598 3408 Dei
1651 3362 1906 3407 naturam
1956 3353 2098 3407 cadit

2208 3367 2306 3436 τῆς
2351 3367 2539 3430 οὐσίας
2571 3366 2666 3420 τοῦ
2706 3367 3005 3435 γεννῶντος
3039 3361 3371 3434 προάγεσθαι
3412 3360 3474 3414 τὸ
3503 3357 3790 3428 γεννώμεο

520 3449 796 3503 mutatio:
828 3447 1034 3503 etenim
1075 3445 1366 3516 generatio
1405 3443 1629 3514 quidem
1676 3444 1731 3498 in
1782 3444 1887 3498 hoc
1916 3446 2098 3503 consi-

2209 3476 2300 3512 νον
2339 3459 2523 3530 ὅμοιον
2573 3459 2694 3514 κατ’
2739 3459 2949 3514 οὐσίαν.
2981 3457 3172 3520 Κτὶσις
3216 3455 3276 3509 δὲ
3325 3454 3422 3509 xui.
3470 3453 3694 3523 ποίησις
3728 3452 3796 3506 τὺ

523 3541 658 3604 stit,
715 3549 776 3595 ut
809 3556 874 3595 ex
912 3539 1190 3611 gignentis
1241 3537 1556 3594 substantia
1612 3536 1798 3607 proles
1849 3537 2098 3609 ejusdem

2211 3550 2446 3620 ἔξωθεν,
2500 3552 2597 3606 καὶ
2634 3551 2736 3606 οὐκ
2783 3552 2848 3605 ὲκ
2890 3551 2989 3622 τῆς
3023 3550 3211 3614 οὐσίας
3244 3545 3340 3601 τοῦ
3376 3545 3656 3611 κτίζοντος
3695 3543 3794 3597 καὶ

522 3652 646 3690 cum
677 3636 935 3707 gignente
965 3635 1293 3692 substantia:
1319 3635 1692 3705 producatur:
1725 3641 1782 3690 at
1810 3637 2022 3691 creatio
2050 3646 2098 3694 el

2211 3644 2514 3712 ποιοῦντος,
2547 3644 2803 3716 γενέσθαι
2849 3642 2912 3698 τδ
2965 3642 3290 3713 κτιζόμενον
3329 3641 3426 3694 καὶ
3469 3636 3794 3708 ποιούμενον

521 3725 740 3781 eﬂectio
769 3726 875 3780 hoc
918 3733 1130 3780 tantum
1179 3726 1444 3796 requirit,
1495 3734 1553 3780 ut
1584 3735 1770 3791 extra,
1805 3733 1859 3782 et
1888 3742 1998 3781 non
2033 3743 2098 3784 es

2209 3733 2462 3807 ἀνόμοιον
2493 3734 2771 3800 παντελῶς
2797 3747 2846 3787 ι.

521 3821 766 3878 creantis
799 3828 894 3875 aut
931 3820 1219 3876 eﬂicientis
1251 3821 1564 3878 substantia
1621 3822 1718 3877 ﬁat
1768 3821 1904 3877 illud
1951 3823 2098 3894 quod
2140 3839 2366 3886 creatur
2415 3841 2510 3886 aut
2553 3829 2807 3897 elliCitur,
2847 3827 3185 3897 omninoque
3223 3833 3505 3896 quantum
3574 3821 3642 3878 ad
3702 3836 3796 3878 es»

519 3913 753 3971 sentiam
788 3912 1059 3967 dissimile
1089 3913 1185 3968 sit.
3279 3916 3282 3918 ⁷

589 4030 636 4112 1°
659 4029 822 4112 Greg.
850 4027 983 4112 Nae.
1014 4039 1154 4086 orat.
1186 4030 1275 4086 36.
1368 4033 1432 4112 "'
1456 4031 1637 4112 _Hebr.
1670 4049 1709 4096 ι,
1865 4034 1938 4112 _'_'
1970 4035 1992 4088 ι
2039 4035 2098 4090 Ct

2205 4044 2242 4112 ι,
2293 4035 2386 4112 2t.
2415 4105 2450 4112 __
2477 4035 2528 4112 "f
2567 4035 2782 4092 Coloss.
2813 4033 2982 4112 ι,15;⁸
3027 4031 3120 4112 ﬂ”
3157 4028 3324 4112 Greg.
3361 4028 3507 4112 Naz.
3533 4036 3676 4112 orat.
3701 4029 3796 4088 35.

520 4100 565 4132 '"’
586 4099 756 4172 Cyril.
779 4098 835 4155 in
871 4099 1164 4167 Thesauro,
1206 4107 1406 4158 assert.
1443 4103 1478 4157 4
1508 4110 1563 4157 et
1603 4102 1654 4156 ὅ.
1732 4103 1780 4134 ⁸⁸
1803 4103 1941 4159 Ibid.
1977 4114 2181 4162 assert.
2207 4098 2260 4160 6.
2337 4107 2381 4137 ⁸⁷
2412 4105 2546 4162 Ibid.
2579 4115 2775 4163 assert.
2807 4098 2863 4160 4’.
2939 4102 2984 4135 ⁵⁸
3023 4099 3190 4173 Greg.
3218 4098 3357 4155 Naz.
3388 4109 3535 4156 orat.
3558 4101 3650 4157 29.

1856 4237 2090 4296 νΑιιιΑῖ
2123 4238 2529 4296 LECTIONES.

585 4371 612 4399 ι
646 4355 780 4428 Reg.
816 4356 924 4412 duo
959 4352 1248 4416 παντελῶς
1287 4351 1412 4405 κατ’
1440 4350 1649 4416 οὐσίαν,
1680 4351 1767 4407 sic
1800 4351 1964 4407 etiam
1993 4352 2138 4424 apud
2166 4352 2457 4425 Cyrillum.

2053 4473 2284 4531 NOTAE.

521 4575 586 4647 ad
605 4575 1244 4647 eviu‘cenglamsincerant
1269 4582 1574 4647 temporum
1591 4570 2108 4647 Ante-Nicanorem
2142 4575 2187 4630 D
2215 4570 2660 4647 τὰςλπροθέσεις,
2693 4570 2791 4640 τὴν
2821 4566 2965 4647 σὺξδ,
2997 4565 3105 4647 καὶ
3137 4565 3238 4647 τὴν
3271 4566 3365 4647 er:
3393 4566 3452 4647 αἳ
3467 4564 3533 4645 τὸ
3559 4561 3787 4647 ἄχρςὶνρν

519 4628 678 4698 [idem
705 4628 783 4696 de
803 4628 1608 4699 Verbiconsubstantialitate.
1643 4641 1746 4696 llic
1787 4643 1965 4697 solum
2005 4641 2107 4695 ad-
2142 4628 2166 4630 _
2213 4628 2311 4696 τοῦ
2331 4628 2485 4705 Υἱοῦ,
2512 4628 3011 4710 καὶσυνήνωμένον
3038 4628 3314 4710 sibila-cpi.
3335 4628 3569 4710 δηλοῦσι,
3593 4628 3781 4710 καθὼς

518 4697 643 4767 dam
714 4697 1103 4783 brevissimum
1125 4697 1144 4699 ’
1165 4713 1465 4768 Clementis
1525 4712 1824 4783 Alexandri
1895 4713 2104 4776 locum,
2211 4697 2484 4783 ἔλλαμψις
2511 4713 2728 4783 σύνεστι
2750 4697 2828 4783 τῷ
2852 4697 3143 4783 φωτὶ-καὶ
3168 4697 3484 4783 exceptam;
3509 4697 3774 4783 πεξῆισιν.

519 4765 679 4849 quem
704 4765 1467 4855 omiSisseWvidenturilliqui
1511 4765 1853 4855 Catholicam
1879 4765 2103 4855 causam
2218 4765 2484 4855 Ἐνταῦθᾶ
2510 4765 2825 4855 παροδικῶξ
2869 4765 2982 4855 τὸν,
3009 4775 3169 4855 ᾷθεον
3207 4765 3785 4855 ξᾶτήλιτεύῳγέᾏέγᾉει

519 4845 694 4932 nuper
717 4845 1539 4935 propugnarent.festinemus,
1577 4851 1757 4920 inquit
1791 4853 1842 4903 in
1882 4851 2106 4935 Protre:
2211 4854 2448 4935 Ἀρειον.
2494 4845 2727 4935 Οὑεέςρα
2760 4847 3159 4935 ρτέςῃοδίιὶοηεξ
3201 4846 3351 4935 ἰδίεις,
3400 4845 3658 4935 enminet,
3697 4853 3783 4935 in,

523 4917 786 4993 prti'eo,_’ut
824 4917 981 4993 inulti
1012 4921 1068 4993 in
1111 4920 1448 4993 dilectionem
1475 4917 1929 4993 unam'coeamus,
1965 4921 2108 4974 κατὰ
2204 4917 2388 4993 quibus
2465 4917 2766 4993 ostenditur
2813 4917 3014 4993 Filium
3065 4925 3217 4969 extra
3277 4924 3467 4979 tempus
3509 4923 3672 4993 esse.
3726 4924 3792 4960 ac

514 4977 614 5061 τὴν
655 4977 1092 5062 τ’ῆςμοναὸικῆς
1143 4990 1332 5062 οὐσίας
1380 4991 1607 5062 ἕνωσιν,
1659 5005 1764 5059 qua
1811 4977 2102 5059 referamus
2207 4977 2669 5062 Patriconiungi;
2722 4989 2865 5044 haud
2903 5004 3050 5062 secus
3092 4996 3245 5062 atque
3285 4977 3580 5062 coruscatio
3617 4978 3795 5062 lucem

491 5056 675 5114 ‘mtius
712 5056 866 5114 illius
919 5056 1130 5130 natura:
1186 5059 1452 5130 unionem.
1487 5056 1592 5130 l_]_bi
1621 5056 1818 5129 nempe
1861 5056 2102 5130 explicat

2203 5048 2496 5117 comitatur
2519 5103 2533 5128 ,
2575 5048 2624 5115 ἔτ
2651 5048 2736 5115 ἐκ
2779 5062 2896 5130 ipsa
2923 5059 3044 5130 sine
3097 5048 3481 5130 intercapedine
3521 5048 3793 5130 procedit.

517 5131 652 5185 ilhtd
703 5131 936 5194 dictum,
979 5128 1136 5183 Joan.
1184 5143 1338 5195 xvrtt,
1373 5129 1464 5195 22,
1504 5125 1572 5181 Ut
1608 5129 1716 5183 sint
1752 5117 2100 5185 lunam-sicut
2209 5133 2314 5186 Hic
2349 5117 2532 5186 autem,
2573 5117 2810 5199 impium'
2835 5129 3025 5184 Arium
3043 5128 3224 5199 obiter
3246 5117 3601 5199 traducendo
3637 5133 3794 5171 coar-

514 5210 565 5252 ει
597 5217 689 5256 ηοε
723 5217 884 5254 unum
916 5215 1119 5254 sumus.

2207 5204 2336 5274 guit.
2372 5191 2657 5274 Cmterutn'
2677 5201 2847 5256 Basil.
2879 5195 3109 5274 cap._26
3138 5194 3210 5248 De
3240 5191 3449 5274 Spiritu
3480 5199 3674 5244 sancto
3707 5204 3799 5242 sa-

591 5272 700 5339 (15)
749 5272 909 5326 Ἀλλ’
944 5270 1036 5340 ἀεὶ
1084 5265 1182 5340 ἦν.
1218 5266 1321 5324 Sed
1363 5284 1564 5338 semper
1587 5286 1706 5323 cum
1754 5269 1953 5338 Patre,
1985 5278 2093 5325 etc.
2207 5265 2318 5328 tius
2345 5289 2468 5328 esse
2498 5274 2576 5327 ait
2603 5272 2827 5336 dicere,
2877 5265 3144 5338 Spiritum
3186 5266 3478 5340 συνεῖναι,
3531 5276 3642 5340 una
3689 5275 3803 5312 esse

519 5337 720 5394 Filium
749 5358 871 5398 esse
913 5342 966 5396 in
1000 5337 1161 5394 Patre
1185 5337 1562 5394 concedebant
1589 5341 1802 5406 Ariani,
1837 5358 1902 5396 eo
1931 5341 2093 5394 modo

523 5424 629 5475 quo
662 5427 750 5466 res
786 5421 984 5468 creatae
1027 5413 1082 5465 in
1116 5410 1226 5465 Deo
1262 5420 1390 5464 sunt
1439 5427 1452 5464 :
1495 5411 1747 5466 eumdem
1788 5427 1915 5466 vero
1971 5426 2094 5465 esse
2205 5413 2408 5478 quippe
2452 5413 2670 5478 preprie
2701 5411 2866 5466 simul
2907 5423 3173 5478 nonesse
3206 5421 3334 5459 cum
3377 5410 3574 5472 justis,
3614 5410 3761 5478 sagi

524 5467 840 5552 etnn_Patre
870 5482 1014 5537 idem
1042 5490 1128 5536 est
1154 5497 1218 5535 ac
1248 5483 1536 5552 cumiips‘o
1578 5481 1922 5550 penitissime
1957 5495 2093 5552 cou-
2206 5467 2488 5549 eis-esse:
2526 5467 2580 5538 in
2615 5483 2818 5552 quibus
2865 5477 3307 5552 sanct_i_mo_niattl_
3352 5467 3640 5552 ἀρθῖειυτ·
3672 5467 3806 5552 Τῗίίι

521 5545 694 5614 jungi.
723 5550 856 5622 Nam
883 5553 1040 5619 juxta
1074 5552 1332 5607 Basiliam
1378 5543 1453 5605 De
1480 5543 1962 5620 Spir.sanctoeap.
2001 5549 2094 5622 25,
2206 5553 2439 5608 subinde
2475 5543 2754 5608 momenta
2804 5567 2869 5606 ex
2915 5549 3086 5622 variis
3137 5545 3401 5622 lfatribus
3448 5543 3804 5622 deprompl'a,

525 5609 580 5667 et
609 5609 759 5692 o'rat.
800 5621 854 5692 in
876 5609 1080 5692 iprinc.
1121 5622 1324 5692 Evaug.
1395 5609 1562 5676 Joan.
1619 5609 2093 5692 praepositiouatiy,
2199 5623 2555 5692 paucioribus
2585 5622 2808 5692 quidem
2836 5619 3040 5692 verbis,
3072 5617 3169 5672 sed
3204 5609 3622 5692 vehementiori
3652 5609 3800 5682 Stylo

525 5637 580 5667 et
609 5637 747 5670 urat.
800 5637 854 5672 in
899 5638 1080 5689 prmo.
1121 5637 1324 5692 bvaug.
1395 5637 1562 5676 scan.
1619 5637 1941 5691 pI‘mPOSIUO
1973 5637 2093 5680 συν,
2241 5637 2555 5678 attetortbus
2585 5637 2808 5692 qutucm
2836 5637 3040 5681 verbis,
3072 5637 3169 5672 seu
3205 5637 3547 5669 veneuieuui

525 5699 694 5762 “Em,”
719 5687 990 5762 δίῧηίίὶοτιι
1039 5693 1338 5762 συννάφειᾳν
1371 5735 1386 5758 ,
1437 5693 1884 5762 conjunctionetn.
1937 5686 2095 5762 Unde
2198 5637 2397 5747 Noster
2436 5703 2594 5762 urget
2627 5701 2820 5748 contra
2851 5689 3090 5743 Arianos
3124 5695 3181 5740 et
3209 5685 3547 5762 Anommos.

525 5753 847 5810 scholiastes
878 5756 1011 5826 Reg.
1039 5761 1166 5813 cod.
1190 5753 1339 5817 '29‘29
1365 5753 1429 5814 ad
1451 5753 1596 5815 hunc
1615 5761 1793 5813 locum
1819 5759 1895 5808 ait
1919 5771 1931 5805 :
1953 5757 2092 5822 Ὅρα
2504 5753 2533 5762 “’
2981 5763 2998 5768 -
3049 5761 3061 5767 -
3424 5763 3445 5769 --
3490 5761 3540 5769 —~

2206 5359 2332 5396 cum
2367 5345 2534 5398 Patre
2568 5353 2622 5398 et
2672 5329 2832 5407 Filio,
2876 5329 3042 5408 quam
3079 5339 3322 5401 ἐνεῖναι,
3366 5337 3576 5408 inesse.
3614 5329 3804 5408 [psunt

2205 5413 2408 5482 quippe
2452 5397 2670 5484 proprie
2697 5397 2866 5484 simul
2894 5397 3334 5484 'nonessecum
3377 5403 3574 5484 justis,
3614 5397 3715 5484 sed
3747 5399 3803 5478 in
