4116 6150
365 321 471 386 813

1458 303 1554 378 DE
1583 301 1757 378 FIDE
1795 299 2255 376 ORTHODOXA
2285 305 2423 370 LIB.
2473 304 2526 371 ι.

3513 303 3617 368 814

451 437 572 491 Ἐπὶ
603 429 702 506 μὲν
725 428 818 488 οὗν
840 423 933 488 τού
961 436 1120 506 μόνου
1148 434 1412 502 ἀπαῠοῦς,
1439 437 1533 490 καὶ
1555 433 1934 497 ἀναλλοιὼτου,

2109 429 2473 497 Quamobrem
2526 427 2579 480 in
2633 425 2774 487 Dco,
2827 425 2921 495 qui
2977 424 3128 479 solus
3179 437 3208 476 a
3261 425 3618 495 perpessione

365 533 463 588 καὶ
496 527 769 600 ἀτρέπτου
791 567 807 591 ,
858 529 947 581 κατ
985 528 1071 581 ἀεὶ
1100 527 1363 591 ὡσαύτως
1391 527 1605 596 ἔχοντος
1635 525 1771 578 Θεοῦ
1799 565 1813 590 ,
1847 525 1943 578 καὶ

363 625 428 678 τὸ
462 622 681 692 γεννᾷν,
716 620 812 674 καὶ
850 620 912 673 τὸ
957 620 1191 686 κτίζειν,
1236 619 1480 684 ἀπαθές*
1526 618 1685 689 φύσει
1727 618 1836 688 γὰρ
1868 617 1944 670 ὢν

367 712 586 786 ἀπαθὴς
615 712 708 766 καὶ
757 707 1093 786 ἇρῤευστος,
1131 705 1206 775 ὡς
1251 702 1461 776 ἄπλοῦς
1492 711 1587 765 καὶ
1625 709 1941 773 ἀσύνθετος,

367 808 426 862 ού
456 807 726 875 πέφυκεν,
759 802 1055 876 ὑπομένειν
1099 801 1292 870 πάθος,
1323 802 1358 874 ἢ
1390 799 1598 874 ρεὕσιν,
1626 796 1750 856 οὕτε
1780 800 1839 856 ἐν
1865 797 1944 872 τῷ

366 893 584 969 γεννᾷν,
637 896 765 950 οὔτε
813 898 872 949 ὲν
905 895 993 967 τῷ·
1037 895 1264 962 κτίζειν,
1299 896 1421 950 οὐδέ
1457 912 1605 961 τινος
1651 895 1944 968 συνεργίας

364 992 540 1045 δεῖται
564 1001 577 1020 ⁸
629 983 749 1044 ἀλλ’
793 990 826 1060 ή
882 988 982 1060 μὲν
1031 988 1288 1058 γέννησις
1335 990 1570 1060 ἄναρχος
1618 989 1712 1044 καὶ
1749 989 1940 1054 ἀΐδιος,

368 1083 586 1153 φύσεως
612 1081 774 1153 ἔργον
817 1076 975 1145 οὖσα,
1016 1081 1111 1136 καὶ
1155 1085 1219 1136 ὲκ
1259 1083 1360 1153 τῆς
1387 1082 1576 1145 ούσίας
1609 1080 1775 1136 αὐτοῦ
1807 1099 1942 1153 προ-

368 1177 598 1243 άγουσα,
637 1174 726 1228 ἵνα
767 1172 977 1244 τροπὴν
1005 1173 1033 1227 ὁ
1055 1173 1262 1241 γεννῶν
1298 1173 1372 1244 μὴ
1401 1174 1691 1246 ὑπομείνῃ,
1731 1175 1824 1229 καὶ
1855 1174 1944 1228 ἵνα

319 1254 322 1266 ’
372 1270 448 1336 μὴ
465 1266 596 1330 Θεὸς
626 1267 863 1339 πρῶτος,
899 1263 997 1321 καὶ
1023 1266 1156 1330 Θεὸς
1186 1265 1412 1338 ὕστερος
1447 1267 1555 1336 εἴη.
1585 1268 1676 1320 καὶ
1705 1266 1944 1339 προσθή-

368 1376 473 1428 κην
504 1357 740 1428 δέξηται.
786 1359 850 1412 Ἠ
882 1357 940 1413 δὲ
985 1358 1162 1422 κτίσις
1200 1359 1294 1411 ἐπὶ
1330 1358 1466 1411 Θεοῦ
1489 1359 1622 1428 (14),
1671 1359 1944 1429 Θελήσεως

368 1451 530 1520 ἔργον
557 1445 722 1516 οὖσα,
752 1451 813 1504 οὐ
853 1449 1125 1514 συναῗδιός
1175 1453 1292 1504 ἐστι
1335 1451 1416 1521 τῷ
1448 1450 1588 1521 Θεῷ.
1635 1451 1855 1522 Ἐπειδὴ
1881 1452 1940 1504 ού

367 1543 581 1610 πέφυκε
621 1543 682 1595 τὸ
713 1543 776 1596 ὲκ
797 1539 892 1596 τοῦ
937 1545 1011 1613 μὴ
1045 1543 1200 1607 ὄντος
1233 1545 1315 1607 είς
1342 1544 1404 1597 τὸ
1447 1538 1588 1597 εἶναι
1627 1545 1945 1614 παραγόμε-

366 1650 460 1687 νον
489 1633 756 1686 συναῖδιον
791 1629 928 1689 εἶναι
959 1633 1036 1704 τῷ
1069 1634 1290 1704 ἀνάρχῳ
1322 1634 1417 1688 καὶ
1447 1635 1532 1686 ἀεὶ
1569 1633 1704 1687 ὄντι.
1731 1635 1944 1706 Ὥσπερ

365 1720 460 1777 οὗν
484 1725 513 1765 δ
544 1726 643 1794 οὐχ
675 1725 876 1795 ὁμοίως
917 1728 1065 1778 ποιεῖ
1101 1725 1389 1796 ἄνθρωπος
1429 1727 1522 1778 καὶ
1562 1726 1730 1790 Θεός·
1784 1729 1813 1779 ὁ
1845 1727 1944 1797 μὲν

365 1814 477 1885 γὰρ
500 1815 786 1885 ἄνθρωπος
815 1815 966 1869 οὐδὲν
997 1816 1061 1868 ὲκ
1098 1815 1190 1869 τοῦ
1232 1817 1305 1888 μὴ
1355 1816 1507 1881 ὄντος
1546 1819 1626 1882 εἰς
1659 1816 1764 1891 ξτὸ]
1795 1814 1940 1872 εἶναι

365 1904 628 1974 παράγει,
680 1903 796 1957 ἀλλ’
844 1906 983 1976 ὅπερ
1014 1908 1158 1959 ποιεῖ
1203 1909 1268 1960 ὲκ
1300 1908 1778 1980 προϋποκειμένης
1813 1908 1946 1978 ὕλης

367 1999 542 2064 ποιεῖ,
591 1994 652 2050 ού
689 1997 922 2068 θελήσας
971 1999 1165 2069 μόνον,
1201 1998 1336 2053 ἀλλὰ
1381 2000 1476 2054 καὶ
1519 2001 1942 2072 προεπινοήσας,

365 2088 462 2140 καὶ
489 2089 547 2141 ὲν
583 2087 662 2158 τῷ
689 2087 766 2159 νῷ
790 2088 1149 2153 ἀνατυπὼσας
1175 2089 1236 2142 τὸ
1265 2090 1628 2160 γενησόμενον
1649 2135 1664 2157 ,
1696 2089 1812 2146 εἶτα
1851 2093 1946 2146 καὶ

365 2178 554 2248 χερσὶν
583 2177 994 2248 ἐργασάμενος,
1031 2179 1126 2232 καὶ
1159 2180 1326 2232 κόπον
1375 2181 1676 2250 ὑπομείνας
1711 2184 1805 2236 καὶ
1844 2184 1945 2238 κά-

369 2286 562 2340 ματον,
601 2269 867 2335 πολλάκις
909 2271 968 2324 δὲ
1005 2272 1099 2325 καὶ
1132 2271 1467 2343 ἀστοχήσας,
1498 2274 1573 2343 μὴ
1606 2274 1939 2341 ἀποϐάντος,

366 2362 511 2416 καοά
543 2362 818 2432 βούλεται,
859 2360 952 2417 τοῦ
982 2363 1445 2435 ἐπιτηδεύματοςο
1473 2369 1502 2420 ὁ
1537 2367 1592 2421 δὲ
1617 2367 1750 2431 Θεὸς
1780 2367 1945 2438 Θελήσ-

369 2471 469 2517 σας
499 2457 677 2525 μόνον,
711 2456 776 2509 ἐκ
806 2455 900 2509 τοῦ
935 2456 1008 2528 μὴ
1042 2455 1195 2521 ὄντος
1228 2457 1308 2521 εἰς
1333 2457 1394 2512 τὸ
1425 2454 1566 2513 εῖναι
1593 2461 1773 2515 πάντα
1802 2478 1943 2534 παρ-

367 2541 596 2611 ήγαγεν.
629 2542 816 2607 Οὕτως
844 2545 965 2597 οὐδὲ
1009 2545 1210 2617 ὁμοίως
1247 2547 1414 2619 γεννᾷ
1447 2546 1581 2611 Θεὸς
1609 2549 1708 2603 καὶ
1731 2549 1944 2621 ἀνθρω-

368 2648 484 2697 πος.
531 2635 594 2686 Ὀ
631 2635 730 2705 μὲν
771 2635 881 2708 γὰρ
908 2635 1074 2699 Θεὸς,
1119 2637 1348 2707 ἄχρονος
1392 2636 1468 2691 ὣν
1493 2680 1509 2705 ,
1551 2643 1645 2695 καὶ
1684 2642 1938 2714 ἄναρχος,

366 2725 464 2777 καὶ
517 2725 778 2797 ἀπαθὴς,
822 2727 917 2780 καὶ
965 2726 1298 2799 ἄρῤευστος,
1334 2730 1429 2782 καὶ
1474 2731 1806 2803 ἀσώματος,
1847 2737 1942 2790 καὶ

369 2815 551 2885 μόνος,
576 2817 669 2870 καὶ
704 2816 1082 2885 ἀτελεύτητος,
1117 2819 1388 2892 ἀχρόνως,
1427 2824 1522 2876 καὶ
1546 2822 1820 2895 ἀνάρχως,
1845 2829 1943 2881 καὶ

365 2905 619 2971 ἀπαθῶς,
673 2908 766 2959 καὶ
814 2906 1135 2977 ἀρῤεύστως
1190 2914 1394 2984 γεννᾷ,
1453 2915 1548 2968 καὶ
1599 2916 1758 2980 ἐκτὸς
1809 2936 1942 2972 συν-

367 2993 615 3063 δυασμοῦ
639 2993 750 3064 (15)
778 3013 792 3028 ·
823 2996 919 3048 καὶ
953 2995 1074 3048 οὕτε
1127 2997 1302 3070 ἀρχὴν
1345 3001 1458 3069 ἔχει
1487 3003 1520 3070 ἡ
1554 3003 1942 3074 ἀκατάληπτος

2046 521 2219 584 omni,
2248 520 2573 574 alteratione
2613 533 2676 572 ac
2720 517 3028 571 mutatione
3054 515 3193 570 liber
3221 523 3326 580 est,
3377 531 3622 588 semper-

2043 624 2155 681 que
2202 610 2394 664 eodem
2431 608 2596 664 modo
2637 623 2698 664 se
2726 607 2932 674 habet,
2981 614 3098 659 tum
3142 608 3455 677 generatio,
3503 617 3619 663 tum

2044 703 2257 758 creatio
2279 742 2294 768 ,
2321 702 2600 774 passionis
2625 715 2830 772 expers
2859 707 2945 757 est
2969 695 3036 755 ⁸⁵.
3065 698 3200 753 Nam
3232 714 3356 754 cum
3392 715 3492 756 nec
3521 715 3621 771 pa-

2043 794 2258 861 tibilis,
2313 809 2416 850 nec
2457 793 2619 850 ﬂuxae
2683 801 2900 849 natura:
2951 794 3066 861 sit;
3126 794 3334 865 quippe
3391 796 3621 866 simplex

2044 893 2150 949 est,
2211 900 2312 940 nec
2372 885 2720 955 compositus
2779 901 2796 939 ι
2849 891 3002 940 certe
3034 897 3139 940 nec
3174 887 3491 955 passionem
3523 903 3624 944 nec

2047 973 2286 1041 ﬂuxum,
2317 976 2403 1031 vel
2430 977 2486 1031 in
2533 976 2887 1046 generando,
2931 975 3017 1030 vel
3061 976 3118 1031 in
3164 977 3406 1033 creando
3437 978 3625 1034 subire

2043 1076 2252 1140 potest,
2306 1083 2410 1124 nec
2475 1068 2803 1140 cujusquam
2885 1081 3043 1138 opem
3115 1076 3278 1140 atque
3339 1067 3629 1140 adiumen-

2044 1169 2160 1216 tum
2199 1159 2501 1216 desiderat.
2551 1161 2622 1215 At
2667 1159 2950 1231 generatio
2991 1159 3214 1230 quidem
3259 1161 3483 1216 initium
3515 1177 3623 1217 non

2047 1251 2213 1306 habet
2275 1252 2716 1322 sempiternaque
2774 1260 2891 1317 est,
2955 1261 3016 1307 ut
3085 1267 3210 1322 quae
3284 1263 3495 1308 naturae
3553 1253 3628 1308 sit

2045 1359 2184 1412 opus
2206 1382 2220 1407 ,
2247 1357 2422 1414 exque
2447 1344 2622 1414 ipsius
2651 1344 2962 1399 substantia
2995 1345 3232 1415 prodeat
3258 1357 3276 1414 ς
3306 1359 3376 1401 ne
3413 1345 3620 1416 alioqui

2045 1436 2134 1492 ille
2163 1435 2256 1506 qui
2293 1437 2502 1507 gignit,
2555 1435 2921 1492 mutationem
2971 1437 3202 1505 subeat,
3245 1453 3312 1492 ac
3359 1447 3627 1508 praeterea

2045 1543 2115 1582 ne
2142 1526 2287 1583 Deus
2316 1528 2471 1598 prior
2502 1528 2611 1593 sit,
2644 1525 2902 1598 Deusque
2942 1532 3238 1599 posterior,
3271 1545 3406 1586 neve
3435 1545 3627 1587 acces-

2047 1619 2262 1675 sionem
2298 1619 2576 1688 recipiat:
2632 1621 2843 1674 creatio
2885 1628 3067 1675 autem
3112 1621 3166 1675 in
3219 1620 3363 1688 Deo,
3392 1638 3516 1677 cum
3554 1625 3629 1680 sit

2046 1711 2353 1766 voluntatis
2387 1725 2527 1781 opus
2552 1750 2568 1775 ,
2601 1710 2713 1766 Deo
2749 1710 3004 1780 profecto
3034 1721 3309 1769 coartet-na
3359 1730 3467 1770 non
3517 1726 3624 1773 cst.

2046 1800 2201 1856 Haud
2236 1802 2382 1856 enim
2433 1807 2633 1854 natura
2677 1810 3056 1870 comparatum
3103 1813 3218 1867 est,
3255 1812 3316 1857 ut
3358 1805 3506 1874 quod
3558 1821 3628 1860 ex

2047 1893 2223 1948 nihilo
2247 1892 2596 1962 producitur,
2635 1891 2795 1964 13E.
2823 1894 3066 1948 eamdem
3096 1909 3222 1948 cum
3253 1911 3318 1949 eo
3347 1897 3492 1966 quod
3524 1898 3631 1952 ini-

2047 1989 2127 2040 tio
2160 1992 2348 2049 caret,
2392 1992 2447 2040 et
2493 1984 2894 2054 sempiternum
2945 1994 3073 2052 est,
3115 1988 3482 2044 aaternitatem
3535 1997 3630 2045 aut

2045 2077 2476 2148 perpetuitatem
2513 2076 2738 2130 habeat.
2793 2075 3275 2143 Quemadmodum
3321 2079 3490 2149 igitur
3525 2081 3630 2137 ho-

2045 2170 2212 2224 minis
2238 2178 2295 2224 et
2324 2168 2421 2224 Dei
2455 2184 2565 2224 non
2595 2169 2786 2224 eadem
2815 2179 2901 2224 est
2946 2167 3216 2226 eﬂiciendi
3262 2172 3444 2239 ratio;
3496 2175 3626 2244 quia

2023 2255 2215 2314 'homo
2247 2257 2386 2312 nihil
2414 2273 2480 2312 ex
2511 2257 2686 2314 nihilo
2717 2257 2976 2329 producit
3005 2257 3050 2291 ‘°
3081 2275 3096 2324 ;
3138 2261 3235 2316 sed
3274 2264 3419 2332 quod
3463 2263 3628 2321 eﬂicit

2045 2365 2112 2406 ex
2141 2351 2554 2420 praeexsistcnte
2610 2359 2665 2405 et
2694 2349 2946 2420 subjecta
2980 2352 3210 2406 materia
3241 2351 3372 2408 facit
3403 2355 3448 2388 “
3476 2375 3490 2424 ε
3522 2371 3628 2412 nec

2045 2443 2385 2498 voluntatem
2419 2443 2692 2497 duntaxat
2724 2443 2949 2498 adhibet
2973 2483 2989 2504 .
3020 2445 3114 2499 sed
3150 2445 3306 2516 prius
3335 2447 3502 2502 etiam
3534 2463 3628 2504 co-

2045 2536 2220 2606 gitat,
2256 2533 2505 2603 illudque
2531 2533 2680 2604 quod
2715 2533 2966 2590 facturus
2994 2543 3119 2602 est,
3156 2536 3343 2593 animo
3379 2537 3623 2611 eﬂingit,

2045 2643 2112 2680 ac
2138 2628 2369 2696 posthac
2397 2641 2658 2681 manuum
2691 2641 2913 2698 quoque
2940 2626 3125 2684 addita
3153 2643 3320 2700 opera
3340 2667 3356 2695 ,
3381 2629 3624 2687 laborem

2043 2727 2099 2774 et
2128 2719 2439 2774 molestiam
2470 2720 2710 2775 sustinet
2740 2719 2784 2752 ⁶¹
2811 2733 2826 2773 :
2857 2735 2960 2775 nec
2993 2735 3125 2776 raro
3161 2721 3328 2777 etiam
3376 2738 3474 2794 spe
3525 2736 3624 2780 sua

2044 2809 2275 2876 labitur,
2302 2816 2364 2865 ut
2393 2809 2482 2864 cui
2507 2807 2854 2880 propositum
2879 2824 2944 2864 ex
2975 2809 3146 2863 animi
3185 2811 3472 2866 voluntate
3511 2824 3625 2867 non

2045 2899 2310 2956 succedat
2335 2918 2347 2953 :
2381 2897 2528 2955 Deus
2553 2907 2735 2954 autem
2768 2897 2885 2953 sola
2913 2898 3198 2953 voluntate
3229 2901 3411 2955 omnia
3441 2914 3510 2956 ex
3540 2901 3626 2956 ni—

2044 2993 2162 3048 hilo
2191 3001 2249 3047 ut
2283 2997 2470 3048 essent
2501 2990 2801 3061 produxit:
2835 2990 2911 3045 ita
2948 3005 3049 3047 nec
3093 2992 3285 3047 eodem
3338 2994 3507 3048 modo
3541 2994 3624 3064 gi-

366 3083 537 3138 αὐτοῦ
565 3087 849 3155 γέννησις,
896 3087 1018 3140 οὐδὲ
1055 3088 1228 3152 τέλος.
1276 3093 1387 3144 Καὶ
1429 3093 1688 3163 ἀνάρχως
1727 3096 1827 3165 μὲν
1856 3098 1943 3156 διὰ

2053 3093 2227 3157 gnunt
2257 3083 2404 3139 Deus
2432 3091 2487 3138 et
2514 3081 2697 3137 homo.
2734 3080 2879 3136 Deus
2920 3083 3097 3147 enim,
3145 3091 3205 3135 ut
3251 3082 3344 3152 qui
3391 3081 3624 3153 temporl

366 3176 431 3229 τὸ
452 3174 724 3245 ἄτρεπτον
749 3192 763 3206 ·
795 3175 1113 3249 ἀρρεύστως
1139 3178 1198 3232 δὲ
1229 3177 1317 3234 διὰ
1346 3181 1407 3232 τὸ
1436 3181 1645 3246 ἀπαθὲς
1677 3186 1772 3237 καὶ
1803 3188 1948 3242 ἀσώ.

373 3283 544 3334 ματον
575 3283 588 3296 ·
619 3268 774 3330 ὲκτδς
802 3269 1143 3340 συνδυασμοῦ
1162 3314 1177 3336 ,
1206 3270 1292 3324 διά
1329 3289 1389 3324 τε
1427 3273 1490 3326 τὸ
1517 3274 1810 3344 ἀσώματον
1839 3282 1946 3336 πά-

368 3359 488 3425 λιν,
536 3360 632 3412 καὶ
674 3359 771 3414 ἕνα
819 3361 978 3432 μόνον
1025 3360 1166 3418 εἶναι
1218 3363 1352 3417 Θεὸν
1395 3365 1671 3438 ἀπροσδεῆ
1708 3370 1898 3443 ἐτέρου
1927 3389 1940 3404 ·

369 3450 742 3522 ἀτελευτήτως
761 3452 837 3520 δὲ,
866 3455 960 3508 καὶ
992 3455 1454 3522 ἀκαταπαύστως,
1483 3456 1572 3511 διά
1599 3477 1658 3512 τε
1687 3460 1749 3514 τὸ
1776 3463 1945 3534 ἄναρ-

369 3559 485 3612 χον,
513 3545 605 3598 καὶ
635 3545 886 3616 ἄχρονον,
916 3548 1011 3601 καὶ
1035 3549 1413 3620 ἀτελεύτητον,
1447 3551 1542 3603 καὶ
1570 3552 1660 3606 ἀεὶ⁸
1680 3551 1945 3619 ὡσαύτως

371 3637 552 3707 ἔχειν’
600 3639 660 3692 τὸ
723 3641 836 3711 γὰρ
875 3642 1144 3714 ἄναρχον,
1196 3642 1550 3714 ἀτελεύτητον
1578 3661 1592 3676 ο
1637 3644 1698 3698 τὺ
1746 3646 1803 3700 δὲ
1845 3650 1945 3718 χά-

373 3746 481 3800 ριτι
540 3730 929 3802 ἀτελεύτητον,
982 3733 1042 3786 ού
1088 3735 1306 3799 πάντως
1353 3735 1589 3807 ἄναρχον
1615 3775 1631 3802 ,
1673 3735 1864 3811 ὥσπερ
1896 3738 1948 3792 oi

371 3820 614 3889 ἄγγελοι.

2057 3193 2164 3232 non
2218 3176 2434 3242 subsit,
2481 3183 2535 3230 et
2586 3175 2901 3247 principio,
2955 3174 3213 3244 passione
3272 3189 3337 3229 ac
3386 3173 3627 3230 ﬂuxione

2053 3270 2200 3326 omni
2233 3279 2429 3333 vacet,
2461 3269 2643 3340 sitque
2675 3268 3074 3338 incorporeus,
3115 3281 3178 3322 ac
3221 3266 3376 3320 solus
3425 3266 3494 3320 ab
3538 3267 3626 3320 in-

2052 3364 2214 3418 teritu
2252 3361 2394 3417 liber
2421 3361 2508 3428 °';
2540 3361 2612 3416 ita
2645 3360 2788 3414 citra
2820 3369 3038 3429 tempus
3074 3371 3330 3427 quoque,
3374 3363 3430 3412 et
3470 3356 3625 3427 prin~

2049 3456 2253 3524 cipium
2278 3493 2292 3518 ,
2319 3461 2374 3508 et
2399 3453 2714 3524 passionem
2739 3490 2754 3516 ,
2776 3461 2831 3507 et
2860 3449 3069 3505 ﬂuxum
3090 3488 3108 3516 ,
3127 3459 3182 3504 et
3208 3449 3331 3504 sine
3355 3449 3469 3503 ullo
3495 3462 3628 3504 con-

2042 3565 2236 3619 gressu
2289 3547 2498 3618 gignit,
2550 3561 2617 3601 ac
2666 3559 2768 3599 nec
2817 3543 3061 3605 initium,
3120 3553 3221 3595 nec
3261 3540 3422 3594 ﬁnem
3464 3539 3630 3594 habet

2043 3637 2627 3709 incomprehensibilis
2676 3635 2857 3706 ipsius
2909 3633 3214 3702 generatio.
3266 3631 3433 3701 Atqui
3487 3632 3626 3686 citra

2042 3743 2261 3803 tempus
2294 3729 2519 3803 quidem
2554 3727 2768 3784 idcirco
2795 3727 2970 3798 gignit
2991 3767 3006 3792 ,
3040 3725 3171 3795 quia
3207 3723 3277 3779 ab
3318 3722 3472 3780 omni
3503 3738 3627 3778 mu-

2043 3827 2258 3882 tatione
2302 3825 2519 3885 alienus
2558 3829 2684 3878 est:
2718 3820 2858 3875 citra
2901 3818 3200 3873 ﬂuxionem
3244 3824 3464 3880 autem,
3498 3815 3628 3885 quia

368 3914 693 3983 impatibilis
720 3923 774 3972 et
805 3917 1164 3987 incorporeus
1189 3934 1202 3970 :
1233 3917 1371 3972 citra
1401 3932 1756 3989 congressum
1783 3933 1936 3986 vero,
1971 3927 2090 3974 tum
2125 3931 2323 3972 rursus
2352 3913 2481 3986 quia
2517 3914 2880 3983 incorporeus
2901 3949 2916 3976 ,
2945 3919 3060 3965 tum
3095 3906 3227 3979 quia
3286 3921 3430 3962 unus
3501 3913 3631 3960 tan-

367 4014 484 4061 tum
522 4017 610 4063 est
648 4007 819 4073 Deus,
903 4009 1133 4065 alterius
1175 4025 1341 4080 opera
1390 4010 1615 4066 minime
1657 4009 1907 4082 indigens
1965 4030 1981 4067 :
2049 4010 2188 4066 citra
2217 4008 2378 4064 ﬁnem
2435 4006 2710 4076 denique,
2748 4013 2802 4060 et
2844 4011 2910 4058 ut
2954 4017 3234 4073 nunquam
3275 4015 3307 4055 a
3358 3997 3631 4072 gignendo

368 4102 654 4172 quiescat,
686 4103 833 4174 quod
868 4105 1007 4159 initii
1030 4146 1046 4172 ,
1077 4115 1131 4161 et
1163 4107 1427 4176 temporis
1448 4150 1463 4172 ,
1494 4117 1545 4162 et
1607 4104 1734 4160 ﬁnis
1765 4122 1964 4178 expers
1995 4107 2094 4168 sit.
2131 4116 2458 4176 semperque
2484 4101 2678 4158 eodem
2708 4099 2872 4156 modo
2905 4112 2964 4154 se
2994 4097 3216 4153 habeat.
3283 4092 3421 4149 Nam
3483 4091 3630 4163 quod

365 4195 638 4265 principio
669 4204 853 4264 caret,
886 4211 989 4252 nec
1020 4197 1182 4252 tinem
1241 4211 1477 4267 unquam
1534 4195 1850 4252 habiturum
1877 4208 1980 4254 est.
2017 4196 2171 4265 Quod
2207 4204 2391 4251 autem
2425 4193 2519 4248 Dei
2555 4205 2784 4248 munere
2812 4196 2978 4260 atque
3005 4187 3180 4257 gratia
3233 4187 3352 4242 sine
3411 4183 3519 4238 line
3547 4194 3632 4240 est

368 4299 434 4340 ac
459 4285 788 4354 immortale,
818 4287 924 4342 hoc
949 4301 1180 4358 prorsus
1207 4286 1481 4357 principio
1511 4301 1620 4341 non
1645 4294 1818 4342 caret.
1849 4285 1908 4342 Id
1945 4287 2093 4358 quod
2127 4301 2194 4343 ex
2225 4284 2440 4357 angelis
2469 4281 2712 4354 perspici
2741 4279 2920 4352 possit
2947 4278 3015 4333 “.

438 4466 486 4540 ξ’
515 4466 695 4540 (ἶπες.
715 4468 846 4524 Naz.
878 4478 1018 4526 orat.
1051 4468 1122 4526 29
1142 4479 1195 4527 et
1221 4471 1311 4526 35.
1388 4470 1434 4504 ⁸ο
1463 4470 1544 4528 Id.
1575 4478 1718 4528 orat.
1747 4470 1840 4526 29.
1901 4469 1958 4540 ξι
1991 4464 2189 4540 (ιω-ιιι,
2215 4463 2371 4540 Thes.
2406 4469 2587 4517 assert
2607 4463 2651 4540 Ξ
2672 4469 2728 4516 ει
2765 4459 2855 4515 18.
2929 4457 2975 4488 ⁸⁸
3003 4455 3169 4529 Greg.
3197 4451 3330 4509 Naa.
3365 4459 3509 4508 orat.
3535 4449 3628 4507 29.

367 4533 414 4567 ⁸³
434 4532 652 4609 (ὶγι-ίΙΙ.⁷
676 4539 831 4595 Thes.
873 4549 1076 4596 assert.
1107 4541 1160 4608 5,
1187 4542 1219 4596 6
1239 4551 1294 4599 et
1329 4542 1432 4608 l6;
1473 4540 1639 4614 Greg.
1689 4549 1834 4598 orat.
1860 4538 1951 4594 55.
2028 4532 2073 4568 δι
2103 4533 2269 4599 Infra,
2304 4532 2400 4588 lib.
2437 4547 2501 4597 ιι,
2527 4545 2578 4587 ε.
2607 4533 2662 4586 5.

1675 4678 1909 4735 ἾΑΚΙᾸῦ
1950 4673 2359 4735 LECTIONES.

464 4774 492 4813 δ
524 4775 661 4828 Cod.
725 4773 782 4829 3.
842 4771 949 4830 llil.
979 4775 1179 4830 τοίνυν.

1877 4862 2119 4920 ΝΟΤΛΕ.

439 4963 552 5032 (14)
602 4961 675 5016 Ἠ
720 4962 790 5016 δὲ
826 4962 1028 5028 κτίσις
1074 4961 1173 5032 ἐστὶ
1213 4960 1393 5032 Θεοῦ.
1409 4960 1830 5032 Creatio_auter_n
1884 4960 1939 5032 in
1970 4963 2016 5019 D
2115 4957 2229 5032 (l§)
2260 4954 2654 5032 :{iﬁpﬂéﬂftdq'
2699 4952 2925 5032 γεννᾷ,
2952 4949 3080 5032 ,καὶ
3133 4948 3309 5017 ἐκτὸς
3364 4944 3634 5032 σξρνᾷυα-

356 5020 496 5106 ·ρεο.
533 5020 892 5106 ᾉιιιεηεεξιιε,
943 5020 1084 5106 θέει.
1118 5030 1154 5085 2
1192 5041 1246 5087 et
1255 5031 1313 5106 ᾖ
1353 5029 1510 5106 Cant.
1560 5030 1750 5084 Arian.
1783 5029 1942 5106 Basj:
2043 5020 2224 5106 σέιόῦ.
2252 5020 2412 5106 cura
2443 5020 2767 5106 fusionem,
2805 5020 3034 5106 τιθέα-
3066 5036 3208 5106 saepe
3245 5021 3477 5106 repetit,
3505 5029 3632 5106 tum

365 5103 498 5166 lius,
536 5102 634 5157 lib.
676 5120 730 5157 IV
769 5089 923 5158 Con}.
965 5100 1197 5157 Eunom.
1254 5100 1655 5164 Nazianzenus,
1689 5110 1830 5156 orat.
1873 5098 1944 5154 29
2046 5089 2340 5170 adversum
2372 5089 2670 5150 Gnosticos
2695 5134 2710 5159 ,
2767 5094 2860 5164 qui
2905 5089 3158 5147 Verbum'
3193 5091 3259 5145 ad
3294 5091 3472 5170 instar
3505 5103 3636 5158 pro-

362 5184 420 5226 οτι
451 5158 558 5237 33;
594 5171 856 5245 Cyrillus,
897 5171 1049 5245 Thes.
1073 5181 1271 5227 assert.
1301 5173 1358 5237 5,
1385 5172 1612 5245 aliique,
1640 5158 1944 5224 discrimen
2041 5167 2200 5245 ﬂuvii
2235 5180 2550 5245 emanasse,
2585 5158 2751 5245 atque
2768 5158 2876 5245 [εχ
2931 5176 3230 5233 congressu
3271 5158 3476 5245 Agonis
3492 5171 3634 5245 ,φεῖ

367 5257 470 5295 noc
501 5228 914 5314 generationem
965 5244 1109 5298 inter
1139 5251 1197 5296 et
1229 5228 1579 5314 creationem
1599 5228 1941 5314 agnoscunt,
2043 5239 2183 5296 sculi
2237 5253 2361 5314 cum
2413 5228 2591 5314 Eone
2651 5228 2858 5314 femina
2898 5228 3631 5314 _prog'na_tum‘_ﬂngehantj_:

364 5293 428 5364 ut
450 5293 915 5382 mamma;
939 5293 1946 5383 arma;his,"assesasses:
2042 5293 2161 5365 ium
2199 5309 2362 5383 etiam
2396 5307 2724 5383 uLAriangs
2771 5293 3134 5383 refutetgqui
3161 5293 3635 5383 Δςειδιιιοιίξεεηιι),λιες

337 5363 742 5452 istan—nihil
771 5363 1942 5452 ﬁiéréiifr‘,"Eééiiih'éibi"i¢iuiieast,
2050 5363 2402 5452 generatione
2435 5373 2598 5431 Verbi
2654 5377 2840 5452 (idem.
2879 5374 2955 5452 ad_
2987 5363 3435 5452 Valentinianum

369 5451 513 5505 haud
547 5466 710 5524 secus
742 5467 806 5524 ac
860 5455 943 5508 sol
983 5438 1150 5508 simul
1179 5465 1346 5524 atque
1376 5438 1555 5507 factus
1605 5451 1727 5524 fuit,
1754 5438 1943 5524 iumen
2051 5438 2373 5524 Eticumque
2401 5461 2624 5524 sensum
2672 5443 3092 5524 detorquebant.
3113 5438 3445 5524 ΔΙροιι-ᾼςξυε
3470 5438 3632 5524 illi“:

363 5536 526 5593 exse
561 5523 812 5590 profudit
843 5507 969 5578 :isin
1009 5507 1295 5593 generatib
1328 5507 1613 5577 voluntate
1652 5507 1768 5576 ﬂeri
1810 5535 1947 5573 con-
2055 5526 2241 5593 surrat
2273 5507 2506 5593 epistola
2533 5516 2620 5593 _ad
2679 5507 3049 5593 Alexajidrum
3098 5507 3630 5593 ﬁlexa'r‘idrlquar‘n

365 5575 1946 5666 cedatur,veluntateinohancvobvbpopov,comitantem
2057 5575 2629 5666 2Athanasiusurecitat
2825 5581 2901 5666 De
2941 5578 3200 5666 synodi”
3227 5575 3631 5666 ωξῖξξξρξξίξίξξξξ

366 5674 514 5724 esse,
548 5645 659 5716 non
686 5645 1333 5727 aiuterioremaeicbntra
1353 5645 1691 5717 voluntatem
1722 5661 1947 5717 creandi
2060 5660 2194 5727 haer.
2237 5657 2349 5720 69;
2396 5655 2658 5727 Hilarius,
2694 5653 2886 5727 libi"
2928 5645 2994 5706 εἰ
3019 5664 3049 5701 ν
3097 5649 3172 5701 De
3227 5645 3380 5704 Trin.
3412 5645 3632 5718 Legcsis

369 5720 706 5788 creationem
749 5720 1082 5802 praecedere.
2058 5726 2320 5781 Naaianz.
2353 5735 2495 5781 orat.
2526 5724 2616 5787 55,
2647 5737 2702 5793 p.
2731 5720 2857 5776 567.

1439 5838 1509 5848 --ιι-
1519 5838 1542 5847 Α
