4116 6150
427 356 535 425 ειτ

1530 374 1630 434 DE
1652 377 1827 436 FIDE
1865 375 2327 441 ORTHODOXA
2369 374 2590 442 ΙιΙΒῘΙ.

3575 379 3679 442 818

426 473 522 529 καὶ
547 472 728 530 πάντα
762 473 865 530 ὅσα
902 477 1018 548 ἔχει
1043 481 1070 534 ὁ
1105 481 1316 555 Πατὴρ,
1347 485 1514 539 αὐτοῦ
1545 489 1672 554 εἰσι,
1719 490 1860 560 πλὴν
1900 491 2002 561 τῆς

2108 493 2475 563 generationis
2517 491 2676 547 modo
2700 533 2714 557 ,
2747 493 2841 548 sed
2876 491 3264 562 processionis.
3302 491 3459 544 Alius
3498 499 3678 544 autem

425 567 756 635 ἀγεννησίας
779 569 914 638 (i7),
953 571 1076 642 ἥτις
1109 576 1170 628 οὐ
1219 577 1474 646 σημαίνει
1501 579 1689 644 οὐσίας
1711 581 2000 653 διαφορὰν,

425 655 547 745 οὐδὲ
588 655 805 726 ἀξίωμα
835 660 969 731 (18),
1018 664 1155 717 ἀλλὰ
1203 666 1400 736 τρόπον
1449 669 1774 736 ὑπάρξεως·
1817 672 2005 745 ὥσπερ

426 744 520 797 καὶ
563 746 592 798 ὁ
629 747 800 817 Ἀδὰμ
852 751 1144 822 ἀγέννητος
1175 753 1280 805 ὧν·
1338 756 1566 827 πλάσμα
1598 759 1707 830 γάρ
1748 762 1864 814 ἐστι
1910 744 2005 814 τοῦ

426 834 562 888 Θεοῦ
584 853 598 868 ο
646 837 743 890 καὶ
775 841 803 893 ό
833 841 940 912 Σὴθ
972 846 1229 915 γεννητός
1255 859 1272 875 ·
1309 847 1422 910 υίὸς
1469 849 1576 920 γάρ
1616 852 1764 905 ἐστιν
1802 853 1971 923 ’Λδάμ
1991 869 2003 882 ·

427 925 518 976 καὶ
547 927 580 995 ἠ
616 925 730 979 Εὕα
758 929 822 981 ὲκ
856 931 956 1000 τῆς
989 931 1082 985 τοῦ
1121 934 1290 1005 Ἀδὰμ
1308 935 1550 1000 πλευρᾶς
1571 940 1963 1010 ὲκπορευθείσα
1983 956 1997 973 ·

425 1016 487 1068 οὐ
523 1017 640 1088 γὰρ
655 1018 917 1092 ἐγεννήθη
953 1022 1095 1092 αὐτη
1121 1039 1135 1053 ·
1181 1025 1241 1078 οὐ
1270 1027 1430 1096 φύσει
1463 1029 1810 1100 διαφέρουσιν
1840 1032 2004 1102 ἀλλή-

426 1107 561 1160 λων·
602 1109 880 1182 ἄνθρωποι
911 1114 1024 1186 γάρ
1075 1118 1247 1170 εἰσιν·
1277 1119 1414 1172 ἀλλά
1446 1119 1523 1190 τῷ
1564 1121 1667 1190 τῆς
1717 1123 2002 1193 ὑπάρξεως

424 1199 633 1271 τρόπῳ.

2101 592 2186 640 est
2217 576 2304 638 hic
2338 585 2675 639 ex~istcntite
2706 583 2902 638 modus
2931 581 3160 652 perinde
3192 579 3682 649 incomprehensus

2104 687 2158 733 ct
2192 677 2412 744 ignotus
2435 717 2450 740 ,
2481 675 2942 746 quemadmodum
2975 683 3031 728 et
3060 672 3184 726 Filii
3213 671 3515 742 generatio.
3542 670 3683 734 Quo~

2106 770 2254 823 circa
2283 769 2469 823 omnia
2497 783 2618 838 qum
2649 767 2812 822 Pater
2847 765 3038 829 habet,
3081 763 3205 818 Filii
3236 771 3400 826 sunt,
3435 762 3540 814 hoc
3571 775 3682 813 uno

2106 867 2332 928 excepto
2353 900 2366 922 ,
2400 857 2548 927 quod
2579 856 2856 927 ingenitus
2885 870 2992 909 non
3017 862 3101 910 est
3133 872 3148 910 :
3176 868 3297 923 qua:
3322 849 3545 921 quidem
3575 865 3680 902 vox
3735 907 3738 912 _

2108 963 2209 1002 nec
2240 956 2452 1003 natura:
2479 947 2782 1003 discrimen
2805 988 2821 1012 ,
2867 962 2969 1001 nec
3013 945 3334 1014 dignitatem
3358 983 3373 1007 ,
3410 942 3505 997 sed
3549 940 3681 996 sub-
3732 937 3740 994 ἱ

2109 1040 2338 1095 siStendi
2401 1040 2621 1094 modum
2678 1037 2892 1092 indicat
2949 1037 3016 1090 °’.
3081 1035 3235 1090 liaud
3291 1050 3453 1090 secus
3515 1039 3682 1100 atque

2107 1129 2311 1193 Adam,
2341 1129 2433 1197 qui
2465 1129 2682 1198 genitus
2713 1143 2822 1180 non
2855 1133 2940 1181 est
2980 1125 3000 1196 (
3027 1126 3343 1194 ﬁgmentum
3386 1123 3533 1179 enim
3581 1119 3681 1174 Dei

2105 1222 2226 1292 est)
2255 1231 2307 1276 et
2335 1220 2466 1275 Seth
2497 1220 2589 1290 qui
2623 1219 2842 1290 genitus
2875 1218 3059 1288 (ﬁlius
3089 1219 3236 1271 enim
3260 1224 3344 1271 est
3370 1213 3585 1281 Adami)
3625 1218 3682 1266 et

426 1287 538 1382 Eva
583 1308 704 1363 qua:
733 1310 799 1350 ex
839 1296 1034 1351 Adami
1063 1307 1217 1354 costa
1248 1301 1454 1370 prodiit
1484 1303 1687 1374 (neque
1731 1306 1878 1361 enim
1927 1309 2046 1377 ipsa
2082 1287 2265 1382 genita
2294 1310 2422 1382 est),
2460 1287 2660 1365 natura
2691 1311 2835 1365 inter
2865 1323 2924 1364 se
2951 1309 3180 1364 minime
3208 1307 3466 1364 dilierunt
3525 1305 3682 1374 (ho-

427 1381 600 1443 mines
624 1383 768 1437 enim
800 1385 974 1458 sunt),
1003 1388 1101 1442 sed
1131 1388 1428 1443 exsistendi
1461 1391 1620 1445 modo
1649 1391 1714 1446 ⁷⁸.

494 1473 615 1545 Χρὴ
651 1476 756 1546 γὰρ
779 1475 998 1541 ειδέναι,
1031 1477 1198 1532 ὅτιτὸ
1225 1479 1488 1550 ἀγένητον
1513 1480 1602 1534 διὰ
1644 1482 1762 1545 ἑνὸς
1794 1500 1833 1536 ν
1861 1501 1998 1552 γραε-

427 1564 679 1635 φόμενον,
709 1567 772 1620 τὸ
800 1568 1072 1636 ἄκτιστον,
1109 1572 1225 1641 ἦτοι
1255 1573 1316 1624 rb
1352 1573 1426 1643 μὴ
1464 1575 1758 1645 γενόμενον
1796 1579 1999 1648 σημαί-

425 1673 540 1709 νει·
571 1659 632 1710 rb
671 1659 729 1712 δὲ
781 1661 1075 1731 ἀγέννητον
1113 1662 1200 1716 διὰ
1241 1664 1349 1717 τῶν
1382 1666 1477 1718 δύο
1520 1685 1596 1720 me
1629 1671 1996 1741 γραφόμενον,

424 1747 576 1819 δηλοῖ
602 1750 662 1803 rb
697 1752 772 1821 μὴ
802 1754 1083 1823 γεννηθέν.
1119 1755 1273 1808 Κατὰ
1309 1758 1408 1826 μὲν
1439 1753 1533 1810 οὗν
1559 1760 1621 1812 τὸ
1651 1761 1867 1830 πρῶτον
1907 1780 2000 1833 ση-

2180 1485 2340 1539 Aliud
2363 1485 2680 1554 ἀγέννητον,
2711 1492 2763 1538 et
2793 1483 2940 1537 aliud
2967 1482 3249 1552 ἀγένητον.
3281 1512 3350 1522 -
3381 1479 3677 1538 Sciendum

2103 1578 2248 1632 enim
2278 1591 2469 1631 vocem
2499 1576 2784 1646 ἀγένητον,
2819 1591 2945 1631 cum
2981 1575 3245 1631 scribitur
3273 1589 3399 1630 cum
3431 1577 3597 1630 unico
3627 1594 3678 1639 ν,

2105 1669 2408 1723 increatum
2460 1667 2815 1738 signiﬁcare,
2863 1681 2960 1722 seu
3001 1667 3150 1736 quod
3199 1666 3425 1720 minime
3471 1666 3677 1722 factum

2102 1768 2221 1816 est:
2252 1759 2545 1829 ἀγέννητον
2573 1767 2914 1822 autem,cum
2934 1756 3198 1811 scribitur
3219 1772 3343 1811 cum
3368 1755 3574 1826 duplic:
3595 1772 3678 1820 νν,

429 1843 754 1912 μαινόμενον
797 1845 1046 1914 διαφέρει
1079 1848 1236 1900 οὐσία
1272 1849 1459 1911 οὐσίας
1485 1865 1498 1878 ⁸
1523 1851 1656 1922 ἄλλη
1700 1853 1808 1924 γὰρ
1838 1855 1996 1907 οὐσία

2107 1851 2156 1906 id
2212 1852 2456 1908 iudicare
2485 1853 2629 1922 quod
2680 1867 2788 1907 non
2843 1862 2927 1908 est
2980 1853 3246 1922 genitum.
3315 1851 3504 1906 Priore
3550 1867 3680 1922 ergo

425 1932 701 2001 ἄκτιστος,
725 1936 847 2006 ἤτοι
875 1937 1141 2009 ἀγένητος
1179 1939 1246 1991 δι’
1268 1940 1386 2004 ἑνὸς
1408 1958 1463 2003 ν,
1493 1943 1585 1994 καὶ
1610 1941 1746 2011 ἄλλη
1772 1945 1998 2015 γενητὴ,

429 2027 549 2096 ἦτοι
581 2029 797 2100 κτιστή.
829 2031 984 2083 Κατὰ
1017 2032 1076 2083 δὲ
1107 2033 1167 2084 rb
1193 2032 1448 2103 δεύτερον
1485 2037 1905 2105 σημαινόμενον,
1940 2040 1999 2092 οὐ

425 2117 676 2190 διαφέρει
726 2119 882 2173 οὐσία
913 2123 1135 2186 οὐσίας·
1193 2126 1394 2186 παντὸς
1432 2124 1542 2196 γὰρ
1575 2126 1747 2190 εἴδους
1780 2127 1934 2191 ζώων
1965 2131 1999 2200 ἡ

425 2210 623 2280 πρώτη
653 2211 953 2274 ὑπόστασις
1001 2213 1295 2283 ἀγέννητὸς
1328 2215 1498 2280 ἐστιν,
1533 2216 1650 2270 ἀλλ’
1682 2219 1782 2270 οὐκ
1803 2219 2003 2289 ἀγένη-

422 2320 536 2364 τος.
579 2303 941 2376 Ἐκτίσθησαν
975 2306 1072 2376 μὲν
1109 2305 1218 2376 γὰρ
1266 2306 1372 2359 ὐπὸ
1402 2308 1496 2360 τοῦ
1530 2311 1893 2380 Δημιουργοῦ,
1921 2311 2001 2382 τῷ

423 2391 568 2464 λόγῳ
601 2395 767 2448 αὐτοῦ
799 2395 1150 2466 παραχθέντα
1179 2397 1258 2459 είς
1281 2395 1514 2463 γένεσιν.
1544 2397 1620 2449 Οὐ
1645 2398 1751 2468 μὴν
1774 2399 1999 2468 ἐγεννή-

423 2483 617 2555 θησαν,
657 2488 732 2559 μὴ
775 2489 1224 2561 προῦπάρχοντος
1267 2488 1454 2558 ἐτέρου
1500 2489 1797 2560 ὁμοειδοῦς,
1838 2489 1898 2554 ἐξ
1935 2484 1997 2545 οὗ

425 2577 752 2648 γεννηθῶσι.

2103 1943 2414 2013 signiﬁcato
2441 1944 2684 1999 essentia
2715 1943 2786 1997 ab
2827 1944 3068 1999 essentia
3115 1942 3315 1997 diﬁ‘ert.
3363 1943 3487 1996 Alia
3533 1943 3678 1996 enim

2099 2045 2183 2090 est
2211 2037 2453 2091 essentia
2487 2037 2775 2102 increata;
2829 2050 2994 2105 quam
3048 2050 3152 2089 vox
3199 2034 3501 2104 ἀγένητος,
3553 2049 3679 2087 cum

2100 2126 2267 2179 unico
2293 2143 2352 2190 ν,
2383 2134 2582 2191 sonat;
2614 2126 2722 2178 alia
2750 2133 2937 2180 creata
2959 2163 2974 2189 ,
3009 2139 3172 2194 quam
3204 2140 3308 2177 vox
3349 2124 3552 2195 γενητὴ
3580 2123 3680 2178 de-

2099 2224 2275 2272 notat.
2311 2217 2569 2272 Secundo
2599 2225 2782 2272 autem
2825 2215 3175 2286 signiﬁcandi
3219 2232 3422 2287 genere
3462 2217 3678 2270 nullum

2103 2309 2359 2364 essentia!
2386 2309 2456 2364 ab
2486 2310 2731 2365 essentia
2763 2308 3066 2364 discrimen
3097 2307 3403 2361 inducitur.
3434 2307 3678 2362 Primum

2105 2403 2251 2457 enim
2313 2385 2588 2472 cujusque
2660 2402 3026 2456 animantium
3079 2401 3281 2470 speciei
3335 2400 3678 2454 individuum

2105 2493 2423 2562 ἀγέννητον,
2455 2507 2552 2546 seu
2585 2492 2888 2562 ingenitum
2921 2499 3006 2546 est
3034 2509 3048 2556 ;
3081 2507 3188 2545 non
3220 2491 3348 2545 item
3380 2490 3676 2560 ἀγένητον.

2107 2584 2211 2638 hoc
2236 2592 2322 2640 est
2360 2583 2584 2638 minime
2619 2583 2898 2638 conditum
2930 2591 2983 2636 et
3018 2582 3240 2636 factum.
3291 2585 3333 2636 Α
3385 2583 3682 2638 Conditore

424 2672 625 2741 quippe
653 2687 838 2728 rerum
861 2713 875 2737 ,
910 2689 1008 2743 per
1047 2674 1224 2744 ipsius
1250 2672 1492 2730 Verbum
1539 2676 1596 2730 in
1641 2683 1822 2730 ortum
1867 2677 2135 2745 producta
2163 2686 2316 2734 sunt.
2347 2677 2416 2731 At
2445 2691 2554 2731 non
2587 2678 2810 2748 genita;
2873 2691 2997 2731 cum
3061 2683 3189 2731 ante
3255 2675 3468 2730 nullum
3531 2675 3682 2732 aliud

422 2766 673 2836 ejusdem
716 2766 919 2835 speciei
961 2767 1243 2836 singulare
1268 2775 1541 2834 exstaret,
1570 2783 1636 2822 ex
1664 2782 1773 2836 quo
1799 2767 2177 2838 gignerentur.

494 2854 652 2906 Κατὰ
702 2852 800 2922 μὲν
833 2851 926 2906 οὖν
973 2852 1034 2906 rb
1089 2853 1308 2923 πρῶτον
1362 2855 1762 2926 σημαινόμενον
1805 2872 1998 2910 κοινω-

420 2945 608 3004 νοῦσιν
651 2945 706 2996 αι
754 2946 906 3015 τρεῖς
935 2943 1033 3014 τῆς
1073 2944 1238 3013 ἁγίας
1272 2945 1526 3016 Θεότητος
1570 2947 1825 3015 ὐπέρθεοι
1865 2948 1999 3000 ὐπο-

424 3030 685 3094 στάσεις·
737 3032 1018 3102 ὀμοούσιοι
1071 3033 1180 3104 γὰρ
1234 3035 1330 3087 καὶ
1368 3035 1611 3088 ἄκτιστοι
1669 3036 1998 3106 ὑπάρχουσι.

477 3118 582 3182 ατὰ
613 3119 669 3172 δὲ
691 3119 752 3172 rb
776 3119 1028 3190 δεύτερον
1054 3121 1474 3192 σημαινόμενον,
1512 3123 1762 3193 οὐδαμῶς
1785 3141 1797 3153 ’
1843 3125 2002 3194 μόνος

421 3209 534 3279 γὰρ
587 3211 614 3262 ὁ
654 3211 846 3283 Πατὴρ
894 3212 1228 3280 ἀγέννητος·
1271 3212 1331 3264 οὐ
1367 3210 1477 3282 γὰρ
1523 3214 1582 3278 ἐξ
1612 3214 1806 3284 ἐτέρας
1853 3215 2002 3267 ἐστὶν

421 3299 573 3370 αὐτῷ
600 3301 952 3366 ὑποστάσεως
981 3302 1042 3355 rb
1069 3297 1233 3356 εἶναι.
1268 3304 1378 3358 Καὶ⁹
1405 3303 1566 3373 μόνος
1593 3304 1622 3356 ὁ
1653 3305 1779 3368 Υἱὸς
1809 3321 2001 3374 γεννη-

420 3393 548 3457 τός·
587 3395 652 3446 ὲκ
705 3395 806 3465 τῆς
839 3395 932 3449 τοῦ
983 3395 1197 3466 Πατρὸς
1225 3395 1336 3468 γὰρ
1373 3397 1562 3462 οὐσίας
1605 3399 1856 3468 ἀνάρχως
1903 3399 1999 3453 καὶ

423 3483 668 3556 ἀχρόνως
696 3487 1043 3556 γεγέννηται.
1069 3488 1180 3540 Καὶ
1214 3487 1374 3554 μόνον
1405 3487 1464 3540 rb
1497 3488 1721 3558 Πνεῦμα
1748 3489 1808 3542 τὸ
1842 3488 2020 3558 ἆγιον.

422 3577 777 3664 ἐκπορευτδν,
803 3580 869 3632 ὲκ
898 3581 998 3649 τῆς
1020 3578 1114 3631 τοῦ
1153 3578 1366 3648 Πατρὸς
1393 3579 1600 3644 οὐσίας,
1630 3580 1691 3632 οὐ
1720 3580 1995 3650 γεννώμε-

495 3754 542 3792 ⁶⁹
569 3756 734 3816 Basil.
766 3757 862 3812 lib.
891 3773 953 3824 ιι,
991 3764 1045 3811 et
1075 3773 1148 3813 tv.

424 3836 604 3885 assert
629 3827 682 3896 l,
723 3842 777 3898 p.
820 3827 926 3895 12.,
981 3828 1030 3860 ⁷³
1066 3826 1226 3900 Greg.
1258 3825 1391 3881 Naz.
1428 3825 1568 3893 orat.
1598 3827 1685 3882 55.

1245 3754 1482 3826 '7°VGreg.
1517 3756 1651 3810 Naz.
1717 3767 1860 3814 orat.
1917 3760 2008 3826 56,
2069 3761 2156 3816 57.

2175 2856 2334 2929 136
2363 2858 2638 2924 Quantum
2671 2857 2838 2928 igitur
2865 2857 2931 2911 ad
2962 2857 3194 2926 primam
3223 2855 3681 2926 signiﬁcationem

2100 2946 2331 3010 attinet,
2365 2947 2598 3016 singulis
2632 2947 2809 3001 tribus
2838 2954 3044 3000 sancta:
3067 2945 3294 3000 Deitatis
3320 2945 3684 3002 divinissimis

2100 3038 2355 3105 personis
2386 3052 2487 3091 vox
2520 3038 2784 3109 ἀγένητος
2827 3037 3084 3093 convenit
3123 3039 3191 3092 τί.
3230 3036 3488 3106 Ejusdem
3531 3039 3682 3092 enim

2102 3128 2422 3183 substantiae
2446 3136 2575 3186 sunt
2608 3137 2664 3185 et
2717 3129 2980 3185 increatae
3001 3129 3072 3180 ⁷³.
3095 3127 3374 3193 Quantum
3404 3134 3584 3182 autem
3613 3128 3681 3181 ad

2105 3221 2402 3274 secundam
2428 3261 2444 3285 ,
2472 3237 2582 3276 non
2613 3223 2742 3277 item
2773 3239 2786 3275 :
2814 3221 2968 3276 solus
2998 3220 3146 3275 enim
3193 3218 3360 3274 Pater
3407 3218 3685 3288 ingenitus

2105 3320 2190 3365 est
2217 3312 2286 3364 ⁷³.
2321 3311 2434 3366 Nec
2457 3313 2604 3367 enim
2637 3313 2706 3368 ab
2733 3312 2838 3366 alia
2865 3327 3102 3382 persona
3131 3310 3292 3366 habet
3319 3319 3376 3365 ut
3402 3309 3488 3364 sit.
3521 3309 3685 3364 Solus

2104 3401 2268 3455 etiam
2299 3400 2472 3458 Filius
2498 3403 2714 3470 genitus
2741 3410 2865 3457 est:
2897 3416 2962 3456 ex
2989 3399 3174 3453 Patris
3201 3401 3345 3453 enim
3373 3398 3683 3454 substantia

2104 3493 2316 3562 absque
2343 3492 2498 3548 initio
2525 3493 2638 3548 ullo
2664 3507 2729 3550 ac
2753 3503 3000 3565 tempore
3022 3492 3240 3562 genitus
3267 3500 3373 3546 est.
3402 3490 3566 3546 Solus
3591 3489 3684 3543 de-

2105 3582 2273 3652 nique
2303 3581 2542 3652 Spiritus
2569 3591 2798 3640 sanctus
2825 3599 2890 3639 ex
2914 3581 3098 3638 Patris
3121 3581 3342 3652 quidem
3372 3580 3685 3637 substantia

2261 3765 2302 3795 "
2343 3762 2485 3818 Max.
2525 3762 2735 3834 Dialog.
2755 3770 2896 3818 cont.
2925 3761 3118 3822 Arian.
3222 3759 3478 3832 "Cyrill.
3515 3758 3666 3814 Ήιεε.

1927 3983 2160 4044 ΝΟΤΑΕ.

498 4142 609 4212 (i7)
644 4140 820 4209 Πλὴν
851 4139 963 4210 τῆς
982 4141 1393 4212 ρτεννησίας.
1429 4137 1820 4212 Unoexcepto,
1861 4140 2002 4212 quod

425 4209 689 4283 ingenitus
713 4227 820 4283 non
848 4209 948 4283 est.
981 4209 1097 4265 Vox
1138 4211 1466 4283 ἀγέννητον,
1494 4211 1791 4283 gentilibus
1822 4211 2002 4280 philo-

425 4280 615 4353 sophis
649 4281 1014 4353 signiﬁcabat,
1043 4287 1162 4334 tum
1209 4282 1260 4333 id
1291 4280 1437 4353 quod
1471 4281 1716 4353 genitum
1757 4295 1867 4334 non
1896 4291 2002 4353 est,

428 4349 541 4423 tuin
575 4349 724 4423 quod
750 4352 1036 4423 iniectum,
1073 4365 1282 4423 exquo
1309 4349 1633 4423 Eunomiani
1657 4349 1728 4403 ob
1759 4350 2002 4423 nominis

430 4419 1032 4490 hujus'ambiguitatem
1075 4419 1267 4490 fallere
1291 4419 1605 4490 Catholicos
1636 4419 2002 4490 conabantur.

2102 4141 2158 4198 in
2181 4141 2422 4214 secundo
2461 4141 2803 4214 Dialogorum
2849 4144 2968 4199 adv.
3022 4146 3191 4200 Arian
3246 4145 3348 4214 qui
3382 4143 3683 4214 Athanasio

2104 4213 2366 4284 assignati
2404 4223 2560 4268 sunt.
2582 4212 2692 4268 liiio
2719 4217 3042 4284 przeluserat
3071 4212 3400 4284 Theologus,
3425 4219 3561 4284 ogat.
3589 4212 3679 4284 25,

2105 4281 2196 4334 ubi
2252 4283 2347 4342 ait,
2400 4299 2676 4338 commune
2717 4280 2829 4339 esse
2876 4283 3033 4336 Patri
3063 4293 3112 4336 et
3168 4280 3312 4334 Filio
3355 4291 3406 4335 et
3455 4280 3680 4347 Spiritui

2107 4361 2313 4413 sancto,
2344 4353 2403 4422 rb
2446 4353 2520 4422 μὴ
2551 4353 2858 4420 γεγονέναι,
2896 4361 2953 4405 ut
2986 4353 3117 4422 facti
3155 4367 3259 4404 non
3296 4351 3434 4422 sint;
3467 4351 3568 4422 hoc
3602 4358 3686 4404 t-st

2110 4429 2170 4472 ut
2211 4422 2322 4474 sint
2373 4420 2678 4490 ἀγέννητοι.
2715 4422 3030 4490 Subjungit,
3055 4421 3423 4490 ἀγεννησίαν,
3459 4420 3686 4472 innasci-

429 4469 1061 4560 ἑῖὖῖἱοῖἦῌέῗιῖἐέἷιῖεἶη
1075 4469 1663 4560 ’ἑέᾁὲξῧέίἷᾲξείιὶῖεἷηῐ
1675 4469 2003 4552 Ξιῖόῦᾀιῖιξὸὶ
2037 4469 2081 4524 ι)
2112 4469 2433 4556 insnum“;
2451 4469 2526 4543 'a‘
2543 4469 3290 4560 ’ξέννηῖςῐηῖἷῖίὶΐᾶὶὲἰιξῖἆιὲὶὶιξ⁷
3309 4469 3684 4560 piantur...

427 4563 483 4620 in
530 4563 635 4616 hoc
667 4567 828 4616 sitam
874 4574 996 4614 esse
1028 4559 1176 4629 quod
1207 4559 1350 4614 Deus
1387 4559 1704 4628 ἀγέννητος,
1739 4559 2000 4628 ingenitus

426 4641 619 4687 esset:
673 4627 1305 4699 quamobrem'Verbum
1345 4644 1453 4699 non
1492 4627 1617 4684 esse
1654 4630 1818 4683 Deum
1861 4630 2004 4683 sicut

430 4699 644 4756 Patrem
665 4697 844 4770 {quia
876 4701 1136 4770 genitum.
1188 4697 1630 4770 Catholicivero
1650 4699 2000 4770 vocabulum,

430 4766 748 4840 ἀγέννητὸς,
782 4766 1272 4840 iiiiproliai'e.__quia
1301 4782 1330 4819 a
1364 4766 1666 4840 Scripturis
1691 4768 1998 4840 exsularet;

429 4837 495 4895 ad
534 4837 650 4895 haec
703 4837 1043 4908 negationem
1090 4838 1185 4891 illo
1214 4837 1494 4908 exprimi,
1519 4852 1650 4908 nec,
1668 4851 1735 4892 eo
1773 4837 2003 4908 proinde

428 4910 666 4975 deﬁniri,
698 4906 828 4978 quid
877 4908 950 4962 sit
997 4909 1158 4978 Deus.
1200 4907 1295 4961 Sin
1326 4907 1433 4978 hoc
1482 4906 1826 4978 signiﬁcetur
1853 4907 2004 4978 quod

427 4981 676 5050 genitum
696 4975 815 5050 non
843 4985 951 5041 est,
974 4975 1292 5050 ἀγέννητον,
1316 4975 1626 5050 ingenitum,
1648 4991 1744 5031 seu
1773 4982 1832 5028 ut
1856 4976 2006 5030 Hila-

430 5044 552 5104 rius
574 5049 754 5112 vertit,
780 5044 1186 5110 innascibileLet
1196 5044 1472 5117 γεννητὸν,
1491 5047 1743 5115 genitum,
1758 5115 1764 5117 Α
1778 5053 2005 5100 naturas

428 5120 682 5174 diversas
714 5133 822 5172 non
856 5131 1121 5188 annuere,
1176 5116 1270 5188 sed
1314 5115 1680 5188 personarum
1737 5115 2005 5188 duntaxat

430 5188 834 5258 praprietates.
852 5186 944 5240 Sic
970 5183 1761 5258 pugnant_Atiianasius,_orat.
1784 5184 1818 5237 2
1848 5183 2003 5238 Cant.

428 5253 646 5319 Atriam;
673 5256 933 5320 Basilius,
969 5253 1074 5316 Ιίὺῖ
1105 5271 1159 5310 tv
1208 5254 1382 5320 Cant,
1409 5253 1574 5319 Eun.;
1603 5253 2004 5317 Nazianzenus,

429 5339 573 5387 orat.
607 5327 698 5381 55.
736 5325 1024 5395 Sequioris
1053 5341 1178 5380 vero
1208 5325 1432 5380 Graeciae
1465 5327 1772 5395 scriptores
1805 5325 1997 5395 obser-

433 5407 594 5462 vant,
637 5412 771 5451 voce
816 5393 1109 5466 ἀγέννητος
1135 5436 1150 5461 ,
1203 5397 1491 5466 ingenitum
1545 5393 2006 5466 innascibilemve.

433 5468 750 5531 enuntiari;
779 5464 1096 5534 ἀγέννητος,
1128 5464 1274 5518 νει-θ’
1299 5467 1594 5518 increatum
1627 5483 1734 5518 non
1769 5464 2006 5533 factum:

441 5537 608 5595 Deum
661 5545 858 5604 suapte
907 5546 1098 5588 natura
1139 5534 1432 5604 ἀγέννητον
1458 5575 1472 5598 ,
1529 5536 1822 5588 increatttm
1860 5551 2007 5596 esse,

442 5606 656 5674 hocque
706 5608 884 5660 tribus
920 5604 1171 5672 personis
1223 5620 1287 5657 ex
1338 5619 1496 5673 aequo
1537 5605 1830 5660 convenire
1853 5606 2009 5674 gisoli

441 5673 580 5734 vero
605 5675 781 5740 Patri,
811 5685 869 5729 ut
900 5675 971 5728 sit
1003 5674 1317 5742 ἀγέννητος,
1353 5674 1633 5742 ingenitus,
1656 5675 1822 5728 veluti
1850 5673 2006 5738 Filio,

446 5744 815 5823 ιιικγεννητός,
842 5740 1072 5815 genitus,
1109 5743 1198 5796 sit.
1240 5740 1736 5808 Quod'discriuicn
1771 5744 2008 5814 reperies

2115 4561 2480 4628 proprietates
2511 4575 2656 4621 esse.
2696 4574 2804 4628 non
2844 4559 3166 4612 discrimina
3224 4566 3566 4613 naturarum.
3595 4559 3686 4612 Sic

2115 4627 2456 4697 Epiphanius
2501 4629 2696 4683 haeresi
2727 4627 2831 4692 64,
2869 4629 3079 4683 diserte
3134 4629 3423 4690 observat,
3458 4628 3685 4682 onmino

2113 4697 2330 4752 diﬂ‘erre
2361 4698 2608 4770 γενητόν,
2635 4706 2688 4752 ct
2713 4697 2992 4770 γεννητόν,
3035 4706 3104 4770 ut
3131 4697 3234 4770 lioc
3268 4699 3518 4770 genitum,
3550 4699 3682 4752 illud

2113 4777 2348 4822 creatum
2372 4775 2426 4820 et
2446 4767 2719 4822 conditum
2747 4768 3038 4837 signiticet.
3066 4767 3361 4825 Enimvero
3386 4769 3556 4833 prima
3582 4785 3685 4823 vox

2113 4853 2143 4890 a
2172 4837 2540 4908 γίνομαινβο,
2573 4839 2872 4908 derivatur.
2901 4837 3140 4892 secunda
3177 4853 3207 4891 a
3241 4839 3472 4908 γεννάω,
3506 4839 3682 4907 gigno.

2186 4906 2484 4978 (l8);01')6s
2519 4906 2766 4976 ἀξίωμα.
2804 4906 2916 4962 Nec
2949 4908 3280 4978 dignitatem.
3313 4906 3571 4963 Rursum
3592 4923 3686 4960 va.

2114 4979 2267 5058 putat
2294 4976 2618 5058 Eunomius,
2645 4980 2760 5058 qui,
2788 4987 2847 5032 ut
2876 4976 3041 5058 ref-ert
3066 4977 3322 5058 Basilius,
3347 4978 3449 5058 lib._
3469 4993 3504 5030 n
3530 4984 3680 5058 coiit.

2115 5046 2315 5118 ipsum,
2349 5046 2700 5118 ἀγεννησίας,
2736 5047 3192 5118 innascibilitatis,
3224 5048 3488 5118 vocabulo
3523 5046 3684 5106 ἀξίω-

2118 5134 2216 5188 μα,
2248 5116 2564 5188 digni_tatem
2593 5117 2895 5188 quamdam
2922 5119 3151 5187 exprimi
3183 5117 3394 5188 aiebat;
3428 5129 3546 5188 (iure
3574 5129 3682 5166 non

2116 5183 2265 5256 esset
2292 5183 2345 5239 iii
2382 5185 2542 5241 Filio.
2590 5183 2851 5252 Basilius,
2900 5183 3008 5242 libf
3034 5205 3115 5251 ιιι,
3145 5187 3429 5256 permittit,
3456 5183 3681 5256 Patrem

2115 5255 2252 5311 Filio
2302 5257 2563 5326 dignitate
2609 5251 2870 5327 majorem
2924 5257 3054 5321 dici,
3095 5251 3163 5310 ρι’
3196 5255 3403 5327 Filium
3451 5251 3682 5321 Spiritui

2117 5336 2331 5388 sancto.
2361 5323 2586 5391 ἵν’-ὅλως
2609 5323 2710 5381 καῖ
2727 5328 3174 5398 συγχωρήσωμεν
3195 5341 3207 5354 ·
3244 5323 3681 5398 discrimctivero

2116 5408 2440 5452 naturarum
2489 5399 2688 5452 exinde
2743 5391 3004 5466 consequi
3061 5391 3258 5464 negat:
3299 5391 3446 5446 Sicut
3490 5391 3681 5444 diversi

2117 5478 2240 5521 sunt
2293 5467 2503 5522 ordines
2549 5467 2877 5537 angelorum,
2911 5467 3112 5534 inquit,
3159 5478 3337 5537 euntes
3389 5470 3562 5537 tamen
3615 5476 3681 5514 ex

2117 5554 2266 5606 (equo
2300 5548 2498 5591 natura
2533 5530 2703 5607 angeli
2747 5530 3098 5607 suttt,_esi_qtte
3140 5531 3370 5601 dignitas
3407 5530 3679 5607 diﬁ'erens.

2119 5602 2313 5660 natura
2367 5624 2484 5661 vero
2535 5602 2845 5661 communis.
2890 5604 2958 5656 At
2997 5605 3092 5658 lib.
3125 5618 3175 5655 ιν
3221 5603 3532 5669 expendens
3572 5602 3673 5655 hoc

2119 5675 2332 5729 Domini
2371 5676 2596 5730 dictum.
2633 5676 2794 5727 Pater
2827 5671 2998 5741 major
3023 5689 3101 5726 me
3134 5679 3232 5733 est,
3268 5679 3427 5740 negat
3460 5670 3676 5728 Patrem

2119 5761 2241 5801 csse
2269 5745 2408 5802 Filio
2443 5745 2706 5819 majorem
2738 5743 3016 5814 dignitate,
3042 5743 3158 5799 ἀλλ’
3192 5742 3312 5796 οὐδὲ
3344 5741 3652 5811 ἀξιώματα,
