4116 6150
417 308 521 376 821
556 382 567 391 ,

1529 305 1628 366 DE
1666 305 1848 369 FIDE
1884 305 2353 369 ORTHODOXA
2392 306 2535 368 LIB.
2576 305 2606 365 Ι

3593 307 3703 371 822

411 423 546 480 ΥΞοῦ
582 421 778 486 ποιεῐν,
811 418 912 488 οὐχ
945 417 1023 480 ὡς
1048 416 1117 470 δι’
1167 417 1403 488 ὀργάνου
1437 415 1549 489 (2|)
1599 417 2003 491 λειτουργικοῦ,

2131 417 2213 489 psi
2243 416 2580 479 inserviens,
2614 413 2713 469 sed
2747 413 2854 470 vim
2883 411 3182 484 quamdam
3230 412 3480 470 nativam
3502 418 3707 471 statui-

411 515 551 574 ἀλλά
580 510 818 582 φυσικῆς
844 509 934 563 καὶ
960 508 1329 565 ὲνυποστάτου
1354 507 1657 579 δυνάμεως.
1676 509 1787 564 Καὶ
1817 508 2005 584 ὥσπερ

411 608 649 677 λέγομεν
677 601 740 656 τὸ
765 598 879 673 πῦρ
916 598 1198 670 φωτίζειν,
1234 598 1329 652 καὶ
1367 598 1530 655 πάλιν
1574 599 1758 671 φαμὲν
1788 600 1851 654 τὸ
1889 600 2007 671 φῶς

412 698 508 753 τοῦ
541 693 716 766 πυρὸς
754 690 1035 764 φωτίζειν,
1063 688 1207 745 οὕτω
1241 688 1440 744 πάντα
1468 688 1589 744 ὅσα
1624 689 1787 746 ποιεῖ
1815 694 1848 746 ό
1883 695 2006 747 Ila—

414 789 552 859 τὴρ,
585 785 804 857 ὁμοίως
847 783 948 839 καὶ
983 785 1014 838 d
1068 782 1201 848 nec
1243 781 1422 836 ποιεῖ.
1460 781 1624 836 Ἀλλὰ
1652 783 1714 836 τὸ
1760 784 1857 854 μὲν
1893 783 2010 854 φῶς

414 881 514 934 οὐκ
548 880 687 933 ἰδίαν
723 876 1027 931 ὑπόστασιν
1069 874 1226 945 παρὰ
1260 873 1323 927 τὸ
1362 873 1476 946 πῦρ
1518 874 1822 947 κέκτηταιο
1881 876 1910 928 ὁ
1951 875 2010 929 δὲ

426 972 548 1035 Υἱὸς
570 968 756 1024 τελεία
779 966 1087 1030 ὑπόστασις
1112 967 1252 1030 ἐστι,
1276 967 1379 1037 τῆς
1404 967 1681 1039 πατρικῆς
1701 964 2011 1037 ἀχώριστος

420 1059 912 1134 ὑποστάσεωςκώς
958 1058 1218 1131 ἀνωτέρω
1240 1060 1690 1131 παρεστήκαμεν.
1722 1057 2011 1112 Ἀδύνατον

420 1156 534 1227 γὰρ
576 1153 869 1224 εὑρεθῆναι
907 1152 966 1205 ὲν
1010 1153 1078 1225 τῇ
1112 1150 1291 1205 κτίσει
1341 1152 1529 1206 εἰκόνα
1570 1151 2011 1226 ἀπαραλλάκτως

420 1251 482 1307 ἐν
528 1248 699 1320 ἑαυτῇ
751 1246 846 1300 τὸν
885 1245 1092 1316 τρόπον
1128 1245 1230 1315 τῆς
1270 1245 1441 1313 ,ἁγίας
1473 1245 1702 1319 Τριάδος
1749 1246 2013 1319 παραδει-

425 1340 725 1398 κνύουσαν.
769 1340 844 1392 Τὸ
894 1338 1005 1409 γὰρ
1038 1338 1256 1391 κτιστδν
1292 1340 1386 1393 καὶ⁵
1434 1338 1716 1404 σύνθετον,
1747 1339 1842 1395 καὶ
1886 1344 2014 1412 ρευ-

427 1431 574 1492 στδν,
625 1428 721 1484 καὶ
773 1428 1034 1499 τρεπτδν,
1084 1428 1182 1482 καὶ
1228 1429 1637 1501 περίγραπτον,
1678 1430 1774 1484 καὶ
1825 1430 2014 1502 σχῆμα

426 1521 572 1590 ἕχον,
615 1520 711 1577 καὶ
739 1518 1006 1591 φθαρτὸν,
1040 1518 1160 1584 πῶς
1185 1522 1374 1591 σαφῶς
1401 1522 1631 1595 δηλώσει
1656 1524 1758 1596 τὴν
1795 1524 2015 1580 πάντων

426 1613 639 1667 τούτων
696 1613 1135 1687 ἀπηλλαγμένην
1187 1614 1515 1688 ὑπερούσιον
1575 1606 1733 1671 Θείαν
1786 1619 2011 1685 οὐσίαν;

428 1708 590 1761 Πᾶσα
617 1704 673 1760 δὲ
701 1709 736 1777 ἡ
761 1707 961 1771 κτίσις,
993 1706 1152 1779 δῆλον
1183 1708 1259 1772 ὡς
1297 1710 1413 1774 τοῖς
1447 1707 1661 1763 πλείοσι
1695 1709 1901 1764 τούτων
1929 1712 2017 1765 ὲν-

2110 525 2238 566 mus
2274 526 2287 563 :
2322 508 2444 580 pari
2493 507 2660 563 modo
2708 505 2932 562 Patrem
2977 506 3167 561 omnia
3225 521 3349 573 quas
3395 505 3559 572 facit,
3607 524 3707 579 per
3760 508 3767 516 ’

2113 602 2471 674 Unigenilum
2525 616 2687 658 suum
2730 599 2927 655 .l‘acere
2966 599 3245 666 dicimus,
3285 614 3398 655 non
3438 611 3705 671 tanquam

2111 712 2209 768 per
2232 695 2435 753 servile
2459 693 2738 766 quoddam
2764 708 3060 764 organum,
3082 692 3176 749 sed
3204 702 3263 748 ut
3285 708 3383 765 per
3406 693 3514 747 vim
3546 693 3705 764 137

2112 788 2427 843 naturalem
2482 795 2541 843 ct
2596 768 2995 842 subsistentem
3024 785 3093 839 "’.
3152 783 3389 854 insuper
3441 782 3704 854 quemad-

2114 880 2336 934 modum
2361 879 2546 949 ignem
2568 877 2886 934 illuminare
2910 876 3151 934 dicimus
3170 920 3186 946 ,
3222 878 3480 951 idemque
3511 894 3703 934 rursus

2114 972 2291 1042 ipsius
2325 972 2437 1026 luci
2474 970 2772 1026 tribuimus
2805 985 2820 1035 ;
2854 970 2937 1025 sic
2963 970 3144 1025 omnia
3184 985 3303 1041 quia
3340 970 3508 1025 Pater
3539 970 3705 1041 facit,

2114 1062 2282 1118 Filius
2319 1062 2485 1117 etiam
2517 1062 2770 1117 similiter
2809 1061 2941 1131 facit
2975 1061 3045 1116 ⁸ο.
3086 1062 3158 1116 At
3193 1076 3323 1118 vero
3359 1062 3415 1116 in
3449 1062 3553 1117 hoc
3588 1062 3707 1117 dis-

2114 1155 2326 1212 crimen
2355 1155 2522 1211 situm
2549 1162 2668 1221 est,
2700 1155 2849 1225 quod
2877 1152 2971 1208 lux
3002 1154 3281 1225 propriam
3307 1162 3363 1209 et
3389 1152 3706 1209 distinctam

2116 1248 2185 1303 ab
2215 1249 2341 1318 igne
2371 1248 2795 1304 subsistentiam
2821 1261 2933 1301 non
2958 1245 3143 1301 habet.
3168 1244 3345 1301 Filius
3368 1254 3552 1303 autem
3582 1259 3708 1316 per-

2118 1339 2263 1395 fecta
2293 1340 2615 1412 hypostasis
2652 1346 2738 1395 est
2760 1382 2776 1405 ,
2812 1354 2843 1394 a
2884 1345 3118 1410 paterna
3165 1337 3451 1409 lrypostasi
3487 1337 3713 1406 insepa-

2116 1431 2313 1488 rabilis
2335 1472 2352 1497 ,
2393 1441 2453 1488 ut
2485 1433 2747 1504 superius
2783 1448 2813 1487 a
2853 1431 3017 1487 nobis
3054 1438 3340 1488 ostensum
3380 1436 3486 1486 est.
3520 1427 3715 1498 Neque

2115 1523 2267 1579 enim
2301 1523 2420 1579 ﬁeri
2445 1532 2630 1595 potest
2655 1530 2716 1579 ut
2744 1523 2802 1577 in
2834 1523 3004 1579 rebus
3035 1523 3240 1577 creatis
3269 1521 3453 1592 imago
3480 1518 3592 1589 ulla
3610 1525 3713 1573 aut.

2117 1614 2425 1671 similitudo
2451 1600 2785 1686 reperiatur,
2803 1629 2929 1686 qua:
2951 1622 3158 1671 sanctae
3172 1612 3465 1669 Trinitatis
3488 1609 3711 1666 modum

2119 1707 2175 1762 in
2207 1708 2392 1779 seipsa
2423 1707 2563 1763 citra
2583 1708 2756 1764 ullum
2783 1705 3262 1767 dissimilitudinis
3292 1715 3476 1760 notam
3506 1717 3714 1774 reprae-

429 1799 636 1869 ἑχεται,
665 1799 762 1852 καὶ
791 1800 945 1853 πᾶσα
972 1798 1117 1855 κατὰ
1153 1799 1253 1870 τὴν
1297 1800 1500 1872 ἑαυτῆς
1533 1802 1696 1871 φύσιν
1729 1802 1796 1871 τῇ
1835 1799 2016 1874 φθορᾷ

2130 1807 2324 1856 sentet.
2371 1800 2535 1868 Quod
2589 1803 2736 1858 enim
2769 1809 3021 1857 creatum
3044 1841 3060 1868 ,
3109 1810 3165 1855 et
3207 1799 3581 1870 compositum
3606 1838 3622 1861 ,
3657 1805 3713 1851 et

430 1893 740 1948 ὑπόκειται.

2120 1893 2435 1962 caducum,
2477 1900 2534 1951 et
2577 1894 2888 1961 mutabile,
2920 1902 2978 1951 et
3003 1892 3534 1962 circumscriptum,
3567 1898 3622 1945 et
3653 1887 3717 1942 li-

431 2001 566 2061 gura
620 1984 912 2057 praeditum
937 2026 951 2048 ,
983 1993 1037 2042 et
1072 1983 1437 2055 corruptibile
1482 1994 1568 2042 est
1589 2025 1605 2050 ,
1651 2000 1764 2056 quo
1794 1984 2016 2042 tandem
2057 1989 2225 2045 modo
2249 1987 2780 2060 superessentialem
2811 1986 3114 2043 essentiam
3146 1985 3427 2048 divinam,
3495 1983 3566 2038 ab
3629 1981 3716 2035 bis

433 2082 693 2138 omnibus
731 2082 961 2137 liberam
985 2119 1001 2144 ,
1043 2088 1232 2151 aperte
1270 2080 1622 2137 declarabit?
1689 2079 2051 2151 Perspicuum
2093 2090 2278 2139 autem
2348 2094 2434 2140 est
2474 2098 2566 2139 res
2602 2097 2797 2139 omnes
2836 2088 3062 2137 creatas
3107 2079 3390 2151 plerisque
3435 2075 3718 2146 ejusmodi

437 2174 831 2230 atTectionibus
865 2173 1137 2229 obnoxias
1173 2188 1335 2242 esse,
1371 2173 1565 2244 sicque
1595 2188 1625 2227 a
1656 2181 1854 2229 natura
1886 2188 2277 2248 comparatas,
2310 2184 2371 2231 ut
2403 2175 2755 2247 corruptioni
2788 2173 3133 2253 subiaceant.

521 2268 759 2332 ὐμοίως
790 2267 1129 2338 πιστεύομεν
1168 2267 1262 2321 καὶ
1291 2268 1372 2331 εἰς
1398 2267 1456 2321 ἓν
1489 2265 1716 2337 Πνεῦμα
1749 2268 1928 2337 ἅγιον,
1970 2270 2035 2323 τὸ

444 2357 679 2434 Κύριον,
703 2359 800 2413 καὶ
827 2360 1095 2425 ξωοποιόν
1113 2376 1128 2392 ο
1145 2359 1207 2415 τὸ
1226 2361 1293 2415 ὲκ
1316 2358 1412 2414 τοῦ
1433 2361 1647 2431 Πατρδς
1668 2362 2036 2434 ἐκπορευόμει

446 2468 561 2519 νον,
586 2451 683 2506 καὶ
703 2453 761 2504 ὲν
785 2450 898 2522 Υιῷ
920 2451 1373 2523 ἀναπαυόμενον’
1402 2450 1464 2505 τὸ
1491 2452 1569 2522 τῷ
1598 2454 1777 2525 Πατρὶ
1804 2454 1900 2508 καὶ
1918 2453 2034 2525 Υἱῷ

444 2543 1037 2614 συμπροσκυνούμενον
1081 2544 1178 2598 καὶ
1214 2542 1696 2616 συνδοξαζόμενον,
1729 2546 1805 2609 ὡς
1839 2546 2036 2618 ὁμοσύ-

445 2635 560 2695 σιόν
589 2652 651 2689 τε
675 2636 768 2690 καὶ
791 2636 1061 2692 συναῒδιον
1083 2653 1096 2667 ·
1127 2637 1190 2689 τὸ
1211 2637 1278 2690 ὲκ
1309 2635 1446 2691 Θεοῦ
1477 2636 1727 2709 Πνεῦμα,
1753 2638 1816 2692 τὸ
1849 2638 2030 2706 εὐθὲς,

444 2726 507 2780 τὸ
531 2728 879 2799 ἡγεμονικὸν,
904 2727 1006 2798 τὴν
1035 2726 1218 2799 πηγὴν
1248 2728 1594 2799 τῆςσοφίας,
1624 2730 1714 2784 καὶ
1744 2730 1912 2802 ζωῆς,
1934 2731 2035 2785 καὶ

444 2818 540 2872 τοῦ
564 2818 841 2889 άγιασμοῦ
865 2838 877 2850 ·
909 2818 1045 2873 Θεὸν
1080 2820 1178 2873 σὺν
1200 2819 1378 2891 Πατρὶ
1403 2821 1499 2874 καὶ
1528 2820 1641 2893 Υἰῴ
1669 2822 1915 2894 ὑπάρχον
1936 2827 2031 2879 καὶ

447 2914 998 2984 προσαγορευόμενον
1018 2931 1033 2946 ·
1067 2915 1345 2982 άκτιστον,
1364 2916 1594 2988 πλῆρες,
1625 2919 1958 2992 δημιουργὸν
1983 2920 2033 2990 ι’,

451 3005 975 3074 παντοκρατορικδν,
1017 3008 1376 3079 παντουργδν,
1412 3012 1845 3084 παντοδύναμον,
1875 3015 2035 3068 ἀπει-

2205 2270 2282 2325 De
2303 2270 2511 2341 Spiritu
2543 2279 2750 2325 sancto.
2785 2267 3034 2339 Ignotum
3062 2268 3213 2323 nobis
3240 2275 3298 2321 ut
3316 2265 3719 2336 distinguantur

2128 2363 2185 2419 in
2212 2362 2321 2419 Deo
2348 2362 2622 2433 generatio
2642 2372 2694 2416 et
2715 2361 3003 2431 processio.
3032 2389 3104 2399 —
3131 2357 3335 2415 Eodem
3360 2358 3526 2414 etiam
3555 2355 3720 2411 modo

2129 2457 2413 2512 credimus
2446 2454 2502 2509 in
2535 2452 2805 2526 Spiritum
2836 2461 3117 2518 sanctum,
3146 2450 3462 2515 Dominum,
3493 2456 3550 2505 et
3577 2448 3718 2504 vivi-

2131 2551 2409 2614 ﬁcantem,
2440 2549 2535 2619 qui
2569 2563 2637 2604 ex
2670 2546 2836 2604 Patre
2880 2544 3153 2617 procedit,
3185 2552 3240 2600 et
3278 2544 3336 2601 in
3385 2540 3527 2597 Filio
3578 2554 3716 2595 con~

2139 2641 2418 2714 quiescit;
2450 2640 2543 2712 qui
2571 2653 2698 2694 cum
2733 2639 2895 2695 Patre
2921 2645 2978 2695 et
3001 2637 3142 2694 Filio
3183 2634 3349 2692 simul
3372 2634 3637 2689 aduratur
3663 2641 3720 2685 et

2138 2733 2626 2806 eonglorilicatur,
2682 2737 2875 2802 utpote
2938 2726 3434 2786 consubstantialis
3500 2732 3556 2779 et
3625 2737 3723 2779 co-

2137 2833 2380 2881 aternus
2405 2824 2487 2892 “;
2517 2822 2612 2878 Dei
2633 2821 2924 2894 Spiritum,
2944 2830 3177 2885 rectum.
3213 2815 3600 2891 principalem;
3630 2830 3723 2871 sa-

2140 2918 2378 2987 pientiae,
2422 2916 2550 2971 vita:
2588 2921 2644 2972 et
2663 2914 2979 2986 sanctitatis
3010 2912 3251 2978 fontem;
3286 2911 3381 2966 Dei
3411 2924 3536 2965 curn
3560 2908 3726 2963 Patre

2142 3018 2194 3064 ct
2236 3008 2377 3064 Filio
2411 3020 2536 3064 cum
2570 3021 2685 3063 rem
2722 3006 3039 3073 habentem,
3075 3012 3193 3058 tum
3219 2999 3722 3070 nuncupationem;

454 3092 776 3165 ροδύναμον,
793 3095 1055 3162 δεσπόζον
1073 3098 1253 3170 πάσης
1271 3101 1523 3168 κτίσεως,
1541 3104 1601 3156 οὐ
1619 3103 2028 3176 δεσποζόμενον⁴

2144 3103 2473 3166 incrcatum,
2508 3100 2755 3174 plenum,
2797 3097 3170 3160 conditorem,
3199 3093 3577 3150 continentem
3607 3102 3723 3142 om-

453 3184 616 3238 θεοῦν
631 3186 690 3238 οὐ
719 3186 1012 3258 θεοῦμενον
1034 3204 1046 3217 ·
1081 3190 1348 3262 πληροῦν,
1372 3192 1433 3245 οὐ
1465 3193 1876 3264 πληρούμενονο
1910 3215 2043 3267 μετ-

455 3275 735 3347 εχόμενον,
771 3280 832 3333 οὐ
863 3280 1119 3353 μετέχον⁸
1144 3283 1392 3353 ἁγιάζον,
1406 3284 1504 3356 οὐχ
1518 3286 1881 3358 ἁγιαζόμενον
1899 3306 1914 3320 ο
1937 3308 2044 3343 πα-

460 3369 749 3442 ράκλητον,
766 3371 843 3436 ὡς
865 3373 965 3439 τὰς
991 3374 1103 3428 τῶν
1132 3375 1270 3430 ὅλων
1289 3377 1666 3450 παρακλήσεις
1709 3378 2002 3450 δεχόμενον
2024 3399 2040 3414 ο

458 3459 597 3519 κατὰ
622 3460 799 3514 πάντα
827 3463 1014 3534 ὅμοιον
1034 3464 1114 3536 τῷ
1142 3466 1319 3537 Πατρὶ
1337 3467 1432 3521 καὶ
1449 3467 1592 3540 Υῑῷ’
1614 3471 1679 3524 ἐκ
1701 3469 1796 3524 τοῦ
1828 3471 2043 3544 [ἰατρὸς

455 3552 910 3624 ἐκπορευόμενον,
930 3555 1026 3613 καὶ
1046 3557 1112 3611 δι’
1139 3558 1271 3615 Υἱοῦ
1303 3560 1742 3632 μεταδιδόμενον,
1757 3563 1853 3617 καὶ
1873 3581 2042 3635 μετα-

456 3642 865 3715 λαμϐανόμενον
911 3647 1017 3702 ὑπὸ
1052 3649 1233 3722 πάσης
1273 3650 1539 3721 κτίσεως,
1587 3654 1682 3708 καὶ
1724 3654 1795 3708 δι’
1840 3655 2045 3710 ἑαυτοῦ

457 3731 658 3801 κτίζον,
683 3736 778 3790 καὶ
808 3738 1028 3793 οὐσιοῦν
1062 3740 1130 3795 τά
1164 3741 1475 3813 σύμπαντα,
1529 3745 1626 3800 καὶ
1658 3745 1919 3816 ἁγιάζον,
1943 3748 2041 3802 καὶ

458 3825 683 3896 συνέχον
704 3842 717 3856 ·
754 3829 1143 3897 ὲνυπόστατον,
1189 3835 1248 3887 ἐν
1290 3835 1401 3907 ἰδίᾳ
1432 3836 1731 3893 ὑποστάσει
1755 3837 2039 3910 ὑπάρχον,

456 3914 763 3988 ἀχώριστον
792 3921 888 3975 καὶ
920 3923 1312 3994 άνεκφοίτητον
1353 3923 1567 3998 Πατρδς
1612 3928 1704 3982 καὶ
1739 3927 1895 3996 Υιοῦ,
1946 3930 2041 3983 καὶ

458 4008 640 4064 πάντα
671 4011 795 4084 ἕχον
820 4013 922 4068 ὅσα
945 4012 1060 4087 ἔχει
1088 4016 1118 4070 ὁ
1146 4016 1339 4090 Πατὴρ
1361 4019 1457 4074 καὶ
1477 4020 1506 4072 ό
1524 4019 1675 4083 Υἱὸς,
1704 4018 1847 4092 πλὴν
1873 4022 2039 4090 ἀγεν-

459 4104 651 4174 νησίας
691 4106 787 4160 καὶ
819 4105 921 4176 τῆς
945 4109 1272 4180 γεννήσεως.
1305 4109 1365 4164 Ὀ
1392 4111 1492 4179 μὲν
1516 4109 1625 4183 γὰρ
1664 4111 1854 4184 Πατὴρ
1881 4114 2039 4168 ἀναί-

457 4209 572 4257 τιος
602 4195 697 4249 καὶ
711 4195 1025 4267 ἀγέννητοςο
1054 4199 1116 4253 οὐ
1149 4199 1256 4272 γάρ
1280 4199 1345 4254 ἐκ
1373 4215 1541 4266 τινος·
1563 4201 1621 4269 ἐξ
1637 4202 1831 4259 ἑαυτοῦ
1853 4203 1962 4276 γάρ
1983 4206 2042 4258 τὸ

461 4278 599 4341 εἶναι
623 4284 800 4357 ἔχειε,
827 4286 948 4342 οὐδὲ
981 4305 1032 4343 τι
1059 4289 1170 4345 τῶν
1208 4289 1420 4363 ὅσαπερ
1447 4289 1563 4363 ἔχει
1593 4291 1653 4357 ἐξ
1678 4292 1869 4365 ἑτέρου
1903 4292 2040 4363 ἔχει’

2144 3195 2236 3249 nia
2269 3208 2333 3250 ac
2366 3191 2771 3255 moderantem,
2806 3189 3060 3245 omnium
3095 3185 3437 3246 eﬂ'ectorem,
3468 3179 3725 3248 omnipo-

2145 3292 2373 3349 tentem,
2407 3284 2637 3339 inlinitas
2667 3282 2948 3353 potentiae,
2996 3278 3206 3335 creatis
3236 3272 3497 3332 omnibus
3545 3270 3724 3341 impc-

2140 3385 2353 3433 rantem
2381 3414 2399 3442 ,
2424 3376 2760 3447 .nulliusque
2802 3373 3039 3443 imperio
3085 3368 3463 3438 subiacentem
3507 3364 3585 3430 9’;
3626 3362 3724 3433 qui

2138 3469 2276 3526 deos
2323 3468 2477 3533 facit,
2509 3482 2624 3524 non
2649 3466 2790 3524 deus
2822 3465 2921 3531 ﬁt;
2950 3463 3045 3533 qui
3073 3460 3288 3532 implet,
3314 3471 3417 3514 nec
3442 3454 3721 3526 impletur;

2141 3562 2235 3633 qui
2269 3559 2650 3633 participatur,
2695 3573 2798 3615 nec
2849 3555 3179 3629 participat;
3233 3548 3566 3613 sanctiﬁcat,
3617 3559 3720 3601 nec

2143 3651 2551 3716 sanctiﬁcatur;
2589 3647 2964 3711 Paracletum,
3005 3644 3113 3699 hoc
3144 3648 3252 3707 est,
3285 3637 3716 3697 consolatorem.

2142 3751 2204 3799 ut
2230 3742 2323 3814 qui
2355 3741 2743 3797 universorum
2765 3736 3024 3792 admittat
3057 3730 3483 3790 obsecrationes
3511 3747 3524 3783 :
3569 3726 3719 3781 Patri

2140 3842 2197 3890 et
2227 3832 2369 3888 Filio
2397 3847 2493 3903 per
2521 3830 2707 3886 omnia
2738 3829 3010 3896 similem;
3033 3843 3101 3885 ex
3127 3824 3291 3880 Patre
3315 3820 3726 3895 procedentem;

2141 3918 2236 3989 qui
2268 3933 2365 3988 per
2417 3916 2619 3973 Filium
2651 3916 3014 3982 conceditur,
3064 3921 3120 3971 et
3155 3914 3226 3969 ab
3281 3910 3431 3967 omni
3468 3918 3728 3966 creatura

2146 4008 2485 4081 percipitur;
2521 4010 2618 4081 qui
2648 4024 2745 4081 per
2772 4008 3016 4080 seipsum
3062 4012 3240 4070 creat,
3290 4012 3347 4061 et
3399 4003 3565 4058 rebus
3607 4016 3731 4055 our—

2147 4100 2316 4158 nibus
2370 4101 2790 4158 subsistcutiam
2832 4098 3030 4156 tribuit
3055 4105 3110 4154 et
3136 4096 3513 4160 sanctitatem,
3553 4092 3644 4162 qui
3676 4091 3730 4145 in

2147 4195 2371 4266 propria
2423 4194 2702 4261 subsistit,
2749 4194 2870 4250 sive
2914 4192 3157 4256 exsistit,
3210 4189 3531 4260 hypostasi;
3567 4186 3660 4254 qui
3701 4201 3732 4236 a

2148 4286 2312 4343 Patre
2342 4292 2397 4342 et
2426 4285 2570 4340 Filio
2602 4301 2705 4341 nec
2755 4294 3043 4357 separatur
3092 4296 3194 4336 nec
3241 4278 3583 4349 digreditur;
3638 4276 3730 4344 qui

461 4374 626 4439 αὐτὸς
650 4374 708 4430 δὲ
743 4375 947 4447 μᾶλλόν
974 4380 1124 4433 ἐστιν
1147 4380 1293 4453 ἁρχὴ
1324 4381 1420 4436 καὶ
1441 4381 1594 4437 αἰτία
1625 4383 1721 4437 τοῦ
1749 4383 1866 4449 πῶς
1899 4378 2028 4440 εἶναι

2148 4379 2336 4436 omnia
2359 4378 2521 4434 habet
2549 4394 2672 4448 quae
2695 4376 2858 4433 Pater
2879 4385 2934 4432 et
2956 4375 3150 4439 Filius,
3173 4380 3402 4440 excepta
3430 4368 3656 4440 ingeniti
3679 4373 3733 4423 et

463 4463 713 4532 φυσικῶς
740 4469 855 4532 τοῖς
891 4469 1077 4525 πᾶσιν.
1123 4470 1182 4524 Ὀ
1213 4470 1273 4526 δὲ
1301 4472 1430 4538 Υἱὸς
1458 4474 1523 4529 ὲκ
1548 4471 1649 4533 τοῦ
1681 4474 1896 4547 Πατρὸς
1921 4491 2046 4544 γεν-

2151 4470 2320 4543 geniti
2348 4469 2702 4540 proprietate.
2741 4467 2906 4523 Pater
2939 4467 3144 4537 quippe
3175 4476 3401 4527 causam
3428 4475 3539 4516 non
3560 4475 3733 4533 agno-

534 4637 581 4674 ”
613 4641 778 4715 Greg.
814 4642 949 4703 Nat.
977 4655 1121 4703 orat.
1159 4649 1247 4716 15,
1281 4648 1345 4705 51
1375 4657 1430 4704 et
1448 4649 1519 4705 ’57
1630 4648 1676 4681 '°
1696 4648 1869 4708 Joan.
1915 4665 1968 4714 ν,
2002 4659 2027 4703 ι

2168 4647 2211 4681 ⁸¹
2240 4647 2408 4720 Greg.
2437 4648 2546 4703 Nar.
2606 4653 2751 4702 orat.
2781 4643 2873 4701 37.
2949 4644 2997 4678 ”
3024 4643 3105 4700 id.
3138 4649 3282 4698 orat.
3321 4641 3415 4698 49.

1747 4765 1829 4820 VA
1839 4760 1977 4821 “LE
2014 4759 2421 4863 LECTIONE‘S.

544 4874 569 4916 ί
597 4872 752 4930 Multi
782 4873 937 4947 Regii
968 4883 1025 4931 et
1054 4874 1209 4931 Colb.
1241 4874 1656 4947 δημιουργικόν.
1739 4878 1765 4917 ε
1795 4873 1931 4945 Reg.
1961 4873 2107 4932 2924
2127 4875 2189 4928 οὐ
2214 4874 2324 4946 γὰρ
2345 4870 2411 4931 ἐκ
2437 4887 2581 4935 τινος
2610 4868 2674 4927 τὸ
2694 4866 2835 4925 εἶναι
2862 4867 3000 4941 ἔχει,
3039 4867 3167 4927 οὐδὲ
3183 4884 3238 4923 τι
3255 4867 3370 4926 ,τῶν
3391 4869 3509 4923 ὅσαρ
3527 4869 3660 4940 ἔχει,

2003 4994 2261 5053 ΝΟΤΛΕ..

542 5114 655 5186 (21)
693 5116 819 5184 οὐχ
848 5115 930 5182 ὡς
953 5115 1029 5170 δι’
1058 5113 1341 5185 ὀργάνου.
1382 5112 1507 5170 Non
1553 5123 1808 5186 tanquam
1830 5129 1930 5186 per
1964 5112 2052 5186 in-

468 5183 848 5245 strumentum.
882 5183 1145 5243 Verbum
1181 5192 1409 5256 propter
1451 5201 1544 5243 res
1590 5183 1950 5256 condendas“
1973 5183 2054 5237 fa-

470 5268 622 5311 ctum
657 5257 1029 5327 esseaiebant
1063 5254 1501 5327 Amant—quibus
1530 5255 1763 5327 opponit
1787 5254 2053 5327 Cyrillus.

470 5328 605 5382 dial.
647 5325 690 5399 2
728 5326 821 5399 ad,
849 5326 1038 5383 Herm.
1087 5325 1403 5399 exemplum
1445 5325 1711 5392 artificis,
1765 5325 1859 5397 qui
1896 5338 2055 5399 opus

473 5412 636 5454 suum
678 5396 1020 5469 haudaliter
1054 5395 1415 5469 exsequatur,
1448 5399 1555 5455 nisi
1598 5412 1764 5452 manu
1784 5395 1859 5452 'et
1893 5395 2054 5450 indu-

475 5469 763 5558 i‘.‘_'_i3."{‘!'
800 5467 1079 5558 ἒῗδιθέέξ
1113 5466 1420 5558 .‘K'P‘W‘
1455 5469 1664 5558 ""1"":
1697 5483 1816 5558 Si“?
1866 5481 2057 5558 limi"

474 5539 642 5592 suerit
688 5540 736 5593 vi
787 5538 1081 5593 eonditrice
1110 5538 1317 5608 facere,
1351 5539 1462 5597 lucc
1512 5537 1589 5603 ὡς
1635 5537 1722 5594 διά
1773 5537 2058 5608 δυνάμεως

481 5608 617 5674 ἰδίας
640 5610 878 5664 ποιεῖταί
936 5608 1032 5663 τοῦ
1066 5608 1219 5674 Υἱοῦ,
1258 5626 1350 5678 per
1381 5609 1588 5664 Filiam
1608 5651 1623 5675 ,
1678 5624 1773 5664 ceu
1812 5624 1903 5677 per
1930 5623 2054 5676 pro-

479 5680 657 5747 prium
696 5680 946 5735 virtutem
975 5680 1128 5750 facit.
1179 5688 1240 5750 ut
1279 5695 1475 5750 nempe
1535 5678 1721 5733 Filius
1748 5680 1819 5733 sit
1866 5680 2054 5750 ivirtus

484 5750 798 5813 subsistens
830 5749 1033 5810 Patris.
1051 5749 1217 5807 veluti
1240 5749 1628 5807 dodot’Noster
1654 5752 1707 5806 in
1749 5749 1891 5805 Diui.
1910 5759 2053 5805 sunt.

2151 5108 2463 5165 Manich.et
2485 5106 2639 5163 alibi.
2666 5105 2770 5162 Per
2800 5122 3011 5169 manus,
3043 5105 3226 5177 inquit
3254 5104 3524 5177 lrenaeus,
3548 5089 3648 5177 lib.
3681 5117 3733 5167 ν,

2151 5196 2201 5237 c.
2228 5182 2282 5240 6.
2311 5180 2366 5235 id
2388 5187 2468 5234 est
2488 5194 2580 5249 per
2612 5177 2815 5249 Filium
2844 5187 2894 5233 et
2924 5171 3456 5249 Spiritanrsanctum
3486 5171 3548 5239 ﬁt
3573 5171 3734 5249 [torno

2153 5251 2445 5308 secundum
2476 5241 2888 5304 similitudinem
2916 5241 3035 5303 Dei.
3061 5247 3163 5302 Per
3176 5246 3287 5300 has
3304 5244 3540 5298 virtutes
3573 5241 3735 5295 Pater

2153 5338 2279 5378 cum
2317 5320 2618 5376 invisibilis
2646 5320 2718 5374 sit
2746 5335 2806 5376 se
2837 5318 3227 5389 aspectabilem
3259 5312 3484 5389 praebet“.
3507 5311 3642 5389 Nam
3672 5319 3734 5364 ιιι

2156 5395 2231 5448 ait
2270 5392 2414 5448 idem
2464 5391 2660 5446 doctor
2681 5390 2777 5446 lib.
2808 5405 2881 5453 ιν,
2902 5380 3026 5459 cap.
3055 5387 3161 5441 ﬂ:
3193 5380 3409 5505 Agnitio
3443 5380 3624 5465 Patris
3654 5391 3734 5434 est

2162 5463 2288 5505 mm
2334 5459 2721 5505 sunnifnﬂnﬁn-
2772 5458 2873 5505 Per
2913 5460 3109 5505 imum.
3132 5454 3230 5505 Ver
3268 5468 3357 5505 um
3391 5451 3652 5505 visibilem
3683 5460 3734 5504 et

2161 5463 2288 5517 Filii
2334 5459 2722 5534 manifestatio.
2749 5451 2877 5534 _Per
2913 5451 3357 5534 ipiurn._$ferbum
3391 5451 3652 5534 uisibilem
3683 5460 3735 5504 et

2153 5524 2717 5605 palpabilemffactum
2740 5529 2906 5605 Pater
2935 5524 3337 5605 ostendebatur,
3360 5524 3523 5605 etiant
3554 5524 3602 5576 si
3632 5538 3736 5605 non

2163 5592 2340 5660 entire:
2369 5592 2618 5657 similiter
2647 5601 2925 5655 credebant
2950 5598 2999 5652 ei
3023 5612 3041 5651 :
3071 5595 3162 5650 sed
3190 5606 3371 5648 omnes
3407 5592 3649 5648 uiderunt
3668 5593 3731 5661 in

2164 5674 2310 5729 Filio
2341 5673 2575 5726 Patrem.
2605 5666 2880 5725 lnvisibile
2906 5667 3096 5724 etenim
3126 5663 3262 5721 Filii
3294 5663 3494 5729 Pater;
3527 5662 3731 5719 uisibile

2165 5757 2341 5801 autem
2366 5741 2553 5800 Patris
2583 5739 2784 5795 ιαίιιιιε.
2952 5754 2955 5755 ⁷
3430 5768 3441 5781 ν
