4116 6150
471 310 574 374 8ῖῖ
1635 311 1696 370 S.
1723 310 1966 372 JOANN
1972 313 2044 373 IS
2073 314 2509 377 DAMASCENI
3643 309 3748 372 8'28

471 441 535 480 ac
571 421 838 494 potentia,
883 436 948 477 ac
987 421 1228 492 denique
1278 421 1448 488 idem,
1495 428 1555 476 ut
1609 421 1685 478 ita
1735 423 1952 493 loquar,
1996 425 2053 479 in

2157 421 2299 481 εἶναι
2325 428 2423 482 ἕνα
2465 427 2601 481 Θεὸν
2637 425 3002 498 γνωρίζομεν.
3039 419 3135 488 Εἷς
3163 426 3273 496 γὰρ
3321 422 3494 486 ὅντως
3520 417 3681 487 Θεὸς,
3721 426 3752 478 6

473 515 581 571 illis
616 523 801 570 motus
831 522 935 578 est,
966 514 1070 568 hoc
1098 515 1487 584 agnoscimus;
1529 515 1677 585 quod
1708 515 1969 570 nimirum
2001 517 2053 571 in

2165 518 2318 584 Θεὸς,
2339 518 2486 573 καὶὸ
2514 521 2706 588 Λόγος,
2747 519 2841 572 καὶ
2868 517 2928 570 τὸ
2958 516 3188 588 Πνεῦμα
3215 513 3405 570 αὐτοῦ.

398 599 402 602 ’
474 606 585 662 illis
622 607 772 660 nulla
803 604 1008 661 divisio
1049 605 1232 661 locum
1265 606 1486 672 habeat,
1514 613 1569 662 et
1593 606 1742 677 quod
1778 623 1924 664 unus
1973 608 2048 664 sit
2085 607 2252 668 Deus.
2291 611 2444 670 Unus
2491 612 2696 684 quippe
2740 625 2871 669 vere
2907 609 3054 667 Deus
3079 616 3187 673 est,
3265 605 3433 674 Deus,
3506 603 3750 666 Verbum

469 710 524 754 et
562 699 804 765 Spiritus
835 697 979 767 ejus.
3769 695 3778 709 '

544 789 704 859 139
733 788 810 842 De
858 790 1022 842 trium
1070 804 1420 856 personarum
1467 788 1844 856 distinctione;
1893 805 2053 860 aeque

2223 788 2395 859 Μαι-ε.
2429 803 2534 842 ms.
2592 787 2733 855 Περὶ
2787 787 2899 857 τῆς
2947 785 3069 840 τῶν
3110 785 3290 852 τριῶν
3342 786 3750 844 ὑποστάσεωνι

468 898 552 944 re,
583 892 633 934 et
673 883 903 944 ratione,
933 890 980 934 et
1002 881 1345 951 cogitatione,
1377 881 1567 935 mentis
1592 882 2053 949 praedatione.—

2156 881 2532 949 διαιρέσεως*
2566 879 2667 934 καί
2703 880 2839 948 περὶ
2870 879 2978 933 τοῦ
3029 877 3379 948 πράγματος
3414 881 3512 937 καὶ
3556 884 3749 951 λόγου

469 973 586 1028 Hoc
624 982 806 1027 autem
841 988 1006 1028 nosse
1058 973 1313 1038 interest,
1356 971 1506 1042 quod
1553 973 1703 1028 aliud
1752 974 1824 1028 sit
1875 973 2053 1042 quoad

2156 973 2249 1027 καί
2281 972 2576 1039 ἐπινοίας.
2604 1001 2673 1012 --
2702 971 2822 1042 Χρὴ
2855 971 2919 1024 δέ
2949 970 3170 1036 εἰδέναι,
3201 972 3285 1024 ὅτι
3325 970 3515 1041 ἕτερόν
3545 973 3663 1026 ἐστι
3685 974 3750 1025 τὸ

467 1081 605 1126 rem.
646 1073 700 1120 et
736 1065 892 1120 aliud
949 1066 1165 1118 ratione
1212 1079 1276 1118 ac
1307 1064 1645 1134 cngitatione
1678 1064 2050 1120 considerari.

469 1157 766 1212 Enimvero
803 1160 856 1211 in
903 1157 1168 1212 omnibus
1215 1157 1491 1212 creaturis
1532 1157 1797 1211 discretio
1829 1157 2050 1226 quidem

467 1265 831 1318 personarum
884 1250 1067 1318 quoad
1117 1262 1235 1302 rem
1281 1246 1697 1302 consideratur.
1732 1246 1812 1302 Re
1843 1248 2049 1318 quippe

468 1339 589 1409 ipsa
647 1339 872 1394 Petrum
925 1354 955 1393 a
1001 1338 1172 1393 Paulo
1222 1348 1536 1408 separatum
1594 1339 2049 1404 consideramus;

467 1434 834 1488 communitas
885 1441 1066 1488 autem
1123 1443 1178 1488 et
1225 1434 1548 1503 conjunctio
1615 1441 1781 1502 atque
1841 1433 2050 1497 unitas,

467 1524 682 1578 ratione
712 1534 881 1595 atque
905 1525 1246 1595 cogitatione
1291 1524 1647 1596 perspicitur.
1673 1523 1779 1579 Per
1809 1534 2047 1578 mentem

465 1617 614 1671 enim
648 1617 996 1686 concipimus
1028 1617 1350 1672 Petrum-et
1383 1617 1610 1671 Paulum
1642 1615 1892 1684 ejusdem
1926 1629 2052 1671 esse

2150 1065 2449 1135 πράγματι
2481 1063 2830 1134 θεωρεῖσθαι,
2850 1063 2944 1115 καὶ
2979 1061 3109 1116 ἄλλο
3133 1062 3194 1114 τὸ
3217 1062 3360 1133 λόγῳ
3388 1065 3482 1116 καὶ
3508 1065 3742 1135 ἐπινοίᾳ.

2159 1156 2282 1209 Ἐπὶ
2307 1155 2405 1226 μὲν
2427 1152 2523 1208 οὖν
2553 1156 2772 1210 πάντων
2791 1155 2902 1208 τῶν
2924 1155 3262 1224 κτισμάτων,
3291 1157 3322 1226 ή
3350 1155 3451 1226 μὲν
3476 1155 3587 1208 τῶν
3610 1157 3745 1209 ὑπο-

2155 1251 2396 1303 στάσεων
2436 1249 2725 1320 διαίρεσις,
2771 1247 3059 1320 πράγματι
3099 1247 3407 1318 θεωρεῖται.
3448 1249 3746 1319 Πράγματι

2154 1340 2266 1412 γὰρ
2302 1343 2330 1394 6
2363 1341 2570 1412 Πέτρος
2605 1339 2702 1393 τοῦ
2730 1340 2944 1395 Παύλου
2981 1339 3392 1410 κεχωρισμένος
3432 1341 3736 1408 θεωρεῖται.

2165 1432 2232 1485 Ἦ
2262 1431 2318 1484 δὲ
2347 1433 2619 1500 κοινότης,
2654 1432 2751 1485 καὶ⁵
2775 1435 2808 1503 ή
2837 1433 3128 1501 συνάφεια,
3157 1432 3248 1484 καὶ
3276 1432 3336 1484 τὸ
3363 1430 3441 1496 ἓν,
3479 1431 3621 1502 λόγῳ
3644 1435 3739 1486 καὶ

2154 1524 2366 1596 ἐπινοίᾳ
2400 1524 2703 1594 θεωρεῖται.
2738 1524 2988 1596 Νοοῦμεν
3014 1524 3123 1594 γὰρ
3152 1523 3232 1593 τῷ
3253 1521 3350 1591 νῷ,
3371 1523 3452 1576 ὅτι
3477 1525 3502 1576 6
3531 1524 3754 1594 [lt-£190;

2156 1617 2250 1669 acati.
2277 1617 2306 1668 6
2338 1617 2552 1678 Παῦλος
2608 1615 2709 1686 τῆς
2750 1617 2922 1686 αὐτῆς
2954 1618 3060 1669 είσι
3110 1615 3355 1683 φύσεως,
3393 1615 3491 1667 καὶ
3548 1616 3739 1686 κοινὴν

467 1717 697 1771 naturae,
745 1719 1113 1779 naturamque
1145 1724 1312 1764 unam
1359 1723 1707 1764 communem
1743 1707 1947 1762 habere
1976 1706 2046 1760 ⁸³.

2159 1710 2290 1778 μίαν
2315 1709 2496 1780 ἔχουσι
2533 1709 2717 1778 φύσιν.
2750 1711 3021 1772 Ἕκαστος
3057 1707 3164 1779 γὰρ
3191 1708 3371 1761 αὐτῶν
3407 1707 3546 1772 ζῶόν
3565 1709 3686 1760 ἐστι
3712 1709 3742 1751 k

466 1797 600 1853 Nam
632 1809 868 1870 uterque
899 1816 1091 1856 eorum
1137 1801 1342 1856 animal
1400 1800 1674 1856 rationale
1716 1807 1772 1854 et
1816 1800 2053 1854 mortale

2156 1800 2367 1869 λογικὸν
2425 1799 2651 1871 θνητόν·
2703 1801 2798 1852 καὶ¹
2835 1800 3065 1862 ἕκαστος
3120 1797 3258 1870 σάρξ
3295 1799 3445 1851 ἐστιν
3477 1797 3736 1868 ἐμψυχω-

465 1898 553 1946 est
585 1907 598 1944 :
637 1899 692 1946 et
724 1902 955 1962 uterque
985 1907 1117 1947 caro
1147 1901 1252 1958 est,
1277 1893 1458 1946 anima
1485 1891 1743 1945 rationali
1774 1902 1828 1946 et
1855 1890 2059 1944 intelli-

469 1988 630 2048 gente
689 1981 1016 2048 przedita".
1073 1980 1198 2035 Haec
1251 1983 1440 2051 itaque
1491 1982 1802 2036 communis
1855 1988 2055 2034 natura

468 2071 688 2125 ratione
717 2073 1126 2127 consideratur.
1160 2071 1351 2141 Neque
1395 2072 1542 2126 enim
1583 2071 1910 2143 hypostases
1934 2074 2057 2128 alia:

468 2177 503 2216 n
541 2163 663 2216 aliis
697 2173 857 2226 sunt,
894 2179 1084 2217 verum
1135 2162 1400 2234 quaelibet
1433 2163 1689 2233 privatim
1741 2171 1797 2218 et
1836 2164 2047 2235 sigilla-

469 2254 602 2316 tim,
641 2255 745 2310 hoc
793 2263 877 2310 est
918 2255 1214 2324 seiunctim
1263 2254 1553 2319 consistit;
1603 2254 1882 2324 habetque
1922 2270 2049 2324 per-

469 2346 640 2399 multa
686 2346 890 2416 quibus
918 2346 987 2400 ab
1019 2345 1128 2399 alia
1172 2358 1408 2415 persona
1446 2343 1763 2398 dirimatur.
1804 2343 1941 2399 Nam
1994 2356 2050 2400 et

472 2436 596 2492 loco
616 2437 1034 2508 disiunguntur,
1065 2447 1120 2493 et
1148 2447 1392 2506 tempore
1418 2437 1759 2506 discrepant,
1781 2438 2051 2493 sententia

471 2546 695 2600 quoque
721 2531 1068 2596 dividuntur,
1103 2538 1159 2586 et
1182 2531 1358 2585 forma
1386 2531 1502 2586 sive
1535 2532 1732 2603 ﬁgura,
1757 2541 1812 2588 et
1836 2531 2050 2597 habitu,

467 2627 524 2674 et
581 2630 1036 2689 temperamento,
1092 2629 1145 2675 et
1200 2621 1488 2692 dignitate,
1529 2631 1585 2676 et
1636 2622 1894 2677 instituto
1929 2623 2054 2676 vitae

469 2723 696 2778 genere,
737 2723 802 2763 ac
846 2710 1085 2779 denique
1128 2712 1387 2767 omnibus
1422 2712 1550 2767 aliis
1587 2712 2050 2783 proprietatibus,

470 2800 681 2869 quibus
739 2809 1002 2870 tanquam
1052 2802 1220 2857 certis
1261 2803 1594 2871 quibusdam
1654 2804 1804 2858 notis
1859 2803 2054 2874 digno-

469 2899 726 2947 scuntur.
757 2894 817 2946 In
859 2893 1052 2963 primis
1080 2903 1262 2948 autem
1290 2895 1434 2948 inter
1465 2909 1525 2950 se
1556 2894 1855 2958 dissident,
1905 2893 2052 2965 quod

2153 1893 2293 1963 μένη
2328 1891 2508 1962 ιψυχῇ
2537 1891 2730 1963 λογικῇ
2759 1907 2818 1943 τε
2851 1892 2946 1944 καὶ
2979 1892 3160 1963 νοερᾷ.
3209 1889 3358 1961 Αὕτη
3388 1885 3483 1944 οὖν
3518 1892 3553 1962 ἡ
3583 1890 3744 1960 κοινὴ

2151 1983 2313 2052 φύσις
2345 1984 2423 2053 τῷ
2454 1983 2598 2054 λόγῳ
2632 1983 2749 2036 ἐστὶ
2783 1981 3058 2054 θεωρητή.
3089 1983 3225 2036 Οὑδέ
3253 1983 3364 2053 γὰρ
3398 1984 3454 2036 αἱ
3489 1983 3723 2035 ὑποστά-

2153 2094 2265 2140 σεις
2302 2078 2360 2130 ἐν
2386 2075 2644 2148 ἀλλήλαις
2668 2075 2829 2130 εἰσίν.
2873 2075 3006 2144 Ἰδίᾳ
3046 2074 3104 2127 δέ
3130 2073 3337 2144 ἑκάστη
3391 2075 3488 2128 κα)⁸
3527 2075 3730 2142 ἀναμέ-

2155 2185 2269 2240 ρος,
2297 2169 2464 2238 ήγουν
2489 2165 2609 2221 καθ’
2637 2165 2837 2237 ἑαυτὴν
2869 2162 3224 2236 κεχώρισται,
3250 2163 3479 2224 πλεῖστοι
3497 2162 3565 2215 τὰ
3596 2162 3726 2215 διαι-

2156 2258 2351 2332 ροῦντα
2395 2259 2565 2330 αὐτὴν
2617 2259 2682 2311 ἐκ
2727 2257 2827 2327 τῆς
2873 2255 3068 2327 ἑτέρας
3107 2254 3325 2325 ἔχουσα.
3369 2255 3477 2310 Καὶ
3501 2253 3606 2323 γὰρ
3632 2253 3726 2306 καὶ

2151 2349 2303 2420 τόπῳ
2328 2350 2666 2420 διεστήκασι,
2699 2348 2795 2402 καὶ
2824 2348 3003 2418 χρόνῳ
3043 2345 3383 2416 διαφέρουσι,
3416 2345 3506 2399 καὶ
3532 2342 3743 2420 γνώμῃι

2156 2439 2494 2508 μερίζονται,
2530 2440 2625 2492 καὶ
2655 2437 2828 2508 ἰσχύϊ,
2856 2439 2953 2492 καὶ
2985 2441 3167 2509 μορφῇ
3200 2437 3366 2508 ἤγουν
3395 2448 3433 2476 ιιι
3462 2437 3728 2507 σχήματι,

2151 2532 2247 2585 καὶ
2284 2531 2419 2598 ἔξει,
2471 2531 2566 2584 καὶ
2595 2532 2812 2603 κράσει,
2861 2531 2956 2585 καὶ
2995 2530 3146 2601 ἀξίᾳ,
3183 2531 3281 2584 καὶ
3313 2529 3728 2599 ἐπιτηδεύματι,

2150 2623 2245 2676 καὶ
2279 2623 2414 2675 πᾶσι
2449 2625 2563 2685 τοῖς
2600 2623 3124 2694 χαρακτηριστικοῖς
3159 2620 3448 2690 ίδιὼμασι·
3495 2621 3655 2673 πλέον
3677 2619 3736 2671 δὲ

2151 2711 2390 2776 πάντων,
2450 2710 2529 2781 τῷ
2579 2712 2656 2780 μὴ
2711 2712 2770 2764 ἐν
2817 2710 3101 2779 ἀλλήλαις,
3133 2707 3269 2763 ἀλλὰ
3309 2706 3736 2778 κεχωρισμένως

2150 2798 2310 2856 εἶναι.
2345 2802 2508 2855 Ὅθεν
2547 2802 2644 2856 καὶ⁹
2667 2801 2783 2868 δύο,
2814 2803 2912 2857 καὶ
2936 2804 3086 2873 τρεῖς
3116 2789 3398 2872 ἄνθρωποι
3457 2797 3732 2866 λέγονται.

2157 2897 2250 2948 καὶ
2276 2893 2485 2950 πολλοί.

468 3001 580 3042 non
617 2989 722 3043 alia
755 2989 812 3043 in
843 2989 973 3054 alia,
1021 2989 1116 3045 sed
1150 3005 1381 3061 quaeque
1412 2991 1711 3061 separatim
1748 2992 2045 3047 exsistunt.
2087 2989 2164 3044 Et
2213 3007 2324 3062 quo
2354 2992 2522 3045 etiam
2555 2989 2812 3055 edicitur,
2845 2997 2906 3044 ut
2941 2989 3074 3054 duo,
3126 2998 3178 3045 et
3250 2999 3383 3056 tres,
3435 2999 3489 3044 et
3577 2987 3754 3050 multi;

470 3083 728 3139 homines
757 3085 1043 3140 dicantur.

542 3177 689 3233 Unde
732 3180 914 3232 unitas
948 3189 1157 3234 natura:
1203 3179 1418 3236 divinte.
1467 3178 1720 3235 Personw
1764 3179 2048 3235 Trinitatis

2225 3178 2399 3233 Τοῦτο
2429 3179 2485 3234 δέ
2510 3178 2602 3233 ἐπὶ
2640 3177 2822 3249 πάσης
2854 3177 3003 3230 ἔστιν
3042 3176 3169 3230 ἰδεῖν
3196 3175 3296 3246 τῆς
3323 3177 3573 3240 κτίσεως.
3611 3179 3739 3232 Ἐπὶ

466 3272 726 3327 indivisa.
761 3269 941 3326 Filius
975 3281 1024 3326 et
1057 3270 1291 3342 Spiritus
1333 3282 1554 3327 sanctus
1586 3271 1654 3326 ad
1690 3289 1854 3352 unum
1895 3274 2042 3344 prin-

466 3364 662 3433 cipium
713 3362 1043 3433 referuntur.
1071 3395 1139 3406 -—
1169 3362 1227 3418 ld
1264 3363 1416 3433 quod
1455 3364 1513 3418 in
1547 3363 1807 3419 omnibus
1836 3379 2056 3434 quoque

468 3455 714 3510 conditis
747 3455 915 3512 rebus
947 3455 1389 3511 animadvertere
1434 3455 1622 3510 liceat.
1667 3453 1725 3509 In
1766 3469 2056 3510 sacrosan-

469 3551 560 3598 cta
621 3559 774 3610 vero,
835 3553 891 3601 et
946 3547 1318 3602 substantiam
1380 3560 1599 3600 omnem
1665 3556 2053 3616 exsuperante,

468 3645 636 3706 atque
669 3638 815 3692 ultra
854 3653 944 3694 res
977 3654 1171 3695 omnes
1199 3649 1392 3694 evecta
1430 3647 1486 3694 et
1510 3638 2056 3709 incomprehensibili

469 3725 762 3792 Trinitate,
793 3731 1074 3786 contrario
1109 3730 1274 3786 modo
1307 3746 1367 3786 se
1401 3745 1490 3786 res
1528 3731 1719 3786 habet.
1753 3731 1873 3784 Illic
1907 3729 2054 3786 enini

469 3820 844 3875 communitas
872 3821 1094 3892 quidem
1128 3833 1183 3877 et
1211 3824 1398 3878 unitas
1426 3823 1611 3894 reipsa
1642 3822 2055 3890 consideratur,

471 3923 587 3965 tum
621 3913 748 3982 quia
782 3927 1035 3982 personae
1080 3923 1368 3970 coaeternae
1396 3925 1553 3980 sunt,
1603 3923 1724 3970 tum
1761 3915 1893 3985 quia
1931 3915 2058 3970 illa-

471 4015 596 4054 rum
647 4000 839 4056 eadem
874 4009 957 4057 est
995 4004 1272 4067 essentia,
1311 4002 1573 4068 facultas,
1622 4004 1903 4068 voluntas,
1932 4019 2058 4058 sen-

472 4095 659 4149 tentiae
719 4095 1065 4164 conspiratio
1099 4134 1114 4157 ,
1184 4094 1373 4150 eadem
1436 4109 1657 4163 quoque
1707 4098 2054 4164 auctoritas,

472 4182 741 4252 potentia,
797 4182 1042 4239 bonitas.
1094 4181 1215 4237 Non
1274 4183 1412 4249 dixi,
1463 4183 1908 4247 similitudinem,
1961 4183 2054 4237 sed

474 4276 843 4342 identitatem,
907 4283 1077 4346 atque
1126 4291 1292 4330 unam
1355 4277 1624 4332 motionis
1687 4275 2056 4348 praesultatio-

473 4382 598 4422 nem
623 4368 692 4421 ".
727 4366 847 4423 Una
873 4368 1024 4424 enim
1064 4376 1151 4423 est
1183 4368 1453 4434 essentia,
1504 4383 1616 4422 una
1665 4367 1908 4435 bonitas,
1946 4381 2057 4421 una

470 4466 742 4530 potestas,
775 4475 886 4514 una
914 4460 1195 4525 voluntas,
1231 4476 1340 4516 una
1373 4459 1634 4526 facultas,
1673 4475 1781 4514 una
1811 4458 2058 4514 auctori-

2156 3271 2214 3324 δὲ
2241 3271 2340 3342 τῆς
2365 3270 2530 3340 ἁγίας
2555 3270 2652 3325 καὶ
2681 3267 3034 3340 ὑπερουσίου,
3065 3269 3159 3321 καὶ
3195 3268 3412 3321 πάντων
3445 3267 3751 3336 ἐπέκεινα,-

2158 3354 2254 3419 καὶ
2282 3363 2524 3433 ἀλήπτου
2553 3361 2806 3432 Τριάδος,
2872 3361 2934 3413 τὸ
2992 3359 3279 3413 ἀνάπαλιν.
3327 3357 3476 3412 Ἐκεῖ
3515 3359 3646 3432 γὰρ,
3669 3362 3760 3414 τὸ.

2161 3454 2260 3526 μέν
2289 3453 2466 3507 κοινὸν
2500 3453 2594 3506 καὶ
2618 3452 2697 3517 ἐν,
2731 3451 3020 3524 πράγματι
3054 3450 3358 3522 θεωρεῖται,
3400 3450 3489 3504 διὰ
3519 3451 3577 3504 τὴ
3606 3467 3740 3504 own

2157 3547 2347 3610 αἲδιον,
2382 3547 2476 3599 καὶ
2499 3545 2558 3599 τὸ
2574 3545 2771 3600 ταυτὸν
2799 3545 2898 3611 τῆς
2933 3543 3143 3607 οὐσίας,
3177 3543 3272 3596 καὶ
3296 3542 3396 3614 τῆς
3430 3543 3750 3613 ἐνεργείας,

2157 3637 2372 3694 καὶτοῦ
2406 3637 2733 3709 θελήματος,
2764 3637 2858 3696 καὶ
2882 3635 2981 3706 τὴν
3008 3635 3106 3704 τῆς
3139 3632 3368 3704 γνώμης
3408 3633 3740 3703 σύμπνοιαν,

2159 3734 2260 3802 τήν
2287 3747 2347 3784 τε
2401 3731 2500 3800 τῆς
2560 3729 2831 3793 ἐξουσίας,
2872 3728 2966 3782 καὶ
3002 3727 3101 3798 τῆς
3141 3727 3455 3797 δυνάμεως,
3504 3727 3596 3779 καὶ
3637 3727 3745 3796 τῆς

2158 3822 2492 3893 ἀγαθότητος
2529 3822 2854 3892 ταυτότητα.
2903 3820 3020 3875 Οὐκ
3060 3815 3214 3872 εἷπον
3252 3819 3574 3889 ὁμοιότητα,
3602 3817 3747 3872 ἀλλὰ

2156 3917 2460 3986 ταυτότητα
2479 3931 2495 3946 ο
2521 3914 2700 3968 καὶτὸ
2728 3913 2787 3966 ἐν
2812 3912 3021 3982 ἐξαλμα
3042 3912 3143 3981 τῆς
3170 3912 3460 3980 κινήσεως.
3493 3912 3610 3965 Μία
3631 3914 3747 3984 γὰρ

2157 4007 2336 4070 οὐσία,
2376 4007 2473 4077 μία
2495 4003 2786 4076 ἀγαθότης,
2820 4004 2918 4075 μία
2937 4004 3190 4074 δύναμις,
3230 4003 3330 4072 μία
3371 4002 3612 4074 θέλησις,
3641 4003 3746 4071 μία

2158 4098 2432 4170 ἐνέργεια,
2491 4098 2589 4168 μία
2645 4095 2881 4162 ἐξουσία,
2944 4097 3045 4166 μία
3104 4095 3198 4149 καὶ
3231 4097 3264 4166 ή
3294 4095 3452 4162 αὐτὴ,
3493 4094 3554 4147 οὐ
3590 4098 3764 4164 τρεῖς,

2157 4187 2342 4258 ὅμοιαι
2373 4187 2631 4257 ἀλλήλαις
2653 4202 2666 4216 ·
2703 4185 2838 4240 ἀλλὰ
2874 4185 2975 4256 μία
3016 4185 3111 4240 καὶ
3149 4187 3183 4255 ή
3216 4182 3355 4254 αὐτὴ
3389 4184 3603 4255 κίνησις
3629 4183 3746 4236 τῶν

2156 4278 2322 4350 τριῶν
2374 4278 2746 4332 ὑποστάσεων.
2791 4277 2889 4331 Ἓν
2935 4277 3046 4348 γὰρ
3097 4277 3333 4332 ἕκαστον
3386 4275 3568 4329 αὐτῶν
3626 4274 3744 4344 ἔχει

2159 4369 2296 4441 πρὸς
2320 4369 2380 4424 τὸ
2407 4369 2615 4439 ἕτερον,
2641 4370 2740 4440 οὐχ
2767 4363 2929 4442 ἦττον
2959 4370 2992 4441 ἢ
3027 4369 3160 4441 πρὸς
3193 4369 3387 4423 ἑαυτόν
3409 4385 3422 4398 ο
3462 4367 3768 4421 τουτέστιν.

2157 4462 2240 4515 ὅτι
2264 4461 2407 4515 κατὰ
2439 4462 2618 4516 πάντα
2650 4461 2709 4514 ἐν
2738 4463 2878 4516 εἰσιν
2943 4463 2972 4515 6
3022 4462 3236 4534 Πατὴρ,
3267 4461 3362 4516 καὶ
3401 4463 3430 4514 6
3457 4461 3603 4524 Υἱὸς,
3645 4462 3748 4514 καὶ

475 4559 590 4613 tas;
631 4565 763 4615 una,
797 4551 1046 4622 inquam,
1077 4559 1133 4607 et
1187 4553 1421 4616 eadem,
1475 4567 1584 4606 non
1637 4560 1751 4606 tres
1802 4553 1950 4606 inter
1995 4564 2053 4604 se

2158 4551 2219 4604 τὸ
2244 4553 2397 4620 ἅγιον
2428 4551 2675 4622 Πνεῦμα,
2697 4551 2838 4622 πλὴν
2864 4553 2966 4623 τῆς
2990 4553 3339 4623 άγεννησίας,
3373 4552 3468 4605 καὶ
3492 4551 3591 4620 τῆς
3614 4567 3760 4616 γεν-.

476 4639 708 4706 similes,
741 4639 838 4695 sed
868 4657 975 4694 una
1013 4642 1176 4711 plane
1207 4643 1520 4713 eademque
1574 4643 1742 4696 trium
1797 4656 2059 4712 persona-

475 4745 599 4784 rum
632 4732 820 4784 motio.
851 4731 1202 4803 Unaqumque
1243 4735 1388 4789 enim
1423 4735 1677 4805 ipsarum
1724 4749 1832 4788 non
1874 4733 2058 4788 minus

477 4819 743 4872 unitatem
775 4818 937 4874 habet
959 4837 1083 4875 cum
1115 4823 1240 4889 alia,
1276 4841 1440 4895 quam
1476 4827 1596 4896 ipsa
1628 4840 1834 4881 secum.
1877 4821 2056 4878 Unum

475 4909 681 4980 quippe
737 4910 994 4982 idemque
1033 4916 1260 4971 omnino
1311 4925 1444 4972 sunt
1493 4917 1656 4972 Pater
1699 4927 1753 4973 et
1801 4916 1974 4972 Filius
2003 4923 2058 4972 et

478 5003 724 5074 Spiritus
770 5013 1033 5072 sanctus;
1087 5007 1192 5062 nisi
1241 5010 1387 5079 quod
1421 5008 1592 5066 Pater
1622 5010 1901 5081 ingenitus
1948 5017 2058 5076 est,

473 5094 649 5150 Filius
677 5095 917 5165 genitus,
942 5104 996 5152 et
1027 5096 1271 5166 Spiritus
1303 5107 1530 5157 sanctus
1558 5102 1854 5170 processit.
1902 5099 2059 5166 Quod

465 5196 666 5243 autem
712 5188 770 5243 in
822 5203 887 5245 ea
937 5191 1246 5246 discretum
1287 5201 1396 5260 est,
1439 5195 1778 5265 cogitatione
1819 5193 2058 5264 percipi-

2161 4643 2388 4712 νήσεως,
2411 4642 2507 4696 καὶ
2529 4646 2628 4715 τῆς
2661 4645 3043 4718 ἐκπορεύσεως
3066 4661 3080 4675 °
3122 4644 3338 4716 ἐπινοίᾳ
3366 4644 3422 4696 δὲ
3449 4643 3509 4696 τὸ
3544 4644 3745 4714 διῃρη-

2165 4731 2348 4801 μένον.
2402 4733 2540 4787 Ἕνα
2604 4734 2713 4805 γὰρ
2767 4735 2900 4789 Θεὸν
2950 4734 3328 4804 γινώσκομεν·
3369 4735 3427 4786 ἐν
3465 4733 3654 4802 μόναις
3679 4734 3746 4787 δὲ

2161 4825 2283 4887 ταῖς
2318 4824 2544 4895 ἰδιότησι
2570 4826 2668 4896 τῆς
2689 4843 2750 4879 τε
2781 4827 3141 4898 πατρότητος,
3203 4826 3297 4880 καὶ
3335 4827 3432 4894 τῆς
3465 4823 3746 4892 υίότητος,

2163 4916 2259 4971 καὶ
2288 4917 2388 4986 τῆς
2418 4918 2798 4990 ἐκπορεύσεως
2820 4937 2835 4951 ο
2906 4919 3050 4973 κατά
3101 4936 3163 4972 τε
3219 4919 3278 4971 τὸ
3311 4917 3504 4981 αἴτιον,
3553 4916 3649 4969 καὶ
3683 4917 3780 4974 τὸ.

2163 5009 2426 5072 αἰτιατόν,
2452 5009 2632 5063 καὶτὸ
2659 5010 2866 5064 τέλειον
2921 5014 3020 5083 τῆς
3081 5011 3454 5074 ὑποστάσεως,
3493 5009 3614 5080 ἦτοι
3653 5008 3754 5061 τὸν

2165 5101 2266 5171 τῆς
2332 5100 2620 5171 ὑπάρξεως
2678 5103 2916 5173 τρόπον,
2967 5103 3067 5175 τὴν
3115 5100 3382 5173 διαφορὰν
3429 5097 3753 5170 ἐννοοῦμεν.

2167 5191 2304 5246 Dirce
2326 5193 2438 5266 γὰρ
2467 5194 2700 5266 τοπικὴν
2750 5195 3055 5265 διάστασιν,
3117 5196 3194 5261 ὡς
3255 5196 3340 5267 ἐφ’
3371 5193 3550 5266 ἡμῶν,
3583 5193 3774 5246 δυνάο.

545 5367 592 5401 ⁸⁸
647 5367 812 5444 Greg.
852 5369 986 5427 Naz.
1021 5379 1160 5430 orat.
1192 5374 1284 5430 37.
1370 5372 1417 5406 ’θ
1445 5372 1688 5430 ld.orat.
1727 5371 1819 5426 '52.
1894 5371 1937 5404 ⁸¹
1963 5371 2040 5428 lci.
2069 5381 2215 5430 orat.
2248 5373 2338 5428 40.

1749 5527 1985 5584 vanae
2034 5527 2444 5600 LECTIONES.

467 5605 522 5705 ξ
548 5632 570 5671 ι
598 5634 770 5705 om:
812 5639 940 5693 -ιστι
981 5643 1037 5696 in
1065 5643 1253 5705 editis.

488 5698 548 5756 ὃ.
591 5701 698 5760 llil.
723 5713 776 5760 ct
803 5705 892 5762 alii
925 5708 1080 5784 multi
1102 5729 1134 5779 ;'
1154 5698 1303 5769 uouit

1858 5787 1864 5806 ἵ

1866 5851 1870 5862 t

1877 5857 1884 5868 l

1293 5623 1858 5728 smilti‘iogicggi
1873 5651 1956 5728 get
1990 5647 2138 5728 apud
2175 5647 2438 5721 Cyrillum
2480 5650 2574 5710 lib.
2613 5650 2691 5708 De
2731 5649 2922 5709 Trinit.
2953 5651 3310 5728 ἐψυχωμένη.

1506 5677 2152 5796 ἓρεῒὲὶξνῖῗιίμῐῑέἔέῗζϊ.
2175 5677 2438 5784 ν⁷ῗ⁷¹¹¹“¹¹¹
2480 5677 2574 5710 "”'
2613 5677 2680 5792 νῗ

3416 5665 3456 5689 "‘
3482 5656 3574 5711 Sic
3608 5651 3769 5713 ωιίε-
