4116 6150
423 311 530 377 829

1477 319 1574 379 DE
1601 319 1778 379 FIDE
1814 317 2277 382 ORTIIODOXA
2315 319 2463 380 LIB.
2504 322 2552 381 I.

3577 326 3682 391 830

425 421 568 490 μεθα
598 421 690 473 ἐπὶ
708 419 805 490 τῆς
821 421 926 474 ἀπε
935 421 1238 494 ριγράπτου
1261 425 1441 494 λέγειν
1460 426 1735 498 θεότητος·
1755 430 1814 482 ὲν
1831 429 1998 499 ἀλλή-

2105 436 2193 484 ιιιι·
2220 432 2288 485 θ’.
2339 430 2518 488 Unum
2551 432 2754 503 quippe
2795 432 2968 491 Deum
3001 437 3422 506 cognoscimus;
3458 439 3514 494 in
3545 442 3682 496 solis

421 509 543 571 λαις
571 509 678 579 γὰρ
701 511 758 564 αἱ
806 511 1137 578 ὑποστάσεις
1163 517 1330 569 εἰσίν·
1360 519 1456 589 οὐχ
1488 518 1628 574 ὥστε
1657 521 1996 591 συγχεῖσθαι.

421 600 558 654 ἀ).λά
586 598 728 654 ὥστε
753 601 999 673 ἔχεσθαι,
1025 607 1170 661 κατά
1193 609 1284 661 τὸν
1303 609 1398 663 τοῦ
1428 613 1635 682 Κυρίου
1659 614 1837 682 λόγον,
1856 614 2002 683 Ἐγὼ

420 691 490 744 ἐν
514 689 593 756 τῷ
617 693 818 761 Πατρὶ,
843 695 942 748 καὶ
968 699 1001 749 ό
1029 697 1235 767 Πατὴρ
1262 701 1332 753 ἐν
1353 701 1505 769 ἐμοὶ,
1538 704 1812 773 φήσαντος
1837 725 1850 738 ·
1876 705 2002 758 οὔτε

422 778 734 848 θελήματος
763 781 1048 854 διαφορὰν,
1079 785 1111 854 ἢ
1135 787 1383 858 γνώμης,
1405 789 1438 860 ἢ
1457 791 1760 861 ἐνεργείας,
1785 793 1818 863 ἢ
1840 794 2001 847 δυνά-

367 872 375 874 ”
424 885 591 936 μεως,
623 870 657 940 ἡ
686 888 831 934 τινος
853 873 1062 945 ἑτέρου,
1097 876 1255 930 ἅτινα
1285 881 1385 950 τὴν
1436 886 1855 956 πραγματικὴν,
1909 889 2003 940 καὶ

419 960 597 1013 διόλου
655 964 716 1015 ὲν
772 965 906 1034 ἡμῖν
951 970 1182 1036 γεννῶσι
1234 971 1522 1046 διαίρεσιν.
1569 976 1660 1028 Διὸ
1694 977 1815 1030 οὐδὲ
1852 980 2002 1047 τρεῖς

422 1049 578 1116 θεοὺς
605 1052 859 1126 λέγομεν,
924 1059 1015 1112 τὸν
1071 1063 1316 1134 Πατέρα,
1351 1068 1444 1120 καὶ
1496 1067 1587 1121 τὸν
1640 1069 1790 1133 Υἱὸν,
1827 1072 2002 1124 καὶτὸ

422 1139 580 1208 ἆγιον
624 1143 884 1213 Πνεῦμα·
939 1148 1036 1202 ἕνα
1092 1152 1149 1205 δὲ
1217 1155 1417 1223 μᾶλλον
1476 1157 1645 1222 Θεὸν,
1697 1159 1798 1228 τὴν
1838 1161 2002 1228 ἁγίαν

424 1231 651 1302 Τριάδα,
678 1237 757 1300 είς
788 1237 848 1290 ἓν
871 1240 1046 1295 αἴτιον
1078 1241 1190 1313 (9.6)
1229 1246 1360 1299 Υίοῦ
1393 1250 1486 1301 καὶ
1531 1250 1850 1321 Πνεῦματος
1875 1253 2004 1306 ἀνα-

425 1321 759 1389 φερομένων,
788 1327 850 1378 οὐ
884 1330 1306 1402 συντιθεμένων,
1337 1336 1460 1388 οὐδὲ
1509 1340 2000 1411 συναλειφομένων,

424 1411 566 1504 οιατά
601 1413 699 1484 τὴν
743 1416 1035 1474 Σαϐελλίου
1083 1425 1422 1495 συναίρεσιν·
1473 1429 1721 1484 ένοῦνται
1755 1433 1884 1504 γὰρ,
1925 1433 2003 1500 ὡς

424 1502 658 1595 ἔφημεν,
711 1508 811 1579 οὐχ
849 1509 991 1566 ὥστε
1046 1519 1392 1586 συγχεῖσθαι,
1440 1521 1559 1575 ἀλλ’
1593 1522 1735 1578 ὥστε
1780 1502 2002 1595 ἔχεσθαι

423 1593 704 1688 ἀλλήλωνε
763 1602 860 1655 καὶ
906 1603 1007 1675 τὴν
1064 1607 1122 1660 ὲν
1168 1608 1428 1681 ἀλλήλαις
1463 1593 1839 1687 περιχώρησιν
1887 1615 1998 1688 (27)

423 1684 608 1754 ἔχουσι
637 1689 760 1761 δίχα
820 1693 1004 1765 πάσης
1057 1699 1386 1772 συναλοιφῆς
1443 1704 1535 1756 καὶ
1597 1684 1998 1778 συμφύρσεωςλ

424 1778 547 1832 οὐδὲ
582 1778 974 1853 ἐξισταμένων,
1006 1787 1039 1858 ἢ
1071 1789 1192 1842 κατ’
1227 1766 1416 1846 οὐσίαν
1465 1766 1812 1865 τεμνομένων
1859 1766 2000 1850 κατὰ
2029 1766 2075 1827 Β

425 1868 524 1940 τὴν
585 1872 795 1943 Ἀρείου
855 1875 1141 1948 διαίρεσιν.
1215 1882 1539 1954 Ἀμέριστος
1583 1885 1694 1956 γάρ
1723 1887 1783 1940 ἐν
1831 1904 2002 1956 μεμε-

429 1963 727 2049 ρισμένοις,
780 1969 829 2022 εἰ
883 1969 964 2022 δεῖ
1009 1972 1290 2043 συντόμως
1340 1977 1536 2042 εἰπεῖν,
1570 1979 1853 2049 ήΘεότης,
1906 1981 2001 2034 καὶ

426 2048 537 2108 οἷον
570 2058 627 2108 ἐν
657 2059 830 2128 ήλίοις
861 2062 1036 2133 τρισὶν
1071 2066 1351 2136 ἐχομένοις
1399 2068 1668 2140 ἀλλήλων,
1721 2048 1817 2124 καὶ
1850 2072 2002 2126 ἀδια-

429 2145 644 2209 στάτοις
675 2143 816 2210 οὖσι.
845 2151 944 2220 μία
975 2149 1069 2204 τοῦ
1103 2154 1280 2221 φωτὸς
1319 2157 1622 2226 σύγκρασίς
1646 2176 1706 2212 τε
1743 2160 1836 2213 καὶ
1867 2178 1998 2216 συν·

426 2236 612 2303 ἁφεια.
641 2238 808 2293 Ὅταν
840 2241 940 2312 μὲν
991 2239 1084 2297 οὗν
1122 2246 1262 2316 πρὸς
1309 2248 1408 2318 τὴν
1435 2249 1665 2321 θεότητα
1690 2250 1996 2322 βλέψωμεν,

427 2329 522 2386 καὶ
547 2331 647 2402 τὴν
679 2333 901 2404 πρώτην
936 2336 1137 2403 αἰτίαν,
1173 2339 1268 2392 καὶ
1311 2339 1410 2411 τὴν
1471 2344 1791 2413 μοναρχίαν,
1822 2344 2001 2397 καὶτὸ

427 2420 504 2486 ἓν,
534 2423 627 2475 καὶ
660 2425 858 2479 ταυτὸν
889 2428 987 2497 τῆς
1010 2428 1287 2500 θεότητος,
1320 2432 1387 2486 ἵν’
1414 2431 1587 2496 οὕτως
1614 2435 1773 2501 εἴπω,
1795 2434 2002 2505 κίνημά

427 2529 484 2564 τε
540 2514 635 2566 καὶ
685 2515 952 2590 βούλημα,
1015 2522 1111 2574 καὶ
1140 2525 1238 2593 τὴν
1276 2525 1374 2594 τῆς
1444 2525 1654 2591 οὐσίας,
1706 2529 1803 2580 καὶ
1843 2527 2001 2582 δυνά-

431 2619 595 2670 μεως,
627 2607 722 2658 καὶ
751 2609 1055 2680 ἐνεργείας,
1084 2614 1178 2666 καὶ
1214 2615 1538 2684 κυριότητος
1584 2617 1911 2688 ταυτότητά,
1943 2616 2002 2673 ἓν

425 2697 558 2762 ἡμῖν
612 2696 674 2750 τὸ
730 2703 1154 2772 φανταζόμενον.
1185 2707 1356 2760 Ὅταν
1389 2708 1445 2761 δὲ
1491 2709 1629 2780 πρὸς
1659 2709 1730 2762 τὰ
1767 2712 1823 2762 ὲν
1852 2704 1935 2772 οἷς
1965 2712 1998 2782 ἡ

425 2787 650 2859 θεότης,
678 2791 734 2860 ἢ,
768 2793 828 2846 τό
882 2811 946 2862 γε
1002 2796 1390 2869 ἀκριϐέστερον
1430 2803 1628 2864 εἰπεῖν,
1652 2801 1688 2855 ἃ.
1716 2804 1746 2871 ἡ
1776 2803 1998 2873 Θεότης,

426 2881 520 2931 καὶ
557 2882 626 2933 τά
664 2884 724 2933 ὲκ
758 2884 858 2951 τῆς
889 2885 1112 2957 πρώτης
1139 2891 1316 2952 αἰτίας
1338 2892 1587 2962 ἀχρόνως
1615 2892 1825 2946 ἐκεῖθεν
1843 2893 1999 2958 ὄντα,

428 2971 522 3024 καὶ
551 2973 837 3040 ὁμοδόξως,
860 2978 951 3029 καὶ
981 2979 1319 3044 ἁδιαστάτως
1345 2998 1359 3014 ο
1381 2984 1627 3037 τουτέστι
1643 2985 1742 3047 τὰς
1767 2985 2005 3039 ὑποστά-

429 3077 544 3123 σεις
603 3063 695 3116 τοῦ
730 3065 856 3120 Υἱοῦ
906 3071 999 3122 καὶ
1039 3071 1132 3124 τοῦ
1171 3073 1510 3144 Πνεῦματος,
1559 3076 1686 3146 τρία
1728 3077 1798 3130 τὰ
1831 3094 2003 3148 προσ-

427 3153 756 3224 κυνούμενα.
789 3155 885 3221 Εἷς
914 3161 1103 3233 Πατὴρ
1135 3165 1163 3219 ό
1196 3165 1402 3236 Πατὴρ,
1436 3167 1530 3220 καὶ
1557 3167 1812 3239 ἄναρχος,
1856 3187 2006 3224 τουτ-

427 3243 596 3309 έστιν,
621 3246 860 3315 ἀναίτιος
886 3270 899 3282 ·
937 3254 998 3307 οὐ
1036 3255 1145 3326 γὰρ
1180 3255 1244 3310 ἐκ
1287 3275 1454 3322 τινος,
1488 3255 1580 3322 Εἷς
1629 3260 1758 3325 Υἱὸς
1786 3263 1814 3315 ό
1853 3261 2000 3326 Υἱὸς,

428 3340 518 3392 καὶ
551 3340 649 3394 οὐκ
673 3341 933 3415 ἄναρχος,
981 3349 1262 3403 τουτέστιν
1306 3351 1407 3405 οὐκ
1457 3352 1740 3417 ἀναίτιος⁸
1791 3356 1856 3408 ὲκ
1905 3354 2001 3408 τοῦ

429 3434 641 3506 Πατρὸς
665 3437 792 3508 γάρ.
823 3440 886 3492 Εἰ
914 3440 969 3494 δὲ
989 3441 1088 3513 τὴν
1113 3443 1223 3496 ἀπὸ
1247 3443 1347 3498 τοῦ
1381 3445 1575 3514 χρόνου
1605 3445 1790 3510 λάϐοις
1807 3447 2003 3518 ἀρχὴν,

428 3525 522 3581 καὶ
557 3526 795 3600 ἄναρχος
814 3547 828 3560 ο
856 3533 1086 3604 ποιητὴς
1113 3533 1222 3603 γὰρ
1249 3535 1475 3606 χρόνων,
1512 3537 1610 3606 οὐχ
1655 3537 1761 3590 ὑπὸ
1789 3539 1999 3608 χρόνον.

433 3619 527 3670 Ἕν
551 3619 796 3691 Πνεῦμα,
852 3621 1006 3689 ἅγιον
1056 3623 1116 3677 τὸ
1164 3624 1409 3695 Πνεῦμα,
1437 3626 1626 3696 προϊὸν
1655 3627 1756 3697 μὲν
1799 3629 1866 3681 ὲκ
1908 3626 2001 3682 τοῦ

433 3708 646 3782 Πατρός
671 3728 687 3743 ο
727 3712 1026 3784 οὐχυίῐκῶς
1061 3715 1140 3779 δὲ,
1172 3715 1286 3770 ἀλλ’
1331 3717 1704 3789 ὲκπορευτῶς,
1742 3717 1866 3773 οὔτε
1903 3718 1997 3773 τοῦ

428 3801 642 3873 Πατρὸς
668 3804 960 3871 ἐκστάντος
982 3807 1082 3879 τῆς
1110 3809 1460 3880 ἀγεννησίας,
1481 3809 1613 3864 διότι
1652 3811 2003 3883 γεγέννηκεν,

424 3891 551 3946 οὗτε
589 3893 681 3947 τοῦ
709 3895 838 3950 Υἱοῦ
867 3899 965 3968 τῆς
987 3902 1313 3971 γεννήσεως,
1339 3902 1421 3955 ὅτι
1460 3901 1726 3972 ἐγεννήθη
1749 3902 1809 3968 ἐξ
1841 3905 2004 3972 ἀγεν-

425 3986 588 4057 νήτου
611 4003 626 4019 ο
662 3987 777 4052 πῶς
809 3990 954 4060 γάρ;
981 3991 1104 4045 οὒτε
1119 3992 1213 4046 τοῦ
1244 3993 1580 4064 Πνεῦματος,
1609 3995 1641 4064 ἢ
1673 3996 1754 4058 είς
1784 3995 2005 4066 Πατέρα

430 4077 882 4148 μεταπίπτοντος,
937 4081 970 4150 ἢ
1017 4084 1096 4145 είς
1145 4083 1297 4147 Υίδν,
1329 4085 1413 4138 ὅτι
1456 4084 1878 4156 ἐκπεπόρευται,
1906 4087 2002 4140 καὶ

425 4169 507 4220 ὃτι
545 4169 676 4234 Θεός
701 4187 713 4200 ·
740 4172 774 4242 ή
807 4171 916 4242 γὰρ
943 4173 1140 4244 ἰδιότης
1173 4175 1450 4246 ἀκίνητος,
1483 4175 1516 4246 ἦ
1556 4175 1672 4239 πῶς
1702 4175 1768 4230 ἂν
1799 4177 2001 4249 ἰδιότης

2029 3121 2072 3180 C

2101 523 2559 592 proprietatibus,
2607 526 2766 598 140
2816 529 3078 583 nimirum
3129 531 3505 601 paternitatis,
3545 531 3684 587 filia-

2102 613 2291 677 tionis,
2326 623 2382 668 et
2414 617 2826 684 processionis;
2860 627 3027 689 atque
3057 628 3324 688 quantum
3353 621 3423 675 ad
3452 635 3681 677 causam

2101 711 2157 760 et
2197 714 2509 769 causatum,
2545 723 2610 760 ac
2645 708 2964 778 hypostasis
2993 711 3412 780 perfectionem,
3449 713 3554 767 hoc
3597 723 3684 768 est

2102 795 2406 851 exsistendi
2453 797 2700 864 modum,
2746 799 3164 857 distinctionem
3217 803 3576 875 intelligimus
3610 805 3678 856 ’³.

2100 887 2289 958 Neque
2322 890 2466 944 enim
2511 890 2832 945 distantiam
2866 893 3169 948 secundum
3199 895 3405 959 locum,
3449 903 3507 948 ut
3535 895 3680 965 apud

2102 992 2226 1040 nos,
2285 978 2338 1030 in
2394 976 2610 1033 Deitate
2657 995 2780 1049 qua:
2835 981 3409 1050 circumscriptionem
3461 998 3679 1038 omnem

2103 1068 2371 1133 excludit,
2403 1069 2696 1124 admittere
2737 1070 2866 1125 licet
2910 1073 3063 1139 (sunt
3096 1073 3240 1127 enim
3274 1089 3527 1144 personae
3560 1078 3682 1130 alia:

2102 1161 2157 1214 in
2187 1159 2339 1226 aliis;
2373 1175 2481 1215 non
2516 1170 2575 1214 ut
2603 1161 2744 1215 inter
2792 1178 2852 1218 se
2880 1164 3319 1231 confundantur,
3358 1170 3450 1222 sed
3489 1178 3548 1222 ut
3579 1185 3675 1222 co-

2103 1248 2366 1313 lian'cant,
2419 1251 2575 1319 juxta
2627 1267 2746 1305 eam
2805 1251 3022 1307 Domini
3071 1258 3397 1309 sententiam
3432 1261 3584 1328 :Ego
3622 1260 3678 1312 iu

2102 1339 2269 1394 Patre
2311 1350 2361 1396 ει
2412 1341 2577 1397 Pater
2629 1343 2686 1398 in
2737 1361 2817 1398 me
2851 1355 2930 1398 est
2974 1346 3045 1417 ")
3083 1361 3182 1402 nec
3214 1349 3540 1416 voluntatis,
3587 1360 3680 1403 aut

2103 1436 2425 1501 sententiae;
2480 1443 2576 1489 aut
2635 1436 3023 1502 efficacitatis,
3075 1446 3169 1492 aut
3223 1440 3528 1508 potentiae;
3588 1451 3682 1494 aut

2102 1528 2331 1583 alterius
2357 1526 2649 1595 cujusdam
2679 1527 2780 1590 rei,
2813 1543 2936 1597 qua:
2983 1531 3188 1584 realem
3216 1544 3280 1584 ac
3308 1530 3680 1586 omnimodam

2102 1619 2159 1673 in
2200 1617 2360 1672 nobis
2406 1616 2820 1672 distinctionem
2875 1622 3084 1688 gignat,
3137 1620 3437 1676 discrimen
3487 1611 3679 1676 ullum.

2103 1709 2452 1779 Quapmpter
2482 1724 2584 1763 nec
2613 1717 2728 1762 tres
2758 1708 2890 1763 deos
2914 1707 3133 1764 Patrem
3159 1719 3212 1782 et
3243 1710 3442 1763 Filium
3474 1718 3528 1765 et
3555 1709 3680 1780 Spi-

2104 1799 2268 1853 ritum
2301 1805 2558 1852 sanctum
2586 1797 2859 1864 dicimus;
2893 1799 3030 1867 quin
3070 1799 3250 1867 potius
3274 1807 3524 1854 sanctam
3551 1798 3680 1852 Tri-

2103 1890 2328 1944 nitatem
2359 1903 2530 1942 unum
2563 1887 2735 1942 Deum
2787 1888 3093 1944 asserimus
3135 1908 3150 1946 :
3199 1890 3278 1946 sic
3326 1890 3582 1946 videlicet
3622 1899 3681 1946 ut

2101 1982 2275 2038 Filius
2309 1991 2360 2036 et
2398 1980 2644 2052 Spiritus
2675 1988 2903 2036 sanctus
2935 1980 3003 2033 ad
3031 1997 3196 2034 unum
3230 1989 3512 2035 auctorem
3539 1981 3680 2036 refe-

2102 2084 2320 2138 rantur,
2352 2089 2463 2128 non
2507 2081 2691 2128 autem
2742 2084 3175 2143 componantur,
3227 2081 3321 2127 aut
3363 2074 3522 2144 juxta
3579 2074 3682 2128 Sa-

2101 2164 2249 2220 bellii
2304 2163 2739 2219 contractionem
2809 2178 2922 2217 una
2997 2164 3317 2218 coalescant
3363 2178 3429 2218 ac
3477 2164 3683 2234 permi-

2101 2263 2363 2312 sceantur
2395 2257 2690 2326 (uniuntur
2723 2256 2896 2319 enim,
2953 2263 3014 2311 ut
3061 2255 3326 2321 diximus,
3358 2272 3471 2311 non
3501 2256 3576 2310 ita
3621 2263 3681 2310 ut

2102 2345 2539 2412 confundantur,
2575 2347 2671 2402 sed
2713 2354 2773 2401 ut
2803 2346 3154 2412 cohaereant;
3191 2354 3356 2416 atque
3387 2361 3513 2401 sese
3539 2347 3680 2400 invi-

2105 2451 2230 2492 cem
2264 2437 2404 2492 citra
2437 2452 2657 2493 omnem
2705 2437 3205 2492 contradictionem
3241 2451 3306 2490 ac
3335 2437 3680 2492 commistio-

2103 2544 2226 2584 nem
2265 2528 2614 2598 pervadant),
2658 2543 2760 2584 nec
2813 2535 2972 2583 extra
2999 2543 3058 2583 se
3108 2529 3343 2582 invicem
3390 2529 3680 2591 sistantur,

2102 2629 2197 2674 aut
2225 2627 2492 2690 quantum
2529 2620 2595 2674 ad
2624 2621 2928 2675 essentiam
2969 2621 3127 2687 juxta
3181 2620 3297 2673 Arii
3352 2621 3680 2676 divisionem

2103 2713 2434 2768 scindantur
2477 2712 2544 2766 ³⁵.
2591 2711 2832 2767 lndivisa
2885 2711 3028 2766 enim
3078 2712 3132 2766 in
3183 2711 3399 2777 divisis,
3452 2719 3513 2766 ut
3565 2727 3680 2765 rem

2105 2800 2344 2856 breviter
2365 2800 2670 2866 enuntiem,
2701 2799 2976 2856 Divinitas
2997 2809 3120 2869 est;
3149 2815 3214 2855 ac
3243 2801 3391 2855 velut
3422 2801 3477 2854 in
3505 2801 3686 2856 tribus

2104 2895 2314 2950 solibus
2335 2894 2438 2950 sibi
2469 2895 2705 2948 invicem
2737 2894 3161 2959 cohaerentibus,
3191 2895 3343 2949 nulla
3372 2894 3478 2948 loci
3512 2893 3686 2950 inter-

2105 2988 2374 3059 capedine
2405 2988 2731 3058 disjunctis,
2762 3003 2870 3043 una
2899 2987 3210 3057 eademque
3239 2988 3381 3042 lucis
3415 2995 3687 3057 tempera-

2106 3079 2186 3134 tio
2227 3089 2393 3149 atque
2434 3078 2780 3148 conjunctio.
2835 3077 3020 3146 Quare
3066 3094 3192 3134 cum
3248 3078 3544 3144 Deitatem,
3574 3078 3687 3148 pri-

2105 3187 2365 3242 mamque
2420 3172 2570 3226 illam
2623 3186 2891 3238 causam,
2947 3178 3002 3224 et
3062 3168 3482 3234 monarchiam,
3523 3177 3686 3238 atque

2106 3280 2269 3320 unam
2314 3263 2677 3334 eamdemque
2722 3263 3027 3319 divinitatis
3061 3262 3146 3332 (ut
3195 3262 3270 3316 ita
3315 3259 3524 3329 dicam)
3568 3276 3687 3313 rno-

2105 3358 2336 3424 tionem,
2373 3364 2428 3412 et
2459 3357 2824 3422 voluntatem,
2857 3354 3112 3411 eamdem
3152 3352 3456 3410 essentiam
3488 3366 3553 3406 ac
3588 3365 3685 3420 po-

2107 3449 2358 3512 tentiam,
2387 3447 2906 3516 emcacitatemque,
2937 3455 2992 3502 et
3020 3445 3451 3501 dominationem
3500 3445 3686 3498 intue-

2108 3553 2259 3605 mur,
2295 3553 2464 3592 unum
2495 3536 2768 3592 duntaxat
2802 3534 2991 3590 sensui
3035 3539 3228 3588 nostro
3272 3531 3601 3590 observatur
3617 3531 3687 3585 ³⁸.

2111 3630 2182 3684 At
2211 3644 2365 3697 vero,
2395 3644 2520 3684 cum
2551 3644 2639 3693 ea,
2669 3628 2726 3682 in
2758 3625 2961 3698 quibus
2999 3623 3186 3680 Deitas
3220 3631 3329 3689 est,
3362 3621 3467 3690 vel,
3505 3621 3553 3677 si
3599 3636 3690 3675 ac-

2107 3723 2355 3780 curatius
2379 3719 2713 3791 loquendum
2743 3727 2854 3783 est,
2889 3733 3012 3788 quae
3041 3715 3222 3773 Deitas
3249 3723 3356 3782 est,
3394 3723 3564 3784 atque
3618 3728 3682 3769 ea

2112 3806 2236 3885 qua!
2265 3828 2332 3869 ex
2364 3812 2610 3884 principe
2665 3811 2760 3866 illa
2809 3825 2978 3865 causa
3025 3811 3168 3864 citra
3217 3823 3380 3864 omne
3421 3806 3689 3875 temporis

2112 3905 2393 3976 spatium,
2445 3905 2745 3975 gloriaeque
2793 3901 3130 3966 discrimen,
3175 3914 3240 3955 ac
3285 3898 3688 3970 separationem

2110 3996 2429 4061 exsistunt;
2461 3995 2565 4050 hoc
2611 4003 2701 4050 est
2747 4008 3034 4064 personas,
3079 3992 3525 4054 consideramus,
3585 3989 3690 4044 tria

2109 4095 2241 4143 sunt
2268 4103 2392 4158 quae
2415 4102 2444 4141 a
2471 4087 2630 4142 nobis
2659 4085 3048 4141 adorantur".
3090 4084 3244 4140 Unus
3267 4091 3446 4154 pater,
3489 4080 3687 4144 Pater;

2109 4178 2363 4249 idemque
2401 4177 2682 4249 principii,
2724 4177 2831 4232 hoc
2881 4186 3002 4234 est.
3043 4190 3226 4230 causa:
3259 4187 3458 4242 expers
3490 4171 3691 4241 (neque

497 4349 551 4424 9:
589 4347 754 4419 (ΙΙ-ες.
789 4349 1092 4424 Na7._._ora_t.
1123 4353 1217 4415 37;
1246 4354 1406 4422 Greg.
1441 4361 1626 4424 Nyss..
1652 4352 1828 4423 Epist.
1859 4355 1923 4408 ad
1947 4355 2143 4409 Ablab.
2174 4361 2228 4407 ct
2257 4361 2405 4408 orat.
2435 4352 2526 4424 '52:
2603 4351 2850 4424 ’ἤθει-ιιι.
2885 4347 3288 4424 ερίειΔ45.“⁹⁸
3308 4346 3566 4410 Joan.xv,
3601 4346 3685 4399 ll.

416 4419 472 4451 ⁴⁵
512 4417 674 4490 Greg.
706 4417 854 4475 orat.
889 4421 994 4487 29;
1032 4421 1255 4496 Dionys.
1279 4439 1332 4478 c.
1358 4417 1424 4478 ἓὶ.
1461 4417 1534 4480 De
1566 4425 1654 4479 div
1687 4417 1829 4479 itam.
1886 4426 1932 4458 ⁸⁸
1953 4424 2116 4496 Greg.
2146 4425 2280 4478 Nat.
2313 4431 2457 4478 orat.
2488 4423 2577 4476 57.
2654 4421 2698 4453 ⁹⁷
2731 4421 2809 4478 Id.
2839 4417 2980 4474 orat.
3008 4417 3072 4472 19
3098 4426 3151 4471 ει
3177 4417 3266 4471 29.

1982 4577 2212 4634 ΝΟΤιΕ.

498 4669 608 4738 (εδ)
638 4672 742 4736 Εις
796 4669 864 4723 ἐν
905 4671 1118 4724 αἴτιον.
1154 4670 1492 4726 Sicuideliret
1543 4681 1599 4723 ut
1653 4671 1845 4733 Filius,
1891 4679 1997 4726 etc.
2034 4671 2077 4724 D
2109 4669 2238 4722 mini
2265 4667 2393 4723 Jesu
2426 4675 2747 4738 naturarum
2805 4663 3255 4731 conjunctiOnem
3288 4677 3406 4738 eam
3439 4677 3564 4718 esse
3593 4661 3693 4724 ait,

426 4743 552 4794 Haec
577 4743 747 4795 altera
783 4742 925 4796 ratio
951 4749 1056 4804 est,
1089 4756 1156 4794 ex
1209 4742 1376 4796 variis
1409 4740 1685 4810 Tlieologi
1725 4742 1861 4796 locis
1907 4755 1999 4810 pe-

428 4813 546 4893 tita.
579 4820 798 4893 propter
830 4827 993 4893 quam
1026 4819 1141 4893 tres
1191 4825 1438 4893 persona:
1478 4809 1635 4864 unus
1675 4809 1830 4893 Deus
1854 4809 2003 4893 sunt,

427 4887 501 4938 ob
535 4878 798 4935 unitatem
847 4878 1070 4937 scilicet
1129 4878 1404 4949 principii,
1469 4895 1534 4934 cx
1585 4895 1693 4949 quo
1731 4878 1914 4949 Filius,
1952 4888 2007 4933 et

428 4951 671 5021 Spiritus
705 4960 931 5020 sanctus
962 4947 1242 5021 individue
1281 4947 1798 5021 p_rocedutit.:Nant,
1824 4948 2009 5021 ut_iste

427 5018 621 5078 doctor
681 5023 789 5084 ait,
833 5018 942 5075 una
995 5023 1048 5074 in
1098 5018 1548 5079 tribus‘natura,
1607 5019 1748 5074 Deus
1783 5034 1796 5069 :
1835 5018 2008 5072 'va-

428 5109 512 5163 σις
544 5091 601 5145 δὲ
630 5094 660 5145 ό
689 5091 904 5163 Πατὴρ,
951 5091 1012 5155 ἐξ
1056 5086 1148 5163 οῦ-
1183 5090 1279 5144 καὶ
1328 5089 1464 5160 πρὸς
1513 5088 1584 5144 ,ὃν
1627 5089 1890 5163 ἀνάγεται
1938 5087 2008 5141 τὰ

427 5161 579 5232 ἑξῆς,
603 5163 789 5230 copula
827 5160 950 5232 gero
1003 5172 1080 5216 est
1115 5160 1298 5232 Pater,
1333 5175 1398 5215 ea:
1431 5176 1531 5230 quo
1563 5169 1612 5213 ει
1635 5160 1703 5213 ad
1741 5175 1891 5230 quem
1924 5173 2010 5212 re-

427 5230 596 5301 liqua,
635 5232 689 5287 id
718 5241 802 5289 est
826 5230 998 5288 Filius
1023 5241 1078 5286 et
1111 5231 1349 5301 Spiritus
1381 5240 1630 5292 sanctus,
1664 5245 1766 5284 non
1798 5238 1855 5282 ut
1883 5244 2009 5282 con-

427 5302 744 5368 fundantur,
763 5301 852 5356 sed
881 5311 937 5355 ut
963 5301 1296 5365 cohaereant;
1321 5309 1500 5370 utpote
1519 5317 1650 5370 quos
1680 5317 1772 5370 nec
1807 5307 2006 5370 tempus

427 5370 706 5442 disjungit,
739 5389 828 5427 nec
855 5371 1121 5438 voluntas,
1162 5388 1254 5426 nec
1285 5368 1540 5440 potentia.
1563 5381 1691 5435 etc.,
1721 5369 1905 5442 plures
1933 5368 2010 5422 si-

427 5438 653 5511 quidem
681 5443 758 5497 dii
780 5444 1038 5506 i'orent,si
1064 5443 1260 5512 duplex
1285 5438 1646 5512 personarum
1675 5438 2004 5512 principium

428 5503 578 5583 esset
614 5529 628 5566 :
659 5513 756 5568 sed
788 5503 978 5582 ὥσπερ
1012 5503 1107 5582 μία
1130 5503 1305 5583 ἀρχὴς
1325 5512 1522 5581 inquit,
1558 5503 1699 5564 κατά
1737 5503 1894 5562 τοῦτο
1924 5503 2005 5572 εἷς

411 5581 584 5644 θεός.
613 5599 731 5636 eam
761 5585 824 5638 ob
855 5581 964 5637 rem
996 5581 1130 5636 unus
1163 5581 1239 5636 εει
1260 5581 1428 5635 Ὀθιιδ.

502 5652 614 5720 (27)
642 5653 755 5707 Καὶ
783 5654 896 5719 τὴν
918 5653 988 5705 ἐν
1020 5651 1321 5716 ἀλλήλαις
1349 5650 1768 5719 περιχώρησιν.
1831 5648 2000 5720 Atque

431 5739 485 5779 se
512 5717 760 5791 invicem,
789 5717 896 5780 etc.
937 5720 1246 5792 Theologus
1285 5717 1530 5777 intimam
1563 5717 1858 5775 ambarum
1887 5717 2033 5804 ,νυ-ι

2053 5603 2058 5608 ·
2105 5579 2612 5633 commiscerentur.
2633 5574 2751 5640 Qua
2774 5574 2842 5628 de
2877 5569 2935 5626 re
2963 5569 3226 5640 legendus

2108 4750 2166 4792 ut
2208 4739 2262 4792 iu
2298 4754 2421 4793 sese
2453 4745 2648 4791 mutuo
2701 4735 2958 4788 immeent
2993 4743 3046 4787 et
3108 4732 3430 4802 pervadant,
3510 4749 3698 4798 νιρνα-

2108 4809 2286 4878 μένων
2317 4808 2424 4861 τῶν
2457 4805 2719 4878 φύσεων,
2740 4803 2834 4856 καὶ
2879 4803 3305 4878 περιχωρουσῶν
3336 4804 3418 4878 είς
3449 4802 3690 4878 ἀλλήλας

2103 4873 2180 4946 τῷ
2213 4878 2354 4947 λόγῳ
2384 4873 2483 4945 τῆς
2518 4874 2811 4947 συμφυΐας,
2841 4873 3146 4947 centuriatis
3172 4875 3381 4947 naturis
3408 4882 3457 4926 et
3499 4873 3694 4925 arctis-

2104 4945 2253 5002 simw
2281 4945 2664 5017 coniunctionis
2705 4945 2910 5017 ratione
2941 4945 2996 4996 iu
3045 4960 3099 4998 se
3133 4945 3353 5017 invicem
3390 4956 3694 5017 commeaui-

2107 5019 2265 5072 tibus.
2313 5009 2515 5072 vocem
2579 5016 3027 5086 περιχωρήσεως,
3071 5030 3234 5083 quam
3288 5013 3482 5086 Latine
3516 5009 3689 5086 nostri

2108 5077 2666 5143 circumiucessioneui
2711 5077 2952 5144 Vertunt,
2991 5098 3067 5157 εξ
3087 5077 3280 5157 eodem
3329 5081 3556 5134 doctore
3585 5077 3690 5157 Da-

2111 5173 2402 5230 mascenus
2437 5165 2719 5210 mutuatus
2742 5165 2863 5230 est,_
2884 5170 2990 5230 qua
3023 5151 3335 5230 Trinitatis
3355 5162 3614 5230 personas.
3633 5151 3688 5200 in

2109 5243 2170 5284 se
2202 5228 2435 5284 invicem
2470 5240 2694 5281 manere
2754 5221 2978 5294 perinde
3010 5221 3343 5294 signiﬁcaret
3380 5234 3396 5271 :
3436 5221 3492 5272 in
3529 5221 3690 5294 cujus

2108 5297 2656 5368 circumincessionis
2682 5287 2993 5368 exemplum
3051 5287 3431 5368 Nazianzenus
3479 5287 3688 5368 profert

2109 5369 2368 5424 unionem
2400 5367 2621 5430 mentis,
2662 5361 3045 5435 cogita—tionis.
3088 5369 3143 5415 et
3162 5361 3384 5435 animm,
3418 5372 3540 5428 qtuc
3565 5361 3689 5412 sine

2109 5440 2216 5493 ulla
2241 5438 2511 5494 divisione
2537 5429 2658 5492 sese
2693 5429 2904 5494 m‘utuo,
2944 5439 3001 5485 ut
3034 5431 3105 5482 ita
3143 5429 3344 5489 dicam,
3375 5437 3685 5496 penetrant,

2105 5507 2295 5564 Simile
2351 5506 2496 5562 aliud
2528 5505 2754 5560 adducit
2801 5501 3034 5571 triplicis
3061 5499 3218 5560 solis.
3274 5494 3507 5621 Ἑιοισιιιιι
3550 5494 3686 5550 radii

2105 5579 2612 5621 rnmmianerenlur-
2633 5574 2751 5621 Ona
2774 5574 2842 5621 de
2877 5586 2935 5621 re
2963 5569 3226 5621 legendus
3335 5569 3682 5621 ionvsiaster.

3336 5569 3682 5640 iouysiaster.

2104 5665 2227 5730 cap.
2270 5649 2305 5702 ‘2
2335 5646 2413 5701 De
2439 5647 2544 5700 diu.
2593 5659 2734 5698 nam.
