4104 6148
392 340 491 406 Sil

1464 347 1562 407 DE
1593 343 1772 409 FIDE
1812 350 2270 412 ORTHODOXA
2308 354 2454 414 LIB.
2493 355 2548 414 I.

3523 357 3630 423 842

460 455 806 527 Διακέκριται
863 457 920 511 6's
964 456 1065 510 ὅσα
1114 454 1215 527 τῆς
1254 455 1405 521 θείας
1442 460 1539 511 καὶ
1573 459 1956 533 φιλανθρώπου

2135 464 2268 530 Qum
2312 465 2381 518 ad
2417 464 2852 523 Incarnationem
2912 471 3169 539 pertinent
3207 471 3436 525 discreta
3479 480 3627 540 sunt,

391 545 484 600 τοῦ
509 545 654 599 θείου
683 545 856 614 Λόγου
897 544 1248 616 σαρκώσεως.
1303 546 1393 600 Ἐν
1425 548 1638 612 τούτοις
1680 549 1790 621 γὰρ
1833 549 1956 604 οὐτε

389 641 418 690 ὁ
449 638 658 709 Πατὴρ,
685 636 809 690 οὔτε
841 637 902 690 τὸ
929 636 1174 707 Πνεῦμα,
1207 638 1328 692 κατ’
1347 640 1537 694 οὐδένα
1572 640 1730 709 λόγον
1772 658 1956 695 κεκοι-

391 728 656 798 νώνηκεν,
683 729 731 780 εί
765 727 838 798 μὴ
869 728 990 781 κατ’
1014 729 1284 792 εὐδοκίαν,
1313 729 1408 782 καὶ
1435 733 1577 784 κατὰ
1597 730 1696 802 τὴν
1719 731 1958 803 ἇρῤητον

391 815 857 887 θαυματουργίαν,
876 816 943 886 ἢν
967 817 1060 869 καὶ
1087 817 1208 870 καθ’
1225 818 1374 888 ἡμᾶς
1391 818 1677 888 ἄνθρωπος
1720 829 1742 857 ι’
1771 821 1800 874 ὁ
1826 819 1958 883 Θεὸς

389 907 562 974 Λόγος
613 905 901 976 γενόμενος
945 905 1230 980 εἰργάζετο
1253 951 1268 977 ,
1299 908 1374 974 ὠς
1406 909 1767 975 ἀναλλοίωτος
1823 911 1956 974 Θεὸς

392 999 486 1052 καὶ
509 996 642 1050 Θεοῦ
676 998 826 1062 Υἱός.

2065 571 2126 608 ac
2176 555 2337 610 solius
2365 553 2518 611 Filii.
2539 587 2610 596 —
2633 558 2900 614 Distincta
2949 569 3130 616 autem
3160 570 3287 616 sunt
3319 571 3484 632 atque
3511 562 3629 618 dis-

2065 655 2212 701 creta
2252 661 2315 702 ea
2367 648 2552 702 omnia
2583 663 2704 718 quae
2737 650 2804 705 ad
2851 651 3092 705 divinam
3153 652 3630 720 benignissi‘mam-

2063 751 2171 805 que
2207 751 2335 807 erga
2371 738 2624 793 homines
2669 739 2768 794 Dei
2806 739 2972 795 Verbi
3029 743 3461 798 incarnationem
3499 756 3630 811 per-

2061 829 2260 883 tinent.
2284 830 2341 884 In
2375 830 2462 886 his
2497 833 2646 908 enim
2680 833 2843 888 nulla:
2891 835 3116 890 omnino
3156 835 3341 890 Patris
3364 841 3419 890 et
3448 833 3625 904 Spiri-

2059 923 2152 971 tus
2213 917 2390 972 sancti
2446 928 2633 988 partes
2683 921 3034 988 exstiterunt,
3072 921 3182 977 nisi
3233 921 3413 992 quoad
3464 921 3629 975 bene-

2070 1002 2331 1072 placitum
2365 1005 2584 1069 attinet,
2633 1011 2800 1074 atque
2840 1006 2906 1061 ad
2959 1021 3023 1062 ea
3056 1007 3210 1062 omni
3241 1021 3495 1063 sermone
3535 1023 3629 1062 su-

393 1089 608 1159 periora
641 1089 929 1158 miracula,
956 1104 1080 1164 quae
1108 1089 1254 1149 Deus
1288 1091 1528 1149 Verbum
1560 1091 1720 1150 nobis
1787 1094 1984 1151 similis
2055 1095 2222 1150 homo
2275 1095 2479 1160 factus,
2535 1104 2595 1152 ut
2649 1097 3125 1155 incommutabilis
3185 1098 3354 1168 Deus,
3417 1097 3627 1168 Deique

393 1183 564 1240 Filius
593 1185 792 1240 edebat
827 1186 893 1240 ¹².

963 1281 1213 1338 ΚΕΦΑΛ.
1266 1284 1370 1338 ΙΑ’.

496 1368 634 1437 Περὶ
663 1368 781 1425 τῶν
807 1372 1155 1440 σωματικῶς
1187 1373 1286 1426 ἐπὶ
1319 1374 1466 1428 Θεοῦ
1493 1374 1850 1444 λεγομένων.

476 1460 628 1513 Ἐπεὶ
657 1461 714 1514 δὲ
753 1462 977 1517 πλεῖστα
1003 1465 1131 1535 περὶ⁵
1157 1465 1291 1518 Θεοῦ
1323 1464 1779 1535 σωματικώτερον
1808 1466 1956 1535 ἐνπῇ

393 1547 512 1621 θείᾳ
542 1551 732 1622 Γραφῇ
765 1553 1112 1622 συμϐολικῶς
1143 1555 1409 1626 εἰρημένα
1445 1555 1793 1626 εὑρίσκομεν,
1819 1555 1958 1608 εἰδέ-

392 1655 480 1691 ναι
509 1640 638 1710 χρὴ,
690 1640 764 1704 ὡς
797 1641 1118 1714 ἀνθρώπους
1163 1644 1322 1707 ὄντας
1364 1645 1534 1715 ἡμᾶς,
1574 1646 1668 1698 καὶ
1715 1645 1777 1698 τὸ
1808 1644 1955 1715 παχὺ

2705 1276 2857 1332 CAP.
2892 1275 2986 1332 XI.

2163 1372 2241 1426 De
2277 1373 2357 1426 his
2401 1386 2516 1441 qua:
2545 1369 2699 1425 modo
2726 1384 2982 1438 corporeo
3018 1370 3084 1424 de
3114 1369 3220 1426 Deo
3252 1371 3521 1429 dicuntur.

2131 1463 2406 1530 Quoniam
2460 1469 2642 1516 autem
2693 1461 2935 1531 plurima
2978 1461 3046 1515 de
3116 1459 3247 1528 Deo,
3303 1465 3629 1532 corporibus

2061 1553 2206 1609 aliini
2239 1552 2478 1623 quadam
2530 1551 2742 1606 ratione
2769 1552 2824 1604 in
2855 1550 3036 1605 sacris
3067 1547 3296 1606 Litteris
3328 1553 3630 1622 symbolice

2063 1659 2129 1701 ac
2158 1659 2253 1714 per
2297 1644 2526 1712 ﬁguram
2573 1641 2721 1696 dicta
2772 1642 3112 1712 reperimus;
3155 1641 3290 1696 illud
3335 1658 3630 1699 noscamus

391 1729 549 1782 τοῦτο
578 1731 796 1801 σαρκίον
825 1733 1261 1804 περικειμένους,
1289 1734 1388 1796 τὰς
1414 1734 1582 1799 θείας,
1607 1737 1701 1790 καὶ
1725 1735 1954 1805 ὑψηλὰς,

2061 1741 2302 1808 oportet,
2342 1733 2457 1789 fieri
2500 1747 2612 1788 non
2655 1747 2837 1800 posse,
2874 1740 2935 1786 ut
2972 1747 3078 1788 nos
3121 1733 3213 1804 qui
3254 1735 3509 1790 homines
3535 1749 3630 1790 su-

393 1823 490 1874 καὶ
526 1823 724 1887 ἁΰλους
766 1823 867 1894 τῆς
896 1824 1161 1896 Θεότητος
1202 1826 1492 1898 ἐνεργείας
1541 1829 1681 1881 νοεῖν
1713 1826 1746 1897 ἦ
1781 1826 1960 1895 λέγειν

393 1913 670 1981 ἀδύνατον,
703 1916 751 1968 εί
775 1917 847 1987 μὴ
879 1917 1048 1971 εἰκόσι
1077 1919 1173 1972 καὶ
1199 1917 1392 1982 τύποις
1416 1917 1510 1972 καὶ
1540 1918 1826 1989 συμϐόλοις
1849 1920 1961 1982 τοῖς

395 2005 516 2056 καθ’
535 2007 681 2076 ἡμᾶς
712 2007 1054 2078 χρησαίμεθα
1079 2017 1127 2064 ³.
1159 2010 1300 2064 Ὅσα
1318 2009 1498 2062 τοίνυν
1541 2010 1671 2080 περὶ
1695 2008 1830 2064 Θεοῦ
1856 2026 1959 2062 σω-

394 2096 764 2168 ματικώτερον
801 2100 1037 2172 εἴρηται,
1085 2101 1431 2170 συμϐολικῶς
1476 2102 1591 2154 ἐστι
1620 2101 1955 2171 λελεγμέναο

390 2185 502 2254 ἔχει
547 2187 600 2240 δὲ
644 2189 979 2261 ὑψηλοτέραν
1021 2191 1290 2246 διάνοιαν·
1329 2191 1530 2247 ἁπλοῦν
1567 2192 1675 2262 γὰρ
1707 2192 1770 2246 τὺ
1808 2191 1958 2245 Θεῖον

390 2277 484 2328 καὶ
523 2278 949 2349 ἀσχημάτιστον.
993 2281 1334 2353 Ὀφθαλμούς
1375 2282 1473 2352 μὲν
1505 2279 1598 2336 οὖν
1634 2279 1770 2334 Θεοῦ
1795 2319 1811 2348 ,
1865 2283 1959 2334 καὶ

391 2366 651 2436 βλέφαρα,
710 2369 804 2422 καὶ
836 2372 1048 2442 ὅρασιν,
1099 2373 1193 2426 καὶ
1223 2373 1321 2442 τὴν
1360 2373 1612 2428 ἁπάντων
1656 2371 1957 2442 ἐποπτικὴν

388 2457 552 2510 αὐτοῦ
583 2458 830 2530 δύναμιν,
859 2461 952 2513 καὶ
982 2462 1042 2514 τὸ
1075 2462 1343 2532 ἀλάθητον
1369 2463 1466 2534 τῆς
1509 2462 1676 2516 αὐτοῦ
1703 2462 1957 2531 γνώσεως

389 2547 748 2620 ἐννοήσωμεν,
774 2551 882 2604 ἀπὸ
908 2551 1002 2605 τοῦ
1032 2553 1162 2625 παρ’
1193 2556 1325 2624 ἡμῖν
1367 2553 1456 2607 διὰ
1499 2553 1704 2622 ταύτης
1745 2556 1845 2624 τῆς
1872 2553 1957 2606 ai-

391 2637 634 2709 σθήσεως
686 2641 1070 2714 ἐντελεστέραν
1121 2643 1322 2713 γνῶσίν
1355 2659 1414 2695 τε
1443 2644 1537 2696 καὶ
1577 2641 1952 2713 πληροφορίαν

391 2730 718 2798 ἐγγίνεσθαι.
752 2728 890 2786 Ὦτα
927 2734 983 2787 δέ
1021 2735 1116 2788 καὶ
1156 2734 1348 2806 ἀκοὴν,
1391 2734 1453 2787 τὸ
1487 2733 1828 2801 ἐξιλεωτικδν
1861 2734 1958 2786 αὐ-

390 2821 506 2883 τοῦ,
536 2822 629 2874 καὶ
679 2823 775 2892 τῆς
805 2823 1078 2895 ἡμετέρας
1118 2825 1364 2879 δεκτικὸν
1393 2825 1648 2897 δεήσεως.
1689 2826 1799 2880 Καὶ
1845 2826 1956 2896 γὰρ

393 2912 552 2981 ἡμεῖς
579 2915 691 2976 τοῖς
718 2913 816 2977 τὰς
839 2912 1047 2980 ἱκεσίας
1088 2917 1450 2988 ποιουμένοις,
1486 2918 1573 2972 διὰ
1603 2918 1803 2988 ταύτης
1857 2918 1956 2988 τῆς

395 3005 697 3072 αἰσθήσεως
747 3006 993 3074 εὐμενεῖς
1041 3007 1324 3078 γινόμεθα,
1366 3009 1731 3078 γνησιώτερον
1771 3010 1956 3071 αὐτοῖς

2063 1844 2208 1892 mus,
2241 1839 2543 1896 crassaque
2589 1838 2760 1879 carne
2803 1824 3154 1887 involvimur.
3217 1824 3432 1882 divinas
3481 1825 3625 1885 illas.

2057 1928 2114 1974 et
2152 1917 2435 1982 excelsas;
2487 1913 2987 1982 immaterialesque
3032 1913 3351 1971 Divinitatis
3382 1914 3628 1978 actiones

2060 2008 2435 2078 intelligamus
2469 2019 2533 2059 ac
2564 2017 2820 2059 sermone
2853 2003 3307 2073 complectamur,
3348 2005 3456 2060 nisi
3495 2004 3630 2075 figu-

2059 2098 2138 2152 ris
2180 2103 2235 2151 et
2286 2092 2643 2164 imaginibus,
2689 2091 2976 2161 signisque
3018 2100 3232 2146 naturae
3261 2102 3464 2148 nostrae
3491 2109 3627 2148 con-

2059 2186 2336 2243 sentaneis
2366 2193 2589 2240 utamur
2625 2184 2688 2240 ¹³.
2729 2182 3004 2250 Quocirca
3037 2199 3101 2239 ea
3137 2184 3323 2240 omnia
3349 2197 3472 2255 qua:
3509 2201 3630 2242 cor-

2059 2291 2224 2348 porca
2278 2276 2365 2331 vel
2415 2273 2698 2345 paululum
2755 2274 2976 2328 ratione
3035 2275 3103 2329 de
3167 2275 3276 2330 Deo
3335 2276 3626 2333 enuntiata

2059 2377 2208 2436 sunt,
2243 2368 2472 2439 figurate
2501 2366 2646 2422 dicta
2682 2377 2832 2430 sunt,
2881 2365 3246 2437 altioremque
3274 2381 3498 2424 sensum
3539 2369 3627 2424 in-

2056 2460 2325 2516 cludunt:
2384 2459 2590 2529 quippe
2637 2472 2764 2512 cum
2830 2457 2976 2513 Deus
3035 2458 3274 2529 simplex
3333 2459 3627 2530 omnisque

2057 2553 2246 2622 figurae
2283 2565 2481 2620 expers
2511 2549 2770 2606 exsistat.
2824 2546 2998 2620 igitur
3049 2564 3147 2620 per
3173 2548 3386 2616 oculos,
3429 2559 3484 2606 et
3511 2553 3626 2620 pal-

2056 2646 2278 2716 pebras,
2309 2645 2601 2713 visumque
2631 2642 2751 2707 Dei,
2790 2642 2899 2696 vim
2945 2641 3122 2710 ipsius
3159 2656 3342 2698 rerum
3376 2643 3624 2697 omnium

2058 2733 2468 2804 inspectricem,
2500 2740 2666 2802 atque
2693 2728 2967 2801 ejusmodi
3009 2731 3380 2802 cognitionem
3420 2729 3626 2786 intelli-

2057 2840 2270 2897 gamus,
2301 2837 2465 2894 quam
2495 2838 2584 2878 res
2617 2822 2766 2877 nulla
2800 2820 2972 2893 fugiat
3005 2842 3017 2878 :
3049 2830 3110 2878 ut
3130 2823 3393 2878 nimirum
3425 2837 3624 2879 sensus

2057 2916 2368 2973 ministerio
2396 2915 2692 2987 perfectior
2729 2915 2892 2970 nobis
2932 2923 3095 2985 atque
3142 2913 3351 2971 certior
3380 2914 3624 2986 cognitio

2060 3007 2304 3065 accedat.
2330 3006 2434 3062 Per
2463 3020 2626 3062 aures
2657 3012 2711 3062 et
2732 3006 2978 3061 auditum
3033 3005 3210 3077 ipsius
3243 3005 3310 3060 ad
3339 3005 3627 3077 ignoscen-

395 3094 452 3146 τὸ
480 3091 571 3156 οὖς
605 3094 991 3158 ἐπικλίνοντες.
1026 3096 1208 3166 Στόμα
1236 3097 1292 3150 δὲ
1338 3099 1432 3150 καὶ
1462 3098 1668 3161 λαλιὰν,
1703 3099 1763 3151 τδ
1791 3098 1956 3152 ἐνδει-

2061 3100 2190 3156 dum
2241 3098 2666 3171 propensionem
2720 3097 2874 3170 145
2945 3106 3109 3169 atque
3163 3098 3222 3154 in
3282 3096 3627 3166 exeipiendis

394 3181 580 3233 κτικὸν
612 3181 711 3251 τῆς
743 3181 1049 3251 βουλήσεως
1083 3183 1270 3247 αὐτοῦ,
1303 3185 1369 3236 ἐκ
1405 3185 1500 3237 τοῦ
1539 3187 1668 3256 παρ’
1695 3187 1826 3256 ἡμῖν
1869 3186 1959 3241 διὰ

397 3274 661 3342 στόματος
690 3275 783 3327 καὶ
811 3273 999 3336 λαλιᾶς
1030 3275 1390 3347 σημαίνεσθαι
1422 3275 1492 3329 τὰ
1538 3277 1800 3348 ἐγκάρδια
1831 3279 1958 3348 νοή-

398 3379 562 3432 ματα.
619 3365 828 3433 Βρῶσιν
860 3364 916 3418 δέ
957 3367 1050 3418 καὶ
1085 3366 1264 3431 πόσιν,
1299 3366 1400 3438 τὴν
1431 3366 1707 3436 ἡμετέραν
1737 3367 1873 3437 πρὸς
1901 3369 1960 3421 τὸ

396 3454 558 3506 αὐτοῦ
593 3455 805 3527 θέλημα
863 3458 1187 3528 συνδρομήν.
1223 3459 1335 3512 Καὶ
1385 3458 1494 3529 γὰρ
1547 3459 1834 3530 ήμεῖς,διὰ
1862 3460 1960 3529 τῆς

397 3546 690 3616 γευστικῆς
720 3547 1143 3620 αἰσθήσεως,τὴν
1167 3549 1268 3618 τῆς
1297 3550 1510 3617 φύσεως
1537 3550 1958 3620 ἀναπληροῦμεν

398 3636 698 3703 ἀναγκαίαν
725 3636 920 3708 ὄρεξιν.
957 3639 1260 3710 Ὅσφρησιν
1279 3640 1356 3706 δέ,
1383 3640 1444 3693 τὸ
1469 3640 1842 3694 ἀποδεικτικὸν
1861 3642 1959 3710 τῆς

400 3728 533 3796 προς
563 3728 724 3780 αὐτὸν
777 3729 1005 3795 ἐννοίας,
1061 3729 1155 3783 καὶ
1182 3729 1412 3793 ἐννοίας,
1459 3731 1524 3782 ἐκ
1552 3729 1644 3783 τοῦ
1677 3730 1808 3800 παρ’
1829 3732 1959 3801 ἡμῖν

395 3815 480 3869 διὰ
509 3815 710 3886 ταύτης
734 3818 833 3886 τῆς
861 3817 1288 3888 αἰσθήσεως,τὴν
1318 3819 1416 3888 τῆς
1439 3817 1668 3878 εὐωδίας
1688 3817 1957 3888 ἀποδοχὴν

397 3906 726 3974 ἐγγίνεσθαι.
748 3908 1039 3979 Πρὸσωπον
1068 3907 1146 3974 δὲ,
1178 3910 1276 3974 τὴν
1296 3908 1361 3961 δι’
1393 3907 1568 3978 ἔργων
1589 3907 1754 3960 αὐτοῦ
1791 3907 1958 3962 ἐνδει-

399 3997 478 4061 ξίν
511 4014 570 4049 τε
600 3998 692 4050 καὶ
746 3998 1140 4066 ἐμφάνειαν,ὲκ
1189 3997 1284 4050 τοῦ
1338 3998 1436 4066 τὴν
1465 3998 1742 4069 ἡμετέραν
1779 3999 1958 4068 ἐμφά-

397 4107 544 4143 νειαν
566 4089 654 4142 διὰ
688 4088 978 4162 προσώπου
1010 4089 1492 4159 γίνεσθαι.Χείρας
1524 4088 1603 4153 δὲ,
1650 4089 1711 4142 τὸ
1743 4091 1958 4145 ἀνυστι-

2061 3189 2319 3260 precibus
2366 3189 2574 3245 nostris
2611 3189 3029 3260 benignitatem.
3070 3185 3323 3242 Solemus
3362 3187 3506 3242 enim
3532 3200 3628 3256 per

2063 3281 2209 3336 hunc
2237 3296 2461 3337 sensum
2501 3281 2570 3336 iis
2613 3281 2707 3350 qui
2759 3280 2920 3336 nobis
2957 3278 3235 3349 supplices
3284 3284 3436 3340 sunt,
3469 3277 3628 3331 mites

2063 3389 2164 3429 nos
2193 3373 2493 3444 facilesque
2542 3373 2829 3444 praebere;
2885 3369 3182 3440 benignius
3232 3366 3486 3423 videlicet
3531 3380 3629 3421 au-

2063 3478 2176 3518 rem
2206 3462 2340 3531 ipsis
2383 3465 2758 3518 admoventes.
2800 3459 2902 3515 Per
2928 3474 2990 3514 os
3028 3473 3093 3513 ac
3137 3458 3487 3522 locutionem,
3527 3472 3626 3511 vo-

2065 3553 2292 3608 luntatis
2343 3553 2518 3622 ipsius
2569 3553 2998 3608 declarationem
3047 3550 3376 3620 accipimus.
3412 3548 3628 3618 Quippe

2063 3659 2166 3700 nos
2193 3659 2410 3714 quoque
2443 3643 2629 3698 abdita
2669 3641 2858 3697 cordis
2904 3654 3068 3696 sensa
3104 3655 3200 3709 per
3229 3655 3291 3695 os
3320 3646 3375 3694 et
3413 3652 3625 3695 sermo-

2063 3750 2185 3790 nem
2219 3735 2544 3805 promimus.
2578 3731 2685 3788 Per
2720 3731 2902 3788 cibum
2952 3741 3009 3786 et
3056 3739 3264 3800 potum,
3313 3737 3627 3800 promptum

2063 3832 2315 3881 nostrum
2366 3825 2435 3880 ad
2491 3825 2834 3879 voluntatem
2895 3835 3209 3877 accessum.
3257 3819 3474 3875 Etenim
3527 3831 3628 3874 nos

2065 3930 2284 3986 quoque
2327 3915 2703 3971 necessarium
2749 3924 2959 3968 naturae
3016 3912 3314 3982 appetitum
3344 3910 3629 3980 explemus

2066 4022 2163 4076 per
2209 4015 2404 4078 gustus
2448 4021 2693 4062 sensum.
2730 4003 2833 4060 Per
2863 4004 3148 4067 olfactum,
3197 4003 3308 4080 vim
3344 4016 3486 4066 eam,
3519 4014 3627 4070 qua

2065 4097 2451 4168 cegitationem
2528 4111 2594 4152 ac
2659 4095 3100 4152 benevolentiam
3170 4099 3387 4166 gratam
3469 4105 3630 4144 acce-

469 4272 511 4301 “
543 4266 848 4341 Greg.Naz.
872 4274 1008 4322 orat.
1038 4267 1140 4335 2i;
1175 4267 1399 4338 Dionys.
1432 4283 1481 4322 c.
1503 4266 1539 4319 2
1561 4268 1632 4323 De
1662 4271 1768 4323 diu.
1796 4285 1937 4325 nom.
2015 4271 2060 4303 ¹³
2085 4270 2304 4344 Dionys.
2337 4287 2386 4328 c.
2413 4273 2436 4326 1
2478 4272 2551 4327 De
2577 4273 2683 4327 div.
2717 4289 2858 4327 nam.
2885 4280 2941 4326 et
2973 4285 3094 4340 cap.
3123 4271 3204 4325 15.
3249 4269 3326 4322 De
3355 4266 3469 4322 eaet.
3496 4267 3630 4320 Itier.

1693 4420 1929 4476 VARUE
1969 4416 2376 4477 LECTIONES.

469 4579 746 4647 l'Quidam
778 4578 1000 4649 codices
1045 4593 1156 4633 non
1190 4577 1390 4649 habent
1430 4575 1737 4649 ἄνθρωπος,
1798 4591 1896 4632 nec
1936 4576 2133 4648 legitur
2158 4577 2299 4646 apud
2331 4576 2555 4647 Dionys.
2603 4578 2700 4632 lib.
2736 4576 2810 4631 De
2856 4577 2963 4634 div.
3019 4593 3185 4643 non,
3247 4592 3312 4633 ex
3359 4592 3469 4649 quo
3523 4577 3636 4634 haec

393 4645 701 4722 desumpta.
779 4661 799 4687 ε
834 4648 985 4702 Multi
1044 4649 1164 4703 cod.
1209 4646 1274 4700 lt.
1331 4645 1683 4717 χρησώμεθα.

1896 4735 2124 4793 NOTJE.

397 4881 512 4921 esse
541 4864 940 4934 operationem,
973 4861 1119 4914 aliud
1147 4858 1367 4934 idquod
1397 4864 1676 4934 operatur,
1714 4863 1767 4934 et
1807 4857 1952 4912 aliud
1991 4866 2034 4920 ι)
2060 4874 2259 4934 corpus
2291 4858 2612 4912 ornabatur.
2656 4857 2747 4912 Sic
2784 4858 2994 4934 divina“
3011 4857 3366 4934 charismata,
3396 4871 3633 4927 quorum

398 4937 538 5005 quod
561 4927 1094 5005 efﬁcitur,observat
1128 4931 1190 5005 τὸ
1212 4929 1510 5005 ἐνέργημα,
1536 4928 1653 4981 sive
1683 4927 1955 5005 effectum,

401 4997 539 5072 quod
560 5006 770 5059 actione
800 5003 982 5057 divina
1011 4997 1349 5072 producitur,
1396 4997 1608 5072 necnon
1641 4997 1960 5072 relationem

403 5066 507 5141 qua
537 5075 589 5126 id
635 5075 870 5128 refertur
896 5072 964 5125 ad
1001 5066 1190 5135 Deum,
1227 5069 1390 5141 rebus
1419 5066 1634 5141 creatis
1655 5067 1960 5128 accenscri,

403 5137 529 5208 quia
578 5151 698 5194 sunt
743 5152 900 5197 extra
948 5141 1163 5196 Deum:
1220 5145 1274 5192 at
1328 5138 1584 5191 virtutem
1624 5137 1797 5204 ipsam
1855 5150 1961 5205 qua

405 5207 547 5262 Deus
578 5212 686 5278 agit
727 5220 779 5266 et
798 5213 918 5279 ejus
943 5211 1211 5265 actionem
1246 5207 1388 5262 idem
1428 5220 1826 5279 esseprorsus,
1862 5219 1961 5260 nec

404 5280 474 5334 ab
497 5276 876 5347 ejus—essentia
929 5281 1130 5343 dirimi,
1182 5280 1306 5331 licet
1346 5279 1400 5329 in
1441 5276 1600 5347 nobis
1631 5276 1958 5347 discrepent.

401 5343 829 5416 Nec'quisquam
863 5350 1081 5417 objiciat
1105 5350 1499 5402 Damascenum
1523 5345 1577 5398 in
1601 5359 1867 5417 sermone,
1885 5343 1962 5398 De

402 5419 888 5485 (rans/iguratione,
913 5415 1088 5472 lumen
1118 5435 1226 5488 quo
1259 5418 1469 5469 Domini
1494 5430 1694 5488 corpus
1729 5415 1966 5488 resplen~

401 5489 538 5551 duit,
566 5482 836 5555 appellare
864 5487 977 5552 φῶς
1005 5482 1272 5551 ἄκτιστον,
1293 5489 1466 5540 lumen
1486 5482 1799 5537 incfeatum.
1828 5482 1964 5555 _N_am

402 5557 549 5613 aliud
589 5553 772 5611 lumen
812 5571 922 5625 non
960 5556 1226 5623 significat
1258 5564 1453 5625 praeter
1501 5553 1966 5625 ipsummetrVer-

399 5643 548 5690 num,
572 5627 714 5696 quod
739 5632 816 5679 est
849 5624 939 5677 tua:
968 5641 1084 5677 vera
1108 5623 1418 5696 illuminans
1444 5623 1647 5696 omnem
1678 5623 1962 5696 hominem,

398 5693 620 5769 propter
646 5697 804 5761 cujus
845 5696 1204 5763 przesentiam,
1256 5694 1461 5764 ingenti
1520 5693 1724 5749 lumine
1761 5693 1966 5748 Christi

710 5789 978 5850 PATROL.
1016 5787 1124 5848 Gn.
1149 5783 1347 5848 XCIV.

2065 4927 2301 4998 Spiritus
2331 4937 2554 4998 sanctus
2588 4937 2782 4982 auctor
2815 4937 2922 4992 est,
2961 4927 3201 4998 Spiritus
3232 4936 3457 4983 sanctus
3495 4943 3638 4998 nun-

2063 4997 2353 5067 cupantur.
2407 4997 2762 5053 Palamiticus
2814 4997 3016 5065 error,’
3048 4999 3207 5068 cujus
3253 5005 3448 5052 auctor
3500 4997 3634 5068 olim

2065 5065 2244 5124 fuerat
2281 5068 2500 5120 Simeon
2532 5070 2640 5134 ille,
2676 5085 2836 5138 quem
2861 5065 3139 5123 Junioreni
3169 5069 3463 5136 theologum
3489 5065 3638 5138 voci-

2064 5146 2272 5197 tarunt,
2294 5139 2627 5207 proscriptus
2659 5133 2896 5209 primum
2927 5140 3029 5193 fuit
3069 5140 3252 5209 multis
3281 5133 3637 5209 in'synodis:

2064 5202 2310 5280 postliac'
2325 5223 2450 5261 vero
2480 5202 2814 5278 a'pprobatus
2832 5218 2935 5272 est,
2968 5208 3269 5278 praesertim
3322 5204 3380 5258 in
3406 5202 3637 5272 synodo

2063 5293 2230 5349 quam
2258 5285 2496 5349 octavam
2537 5280 2830 5349 generalem
2866 5285 3206 5349 nuncupant,
3234 5281 3469 5349 prome;
3496 5285 3636 5338 qua-

2069 5338 2194 5423 t'uor
2222 5338 2588 5423 patriarchas,
2608 5351 2700 5417 qui
2727 5347 3038 5423 adfuerunt.
3058 5338 3126 5423 'l_u
3149 5338 3379 5423 concilio
3398 5338 3631 5423 _Floren-

2071 5421 2194 5472 tino
2223 5414 2406 5471 Latini
2443 5419 2511 5486 de
2537 5414 2776 5472 essentia
2806 5424 2860 5472 et
2887 5416 3206 5486 operatione
3234 5414 3512 5479 disputare
3542 5424 3638 5486 vo_-

2065 5491 2290 5543 luerunt
2322 5503 2446 5558 cum
2479 5485 2703 5550 Grazcis,
2735 5488 2829 5556 qui
2861 5482 3120 5558 id'i'aeere
3151 5484 3547 5558 detrectarunt,
3578 5482 3636 5558 τὸ

2065 5559 2121 5612 δὲ
2149 5559 2278 5628 περὶ
2313 5557 2499 5619 οὐσίας
2543 5560 2639 5612 καὶ
2683 5548 2962 5625 ἐνεργείας
3011 5552 3120 5604 οὐδ’
3161 5551 3298 5614 ὅλως
3340 5548 3632 5618 ἀπολογοῦ·

2072 5629 2230 5699 μεθα.

3126 5779 3194 5838 27
