4104 6148
457 325 564 391 Βίῖι

1656 321 1714 380 S.
1751 317 2057 382 JOANNIS
2098 320 2558 389 DAMASCENI;

3631 329 3767 393 8H

462 455 722 515 piamque
751 437 937 494 habet.
991 430 1272 502 Siquidem
1297 438 1351 487 et
1385 445 1484 487 nos
1518 431 1750 487 odorum
1784 432 2034 503 fragran-

2151 436 2236 489 κδν
2263 435 2364 506 τῆς
2384 436 2663 505 ἐνεργείας
2693 435 2880 492 αὑτοῦ.
2899 437 3010 491 Καὶ
3038 437 3145 510 γὰρ
3175 438 3337 509 ἡμεῖς
3368 437 3435 490 τὰ
3464 440 3760 508 χρειώδη⁹

459 536 593 589 tiam
655 548 749 604 per
802 530 948 583 hunc
998 539 1222 581 sensum
1285 525 1615 597 excipimus.
1663 525 1767 582 Per
1812 526 2033 593 l‘aciem,

462 625 638 696 ipsius
669 636 765 692 per
791 632 958 689 opera
983 617 1509 674 demonstrationem
1541 632 1606 673 ac
1632 619 2033 675 ostensionem.

462 717 693 786 Quando
734 713 956 784 quidem
1020 725 1123 766 nos
1172 724 1392 781 quoque
1420 725 1487 766 ex
1518 711 1672 765 vultu
1699 726 1909 781 oreque
1938 725 2037 782 pa-

462 813 570 864 lam
625 804 1024 877 dignoscimur.
1087 801 1191 857 Per
1247 817 1466 869 manus,
1533 802 1807 857 actionem
1863 801 2037 869 illam,

462 916 570 973 qua
597 912 764 969 opera
794 911 894 953 sua
917 894 1181 950 absolvit.
1220 895 1359 948 Nam
1393 908 1496 948 nos
1535 893 1703 948 etiam
1735 893 2037 948 utilissima

461 1007 693 1065 quaeque
723 998 776 1045 ct
813 986 1272 1059 praestantissima
1326 998 1493 1055 opera
1531 985 1742 1040 nostris
1776 983 2040 1038 manibus

462 1086 747 1144 eiiicimus.
768 1081 879 1137 Per
905 1081 1208 1145 dexteram,
1244 1078 1424 1149 ipsius
1459 1078 1514 1132 in
1564 1079 1733 1133 rebus
1777 1076 2039 1135 secundis

461 1194 621 1250 opem
661 1185 717 1232 et
749 1175 1056 1238 auxilium;
1098 1187 1163 1228 ex
1194 1186 1259 1227 eo
1294 1186 1491 1242 nempe
1521 1170 1669 1241 quod
1705 1186 1807 1228 nos
1855 1171 1909 1225 in
1946 1186 2037 1226 re-

462 1271 566 1326 bus
635 1267 1062 1339 iusignioribus,
1116 1272 1351 1335 qumque
1438 1262 1744 1329 plurimum
1819 1261 2040 1316 roboris

465 1360 773 1431 requirunt,
815 1357 1010 1412 dextra
1075 1353 1261 1426 potius
1313 1352 1528 1406 utimur
1578 1365 1767 1404 manu.
1823 1346 1928 1405 Per
1959 1359 2041 1404 ta-

465 1461 637 1516 ctum,
670 1449 1040 1507 certissimam
1090 1445 1267 1516 ipsius
1311 1442 1812 1497 minutissimarum
1849 1455 1915 1495 ac
1949 1455 2041 1495 oc-

465 1544 899 1601 cultissimarum
961 1552 1144 1594 rerum
1196 1535 1639 1605 explorationem
1680 1542 1735 1587 et
1790 1533 2039 1589 exactio-

466 1649 639 1688 nem:
697 1630 770 1687 ob
832 1629 888 1683 id
935 1627 1170 1694 scilicet,
1251 1624 1397 1695 quod
1456 1624 1536 1678 illi
1596 1637 1840 1694 quoque,
1899 1637 2040 1692 quos

466 1730 898 1785 eontrectamus,
953 1719 1092 1773 nihil
1136 1718 1193 1772 in
1225 1733 1285 1774 se
1335 1718 1619 1773 occultare
1670 1726 1900 1788 queant.
1936 1718 2039 1773 Per

2143 529 2238 581 καὶ
2269 528 2503 597 μάλιστα
2535 527 2837 601 τιμιώτερα
2863 529 2953 583 διὰ
3001 529 3110 583 τῶν
3142 530 3366 583 οἰκείων
3427 532 3767 604 κατορθοῦ-

2145 636 2245 690 μεν
2270 619 2490 689 χειρῶν.
2535 620 2727 688 Δεξιάν
2778 621 2859 686 δὲ,
2908 620 3007 693 τὴν
3033 622 3127 675 ἐπὶ
3158 625 3271 686 τοῖς
3318 624 3522 688 αἰσίοις
3558 626 3756 682 αὐτοῦ

2120 711 2418 783 βοήθειαν,
2440 713 2505 766 ὲκ
2530 710 2626 766 τοῦ
2653 714 2749 766 καὶ
2773 714 2924 784 ἡμᾶς
2956 714 3158 783 μᾶλλον
3183 715 3404 768 ἐπὶτῶν
3448 717 3717 787 εὐσχημο
3733 747 3759 762 ο

2139 805 2335 874 τέ’ρων,
2368 806 2464 858 καὶ
2491 806 2860 876 τιμιωτέρων,
2903 806 3000 860 καὶ
3022 806 3281 877 πλείστης
3319 806 3506 879 ἰσχύος
3534 809 3755 880 δεομέ-

2141 908 2249 946 νων
2277 895 2344 963 τῇ
2375 892 2526 965 δεξιᾷ
2553 894 2880 965 κεχρῆσθαι.
2912 894 3247 965 Ψηλάφησιν
3273 896 3351 960 δὲ,
3381 898 3484 969 τὴν
3506 899 3751 971 ἀκριδεο

2143 983 2343 1054 στέραν
2373 984 2564 1049 αὐτοῦ,
2592 987 2687 1039 καὶ
2716 986 2814 1057 τὴν
2843 986 2964 1041 λίαν
2992 988 3208 1041 λεπτῶν
3233 1006 3314 1052 τε,
3344 992 3444 1045 καὶ
3470 994 3747 1064 κρυπτῶν

2139 1074 2432 1144 διάγνωσίν
2457 1093 2537 1142 τε,
2577 1078 2673 1132 καὶ
2717 1078 3023 1149 εἴσπραξιν,
3055 1080 3120 1133 ἐκ
3157 1080 3252 1133 τοῦ
3296 1084 3429 1154 παρ’
3462 1086 3602 1154 ἡμῖν
3656 1085 3748 1158 μὴ

2140 1166 2402 1220 δύνασθαι
2420 1168 2547 1232 τοὺς
2575 1169 3014 1240 ψηλαφωμὲνους
3039 1171 3097 1223 ὲν
3121 1171 3338 1236 ἑαυτοῖς
3361 1191 3416 1226 τι
3439 1175 3742 1246 κρύπτειν.

2142 1257 2318 1322 Πόδας
2336 1258 2393 1312 δὲ
2424 1260 2518 1313 καὶ
2552 1260 2782 1330 βάδισιν,
2815 1263 2915 1332 τὴν
2938 1263 3073 1332 πρὸς
3109 1264 3435 1335 ἐπικουρίαν
3470 1266 3581 1321 τῶν
3613 1268 3743 1323 δεοο

2144 1350 2345 1419 μένων,
2397 1348 2430 1421 ἡ
2483 1351 2695 1422 ἐχθρῶν
2736 1353 2969 1423 ἄμυναν,
3027 1354 3269 1425 ἢᾶλλην
3306 1356 3433 1411 τινὰ
3496 1358 3729 1429 πρᾶξιν,

2142 1440 2354 1494 ἔλευσίν
2384 1460 2466 1510 τε,
2498 1444 2593 1498 καὶ
2625 1445 2950 1517 παρουσίαν,
2975 1442 3041 1500 ἔκ
3078 1445 3173 1500 τοῦ
3207 1450 3339 1519 παρ’
3361 1450 3499 1520 ἡμῖν
3516 1450 3606 1505 διὰ
3630 1454 3737 1524 τῆς

2140 1533 2249 1589 τῶν
2278 1534 2453 1588 ποδῶν
2473 1537 2723 1607 χρήσεως
2745 1537 3129 1593 ἀποτελεῖσθαι
3157 1539 3256 1608 τὴν
3283 1541 3489 1609 ἄφιξιν.
3519 1543 3734 1616 Ὅρκον

2140 1625 2219 1689 δὲ,
2253 1625 2314 1678 τὸ
2351 1626 2689 1698 ἀμετάθετον
2734 1628 2837 1699 τῆς
2891 1628 3089 1701 βουλῆς
3118 1631 3306 1693 αὑτοῦ.
3361 1634 3426 1687 ἐκ
3463 1634 3561 1688 τοῦ
3594 1639 3731 1707 παρ’

2141 1717 2275 1786 ἡμῖν
2311 1717 2379 1771 δι’
2423 1719 2589 1790 ὅρκου
2617 1720 2714 1783 τὰς
2753 1720 2891 1791 πρὸς
2921 1722 3186 1793 ἀλλήλους
3212 1722 3568 1793 βεϐαιοῦσθαι
3599 1745 3729 1783 συν-

468 1813 633 1884 pedes
664 1821 718 1869 et
748 1810 1140 1875 incessionem,
1177 1808 1479 1863 adventum
1508 1787 1701 1878 ipsius,
1716 1816 1769 1863 et
1801 1824 2041 1879 praesen-

2151 1810 2335 1881 θήκας.
2407 1787 2606 1883 ’ὀργὴν
2645 1812 2700 1865 δὲ
2732 1787 2827 1867 καὶ
2873 1787 3067 1884 θυμὸν,
3101 1787 3378 1887 την-πρὸς
3402 1818 3504 1889 τὴν
3531 1821 3731 1875 κακίαν

466 1908 621 1970 tiam,
676 1903 761 1959 vel
807 1902 876 1957 ad
927 1916 1088 1972 opem
1137 1900 1427 1973 egentibus
1479 1898 1785 1968 ferendam,
1840 1901 1927 1957 vel
1973 1900 2044 1957 ad

468 2002 656 2056 hostes
691 1994 1062 2060 ulciscendos,
1091 1995 1177 2051 vel
1234 1994 1300 2049 ad
1332 2009 1447 2051 rem
1495 1995 1660 2049 aliam
1695 1994 1993 2066 gerendam
2027 2014 2043 2050 :

466 2091 613 2163 quod
664 2089 926 2145 nimirum
958 2087 1120 2141 nobis
1154 2101 1377 2157 quoque
1406 2086 1513 2141 hoc
1548 2076 1718 2158 pedes
1759 2094 2045 2158 praestent,

469 2191 529 2235 ut
557 2180 625 2236 ad
660 2179 842 2233 locum
873 2176 1113 2246 aliquem
1159 2174 1570 2245 perveniamus.
1625 2174 1732 2230 Per
1758 2175 2048 2246 jusjuran-

468 2275 620 2338 dum,
673 2268 896 2327 consilii
945 2268 1065 2339 ejus
1113 2267 1669 2323 immutabilitatem:
1722 2267 1871 2338 quod
1902 2267 2047 2340 apud

470 2381 572 2422 nos
626 2362 959 2435 interposito
983 2359 1349 2433 jurejurando
1386 2369 1575 2414 mutua
1622 2369 1782 2431 pacta
1828 2358 2051 2414 ﬁrmen-

468 2469 579 2514 tur.
624 2457 730 2512 Per
787 2458 929 2511 iram
982 2461 1036 2511 et
1084 2453 1348 2519 furorem,
1408 2451 1699 2508 infensam.
1740 2452 1862 2523 ejus
1918 2467 2049 2523 erga

355 2560 365 2575 ι
470 2547 739 2603 malitiam
781 2545 1127 2601 voluntatem
1177 2557 1242 2598 ac
1298 2540 1511 2608 odium,
1563 2538 1700 2595 Nam
1749 2550 1804 2596 et
1831 2556 1931 2597 nos
1983 2554 2047 2596 ea

470 2652 590 2707 qua:
623 2648 750 2690 cum
801 2633 1087 2689 voluntate
1129 2636 1186 2686 et
1224 2629 1495 2686 sententia
1553 2636 1743 2683 nostra
1795 2634 2046 2697 pugnant

460 2730 596 2783 odio
619 2727 904 2791 habentes,
935 2724 991 2780 in
1028 2723 1165 2778 iram
1199 2720 1619 2793 prorumpimus
1655 2720 1720 2773 “.
1761 2718 1867 2775 Per
1904 2718 2049 2775 obli-

468 2823 709 2885 vionem,
761 2832 1016 2874 somnum
1066 2823 1123 2872 et
1168 2814 1644 2881 dormitationem,
1694 2812 2045 2868 animadver-

478 2915 654 2969 sionis
688 2913 743 2967 in
774 2915 961 2967 hostes
987 2909 1325 2977 dilationem,
1356 2906 1729 2979 temporisque
1777 2920 1961 2961 moras
1991 2905 2047 2960 in

472 3005 677 3060 auxilio
709 3009 977 3061 consueto
1029 3000 1263 3057 ferendo
1305 3000 1391 3065 iis,
1429 3014 1568 3071 quos
1617 2999 1818 3054 charos
1854 3012 1918 3052 ac
1954 3012 2050 3053 ne-

2142 1899 2444 1971 ἀπέχθειάν
2494 1919 2555 1956 τε
2608 1903 2703 1956 καὶ
2731 1904 3107 1976 ἀποστροφήν.
3154 1906 3264 1959 Καὶ
3293 1907 3406 1978 γὰρ
3461 1911 3629 1981 ἡμεῖς
3661 1911 3729 1964 τὰ

2143 1992 2362 2047 ἐναντία
2398 1995 2500 2064 τῆς
2543 1992 2771 2065 γνώμης
2816 1995 3102 2065 μισοῦντες
3131 1995 3489 2068 ὀργιζόμεθα.
3541 2002 3723 2072 Λὴθην

2143 2083 2222 2149 δὲ,
2253 2084 2347 2138 καὶ
2408 2083 2598 2155 ὕπνον,
2636 2086 2735 2141 καλι
2779 2085 3111 2157 νυσταγμδν,
3160 2087 3258 2157 τὴν
3305 2089 3599 2161 ὑπέρθεσιν
3622 2093 3718 2162 τῆς

2145 2176 2254 2231 τῶν
2287 2176 2499 2249 ἐχθρῶν
2550 2177 2788 2248 ἀμύνης,
2824 2178 2920 2230 καὶ
2965 2177 3065 2248 τὴν
3122 2178 3225 2248 τῆς
3276 2181 3533 2251 συνήθους
3582 2182 3715 2252 πρὸς

2146 2269 2275 2333 τοὺς
2306 2270 2542 2332 οἰκείους
2582 2269 2832 2340 βοηθείας
2886 2269 3159 2341 ἀναϐολήν
3178 2287 3193 2302 ·
3226 2272 3320 2324 καὶ
3344 2273 3517 2335 ἁπλῶς
3541 2274 3715 2326 εἰπεῖν

2148 2361 2332 2416 πάντα
2362 2361 2432 2416 τὰ
2464 2361 2794 2432 σωματικῶς
2819 2362 3088 2433 είρημένα
3111 2363 3205 2415 ἐπὶ
3227 2362 3377 2430 Θεοῦ,
3405 2364 3720 2435 κεκρυμμέ-

2147 2469 2248 2524 νην
2277 2451 2389 2523 ἔχει
2424 2451 2549 2505 τινὰ
2594 2450 2828 2519 ἔννοιαν,
2868 2454 2934 2506 ἐκ
2962 2454 3069 2506 τῶν
3132 2453 3253 2507 καθ’
3282 2457 3424 2525 ἡμᾶς
3463 2454 3534 2510 τὰ
3579 2457 3727 2528 ὑπὲρ

2147 2545 2297 2614 ἡμᾶς
2346 2544 2790 2613 ὲκδιδάσκουσαν,
2843 2545 2892 2598 εί
2925 2546 3001 2617 μὴ
3038 2562 3092 2598 τι
3120 2548 3249 2617 περὶ
3275 2551 3371 2618 τῆς
3414 2549 3735 2621 σωματικῆς

2154 2635 2246 2689 τοῦ
2280 2635 2417 2690 Θεοῦ
2449 2636 2625 2705 Λόγου
2651 2636 2948 2708 ἐπιδημίας
2977 2636 3211 2709 εἴρηται.
3231 2639 3405 2703 Αὐτὸς
3427 2640 3534 2712 γὰρ
3558 2640 3736 2695 πάντα

2154 2728 2245 2783 τὸν
2275 2728 2560 2801 ἄνθρωπον
2591 2731 2637 2766 ³⁸
2670 2728 2761 2782 διὰ
2792 2729 2890 2799 τὴν
2925 2729 3203 2801 ἡμετέραν
3244 2733 3521 2803 σωτηρίαν
3553 2733 3739 2787 ἀνεδέ-

2154 2818 2305 2887 ξατο,
2331 2819 2510 2892 ψυχὴν
2543 2819 2760 2892 νοεράν,
2793 2821 2886 2874 καὶ
2921 2821 3114 2893 σῶμα,
3161 2823 3256 2877 καὶ
3287 2823 3358 2878 τὰ
3383 2828 3484 2895 τῆς
3527 2824 3740 2897 ἀνθρω-

2154 2911 2317 2982 πίνης
2347 2912 2562 2981 φύσεως
2589 2912 2878 2984 ἰδιώματα,
2911 2914 2981 2968 τά
3002 2931 3060 2968 τε
3091 2914 3319 2986 φυσικὰ,
3351 2918 3447 2972 καὶ
3480 2918 3742 2989 ἀδιάϐλη-

2154 3018 2222 3055 τα
2251 3002 2421 3082 πάθη.

474 3099 753 3157 cessarios
783 3094 965 3150 habet.
998 3091 1261 3162 Denique,
1303 3099 1364 3144 ut
1390 3103 1501 3145 uno
1541 3088 1709 3144 verbo
1743 3088 1949 3154 dicam,
1983 3088 2038 3143 in
2080 3090 2148 3146 iis
2177 3091 2437 3145 omnibus
2467 3106 2590 3161 quae
2617 3091 2686 3147 de
2720 3090 2832 3147 Deo
2862 3106 3133 3164 corporeo
3199 3095 3363 3150 modo
3432 3100 3739 3155 enuntian-

471 3198 584 3253 tur,
614 3187 902 3242 abstrusus
930 3182 1152 3254 quidam
1215 3194 1417 3236 sensus
1486 3179 1651 3245 inest,
1699 3193 1809 3250 quo
1859 3193 1956 3249 per
1997 3178 2092 3234 illa
2164 3195 2286 3251 qua:
2335 3181 2495 3237 nobis
2552 3192 2905 3261 congruunt,
2944 3199 3008 3240 ea
3072 3199 3191 3255 quae
3226 3200 3390 3254 supra
3445 3202 3550 3242 nos
3601 3198 3743 3246 sunt

471 3282 808 3339 edocemur:
858 3277 966 3334 nisi
1020 3276 1166 3332 forte
1210 3273 1498 3346 quidpiam
1547 3273 1616 3329 de
1645 3288 1917 3345 corporeo
1954 3273 2049 3330 Dei
2125 3274 2369 3331 adventu
2415 3275 2630 3333 dictum
2703 3287 2809 3334 est.
2856 3277 2989 3333 Nam
3051 3280 3165 3349 ipse
3224 3287 3395 3333 totum
3446 3281 3735 3339 hominem

473 3375 673 3430 salutis
722 3381 932 3427 nostrae
1007 3382 1176 3425 causa
1222 3367 1499 3438 suscepit;
1556 3365 1662 3421 hoc
1722 3373 1811 3421 est
1885 3365 2127 3421 animam
2167 3366 2590 3439 intelligentem,
2647 3375 2701 3422 et
2734 3382 2962 3440 corpus,
3009 3377 3165 3441 atque
3216 3368 3468 3429 humana:
3512 3383 3740 3432 natura:

475 3467 855 3538 proprietates,
907 3477 1120 3520 necnon
1169 3460 1470 3528 naturales,
1535 3461 1783 3532 nullique
1846 3459 2269 3532 reprehensioni
2300 3462 2574 3518 obnoxias
2609 3462 2924 3533 passiones.

1099 3552 1251 3611 CAP.
1305 3551 1422 3608 XII.

920 3641 1075 3721 146
1110 3644 1187 3701 De
1222 3644 1408 3701 iisdem
1443 3644 1617 3699 rebus.

551 3739 649 3793 Dei
681 3738 896 3791 nomina
932 3751 997 3791 ea:
1029 3736 1241 3790 creatis.
1270 3733 1656 3788 —Enimvero
1690 3732 1807 3786 haec
1858 3746 1927 3786 ex
1966 3745 2056 3785 sa-

479 3829 616 3893 cris,
652 3833 713 3881 ut
756 3824 976 3880 divinus
1022 3824 1100 3877 ait
1139 3823 1429 3894 Dionysius
1469 3823 1796 3893 Areopagita
1829 3822 1895 3887 ι’,
1959 3819 2058 3875 do-

479 3934 670 3978 cemur
698 3916 974 3980 oraculis;
1021 3913 1169 3985 quod
1205 3929 1402 3984 nempe
1433 3913 1579 3970 Deus
1605 3914 1857 3969 omnium
1887 3926 2057 3967 causa

480 4028 544 4068 ac
566 4011 719 4081 origo
747 4008 849 4074 sit;
900 4021 1089 4062 eorum
1123 4019 1244 4074 quae
1267 4015 1413 4070 sunt,
1448 4004 1717 4071 essentia;
1751 4002 2051 4058 viventium

480 4106 630 4172 vita;
691 4098 1046 4156 rationalium
1094 4095 1279 4161 ratio;
1332 4094 1786 4164 intelligentiam,
1836 4093 2052 4149 intelle-

482 4202 639 4260 ctus;
685 4205 751 4246 ac
787 4203 977 4245 eorum
1027 4183 1249 4257 quidem
1299 4185 1396 4254 qui
1446 4183 1516 4239 ab
1547 4197 1613 4238 eo
1658 4183 1940 4250 labuntur,
1980 4198 2061 4240 re-

481 4283 698 4341 vocatio
740 4286 794 4337 et
826 4277 1067 4344 erectio;
1115 4288 1311 4331 eorum
1340 4281 1522 4329 autem
1570 4273 1665 4345 qui
1702 4272 1754 4328 id
1782 4274 1931 4344 quod
1960 4289 2059 4329 na-

484 4387 624 4433 turae
667 4377 1105 4432 consentaneum
1164 4373 1249 4423 est
1275 4405 1289 4431 ,
1337 4372 1704 4436 corrumpunt
1735 4374 1792 4422 et
1835 4366 2059 4432 vitiant,

484 4465 771 4523 renovatio
810 4471 866 4535 et
898 4460 1273 4527 instauratio;
1307 4472 1500 4514 eorum
1531 4457 1626 4528 qui
1656 4457 1909 4529 profanis
1941 4459 2061 4530 qui-

489 4555 718 4610 busdam
734 4551 1011 4609 «tluctibus
1035 4550 1344 4621 jactantur,
1374 4561 1534 4603 sacra
1566 4548 1888 4614 stabilitas;
1914 4556 2063 4604 stan-

492 4644 625 4699 tium
657 4651 839 4697 tutum
883 4640 1234 4711 praesidium;
1286 4640 1700 4710 assurgentium
1757 4639 1826 4694 ad
1882 4641 2063 4709 ipsum

498 4737 577 4786 tia
621 4739 679 4785 et
722 4728 1100 4790 manuductio,
1155 4741 1261 4796 qua
1321 4728 1376 4781 in
1419 4728 1594 4782 altum
1654 4729 2059 4784 subvehuntur.

497 4820 709 4877 Addam
759 4817 947 4883 etiam,
985 4828 1178 4870 eorum
1207 4817 1300 4883 qui
1332 4815 1402 4869 ab
1437 4816 1557 4885 ipso
1607 4815 1738 4871 facti
1785 4827 1935 4887 sunt,
1966 4819 2063 4874 Pa-

2082 3558 2129 3619 C

2763 3554 3016 3607 ΚΕΦΑΛ.
3051 3554 3150 3608 IB'.

2688 3646 2828 3714 Περὶ
2855 3644 2973 3699 τῶν
2995 3645 3213 3701 αὐτῶν.

2231 3734 2417 3789 Ταῦτα
2445 3734 2545 3805 μὲν
2570 3729 2664 3789 οῦν
2711 3736 2774 3788 ὲκ
2825 3734 2933 3788 τῶν
2965 3736 3126 3806 ἱερῶν
3161 3738 3493 3810 μεμυὴμεθα
3521 3740 3743 3812 λογίων,

2156 3826 2231 3889 ὡς
2264 3825 2407 3889 θεῖος
2446 3824 2550 3896 ἔφη
2597 3824 2876 3889 Διονύσιος
2905 3827 2933 3878 ὁ
2968 3826 3369 3898 Ἀρεοπαγίτης
3389 3845 3405 3862 ·
3437 3829 3521 3884 ὅτι
3546 3833 3576 3885 ό
3610 3834 3746 3898 Θεὸς

2161 3917 2376 3972 πάντων
2400 3917 2546 3972 ἐστὶν
2570 3917 2721 3971 αἰτία
2753 3918 2846 3973 καὶ
2870 3918 3013 3990 ἀρχή
3037 3934 3052 3948 °
3081 3919 3189 3972 τῶν
3216 3919 3388 3975 ὄντων
3413 3923 3572 3979 οὐσία
3592 3943 3605 3956 ·
3634 3926 3746 3981 τῶν

2160 4006 2380 4071 ζώντων
2416 4006 2531 4080 ζωὴ
2550 4025 2563 4038 ·
2590 4007 2697 4062 τῶν
2718 4007 2950 4077 λογικῶς
2979 4008 3148 4063 ὄντων
3190 4010 3348 4079 λόγος
3369 4029 3383 4043 ·
3410 4013 3518 4067 τῶν
3543 4016 3748 4087 νοερῶς

2159 4097 2327 4153 ὄντων
2351 4097 2504 4163 νοῦς·
2539 4100 2637 4152 καὶ
2662 4097 2771 4153 τῶν
2798 4099 2899 4169 μὲν
2927 4100 3350 4157 ἀποπιπτόντων
3372 4105 3569 4176 αὐτῆς,
3611 4106 3748 4162 dud-

2161 4190 2354 4261 κλησίς
2380 4207 2440 4243 τε
2468 4190 2563 4245 καὶ
2593 4190 2890 4254 ἀνάστασις
2910 4207 2923 4220 ·
2945 4190 3052 4244 τῶν
3074 4208 3134 4244 τε
3166 4194 3651 4266 καταφθειρόντων
3686 4198 3751 4251 τὸ

2164 4283 2306 4337 κατά
2335 4281 2521 4352 φύσιν,
2551 4283 2950 4354 ἅνακαινισμὸς
2994 4284 3090 4337 καὶ
3139 4287 3601 4357 μεταμόρφωσις·
3640 4290 3752 4345 τῶν

2163 4372 2222 4426 δὲ
2243 4372 2577 4443 κινουμένων
2605 4373 2748 4427 κατά
2776 4390 2898 4427 τινα
2921 4373 3136 4445 ἀνίερον
3162 4375 3346 4443 σάλον,
3367 4378 3578 4450 ἵδρυσις
3605 4381 3749 4451 ἱερά·

2165 4465 2261 4516 καὶ
2311 4462 2420 4516 τῶν
2469 4462 2782 4532 ἑστηκότων
2838 4464 3137 4531 ἀσφάλεια·
3171 4466 3412 4519 καὶτῶν
3455 4469 3544 4521 ἐπ’
3577 4469 3748 4539 αὐτὴν

2165 4551 2519 4623 ἀναγομένων
2555 4552 2701 4620 ὁδὸς,
2729 4554 2824 4608 καὶ
2847 4552 3148 4624 ἀνατατικὴ
3177 4555 3534 4625 χειραγωγία.
3562 4556 3743 4622 Προσ-

2169 4642 2321 4712 θήσω
2355 4642 2412 4695 δὲ
2451 4642 2533 4696 ὅτι
2572 4643 2803 4697 καὶτῶν
2833 4643 2923 4697 ὑπ’
2974 4643 3141 4698 αὐτοῦ
3181 4645 3586 4716 πεποιημένων,
3622 4640 3737 4691 Πα-

2165 4735 2293 4807 τήρ.
2330 4733 2679 4807 κυριώτερον
2708 4736 2862 4807 γάρὸ
2891 4735 3025 4800 Θεὸς
3049 4736 3206 4806 ἡμῶν
3236 4738 3349 4789 ἐστι
3376 4731 3580 4800 Πατὴρ,
3616 4731 3645 4781 ὁ
3671 4730 3741 4782 ὲκ

2175 4827 2251 4898 μὴ
2282 4827 2452 4882 ὄντων
2482 4830 2564 4892 είς
2590 4833 2650 4882 τὸ
2679 4824 2819 4881 εἷναι
2849 4827 3211 4899 παραγαγὼν,
3232 4828 3263 4898 ἡ
3284 4827 3333 4879 οί
3355 4822 3744 4891 γεννήσαντες,

495 4925 607 4968 ter.
638 4909 880 4972 Etenim,
915 4906 963 4961 si
990 4904 1211 4975 proprie
1239 4904 1554 4975 loquamur,
1590 4906 1735 4963 Deus
1760 4909 1926 4966 Pater
1953 4927 2048 4968 no-

2173 4919 2222 4971 οί
2248 4917 2307 4984 ἐξ
2341 4917 2507 4971 αὐτοῦ
2530 4958 2545 4982 ,
2579 4919 2674 4973 καὶ
2718 4919 2780 4971 τὸ
2813 4915 2978 4983 εἶναι,
3003 4921 3098 4972 καὶ
3122 4919 3181 4972 τὸ
3202 4917 3383 4986 γεννᾷν
3418 4911 3751 4983 εἰληφότες⁶

497 5014 611 5060 ster
663 4998 851 5055 verius
904 5003 1009 5061 est,
1064 4994 1159 5063 qui
1207 5009 1272 5048 ex
1326 4993 1505 5048 nihilo
1555 5011 1658 5052 nos
1712 4999 2061 5068 produxerit,

495 5109 662 5166 quam
699 5091 797 5164 qui
835 5100 936 5143 nos
966 5094 1308 5158 genuerunt;
1367 5091 1556 5157 utpote
1589 5089 1681 5159 qui
1708 5096 1821 5149 tum
1848 5100 1905 5150 ut
1933 5095 2067 5162 sint,

2176 5008 2285 5063 τῶν
2317 5008 2621 5079 ἑπομένων,
2650 5010 2743 5062 καὶ
2764 5010 2856 5062 ὑπ’
2876 5009 3041 5063 αὑτοῦ
3062 5004 3488 5078 ποιμαινομένων
3512 5006 3763 5074 ποιμήν

2176 5099 2284 5155 τῶν
2315 5098 2718 5171 φωτιζομένων,
2747 5101 3012 5171 ἐλλαμψις
3033 5118 3047 5132 ο
3080 5100 3178 5154 τῶν
3197 5095 3540 5166 τελουμένων
3566 5095 3772 5153 τελετ-

501 5273 545 5304 ιι
571 5271 734 5343 Greg.
768 5265 902 5323 Nax.
937 5273 1080 5320 orat.
1109 5260 1197 5319 57.
1286 5261 1327 5292 ¹⁵
1352 5253 1580 5334 Dionys.
1605 5276 1728 5335 cap.
1762 5265 1788 5319 l
1823 5267 1904 5324 De
1935 5269 2041 5325 div.
2074 5289 2217 5329 nam.

1813 5419 2045 5478 VARIJE
2086 5424 2489 5482 LECTIONES.

577 5534 810 5615 I'.Regii
880 5543 1113 5619 quatuor
1185 5533 1575 5619 ἄπαντα-..τὸν
1610 5618 1615 5619 γ
1645 5533 1954 5608 ἄνθρωπον.
2006 5537 2115 5619 _Sic
2179 5540 2378 5619 legisse
2455 5541 2672 5619 videtur
2734 5539 3169 5619 vetusiuterprcs
3215 5544 3406 5619 _qui,_
3471 5560 3787 5600 universum

504 5601 785 5687 Itonzirie'ni,
815 5601 1016 5687 posuit.
1073 5604 1131 5660 1n
1161 5607 1293 5687 cud._
1312 5609 1366 5660 5.
1394 5605 1499 5687 Ilii.
1526 5601 1916 5687 supra_vocem
1947 5611 2123 5687 πάντα
2155 5601 2419 5687 scripturn
2445 5620 2529 5663 est
2554 5611 2586 5680 ἢ
2626 5611 2780 5687 ὅλον)
2814 5608 2959 5679 quod
2987 5601 3138 5664 vocis
3155 5601 3792 5685 πάνὲαίὶηιοῳηιυιίο

505 5682 611 5756 est.
664 5672 969 5756 idoneum)
1009 5691 1225 5756 omnem
1279 5672 1717 5756 homineiufsed
1784 5686 1981 5749 totum,
2036 5682 2143 5738 hoc
2201 5672 2287 5735 est
2336 5672 2587 5733 naturam
2642 5672 2960 5750 perfectam,
3025 5672 3659 5756 assumpsit'Chrisius,
3724 5699 3791 5740 ac

507 5750 653 5800 totus
698 5743 797 5795 toti
824 5745 1009 5803 unitus
1035 5753 1138 5812 est,
1159 5755 1218 5799 ut
1243 5747 1319 5803 ait
1344 5746 1533 5803 'l'heol.
1666 5755 1699 5766 “
