4116 6150
526 348 638 414 845

1621 348 1721 409 DE
1750 348 1931 409 FIDE
1958 346 2423 409 Ol’t'l‘HODOXA
2465 349 2613 409 LlB.
2654 348 2704 407 Ι.

3691 354 3801 419 846

524 460 720 534 αρχία·
770 457 882 513 τῶν
929 458 1237 529 θεουμένων
1284 457 1546 528 θεαρχία·
1620 456 1729 511 τῶν
1801 458 2106 513 διεστώτων

2214 467 2329 513 tum
2362 469 2420 514 ut
2446 460 2757 530 gignerent,
2791 458 2969 531 ipsius
2998 474 3229 518 munere
3260 471 3392 519 sunt
3422 468 3706 523 consecuti
3731 469 3800 522 ".

520 554 713 623 sipth
735 569 750 582 '
783 552 877 605 καὶ
899 550 1011 605 τῶν
1034 550 1393 623 ἀπλουμένων
1423 549 1695 620 ἁπλότης’
1737 550 1831 602 καὶ
1854 549 1961 604 τῶν
2001 553 2111 605 ἐνι-

522 644 767 715 ςομένων
791 643 982 713 ἑνότης
1003 658 1019 672 °
1061 645 1239 715 ἀρχῆς
1267 641 1490 711 ἀπάσης
1526 640 1873 711 ὑπερούσιος,
1902 643 1978 706 ὡς
2005 643 2110 696 ὐπ-

521 737 713 806 ἀρχιος
743 737 886 808 ἀρχή
907 753 921 767 ”
958 737 1055 789 καὶ
1080 734 1174 791 τοῦ
1198 737 1456 807 κρυφίου,
1499 736 1619 807 ἤτοι
1647 736 1747 806 τῆς
1775 736 1941 790 αὐτοῦ
1968 735 2110 804 γνώ-

523 846 665 891 σεως
694 828 838 881 κατὰ
878 828 941 882 τὸ
963 827 1191 899 ’θεμιτὸν
1241 830 1338 882 καί¹
1373 827 1598 898 ἐφικτὸν
1650 826 1890 898 ἑκάστῳ,
1926 826 2108 899 ἀγαθὴ

2217 548 2315 604 Est
2346 548 2575 619 insuper
2606 559 2661 606 et
2692 564 2884 606 eorum
2928 552 3022 621 qui
3057 552 3239 621 ipsum
3272 564 3607 624 sequuntur,
3649 564 3704 611 et
3730 571 3800 613 eo

2216 652 2438 711 pastore
2494 651 2799 713 reguntur,
2833 652 3053 713 pastor;
3108 659 3301 700 eorum
3339 646 3434 717 qui
3488 631 3804 703 illu‘minan-

2217 743 2328 799 tur,
2378 735 2741 790 coruscatio:
2793 749 2987 790 eorum
3033 737 3130 806 qui
3170 738 3349 794 sacris
3393 740 3676 810 mysteriis
3705 741 3804 795 im-

2216 826 2487 893 buuntur,
2540 827 2874 884 initialionis
2914 844 3162 897 auspex;
3213 832 3551 901 eorum-qui
3600 833 3804 889 deitate

525 920 831 991 μετάδοσις.
2215 919 2515 988 donantur,
2570 920 2796 976 deitatis
2862 920 3125 992 largitor;
3180 920 3599 990 dissidentium,
3655 939 3800 995 pax;

523 1012 867 1082 simplicitati
937 1013 1315 1081 studentium,
1414 1016 1771 1087 simplicitas;
1835 1016 2143 1072 colentium
2221 1016 2512 1081 unitatem,
2567 1015 2783 1081 unitas;
2846 1014 3108 1085 principii
3183 1015 3389 1083 omnis,
3438 1019 3799 1089 principium,

524 1110 765 1167 essentia
813 1110 964 1165 omni
1015 1111 1292 1183 principio
1352 1115 1650 1170 sublimius
1700 1128 1811 1169 :ac
1852 1113 2112 1184 'denique
2144 1112 2348 1169 occulti
2385 1113 2496 1178 sui,
2550 1111 2602 1166 id
2640 1120 2727 1167 est
2796 1126 2912 1167 suae
2964 1111 3325 1182 cognitionis,
3377 1121 3647 1184 quantum
3714 1113 3802 1171 fas

524 1214 631 1273 est,
692 1218 756 1260 ac
804 1220 903 1275 pro
952 1204 1225 1277 cujusque
1273 1217 1463 1279 captu,
1515 1209 1751 1282 benigna
1798 1209 2247 1266 communicatio.

598 1514 714 1593 [loc
738 1526 900 1593 caput
926 1516 1064 1593 quod
1092 1519 1331 1593 proxime
1367 1521 1624 1593 sequitur,
1659 1519 1993 1593 adjectiljunt
2029 1526 2136 1593 est,
2168 1534 2260 1571 nec
2289 1520 2548 1593 reperitur
2586 1518 2941 1593 incedicibus
2977 1518 3374 1593 vetustioribus,
3406 1518 3590 1593 sediin»
3614 1519 3800 1586 paucis

525 1587 1240 1660 quibusdamgrecentissintw
1273 1587 1529 1645 notwfln
1564 1587 1731 1660 Regio
1757 1589 1897 1643 5109
1946 1587 2170 1660 habetur
2194 1587 2485 1660 Apost’cap.
2513 1589 2565 1660 9_
2599 1588 2689 1660 lib.
2724 1604 2800 1650 tv,
2835 1596 2882 1641 et
2915 1589 2968 1640 in
3001 1587 3174 1660 Regio
3196 1589 3367 1660 altera
3402 1607 3453 1641 η.
3488 1590 3651 1660 5451,
3680 1598 3801 1660 post

526 1656 702 1727 caput.
739 1657 773 1711 2
801 1658 893 1712 lib.
922 1674 982 1712 ll.
1038 1657 1352 1715 Lambecius
1412 1671 1584 1714 monet
1624 1656 1941 1727 adjuncmnt
1995 1659 2127 1711 illud
2176 1658 2343 1727 fuisse
2374 1656 2437 1711 in
2470 1658 2587 1712 cod.
2627 1656 2941 1711 Cmsariano
2979 1674 3034 1712 η.
3075 1658 3183 1711 ⁸200
3219 1658 3286 1709 ad
3337 1662 3535 1714 calcem
3570 1659 3696 1712 libri
3726 1658 3803 1713 De

530 1730 633 1783 liile
664 1728 991 1781 orthodoxa.
1030 1728 1177 1783 Illud
1204 1746 1322 1785 vero
1348 1729 1554 1785 Joanni
1583 1731 1916 1783 Damasceno
1967 1728 2302 1781 tribuendum
2329 1744 2462 1791 esse,
2490 1727 2729 1781 Joannes
2759 1728 2981 1786 Beccus,
3006 1727 3323 1796 patriarcha
3354 1730 3621 1796 quondam
3657 1728 3801 1783 Con-

527 1798 1062 1870 stantinopolitanus,
1098 1800 1317 1870 ejusque
1351 1802 1483 1856 socii
1522 1801 1787 1855 evicerunt
1816 1798 2144 1870 inrisolemni
2175 1808 2430 1870 conventu
2458 1800 2842 1870 episcoporum,
2880 1798 3034 1867 cujus
3070 1806 3191 1852 acta
3217 1796 3473 1870 Georgius
3500 1798 3800 1870 Paelignae:

529 1869 686 1921 resin
717 1869 1057 1934 Andronico,
1091 1866 1187 1924 lib.
1230 1866 1313 1925 ’νη
1341 1870 1524 1938 refert.
1582 1870 1831 1937 Quinimo
1871 1869 2129 1937 Georgius
2184 1867 2496 1922 Scholarius
2546 1869 2600 1921 in
2636 1875 2859 1933 utroque
2914 1866 3065 1935 opere
3097 1866 3236 1938 quod
3268 1866 3333 1920 de
3361 1866 3599 1937 Spiritus
3627 1866 3802 1924 saucii

526 1940 858 2008 processione
884 1940 1136 1995 adversus
1170 1938 1395 1996 Latinos
1427 1939 1614 2008 edidit,
1645 1941 1819 1996 nostri
1846 1938 2084 1994 auctoris
2116 1938 2284 2007 fetum
2310 1953 2422 1992 esse
2456 1938 2708 1991 indubius
2738 1941 3004 2006 agnoscit.
3628 1950 3635 1957 ‘

674 2246 804 2301 Ἔτι
840 2249 966 2317 περὶ
993 2250 1166 2305 θείων
1197 2252 1508 2322 ὀνομάτων
1527 2252 1972 2325 ἀκριϐέστερον.

2422 2251 2609 2306 Adhuc
2637 2250 2698 2304 de
2719 2250 2909 2304 divinis
2928 2249 3228 2304 nominibus
3258 2248 3583 2303 accuratius.

596 2340 671 2393 Τὸ
700 2340 854 2394 Θεῖον
882 2341 1270 2413 ἀκατάληπτον
1315 2344 1395 2410 ὃν,
1431 2345 1649 2411 πάντως
1703 2350 1797 2400 καὶ
1824 2346 2106 2418 ἀνώνυμον

526 2433 699 2488 ἔσται.
746 2434 1094 2503 Ἀγνοοῦντες
1117 2431 1213 2490 οὖν
1240 2435 1339 2509 τὴν
1364 2437 1554 2492 οὐσίαν
1581 2439 1771 2507 αὐτοῦ,
1796 2439 1895 2510 τῆς
1919 2441 2107 2504 οὐσίας

525 2519 689 2575 αὑτοῦ
732 2519 807 2592 μὴ
844 2521 1243 2595 ὲκζητήσωμεν
1277 2524 1480 2597 ὄνομα·
1524 2526 1798 2598 δηλωτικὰ
1843 2528 1952 2598 γὰρ
1998 2528 2108 2585 τῶν

529 2616 871 2686 πραγμάτων
901 2619 1019 2672 ἐστὶ
1038 2619 1107 2673 τά
1130 2619 1403 2692 ὀνόματα·
1431 2621 1547 2676 ἀλλ’
1573 2623 1777 2692 ἀγαθὸς
1809 2623 1885 2678 ὢν
1908 2626 1936 2678 ὁ
1952 2624 2106 2692 Θεὸς,

527 2706 623 2760 καὶ
654 2708 745 2759 ἐπὶ
773 2707 990 2776 μεθέξει
1016 2710 1117 2780 τῆς
1138 2712 1475 2782 ἀγαθότητος
1504 2714 1847 2786 παραγαγὼν
1869 2718 2017 2787 ἡμᾶς
2045 2718 2110 2771 ὲκ

526 2794 624 2850 τοῦ
664 2797 740 2869 μὴ
768 2796 919 2863 ὄντος
951 2800 1033 2862 εἰς
1068 2801 1131 2853 τὸ
1153 2796 1315 2867 εἶναι,
1355 2804 1449 2857 καὶ
1489 2806 1826 2873 γνωστικοὺς
1877 2808 2109 2879 ποιήσας

528 2890 699 2957 ἡμᾶς,
728 2888 917 2961 ὥσπερ
945 2892 1005 2943 οὐ
1045 2893 1146 2962 τῆς
1190 2895 1380 2959 οὐσίας
1416 2896 1581 2950 αὐτοῦ
1618 2898 1923 2968 μετέδωκεν
1952 2900 2105 2971 ἡμῖν,

529 2977 702 3043 οὕτως
726 2981 847 3033 οὐδὲ
873 2984 971 3053 τῆς
999 2978 1256 3052 γνώσεως
1307 2987 1408 3058 τῆς
1437 2990 1626 3053 οὐσίας
1658 2990 1848 3045 αὐτοῦ.
1889 2992 2111 3046 Ἀδύνα-

531 3086 621 3122 τον
665 3072 771 3143 γὰρ
829 3072 993 3142 φύσιν
1044 3075 1266 3141 τελείως
1309 3078 1512 3147 γνῶναι
1552 3081 1649 3152 τὴν
1701 3082 2109 3155 ὑπερκειμένην

530 3159 714 3229 φύσιν.
745 3165 806 3217 Εἰ
835 3165 892 3218 δὲ
916 3166 1138 3221 καὶτῶν
1167 3167 1338 3224 ὄντων
1364 3171 1421 3224 αἱ
1449 3170 1679 3241 γνώσεις
1706 3173 1753 3239 ί,
1778 3173 1841 3226 τὸ
1872 3173 2110 3245 ὑπεροὺ-

529 3265 647 3304 σιον
694 3253 813 3318 πῶς
862 3256 1279 3328 γνωσθήσεται;
1307 3262 1385 3316 Δι’
1413 3261 1623 3331 ἄφατον
1655 3259 1749 3319 οὖν
1796 3265 2110 3338 ἀγαϐότητα

526 3342 830 3415 ηὐδόκησεν
874 3349 939 3399 ὲκ
978 3348 1086 3401 τῶν
1116 3353 1238 3405 κατ’
1272 3354 1420 3424 ἡμᾶς
1461 3354 1868 3426 ὀνομάζεσθαι,
1911 3360 1997 3412 ἵνα
2034 3360 2109 3433 μὴ

526 3434 786 3506 ἀμέτοχοι
847 3441 1130 3506 παντελῶς
1183 3438 1333 3516 ὦμεν
1382 3444 1480 3516 τῆς
1537 3446 1701 3501 αὑτοῦ
1735 3449 2108 3518 ἐπιγνώσεως,

526 3526 643 3579 ἀλλ’
669 3527 883 3600 ἔχωμεν
910 3532 1012 3587 κᾶν
1042 3535 1290 3607 ἀμυδρὰν
1324 3538 1490 3593 αὐτοῦ
1541 3540 1774 3595 ἔννοιαν.
1824 3542 1976 3596 ΚαΟὸ
2008 3543 2109 3614 μὲν

2286 2346 2382 2401 Dei
2407 2345 2639 2402 essentia
2673 2345 2730 2397 in
2757 2360 2812 2398 se
2844 2344 2994 2398 nobis
3041 2343 3245 2413 ignota,
3303 2356 3396 2396 nec
3434 2340 3795 2397 nominabilis.

2211 2436 2311 2492 Dei
2365 2436 2580 2492 nomina
2607 2452 2674 2491 ea:
2704 2434 2918 2499 creatis,
2964 2435 3081 2505 ipso
3106 2433 3505 2488 innominabili.
3526 2463 3594 2475 —
3625 2433 3794 2498 Deus,

2211 2529 2798 2600 incomprehensibilis
2847 2543 2971 2585 cum
3008 2528 3106 2594 sit,
3156 2527 3385 2582 omnino
3435 2541 3657 2598 quoque
3707 2542 3800 2582 no—

2211 2619 2416 2676 minari
2448 2633 2561 2674 non
2601 2624 2803 2689 potest.
2853 2619 2990 2674 Cum
3037 2616 3225 2686 itaque
3272 2616 3450 2687 ipsius
3496 2618 3797 2674 essentiam

2210 2692 2555 2780 ignoremus,
2583 2709 2840 2765 essentia:
2878 2706 3055 2777 ipsius
3091 2720 3295 2762 nomen
3326 2721 3396 2762 ne
3422 2706 3794 2778 inquiramus.

2209 2798 2446 2854 Nomina
2494 2798 2697 2868 quippe
2750 2812 2934 2853 rerum
2979 2795 3394 2851 maniiestantia
3460 2804 3592 2853 sunt
3619 2799 3683 2852 ¹⁷.
3722 2801 3796 2852 At

2213 2889 2359 2946 Deus
2413 2890 2507 2960 qui
2535 2890 2716 2946 bonus
2745 2898 2851 2952 est,
2898 2904 3115 2960 nosque
3138 2889 3349 2946 idcirco
3407 2906 3475 2948 ex
3512 2891 3671 2964 147
3705 2893 3795 2947 ni-

2212 2979 2328 3037 hilo
2361 2982 2641 3053 produxit,
2671 2988 2732 3036 ut
2767 2982 2944 3052 ipsius
2966 2982 3238 3039 bonitatis
3265 2984 3568 3056 participes
3591 2985 3791 3053 simus,

2213 3075 2418 3145 quique
2452 3074 2834 3143 cognoscendi
2889 3074 3000 3128 vim
3041 3075 3204 3131 nobis
3253 3074 3475 3140 indidit,
3526 3076 3672 3132 sicut
3702 3092 3793 3133 es-

2214 3167 2447 3222 sentiam
2483 3179 2643 3222 suam
2687 3166 2852 3222 nobis
2886 3180 3000 3221 non
3028 3165 3356 3237 impertivit,
3390 3167 3472 3222 sic
3499 3182 3569 3221 ne
3601 3183 3794 3224 essen-

2213 3257 2301 3313 tiae
2334 3257 2557 3328 quidem
2606 3272 2720 3314 suae
2752 3258 3127 3328 cognitionem
3175 3258 3388 3313 tribuit.
3419 3256 3609 3328 Neque
3635 3261 3787 3315 enim

2214 3346 2331 3403 ﬁeri
2391 3356 2572 3419 potest
2640 3357 2702 3403 ut
2761 3355 2960 3403 natura
3021 3347 3368 3420 superiorem
3419 3364 3479 3405 se
3535 3360 3794 3415 naturam

2213 3441 2373 3510 plene
2404 3448 2699 3513 cognoscat
2735 3441 2799 3496 ‘°.
2831 3442 2902 3496 At
2938 3441 2986 3496 si
3029 3441 3373 3511 cognitiones
3420 3450 3554 3498 sunt
3592 3458 3783 3500 earum

2214 3548 2401 3588 rerum
2453 3548 2577 3604 quae
2623 3541 2775 3599 sunt,
2817 3533 2966 3603 quod
3003 3533 3248 3588 essentia
3304 3534 3455 3589 omni
3495 3535 3792 3594 sublimius

525 3614 620 3670 οὖν
657 3619 1044 3693 ἁκατάληπτός
1093 3627 1233 3694 ἐστι,
1275 3631 1368 3682 καὶ
1414 3629 1882 3701 ἀκατονόμαστος.
1933 3611 2021 3697 Ὧς
2051 3634 2106 3687 δὲ

2212 3634 2330 3692 est,
2386 3641 2629 3697 quonam
2693 3624 2858 3681 velim
2922 3624 3087 3680 modo
3149 3629 3552 3697 cognoscatur?
3611 3628 3795 3696 Quare

526 3709 746 3765 πάντων
777 3715 950 3777 αἴτιος
972 3757 988 3783 ,
1036 3718 1132 3771 καὶ
1165 3718 1385 3775 πάντων
1429 3722 1540 3774 τῶν
1560 3721 1730 3776 ὄντων
1757 3724 1886 3788 τοὺς
1913 3723 2106 3794 λόγους

526 3804 620 3853 καὶ
650 3801 748 3866 τὰς
777 3805 955 3870 αἰτίας
1000 3808 1057 3860 ὲν
1096 3808 1275 3881 ἑαυτῷ
1318 3811 1589 3882 προέχων,
1642 3813 1708 3866 ὲκ
1744 3812 1964 3868 πάντων
1997 3815 2106 3868 τῶν

524 3888 692 3944 ὄντων
749 3896 1218 3966 κατονομάζεται,
1271 3901 1367 3954 καὶ
1393 3903 1456 3954 ἐκ
1505 3900 1613 3954 τῶν
1643 3901 1935 3956 ἐναντίων*
1993 3898 2104 3957 οἷον

525 3983 702 4049 φωτὸς
733 3985 827 4037 καὶ
851 3987 1099 4053 σκότους,
1139 3981 1331 4055 ὕδατος
1372 3993 1468 4046 καὶ⁸
1513 3992 1719 4064 πυρός·
1762 3993 1849 4047 ἵνα
1883 3993 2103 4065 γνῶμεν

524 4072 607 4126 ὅτι
638 4075 697 4127 οὐ
730 4077 901 4134 ταῦτα
931 4081 1052 4133 κατ’
1092 4082 1280 4139 οὐσίαν
1311 4086 1491 4139 ἐστίν’
1528 4086 1644 4140 ἀλλ’
1668 4086 1784 4139 ἔστι
1808 4085 1907 4159 μὲν
1929 4088 2103 4159 ὑπερ-

522 4162 702 4228 ούσιος
730 4167 824 4220 καὶ
845 4168 1290 4241 ἀκατονόμαστος
1310 4187 1324 4201 ·
1350 4171 1425 4236 ὡς
1454 4172 1510 4226 δὲ
1538 4174 1754 4228 πάντων
1787 4173 1896 4226 τῶν
1932 4171 2102 4227 ὄντων

525 4253 719 4321 αἴτιος,
750 4260 816 4312 ἐκ
856 4261 1074 4315 πάντων
1100 4261 1209 4316 τῶν
1249 4264 1507 4320 αἱτιατῶν
1534 4265 1884 4335 ὀνομάζεται.

2219 3717 2577 3773 inenarrabili
2622 3716 2798 3787 ipsius
2827 3715 3069 3771 bonitate
3120 3716 3326 3772 factum
3371 3726 3478 3785 est,
3513 3726 3573 3775 ut
3604 3736 3672 3776 ex
3707 3721 3796 3779 bis

2212 3821 2335 3877 quae
2401 3806 2561 3861 nobis
2615 3805 2912 3860 familiaria
2965 3817 3115 3873 sunt,
3172 3808 3447 3865 nominari
3515 3811 3790 3878 voluerit;

2211 3913 2282 3953 ne
2329 3896 2535 3968 alioqui
2582 3898 2704 3968 ejus
2758 3897 3094 3968 cognitionis
3137 3914 3370 3969 prorsus
3407 3913 3664 3972 expertes
3703 3919 3793 3961 es-

2211 4004 2417 4056 semus,
2451 3987 2547 4044 sed
2574 3989 2860 4044 notionem
2893 3988 3090 4059 ipsius,
3125 3992 3435 4061 quamlibet
3466 3995 3789 4062 obscuram,

2212 4082 2564 4137 haberemus.
2598 4081 2666 4135 Et
2710 4083 2956 4153 quidem,
3005 4091 3285 4153 quatenus
3317 4100 3566 4151 omnem
3614 4087 3786 4141 animi

2210 4174 2768 4245 comprehensionem
2812 4182 3074 4245 superat,
3109 4176 3325 4230 nullum
3364 4176 3415 4230 ei
3446 4191 3646 4232 nomen
3695 4192 3790 4233 es-

2211 4264 2422 4334 signari
2476 4274 2697 4335 potest:
2744 4273 3021 4335 quatenus
3075 4274 3258 4319 autem
3309 4265 3556 4320 omnium
3592 4274 3791 4323 auctor

523 4353 628 4409 est,
670 4363 964 4420 rerumque
1015 4353 1264 4408 omnium
1318 4369 1519 4411 causas
1572 4363 1628 4410 et
1657 4356 1908 4413 rationes
1946 4357 2003 4412 in
2037 4372 2097 4413 se
2142 4356 2406 4419 continet,
2443 4371 2512 4411 ex
2554 4355 2813 4411 omnibus
2844 4355 3036 4420 rebus,
3070 4354 3239 4409 etiam
3291 4354 3439 4410 inter
3525 4372 3586 4412 se
3650 4372 3789 4415 con-

524 4441 733 4506 trariis,
761 4444 1098 4509 nominatur,
1134 4448 1288 4502 velut
1330 4464 1363 4503 a
1397 4449 1518 4503 luce
1560 4449 1824 4515 tenebris,
1895 4450 1965 4505 ab
2015 4455 2140 4520 igne
2180 4457 2236 4505 et
2318 4463 2502 4519 aqua;
2556 4459 2619 4501 ut
2663 4447 3071 4516 intelligamus,
3125 4446 3242 4501 haec
3290 4446 3444 4502 illum
3485 4451 3788 4507 secundum

523 4535 823 4588 essentiam
867 4551 980 4591 non
1016 4553 1158 4605 esse,
1205 4541 1298 4596 sed
1369 4542 1555 4611 potius
1610 4558 1781 4613 supra
1839 4544 2138 4599 essentiam
2216 4555 2364 4605 esse,
2429 4553 2529 4593 nec
2581 4539 2697 4594 ullo
2739 4537 2963 4592 nomine
3016 4537 3280 4607 appellari
3328 4540 3550 4611 quidem
3596 4559 3792 4614 posse,

524 4634 778 4681 caeterum
830 4640 888 4683 ut
934 4632 1178 4687 omnium
1242 4650 1490 4701 causam,
1531 4652 1561 4691 a
1612 4639 1837 4694 cunctis
1883 4638 2101 4694 cll‘ectis
2141 4634 2441 4692 nominari.

591 4722 683 4774 Διὸ
706 4723 814 4774 τῶν
846 4723 1006 4780 οείων
1034 4727 1338 4797 ὀνομάτων,
1375 4731 1444 4785 τὰ
1479 4732 1578 4802 μὲν
1605 4733 1964 4802 ἀποφατικῶς
2009 4732 2101 4786 λέ-

523 4826 702 4879 γεται,
732 4813 999 4883 δηλοῦντα
1029 4817 1090 4870 τὸ
1117 4818 1461 4890 ὑπερούσιονο
1495 4818 1607 4875 οἷον
1640 4823 1910 4888 ἀνούσιος,
1938 4811 2102 4894 ἄχρο-

522 4919 633 4969 νος,
659 4905 917 4976 ἄναρχος,
940 4908 1172 4979 ἀόρατος
1191 4927 1204 4941 ⁶
1239 4913 1336 4983 οὐχ
1366 4914 1449 4967 ὅτι
1472 4914 1617 4978 τινος
1642 4916 1823 4987 ἥττων
1862 4919 2032 4983 ἐστὶν,

519 5012 665 5062 τινος
696 5000 984 5073 ἐστέρηται
1009 5018 1024 5033 ο
1061 5003 1226 5057 αὐτοῦ
1259 5006 1369 5077 γάρ
1415 5010 1534 5061 ἐστι
1584 5009 1653 5061 τὰ
1685 5007 1884 5074 πάντα,
1918 5010 2013 5062 καὶ
2041 5010 2100 5077 ἐξ

521 5088 685 5142 αὑτοῦ
713 5091 808 5146 καὶ
826 5093 895 5145 δι’
928 5092 1093 5146 ἁυτοῦ
1124 5095 1335 5163 γέγονε,
1358 5098 1453 5150 καὶ
1482 5100 1540 5151 ὲν
1556 5099 1704 5171 αὑτῷ
1738 5100 2097 5169 συνέστηκεν·

521 5178 635 5231 ἀλλ’
649 5180 732 5233 ὅτι
743 5182 959 5238 πάντων
978 5184 1324 5256 ὑπεροχικῶς
1340 5188 1446 5242 τῶν
1462 5190 1631 5244 ὄντων
1649 5190 2104 5262 ὲξῄρηται.οὐδὲν

520 5269 630 5340 γὰρ
650 5271 759 5324 τῶν
771 5273 959 5339 ὄντων,
978 5276 1094 5328 ἀλλ’
1113 5277 1252 5349 ὑπὲρ
1273 5279 1449 5334 πάντα
1476 5279 1612 5333 ὲστί.
1634 5280 1677 5333 Τ
1679 5279 1713 5333 ἀ
1734 5280 1789 5332 δὲ
1805 5297 2106 5349 καταφατι-

521 5360 633 5424 κῶς
664 5361 956 5434 λεγόμενα,
983 5367 1058 5431 ώς
1092 5369 1266 5422 αἰτίου
1296 5370 1405 5424 τῶν
1430 5371 1649 5427 πάντων
1685 5375 2097 5443 κατηγορεῖται.

2068 4920 2180 5011 ἧι)

2285 4728 2385 4783 Dei
2443 4728 2661 4782 nomina
2716 4727 2988 4796 negantia,
3038 4729 3382 4798 aﬁirmantia.
3428 4731 3561 4798 Quae
3615 4735 3790 4803 aptius

2209 4822 2273 4876 de
2292 4819 2403 4875 Deo
2430 4819 2679 4873 dicantur
2700 4818 2934 4873 nomina.
2965 4817 3195 4884 Malum,
3237 4820 3407 4889 nihil;
3440 4823 3656 4891 bonum,
3694 4842 3790 4881 ea:-

2213 4911 2480 4976 sistenlia,
2505 4925 2686 4964 acres.
2706 4910 2871 4963 Mista
2907 4907 3005 4963 Dei
3042 4910 3279 4964 nomina.
3315 4911 3627 4982 Affirmatio
3655 4930 3793 4981 prie-

2209 5001 2446 5055 cellentis
2476 4999 2768 5069 negationis
2797 4998 2900 5052 vim
2926 4998 3144 5053 habens.
3178 5029 3249 5040 —
3271 5000 3536 5066 Quocirca
3557 5015 3627 5054 ex
3650 5001 3792 5056 divi-

2210 5093 2298 5148 nis
2318 5092 2634 5147 nominibus
2664 5091 2911 5162 quaadam
2964 5107 3060 5162 per
3112 5093 3460 5163 negationem
3504 5091 3786 5161 dicuntur,

2210 5184 2414 5255 quibus
2438 5184 2732 5240 essentiam
2766 5200 2983 5241 omnem
3006 5200 3130 5240 eum
3149 5198 3411 5254 superare
3436 5182 3746 5237 declaratur
3772 5205 3789 5254 ;

2211 5278 2362 5333 velut
2406 5290 2530 5331 cum
2587 5277 2842 5331 essentia:
2898 5292 3118 5347 expers,
3183 5277 3301 5330 sine
3349 5283 3612 5343 tempore,
3671 5276 3792 5331 sine

2210 5368 2502 5441 principio,
2534 5366 2830 5422 invisibilis
2863 5367 3064 5422 dicitur
3096 5384 3110 5420 :
3141 5381 3249 5420 non
3290 5365 3437 5435 quod
3467 5380 3527 5420 re
3556 5366 3666 5420 ulla
3706 5369 3789 5423 in-

594 5500 859 5558 ”Atlian.
894 5516 1039 5562 orat.
1072 5508 1108 5562 2
1130 5509 1289 5566 Cant.
1322 5513 1540 5578 Arian.;
1573 5513 1748 5584 Cyril.
1791 5512 1946 5567 Thes.
1988 5518 2188 5568 assert.
2220 5502 2306 5565 i3.
2388 5508 2429 5539 ¹⁷
2456 5508 2619 5578 Greg.
2652 5507 2785 5561 Naz.
2823 5515 2962 5562 orat.
2995 5507 3083 5561 56.
3164 5505 3205 5538 ⁸³
3247 5504 3470 5577 Dionys.
3503 5520 3622 5576 cap.
3668 5505 3690 5557 l
3718 5500 3791 5556 De

520 5564 627 5622 div.
663 5587 804 5626 nom.

1901 5670 2137 5727 VARle
2169 5669 2575 5727 LECTlONES.

604 5756 622 5793 ⁸
656 5757 721 5811 Β.
750 5758 890 5814 5109
917 5761 973 5813 αἱ
1001 5759 1194 5828 φύσεις
1222 5761 1524 5831 ἄγνωστοι,
1567 5762 1702 5817 αὐτὸ
1746 5761 2075 5832 ὑπερούσιον
2138 5760 2256 5823 πῶς
2287 5761 2685 5833 γνωσθήσεται.
