4104 6148
433 295 536 358 8ί7

1632 304 1691 362 S.
1733 305 2050 366 JOANNIS
2076 308 2166 367 DA
2178 310 2506 372 MASCENI

3569 318 3685 386 8i8

432 406 598 459 t'erior
649 405 738 473 sit,
781 413 873 461 aut
912 406 985 459 illi
1045 407 1344 475 quidquam
1378 406 1572 478 desit(
1621 409 1798 479 ipsius
1853 412 1986 466 enim

2113 416 2200 479 Ὠς
2229 417 2337 486 γὰρ
2368 421 2538 483 αἴτιος
2571 421 2787 477 πάντων
2814 423 2920 476 τῶν
2941 424 3110 480 ὄντων
3141 427 3230 480 καὶ
3256 427 3434 497 πάσης
3456 429 3678 495 οὐσίαις⁴

432 506 559 552 sunt
591 497 792 560 omnia,
840 508 1000 565 atque
1041 512 1105 551 ex
1140 499 1278 566 ipso,
1327 505 1380 552 ct
1422 514 1516 568 per
1553 501 1728 569 ipsum
1760 513 1908 570 sunt,
1943 513 1997 558 et

432 589 486 640 in
524 589 642 656 ipso
667 594 920 641 constant
953 586 1050 655 "),
1070 586 1163 640 sed
1201 588 1327 655 quia
1352 589 1612 644 eminenti
1648 592 1808 647 modo
1831 595 1997 649 rebus

430 681 684 732 omnibus
705 678 973 732 excelsior
1006 687 1111 732 cst.
1143 677 1260 733 Non
1295 681 1438 735 enim
1461 682 1756 752 quidquam
1793 693 1876 740 est
1907 701 1998 740 eo-

431 765 550 823 rum
581 785 699 840 qua:
741 778 886 834 sunt,
919 770 1014 825 sed
1059 786 1226 840 super
1265 772 1470 826 omnia.
1506 771 1646 827 Sunt
1681 783 1860 830 autem
1889 776 1995 830 alia

428 876 548 931 quae
582 875 678 930 per
699 859 1104 914 aﬂirmationem
1138 860 1438 916 efferuntur
1469 881 1484 929 ;
1519 878 1581 917 ea
1601 864 1854 918 nimirum
1879 881 1996 934 qua:

429 954 496 1006 de
531 967 596 1008 eo
635 951 910 1014 dicuntur,
947 959 1002 1004 ut
1047 957 1130 1005 est
1158 952 1402 1006 omnium
1432 966 1612 1007 rerum
1640 969 1824 1010 causa.
1858 953 1992 1010 Nam

429 1043 575 1098 velut
624 1042 870 1098 omnium
915 1041 1204 1111 omnisque
1251 1043 1504 1098 essentive
1555 1052 1768 1110 auctor,
1798 1055 1853 1101 et
1884 1046 1995 1104 Ens

427 1134 628 1187 dicitur
655 1142 708 1188 et
753 1134 992 1187 essentia
1026 1150 1039 1186 :
1079 1141 1246 1202 utque
1301 1133 1480 1188 omnis
1514 1135 1742 1190 rationis
1797 1145 1850 1190 et
1906 1152 1994 1190 sa-

429 1226 664 1294 pientiai,
700 1224 979 1278 rationalis
1009 1231 1061 1277 ct
1093 1224 1355 1293 sapientis
1385 1241 1584 1291 causa;
1617 1235 1669 1280 et
1699 1229 1836 1281 ratio
1854 1228 1992 1282 dici-

429 1327 536 1382 tur,
566 1325 620 1371 et
651 1315 970 1379 rationalis;
995 1314 1261 1383 sapientia
1285 1317 1434 1380 item,
1457 1327 1510 1370 et
1531 1317 1765 1385 sapiens.
1791 1317 1990 1374 Eodem

427 1409 611 1468 modo,
634 1415 687 1462 et
705 1422 857 1461 meus
885 1406 1106 1470 dicitur,
1130 1413 1183 1460 et
1205 1406 1512 1476 intelligens
1536 1409 1675 1472 ;vita
1694 1416 1747 1461 et
1773 1409 1988 1476 vivens;

428 1501 666 1569 potentia
703 1507 756 1554 et
788 1505 981 1569 potens
1008 1510 1022 1562 ;
1057 1499 1294 1568 itemque
1313 1499 1366 1552 in
1386 1499 1640 1553 omnibus
1662 1500 1782 1552 aliis
1808 1501 1989 1556 rebus.

425 1591 679 1656 Quinimo
732 1605 798 1644 ex
837 1587 1331 1658 prmstantioribus,
1375 1604 1606 1659 qumque
1651 1591 1874 1660 propius
1926 1591 1990 1645 ad

423 1698 545 1736 eum
577 1681 862 1746 accedunt,
915 1680 1094 1749 aptius
1129 1679 1555 1749 nuncupabitur.
1602 1681 1990 1736 Prwstantiora

2100 510 2194 560 καὶ
2236 511 2328 563 Ὣν
2363 511 2617 578 λέγεται,
2661 517 2757 568 καὶ
2805 517 2992 572 οὐσία·
3042 517 3138 572 καὶ
3188 518 3262 580 ὡς
3293 519 3465 580 αἴτιος
3509 519 3680 587 λόγου

2097 600 2298 663 παντὸς
2345 602 2440 656 καὶ
2479 605 2692 671 σοφίας,
2727 606 2949 675 λογικοῦ
2997 626 3056 662 τε
3105 610 3198 662 καὶ
3234 608 3420 677 σοφοῦ,
3451 611 3680 679 λέγεται

2096 689 2273 758 λόγος,
2333 695 2428 746 καὶ
2479 693 2718 763 λογικὸς,
2755 700 2850 751 καὶ
2894 700 3055 768 σοφία
3105 704 3199 754 καὶ
3241 701 3436 770 σοφός·
3466 703 3678 772 ὁμοίως

2096 782 2219 845 νοῦς
2243 784 2336 836 καὶ
2364 787 2568 856 νοερὸς,
2593 787 2706 857 ζωὴ
2743 791 2836 842 καὶ
2861 788 2988 854 ζῶν,
3017 791 3248 861 δύναμις
3276 793 3374 846 καὶ
3410 792 3673 857 δυνατός*

2097 872 2190 923 καὶ
2214 874 2304 925 ἐπὶ
2328 876 2545 930 πάντων
2568 877 2673 930 τῶν
2697 878 2900 932 λοιπῶν
2920 881 3141 950 ὁμοίως,
3169 882 3368 951 μᾶλλον
3388 883 3446 936 δὲ
3473 884 3537 936 ἐκ
3561 884 3674 938 τῶν

2094 963 2434 1034 τιμιωτέρων
2462 967 2558 1020 καὶ
2583 968 2991 1038 πλησιαζόντων
3011 971 3161 1043 αὑτῷ
3183 973 3526 1044 οἰκειοτέρως
3550 975 3675 1029 ὀνο-

2098 1052 2461 1121 μασθήσεται.
2491 1059 2806 1131 Τιμιώτερα
2833 1061 2902 1114 τὰ
2927 1061 3066 1116 ἄῦλα
3098 1062 3204 1115 τῶν
3227 1063 3281 1115 ὑ)
3298 1064 3449 1128 ικῶν,
3481 1066 3576 1119 καὶ
3601 1067 3675 1119 τὰ

2096 1140 2310 1210 καθαρὰ
2338 1144 2447 1197 τῶν
2480 1147 2758 1218 ῥυπαρῶν,
2791 1149 2884 1202 καὶ¹
2917 1150 2985 1203 τὰ
3020 1152 3150 1219 ἅγια
3173 1153 3280 1204 τῶν
3309 1154 3540 1221 ἐναγῶν,
3577 1155 3674 1208 καὶ

2097 1232 2298 1299 μᾶλλον
2328 1235 2476 1305 αὐτῷ
2507 1237 2873 1307 πλησιάζοντα
2892 1259 2905 1271 ·
2935 1241 3058 1294 ἐπεὶ
3087 1242 3179 1294 καὶ
3218 1242 3378 1296 πλέον
3407 1245 3671 1315 μετέχου-

2095 1340 2179 1374 σιν
2225 1324 2412 1380 αὑτοῦ.
2462 1327 2804 1399 Οἰκειότερον
2838 1324 2931 1382 οῦν
2983 1331 3184 1400 μᾶλλον
3236 1332 3671 1405 όνομασθήσεται

2091 1412 2241 1482 ἥλιος
2264 1414 2358 1467 καὶ
2377 1415 2512 1484 φῶς,
2540 1417 2684 1489 ἤπερ
2722 1420 2908 1481 σκότος
2927 1435 2942 1451 ·
2979 1421 3074 1474 καὶ
3109 1421 3309 1492 ἡμέρα,
3363 1424 3504 1495 ἥπερ
3533 1425 3632 1492 νύξ
3650 1441 3668 1456 ο

2093 1503 2184 1555 καὶ
2207 1502 2352 1574 ζωὴ,
2387 1505 2530 1576 ἥπερ
2573 1506 2828 1571 θάνατος’
2859 1510 2954 1563 καὶ
2989 1509 3120 1581 πῦρ,
3163 1513 3258 1565 καὶ
3289 1513 3534 1584 πνεῦμα,
3573 1516 3670 1569 καὶ

2093 1589 2256 1662 ὕδωρ,
2297 1592 2370 1654 ὡς
2405 1593 2642 1659 ζωτικά,
2686 1597 2829 1667 ἥπερ
2859 1599 2961 1669 γῆ’
3001 1599 3096 1652 καὶ
3143 1600 3250 1670 πρὸ
3279 1601 3519 1666 πάντων,
3573 1606 3670 1657 καὶ

2092 1681 2256 1737 πλέον
2283 1685 2578 1758 ἀγαθότης,
2614 1689 2759 1760 ἤπερ
2790 1690 2958 1743 κακία
2979 1706 2993 1720 ’
3039 1692 3238 1745 ταυτὸν
3265 1692 3323 1746 δὲ
3351 1693 3553 1759 εἰπεῖν,
3584 1694 3666 1760 ὃν,

424 1782 602 1828 autem
635 1781 784 1837 sunt,
819 1772 976 1842 eique
1021 1770 1434 1842 propiuquiora,
1466 1785 1585 1840 qua:
1619 1772 1846 1826 materia
1901 1787 1986 1826 ca-

2096 1771 2238 1843 ἧπερ
2264 1749 2344 1844 μη
2368 1773 2448 1828 όν.
2475 1749 2550 1828 Τὸ
2575 1749 2682 1846 γάρ
2708 1749 2932 1847 ἀγαθὸν,
2958 1777 3210 1850 ὓπαρξις,
3249 1783 3341 1833 καὶ
3381 1749 3670 1854 ὑπάρξεως

425 1871 565 1927 rent,
597 1877 759 1933 quam
790 1878 910 1932 qua:
945 1862 1247 1916 materialia
1284 1869 1450 1927 sunt;
1481 1877 1602 1932 quae
1639 1877 1794 1932 pura,
1825 1878 1988 1933 quam

422 1957 768 2028 quaeimpura
798 1972 812 2021 ;
836 1962 889 2009 et
910 1969 1028 2024 quae
1056 1962 1264 2017 sancta,
1289 1970 1451 2023 quam
1480 1968 1599 2024 quae
1619 1953 1840 2024 profana
1868 1963 1990 2020 ;ut-

424 2056 547 2116 pote
572 2061 693 2116 qua:
719 2045 840 2115 ejus
875 2044 1076 2114 aliquid
1099 2045 1322 2100 uberius
1360 2043 1615 2099 habeant.
1669 2043 1852 2114 Itaque
1875 2045 1988 2100 alli-

424 2136 564 2191 niori
596 2137 754 2206 longe
776 2137 986 2190 ratione
1015 2134 1096 2190 sol
1127 2135 1376 2188 etlumen
1410 2134 1788 2202 appellabitur,
1815 2150 1978 2204 quam

419 2230 694 2295 tenebrae;
727 2235 779 2282 et
803 2227 938 2290 dies,
975 2241 1136 2296 quam
1160 2239 1262 2279 nox
1283 2242 1297 2292 ;
1322 2226 1563 2294 vitaque,
1599 2240 1759 2293 quam
1789 2240 1935 2280 mors
1964 2243 1979 2291 ;

421 2321 659 2390 itemque
693 2320 854 2388 ignis,
887 2326 941 2372 et
971 2318 1220 2388 spiritus,
1253 2325 1306 2371 et
1337 2331 1495 2386 aqua,
1530 2323 1588 2369 ut
1619 2330 1738 2384 quae
1768 2316 1982 2371 viviﬁca

421 2419 570 2471 sunt,
609 2423 772 2478 quam
811 2416 994 2471 terra;
1027 2421 1090 2460 ac
1125 2419 1233 2474 prae.
1289 2405 1373 2458 his
1417 2404 1692 2470 omnibus,
1744 2405 1982 2471 bonitas,

417 2512 580 2566 quam
612 2497 815 2551 malitia
848 2513 860 2548 :
896 2492 1040 2564 quod
1075 2493 1299 2563 perinde
1321 2500 1403 2546 est
1427 2506 1492 2546 ac
1536 2492 1581 2547 si
1607 2493 1867 2558 dicerem,
1897 2511 1985 2550 res

2095 1859 2296 1914 αἴτιον⁸
2329 1862 2389 1915 τὸ
2418 1863 2473 1916 δὲ
2502 1867 2689 1928 κακὸν,
2720 1867 2947 1936 ἀγαθοῦ,
2978 1869 3098 1939 ἦτοι
3129 1870 3438 1941 ὑπάρξεως,
3473 1876 3669 1946 στέρη-

2098 1969 2200 2016 σις.
2235 1953 2342 2006 Καὶ
2370 1951 2531 2009 αῦται
2594 1958 2692 2027 μὲν
2738 1961 2792 2012 αί
2827 1961 3130 2029 ἀποφάσεις
3161 1964 3254 2016 καὶ
3293 1967 3662 2034 καταφάσεις·

2092 2043 2402 2116 γλυκυτάτη
2460 2047 2515 2100 δὲ
2568 2050 2659 2101 καὶ
2703 2051 2736 2120 ή
2783 2050 2842 2115 ἐξ
2883 2051 3084 2121 ἀμφοῖν
3123 2055 3388 2125 συνάφεια
3413 2073 3428 2088 ’
3465 2055 3593 2122 οἷον,
3629 2060 3659 2130 ἡ

2086 2136 2410 2207 ὑπερούσιος
2460 2140 2654 2204 οὐσία,
2709 2143 2742 2213 ἡ
2810 2143 3074 2214 ὺπέροεος
3094 2145 3654 2221 θεότης,ὑπεράρχιος

2085 2227 2246 2298 ἀρχὴ,
2282 2230 2373 2282 καὶ
2397 2230 2466 2284 τὰ
2495 2233 2739 2288 τοιαῦτα.
2772 2236 2895 2288 Εἰσὶ
2925 2236 2980 2288 δὲ
3004 2238 3097 2289 καί
3122 2255 3244 2290 τινα
3275 2242 3647 2309 καταφατικὼς

2087 2318 2180 2370 ἐπὶ
2206 2318 2341 2372 Θεοῦ
2377 2321 2667 2394 λεγόμενα,
2703 2325 2934 2397 δύναμιν
2973 2327 3306 2398 ὑπεροχικῆς
3331 2329 3646 2397 ἀποφάσεως

2087 2406 2313 2476 ἔχοντα’
2366 2406 2478 2466 οἷον
2530 2416 2750 2478 σκότος·
2779 2417 2876 2487 οὐχ
2905 2419 2987 2470 ὅτι
3030 2419 3058 2470 ό
3099 2417 3231 2482 Θεὸς
3265 2420 3440 2484 σκότος
3477 2421 3648 2488 ἐστὶν,

2085 2501 2200 2553 ἀλλ’
2230 2503 2310 2556 ὅτι
2335 2505 2434 2558 οὐκ
2463 2505 2577 2560 ἔστι
2606 2509 2740 2577 φῶς,
2773 2509 2888 2563 ἀλλ’
2923 2509 3064 2579 ὑπὲρ
3091 2509 3150 2564 τὸ
3179 2511 3314 2578 φῶς.

419 2592 599 2661 p0tius
636 2604 796 2660 quam
830 2588 986 2643 nihil.
1018 2587 1225 2642 Bonum
1257 2587 1401 2640 enim
1432 2586 1754 2641 exsisteutia
1792 2596 1896 2654 est,
1929 2597 1983 2644 et
2021 2593 2354 2652 exsistentiae
2409 2613 2574 2654 causa
2607 2617 2623 2668 ;
2655 2601 2857 2655 malum
2911 2612 3092 2659 autem
3155 2605 3282 2660 boni
3350 2606 3467 2661 sive
3512 2607 3664 2663 εκεῖ..

420 2685 634 2739 διοηιὶιε
675 2681 908 2753 privatio
939 2687 1046 2736 est.
1083 2680 1260 2750 Atque
1285 2680 1399 2734 haec
1419 2690 1548 2734 sunt
1610 2683 1873 2737 vocabula
1931 2685 2254 2746 aﬂirmantia
2293 2700 2346 2746 et
2376 2696 2650 2765 negantia.
2695 2695 2770 2751 Ex
2803 2697 3052 2769 utrisque
3104 2715 3270 2769 porro
3335 2703 3665 2759 suavissima

417 2776 686 2829 connexio
714 2773 771 2827 fit
802 2793 814 2828 :
845 2790 897 2827 ν.
927 2787 1009 2841 gr.
1039 2773 1519 2842 superessentialis
1557 2775 1820 2840 essentia,
1877 2779 2225 2848 superdivina
2246 2782 2452 2850 Deitas,
2487 2789 2814 2859 principium
2872 2794 3021 2846 omni
3077 2795 3344 2865 principio
3383 2799 3661 2867 superius,

417 2868 631 2938 aliaque
656 2867 877 2922 similia.
909 2866 1049 2922 Sunt
1085 2867 1248 2922 etiam
1306 2868 1575 2938 quaedam,
1622 2885 1743 2938 qua:
1773 2873 1995 2927 tametsi
2054 2873 2124 2931 de
2189 2875 2300 2932 Deo
2355 2880 2674 2939 afﬁrmando
2732 2887 3011 2952 dicuntur,
3063 2891 3422 2958 praecellentis
3461 2866 3662 2948 "tamen

418 2961 723 3033 negationis
763 2963 868 3016 vim
900 2962 1124 3017 habent.
1166 2961 1287 3027 Quo
1334 2963 1387 3017 in
1438 2978 1637 3033 genere
1685 2963 1816 3019 illud
1876 2972 1980 3032 est,
2022 2981 2148 3023 cum
2179 2971 2344 3028 Deum
2396 2979 2653 3034 tenebras
2692 2981 3028 3051 appellamus
3064 2999 3079 3048 ;
3119 2999 3224 3039 non
3297 2986 3442 3056 quod
3515 2986 3662 3042 Deus

416 3055 648 3109 tenebrat
682 3054 773 3121 sit,
805 3053 899 3110 sed
929 3055 1075 3125 quod
1107 3071 1214 3109 non
1251 3055 1324 3109 sit
1360 3056 1478 3120 lux,
1524 3057 1620 3110 sed
1653 3057 1803 3111 omni
1861 3059 1986 3114 luce
2025 3064 2314 3120 sublimior
2343 3069 2593 3125 exsistat.

485 3148 720 3205 Nomina
755 3151 1088 3216 communia;
1143 3151 1327 3220 cuique
1370 3166 1605 3220 persona:
1660 3153 1986 3221 propria.—

2160 3160 2388 3229 Λέγετειι
2422 3165 2521 3234 μὲν
2548 3162 2638 3220 οῦν
2661 3169 2688 3221 ό
2718 3168 2849 3234 Θεὸς
2876 3171 3021 3235 νοῦς,
3061 3172 3151 3225 καὶ
3179 3171 3352 3241 λόγος,
3376 3174 3469 3226 καὶ
3492 3177 3658 3229 πνεῦο

416 3241 559 3296 Deus
593 3243 796 3312 itaque,
829 3249 883 3297 et
913 3256 1090 3305 mens,
1125 3248 1179 3294 et
1212 3241 1371 3306 ratio,
1393 3247 1446 3295 et
1469 3240 1717 3310 Spiritus,
1743 3250 1796 3296 et
1823 3241 1982 3314 148

417 3335 705 3404 sapientia,
743 3341 798 3389 et
846 3333 1082 3403 potentia
1113 3332 1336 3396 dicitur,
1374 3342 1432 3385 ut
1459 3332 1652 3385 borum
1681 3341 1896 3398 auctor,
1923 3342 1983 3388 ut

416 3423 652 3476 materiae
668 3438 884 3491 expers,
906 3432 962 3476 ut
984 3422 1225 3478 omnium
1255 3419 1449 3476 artifex
1471 3430 1525 3477 et
1548 3423 1889 3491 omnipotens
1910 3426 1978 3480 '°.

412 3515 588 3582 Atque
650 3512 762 3566 haec
826 3521 943 3568 tum
1009 3512 1374 3569 communiter
1400 3513 1465 3566 de
1508 3519 1618 3566 tota
1658 3512 1864 3570 Deitate
1899 3517 1982 3570 di—

411 3615 618 3661 cuntur
647 3605 801 3676 (tam
836 3620 954 3674 quae
975 3605 1319 3672 affirmando,
1366 3619 1529 3675 quam
1581 3621 1703 3676 qum
1736 3609 1983 3678 negando

412 3696 757 3766 cﬂ‘cruntur),
785 3705 896 3750 tum
929 3698 1240 3768 singillatim
1265 3697 1330 3752 de
1348 3697 1590 3768 qualibet
1623 3707 1827 3753 sancta:
1857 3701 1982 3753 Tri-

414 3788 603 3842 uitatis
621 3801 873 3856 persona,
901 3789 1204 3856 aequaliter,
1231 3787 1531 3857 eodemque
1552 3789 1732 3853 modo,
1757 3797 1812 3844 et
1835 3791 1983 3845 nullo

412 3882 644 3937 defectu.
658 3876 814 3942 Nam,
833 3893 954 3932 cum
973 3877 1222 3934 extribus
1240 3881 1487 3948 personis
1501 3896 1659 3934 unam
1673 3882 1980 3948 considero,

412 3969 710 4042 perfectum
755 3967 902 4020 illam
938 3966 1126 4033 Deum,
1174 3968 1578 4038 perfectamque
1625 3972 1982 4026 substantiam

411 4056 872 4132 agnoseo.Neque
899 4057 1045 4112 enim
1075 4057 1715 4126 compositumquoddam
1737 4069 1820 4114 est
1845 4061 1984 4116 diri-

411 4155 549 4208 uitas
566 4172 580 4220 ;
596 4151 689 4208 sed
715 4152 767 4206 in
796 4149 970 4205 tribus
985 4147 1242 4218 perfectis
1264 4146 1558 4218 perfectum
1575 4166 1764 4216 unum,
1791 4154 1985 4209 indivi-

406 4259 654 4306 sum,nec
680 4243 1060 4314 compositum.
1092 4241 1230 4297 Cum
1256 4240 1491 4310 denique
1524 4253 1769 4298 mutuum
1796 4261 1982 4318 respe-

401 4345 550 4388 ctum
576 4350 930 4405 personarum
954 4335 1136 4389 animo
1162 4347 1342 4398 verso,
1369 4333 1498 4389 illud
1525 4348 1860 4406 compertum
1883 4341 1980 4394 ha-

407 4427 526 4491 beo,
563 4426 778 4484 Patrem
827 4427 1336 4500 superessentialem
1361 4427 1529 4483 solem
1553 4443 1693 4494 esse,
1714 4431 1978 4489 bonitatis

405 4519 636 4585 fontem,
654 4525 924 4590 esse-litim,
940 4523 1190 4587 rationis,
1215 4524 1513 4592 sapientia,
1531 4527 1804 4594 potentiae,
1819 4526 1979 4582 lumi-

403 4612 508 4675 nis,
525 4611 827 4669 divinitatis
840 4615 1325 4684 abyssum;occulti
1352 4615 1404 4669 in
1430 4631 1488 4671 se
1512 4617 1636 4671 boni
1667 4619 1980 4686 genitricem

406 4701 921 4772 productricemque
951 4703 1362 4773 scaturiginem.
1395 4704 1513 4774 Ipse
1565 4706 1770 4776 quippe
1822 4724 1978 4764 mens

404 4797 508 4857 est,
540 4791 769 4846 rationis
794 4792 1044 4862 abyssus,
1075 4792 1236 4849 Verbi
1272 4796 1507 4864 genitor,
1535 4811 1597 4850 ac
1622 4811 1716 4866 per
1739 4797 1971 4855 Verbum

476 4906 519 4939 ίο
559 4902 773 4962 Coloss.
827 4919 865 4970 ι,
905 4904 986 4958 I7.
1061 4905 1106 4937 "
1146 4903 1368 4974 Dionys.
1395 4905 1470 4958 De
1496 4908 1601 4962 div.
1632 4925 1772 4964 nam.
1815 4905 1935 4982 cap.
1967 4913 2019 4968 5.

2085 3265 2181 3318 μα,
2215 3253 2376 3322 σοφία
2396 3272 2454 3308 τε
2480 3257 2574 3310 καὶ
2613 3257 2863 3331 δύναμις,
2895 3261 2972 3325 ὡς
3003 3262 3200 3316 τούτων
3229 3265 3414 3328 αἴτιος,
3447 3265 3542 3318 καὶ
3570 3267 3652 3329 ὡς

2081 3341 2263 3409 ἄῦλος,
2317 3346 2410 3399 καὶ
2464 3347 2540 3410 ὡς
2570 3350 2908 3422 παντουργὸς
2937 3354 3033 3406 καὶ
3065 3352 3482 3424 παντοδύναμος.
3530 3355 3648 3408 Καὶ

2081 3432 2252 3487 ταῦτα
2283 3439 2477 3502 κοινῶς
2508 3441 2600 3492 ἐπὶ
2633 3441 2812 3513 πάσης
2833 3443 3050 3514 λέγεται
3073 3446 3166 3516 τῆς
3187 3445 3470 3516 Θεότητος,
3491 3447 3562 3501 τά
3588 3463 3653 3500 τε

2081 3525 2462 3594 ἀποφατικῶς,
2491 3531 2584 3583 καὶ
2611 3533 2679 3585 τὰ
2700 3537 3084 3603 καταφατικῶς
3109 3537 3395 3606 λεγόμενα.
3421 3539 3535 3592 Καὶ
3564 3539 3652 3606 ἐφ’

2083 3617 2321 3689 ἑκάστης
2344 3622 2450 3674 τῶν
2485 3625 2580 3694 τῆς
2602 3625 2762 3694 ἁγίας
2786 3627 3014 3697 Τριάδος
3041 3630 3411 3695 ὑποστάσεων,
3428 3630 3655 3700 ὁμοίως,

2083 3711 2175 3762 καὶ
2202 3711 2464 3777 ὡσαύτως
2485 3753 2499 3775 ,
2532 3716 2628 3769 καὶ
2671 3718 3097 3787 ἀπαραλείπτως
3127 3733 3175 3774 ιι.
3207 3723 3375 3774 Ὅταν
3407 3721 3518 3794 γάρ
3565 3725 3657 3776 ἐνο

2081 3803 2260 3870 νοήσω
2297 3803 2426 3870 μίαν
2477 3806 2584 3860 τῶν
2622 3809 2970 3866 ὑποστάσεων
2993 3851 3006 3873 ,
3048 3811 3251 3866 τέλειον
3291 3813 3460 3885 αὐτὴν
3521 3814 3656 3870 Θεὸν

2082 3886 2219 3957 οἶδα,
2255 3893 2466 3948 τελείαν
2519 3898 2740 3952 οὐσίαν·
2781 3901 2907 3955 ὅταν
2937 3901 2994 3954 δὲ
3031 3903 3253 3972 συνάψω
3299 3904 3394 3958 καὶ
3431 3923 3657 3974 συναρι-

2084 3981 2276 4053 θμὴσω
2309 3985 2376 4038 τὰ
2408 3988 2553 4059 τρία,
2586 3991 2683 4045 ἓνα
2717 3992 2847 4046 Θεὸν
2883 3989 3000 4047 οῖδα
3029 3993 3254 4049 τέλειον.
3289 3996 3365 4048 Οὐ
3390 3996 3498 4067 γὰρ
3531 3997 3660 4050 σύν-

2084 4074 2238 4130 θετόν
2270 4079 2416 4132 ἐστιν
2447 4083 2479 4151 ἡ
2514 4082 2734 4153 Θεότης,
2771 4085 2888 4138 ἀλλ’
2918 4088 2975 4140 ὲν
3021 4085 3447 4157 τρισὶατελείοις,
3481 4085 3541 4139 ἓν
3562 4088 3658 4141 τέ-

2082 4165 2222 4222 λειον
2270 4171 2473 4243 ἀμερὲς
2536 4175 2630 4226 καὶ
2684 4176 2996 4232 ἀσύνθετον.
3047 4177 3216 4231 Ὅταν
3261 4178 3318 4230 δὲ
3365 4178 3465 4248 τὴν
3517 4179 3658 4251 πρὸς

2083 4258 2288 4329 ἄλληλα
2338 4262 2519 4331 σχέσιν
2579 4267 2687 4320 τῶν
2731 4269 3080 4323 ὑποστάσέων
3110 4269 3370 4339 ὲννοήσω,
3416 4264 3532 4322 οἶδα
3569 4271 3654 4324 ὅτι

2082 4349 2230 4402 ἐστὶν
2267 4353 2294 4403 ό
2325 4352 2513 4425 Πατὴρ
2545 4357 2866 4428 ὑπερούσιος
2892 4358 3059 4428 ἥλιος,
3104 4357 3256 4429 πηγὴ
3294 4357 3651 4430 ἀγαθὸτητος.

2083 4438 2316 4506 ἄϐυσσος
2365 4445 2574 4512 οὐσίας,
2622 4449 2802 4518 λόγου,
2858 4451 3070 4520 σοφίας,
3111 4449 3416 4519 δυνάμεως,
3448 4449 3646 4518 φωτὸς,

2084 4529 2365 4604 θεότητος·
2419 4540 2570 4608 πηγὴ
2619 4542 2908 4612 γεννητικὴ
2949 4540 3052 4612 ,καὶ
3096 4539 3435 4610 προϐλητικὴ
3468 4537 3558 4591 τοῦ
3584 4540 3644 4590 ἐν

2080 4623 2219 4695 αὐτῇ
2260 4627 2489 4696 κρυφίου
2513 4631 2741 4699 ἀγαθοῦ.
2781 4631 2951 4696 Αὐτὸς
2984 4632 3082 4703 μὲν
3113 4627 3206 4684 οὖν
3238 4634 3353 4684 ἐστι
3385 4628 3518 4691 νοῦς,
3547 4627 3634 4677 λό-

2078 4730 2175 4781 γου
2205 4715 2457 4784 ἄϐυσσος,
2490 4720 2667 4790 Λόγου
2693 4723 2991 4794 γεννήτωρ,
3023 4723 3117 4776 καὶ
3153 4721 3241 4774 διὰ
3266 4721 3416 4787 λόγου
3442 4716 3633 4782 προσο-

2076 4805 2202 4870 λεὺς
2235 4808 2345 4879 (55)
2365 4811 2761 4882 ἐκφαντορικοῦ
2782 4811 3098 4884 Πνεῦματος
3117 4829 3132 4845 ·
3156 4811 3247 4865 καὶ
3271 4811 3352 4862 ἵνα
3366 4805 3438 4877 μὴ
3457 4803 3631 4860 πολλὰ

1666 5036 1898 5092 VARUS
1933 5040 2338 5101 LECTIONES.

465 5150 610 5206 “Sic
663 5145 1974 5234 edi‘°.§‘."‘,5$:3“_'i‘¥§“PsitéﬁspeP-éch;
2024 5159 2152 5226 quia
2199 5160 2458 5216 adverbio
2488 5163 2938 5234 ἀπαραλλάκτως,
2969 5176 3190 5224 utuntur
3214 5159 3419 5223 Graeci,
3453 5155 3554 5211 ubi
3581 5156 3654 5213 de

396 5235 755 5288 personarum
789 5219 1097 5275 divinarum
1126 5215 1431 5285 aequalitate
1461 5215 1642 5272 sermo
1662 5227 1766 5272 est.

1907 5305 2114 5362 NOTAE
2126 5346 2140 5359 .

468 5407 579 5477 (35)
619 5407 944 5484 Διά-Λόγου
971 5401 1474 5484 xp0601§p¢._Per.
1508 5404 1728 5484 Verbum
1756 5403 1954 5484 prodit.-

396 5473 535 5540 cto‘r,
562 5473 675 5530 'etc.
702 5473 895 5541 Grmci,
932 5485 1160 5532 auctore
1188 5474 1401 5536 Pliotio.
1425 5473 1569 5528 dicta
1595 5474 1814 5529 Patrum
1841 5473 1958 5544 qui-

402 5546 500 5599 bus
535 5544 771 5613 Spiritus
804 5557 1024 5600 sauctus
1054 5561 1118 5600 ex
1152 5545 1311 5611 Filio,
1339 5553 1433 5598 aut
1469 5562 1562 5614 per
1588 5544 1783 5599 Filium
1831 5559 1955 5615 pro-

394 5615 590 5668 cedere
629 5615 961 5684 enuntiatur,
993 5617 1058 5670 de
1091 5617 1356 5670 donorum
1389 5616 1673 5684 largitione
1703 5616 1828 5670 olim
1869 5617 1951 5668 in-

398 5680 851 5752 terpretabantur.
881 5683 1122 5739 Tandem
1151 5687 1254 5741 sub
1283 5680 1592 5740 Andronico
1632 5689 1864 5752 s-eniorc,
1899 5687 1952 5738 in

2065 5402 2513 5476 patriarcharum,
2536 5405 3136 5476 Conslanlinopolitani
3177 5417 3232 5476 et
3261 5409 3640 5469 Alexandrini
3651 5456 3664 5474 .

2065 5473 2405 5544 aliorumque
2434 5475 2812 5544 episcoporum
2844 5473 3128 5542 consessu,
3167 5475 3412 5534 Joannes
3445 5473 3666 5541 Beecus

2061 5557 2124 5622 ex
2151 5543 2252 5597 hoc
2285 5542 2758 5622 Damasceni'loco
2785 5545 3190 5622 demonstravit
3217 5557 3494 5622 aeternam
3529 5551 3664 5622 Spi-

2061 5613 2202 5666 ritus
2239 5625 2361 5679 per_
2391 5609 2588 5666 Filium
2651 5614 3085 5680 processionem.
3125 5614 3230 5670 Sed
3263 5617 3335 5672 de
3378 5619 3468 5674 bis
3522 5609 3660 5680 alibi

2060 5682 2252 5734 fusius.
