  <div class='ocr_page' id='page_1' title='image "/cluster/home/n/w/nwhite01/storage/ocr_20150623/94/mdp.39015008918610/432.png"; bbox 0 0 4116 6150; ppageno 0'>
   <div class='ocr_carea' id='block_1_1' title="bbox 501 393 605 460">
    <p class='ocr_par' dir='ltr' id='par_1_1' title="bbox 501 393 605 460">
     <span class='ocr_line' id='line_1_1' title="bbox 501 393 605 460; baseline 0 -1"><span class='ocrx_word' id='word_1_1' title='bbox 501 393 605 460; x_wconf 81' lang='lat' dir='ltr'><strong>Si9</strong></span> 
     </span>
    </p>
   </div>
   <div class='ocr_carea' id='block_1_2' title="bbox 1593 384 2703 449">
    <p class='ocr_par' dir='ltr' id='par_1_2' title="bbox 1593 384 2703 449">
     <span class='ocr_line' id='line_1_2' title="bbox 1593 384 2703 449; baseline 0.001 -2"><span class='ocrx_word' id='word_1_2' title='bbox 1593 386 1694 447; x_wconf 91' lang='lat' dir='ltr'>DE</span> <span class='ocrx_word' id='word_1_3' title='bbox 1730 386 1909 448; x_wconf 90' lang='lat' dir='ltr'><strong>FIDE</strong></span> <span class='ocrx_word' id='word_1_4' title='bbox 1951 384 2420 446; x_wconf 82' lang='lat' dir='ltr'><strong>ORTHODOXA</strong></span> <span class='ocrx_word' id='word_1_5' title='bbox 2459 386 2610 449; x_wconf 89' lang='lat' dir='ltr'><strong>LIB.</strong></span> <span class='ocrx_word' id='word_1_6' title='bbox 2652 386 2703 448; x_wconf 92' lang='grc' dir='ltr'><strong>Ι.</strong></span> 
     </span>
    </p>
   </div>
   <div class='ocr_carea' id='block_1_3' title="bbox 3677 382 3781 445">
    <p class='ocr_par' dir='ltr' id='par_1_3' title="bbox 3677 382 3781 445">
     <span class='ocr_line' id='line_1_3' title="bbox 3677 382 3781 445; baseline 0.038 -4"><span class='ocrx_word' id='word_1_7' title='bbox 3677 382 3781 445; x_wconf 63' lang='grc'><strong>830</strong></span> 
     </span>
    </p>
   </div>
   <div class='ocr_carea' id='block_1_4' title="bbox 497 495 2092 579">
    <p class='ocr_par' dir='ltr' id='par_1_4' title="bbox 497 500 2086 579">
     <span class='ocr_line' id='line_1_4' title="bbox 497 500 2086 579; baseline -0.006 -16"><span class='ocrx_word' id='word_1_8' title='bbox 497 509 661 579; x_wconf 74' lang='grc' dir='ltr'>λέγω,</span> <span class='ocrx_word' id='word_1_9' title='bbox 689 506 790 560; x_wconf 83' lang='grc' dir='ltr'><strong>οὐκ</strong></span> <span class='ocrx_word' id='word_1_10' title='bbox 819 503 934 559; x_wconf 76' lang='grc' dir='ltr'>ἔστι</span> <span class='ocrx_word' id='word_1_11' title='bbox 959 500 1038 577; x_wconf 83' lang='grc' dir='ltr'>τῷ</span> <span class='ocrx_word' id='word_1_12' title='bbox 1065 502 1245 575; x_wconf 74' lang='grc' dir='ltr'>Πατρὶ</span> <span class='ocrx_word' id='word_1_13' title='bbox 1266 500 1424 571; x_wconf 82' lang='grc' dir='ltr'><strong>λόγος</strong></span> <span class='ocrx_word' id='word_1_14' title='bbox 1454 500 1588 572; x_wconf 81' lang='lat'><strong>(&#39;56),</strong></span> <span class='ocrx_word' id='word_1_15' title='bbox 1615 503 1797 572; x_wconf 82' lang='grc' dir='ltr'>σοφία,</span> <span class='ocrx_word' id='word_1_16' title='bbox 1832 500 2086 571; x_wconf 77' lang='grc' dir='ltr'>δύναμις,</span> 
     </span>
    </p>
   </div>
   <div class='ocr_carea' id='block_1_5' title="bbox 2197 495 3788 579">
    <p class='ocr_par' dir='ltr' id='par_1_5' title="bbox 2199 495 3788 571">
     <span class='ocr_line' id='line_1_5' title="bbox 2199 495 3788 571; baseline -0.001 -17"><span class='ocrx_word' id='word_1_17' title='bbox 2199 498 2611 556; x_wconf 85' lang='lat' dir='ltr'><strong>manifestantis</strong></span> <span class='ocrx_word' id='word_1_18' title='bbox 2671 497 2913 571; x_wconf 78' lang='lat' dir='ltr'><strong>Spiritus</strong></span> <span class='ocrx_word' id='word_1_19' title='bbox 2966 498 3290 571; x_wconf 86' lang='lat' dir='ltr'><strong>productor.</strong></span> <span class='ocrx_word' id='word_1_20' title='bbox 3349 495 3451 565; x_wconf 81' lang='lat' dir='ltr'><strong>Ac,</strong></span> <span class='ocrx_word' id='word_1_21' title='bbox 3503 512 3572 553; x_wconf 87' lang='lat' dir='ltr'><strong>ne</strong></span> <span class='ocrx_word' id='word_1_22' title='bbox 3617 500 3788 553; x_wconf 85' lang='lat' dir='ltr'><strong>multa</strong></span> 
     </span>
    </p>
   </div>
   <div class='ocr_carea' id='block_1_6' title="bbox 496 594 2086 671">
    <p class='ocr_par' dir='ltr' id='par_1_6' title="bbox 496 594 2086 671">
     <span class='ocr_line' id='line_1_6' title="bbox 496 594 2086 671; baseline -0.006 -16"><span class='ocrx_word' id='word_1_23' title='bbox 496 601 720 671; x_wconf 83' lang='grc' dir='ltr'>θέλησις</span> <span class='ocrx_word' id='word_1_24' title='bbox 749 598 886 671; x_wconf 73' lang='lat'><strong>(5‘7),</strong></span> <span class='ocrx_word' id='word_1_25' title='bbox 912 598 962 652; x_wconf 87' lang='grc' dir='ltr'><strong>εί</strong></span> <span class='ocrx_word' id='word_1_26' title='bbox 1005 597 1082 670; x_wconf 78' lang='grc' dir='ltr'>μὴ</span> <span class='ocrx_word' id='word_1_27' title='bbox 1111 599 1140 651; x_wconf 98' lang='lat'><strong>6</strong></span> <span class='ocrx_word' id='word_1_28' title='bbox 1169 596 1320 659; x_wconf 78' lang='grc' dir='ltr'>Υἱὸς,</span> <span class='ocrx_word' id='word_1_29' title='bbox 1349 595 1407 659; x_wconf 85' lang='grc' dir='ltr'><strong>ὅς</strong></span> <span class='ocrx_word' id='word_1_30' title='bbox 1433 595 1584 649; x_wconf 73' lang='grc' dir='ltr'>ἐστιν</span> <span class='ocrx_word' id='word_1_31' title='bbox 1614 596 1648 666; x_wconf 82' lang='grc' dir='ltr'>ἡ</span> <span class='ocrx_word' id='word_1_32' title='bbox 1679 594 1815 665; x_wconf 87' lang='grc' dir='ltr'>μόνη</span> <span class='ocrx_word' id='word_1_33' title='bbox 1854 594 2086 665; x_wconf 85' lang='grc' dir='ltr'>δύναμις</span> 
     </span>
    </p>
   </div>
   <div class='ocr_carea' id='block_1_7' title="bbox 492 687 2087 764">
    <p class='ocr_par' dir='ltr' id='par_1_7' title="bbox 492 687 2087 764">
     <span class='ocr_line' id='line_1_7' title="bbox 492 687 2087 764; baseline -0.004 -18"><span class='ocrx_word' id='word_1_34' title='bbox 492 691 589 747; x_wconf 78' lang='grc' dir='ltr'>τοῦ</span> <span class='ocrx_word' id='word_1_35' title='bbox 633 692 873 764; x_wconf 82' lang='grc' dir='ltr'>Πατρὸς,</span> <span class='ocrx_word' id='word_1_36' title='bbox 900 693 936 762; x_wconf 80' lang='grc' dir='ltr'><strong>ἠ</strong></span> <span class='ocrx_word' id='word_1_37' title='bbox 968 687 1427 764; x_wconf 76' lang='grc' dir='ltr'><strong>προκαταρκτικὴ</strong></span> <span class='ocrx_word' id='word_1_38' title='bbox 1457 688 1568 758; x_wconf 79' lang='lat'><strong>(&#39;58)</strong></span> <span class='ocrx_word' id='word_1_39' title='bbox 1594 688 1698 757; x_wconf 82' lang='grc' dir='ltr'><strong>τῆς</strong></span> <span class='ocrx_word' id='word_1_40' title='bbox 1726 687 1834 741; x_wconf 85' lang='grc' dir='ltr'><strong>τῶν</strong></span> <span class='ocrx_word' id='word_1_41' title='bbox 1868 688 2087 742; x_wconf 84' lang='grc' dir='ltr'>πάντων</span> 
     </span>
    </p>
   </div>
   <div class='ocr_carea' id='block_1_8' title="bbox 495 779 2091 857">
    <p class='ocr_par' dir='ltr' id='par_1_8' title="bbox 495 779 2091 857">
     <span class='ocr_line' id='line_1_8' title="bbox 495 779 2091 857; baseline -0.003 -18"><span class='ocrx_word' id='word_1_42' title='bbox 495 785 793 857; x_wconf 85' lang='grc' dir='ltr'>ποιήσεως.</span> <span class='ocrx_word' id='word_1_43' title='bbox 832 783 1021 847; x_wconf 74' lang='grc' dir='ltr'>Οὕτως</span> <span class='ocrx_word' id='word_1_44' title='bbox 1062 782 1139 847; x_wconf 83' lang='grc' dir='ltr'>ὡς</span> <span class='ocrx_word' id='word_1_45' title='bbox 1186 780 1370 835; x_wconf 70' lang='grc' dir='ltr'>τελεία</span> <span class='ocrx_word' id='word_1_46' title='bbox 1427 780 1730 845; x_wconf 74' lang='grc' dir='ltr'><strong>ὑπόστασις</strong></span> <span class='ocrx_word' id='word_1_47' title='bbox 1773 781 1839 834; x_wconf 77' lang='grc' dir='ltr'><strong>ἐκ</strong></span> <span class='ocrx_word' id='word_1_48' title='bbox 1876 779 2091 844; x_wconf 77' lang='grc' dir='ltr'><strong>τελείας</strong></span> 
     </span>
    </p>
   </div>
   <div class='ocr_carea' id='block_1_9' title="bbox 496 868 2091 945">
    <p class='ocr_par' dir='ltr' id='par_1_9' title="bbox 496 868 2091 945">
     <span class='ocr_line' id='line_1_9' title="bbox 496 868 2091 945; baseline -0.003 -14"><span class='ocrx_word' id='word_1_49' title='bbox 496 875 856 939; x_wconf 74' lang='grc' dir='ltr'>ὑποστάσεως</span> <span class='ocrx_word' id='word_1_50' title='bbox 884 873 1219 945; x_wconf 86' lang='grc' dir='ltr'>γεννωμένη.</span> <span class='ocrx_word' id='word_1_51' title='bbox 1251 889 1328 936; x_wconf 89' lang='grc' dir='ltr'><strong>ως</strong></span> <span class='ocrx_word' id='word_1_52' title='bbox 1350 868 1492 926; x_wconf 82' lang='grc' dir='ltr'>οῐδεν</span> <span class='ocrx_word' id='word_1_53' title='bbox 1519 871 1703 937; x_wconf 81' lang='grc' dir='ltr'>αὐτὸς,</span> <span class='ocrx_word' id='word_1_54' title='bbox 1728 871 1789 937; x_wconf 79' lang='grc' dir='ltr'>ὃς</span> <span class='ocrx_word' id='word_1_55' title='bbox 1822 871 1952 936; x_wconf 85' lang='grc' dir='ltr'>Υίδς</span> <span class='ocrx_word' id='word_1_56' title='bbox 1974 870 2091 926; x_wconf 72' lang='grc' dir='ltr'>ἔστι</span> 
     </span>
    </p>
   </div>
   <div class='ocr_carea' id='block_1_10' title="bbox 494 957 2092 1033">
    <p class='ocr_par' dir='ltr' id='par_1_10' title="bbox 494 957 2092 1033">
     <span class='ocr_line' id='line_1_10' title="bbox 494 957 2092 1033; baseline -0.005 -13"><span class='ocrx_word' id='word_1_57' title='bbox 494 983 555 1021; x_wconf 84' lang='grc' dir='ltr'><strong>τε</strong></span> <span class='ocrx_word' id='word_1_58' title='bbox 581 965 677 1019; x_wconf 66' lang='grc' dir='ltr'>καὶ</span> <span class='ocrx_word' id='word_1_59' title='bbox 703 964 946 1033; x_wconf 83' lang='grc' dir='ltr'>λέγεται.</span> <span class='ocrx_word' id='word_1_60' title='bbox 981 962 1054 1016; x_wconf 83' lang='grc' dir='ltr'><strong>Τὸ</strong></span> <span class='ocrx_word' id='word_1_61' title='bbox 1074 962 1131 1016; x_wconf 81' lang='grc' dir='ltr'><strong>δὲ</strong></span> <span class='ocrx_word' id='word_1_62' title='bbox 1164 959 1391 1032; x_wconf 83' lang='grc' dir='ltr'><strong>Πνεῦμα</strong></span> <span class='ocrx_word' id='word_1_63' title='bbox 1421 960 1484 1013; x_wconf 87' lang='grc' dir='ltr'>τδ</span> <span class='ocrx_word' id='word_1_64' title='bbox 1516 958 1693 1029; x_wconf 74' lang='grc' dir='ltr'>ἅγιον,</span> <span class='ocrx_word' id='word_1_65' title='bbox 1720 957 2092 1030; x_wconf 79' lang='grc' dir='ltr'>ὲκφαντορικὴ</span> 
     </span>
    </p>
   </div>
   <div class='ocr_carea' id='block_1_11' title="bbox 495 1051 2095 1128">
    <p class='ocr_par' dir='ltr' id='par_1_11' title="bbox 495 1051 2095 1128">
     <span class='ocr_line' id='line_1_11' title="bbox 495 1051 2095 1128; baseline -0.005 -17"><span class='ocrx_word' id='word_1_66' title='bbox 495 1056 593 1111; x_wconf 81' lang='grc' dir='ltr'>τοῦ</span> <span class='ocrx_word' id='word_1_67' title='bbox 631 1056 869 1128; x_wconf 75' lang='grc' dir='ltr'><strong>κρυφίου</strong></span> <span class='ocrx_word' id='word_1_68' title='bbox 904 1055 1002 1125; x_wconf 79' lang='grc' dir='ltr'><strong>τῆς</strong></span> <span class='ocrx_word' id='word_1_69' title='bbox 1039 1053 1297 1125; x_wconf 86' lang='grc' dir='ltr'><strong>θεότητος</strong></span> <span class='ocrx_word' id='word_1_70' title='bbox 1334 1051 1562 1123; x_wconf 82' lang='grc' dir='ltr'>δύναμις</span> <span class='ocrx_word' id='word_1_71' title='bbox 1593 1051 1688 1106; x_wconf 81' lang='grc' dir='ltr'>τοῦ</span> <span class='ocrx_word' id='word_1_72' title='bbox 1740 1051 1953 1124; x_wconf 84' lang='grc' dir='ltr'><strong>Πατρός</strong></span> <span class='ocrx_word' id='word_1_73' title='bbox 1979 1069 1994 1083; x_wconf 88' lang='grc'><strong>·</strong></span> <span class='ocrx_word' id='word_1_74' title='bbox 2030 1051 2095 1103; x_wconf 82' lang='grc' dir='ltr'>ὲκ</span> 
     </span>
    </p>
   </div>
   <div class='ocr_carea' id='block_1_12' title="bbox 470 1135 2103 1220">
    <p class='ocr_par' dir='ltr' id='par_1_12' title="bbox 470 1135 2103 1220">
     <span class='ocr_line' id='line_1_12' title="bbox 470 1135 2103 1220; baseline -0.006 -17"><span class='ocrx_word' id='word_1_75' title='bbox 470 1148 716 1220; x_wconf 75' lang='grc' dir='ltr'>οΠατρὸς</span> <span class='ocrx_word' id='word_1_76' title='bbox 758 1151 857 1219; x_wconf 82' lang='grc' dir='ltr'><strong>μὲν</strong></span> <span class='ocrx_word' id='word_1_77' title='bbox 882 1146 952 1201; x_wconf 84' lang='grc' dir='ltr'><strong>δι’</strong></span> <span class='ocrx_word' id='word_1_78' title='bbox 975 1144 1110 1201; x_wconf 83' lang='grc' dir='ltr'><strong>Υἱοῦ</strong></span> <span class='ocrx_word' id='word_1_79' title='bbox 1155 1142 1596 1215; x_wconf 78' lang='grc' dir='ltr'><strong>ἐκπορευομένη,</strong></span> <span class='ocrx_word' id='word_1_80' title='bbox 1629 1142 1706 1208; x_wconf 84' lang='grc' dir='ltr'>ὡς</span> <span class='ocrx_word' id='word_1_81' title='bbox 1737 1135 1877 1198; x_wconf 80' lang='grc' dir='ltr'>οἶδεν</span> <span class='ocrx_word' id='word_1_82' title='bbox 1906 1141 2103 1206; x_wconf 57' lang='grc' dir='ltr'>αὐτὸς,</span> 
     </span>
    </p>
   </div>
   <div class='ocr_carea' id='block_1_13' title="bbox 498 1230 2091 1308">
    <p class='ocr_par' dir='ltr' id='par_1_13' title="bbox 498 1230 2091 1308">
     <span class='ocr_line' id='line_1_13' title="bbox 498 1230 2091 1308; baseline -0.006 -17"><span class='ocrx_word' id='word_1_83' title='bbox 498 1240 559 1291; x_wconf 75' lang='grc' dir='ltr'><strong>οὐ</strong></span> <span class='ocrx_word' id='word_1_84' title='bbox 586 1234 888 1308; x_wconf 84' lang='grc' dir='ltr'>γεννητῶς.</span> <span class='ocrx_word' id='word_1_85' title='bbox 912 1234 1005 1289; x_wconf 76' lang='grc' dir='ltr'><strong>Διὸ</strong></span> <span class='ocrx_word' id='word_1_86' title='bbox 1033 1233 1131 1288; x_wconf 73' lang='grc' dir='ltr'>καὶ</span> <span class='ocrx_word' id='word_1_87' title='bbox 1154 1233 1214 1287; x_wconf 78' lang='grc' dir='ltr'><strong>τὸ</strong></span> <span class='ocrx_word' id='word_1_88' title='bbox 1240 1233 1466 1304; x_wconf 84' lang='grc' dir='ltr'>Πνεῦμα</span> <span class='ocrx_word' id='word_1_89' title='bbox 1493 1231 1556 1287; x_wconf 82' lang='grc' dir='ltr'>τὸ</span> <span class='ocrx_word' id='word_1_90' title='bbox 1577 1231 1755 1302; x_wconf 76' lang='grc' dir='ltr'>ἅγιον,</span> <span class='ocrx_word' id='word_1_91' title='bbox 1778 1230 2091 1302; x_wconf 72' lang='grc' dir='ltr'>τελεσιουρο</span> 
     </span>
    </p>
   </div>
   <div class='ocr_carea' id='block_1_14' title="bbox 499 1317 2093 1401">
    <p class='ocr_par' dir='ltr' id='par_1_14' title="bbox 499 1317 2093 1401">
     <span class='ocr_line' id='line_1_14' title="bbox 499 1317 2093 1401; baseline -0.004 -18"><span class='ocrx_word' id='word_1_92' title='bbox 499 1330 598 1401; x_wconf 64' lang='grc' dir='ltr'><strong>γον</strong></span> <span class='ocrx_word' id='word_1_93' title='bbox 620 1329 721 1398; x_wconf 74' lang='grc' dir='ltr'>τῆς</span> <span class='ocrx_word' id='word_1_94' title='bbox 758 1325 870 1380; x_wconf 81' lang='grc' dir='ltr'>τῶν</span> <span class='ocrx_word' id='word_1_95' title='bbox 900 1326 1160 1381; x_wconf 74' lang='grc' dir='ltr'>ἁπάντων</span> <span class='ocrx_word' id='word_1_96' title='bbox 1218 1327 1514 1397; x_wconf 77' lang='grc' dir='ltr'>ποιήσεως.</span> <span class='ocrx_word' id='word_1_97' title='bbox 1553 1324 1698 1377; x_wconf 83' lang='grc' dir='ltr'>Ὅσα</span> <span class='ocrx_word' id='word_1_98' title='bbox 1734 1317 1827 1378; x_wconf 81' lang='grc' dir='ltr'><strong>οὖν</strong></span> <span class='ocrx_word' id='word_1_99' title='bbox 1859 1323 2093 1395; x_wconf 75' lang='grc' dir='ltr'><strong>ἁρμόζει</strong></span> 
     </span>
    </p>
   </div>
   <div class='ocr_carea' id='block_1_15' title="bbox 502 1416 2094 1494">
    <p class='ocr_par' dir='ltr' id='par_1_15' title="bbox 502 1416 2094 1494">
     <span class='ocr_line' id='line_1_15' title="bbox 502 1416 2094 1494; baseline -0.005 -17"><span class='ocrx_word' id='word_1_100' title='bbox 502 1421 666 1494; x_wconf 86' lang='grc' dir='ltr'>αἰτίῳ</span> <span class='ocrx_word' id='word_1_101' title='bbox 690 1420 888 1492; x_wconf 76' lang='grc' dir='ltr'>Πατρὶ,</span> <span class='ocrx_word' id='word_1_102' title='bbox 917 1422 1092 1492; x_wconf 78' lang='grc' dir='ltr'>πηγῇ,</span> <span class='ocrx_word' id='word_1_103' title='bbox 1123 1419 1432 1491; x_wconf 80' lang='grc' dir='ltr'>γεννήτορι,</span> <span class='ocrx_word' id='word_1_104' title='bbox 1455 1416 1534 1490; x_wconf 84' lang='grc' dir='ltr'>τῷ</span> <span class='ocrx_word' id='word_1_105' title='bbox 1554 1417 1733 1489; x_wconf 72' lang='grc' dir='ltr'>Πατρὶ</span> <span class='ocrx_word' id='word_1_106' title='bbox 1763 1416 1910 1488; x_wconf 85' lang='grc' dir='ltr'><strong>μόνῳ</strong></span> <span class='ocrx_word' id='word_1_107' title='bbox 1930 1433 2094 1488; x_wconf 86' lang='grc' dir='ltr'>προσ-</span> 
     </span>
    </p>
   </div>
   <div class='ocr_carea' id='block_1_16' title="bbox 506 1506 2090 1586">
    <p class='ocr_par' dir='ltr' id='par_1_16' title="bbox 506 1506 2090 1586">
     <span class='ocr_line' id='line_1_16' title="bbox 506 1506 2090 1586; baseline -0.006 -17"><span class='ocrx_word' id='word_1_108' title='bbox 506 1514 830 1586; x_wconf 78' lang='grc' dir='ltr'>αρμοστέον.</span> <span class='ocrx_word' id='word_1_109' title='bbox 869 1513 1012 1567; x_wconf 88' lang='grc' dir='ltr'>Ὅσα</span> <span class='ocrx_word' id='word_1_110' title='bbox 1055 1512 1113 1567; x_wconf 75' lang='grc' dir='ltr'><strong>δὲ</strong></span> <span class='ocrx_word' id='word_1_111' title='bbox 1142 1511 1394 1583; x_wconf 83' lang='grc' dir='ltr'>αίτιατῷ,</span> <span class='ocrx_word' id='word_1_112' title='bbox 1428 1509 1675 1582; x_wconf 85' lang='grc' dir='ltr'>γεννητῷ</span> <span class='ocrx_word' id='word_1_113' title='bbox 1724 1506 1861 1580; x_wconf 81' lang='grc' dir='ltr'><strong>Υίῷ,</strong></span> <span class='ocrx_word' id='word_1_114' title='bbox 1907 1508 2090 1580; x_wconf 84' lang='grc' dir='ltr'>Λόγῳ,</span> 
     </span>
    </p>
   </div>
   <div class='ocr_carea' id='block_1_17' title="bbox 502 1599 2088 1678">
    <p class='ocr_par' dir='ltr' id='par_1_17' title="bbox 502 1599 2088 1678">
     <span class='ocr_line' id='line_1_17' title="bbox 502 1599 2088 1678; baseline -0.005 -15"><span class='ocrx_word' id='word_1_115' title='bbox 502 1609 734 1678; x_wconf 79' lang='grc' dir='ltr'>δυνάμει</span> <span class='ocrx_word' id='word_1_116' title='bbox 774 1607 1253 1678; x_wconf 62' lang='grc' dir='ltr'>προωταρκτικῇ,</span> <span class='ocrx_word' id='word_1_117' title='bbox 1312 1603 1555 1674; x_wconf 81' lang='grc' dir='ltr'>θελήσει,</span> <span class='ocrx_word' id='word_1_118' title='bbox 1591 1601 1774 1673; x_wconf 76' lang='grc' dir='ltr'>σοφίᾳ,</span> <span class='ocrx_word' id='word_1_119' title='bbox 1830 1599 1910 1673; x_wconf 81' lang='grc' dir='ltr'><strong>τῷ</strong></span> <span class='ocrx_word' id='word_1_120' title='bbox 1950 1600 2088 1672; x_wconf 78' lang='grc' dir='ltr'><strong>Υίῷ.</strong></span> 
     </span>
    </p>
   </div>
   <div class='ocr_carea' id='block_1_18' title="bbox 506 1693 2089 1768">
    <p class='ocr_par' dir='ltr' id='par_1_18' title="bbox 506 1693 2089 1768">
     <span class='ocr_line' id='line_1_18' title="bbox 506 1693 2089 1768; baseline -0.004 -14"><span class='ocrx_word' id='word_1_121' title='bbox 506 1701 650 1754; x_wconf 87' lang='grc' dir='ltr'><strong>Ὅσα</strong></span> <span class='ocrx_word' id='word_1_122' title='bbox 694 1699 752 1753; x_wconf 84' lang='grc' dir='ltr'><strong>δὲ</strong></span> <span class='ocrx_word' id='word_1_123' title='bbox 786 1696 1037 1768; x_wconf 80' lang='grc' dir='ltr'>αἱτιατῷ,</span> <span class='ocrx_word' id='word_1_124' title='bbox 1091 1694 1433 1768; x_wconf 78' lang='grc' dir='ltr'>ὲκπορευτῷ,</span> <span class='ocrx_word' id='word_1_125' title='bbox 1482 1693 1885 1768; x_wconf 79' lang='grc' dir='ltr'>ὲκφαντορικῷ,</span> <span class='ocrx_word' id='word_1_126' title='bbox 1934 1693 2089 1748; x_wconf 87' lang='grc' dir='ltr'>τελε-</span> 
     </span>
    </p>
   </div>
   <div class='ocr_carea' id='block_1_19' title="bbox 508 1782 2087 1865">
    <p class='ocr_par' dir='ltr' id='par_1_19' title="bbox 508 1782 2087 1865">
     <span class='ocr_line' id='line_1_19' title="bbox 508 1782 2087 1865; baseline -0.003 -20"><span class='ocrx_word' id='word_1_127' title='bbox 508 1789 807 1865; x_wconf 85' lang='grc' dir='ltr'>σιουργικῷ</span> <span class='ocrx_word' id='word_1_128' title='bbox 834 1790 1084 1862; x_wconf 84' lang='grc' dir='ltr'>δυνάμει,</span> <span class='ocrx_word' id='word_1_129' title='bbox 1132 1788 1212 1861; x_wconf 82' lang='grc' dir='ltr'>τῷ</span> <span class='ocrx_word' id='word_1_130' title='bbox 1245 1788 1386 1859; x_wconf 83' lang='grc' dir='ltr'>ἁγίῳ</span> <span class='ocrx_word' id='word_1_131' title='bbox 1435 1782 1737 1859; x_wconf 83' lang='grc' dir='ltr'>Πνεύματι.</span> <span class='ocrx_word' id='word_1_132' title='bbox 1781 1788 1841 1843; x_wconf 84' lang='grc'><strong>⁸0</strong></span> <span class='ocrx_word' id='word_1_133' title='bbox 1875 1788 2087 1859; x_wconf 83' lang='grc' dir='ltr'>Πατὴρ,</span> 
     </span>
    </p>
   </div>
   <div class='ocr_carea' id='block_1_20' title="bbox 2196 591 3787 665">
    <p class='ocr_par' dir='ltr' id='par_1_20' title="bbox 2196 591 3787 665">
     <span class='ocr_line' id='line_1_20' title="bbox 2196 591 3787 665; baseline -0.002 -17"><span class='ocrx_word' id='word_1_134' title='bbox 2196 594 2398 662; x_wconf 92' lang='lat' dir='ltr'><strong>dicam,</strong></span> <span class='ocrx_word' id='word_1_135' title='bbox 2435 611 2545 651; x_wconf 90' lang='lat' dir='ltr'><strong>non</strong></span> <span class='ocrx_word' id='word_1_136' title='bbox 2576 601 2662 651; x_wconf 88' lang='lat' dir='ltr'><strong>est</strong></span> <span class='ocrx_word' id='word_1_137' title='bbox 2701 594 2807 649; x_wconf 90' lang='lat' dir='ltr'><strong>alia</strong></span> <span class='ocrx_word' id='word_1_138' title='bbox 2834 593 2987 650; x_wconf 97' lang='lat' dir='ltr'><strong>Patri</strong></span> <span class='ocrx_word' id='word_1_139' title='bbox 3008 593 3175 661; x_wconf 90' lang='lat' dir='ltr'><strong>ratio,</strong></span> <span class='ocrx_word' id='word_1_140' title='bbox 3204 593 3497 665; x_wconf 76' lang='lat' dir='ltr'><strong>sapientia,</strong></span> <span class='ocrx_word' id='word_1_141' title='bbox 3517 591 3787 664; x_wconf 85' lang='lat' dir='ltr'><strong>potentia.</strong></span> 
     </span>
    </p>
   </div>
   <div class='ocr_carea' id='block_1_21' title="bbox 2195 684 3789 759">
    <p class='ocr_par' dir='ltr' id='par_1_21' title="bbox 2195 684 3789 759">
     <span class='ocr_line' id='line_1_21' title="bbox 2195 684 3789 759; baseline -0.002 -18"><span class='ocrx_word' id='word_1_142' title='bbox 2195 687 2473 753; x_wconf 78' lang='lat' dir='ltr'><strong>voluntas,</strong></span> <span class='ocrx_word' id='word_1_143' title='bbox 2502 696 2698 759; x_wconf 69' lang='lat' dir='ltr'><strong>praeter</strong></span> <span class='ocrx_word' id='word_1_144' title='bbox 2729 686 2951 754; x_wconf 89' lang='lat' dir='ltr'><strong>Filium,</strong></span> <span class='ocrx_word' id='word_1_145' title='bbox 2985 687 3080 757; x_wconf 86' lang='lat' dir='ltr'><strong>qui</strong></span> <span class='ocrx_word' id='word_1_146' title='bbox 3108 688 3226 743; x_wconf 89' lang='lat' dir='ltr'><strong>sola</strong></span> <span class='ocrx_word' id='word_1_147' title='bbox 3259 695 3345 742; x_wconf 89' lang='lat' dir='ltr'><strong>est</strong></span> <span class='ocrx_word' id='word_1_148' title='bbox 3376 684 3561 742; x_wconf 86' lang='lat' dir='ltr'><strong>Patris</strong></span> <span class='ocrx_word' id='word_1_149' title='bbox 3592 694 3789 757; x_wconf 88' lang='lat' dir='ltr'><strong>poten-</strong></span> 
     </span>
    </p>
   </div>
   <div class='ocr_carea' id='block_1_22' title="bbox 2197 777 3786 851">
    <p class='ocr_par' dir='ltr' id='par_1_22' title="bbox 2197 777 3786 851">
     <span class='ocr_line' id='line_1_22' title="bbox 2197 777 3786 851; baseline -0.001 -17"><span class='ocrx_word' id='word_1_150' title='bbox 2197 782 2294 846; x_wconf 90' lang='lat' dir='ltr'><strong>tia,</strong></span> <span class='ocrx_word' id='word_1_151' title='bbox 2320 795 2505 837; x_wconf 91' lang='lat' dir='ltr'><strong>rerum</strong></span> <span class='ocrx_word' id='word_1_152' title='bbox 2539 782 2784 836; x_wconf 89' lang='lat' dir='ltr'><strong>omnium</strong></span> <span class='ocrx_word' id='word_1_153' title='bbox 2815 782 3121 837; x_wconf 90' lang='lat' dir='ltr'><strong>creationis</strong></span> <span class='ocrx_word' id='word_1_154' title='bbox 3158 777 3530 851; x_wconf 82' lang='lat' dir='ltr'><strong>primordialis</strong></span> <span class='ocrx_word' id='word_1_155' title='bbox 3567 778 3786 844; x_wconf 88' lang='lat' dir='ltr'><strong>virtus;</strong></span> 
     </span>
    </p>
   </div>
   <div class='ocr_carea' id='block_1_23' title="bbox 2197 869 3785 941">
    <p class='ocr_par' dir='ltr' id='par_1_23' title="bbox 2197 869 3785 941">
     <span class='ocr_line' id='line_1_23' title="bbox 2197 869 3785 941; baseline -0.002 -17"><span class='ocrx_word' id='word_1_156' title='bbox 2197 869 2348 924; x_wconf 85' lang='lat' dir='ltr'><strong>velut</strong></span> <span class='ocrx_word' id='word_1_157' title='bbox 2370 869 2613 940; x_wconf 82' lang='lat' dir='ltr'><strong>perlecta</strong></span> <span class='ocrx_word' id='word_1_158' title='bbox 2650 884 2886 940; x_wconf 87' lang='lat' dir='ltr'><strong>persona</strong></span> <span class='ocrx_word' id='word_1_159' title='bbox 2920 884 2990 925; x_wconf 84' lang='lat' dir='ltr'><strong>ex</strong></span> <span class='ocrx_word' id='word_1_160' title='bbox 3033 869 3276 941; x_wconf 79' lang='lat' dir='ltr'><strong>perfecta</strong></span> <span class='ocrx_word' id='word_1_161' title='bbox 3325 882 3562 941; x_wconf 80' lang='lat' dir='ltr'><strong>persona</strong></span> <span class='ocrx_word' id='word_1_162' title='bbox 3578 869 3785 939; x_wconf 73' lang='lat' dir='ltr'><strong>genita,</strong></span> 
     </span>
    </p>
   </div>
   <div class='ocr_carea' id='block_1_24' title="bbox 2198 959 3785 1034">
    <p class='ocr_par' dir='ltr' id='par_1_24' title="bbox 2198 959 3785 1034">
     <span class='ocr_line' id='line_1_24' title="bbox 2198 959 3785 1034; baseline -0.001 -18"><span class='ocrx_word' id='word_1_163' title='bbox 2198 977 2311 1031; x_wconf 89' lang='lat' dir='ltr'><strong>quo</strong></span> <span class='ocrx_word' id='word_1_164' title='bbox 2353 961 2518 1017; x_wconf 89' lang='lat' dir='ltr'><strong>modo</strong></span> <span class='ocrx_word' id='word_1_165' title='bbox 2549 961 2667 1034; x_wconf 90' lang='lat' dir='ltr'><strong>ipse</strong></span> <span class='ocrx_word' id='word_1_166' title='bbox 2689 962 2867 1029; x_wconf 87' lang='lat' dir='ltr'><strong>novit,</strong></span> <span class='ocrx_word' id='word_1_167' title='bbox 2921 963 3018 1034; x_wconf 89' lang='lat' dir='ltr'><strong>qui</strong></span> <span class='ocrx_word' id='word_1_168' title='bbox 3073 959 3249 1017; x_wconf 89' lang='lat' dir='ltr'><strong>Filius</strong></span> <span class='ocrx_word' id='word_1_169' title='bbox 3302 970 3408 1027; x_wconf 88' lang='lat' dir='ltr'><strong>est,</strong></span> <span class='ocrx_word' id='word_1_170' title='bbox 3454 959 3785 1031; x_wconf 88' lang='lat' dir='ltr'><strong>diciturque.</strong></span> 
     </span>
    </p>
   </div>
   <div class='ocr_carea' id='block_1_25' title="bbox 2193 1052 3786 1126">
    <p class='ocr_par' dir='ltr' id='par_1_25' title="bbox 2193 1052 3786 1126">
     <span class='ocr_line' id='line_1_25' title="bbox 2193 1052 3786 1126; baseline 0.002 -20"><span class='ocrx_word' id='word_1_171' title='bbox 2193 1053 2273 1108; x_wconf 83' lang='lat' dir='ltr'><strong>Ac</strong></span> <span class='ocrx_word' id='word_1_172' title='bbox 2302 1063 2581 1125; x_wconf 88' lang='lat' dir='ltr'><strong>postremo</strong></span> <span class='ocrx_word' id='word_1_173' title='bbox 2615 1052 2860 1126; x_wconf 88' lang='lat' dir='ltr'><strong>Spiritus</strong></span> <span class='ocrx_word' id='word_1_174' title='bbox 2913 1063 3141 1111; x_wconf 89' lang='lat' dir='ltr'><strong>sanctus</strong></span> <span class='ocrx_word' id='word_1_175' title='bbox 3202 1053 3378 1111; x_wconf 88' lang='lat' dir='ltr'><strong>Patris</strong></span> <span class='ocrx_word' id='word_1_176' title='bbox 3411 1055 3654 1126; x_wconf 90' lang='lat' dir='ltr'><strong>potentia</strong></span> <span class='ocrx_word' id='word_1_177' title='bbox 3679 1063 3786 1121; x_wconf 89' lang='lat' dir='ltr'><strong>est,</strong></span> 
     </span>
    </p>
   </div>
   <div class='ocr_carea' id='block_1_26' title="bbox 2195 1144 3788 1219">
    <p class='ocr_par' dir='ltr' id='par_1_26' title="bbox 2195 1144 3788 1219">
     <span class='ocr_line' id='line_1_26' title="bbox 2195 1144 3788 1219; baseline -0.001 -18"><span class='ocrx_word' id='word_1_178' title='bbox 2195 1145 2503 1203; x_wconf 76' lang='lat' dir='ltr'><strong>divinitatis</strong></span> <span class='ocrx_word' id='word_1_179' title='bbox 2536 1145 2823 1203; x_wconf 89' lang='lat' dir='ltr'><strong>recondita</strong></span> <span class='ocrx_word' id='word_1_180' title='bbox 2874 1146 3185 1211; x_wconf 88' lang='lat' dir='ltr'><strong>declarans,</strong></span> <span class='ocrx_word' id='word_1_181' title='bbox 3248 1163 3314 1205; x_wconf 80' lang='lat' dir='ltr'><strong>ex</strong></span> <span class='ocrx_word' id='word_1_182' title='bbox 3366 1144 3530 1203; x_wconf 84' lang='lat' dir='ltr'><strong>Patre</strong></span> <span class='ocrx_word' id='word_1_183' title='bbox 3558 1162 3656 1219; x_wconf 89' lang='lat' dir='ltr'><strong>per</strong></span> <span class='ocrx_word' id='word_1_184' title='bbox 3697 1145 3788 1201; x_wconf 83' lang='lat' dir='ltr'><strong>Fi-</strong></span> 
     </span>
    </p>
   </div>
   <div class='ocr_carea' id='block_1_27' title="bbox 2195 1237 3785 1311">
    <p class='ocr_par' dir='ltr' id='par_1_27' title="bbox 2195 1237 3785 1311">
     <span class='ocr_line' id='line_1_27' title="bbox 2195 1237 3785 1311; baseline 0.001 -19"><span class='ocrx_word' id='word_1_185' title='bbox 2195 1237 2328 1295; x_wconf 91' lang='lat' dir='ltr'><strong>lium</strong></span> <span class='ocrx_word' id='word_1_186' title='bbox 2357 1239 2684 1308; x_wconf 83' lang='lat' dir='ltr'><strong>procedens,</strong></span> <span class='ocrx_word' id='word_1_187' title='bbox 2717 1255 2823 1310; x_wconf 87' lang='lat' dir='ltr'><strong>qua</strong></span> <span class='ocrx_word' id='word_1_188' title='bbox 2853 1239 2971 1311; x_wconf 88' lang='lat' dir='ltr'><strong>ipse</strong></span> <span class='ocrx_word' id='word_1_189' title='bbox 2995 1240 3144 1295; x_wconf 86' lang='lat' dir='ltr'><strong>novit</strong></span> <span class='ocrx_word' id='word_1_190' title='bbox 3175 1240 3432 1307; x_wconf 80' lang='lat' dir='ltr'><strong>ratione;</strong></span> <span class='ocrx_word' id='word_1_191' title='bbox 3464 1253 3573 1295; x_wconf 88' lang='lat' dir='ltr'><strong>non</strong></span> <span class='ocrx_word' id='word_1_192' title='bbox 3601 1248 3785 1296; x_wconf 84' lang='lat' dir='ltr'><strong>tamen</strong></span> 
     </span>
    </p>
   </div>
   <div class='ocr_carea' id='block_1_28' title="bbox 2194 1331 3783 1407">
    <p class='ocr_par' dir='ltr' id='par_1_28' title="bbox 2194 1331 3783 1407">
     <span class='ocr_line' id='line_1_28' title="bbox 2194 1331 3783 1407; baseline -0.001 -19"><span class='ocrx_word' id='word_1_193' title='bbox 2194 1331 2568 1403; x_wconf 83' lang='lat' dir='ltr'><strong>generationis</strong></span> <span class='ocrx_word' id='word_1_194' title='bbox 2605 1351 2617 1387; x_wconf 93' lang='lat'>:</span> <span class='ocrx_word' id='word_1_195' title='bbox 2660 1348 2771 1403; x_wconf 92' lang='lat' dir='ltr'><strong>quo</strong></span> <span class='ocrx_word' id='word_1_196' title='bbox 2808 1331 2867 1387; x_wconf 86' lang='lat' dir='ltr'><strong>lit</strong></span> <span class='ocrx_word' id='word_1_197' title='bbox 2923 1333 3087 1389; x_wconf 84' lang='lat' dir='ltr'><strong>etiam</strong></span> <span class='ocrx_word' id='word_1_198' title='bbox 3148 1341 3207 1385; x_wconf 85' lang='lat' dir='ltr'><strong>ut</strong></span> <span class='ocrx_word' id='word_1_199' title='bbox 3268 1332 3510 1403; x_wconf 85' lang='lat' dir='ltr'><strong>Spiritus</strong></span> <span class='ocrx_word' id='word_1_200' title='bbox 3556 1337 3783 1407; x_wconf 77' lang='lat' dir='ltr'><strong>sanctus</strong></span> 
     </span>
    </p>
   </div>
   <div class='ocr_carea' id='block_1_29' title="bbox 2193 1419 3790 1487">
    <p class='ocr_par' dir='ltr' id='par_1_29' title="bbox 2193 1419 3790 1487">
     <span class='ocr_line' id='line_1_29' title="bbox 2193 1419 3790 1487; baseline -0.003 -11"><span class='ocrx_word' id='word_1_201' title='bbox 2193 1422 2441 1477; x_wconf 88' lang='lat' dir='ltr'><strong>omnium</strong></span> <span class='ocrx_word' id='word_1_202' title='bbox 2498 1421 2798 1478; x_wconf 89' lang='lat' dir='ltr'><strong>creationis</strong></span> <span class='ocrx_word' id='word_1_203' title='bbox 2844 1429 3264 1477; x_wconf 87' lang='lat' dir='ltr'><strong>consummator</strong></span> <span class='ocrx_word' id='word_1_204' title='bbox 3336 1421 3588 1477; x_wconf 77' lang='lat' dir='ltr'><strong>exsistat.</strong></span> <span class='ocrx_word' id='word_1_205' title='bbox 3649 1419 3790 1487; x_wconf 85' lang='lat' dir='ltr'><strong>Quo-</strong></span> 
     </span>
    </p>
   </div>
   <div class='ocr_carea' id='block_1_30' title="bbox 2195 1512 3791 1584">
    <p class='ocr_par' dir='ltr' id='par_1_30' title="bbox 2195 1512 3791 1584">
     <span class='ocr_line' id='line_1_30' title="bbox 2195 1512 3791 1584; baseline -0.003 -16"><span class='ocrx_word' id='word_1_206' title='bbox 2195 1513 2344 1568; x_wconf 79' lang='lat' dir='ltr'><strong>circa</strong></span> <span class='ocrx_word' id='word_1_207' title='bbox 2391 1514 2575 1568; x_wconf 82' lang='lat' dir='ltr'><strong>omnia</strong></span> <span class='ocrx_word' id='word_1_208' title='bbox 2606 1528 2730 1583; x_wconf 80' lang='lat' dir='ltr'><strong>quae</strong></span> <span class='ocrx_word' id='word_1_209' title='bbox 2762 1528 2963 1578; x_wconf 81' lang='lat' dir='ltr'><strong>causae,</strong></span> <span class='ocrx_word' id='word_1_210' title='bbox 3000 1512 3168 1578; x_wconf 86' lang='lat' dir='ltr'><strong>Patri,</strong></span> <span class='ocrx_word' id='word_1_211' title='bbox 3202 1513 3364 1579; x_wconf 84' lang='lat' dir='ltr'><strong>fonti,</strong></span> <span class='ocrx_word' id='word_1_212' title='bbox 3405 1512 3639 1584; x_wconf 84' lang='lat' dir='ltr'><strong>genitori</strong></span> <span class='ocrx_word' id='word_1_213' title='bbox 3665 1525 3791 1565; x_wconf 87' lang='lat' dir='ltr'><strong>cou-</strong></span> 
     </span>
    </p>
   </div>
   <div class='ocr_carea' id='block_1_31' title="bbox 2192 1604 3781 1675">
    <p class='ocr_par' dir='ltr' id='par_1_31' title="bbox 2192 1604 3781 1675">
     <span class='ocr_line' id='line_1_31' title="bbox 2192 1604 3781 1675; baseline -0.002 -16"><span class='ocrx_word' id='word_1_214' title='bbox 2192 1606 2442 1673; x_wconf 87' lang='lat' dir='ltr'><strong>veniunt,</strong></span> <span class='ocrx_word' id='word_1_215' title='bbox 2475 1620 2539 1662; x_wconf 89' lang='lat' dir='ltr'><strong>ea</strong></span> <span class='ocrx_word' id='word_1_216' title='bbox 2572 1605 2724 1660; x_wconf 87' lang='lat' dir='ltr'><strong>Patri</strong></span> <span class='ocrx_word' id='word_1_217' title='bbox 2758 1605 2862 1662; x_wconf 90' lang='lat' dir='ltr'><strong>soli</strong></span> <span class='ocrx_word' id='word_1_218' title='bbox 2914 1604 3117 1660; x_wconf 83' lang='lat' dir='ltr'><strong>ascribi</strong></span> <span class='ocrx_word' id='word_1_219' title='bbox 3162 1604 3364 1661; x_wconf 90' lang='lat' dir='ltr'><strong>debent</strong></span> <span class='ocrx_word' id='word_1_220' title='bbox 3394 1622 3408 1659; x_wconf 89' lang='lat'><strong>:</strong></span> <span class='ocrx_word' id='word_1_221' title='bbox 3449 1619 3573 1675; x_wconf 74' lang='lat' dir='ltr'><strong>qua:</strong></span> <span class='ocrx_word' id='word_1_222' title='bbox 3599 1610 3781 1659; x_wconf 88' lang='lat' dir='ltr'><strong>autem</strong></span> 
     </span>
    </p>
   </div>
   <div class='ocr_carea' id='block_1_32' title="bbox 2195 1694 3788 1769">
    <p class='ocr_par' dir='ltr' id='par_1_32' title="bbox 2195 1694 3788 1769">
     <span class='ocr_line' id='line_1_32' title="bbox 2195 1694 3788 1769; baseline -0.003 -16"><span class='ocrx_word' id='word_1_223' title='bbox 2195 1697 2483 1769; x_wconf 91' lang='lat' dir='ltr'><strong>producto,</strong></span> <span class='ocrx_word' id='word_1_224' title='bbox 2502 1698 2706 1768; x_wconf 75' lang='lat' dir='ltr'><strong>genito,</strong></span> <span class='ocrx_word' id='word_1_225' title='bbox 2728 1696 2887 1762; x_wconf 88' lang='lat' dir='ltr'><strong>Filio,</strong></span> <span class='ocrx_word' id='word_1_226' title='bbox 2910 1694 3112 1762; x_wconf 80' lang='lat' dir='ltr'><strong>Verbo,</strong></span> <span class='ocrx_word' id='word_1_227' title='bbox 3141 1694 3480 1768; x_wconf 86' lang='lat' dir='ltr'><strong>primordiali</strong></span> <span class='ocrx_word' id='word_1_228' title='bbox 3513 1695 3788 1767; x_wconf 63' lang='lat' dir='ltr'><strong>potentim,</strong></span> 
     </span>
    </p>
   </div>
   <div class='ocr_carea' id='block_1_33' title="bbox 2194 1785 3788 1861">
    <p class='ocr_par' dir='ltr' id='par_1_33' title="bbox 2194 1785 3788 1861">
     <span class='ocr_line' id='line_1_33' title="bbox 2194 1785 3788 1861; baseline -0.004 -16"><span class='ocrx_word' id='word_1_229' title='bbox 2194 1790 2492 1857; x_wconf 82' lang='lat' dir='ltr'><strong>voluntati,</strong></span> <span class='ocrx_word' id='word_1_230' title='bbox 2522 1790 2804 1861; x_wconf 73' lang='lat' dir='ltr'><strong>sapientia:</strong></span> <span class='ocrx_word' id='word_1_231' title='bbox 2838 1788 3149 1860; x_wconf 73' lang='lat' dir='ltr'><strong>quadrent,</strong></span> <span class='ocrx_word' id='word_1_232' title='bbox 3198 1802 3262 1843; x_wconf 89' lang='lat' dir='ltr'><strong>ea</strong></span> <span class='ocrx_word' id='word_1_233' title='bbox 3309 1786 3446 1843; x_wconf 87' lang='lat' dir='ltr'><strong>Filio</strong></span> <span class='ocrx_word' id='word_1_234' title='bbox 3496 1785 3788 1841; x_wconf 76' lang='lat' dir='ltr'><strong>tribuenda</strong></span> 
     </span>
    </p>
   </div>
   <div class='ocr_carea' id='block_1_34' title="bbox 505 1863 2092 1955">
    <p class='ocr_par' dir='ltr' id='par_1_34' title="bbox 505 1863 2092 1955">
     <span class='ocr_line' id='line_1_34' title="bbox 505 1863 2092 1955; baseline -0.001 -19"><span class='ocrx_word' id='word_1_235' title='bbox 505 1863 660 1955; x_wconf 73' lang='grc' dir='ltr'><strong>πηγῆ</strong></span> <span class='ocrx_word' id='word_1_236' title='bbox 696 1883 791 1938; x_wconf 72' lang='grc' dir='ltr'><strong>καὶ</strong></span> <span class='ocrx_word' id='word_1_237' title='bbox 829 1882 978 1937; x_wconf 85' lang='grc' dir='ltr'>αἰτία</span> <span class='ocrx_word' id='word_1_238' title='bbox 1010 1881 1150 1936; x_wconf 88' lang='grc' dir='ltr'>Υίοῦ</span> <span class='ocrx_word' id='word_1_239' title='bbox 1199 1881 1295 1936; x_wconf 73' lang='grc' dir='ltr'><strong>καὶ</strong></span> <span class='ocrx_word' id='word_1_240' title='bbox 1326 1881 1482 1951; x_wconf 81' lang='grc' dir='ltr'>ἁγίου</span> <span class='ocrx_word' id='word_1_241' title='bbox 1520 1879 1839 1951; x_wconf 82' lang='grc' dir='ltr'>Πνεύματος</span> <span class='ocrx_word' id='word_1_242' title='bbox 1859 1898 1875 1913; x_wconf 76' lang='grc' dir='ltr'><strong>ο</strong></span> <span class='ocrx_word' id='word_1_243' title='bbox 1902 1879 2092 1953; x_wconf 80' lang='grc' dir='ltr'>Πατὴρ</span> 
     </span>
    </p>
   </div>
   <div class='ocr_carea' id='block_1_35' title="bbox 2197 1863 3785 1955">
    <p class='ocr_par' dir='ltr' id='par_1_35' title="bbox 2202 1877 3785 1954">
     <span class='ocr_line' id='line_1_35' title="bbox 2202 1877 3785 1954; baseline -0.008 -15"><span class='ocrx_word' id='word_1_244' title='bbox 2202 1891 2373 1939; x_wconf 86' lang='lat' dir='ltr'><strong>sunt:</strong></span> <span class='ocrx_word' id='word_1_245' title='bbox 2408 1897 2531 1954; x_wconf 73' lang='lat' dir='ltr'><strong>qua:</strong></span> <span class='ocrx_word' id='word_1_246' title='bbox 2570 1882 2806 1953; x_wconf 89' lang='lat' dir='ltr'><strong>denique</strong></span> <span class='ocrx_word' id='word_1_247' title='bbox 2867 1880 3142 1951; x_wconf 84' lang='lat' dir='ltr'><strong>producto</strong></span> <span class='ocrx_word' id='word_1_248' title='bbox 3199 1895 3298 1951; x_wconf 91' lang='lat' dir='ltr'><strong>per</strong></span> <span class='ocrx_word' id='word_1_249' title='bbox 3347 1877 3785 1951; x_wconf 86' lang='lat' dir='ltr'><strong>proccssionem,</strong></span> 
     </span>
    </p>
   </div>
   <div class='ocr_carea' id='block_1_36' title="bbox 507 1968 2094 2047">
    <p class='ocr_par' dir='ltr' id='par_1_36' title="bbox 507 1968 2094 2047">
     <span class='ocr_line' id='line_1_36' title="bbox 507 1968 2094 2047; baseline 0.001 -18"><span class='ocrx_word' id='word_1_250' title='bbox 507 1968 567 2029; x_wconf 74' lang='grc' dir='ltr'><strong>δὲ</strong></span> <span class='ocrx_word' id='word_1_251' title='bbox 600 1974 730 2028; x_wconf 81' lang='grc' dir='ltr'><strong>Υίοῦ</strong></span> <span class='ocrx_word' id='word_1_252' title='bbox 769 1975 954 2046; x_wconf 86' lang='grc' dir='ltr'>μόνου,</span> <span class='ocrx_word' id='word_1_253' title='bbox 992 1974 1088 2028; x_wconf 74' lang='grc' dir='ltr'>καὶ</span> <span class='ocrx_word' id='word_1_254' title='bbox 1115 1973 1418 2047; x_wconf 81' lang='grc' dir='ltr'>προδολεὺς</span> <span class='ocrx_word' id='word_1_255' title='bbox 1439 1974 1532 2028; x_wconf 81' lang='grc' dir='ltr'>τοῦ</span> <span class='ocrx_word' id='word_1_256' title='bbox 1563 1975 1721 2044; x_wconf 85' lang='grc' dir='ltr'>ἁγίου</span> <span class='ocrx_word' id='word_1_257' title='bbox 1751 1973 2094 2044; x_wconf 76' lang='grc' dir='ltr'>Πνεῦματος.</span> 
     </span>
    </p>
   </div>
   <div class='ocr_carea' id='block_1_37' title="bbox 519 2063 2095 2136">
    <p class='ocr_par' dir='ltr' id='par_1_37' title="bbox 519 2063 2095 2136">
     <span class='ocr_line' id='line_1_37' title="bbox 519 2063 2095 2136; baseline -0.003 -15"><span class='ocrx_word' id='word_1_258' title='bbox 519 2065 578 2121; x_wconf 82' lang='grc'><strong>’0</strong></span> <span class='ocrx_word' id='word_1_259' title='bbox 609 2066 759 2130; x_wconf 78' lang='grc' dir='ltr'>Υἱὸς,</span> <span class='ocrx_word' id='word_1_260' title='bbox 784 2066 936 2131; x_wconf 74' lang='grc' dir='ltr'>Υἱὸς,</span> <span class='ocrx_word' id='word_1_261' title='bbox 963 2066 1155 2136; x_wconf 86' lang='grc' dir='ltr'>Λόγος,</span> <span class='ocrx_word' id='word_1_262' title='bbox 1189 2065 1374 2136; x_wconf 86' lang='grc' dir='ltr'>σοφία,</span> <span class='ocrx_word' id='word_1_263' title='bbox 1402 2064 1655 2136; x_wconf 81' lang='grc' dir='ltr'>δύναμις,</span> <span class='ocrx_word' id='word_1_264' title='bbox 1694 2063 1880 2127; x_wconf 84' lang='grc' dir='ltr'>εἰκὼν,</span> <span class='ocrx_word' id='word_1_265' title='bbox 1914 2064 2095 2118; x_wconf 78' lang='grc' dir='ltr'>ἀπαύ-</span> 
     </span>
    </p>
   </div>
   <div class='ocr_carea' id='block_1_38' title="bbox 507 2150 2093 2231">
    <p class='ocr_par' dir='ltr' id='par_1_38' title="bbox 507 2150 2093 2231">
     <span class='ocr_line' id='line_1_38' title="bbox 507 2150 2093 2231; baseline 0.001 -17"><span class='ocrx_word' id='word_1_266' title='bbox 507 2150 721 2231; x_wconf 71' lang='grc' dir='ltr'>γασμα,</span> <span class='ocrx_word' id='word_1_267' title='bbox 763 2160 1053 2231; x_wconf 78' lang='grc' dir='ltr'>χαρακτὴρ</span> <span class='ocrx_word' id='word_1_268' title='bbox 1103 2159 1196 2213; x_wconf 82' lang='grc' dir='ltr'><strong>τοῦ</strong></span> <span class='ocrx_word' id='word_1_269' title='bbox 1241 2160 1480 2231; x_wconf 83' lang='grc' dir='ltr'>Πατρδς,</span> <span class='ocrx_word' id='word_1_270' title='bbox 1511 2160 1606 2213; x_wconf 77' lang='grc' dir='ltr'><strong>καὶ</strong></span> <span class='ocrx_word' id='word_1_271' title='bbox 1636 2161 1699 2214; x_wconf 85' lang='grc' dir='ltr'>ὲκ</span> <span class='ocrx_word' id='word_1_272' title='bbox 1724 2159 1818 2213; x_wconf 83' lang='grc' dir='ltr'>τοῦ</span> <span class='ocrx_word' id='word_1_273' title='bbox 1859 2161 2093 2231; x_wconf 85' lang='grc' dir='ltr'>Πατρός.</span> 
     </span>
    </p>
   </div>
   <div class='ocr_carea' id='block_1_39' title="bbox 508 2248 2095 2321">
    <p class='ocr_par' dir='ltr' id='par_1_39' title="bbox 508 2248 2095 2321">
     <span class='ocr_line' id='line_1_39' title="bbox 508 2248 2095 2321; baseline 0.001 -19"><span class='ocrx_word' id='word_1_274' title='bbox 508 2248 622 2319; x_wconf 86' lang='grc' dir='ltr'>Οὐχ</span> <span class='ocrx_word' id='word_1_275' title='bbox 646 2248 775 2312; x_wconf 82' lang='grc' dir='ltr'>Υίδς</span> <span class='ocrx_word' id='word_1_276' title='bbox 797 2249 854 2303; x_wconf 80' lang='grc' dir='ltr'><strong>δὲ</strong></span> <span class='ocrx_word' id='word_1_277' title='bbox 880 2248 974 2303; x_wconf 77' lang='grc' dir='ltr'>τοῦ</span> <span class='ocrx_word' id='word_1_278' title='bbox 1001 2248 1237 2321; x_wconf 80' lang='grc' dir='ltr'>Πατρὸς,</span> <span class='ocrx_word' id='word_1_279' title='bbox 1263 2248 1325 2303; x_wconf 78' lang='grc' dir='ltr'><strong>τὸ</strong></span> <span class='ocrx_word' id='word_1_280' title='bbox 1355 2249 1584 2320; x_wconf 82' lang='grc' dir='ltr'>Πνεῦμα</span> <span class='ocrx_word' id='word_1_281' title='bbox 1613 2250 1674 2304; x_wconf 82' lang='grc' dir='ltr'>τὸ</span> <span class='ocrx_word' id='word_1_282' title='bbox 1696 2250 1852 2320; x_wconf 80' lang='grc' dir='ltr'>ἆγιον</span> <span class='ocrx_word' id='word_1_283' title='bbox 1872 2268 1885 2281; x_wconf 92' lang='grc'>·</span> <span class='ocrx_word' id='word_1_284' title='bbox 1921 2249 2095 2305; x_wconf 83' lang='grc' dir='ltr'>Πνεῦ-</span> 
     </span>
    </p>
   </div>
   <div class='ocr_carea' id='block_1_40' title="bbox 512 2338 2094 2413">
    <p class='ocr_par' dir='ltr' id='par_1_40' title="bbox 512 2338 2094 2413">
     <span class='ocr_line' id='line_1_40' title="bbox 512 2338 2094 2413; baseline 0.001 -21"><span class='ocrx_word' id='word_1_285' title='bbox 512 2356 591 2410; x_wconf 86' lang='grc' dir='ltr'><strong>μα</strong></span> <span class='ocrx_word' id='word_1_286' title='bbox 623 2338 717 2393; x_wconf 84' lang='grc' dir='ltr'>τοῦ</span> <span class='ocrx_word' id='word_1_287' title='bbox 744 2339 982 2413; x_wconf 70' lang='grc' dir='ltr'>Πατρός,</span> <span class='ocrx_word' id='word_1_288' title='bbox 1008 2339 1084 2404; x_wconf 86' lang='grc' dir='ltr'>ὡς</span> <span class='ocrx_word' id='word_1_289' title='bbox 1110 2341 1174 2394; x_wconf 82' lang='grc' dir='ltr'><strong>ὲκ</strong></span> <span class='ocrx_word' id='word_1_290' title='bbox 1203 2340 1413 2410; x_wconf 85' lang='grc' dir='ltr'>Πατρὸς</span> <span class='ocrx_word' id='word_1_291' title='bbox 1441 2341 1894 2411; x_wconf 75' lang='grc' dir='ltr'>ἐκπορευόμενον.</span> <span class='ocrx_word' id='word_1_292' title='bbox 1929 2340 2094 2394; x_wconf 82' lang='grc' dir='ltr'><strong>Οὐδε-</strong></span> 
     </span>
    </p>
   </div>
   <div class='ocr_carea' id='block_1_41' title="bbox 512 2430 2091 2503">
    <p class='ocr_par' dir='ltr' id='par_1_41' title="bbox 512 2430 2091 2503">
     <span class='ocr_line' id='line_1_41' title="bbox 512 2430 2091 2503; baseline 0.004 -22"><span class='ocrx_word' id='word_1_293' title='bbox 512 2431 613 2499; x_wconf 86' lang='grc' dir='ltr'><strong>μία</strong></span> <span class='ocrx_word' id='word_1_294' title='bbox 637 2430 744 2501; x_wconf 77' lang='grc' dir='ltr'>γάρ</span> <span class='ocrx_word' id='word_1_295' title='bbox 766 2430 912 2503; x_wconf 83' lang='grc' dir='ltr'>ὁρμὴ</span> <span class='ocrx_word' id='word_1_296' title='bbox 933 2431 1062 2485; x_wconf 82' lang='grc' dir='ltr'>ἄνευ</span> <span class='ocrx_word' id='word_1_297' title='bbox 1093 2430 1439 2499; x_wconf 85' lang='grc' dir='ltr'>Πνεύματος·</span> <span class='ocrx_word' id='word_1_298' title='bbox 1464 2431 1561 2485; x_wconf 73' lang='grc' dir='ltr'><strong>καὶ</strong></span> <span class='ocrx_word' id='word_1_299' title='bbox 1600 2430 1734 2485; x_wconf 81' lang='grc' dir='ltr'><strong>Υἱοῦ</strong></span> <span class='ocrx_word' id='word_1_300' title='bbox 1755 2431 1813 2484; x_wconf 81' lang='grc' dir='ltr'><strong>δὲ</strong></span> <span class='ocrx_word' id='word_1_301' title='bbox 1843 2431 2091 2501; x_wconf 84' lang='grc' dir='ltr'>Πνεῦμα,</span> 
     </span>
    </p>
   </div>
   <div class='ocr_carea' id='block_1_42' title="bbox 509 2518 2092 2594">
    <p class='ocr_par' dir='ltr' id='par_1_42' title="bbox 509 2518 2092 2594">
     <span class='ocr_line' id='line_1_42' title="bbox 509 2518 2092 2594; baseline 0.003 -23"><span class='ocrx_word' id='word_1_302' title='bbox 509 2518 607 2589; x_wconf 73' lang='grc' dir='ltr'><strong>οὐχ</strong></span> <span class='ocrx_word' id='word_1_303' title='bbox 635 2518 710 2583; x_wconf 84' lang='grc' dir='ltr'><strong>ὡς</strong></span> <span class='ocrx_word' id='word_1_304' title='bbox 736 2518 796 2585; x_wconf 79' lang='grc' dir='ltr'><strong>ἐξ</strong></span> <span class='ocrx_word' id='word_1_305' title='bbox 841 2521 1030 2589; x_wconf 77' lang='grc' dir='ltr'>αὑτοῦ,</span> <span class='ocrx_word' id='word_1_306' title='bbox 1064 2520 1180 2576; x_wconf 85' lang='grc' dir='ltr'>ἀλλ’</span> <span class='ocrx_word' id='word_1_307' title='bbox 1219 2521 1295 2584; x_wconf 86' lang='grc' dir='ltr'>ὡς</span> <span class='ocrx_word' id='word_1_308' title='bbox 1331 2520 1399 2575; x_wconf 86' lang='grc' dir='ltr'><strong>δι’</strong></span> <span class='ocrx_word' id='word_1_309' title='bbox 1430 2520 1596 2575; x_wconf 76' lang='grc' dir='ltr'>αὐτοῦ</span> <span class='ocrx_word' id='word_1_310' title='bbox 1627 2521 1692 2575; x_wconf 85' lang='grc' dir='ltr'>ὲκ</span> <span class='ocrx_word' id='word_1_311' title='bbox 1724 2520 1820 2575; x_wconf 80' lang='grc' dir='ltr'>τοῦ</span> <span class='ocrx_word' id='word_1_312' title='bbox 1876 2521 2092 2594; x_wconf 85' lang='grc' dir='ltr'>Πατρὸς</span> 
     </span>
    </p>
   </div>
   <div class='ocr_carea' id='block_1_43' title="bbox 512 2608 1835 2684">
    <p class='ocr_par' dir='ltr' id='par_1_43' title="bbox 512 2608 1835 2684">
     <span class='ocr_line' id='line_1_43' title="bbox 512 2608 1835 2684; baseline 0.002 -21"><span class='ocrx_word' id='word_1_313' title='bbox 512 2608 971 2683; x_wconf 71' lang='grc' dir='ltr'>ἐκπορευόμενον.</span> <span class='ocrx_word' id='word_1_314' title='bbox 1002 2613 1182 2676; x_wconf 89' lang='grc' dir='ltr'>Μόνος</span> <span class='ocrx_word' id='word_1_315' title='bbox 1218 2613 1331 2684; x_wconf 47' lang='grc' dir='ltr'><strong>γὴ</strong></span> <span class='ocrx_word' id='word_1_316' title='bbox 1366 2614 1539 2677; x_wconf 86' lang='grc' dir='ltr'>αίτιος</span> <span class='ocrx_word' id='word_1_317' title='bbox 1564 2614 1593 2667; x_wconf 77' lang='grc' dir='ltr'>ὁ</span> <span class='ocrx_word' id='word_1_318' title='bbox 1622 2614 1835 2684; x_wconf 87' lang='grc' dir='ltr'>Πατήρ.</span> 
     </span>
    </p>
   </div>
   <div class='ocr_carea' id='block_1_44' title="bbox 2200 1967 3786 2044">
    <p class='ocr_par' dir='ltr' id='par_1_44' title="bbox 2200 1967 3786 2044">
     <span class='ocr_line' id='line_1_44' title="bbox 2200 1967 3786 2044; baseline -0.006 -14"><span class='ocrx_word' id='word_1_319' title='bbox 2200 1973 2597 2039; x_wconf 85' lang='lat' dir='ltr'><strong>Inanil&#39;estanti,</strong></span> <span class='ocrx_word' id='word_1_320' title='bbox 2632 1988 2697 2028; x_wconf 88' lang='lat' dir='ltr'><strong>ac</strong></span> <span class='ocrx_word' id='word_1_321' title='bbox 2728 1973 3032 2044; x_wconf 84' lang='lat' dir='ltr'><strong>perﬁcienti</strong></span> <span class='ocrx_word' id='word_1_322' title='bbox 3065 1972 3343 2044; x_wconf 83' lang='lat' dir='ltr'><strong>potentiae,</strong></span> <span class='ocrx_word' id='word_1_323' title='bbox 3399 1970 3518 2025; x_wconf 69' lang='lat' dir='ltr'><strong>lirec</strong></span> <span class='ocrx_word' id='word_1_324' title='bbox 3552 1967 3786 2038; x_wconf 90' lang='lat' dir='ltr'><strong>Spiritui</strong></span> 
     </span>
    </p>
   </div>
   <div class='ocr_carea' id='block_1_45' title="bbox 2196 2060 3787 2133">
    <p class='ocr_par' dir='ltr' id='par_1_45' title="bbox 2196 2060 3787 2133">
     <span class='ocr_line' id='line_1_45' title="bbox 2196 2060 3787 2133; baseline -0.006 -10"><span class='ocrx_word' id='word_1_325' title='bbox 2196 2074 2411 2123; x_wconf 89' lang='lat' dir='ltr'><strong>sancto.</strong></span> <span class='ocrx_word' id='word_1_326' title='bbox 2442 2064 2603 2121; x_wconf 90' lang='lat' dir='ltr'><strong>Pater</strong></span> <span class='ocrx_word' id='word_1_327' title='bbox 2632 2064 2758 2121; x_wconf 83' lang='lat' dir='ltr'><strong>fons</strong></span> <span class='ocrx_word' id='word_1_328' title='bbox 2805 2073 2912 2133; x_wconf 92' lang='lat' dir='ltr'><strong>est,</strong></span> <span class='ocrx_word' id='word_1_329' title='bbox 2941 2073 2996 2120; x_wconf 90' lang='lat' dir='ltr'><strong>et</strong></span> <span class='ocrx_word' id='word_1_330' title='bbox 3044 2070 3257 2123; x_wconf 85' lang='lat' dir='ltr'><strong>auctor,</strong></span> <span class='ocrx_word' id='word_1_331' title='bbox 3321 2069 3436 2116; x_wconf 89' lang='lat' dir='ltr'><strong>tum</strong></span> <span class='ocrx_word' id='word_1_332' title='bbox 3485 2060 3630 2125; x_wconf 87' lang='lat' dir='ltr'><strong>Filii,</strong></span> <span class='ocrx_word' id='word_1_333' title='bbox 3672 2067 3787 2113; x_wconf 89' lang='lat' dir='ltr'><strong>tum</strong></span> 
     </span>
    </p>
   </div>
   <div class='ocr_carea' id='block_1_46' title="bbox 2198 2148 3787 2228">
    <p class='ocr_par' dir='ltr' id='par_1_46' title="bbox 2198 2148 3787 2228">
     <span class='ocr_line' id='line_1_46' title="bbox 2198 2148 3787 2228; baseline -0.006 -16"><span class='ocrx_word' id='word_1_334' title='bbox 2198 2154 2443 2228; x_wconf 88' lang='lat' dir='ltr'><strong>Spiritus</strong></span> <span class='ocrx_word' id='word_1_335' title='bbox 2475 2155 2652 2211; x_wconf 90' lang='lat' dir='ltr'><strong>sancti</strong></span> <span class='ocrx_word' id='word_1_336' title='bbox 2680 2173 2694 2210; x_wconf 89' lang='lat'><strong>:</strong></span> <span class='ocrx_word' id='word_1_337' title='bbox 2729 2155 2905 2211; x_wconf 89' lang='lat' dir='ltr'><strong>solius</strong></span> <span class='ocrx_word' id='word_1_338' title='bbox 2938 2161 3121 2209; x_wconf 88' lang='lat' dir='ltr'><strong>tamen</strong></span> <span class='ocrx_word' id='word_1_339' title='bbox 3155 2150 3283 2207; x_wconf 84' lang='lat' dir='ltr'><strong>Filii</strong></span> <span class='ocrx_word' id='word_1_340' title='bbox 3313 2151 3496 2218; x_wconf 88' lang='lat' dir='ltr'><strong>Pater,</strong></span> <span class='ocrx_word' id='word_1_341' title='bbox 3518 2165 3581 2205; x_wconf 89' lang='lat' dir='ltr'><strong>ac</strong></span> <span class='ocrx_word' id='word_1_342' title='bbox 3612 2148 3787 2220; x_wconf 87' lang='lat' dir='ltr'><strong>Spiri-</strong></span> 
     </span>
    </p>
   </div>
   <div class='ocr_carea' id='block_1_47' title="bbox 2198 2240 3784 2319">
    <p class='ocr_par' dir='ltr' id='par_1_47' title="bbox 2198 2240 3784 2319">
     <span class='ocr_line' id='line_1_47' title="bbox 2198 2240 3784 2319; baseline -0.004 -15"><span class='ocrx_word' id='word_1_343' title='bbox 2198 2258 2288 2305; x_wconf 91' lang='lat' dir='ltr'><strong>tus</strong></span> <span class='ocrx_word' id='word_1_344' title='bbox 2312 2248 2489 2305; x_wconf 89' lang='lat' dir='ltr'><strong>sancti</strong></span> <span class='ocrx_word' id='word_1_345' title='bbox 2513 2248 2834 2319; x_wconf 90' lang='lat' dir='ltr'><strong>productor.</strong></span> <span class='ocrx_word' id='word_1_346' title='bbox 2864 2245 3039 2305; x_wconf 88' lang='lat' dir='ltr'><strong>Filius</strong></span> <span class='ocrx_word' id='word_1_347' title='bbox 3069 2256 3277 2308; x_wconf 89' lang='lat' dir='ltr'><strong>autem,</strong></span> <span class='ocrx_word' id='word_1_348' title='bbox 3297 2243 3472 2299; x_wconf 84' lang='lat' dir='ltr'><strong>Filius</strong></span> <span class='ocrx_word' id='word_1_349' title='bbox 3500 2250 3606 2310; x_wconf 91' lang='lat' dir='ltr'><strong>est,</strong></span> <span class='ocrx_word' id='word_1_350' title='bbox 3650 2240 3784 2319; x_wconf 72' lang='lat' dir='ltr'><strong>vcr-</strong></span> 
     </span>
    </p>
   </div>
   <div class='ocr_carea' id='block_1_48' title="bbox 2198 2334 3785 2413">
    <p class='ocr_par' dir='ltr' id='par_1_48' title="bbox 2198 2334 3785 2413">
     <span class='ocr_line' id='line_1_48' title="bbox 2198 2334 3785 2413; baseline -0.006 -15"><span class='ocrx_word' id='word_1_351' title='bbox 2198 2344 2348 2409; x_wconf 87' lang='lat' dir='ltr'><strong>bum,</strong></span> <span class='ocrx_word' id='word_1_352' title='bbox 2389 2342 2674 2413; x_wconf 83' lang='lat' dir='ltr'><strong>sapientia,</strong></span> <span class='ocrx_word' id='word_1_353' title='bbox 2726 2341 2990 2413; x_wconf 88' lang='lat' dir='ltr'><strong>potentia,</strong></span> <span class='ocrx_word' id='word_1_354' title='bbox 3041 2340 3247 2411; x_wconf 81' lang='lat' dir='ltr'><strong>imago,</strong></span> <span class='ocrx_word' id='word_1_355' title='bbox 3282 2336 3564 2409; x_wconf 85' lang='lat' dir='ltr'><strong>splendor,</strong></span> <span class='ocrx_word' id='word_1_356' title='bbox 3604 2334 3785 2390; x_wconf 87' lang='lat' dir='ltr'><strong>Patris</strong></span> 
     </span>
    </p>
   </div>
   <div class='ocr_carea' id='block_1_49' title="bbox 2202 2427 3782 2504">
    <p class='ocr_par' dir='ltr' id='par_1_49' title="bbox 2202 2427 3782 2504">
     <span class='ocr_line' id='line_1_49' title="bbox 2202 2427 3782 2504; baseline -0.003 -16"><span class='ocrx_word' id='word_1_357' title='bbox 2202 2434 2397 2504; x_wconf 81' lang='lat' dir='ltr'><strong>ﬁgura,</strong></span> <span class='ocrx_word' id='word_1_358' title='bbox 2422 2441 2477 2489; x_wconf 91' lang='lat' dir='ltr'><strong>et</strong></span> <span class='ocrx_word' id='word_1_359' title='bbox 2512 2448 2577 2488; x_wconf 85' lang='lat' dir='ltr'><strong>ex</strong></span> <span class='ocrx_word' id='word_1_360' title='bbox 2614 2431 2795 2488; x_wconf 87' lang='lat' dir='ltr'><strong>Patre.</strong></span> <span class='ocrx_word' id='word_1_361' title='bbox 2831 2434 2895 2487; x_wconf 69' lang='lat' dir='ltr'><strong>At</strong></span> <span class='ocrx_word' id='word_1_362' title='bbox 2934 2429 3174 2503; x_wconf 85' lang='lat' dir='ltr'><strong>Spiritus</strong></span> <span class='ocrx_word' id='word_1_363' title='bbox 3204 2437 3435 2487; x_wconf 88' lang='lat' dir='ltr'><strong>sanctus</strong></span> <span class='ocrx_word' id='word_1_364' title='bbox 3455 2444 3563 2484; x_wconf 90' lang='lat' dir='ltr'><strong>non</strong></span> <span class='ocrx_word' id='word_1_365' title='bbox 3602 2427 3782 2483; x_wconf 83' lang='lat' dir='ltr'><strong>Patris</strong></span> 
     </span>
    </p>
   </div>
   <div class='ocr_carea' id='block_1_50' title="bbox 2199 2519 3785 2594">
    <p class='ocr_par' dir='ltr' id='par_1_50' title="bbox 2199 2519 3785 2594">
     <span class='ocr_line' id='line_1_50' title="bbox 2199 2519 3785 2594; baseline -0.002 -15"><span class='ocrx_word' id='word_1_366' title='bbox 2199 2524 2419 2589; x_wconf 88' lang='lat' dir='ltr'><strong>Filius;</strong></span> <span class='ocrx_word' id='word_1_367' title='bbox 2461 2523 2556 2579; x_wconf 87' lang='lat' dir='ltr'><strong>sed</strong></span> <span class='ocrx_word' id='word_1_368' title='bbox 2589 2524 2829 2594; x_wconf 89' lang='lat' dir='ltr'><strong>Spiritus</strong></span> <span class='ocrx_word' id='word_1_369' title='bbox 2861 2522 3064 2590; x_wconf 84' lang='lat' dir='ltr'><strong>Patris,</strong></span> <span class='ocrx_word' id='word_1_370' title='bbox 3118 2531 3179 2578; x_wconf 90' lang='lat' dir='ltr'><strong>ut</strong></span> <span class='ocrx_word' id='word_1_371' title='bbox 3225 2521 3320 2592; x_wconf 89' lang='lat' dir='ltr'><strong>qui</strong></span> <span class='ocrx_word' id='word_1_372' title='bbox 3365 2536 3428 2577; x_wconf 80' lang='lat' dir='ltr'><strong>ex</strong></span> <span class='ocrx_word' id='word_1_373' title='bbox 3466 2519 3630 2576; x_wconf 86' lang='lat' dir='ltr'><strong>Patre</strong></span> <span class='ocrx_word' id='word_1_374' title='bbox 3659 2535 3785 2591; x_wconf 87' lang='lat' dir='ltr'><strong>pro-</strong></span> 
     </span>
    </p>
   </div>
   <div class='ocr_carea' id='block_1_51' title="bbox 2193 2611 3784 2685">
    <p class='ocr_par' dir='ltr' id='par_1_51' title="bbox 2193 2611 3784 2685">
     <span class='ocr_line' id='line_1_51' title="bbox 2193 2611 3784 2685; baseline -0.003 -15"><span class='ocrx_word' id='word_1_375' title='bbox 2193 2615 2372 2682; x_wconf 87' lang='lat' dir='ltr'><strong>cedat,</strong></span> <span class='ocrx_word' id='word_1_376' title='bbox 2412 2612 2603 2670; x_wconf 80' lang='lat' dir='ltr'><strong>Nullus</strong></span> <span class='ocrx_word' id='word_1_377' title='bbox 2629 2614 2776 2671; x_wconf 90' lang='lat' dir='ltr'><strong>enim</strong></span> <span class='ocrx_word' id='word_1_378' title='bbox 2824 2615 3094 2685; x_wconf 90' lang='lat' dir='ltr'><strong>impulsus</strong></span> <span class='ocrx_word' id='word_1_379' title='bbox 3124 2623 3210 2670; x_wconf 85' lang='lat' dir='ltr'><strong>est</strong></span> <span class='ocrx_word' id='word_1_380' title='bbox 3238 2614 3356 2670; x_wconf 86' lang='lat' dir='ltr'><strong>sine</strong></span> <span class='ocrx_word' id='word_1_381' title='bbox 3379 2612 3607 2685; x_wconf 86' lang='lat' dir='ltr'><strong>Spiritu.</strong></span> <span class='ocrx_word' id='word_1_382' title='bbox 3640 2611 3784 2679; x_wconf 85' lang='lat' dir='ltr'><strong>Quin</strong></span> 
     </span>
    </p>
   </div>
   <div class='ocr_carea' id='block_1_52' title="bbox 510 2703 3786 2783">
    <p class='ocr_par' dir='ltr' id='par_1_52' title="bbox 510 2703 3786 2783">
     <span class='ocr_line' id='line_1_52' title="bbox 510 2703 3786 2783; baseline 0.002 -25"><span class='ocrx_word' id='word_1_383' title='bbox 510 2703 635 2760; x_wconf 83' lang='lat' dir='ltr'><strong>Filii</strong></span> <span class='ocrx_word' id='word_1_384' title='bbox 668 2721 887 2777; x_wconf 86' lang='lat' dir='ltr'><strong>quoque</strong></span> <span class='ocrx_word' id='word_1_385' title='bbox 910 2705 1150 2777; x_wconf 87' lang='lat' dir='ltr'><strong>Spiritus</strong></span> <span class='ocrx_word' id='word_1_386' title='bbox 1176 2707 1400 2774; x_wconf 90' lang='lat' dir='ltr'><strong>dicitur,</strong></span> <span class='ocrx_word' id='word_1_387' title='bbox 1430 2724 1539 2765; x_wconf 90' lang='lat' dir='ltr'><strong>non</strong></span> <span class='ocrx_word' id='word_1_388' title='bbox 1570 2710 1714 2765; x_wconf 87' lang='lat' dir='ltr'><strong>velut</strong></span> <span class='ocrx_word' id='word_1_389' title='bbox 1738 2726 1803 2766; x_wconf 84' lang='lat' dir='ltr'><strong>ex</strong></span> <span class='ocrx_word' id='word_1_390' title='bbox 1861 2711 2003 2782; x_wconf 88' lang='lat' dir='ltr'><strong>ipso,</strong></span> <span class='ocrx_word' id='word_1_391' title='bbox 2069 2711 2162 2769; x_wconf 90' lang='lat' dir='ltr'><strong>sed</strong></span> <span class='ocrx_word' id='word_1_392' title='bbox 2205 2727 2300 2783; x_wconf 86' lang='lat' dir='ltr'><strong>per</strong></span> <span class='ocrx_word' id='word_1_393' title='bbox 2335 2713 2510 2783; x_wconf 86' lang='lat' dir='ltr'><strong>ipsum</strong></span> <span class='ocrx_word' id='word_1_394' title='bbox 2554 2726 2619 2767; x_wconf 79' lang='lat' dir='ltr'><strong>ex</strong></span> <span class='ocrx_word' id='word_1_395' title='bbox 2646 2709 2806 2768; x_wconf 89' lang='lat' dir='ltr'><strong>Patre</strong></span> <span class='ocrx_word' id='word_1_396' title='bbox 2833 2711 3164 2783; x_wconf 89' lang='lat' dir='ltr'><strong>procedens.</strong></span> <span class='ocrx_word' id='word_1_397' title='bbox 3224 2711 3388 2767; x_wconf 89' lang='lat' dir='ltr'><strong>Solus</strong></span> <span class='ocrx_word' id='word_1_398' title='bbox 3437 2711 3587 2767; x_wconf 89' lang='lat' dir='ltr'><strong>enim</strong></span> <span class='ocrx_word' id='word_1_399' title='bbox 3624 2710 3786 2765; x_wconf 85' lang='lat' dir='ltr'><strong>Pater</strong></span> 
     </span>
    </p>
   </div>
   <div class='ocr_carea' id='block_1_53' title="bbox 512 2806 831 2856">
    <p class='ocr_par' dir='ltr' id='par_1_53' title="bbox 512 2806 831 2856">
     <span class='ocr_line' id='line_1_53' title="bbox 512 2806 831 2856; baseline 0.009 -3"><span class='ocrx_word' id='word_1_400' title='bbox 512 2806 703 2856; x_wconf 68' lang='lat' dir='ltr'><strong>RUCIOI&#39;</strong></span> <span class='ocrx_word' id='word_1_401' title='bbox 725 2808 831 2856; x_wconf 91' lang='lat' dir='ltr'><strong>est.</strong></span> 
     </span>
    </p>
   </div>
   <div class='ocr_carea' id='block_1_54' title="bbox 1132 2912 1495 2969">
    <p class='ocr_par' dir='ltr' id='par_1_54' title="bbox 1132 2912 1495 2969">
     <span class='ocr_line' id='line_1_54' title="bbox 1132 2912 1495 2969; baseline 0.017 -6"><span class='ocrx_word' id='word_1_402' title='bbox 1132 2912 1266 2965; x_wconf 75' lang='grc' dir='ltr'><strong>ΚΦΑ</strong></span> <span class='ocrx_word' id='word_1_403' title='bbox 1284 2915 1308 2953; x_wconf 61' lang='grc' dir='ltr'><strong>Α</strong></span> <span class='ocrx_word' id='word_1_404' title='bbox 1324 2953 1337 2967; x_wconf 93' lang='grc'><strong>.</strong></span> <span class='ocrx_word' id='word_1_405' title='bbox 1395 2915 1495 2969; x_wconf 85' lang='lat' dir='ltr'><strong>II&quot;.</strong></span> 
     </span>
    </p>
   </div>
   <div class='ocr_carea' id='block_1_55' title="bbox 515 3021 2095 3102">
    <p class='ocr_par' dir='ltr' id='par_1_55' title="bbox 515 3021 2095 3102">
     <span class='ocr_line' id='line_1_55' title="bbox 515 3021 2095 3102; baseline 0.006 -22"><span class='ocrx_word' id='word_1_406' title='bbox 515 3024 655 3094; x_wconf 72' lang='grc' dir='ltr'>Περὶ</span> <span class='ocrx_word' id='word_1_407' title='bbox 684 3021 874 3078; x_wconf 82' lang='grc' dir='ltr'>τόπου</span> <span class='ocrx_word' id='word_1_408' title='bbox 904 3024 1074 3089; x_wconf 78' lang='grc' dir='ltr'>Θεοῦ,</span> <span class='ocrx_word' id='word_1_409' title='bbox 1099 3024 1194 3078; x_wconf 79' lang='grc' dir='ltr'>καὶ</span> <span class='ocrx_word' id='word_1_410' title='bbox 1232 3025 1323 3080; x_wconf 83' lang='grc' dir='ltr'>ὅτι</span> <span class='ocrx_word' id='word_1_411' title='bbox 1353 3027 1546 3095; x_wconf 79' lang='grc' dir='ltr'>μόνον</span> <span class='ocrx_word' id='word_1_412' title='bbox 1592 3030 1655 3083; x_wconf 87' lang='grc' dir='ltr'>τὸ</span> <span class='ocrx_word' id='word_1_413' title='bbox 1690 3031 1862 3086; x_wconf 80' lang='grc' dir='ltr'><strong>Θεῖον</strong></span> <span class='ocrx_word' id='word_1_414' title='bbox 1889 3033 2095 3102; x_wconf 80' lang='grc' dir='ltr'>ἀπερί-</span> 
     </span>
    </p>
   </div>
   <div class='ocr_carea' id='block_1_56' title="bbox 1174 3112 1459 3165">
    <p class='ocr_par' dir='ltr' id='par_1_56' title="bbox 1174 3112 1459 3165">
     <span class='ocr_line' id='line_1_56' title="bbox 1174 3112 1459 3165; baseline 0.004 -15"><span class='ocrx_word' id='word_1_415' title='bbox 1174 3112 1459 3165; x_wconf 75' lang='grc' dir='ltr'>ῃοαπτον.</span> 
     </span>
    </p>
   </div>
   <div class='ocr_carea' id='block_1_57' title="bbox 2827 2916 3152 2976">
    <p class='ocr_par' dir='ltr' id='par_1_57' title="bbox 2827 2916 3152 2976">
     <span class='ocr_line' id='line_1_57' title="bbox 2827 2916 3152 2976; baseline -0.012 0"><span class='ocrx_word' id='word_1_416' title='bbox 2827 2916 2980 2976; x_wconf 78' lang='lat' dir='ltr'><strong>CAP.</strong></span> <span class='ocrx_word' id='word_1_417' title='bbox 3009 2916 3152 2975; x_wconf 81' lang='lat' dir='ltr'><strong>XIII.</strong></span> 
     </span>
    </p>
   </div>
   <div class='ocr_carea' id='block_1_58' title="bbox 2208 3029 3760 3159">
    <p class='ocr_par' dir='ltr' id='par_1_58' title="bbox 2208 3029 3760 3159">
     <span class='ocr_line' id='line_1_58' title="bbox 2208 3029 3760 3159; baseline -0.003 -69"><span class='ocrx_word' id='word_1_418' title='bbox 2208 3033 2368 3108; x_wconf 66' lang='lat'><strong>“.9</strong></span> <span class='ocrx_word' id='word_1_419' title='bbox 2400 3033 2477 3090; x_wconf 88' lang='lat' dir='ltr'><strong>De</strong></span> <span class='ocrx_word' id='word_1_420' title='bbox 2524 3034 2635 3088; x_wconf 85' lang='lat' dir='ltr'><strong>loco</strong></span> <span class='ocrx_word' id='word_1_421' title='bbox 2676 3033 2775 3090; x_wconf 92' lang='lat' dir='ltr'><strong>Dei</strong></span> <span class='ocrx_word' id='word_1_422' title='bbox 2808 3044 2858 3088; x_wconf 87' lang='lat' dir='ltr'><strong>et</strong></span> <span class='ocrx_word' id='word_1_423' title='bbox 2885 3033 3022 3159; x_wconf 53' lang='lat' dir='ltr'><strong>qrod</strong></span> <span class='ocrx_word' id='word_1_424' title='bbox 3048 3033 3193 3159; x_wconf 60' lang='grc' dir='ltr'>ρρίιω</span> <span class='ocrx_word' id='word_1_425' title='bbox 3223 3029 3364 3085; x_wconf 77' lang='lat' dir='ltr'><strong>Deus</strong></span> <span class='ocrx_word' id='word_1_426' title='bbox 3398 3031 3760 3086; x_wconf 73' lang='lat' dir='ltr'><strong>incircumsm</strong></span> 
     </span>
     <span class='ocr_line' id='line_1_59' title="bbox 2883 3120 3113 3159; baseline 0 0"><span class='ocrx_word' id='word_1_427' title='bbox 2883 3123 2914 3159; x_wconf 82' lang='grc' dir='ltr'><strong><em>υ</em></strong></span> <span class='ocrx_word' id='word_1_428' title='bbox 2940 3121 3003 3159; x_wconf 79' lang='grc' dir='ltr'><strong>ιιι</strong></span> <span class='ocrx_word' id='word_1_429' title='bbox 3022 3120 3068 3159; x_wconf 74' lang='lat' dir='ltr'><strong>at</strong></span> <span class='ocrx_word' id='word_1_430' title='bbox 3100 3147 3113 3159; x_wconf 94' lang='lat'><strong>.</strong></span> 
     </span>
    </p>
   </div>
   <div class='ocr_carea' id='block_1_59' title="bbox 2882 3120 3113 3175">
    <p class='ocr_par' dir='ltr' id='par_1_59' title="bbox 2882 3120 3113 3175">
     <span class='ocr_line' id='line_1_60' title="bbox 2882 3120 3113 3175; baseline 0.013 -17"><span class='ocrx_word' id='word_1_431' title='bbox 2882 3120 3003 3175; x_wconf 69' lang='lat' dir='ltr'><strong>ptui</strong></span> <span class='ocrx_word' id='word_1_432' title='bbox 3022 3120 3113 3161; x_wconf 74' lang='lat' dir='ltr'><strong>su.</strong></span> 
     </span>
    </p>
   </div>
   <div class='ocr_carea' id='block_1_60' title="bbox 584 3201 2092 3291">
    <p class='ocr_par' dir='ltr' id='par_1_60' title="bbox 584 3206 2092 3288">
     <span class='ocr_line' id='line_1_61' title="bbox 584 3206 2092 3288; baseline 0.008 -30"><span class='ocrx_word' id='word_1_433' title='bbox 584 3206 763 3271; x_wconf 83' lang='grc' dir='ltr'>Τόπος</span> <span class='ocrx_word' id='word_1_434' title='bbox 796 3206 914 3261; x_wconf 72' lang='grc' dir='ltr'>ἐστὶ</span> <span class='ocrx_word' id='word_1_435' title='bbox 962 3209 1308 3278; x_wconf 82' lang='grc' dir='ltr'>σωματικδς,</span> <span class='ocrx_word' id='word_1_436' title='bbox 1342 3212 1519 3283; x_wconf 88' lang='grc' dir='ltr'>πέρας</span> <span class='ocrx_word' id='word_1_437' title='bbox 1574 3213 1668 3267; x_wconf 80' lang='grc' dir='ltr'>τοῦ</span> <span class='ocrx_word' id='word_1_438' title='bbox 1727 3215 2092 3288; x_wconf 69' lang='grc' dir='ltr'>περιέχοντος,</span> 
     </span>
    </p>
   </div>
   <div class='ocr_carea' id='block_1_61' title="bbox 2197 3201 3784 3291">
    <p class='ocr_par' dir='ltr' id='par_1_61' title="bbox 2278 3201 3784 3291">
     <span class='ocr_line' id='line_1_62' title="bbox 2278 3201 3784 3291; baseline -0.005 -16"><span class='ocrx_word' id='word_1_439' title='bbox 2278 3220 2449 3277; x_wconf 77' lang='lat' dir='ltr'><strong>Locus</strong></span> <span class='ocrx_word' id='word_1_440' title='bbox 2474 3236 2776 3291; x_wconf 79' lang='lat' dir='ltr'><strong>corporeus.</strong></span> <span class='ocrx_word' id='word_1_441' title='bbox 2803 3250 2873 3262; x_wconf 92' lang='lat'><strong>-</strong></span> <span class='ocrx_word' id='word_1_442' title='bbox 2894 3218 3074 3289; x_wconf 88' lang='lat' dir='ltr'><strong>Locus</strong></span> <span class='ocrx_word' id='word_1_443' title='bbox 3087 3230 3391 3287; x_wconf 87' lang='lat' dir='ltr'><strong>corporeus</strong></span> <span class='ocrx_word' id='word_1_444' title='bbox 3414 3201 3498 3269; x_wconf 80' lang='lat' dir='ltr'><strong>est</strong></span> <span class='ocrx_word' id='word_1_445' title='bbox 3515 3212 3784 3269; x_wconf 88' lang='lat' dir='ltr'><strong>terminus</strong></span> 
     </span>
    </p>
   </div>
   <div class='ocr_carea' id='block_1_62' title="bbox 516 3292 2100 3380">
    <p class='ocr_par' dir='ltr' id='par_1_62' title="bbox 516 3292 2100 3380">
     <span class='ocr_line' id='line_1_63' title="bbox 516 3292 2100 3380; baseline 0.01 -33"><span class='ocrx_word' id='word_1_446' title='bbox 516 3292 643 3350; x_wconf 82' lang='grc' dir='ltr'>καθ’</span> <span class='ocrx_word' id='word_1_447' title='bbox 671 3293 701 3349; x_wconf 77' lang='grc' dir='ltr'><strong>ὃ</strong></span> <span class='ocrx_word' id='word_1_448' title='bbox 727 3295 1042 3366; x_wconf 81' lang='grc' dir='ltr'>περιέχεται</span> <span class='ocrx_word' id='word_1_449' title='bbox 1071 3300 1133 3352; x_wconf 87' lang='grc' dir='ltr'><strong>τὸ</strong></span> <span class='ocrx_word' id='word_1_450' title='bbox 1159 3301 1547 3373; x_wconf 83' lang='grc' dir='ltr'>περιεχόμενον</span> <span class='ocrx_word' id='word_1_451' title='bbox 1571 3320 1583 3333; x_wconf 88' lang='grc'><strong>·</strong></span> <span class='ocrx_word' id='word_1_452' title='bbox 1616 3299 1728 3358; x_wconf 76' lang='grc' dir='ltr'>οἷον</span> <span class='ocrx_word' id='word_1_453' title='bbox 1757 3308 1785 3360; x_wconf 90' lang='grc' dir='ltr'>ό</span> <span class='ocrx_word' id='word_1_454' title='bbox 1807 3307 1916 3379; x_wconf 84' lang='grc' dir='ltr'><strong>ἀὴρ</strong></span> <span class='ocrx_word' id='word_1_455' title='bbox 1943 3325 2100 3380; x_wconf 82' lang='grc' dir='ltr'>περι-</span> 
     </span>
    </p>
   </div>
   <div class='ocr_carea' id='block_1_63' title="bbox 518 3385 2097 3471">
    <p class='ocr_par' dir='ltr' id='par_1_63' title="bbox 518 3385 2097 3471">
     <span class='ocr_line' id='line_1_64' title="bbox 518 3385 2097 3471; baseline 0.011 -34"><span class='ocrx_word' id='word_1_456' title='bbox 518 3385 727 3456; x_wconf 80' lang='grc' dir='ltr'>έχει,τὸ</span> <span class='ocrx_word' id='word_1_457' title='bbox 746 3385 804 3440; x_wconf 82' lang='grc' dir='ltr'><strong>δὲ</strong></span> <span class='ocrx_word' id='word_1_458' title='bbox 827 3388 990 3459; x_wconf 87' lang='grc' dir='ltr'>σῶμα</span> <span class='ocrx_word' id='word_1_459' title='bbox 1016 3390 1334 3464; x_wconf 81' lang='grc' dir='ltr'>περιέχεται</span> <span class='ocrx_word' id='word_1_460' title='bbox 1354 3410 1370 3426; x_wconf 74' lang='grc' dir='ltr'><strong>ο</strong></span> <span class='ocrx_word' id='word_1_461' title='bbox 1390 3395 1490 3466; x_wconf 84' lang='grc' dir='ltr'><strong>οὐχ</strong></span> <span class='ocrx_word' id='word_1_462' title='bbox 1511 3395 1631 3459; x_wconf 85' lang='grc' dir='ltr'>ὅλος</span> <span class='ocrx_word' id='word_1_463' title='bbox 1649 3397 1744 3451; x_wconf 70' lang='grc' dir='ltr'><strong>*δὲ</strong></span> <span class='ocrx_word' id='word_1_464' title='bbox 1770 3399 1800 3451; x_wconf 89' lang='grc' dir='ltr'>ό</span> <span class='ocrx_word' id='word_1_465' title='bbox 1826 3400 2097 3471; x_wconf 85' lang='grc' dir='ltr'>περιέχων</span> 
     </span>
    </p>
   </div>
   <div class='ocr_carea' id='block_1_64' title="bbox 587 3566 1572 3641">
    <p class='ocr_par' dir='ltr' id='par_1_64' title="bbox 587 3566 1572 3641">
     <span class='ocr_line' id='line_1_65' title="bbox 587 3566 1572 3641; baseline 0.006 -20"><span class='ocrx_word' id='word_1_466' title='bbox 587 3568 632 3601; x_wconf 76' lang='grc'>¹¹</span> <span class='ocrx_word' id='word_1_467' title='bbox 667 3568 837 3626; x_wconf 81' lang='lat' dir='ltr'><strong>Arist.</strong></span> <span class='ocrx_word' id='word_1_468' title='bbox 867 3568 964 3626; x_wconf 85' lang='lat' dir='ltr'><strong>lib.</strong></span> <span class='ocrx_word' id='word_1_469' title='bbox 996 3585 1049 3626; x_wconf 85' lang='lat' dir='ltr'><strong>tv</strong></span> <span class='ocrx_word' id='word_1_470' title='bbox 1080 3566 1297 3640; x_wconf 75' lang='lat' dir='ltr'><strong>Physic.</strong></span> <span class='ocrx_word' id='word_1_471' title='bbox 1355 3583 1477 3641; x_wconf 70' lang='lat' dir='ltr'><strong>cap.</strong></span> <span class='ocrx_word' id='word_1_472' title='bbox 1519 3572 1572 3626; x_wconf 71' lang='grc'><strong>4.</strong></span> 
     </span>
    </p>
   </div>
   <div class='ocr_carea' id='block_1_65' title="bbox 2204 3303 3779 3381">
    <p class='ocr_par' dir='ltr' id='par_1_65' title="bbox 2204 3303 3779 3381">
     <span class='ocr_line' id='line_1_66' title="bbox 2204 3303 3779 3381; baseline -0.005 -16"><span class='ocrx_word' id='word_1_473' title='bbox 2204 3311 2560 3379; x_wconf 86' lang='lat' dir='ltr'><strong>continentis,</strong></span> <span class='ocrx_word' id='word_1_474' title='bbox 2588 3326 2699 3381; x_wconf 91' lang='lat' dir='ltr'><strong>quo</strong></span> <span class='ocrx_word' id='word_1_475' title='bbox 2739 3310 3056 3368; x_wconf 90' lang='lat' dir='ltr'><strong>continetur</strong></span> <span class='ocrx_word' id='word_1_476' title='bbox 3088 3308 3139 3364; x_wconf 91' lang='lat' dir='ltr'><strong>id</strong></span> <span class='ocrx_word' id='word_1_477' title='bbox 3162 3306 3308 3377; x_wconf 86' lang='lat' dir='ltr'><strong>quod</strong></span> <span class='ocrx_word' id='word_1_478' title='bbox 3340 3305 3658 3360; x_wconf 86' lang='lat' dir='ltr'><strong>continetur</strong></span> <span class='ocrx_word' id='word_1_479' title='bbox 3684 3303 3729 3335; x_wconf 85' lang='grc'>¹¹</span> <span class='ocrx_word' id='word_1_480' title='bbox 3767 3322 3779 3357; x_wconf 86' lang='lat'><strong>:</strong></span> 
     </span>
    </p>
   </div>
   <div class='ocr_carea' id='block_1_66' title="bbox 2206 3392 3781 3473">
    <p class='ocr_par' dir='ltr' id='par_1_66' title="bbox 2206 3392 3781 3473">
     <span class='ocr_line' id='line_1_67' title="bbox 2206 3392 3781 3473; baseline -0.005 -16"><span class='ocrx_word' id='word_1_481' title='bbox 2206 3417 2258 3457; x_wconf 91' lang='lat' dir='ltr'><strong>v.</strong></span> <span class='ocrx_word' id='word_1_482' title='bbox 2291 3418 2374 3473; x_wconf 75' lang='lat' dir='ltr'><strong>gr.</strong></span> <span class='ocrx_word' id='word_1_483' title='bbox 2411 3417 2505 3459; x_wconf 86' lang='lat' dir='ltr'><strong>aer</strong></span> <span class='ocrx_word' id='word_1_484' title='bbox 2537 3403 2783 3460; x_wconf 89' lang='lat' dir='ltr'><strong>continet</strong></span> <span class='ocrx_word' id='word_1_485' title='bbox 2818 3419 2834 3469; x_wconf 87' lang='lat'><strong>;</strong></span> <span class='ocrx_word' id='word_1_486' title='bbox 2861 3414 3064 3471; x_wconf 88' lang='lat' dir='ltr'><strong>corpus</strong></span> <span class='ocrx_word' id='word_1_487' title='bbox 3094 3399 3428 3454; x_wconf 82' lang='lat' dir='ltr'><strong>continetur.</strong></span> <span class='ocrx_word' id='word_1_488' title='bbox 3462 3392 3575 3450; x_wconf 83' lang='lat' dir='ltr'><strong>Nec</strong></span> <span class='ocrx_word' id='word_1_489' title='bbox 3600 3401 3781 3451; x_wconf 88' lang='lat' dir='ltr'><strong>tamen</strong></span> 
     </span>
    </p>
   </div>
   <div class='ocr_carea' id='block_1_67' title="bbox 1830 3661 2520 3737">
    <p class='ocr_par' dir='ltr' id='par_1_67' title="bbox 1830 3661 2520 3737">
     <span class='ocr_line' id='line_1_68' title="bbox 1830 3661 2520 3737; baseline 0.009 -20"><span class='ocrx_word' id='word_1_490' title='bbox 1830 3661 2069 3719; x_wconf 61' lang='lat' dir='ltr'><strong>vanus:</strong></span> <span class='ocrx_word' id='word_1_491' title='bbox 2109 3663 2520 3737; x_wconf 75' lang='lat' dir='ltr'><strong>LECTIONES.</strong></span> 
     </span>
    </p>
   </div>
   <div class='ocr_carea' id='block_1_68' title="bbox 592 3752 2835 3834">
    <p class='ocr_par' dir='ltr' id='par_1_68' title="bbox 592 3752 2835 3834">
     <span class='ocr_line' id='line_1_69' title="bbox 592 3752 2835 3834; baseline 0.003 -24"><span class='ocrx_word' id='word_1_492' title='bbox 592 3762 618 3793; x_wconf 75' lang='grc' dir='ltr'><strong>ν</strong></span> <span class='ocrx_word' id='word_1_493' title='bbox 639 3752 774 3810; x_wconf 86' lang='lat' dir='ltr'><strong>Cod.</strong></span> <span class='ocrx_word' id='word_1_494' title='bbox 819 3753 877 3812; x_wconf 87' lang='lat' dir='ltr'><strong>S.</strong></span> <span class='ocrx_word' id='word_1_495' title='bbox 909 3756 1019 3810; x_wconf 83' lang='lat' dir='ltr'><strong>Hii.</strong></span> <span class='ocrx_word' id='word_1_496' title='bbox 1045 3755 1349 3812; x_wconf 85' lang='lat' dir='ltr'><strong>Colbertini</strong></span> <span class='ocrx_word' id='word_1_497' title='bbox 1375 3763 1431 3813; x_wconf 92' lang='lat' dir='ltr'><strong>et</strong></span> <span class='ocrx_word' id='word_1_498' title='bbox 1463 3754 1617 3827; x_wconf 67' lang='lat' dir='ltr'><strong>Regii</strong></span> <span class='ocrx_word' id='word_1_499' title='bbox 1646 3756 1679 3811; x_wconf 89' lang='lat'><strong>8</strong></span> <span class='ocrx_word' id='word_1_500' title='bbox 1709 3757 1738 3811; x_wconf 93' lang='lat'><strong>6</strong></span> <span class='ocrx_word' id='word_1_501' title='bbox 1775 3756 1889 3829; x_wconf 80' lang='grc' dir='ltr'><strong>ἀὴρ</strong></span> <span class='ocrx_word' id='word_1_502' title='bbox 1918 3758 2167 3829; x_wconf 80' lang='grc' dir='ltr'>περιέχει</span> <span class='ocrx_word' id='word_1_503' title='bbox 2198 3760 2318 3815; x_wconf 82' lang='grc' dir='ltr'>τόδε</span> <span class='ocrx_word' id='word_1_504' title='bbox 2353 3760 2535 3832; x_wconf 86' lang='grc' dir='ltr'>σῶμα,</span> <span class='ocrx_word' id='word_1_505' title='bbox 2567 3762 2665 3834; x_wconf 79' lang='grc' dir='ltr'><strong>οὐχ</strong></span> <span class='ocrx_word' id='word_1_506' title='bbox 2693 3762 2835 3826; x_wconf 83' lang='grc' dir='ltr'>δλος.</span> 
     </span>
    </p>
   </div>
   <div class='ocr_carea' id='block_1_69' title="bbox 2038 3913 2272 3970">
    <p class='ocr_par' dir='ltr' id='par_1_69' title="bbox 2038 3913 2272 3970">
     <span class='ocr_line' id='line_1_70' title="bbox 2038 3913 2272 3970; baseline 0.009 -2"><span class='ocrx_word' id='word_1_507' title='bbox 2038 3913 2272 3970; x_wconf 63' lang='grc' dir='ltr'><strong>ΝΟΤᾸΕ.</strong></span> 
     </span>
    </p>
   </div>
   <div class='ocr_carea' id='block_1_70' title="bbox 591 4000 2106 4075">
    <p class='ocr_par' dir='ltr' id='par_1_70' title="bbox 591 4000 2106 4075">
     <span class='ocr_line' id='line_1_71' title="bbox 591 4000 2106 4075; baseline 0.003 -18"><span class='ocrx_word' id='word_1_508' title='bbox 591 4000 703 4075; x_wconf 79' lang='grc'><strong>(56)</strong></span> <span class='ocrx_word' id='word_1_509' title='bbox 743 4004 867 4058; x_wconf 76' lang='grc' dir='ltr'><strong>Οὐκ</strong></span> <span class='ocrx_word' id='word_1_510' title='bbox 894 4001 1029 4075; x_wconf 74' lang='grc' dir='ltr'>ἔστι</span> <span class='ocrx_word' id='word_1_511' title='bbox 1054 4004 1240 4073; x_wconf 81' lang='grc' dir='ltr'>Πατρὶ</span> <span class='ocrx_word' id='word_1_512' title='bbox 1270 4006 1482 4072; x_wconf 84' lang='grc' dir='ltr'>Λόγος.</span> <span class='ocrx_word' id='word_1_513' title='bbox 1513 4004 1642 4063; x_wconf 80' lang='lat' dir='ltr'><strong>Alia</strong></span> <span class='ocrx_word' id='word_1_514' title='bbox 1688 4022 1793 4061; x_wconf 83' lang='lat' dir='ltr'><strong>non</strong></span> <span class='ocrx_word' id='word_1_515' title='bbox 1837 4014 1915 4062; x_wconf 80' lang='lat' dir='ltr'><strong>est</strong></span> <span class='ocrx_word' id='word_1_516' title='bbox 1952 4005 2106 4062; x_wconf 88' lang='lat' dir='ltr'><strong>Patri</strong></span> 
     </span>
    </p>
   </div>
   <div class='ocr_carea' id='block_1_71' title="bbox 521 4074 2103 4141">
    <p class='ocr_par' dir='ltr' id='par_1_71' title="bbox 521 4074 2103 4141">
     <span class='ocr_line' id='line_1_72' title="bbox 521 4074 2103 4141; baseline 0.003 -13"><span class='ocrx_word' id='word_1_517' title='bbox 521 4076 686 4135; x_wconf 81' lang='lat' dir='ltr'><strong>ratio,</strong></span> <span class='ocrx_word' id='word_1_518' title='bbox 728 4084 836 4129; x_wconf 90' lang='lat' dir='ltr'><strong>etc.</strong></span> <span class='ocrx_word' id='word_1_519' title='bbox 868 4074 1039 4141; x_wconf 89' lang='grc' dir='ltr'>Λόγος</span> <span class='ocrx_word' id='word_1_520' title='bbox 1076 4075 1327 4138; x_wconf 83' lang='lat' dir='ltr'><strong>verbum,</strong></span> <span class='ocrx_word' id='word_1_521' title='bbox 1355 4089 1730 4130; x_wconf 88' lang='lat' dir='ltr'><strong>sermonemve</strong></span> <span class='ocrx_word' id='word_1_522' title='bbox 1752 4084 1807 4130; x_wconf 91' lang='lat' dir='ltr'><strong>et</strong></span> <span class='ocrx_word' id='word_1_523' title='bbox 1836 4077 2103 4132; x_wconf 88' lang='lat' dir='ltr'><strong>rationem</strong></span> 
     </span>
    </p>
   </div>
   <div class='ocr_carea' id='block_1_72' title="bbox 522 4142 2103 4215">
    <p class='ocr_par' dir='ltr' id='par_1_72' title="bbox 522 4142 2103 4215">
     <span class='ocr_line' id='line_1_73' title="bbox 522 4142 2103 4215; baseline 0.001 -16"><span class='ocrx_word' id='word_1_524' title='bbox 522 4145 788 4215; x_wconf 78' lang='lat' dir='ltr'><strong>signiﬁcat</strong></span> <span class='ocrx_word' id='word_1_525' title='bbox 799 4184 815 4200; x_wconf 93' lang='lat'><strong>.</strong></span> <span class='ocrx_word' id='word_1_526' title='bbox 833 4142 1023 4198; x_wconf 83' lang='lat' dir='ltr'><strong>Patres</strong></span> <span class='ocrx_word' id='word_1_527' title='bbox 1038 4143 1304 4199; x_wconf 84' lang='lat' dir='ltr'><strong>adversus</strong></span> <span class='ocrx_word' id='word_1_528' title='bbox 1317 4142 1509 4215; x_wconf 69' lang='lat' dir='ltr'><strong>Arium</strong></span> <span class='ocrx_word' id='word_1_529' title='bbox 1522 4145 1918 4215; x_wconf 68' lang='lat' dir='ltr'><strong>ostenduntrov</strong></span> <span class='ocrx_word' id='word_1_530' title='bbox 1930 4146 2103 4214; x_wconf 83' lang='grc' dir='ltr'>Λόγον</span> 
     </span>
    </p>
   </div>
   <div class='ocr_carea' id='block_1_73' title="bbox 524 4212 2102 4284">
    <p class='ocr_par' dir='ltr' id='par_1_73' title="bbox 524 4212 2102 4284">
     <span class='ocr_line' id='line_1_74' title="bbox 524 4212 2102 4284; baseline 0.001 -17"><span class='ocrx_word' id='word_1_531' title='bbox 524 4212 635 4269; x_wconf 80' lang='lat' dir='ltr'><strong>Deo</strong></span> <span class='ocrx_word' id='word_1_532' title='bbox 660 4215 809 4284; x_wconf 87' lang='lat' dir='ltr'><strong>Patri</strong></span> <span class='ocrx_word' id='word_1_533' title='bbox 834 4227 1074 4269; x_wconf 72' lang='lat' dir='ltr'><strong>comvum</strong></span> <span class='ocrx_word' id='word_1_534' title='bbox 1112 4228 1255 4279; x_wconf 87' lang='lat' dir='ltr'><strong>esse,</strong></span> <span class='ocrx_word' id='word_1_535' title='bbox 1286 4227 1355 4284; x_wconf 87' lang='lat' dir='ltr'><strong>ne</strong></span> <span class='ocrx_word' id='word_1_536' title='bbox 1396 4212 1540 4268; x_wconf 86' lang='lat' dir='ltr'><strong>Deus</strong></span> <span class='ocrx_word' id='word_1_537' title='bbox 1583 4214 1878 4283; x_wconf 81' lang='lat' dir='ltr'><strong>aliquando</strong></span> <span class='ocrx_word' id='word_1_538' title='bbox 1910 4212 2102 4284; x_wconf 82' lang='grc' dir='ltr'>ἄλογος</span> 
     </span>
    </p>
   </div>
   <div class='ocr_carea' id='block_1_74' title="bbox 520 4283 2099 4353">
    <p class='ocr_par' dir='ltr' id='par_1_74' title="bbox 520 4283 2099 4353">
     <span class='ocr_line' id='line_1_75' title="bbox 520 4283 2099 4353; baseline 0.001 -15"><span class='ocrx_word' id='word_1_539' title='bbox 520 4284 615 4338; x_wconf 75' lang='grc' dir='ltr'><strong>καὶ</strong></span> <span class='ocrx_word' id='word_1_540' title='bbox 649 4283 872 4352; x_wconf 80' lang='grc' dir='ltr'>ἄσοφος,</span> <span class='ocrx_word' id='word_1_541' title='bbox 896 4283 1120 4338; x_wconf 72' lang='lat' dir='ltr'><strong>rationis</strong></span> <span class='ocrx_word' id='word_1_542' title='bbox 1149 4292 1200 4338; x_wconf 87' lang='lat' dir='ltr'><strong>et</strong></span> <span class='ocrx_word' id='word_1_543' title='bbox 1238 4283 1513 4352; x_wconf 72' lang='lat' dir='ltr'><strong>sapientia:</strong></span> <span class='ocrx_word' id='word_1_544' title='bbox 1537 4298 1722 4353; x_wconf 66' lang='lat' dir='ltr'><strong>expers</strong></span> <span class='ocrx_word' id='word_1_545' title='bbox 1752 4285 1950 4340; x_wconf 85' lang='lat' dir='ltr'><strong>fuerit:</strong></span> <span class='ocrx_word' id='word_1_546' title='bbox 1988 4283 2099 4340; x_wconf 85' lang='lat' dir='ltr'><strong>non</strong></span> 
     </span>
    </p>
   </div>
   <div class='ocr_carea' id='block_1_75' title="bbox 522 4353 2098 4423">
    <p class='ocr_par' dir='ltr' id='par_1_75' title="bbox 522 4353 2098 4423">
     <span class='ocr_line' id='line_1_76' title="bbox 522 4353 2098 4423; baseline 0.002 -16"><span class='ocrx_word' id='word_1_547' title='bbox 522 4354 598 4407; x_wconf 91' lang='lat' dir='ltr'><strong>ita</strong></span> <span class='ocrx_word' id='word_1_548' title='bbox 624 4354 768 4417; x_wconf 86' lang='lat' dir='ltr'><strong>quod</strong></span> <span class='ocrx_word' id='word_1_549' title='bbox 786 4353 965 4423; x_wconf 89' lang='lat' dir='ltr'><strong>_Pater</strong></span> <span class='ocrx_word' id='word_1_550' title='bbox 1003 4354 1328 4423; x_wconf 85' lang='lat' dir='ltr'><strong>sapientiam</strong></span> <span class='ocrx_word' id='word_1_551' title='bbox 1350 4361 1405 4408; x_wconf 88' lang='lat' dir='ltr'><strong>et</strong></span> <span class='ocrx_word' id='word_1_552' title='bbox 1430 4353 1700 4408; x_wconf 90' lang='lat' dir='ltr'><strong>rationem</strong></span> <span class='ocrx_word' id='word_1_553' title='bbox 1727 4370 1756 4407; x_wconf 92' lang='lat' dir='ltr'><strong>a</strong></span> <span class='ocrx_word' id='word_1_554' title='bbox 1787 4354 1927 4409; x_wconf 85' lang='lat' dir='ltr'><strong>Filio</strong></span> <span class='ocrx_word' id='word_1_555' title='bbox 1949 4355 2098 4411; x_wconf 91' lang='lat' dir='ltr'><strong>acci-</strong></span> 
     </span>
    </p>
   </div>
   <div class='ocr_carea' id='block_1_76' title="bbox 520 4421 2094 4495">
    <p class='ocr_par' dir='ltr' id='par_1_76' title="bbox 520 4421 2094 4495">
     <span class='ocr_line' id='line_1_77' title="bbox 520 4421 2094 4495; baseline 0.003 -20"><span class='ocrx_word' id='word_1_556' title='bbox 520 4423 673 4495; x_wconf 84' lang='lat' dir='ltr'><strong>piat;</strong></span> <span class='ocrx_word' id='word_1_557' title='bbox 704 4421 800 4479; x_wconf 90' lang='lat' dir='ltr'><strong>sed</strong></span> <span class='ocrx_word' id='word_1_558' title='bbox 821 4423 952 4495; x_wconf 83' lang='lat' dir='ltr'><strong>quia</strong></span> <span class='ocrx_word' id='word_1_559' title='bbox 975 4421 1151 4491; x_wconf 82' lang='lat' dir='ltr'><strong>ratio,</strong></span> <span class='ocrx_word' id='word_1_560' title='bbox 1190 4423 1483 4495; x_wconf 72' lang='lat' dir='ltr'><strong>sapientia,</strong></span> <span class='ocrx_word' id='word_1_561' title='bbox 1514 4422 1875 4495; x_wconf 80' lang='lat' dir='ltr'><strong>intelligentia</strong></span> <span class='ocrx_word' id='word_1_562' title='bbox 1913 4432 2094 4480; x_wconf 89' lang='lat' dir='ltr'><strong>actum</strong></span> 
     </span>
    </p>
   </div>
   <div class='ocr_carea' id='block_1_77' title="bbox 521 4492 2097 4576">
    <p class='ocr_par' dir='ltr' id='par_1_77' title="bbox 521 4492 2097 4576">
     <span class='ocr_line' id='line_1_78' title="bbox 521 4492 2097 4576; baseline 0 -29"><span class='ocrx_word' id='word_1_563' title='bbox 521 4493 781 4576; x_wconf 70' lang='lat' dir='ltr'><strong>innuunt,</strong></span> <span class='ocrx_word' id='word_1_564' title='bbox 813 4492 906 4576; x_wconf 73' lang='lat' dir='ltr'><strong>qui</strong></span> <span class='ocrx_word' id='word_1_565' title='bbox 936 4495 1231 4576; x_wconf 65' lang='lat' dir='ltr'><strong>terminum</strong></span> <span class='ocrx_word' id='word_1_566' title='bbox 1255 4492 1539 4576; x_wconf 45' lang='lat' dir='ltr'><strong>&#39;pf‘oducat</strong></span> <span class='ocrx_word' id='word_1_567' title='bbox 1576 4492 1759 4576; x_wconf 59' lang='lat' dir='ltr'><strong>suum,</strong></span> <span class='ocrx_word' id='word_1_568' title='bbox 1791 4509 1956 4576; x_wconf 76' lang='lat' dir='ltr'><strong>quem</strong></span> <span class='ocrx_word' id='word_1_569' title='bbox 1982 4511 2097 4550; x_wconf 80' lang='lat' dir='ltr'><strong>ver-</strong></span> 
     </span>
    </p>
   </div>
   <div class='ocr_carea' id='block_1_78' title="bbox 2214 4007 3784 4084">
    <p class='ocr_par' dir='ltr' id='par_1_78' title="bbox 2214 4007 3784 4084">
     <span class='ocr_line' id='line_1_79' title="bbox 2214 4007 3784 4084; baseline 0.004 -24"><span class='ocrx_word' id='word_1_570' title='bbox 2214 4014 2299 4084; x_wconf 54' lang='grc' dir='ltr'>ιον</span> <span class='ocrx_word' id='word_1_571' title='bbox 2335 4018 2531 4084; x_wconf 76' lang='lat' dir='ltr'><strong>cuncta</strong></span> <span class='ocrx_word' id='word_1_572' title='bbox 2567 4007 2893 4084; x_wconf 68' lang='lat' dir='ltr'><strong>condiderit.</strong></span> <span class='ocrx_word' id='word_1_573' title='bbox 2916 4011 3085 4084; x_wconf 78' lang='lat' dir='ltr'><strong>Cyril.</strong></span> <span class='ocrx_word' id='word_1_574' title='bbox 3120 4010 3522 4084; x_wconf 83' lang='lat' dir='ltr'><strong>Th._assert_._7,</strong></span> <span class='ocrx_word' id='word_1_575' title='bbox 3550 4027 3602 4082; x_wconf 91' lang='lat' dir='ltr'><strong>p.</strong></span> <span class='ocrx_word' id='word_1_576' title='bbox 3636 4010 3705 4084; x_wconf 63' lang='grc' dir='ltr'>ξι</span> <span class='ocrx_word' id='word_1_577' title='bbox 3729 4022 3784 4067; x_wconf 89' lang='lat' dir='ltr'><strong>et</strong></span> 
     </span>
    </p>
   </div>
   <div class='ocr_carea' id='block_1_79' title="bbox 2211 4076 3781 4156">
    <p class='ocr_par' dir='ltr' id='par_1_79' title="bbox 2211 4076 3781 4156">
     <span class='ocr_line' id='line_1_80' title="bbox 2211 4076 3781 4156; baseline 0.004 -26"><span class='ocrx_word' id='word_1_578' title='bbox 2211 4076 2314 4156; x_wconf 56' lang='grc' dir='ltr'><strong>ξπ</strong></span> <span class='ocrx_word' id='word_1_579' title='bbox 2349 4078 2551 4156; x_wconf 67' lang='lat' dir='ltr'><strong>Atinati.</strong></span> <span class='ocrx_word' id='word_1_580' title='bbox 2589 4080 2819 4156; x_wconf 70' lang='lat' dir='ltr'><strong>ora_t.___4</strong></span> <span class='ocrx_word' id='word_1_581' title='bbox 2850 4076 3003 4137; x_wconf 59' lang='lat' dir='ltr'><strong>Con&#39;t.</strong></span> <span class='ocrx_word' id='word_1_582' title='bbox 3053 4082 3177 4148; x_wconf 81' lang='lat' dir='ltr'><strong>Ar.;</strong></span> <span class='ocrx_word' id='word_1_583' title='bbox 3200 4080 3362 4156; x_wconf 63' lang='grc' dir='ltr'><strong>(ἔνθα.</strong></span> <span class='ocrx_word' id='word_1_584' title='bbox 3413 4076 3572 4153; x_wconf 69' lang='grc' dir='ltr'>Νγιεῖ</span> <span class='ocrx_word' id='word_1_585' title='bbox 3625 4079 3781 4136; x_wconf 82' lang='grc' dir='ltr'>Οται.</span> 
     </span>
    </p>
   </div>
   <div class='ocr_carea' id='block_1_80' title="bbox 2205 4145 2798 4220">
    <p class='ocr_par' dir='ltr' id='par_1_80' title="bbox 2205 4145 2798 4220">
     <span class='ocr_line' id='line_1_81' title="bbox 2205 4145 2798 4220; baseline 0.005 -17"><span class='ocrx_word' id='word_1_586' title='bbox 2205 4145 2358 4220; x_wconf 63' lang='lat' dir='ltr'><strong>Cavit.</strong></span> <span class='ocrx_word' id='word_1_587' title='bbox 2390 4147 2557 4220; x_wconf 78' lang='grc' dir='ltr'><strong>Ειιη..</strong></span> <span class='ocrx_word' id='word_1_588' title='bbox 2588 4165 2644 4220; x_wconf 87' lang='lat' dir='ltr'><strong>p.</strong></span> <span class='ocrx_word' id='word_1_589' title='bbox 2673 4151 2798 4206; x_wconf 76' lang='grc'><strong>545.</strong></span> 
     </span>
    </p>
   </div>
   <div class='ocr_carea' id='block_1_81' title="bbox 2277 4218 3781 4291">
    <p class='ocr_par' dir='ltr' id='par_1_81' title="bbox 2277 4218 3781 4291">
     <span class='ocr_line' id='line_1_82' title="bbox 2277 4218 3781 4291; baseline 0.001 -18"><span class='ocrx_word' id='word_1_590' title='bbox 2277 4218 2388 4288; x_wconf 79' lang='lat'><strong>(38)</strong></span> <span class='ocrx_word' id='word_1_591' title='bbox 2436 4219 2507 4275; x_wconf 86' lang='grc' dir='ltr'><strong>Ἦ</strong></span> <span class='ocrx_word' id='word_1_592' title='bbox 2531 4218 3027 4291; x_wconf 78' lang='grc' dir='ltr'>προκαταρκτική,</span> <span class='ocrx_word' id='word_1_593' title='bbox 3048 4220 3414 4291; x_wconf 64' lang='lat' dir='ltr'><strong>primordialis</strong></span> <span class='ocrx_word' id='word_1_594' title='bbox 3443 4219 3607 4291; x_wconf 60' lang='lat' dir='ltr'><strong>virtus</strong></span> <span class='ocrx_word' id='word_1_595' title='bbox 3625 4235 3781 4291; x_wconf 50' lang='lat' dir='ltr'><strong>,ﬁnon</strong></span> 
     </span>
    </p>
   </div>
   <div class='ocr_carea' id='block_1_82' title="bbox 2205 4287 3780 4358">
    <p class='ocr_par' dir='ltr' id='par_1_82' title="bbox 2205 4287 3780 4358">
     <span class='ocr_line' id='line_1_83' title="bbox 2205 4287 3780 4358; baseline 0 -15"><span class='ocrx_word' id='word_1_596' title='bbox 2205 4301 2396 4358; x_wconf 78' lang='lat' dir='ltr'><strong>causa,</strong></span> <span class='ocrx_word' id='word_1_597' title='bbox 2444 4298 2504 4358; x_wconf 83' lang='lat' dir='ltr'><strong>ut</strong></span> <span class='ocrx_word' id='word_1_598' title='bbox 2541 4287 2825 4347; x_wconf 77' lang='lat' dir='ltr'><strong>transtulit</strong></span> <span class='ocrx_word' id='word_1_599' title='bbox 2876 4287 3089 4347; x_wconf 80' lang='lat' dir='ltr'><strong>Bittius.</strong></span> <span class='ocrx_word' id='word_1_600' title='bbox 3145 4289 3281 4346; x_wconf 86' lang='lat' dir='ltr'><strong>Nam</strong></span> <span class='ocrx_word' id='word_1_601' title='bbox 3333 4290 3488 4358; x_wconf 80' lang='lat' dir='ltr'><strong>juxta</strong></span> <span class='ocrx_word' id='word_1_602' title='bbox 3518 4287 3780 4358; x_wconf 82' lang='lat' dir='ltr'><strong>Basiliam</strong></span> 
     </span>
    </p>
   </div>
   <div class='ocr_carea' id='block_1_83' title="bbox 2204 4356 3781 4427">
    <p class='ocr_par' dir='ltr' id='par_1_83' title="bbox 2204 4356 3781 4427">
     <span class='ocr_line' id='line_1_84' title="bbox 2204 4356 3781 4427; baseline 0.003 -17"><span class='ocrx_word' id='word_1_603' title='bbox 2204 4357 2302 4427; x_wconf 87' lang='lat' dir='ltr'><strong>lib.</strong></span> <span class='ocrx_word' id='word_1_604' title='bbox 2340 4356 2418 4412; x_wconf 88' lang='lat' dir='ltr'><strong>De</strong></span> <span class='ocrx_word' id='word_1_605' title='bbox 2466 4357 2672 4427; x_wconf 83' lang='lat' dir='ltr'><strong>Spiritu</strong></span> <span class='ocrx_word' id='word_1_606' title='bbox 2713 4371 2923 4425; x_wconf 81' lang='lat' dir='ltr'><strong>sancto,</strong></span> <span class='ocrx_word' id='word_1_607' title='bbox 2961 4359 3124 4413; x_wconf 87' lang='lat' dir='ltr'><strong>Pater</strong></span> <span class='ocrx_word' id='word_1_608' title='bbox 3175 4359 3230 4413; x_wconf 91' lang='lat' dir='ltr'><strong>in</strong></span> <span class='ocrx_word' id='word_1_609' title='bbox 3265 4356 3485 4427; x_wconf 82' lang='lat' dir='ltr'><strong>opitlcio</strong></span> <span class='ocrx_word' id='word_1_610' title='bbox 3538 4357 3781 4427; x_wconf 60' lang='lat' dir='ltr'><strong>universi</strong></span> 
     </span>
    </p>
   </div>
   <div class='ocr_carea' id='block_1_84' title="bbox 2204 4425 3781 4501">
    <p class='ocr_par' dir='ltr' id='par_1_84' title="bbox 2204 4425 3781 4501">
     <span class='ocr_line' id='line_1_85' title="bbox 2204 4425 3781 4501; baseline 0.002 -21"><span class='ocrx_word' id='word_1_611' title='bbox 2204 4425 2308 4481; x_wconf 78' lang='lat' dir='ltr'><strong>fuit</strong></span> <span class='ocrx_word' id='word_1_612' title='bbox 2329 4425 2785 4501; x_wconf 70' lang='grc' dir='ltr'>προκαταρκτικὴ</span> <span class='ocrx_word' id='word_1_613' title='bbox 2806 4430 2977 4501; x_wconf 71' lang='grc' dir='ltr'>αἰτία,</span> <span class='ocrx_word' id='word_1_614' title='bbox 2994 4425 3364 4501; x_wconf 67' lang='lat' dir='ltr'><strong>primordialis</strong></span> <span class='ocrx_word' id='word_1_615' title='bbox 3391 4425 3781 4501; x_wconf 75' lang='lat' dir='ltr'><strong>ca_usa.F_‘ilium</strong></span> 
     </span>
    </p>
   </div>
   <div class='ocr_carea' id='block_1_85' title="bbox 2205 4497 3781 4568">
    <p class='ocr_par' dir='ltr' id='par_1_85' title="bbox 2205 4497 3781 4568">
     <span class='ocr_line' id='line_1_86' title="bbox 2205 4497 3781 4568; baseline 0.001 -19"><span class='ocrx_word' id='word_1_616' title='bbox 2205 4511 2335 4568; x_wconf 84' lang='lat' dir='ltr'><strong>vero</strong></span> <span class='ocrx_word' id='word_1_617' title='bbox 2362 4497 2562 4552; x_wconf 87' lang='lat' dir='ltr'><strong>Noster</strong></span> <span class='ocrx_word' id='word_1_618' title='bbox 2592 4497 2738 4568; x_wconf 86' lang='lat' dir='ltr'><strong>haud</strong></span> <span class='ocrx_word' id='word_1_619' title='bbox 2767 4497 3004 4554; x_wconf 81' lang='lat' dir='ltr'><strong>absurde</strong></span> <span class='ocrx_word' id='word_1_620' title='bbox 3030 4498 3327 4568; x_wconf 81' lang='lat' dir='ltr'><strong>appellavit</strong></span> <span class='ocrx_word' id='word_1_621' title='bbox 3378 4498 3781 4566; x_wconf 79' lang='lat' dir='ltr'><strong>primordialem</strong></span> 
     </span>
    </p>
   </div>
   <div class='ocr_carea' id='block_1_86' title="bbox 522 4561 3779 4638">
    <p class='ocr_par' dir='ltr' id='par_1_86' title="bbox 522 4561 3779 4638">
     <span class='ocr_line' id='line_1_87' title="bbox 522 4561 3779 4638; baseline 0.002 -21"><span class='ocrx_word' id='word_1_622' title='bbox 522 4565 645 4638; x_wconf 75' lang='lat' dir='ltr'><strong>bam</strong></span> <span class='ocrx_word' id='word_1_623' title='bbox 678 4561 867 4638; x_wconf 68' lang='lat' dir='ltr'><strong>mearis</strong></span> <span class='ocrx_word' id='word_1_624' title='bbox 899 4561 1282 4638; x_wconf 52' lang='lat' dir='ltr'><strong>appellamus.‘</strong></span> <span class='ocrx_word' id='word_1_625' title='bbox 1300 4562 1448 4638; x_wconf 80' lang='lat' dir='ltr'><strong>Deus</strong></span> <span class='ocrx_word' id='word_1_626' title='bbox 1485 4563 1672 4635; x_wconf 89' lang='lat' dir='ltr'><strong>itaque</strong></span> <span class='ocrx_word' id='word_1_627' title='bbox 1708 4561 1887 4638; x_wconf 28' lang='lat' dir='ltr'><strong>Pater-</strong></span> <span class='ocrx_word' id='word_1_628' title='bbox 1906 4579 1971 4621; x_wconf 90' lang='lat' dir='ltr'><strong>ea</strong></span> <span class='ocrx_word' id='word_1_629' title='bbox 2004 4579 2095 4620; x_wconf 87' lang='lat' dir='ltr'><strong>sa-</strong></span> <span class='ocrx_word' id='word_1_630' title='bbox 2124 4561 2172 4620; x_wconf 86' lang='lat' dir='ltr'><strong><em>D</em></strong></span> <span class='ocrx_word' id='word_1_631' title='bbox 2197 4566 2482 4638; x_wconf 61' lang='lat' dir='ltr'><strong>girtutem;</strong></span> <span class='ocrx_word' id='word_1_632' title='bbox 2509 4581 2576 4622; x_wconf 91' lang='lat' dir='ltr'><strong>eo</strong></span> <span class='ocrx_word' id='word_1_633' title='bbox 2600 4567 2791 4638; x_wconf 82' lang='lat' dir='ltr'><strong>utique</strong></span> <span class='ocrx_word' id='word_1_634' title='bbox 2813 4582 2977 4624; x_wconf 90' lang='lat' dir='ltr'><strong>sensu</strong></span> <span class='ocrx_word' id='word_1_635' title='bbox 3007 4561 3120 4637; x_wconf 74' lang='lat' dir='ltr'><strong>quo</strong></span> <span class='ocrx_word' id='word_1_636' title='bbox 3158 4561 3493 4638; x_wconf 64' lang='lat' dir='ltr'><strong>Theologus,</strong></span> <span class='ocrx_word' id='word_1_637' title='bbox 3518 4577 3663 4623; x_wconf 88' lang='lat' dir='ltr'><strong>orat.</strong></span> <span class='ocrx_word' id='word_1_638' title='bbox 3689 4569 3779 4636; x_wconf 72' lang='lat'><strong>5‘2,</strong></span> 
     </span>
    </p>
   </div>
   <div class='ocr_carea' id='block_1_87' title="bbox 522 4632 2088 4757">
    <p class='ocr_par' dir='ltr' id='par_1_87' title="bbox 522 4632 2088 4757">
     <span class='ocr_line' id='line_1_88' title="bbox 522 4632 2088 4757; baseline 0.001 -71"><span class='ocrx_word' id='word_1_639' title='bbox 522 4632 809 4757; x_wconf 51' lang='lat' dir='ltr'><strong>Bientiaet</strong></span> <span class='ocrx_word' id='word_1_640' title='bbox 841 4632 1077 4700; x_wconf 84' lang='lat' dir='ltr'><strong>ratione,</strong></span> <span class='ocrx_word' id='word_1_641' title='bbox 1117 4648 1226 4704; x_wconf 86' lang='lat' dir='ltr'><strong>qua</strong></span> <span class='ocrx_word' id='word_1_642' title='bbox 1257 4634 1478 4703; x_wconf 88' lang='lat' dir='ltr'><strong>sapiens</strong></span> <span class='ocrx_word' id='word_1_643' title='bbox 1538 4632 1599 4689; x_wconf 73' lang='lat' dir='ltr'><strong>et</strong></span> <span class='ocrx_word' id='word_1_644' title='bbox 1636 4633 1922 4690; x_wconf 84' lang='lat' dir='ltr'><strong>rationalis</strong></span> <span class='ocrx_word' id='word_1_645' title='bbox 1983 4644 2088 4700; x_wconf 90' lang='lat' dir='ltr'><strong>est,</strong></span> 
     </span>
     <span class='ocr_line' id='line_1_89' title="bbox 570 4703 2088 4757; baseline 0 0"><span class='ocrx_word' id='word_1_646' title='bbox 570 4704 760 4757; x_wconf 89' lang='lat' dir='ltr'><strong>erbum</strong></span> <span class='ocrx_word' id='word_1_647' title='bbox 791 4719 901 4757; x_wconf 90' lang='lat' dir='ltr'><strong>ouo</strong></span> <span class='ocrx_word' id='word_1_648' title='bbox 928 4719 1115 4757; x_wconf 85' lang='lat' dir='ltr'><strong>secum</strong></span> <span class='ocrx_word' id='word_1_649' title='bbox 1141 4704 1401 4757; x_wconf 88' lang='lat' dir='ltr'><strong>eminenti</strong></span> <span class='ocrx_word' id='word_1_650' title='bbox 1448 4703 1609 4757; x_wconf 90' lang='lat' dir='ltr'><strong>modo</strong></span> <span class='ocrx_word' id='word_1_651' title='bbox 1652 4704 2013 4757; x_wconf 82' lang='lat' dir='ltr'><strong>ratiocinetur</strong></span> <span class='ocrx_word' id='word_1_652' title='bbox 2038 4710 2088 4757; x_wconf 83' lang='lat' dir='ltr'><strong>et</strong></span> 
     </span>
    </p>
   </div>
   <div class='ocr_carea' id='block_1_88' title="bbox 570 4703 2093 4774">
    <p class='ocr_par' dir='ltr' id='par_1_88' title="bbox 570 4703 2093 4774">
     <span class='ocr_line' id='line_1_90' title="bbox 570 4703 2093 4774; baseline 0 -14"><span class='ocrx_word' id='word_1_653' title='bbox 570 4704 760 4760; x_wconf 90' lang='lat' dir='ltr'><strong>erbum</strong></span> <span class='ocrx_word' id='word_1_654' title='bbox 791 4719 901 4774; x_wconf 91' lang='lat' dir='ltr'><strong>quo</strong></span> <span class='ocrx_word' id='word_1_655' title='bbox 928 4719 1115 4760; x_wconf 86' lang='lat' dir='ltr'><strong>secum</strong></span> <span class='ocrx_word' id='word_1_656' title='bbox 1137 4703 1401 4761; x_wconf 82' lang='lat' dir='ltr'><strong>eminenti</strong></span> <span class='ocrx_word' id='word_1_657' title='bbox 1448 4703 1609 4760; x_wconf 90' lang='lat' dir='ltr'><strong>modo</strong></span> <span class='ocrx_word' id='word_1_658' title='bbox 1652 4704 2013 4760; x_wconf 83' lang='lat' dir='ltr'><strong>ratiocinetur</strong></span> <span class='ocrx_word' id='word_1_659' title='bbox 2038 4710 2093 4760; x_wconf 87' lang='lat' dir='ltr'><strong>et</strong></span> 
     </span>
    </p>
   </div>
   <div class='ocr_carea' id='block_1_89' title="bbox 521 4773 2093 4845">
    <p class='ocr_par' dir='ltr' id='par_1_89' title="bbox 521 4773 2093 4845">
     <span class='ocr_line' id='line_1_91' title="bbox 521 4773 2093 4845; baseline 0 -15"><span class='ocrx_word' id='word_1_660' title='bbox 521 4775 811 4845; x_wconf 83' lang='lat' dir='ltr'><strong>intelligat,</strong></span> <span class='ocrx_word' id='word_1_661' title='bbox 840 4776 897 4845; x_wconf 84' lang='lat' dir='ltr'><strong>in</strong></span> <span class='ocrx_word' id='word_1_662' title='bbox 927 4776 1228 4845; x_wconf 83' lang='lat' dir='ltr'><strong>aeternitate</strong></span> <span class='ocrx_word' id='word_1_663' title='bbox 1255 4774 1497 4845; x_wconf 82' lang='lat' dir='ltr'><strong>concipit</strong></span> <span class='ocrx_word' id='word_1_664' title='bbox 1528 4780 1585 4845; x_wconf 76' lang='lat' dir='ltr'><strong>et</strong></span> <span class='ocrx_word' id='word_1_665' title='bbox 1607 4773 1802 4844; x_wconf 81' lang='lat' dir='ltr'><strong>gignit,</strong></span> <span class='ocrx_word' id='word_1_666' title='bbox 1833 4774 1951 4845; x_wconf 81' lang='lat' dir='ltr'><strong>sine</strong></span> <span class='ocrx_word' id='word_1_667' title='bbox 1981 4790 2093 4844; x_wconf 88' lang='lat' dir='ltr'><strong>quo</strong></span> 
     </span>
    </p>
   </div>
   <div class='ocr_carea' id='block_1_90' title="bbox 520 4841 2096 4913">
    <p class='ocr_par' dir='ltr' id='par_1_90' title="bbox 520 4841 2096 4913">
     <span class='ocr_line' id='line_1_92' title="bbox 520 4841 2096 4913; baseline -0.002 -12"><span class='ocrx_word' id='word_1_668' title='bbox 520 4861 624 4901; x_wconf 87' lang='lat' dir='ltr'><strong>nec</strong></span> <span class='ocrx_word' id='word_1_669' title='bbox 653 4841 934 4901; x_wconf 71' lang='lat' dir='ltr'><strong>rationalis</strong></span> <span class='ocrx_word' id='word_1_670' title='bbox 961 4858 1064 4899; x_wconf 89' lang='lat' dir='ltr'><strong>nec</strong></span> <span class='ocrx_word' id='word_1_671' title='bbox 1093 4844 1310 4913; x_wconf 87' lang='lat' dir='ltr'><strong>sapiens</strong></span> <span class='ocrx_word' id='word_1_672' title='bbox 1346 4841 1521 4913; x_wconf 74' lang='lat' dir='ltr'><strong>toi-et.</strong></span> <span class='ocrx_word' id='word_1_673' title='bbox 1551 4841 1858 4913; x_wconf 44' lang='lat' dir='ltr'><strong>Quo—sensu</strong></span> <span class='ocrx_word' id='word_1_674' title='bbox 1898 4841 2096 4913; x_wconf 84' lang='lat' dir='ltr'><strong>Dama-</strong></span> 
     </span>
    </p>
   </div>
   <div class='ocr_carea' id='block_1_91' title="bbox 521 4912 2093 4985">
    <p class='ocr_par' dir='ltr' id='par_1_91' title="bbox 521 4912 2093 4985">
     <span class='ocr_line' id='line_1_93' title="bbox 521 4912 2093 4985; baseline -0.003 -14"><span class='ocrx_word' id='word_1_675' title='bbox 521 4930 722 4971; x_wconf 84' lang='lat' dir='ltr'><strong>scenus</strong></span> <span class='ocrx_word' id='word_1_676' title='bbox 751 4915 913 4985; x_wconf 89' lang='lat' dir='ltr'><strong>paulo</strong></span> <span class='ocrx_word' id='word_1_677' title='bbox 939 4921 1067 4970; x_wconf 88' lang='lat' dir='ltr'><strong>ante</strong></span> <span class='ocrx_word' id='word_1_678' title='bbox 1093 4912 1507 4985; x_wconf 30' lang='lat' dir='ltr'><strong>di’xeratDeum</strong></span> <span class='ocrx_word' id='word_1_679' title='bbox 1547 4928 1673 4985; x_wconf 64' lang='lat' dir='ltr'><strong>esse</strong></span> <span class='ocrx_word' id='word_1_680' title='bbox 1692 4912 1970 4985; x_wconf 79' lang='grc' dir='ltr'>λόγονκαὶ</span> <span class='ocrx_word' id='word_1_681' title='bbox 2002 4912 2093 4985; x_wconf 61' lang='grc' dir='ltr'>λοτ</span> 
     </span>
    </p>
   </div>
   <div class='ocr_carea' id='block_1_92' title="bbox 519 4981 2094 5055">
    <p class='ocr_par' dir='ltr' id='par_1_92' title="bbox 519 4981 2094 5055">
     <span class='ocr_line' id='line_1_94' title="bbox 519 4981 2094 5055; baseline 0.001 -17"><span class='ocrx_word' id='word_1_682' title='bbox 519 4986 695 5055; x_wconf 86' lang='grc' dir='ltr'>γικόν,</span> <span class='ocrx_word' id='word_1_683' title='bbox 724 4981 981 5040; x_wconf 76' lang='lat' dir='ltr'><strong>rationem</strong></span> <span class='ocrx_word' id='word_1_684' title='bbox 1005 4993 1065 5055; x_wconf 10' lang='lat' dir='ltr'><strong>iet</strong></span> <span class='ocrx_word' id='word_1_685' title='bbox 1094 4984 1411 5055; x_wconf 67' lang='lat' dir='ltr'><strong>rationalem</strong></span> <span class='ocrx_word' id='word_1_686' title='bbox 1436 5000 1457 5038; x_wconf 90' lang='lat'><strong><em>:</em></strong></span> <span class='ocrx_word' id='word_1_687' title='bbox 1490 4997 1555 5055; x_wconf 86' lang='lat' dir='ltr'><strong>ac</strong></span> <span class='ocrx_word' id='word_1_688' title='bbox 1575 4981 1749 5055; x_wconf 84' lang='lat' dir='ltr'><strong>Filius</strong></span> <span class='ocrx_word' id='word_1_689' title='bbox 1774 4984 1960 5039; x_wconf 89' lang='lat' dir='ltr'><strong>itidem</strong></span> <span class='ocrx_word' id='word_1_690' title='bbox 1984 4983 2094 5055; x_wconf 90' lang='lat' dir='ltr'><strong>dici</strong></span> 
     </span>
    </p>
   </div>
   <div class='ocr_carea' id='block_1_93' title="bbox 521 5052 2097 5125">
    <p class='ocr_par' dir='ltr' id='par_1_93' title="bbox 521 5052 2097 5125">
     <span class='ocr_line' id='line_1_95' title="bbox 521 5052 2097 5125; baseline -0.001 -15"><span class='ocrx_word' id='word_1_691' title='bbox 521 5052 701 5124; x_wconf 75' lang='lat' dir='ltr'><strong>potest</strong></span> <span class='ocrx_word' id='word_1_692' title='bbox 720 5055 893 5124; x_wconf 91' lang='grc' dir='ltr'>Λόγος</span> <span class='ocrx_word' id='word_1_693' title='bbox 919 5056 984 5109; x_wconf 79' lang='grc' dir='ltr'>ὲκ</span> <span class='ocrx_word' id='word_1_694' title='bbox 1003 5052 1447 5125; x_wconf 40' lang='grc' dir='ltr'>λόγουινενὸκηι</span> <span class='ocrx_word' id='word_1_695' title='bbox 1473 5052 1537 5108; x_wconf 78' lang='lat' dir='ltr'><strong>de</strong></span> <span class='ocrx_word' id='word_1_696' title='bbox 1564 5052 1739 5125; x_wconf 68' lang='lat' dir='ltr'><strong>verba,</strong></span> <span class='ocrx_word' id='word_1_697' title='bbox 1769 5059 1829 5107; x_wconf 90' lang='lat' dir='ltr'><strong>ut</strong></span> <span class='ocrx_word' id='word_1_698' title='bbox 1852 5054 2097 5125; x_wconf 84' lang='lat' dir='ltr'><strong>loquitur</strong></span> 
     </span>
    </p>
   </div>
   <div class='ocr_carea' id='block_1_94' title="bbox 521 5121 2097 5189">
    <p class='ocr_par' dir='ltr' id='par_1_94' title="bbox 521 5121 2097 5189">
     <span class='ocr_line' id='line_1_96' title="bbox 521 5121 2097 5189; baseline 0.001 -11"><span class='ocrx_word' id='word_1_699' title='bbox 521 5121 846 5181; x_wconf 63' lang='lat' dir='ltr'><strong>Ambrosius</strong></span> <span class='ocrx_word' id='word_1_700' title='bbox 877 5124 971 5181; x_wconf 93' lang='lat' dir='ltr'><strong>lib.</strong></span> <span class='ocrx_word' id='word_1_701' title='bbox 1002 5121 1089 5179; x_wconf 77' lang='lat' dir='ltr'><strong>De</strong></span> <span class='ocrx_word' id='word_1_702' title='bbox 1120 5123 1232 5179; x_wconf 80' lang='lat' dir='ltr'><strong>Fit.</strong></span> <span class='ocrx_word' id='word_1_703' title='bbox 1271 5125 1462 5189; x_wconf 86' lang='lat' dir='ltr'><strong>divin.,</strong></span> <span class='ocrx_word' id='word_1_704' title='bbox 1504 5126 1588 5179; x_wconf 85' lang='lat' dir='ltr'><strong>vel</strong></span> <span class='ocrx_word' id='word_1_705' title='bbox 1620 5121 1856 5179; x_wconf 83' lang='lat' dir='ltr'><strong>fortasse</strong></span> <span class='ocrx_word' id='word_1_706' title='bbox 1899 5121 2097 5180; x_wconf 83' lang='lat' dir='ltr'><strong>melius</strong></span> 
     </span>
    </p>
   </div>
   <div class='ocr_carea' id='block_1_95' title="bbox 521 5193 2097 5320">
    <p class='ocr_par' dir='ltr' id='par_1_95' title="bbox 521 5193 2097 5320">
     <span class='ocr_line' id='line_1_97' title="bbox 521 5193 2097 5320; baseline 0.002 -72"><span class='ocrx_word' id='word_1_707' title='bbox 521 5193 758 5320; x_wconf 49' lang='lat' dir='ltr'><strong>1igerlmm</strong></span> <span class='ocrx_word' id='word_1_708' title='bbox 778 5195 842 5250; x_wconf 87' lang='lat' dir='ltr'><strong>de</strong></span> <span class='ocrx_word' id='word_1_709' title='bbox 866 5197 1093 5267; x_wconf 83' lang='lat' dir='ltr'><strong>ratione,</strong></span> <span class='ocrx_word' id='word_1_710' title='bbox 1123 5203 1345 5267; x_wconf 91' lang='lat' dir='ltr'><strong>propter</strong></span> <span class='ocrx_word' id='word_1_711' title='bbox 1378 5206 1672 5267; x_wconf 85' lang='lat' dir='ltr'><strong>utrumque</strong></span> <span class='ocrx_word' id='word_1_712' title='bbox 1698 5209 1922 5250; x_wconf 81' lang='lat' dir='ltr'><strong>sensum</strong></span> <span class='ocrx_word' id='word_1_713' title='bbox 1945 5194 2097 5251; x_wconf 90' lang='lat' dir='ltr'><strong>vocis</strong></span> 
     </span>
     <span class='ocr_line' id='line_1_98' title="bbox 583 5282 699 5320; baseline 0 0"><span class='ocrx_word' id='word_1_714' title='bbox 583 5282 699 5320; x_wconf 80' lang='grc' dir='ltr'>γος.</span> 
     </span>
    </p>
   </div>
   <div class='ocr_carea' id='block_1_96' title="bbox 583 5282 2099 5407">
    <p class='ocr_par' dir='ltr' id='par_1_96' title="bbox 583 5282 2099 5407">
     <span class='ocr_line' id='line_1_99' title="bbox 583 5282 2099 5407; baseline -0.002 -14"><span class='ocrx_word' id='word_1_715' title='bbox 738 5335 1013 5407; x_wconf 77' lang='grc' dir='ltr'>Θέλησις.</span> <span class='ocrx_word' id='word_1_716' title='bbox 1049 5335 1329 5391; x_wconf 75' lang='lat' dir='ltr'><strong>Votuntas.</strong></span> <span class='ocrx_word' id='word_1_717' title='bbox 1357 5333 1541 5391; x_wconf 86' lang='lat' dir='ltr'><strong>Nostri</strong></span> <span class='ocrx_word' id='word_1_718' title='bbox 1565 5334 1805 5406; x_wconf 77' lang='lat' dir='ltr'><strong>theologi</strong></span> <span class='ocrx_word' id='word_1_719' title='bbox 1830 5351 1897 5391; x_wconf 83' lang='lat' dir='ltr'><strong>ex</strong></span> <span class='ocrx_word' id='word_1_720' title='bbox 1922 5336 2099 5407; x_wconf 75' lang='lat' dir='ltr'><strong>Augu—</strong></span> 
     </span>
    </p>
   </div>
   <div class='ocr_carea' id='block_1_97' title="bbox 523 5405 2097 5472">
    <p class='ocr_par' dir='ltr' id='par_1_97' title="bbox 523 5405 2097 5472">
     <span class='ocr_line' id='line_1_100' title="bbox 523 5405 2097 5472; baseline -0.002 -9"><span class='ocrx_word' id='word_1_721' title='bbox 523 5405 671 5463; x_wconf 79' lang='lat' dir='ltr'><strong>stino</strong></span> <span class='ocrx_word' id='word_1_722' title='bbox 702 5407 901 5462; x_wconf 87' lang='lat' dir='ltr'><strong>docent</strong></span> <span class='ocrx_word' id='word_1_723' title='bbox 934 5405 1200 5472; x_wconf 89' lang='lat' dir='ltr'><strong>Spiritum</strong></span> <span class='ocrx_word' id='word_1_724' title='bbox 1256 5415 1509 5462; x_wconf 89' lang='lat' dir='ltr'><strong>sanctum</strong></span> <span class='ocrx_word' id='word_1_725' title='bbox 1555 5405 1808 5460; x_wconf 86' lang='lat' dir='ltr'><strong>mutuum</strong></span> <span class='ocrx_word' id='word_1_726' title='bbox 1853 5405 2097 5461; x_wconf 81' lang='lat' dir='ltr'><strong>amorem</strong></span> 
     </span>
    </p>
   </div>
   <div class='ocr_carea' id='block_1_98' title="bbox 522 5474 2099 5547">
    <p class='ocr_par' dir='ltr' id='par_1_98' title="bbox 522 5474 2099 5547">
     <span class='ocr_line' id='line_1_101' title="bbox 522 5474 2099 5547; baseline -0.001 -16"><span class='ocrx_word' id='word_1_727' title='bbox 522 5489 648 5531; x_wconf 87' lang='lat' dir='ltr'><strong>esse</strong></span> <span class='ocrx_word' id='word_1_728' title='bbox 669 5474 849 5533; x_wconf 89' lang='lat' dir='ltr'><strong>Patris</strong></span> <span class='ocrx_word' id='word_1_729' title='bbox 886 5484 940 5533; x_wconf 82' lang='lat' dir='ltr'><strong>et</strong></span> <span class='ocrx_word' id='word_1_730' title='bbox 967 5476 1114 5541; x_wconf 85' lang='lat' dir='ltr'><strong>Filii,</strong></span> <span class='ocrx_word' id='word_1_731' title='bbox 1146 5484 1200 5530; x_wconf 92' lang='lat' dir='ltr'><strong>et</strong></span> <span class='ocrx_word' id='word_1_732' title='bbox 1225 5492 1321 5547; x_wconf 90' lang='lat' dir='ltr'><strong>per</strong></span> <span class='ocrx_word' id='word_1_733' title='bbox 1350 5483 1617 5532; x_wconf 63' lang='lat' dir='ltr'><strong>aeternum</strong></span> <span class='ocrx_word' id='word_1_734' title='bbox 1639 5475 1853 5547; x_wconf 66' lang='lat' dir='ltr'><strong>_divinm</strong></span> <span class='ocrx_word' id='word_1_735' title='bbox 1899 5476 2099 5547; x_wconf 86' lang='lat' dir='ltr'><strong>volun-</strong></span> 
     </span>
    </p>
   </div>
   <div class='ocr_carea' id='block_1_99' title="bbox 523 5545 2100 5615">
    <p class='ocr_par' dir='ltr' id='par_1_99' title="bbox 523 5545 2100 5615">
     <span class='ocr_line' id='line_1_102' title="bbox 523 5545 2100 5615; baseline 0.002 -16"><span class='ocrx_word' id='word_1_736' title='bbox 523 5546 655 5601; x_wconf 88' lang='lat' dir='ltr'><strong>tatis</strong></span> <span class='ocrx_word' id='word_1_737' title='bbox 684 5555 864 5615; x_wconf 87' lang='lat' dir='ltr'><strong>actum</strong></span> <span class='ocrx_word' id='word_1_738' title='bbox 896 5562 961 5603; x_wconf 82' lang='lat' dir='ltr'><strong>ex</strong></span> <span class='ocrx_word' id='word_1_739' title='bbox 996 5545 1242 5614; x_wconf 79' lang='lat' dir='ltr'><strong>utroque</strong></span> <span class='ocrx_word' id='word_1_740' title='bbox 1257 5547 1577 5615; x_wconf 88' lang='lat' dir='ltr'><strong>procedere.</strong></span> <span class='ocrx_word' id='word_1_741' title='bbox 1626 5545 1799 5602; x_wconf 83' lang='lat' dir='ltr'><strong>Graeci</strong></span> <span class='ocrx_word' id='word_1_742' title='bbox 1833 5561 1962 5602; x_wconf 87' lang='lat' dir='ltr'><strong>vero</strong></span> <span class='ocrx_word' id='word_1_743' title='bbox 1997 5546 2100 5602; x_wconf 90' lang='lat' dir='ltr'><strong>do-</strong></span> 
     </span>
    </p>
   </div>
   <div class='ocr_carea' id='block_1_100' title="bbox 523 5614 2099 5685">
    <p class='ocr_par' dir='ltr' id='par_1_100' title="bbox 523 5614 2099 5685">
     <span class='ocr_line' id='line_1_103' title="bbox 523 5614 2099 5685; baseline 0.001 -16"><span class='ocrx_word' id='word_1_744' title='bbox 523 5623 706 5685; x_wconf 74' lang='lat' dir='ltr'><strong>ctores</strong></span> <span class='ocrx_word' id='word_1_745' title='bbox 742 5614 956 5685; x_wconf 78' lang='lat' dir='ltr'><strong>Filium</strong></span> <span class='ocrx_word' id='word_1_746' title='bbox 1000 5614 1279 5685; x_wconf 84' lang='lat' dir='ltr'><strong>appellare</strong></span> <span class='ocrx_word' id='word_1_747' title='bbox 1306 5632 1414 5671; x_wconf 91' lang='lat' dir='ltr'><strong>non</strong></span> <span class='ocrx_word' id='word_1_748' title='bbox 1439 5616 1733 5684; x_wconf 86' lang='lat' dir='ltr'><strong>dubitant;</strong></span> <span class='ocrx_word' id='word_1_749' title='bbox 1779 5632 1889 5671; x_wconf 90' lang='lat' dir='ltr'><strong>non</strong></span> <span class='ocrx_word' id='word_1_750' title='bbox 1920 5620 2099 5674; x_wconf 90' lang='lat' dir='ltr'><strong>solum</strong></span> 
     </span>
    </p>
   </div>
   <div class='ocr_carea' id='block_1_101' title="bbox 524 5683 2103 5757">
    <p class='ocr_par' dir='ltr' id='par_1_101' title="bbox 524 5683 2103 5757">
     <span class='ocr_line' id='line_1_104' title="bbox 524 5683 2103 5757; baseline 0.003 -20"><span class='ocrx_word' id='word_1_751' title='bbox 524 5683 706 5757; x_wconf 71' lang='grc' dir='ltr'>ζῶσαν</span> <span class='ocrx_word' id='word_1_752' title='bbox 728 5684 946 5757; x_wconf 84' lang='grc' dir='ltr'>βουλήν,</span> <span class='ocrx_word' id='word_1_753' title='bbox 986 5683 1159 5757; x_wconf 60' lang='lat' dir='ltr'><strong>virum</strong></span> <span class='ocrx_word' id='word_1_754' title='bbox 1184 5684 1841 5757; x_wconf 65' lang='lat' dir='ltr'><strong>Patrisco_milium,_quo</strong></span> <span class='ocrx_word' id='word_1_755' title='bbox 1877 5689 2103 5757; x_wconf 80' lang='lat' dir='ltr'><strong>nomine</strong></span> 
     </span>
    </p>
   </div>
   <div class='ocr_carea' id='block_1_102' title="bbox 525 5753 2101 5825">
    <p class='ocr_par' dir='ltr' id='par_1_102' title="bbox 525 5753 2101 5825">
     <span class='ocr_line' id='line_1_105' title="bbox 525 5753 2101 5825; baseline 0 -18"><span class='ocrx_word' id='word_1_756' title='bbox 525 5753 839 5825; x_wconf 73' lang='lat' dir='ltr'><strong>intellectus</strong></span> <span class='ocrx_word' id='word_1_757' title='bbox 856 5753 1015 5810; x_wconf 76' lang='lat' dir='ltr'><strong>actus</strong></span> <span class='ocrx_word' id='word_1_758' title='bbox 1046 5753 1210 5811; x_wconf 86' lang='lat' dir='ltr'><strong>simul</strong></span> <span class='ocrx_word' id='word_1_759' title='bbox 1234 5754 1599 5825; x_wconf 77' lang='lat' dir='ltr'><strong>exprimitur;</strong></span> <span class='ocrx_word' id='word_1_760' title='bbox 1625 5755 1720 5809; x_wconf 91' lang='lat' dir='ltr'><strong>sed</strong></span> <span class='ocrx_word' id='word_1_761' title='bbox 1741 5753 1908 5810; x_wconf 80' lang='lat' dir='ltr'><strong>etiam</strong></span> <span class='ocrx_word' id='word_1_762' title='bbox 1940 5756 2101 5825; x_wconf 80' lang='grc' dir='ltr'>θέλη-</span> 
     </span>
    </p>
   </div>
   <div class='ocr_carea' id='block_1_103' title="bbox 526 5822 2102 5897">
    <p class='ocr_par' dir='ltr' id='par_1_103' title="bbox 526 5822 2102 5897">
     <span class='ocr_line' id='line_1_106' title="bbox 526 5822 2102 5897; baseline 0.003 -19"><span class='ocrx_word' id='word_1_763' title='bbox 526 5838 633 5892; x_wconf 81' lang='grc' dir='ltr'>σιν,</span> <span class='ocrx_word' id='word_1_764' title='bbox 656 5824 892 5897; x_wconf 79' lang='grc' dir='ltr'>θέλημα,</span> <span class='ocrx_word' id='word_1_765' title='bbox 921 5825 1203 5896; x_wconf 80' lang='grc' dir='ltr'>βούλησιν,</span> <span class='ocrx_word' id='word_1_766' title='bbox 1232 5822 1335 5881; x_wconf 80' lang='lat' dir='ltr'><strong>hoc</strong></span> <span class='ocrx_word' id='word_1_767' title='bbox 1376 5831 1463 5882; x_wconf 89' lang='lat' dir='ltr'><strong>est</strong></span> <span class='ocrx_word' id='word_1_768' title='bbox 1494 5822 1821 5879; x_wconf 81' lang='lat' dir='ltr'><strong>voluntatem</strong></span> <span class='ocrx_word' id='word_1_769' title='bbox 1857 5840 1968 5897; x_wconf 86' lang='lat' dir='ltr'><strong>qua</strong></span> <span class='ocrx_word' id='word_1_770' title='bbox 1994 5822 2102 5881; x_wconf 66' lang='lat' dir='ltr'><strong>Pii--</strong></span> 
     </span>
    </p>
   </div>
   <div class='ocr_carea' id='block_1_104' title="bbox 2196 4634 3779 4710">
    <p class='ocr_par' dir='ltr' id='par_1_104' title="bbox 2196 4634 3779 4710">
     <span class='ocr_line' id='line_1_107' title="bbox 2196 4634 3779 4710; baseline 0.001 -20"><span class='ocrx_word' id='word_1_771' title='bbox 2196 4634 2487 4710; x_wconf 79' lang='lat' dir='ltr'><strong>Trinitatis</strong></span> <span class='ocrx_word' id='word_1_772' title='bbox 2516 4634 2880 4710; x_wconf 61' lang='lat' dir='ltr'><strong>sanctissimae</strong></span> <span class='ocrx_word' id='word_1_773' title='bbox 2909 4634 3191 4710; x_wconf 73' lang='lat' dir='ltr'><strong>personas</strong></span> <span class='ocrx_word' id='word_1_774' title='bbox 3223 4634 3488 4710; x_wconf 75' lang='lat' dir='ltr'><strong>indigitat</strong></span> <span class='ocrx_word' id='word_1_775' title='bbox 3512 4657 3526 4694; x_wconf 93' lang='lat'>:</span> <span class='ocrx_word' id='word_1_776' title='bbox 3570 4634 3779 4710; x_wconf 58' lang='grc' dir='ltr'>έΛναρὲ</span> 
     </span>
    </p>
   </div>
   <div class='ocr_carea' id='block_1_105' title="bbox 2195 4705 3784 4779">
    <p class='ocr_par' dir='ltr' id='par_1_105' title="bbox 2195 4705 3784 4779">
     <span class='ocr_line' id='line_1_108' title="bbox 2195 4705 3784 4779; baseline 0.003 -20"><span class='ocrx_word' id='word_1_777' title='bbox 2195 4723 2290 4777; x_wconf 89' lang='grc' dir='ltr'><strong>χον</strong></span> <span class='ocrx_word' id='word_1_778' title='bbox 2328 4706 2440 4779; x_wconf 59' lang='grc' dir='ltr'><strong>καί</strong></span> <span class='ocrx_word' id='word_1_779' title='bbox 2458 4705 2624 4779; x_wconf 75' lang='grc' dir='ltr'>ἁρχὴ,</span> <span class='ocrx_word' id='word_1_780' title='bbox 2652 4708 2746 4761; x_wconf 77' lang='grc' dir='ltr'>καὶ</span> <span class='ocrx_word' id='word_1_781' title='bbox 2772 4706 2835 4762; x_wconf 86' lang='grc' dir='ltr'>τὸ</span> <span class='ocrx_word' id='word_1_782' title='bbox 2861 4705 3002 4779; x_wconf 76' lang='grc' dir='ltr'>μετὰ</span> <span class='ocrx_word' id='word_1_783' title='bbox 3031 4708 3133 4779; x_wconf 60' lang='grc' dir='ltr'><strong>τῆς</strong></span> <span class='ocrx_word' id='word_1_784' title='bbox 3170 4705 3372 4779; x_wconf 68' lang='grc' dir='ltr'>ἀρχῆς,</span> <span class='ocrx_word' id='word_1_785' title='bbox 3394 4707 3657 4776; x_wconf 85' lang='lat' dir='ltr'><strong>Principii</strong></span> <span class='ocrx_word' id='word_1_786' title='bbox 3686 4705 3784 4764; x_wconf 68' lang='grc' dir='ltr'>θαι-ο</span> 
     </span>
    </p>
   </div>
   <div class='ocr_carea' id='block_1_106' title="bbox 2228 4776 3762 4848">
    <p class='ocr_par' dir='ltr' id='par_1_106' title="bbox 2228 4776 3762 4848">
     <span class='ocr_line' id='line_1_109' title="bbox 2228 4776 3762 4848; baseline 0.003 -19"><span class='ocrx_word' id='word_1_787' title='bbox 2228 4777 2699 4848; x_wconf 74' lang='lat' dir='ltr'><strong>ers._principium,</strong></span> <span class='ocrx_word' id='word_1_788' title='bbox 2738 4786 2789 4832; x_wconf 87' lang='lat' dir='ltr'><strong>et</strong></span> <span class='ocrx_word' id='word_1_789' title='bbox 2838 4776 2893 4832; x_wconf 90' lang='lat' dir='ltr'><strong>id</strong></span> <span class='ocrx_word' id='word_1_790' title='bbox 2926 4776 3063 4848; x_wconf 80' lang='lat' dir='ltr'><strong>quod</strong></span> <span class='ocrx_word' id='word_1_791' title='bbox 3098 4776 3352 4833; x_wconf 28' lang='lat' dir='ltr'><strong>una’eitrn</strong></span> <span class='ocrx_word' id='word_1_792' title='bbox 3392 4779 3651 4847; x_wconf 82' lang='lat' dir='ltr'><strong>principio</strong></span> <span class='ocrx_word' id='word_1_793' title='bbox 3680 4793 3762 4834; x_wconf 80' lang='lat' dir='ltr'><strong>est</strong></span> 
     </span>
    </p>
   </div>
   <div class='ocr_carea' id='block_1_107' title="bbox 2248 4847 3780 4932">
    <p class='ocr_par' dir='ltr' id='par_1_107' title="bbox 2248 4847 3780 4932">
     <span class='ocr_line' id='line_1_110' title="bbox 2248 4847 3780 4932; baseline 0.003 -33"><span class='ocrx_word' id='word_1_794' title='bbox 2248 4847 2521 4932; x_wconf 55' lang='lat' dir='ltr'><strong>biFilium</strong></span> <span class='ocrx_word' id='word_1_795' title='bbox 2565 4847 2813 4932; x_wconf 58' lang='lat' dir='ltr'><strong>immittat</strong></span> <span class='ocrx_word' id='word_1_796' title='bbox 2842 4847 3438 4932; x_wconf 52' lang='lat' dir='ltr'><strong>_&amp;p1hv,_pripcipiant,</strong></span> <span class='ocrx_word' id='word_1_797' title='bbox 3470 4864 3589 4932; x_wconf 46' lang='lat' dir='ltr'><strong>per.</strong></span> <span class='ocrx_word' id='word_1_798' title='bbox 3620 4864 3780 4932; x_wconf 81' lang='lat' dir='ltr'><strong>quem</strong></span> 
     </span>
    </p>
   </div>
   <div class='ocr_carea' id='block_1_108' title="bbox 2198 4915 3780 4987">
    <p class='ocr_par' dir='ltr' id='par_1_108' title="bbox 2198 4915 3780 4987">
     <span class='ocr_line' id='line_1_111' title="bbox 2198 4915 3780 4987; baseline -0.001 -14"><span class='ocrx_word' id='word_1_799' title='bbox 2198 4917 2410 4973; x_wconf 87' lang='lat' dir='ltr'><strong>scilicet</strong></span> <span class='ocrx_word' id='word_1_800' title='bbox 2430 4917 2616 4972; x_wconf 88' lang='lat' dir='ltr'><strong>omnia</strong></span> <span class='ocrx_word' id='word_1_801' title='bbox 2639 4915 2782 4973; x_wconf 75' lang='lat' dir='ltr'><strong>facta</strong></span> <span class='ocrx_word' id='word_1_802' title='bbox 2810 4915 3114 4976; x_wconf 32' lang='lat' dir='ltr'><strong>sin&#39;tl‘Orat.</strong></span> <span class='ocrx_word' id='word_1_803' title='bbox 3141 4920 3234 4987; x_wconf 68' lang='grc'><strong>24,</strong></span> <span class='ocrx_word' id='word_1_804' title='bbox 3263 4915 3512 4975; x_wconf 81' lang='lat' dir='ltr'><strong>naturam</strong></span> <span class='ocrx_word' id='word_1_805' title='bbox 3536 4915 3780 4972; x_wconf 86' lang='lat' dir='ltr'><strong>divinam</strong></span> 
     </span>
    </p>
   </div>
   <div class='ocr_carea' id='block_1_109' title="bbox 2198 4987 3780 5061">
    <p class='ocr_par' dir='ltr' id='par_1_109' title="bbox 2198 4987 3780 5061">
     <span class='ocr_line' id='line_1_112' title="bbox 2198 4987 3780 5061; baseline 0.002 -20"><span class='ocrx_word' id='word_1_806' title='bbox 2198 4988 2277 5061; x_wconf 89' lang='lat' dir='ltr'><strong>in_</strong></span> <span class='ocrx_word' id='word_1_807' title='bbox 2302 4987 2481 5061; x_wconf 72' lang='lat' dir='ltr'><strong>tribus</strong></span> <span class='ocrx_word' id='word_1_808' title='bbox 2520 4988 2827 5061; x_wconf 70' lang='lat' dir='ltr'><strong>consistere</strong></span> <span class='ocrx_word' id='word_1_809' title='bbox 2880 4989 3003 5044; x_wconf 88' lang='lat' dir='ltr'><strong>istis</strong></span> <span class='ocrx_word' id='word_1_810' title='bbox 3033 4991 3213 5061; x_wconf 85' lang='lat' dir='ltr'><strong>docet,</strong></span> <span class='ocrx_word' id='word_1_811' title='bbox 3248 4990 3427 5061; x_wconf 77' lang='grc' dir='ltr'>αἰτίῳ,</span> <span class='ocrx_word' id='word_1_812' title='bbox 3460 4987 3780 5061; x_wconf 57' lang='grc' dir='ltr'>δημιουργῷ</span> 
     </span>
    </p>
   </div>
   <div class='ocr_carea' id='block_1_110' title="bbox 2198 5056 3778 5129">
    <p class='ocr_par' dir='ltr' id='par_1_110' title="bbox 2198 5056 3778 5129">
     <span class='ocr_line' id='line_1_113' title="bbox 2198 5056 3778 5129; baseline 0 -19"><span class='ocrx_word' id='word_1_813' title='bbox 2198 5058 2292 5129; x_wconf 70' lang='grc' dir='ltr'>καὶ</span> <span class='ocrx_word' id='word_1_814' title='bbox 2310 5056 2665 5129; x_wconf 10' lang='grc' dir='ltr'>ᾗτελετοποιῷ,</span> <span class='ocrx_word' id='word_1_815' title='bbox 2687 5068 2923 5125; x_wconf 87' lang='lat' dir='ltr'><strong>auctore,</strong></span> <span class='ocrx_word' id='word_1_816' title='bbox 2945 5059 3217 5115; x_wconf 85' lang='lat' dir='ltr'><strong>conditore</strong></span> <span class='ocrx_word' id='word_1_817' title='bbox 3233 5069 3284 5115; x_wconf 87' lang='lat' dir='ltr'><strong>et</strong></span> <span class='ocrx_word' id='word_1_818' title='bbox 3302 5056 3609 5129; x_wconf 78' lang='lat' dir='ltr'><strong>perfectore.</strong></span> <span class='ocrx_word' id='word_1_819' title='bbox 3631 5056 3778 5113; x_wconf 86' lang='lat' dir='ltr'><strong>Con-</strong></span> 
     </span>
    </p>
   </div>
   <div class='ocr_carea' id='block_1_111' title="bbox 2200 5075 3779 5200">
    <p class='ocr_par' dir='ltr' id='par_1_111' title="bbox 2200 5075 3779 5200">
     <span class='ocr_line' id='line_1_114' title="bbox 2200 5075 3778 5181; baseline -0.001 -70"><span class='ocrx_word' id='word_1_820' title='bbox 2200 5075 2292 5111; x_wconf 87' lang='grc' dir='ltr'><strong>και</strong></span> <span class='ocrx_word' id='word_1_821' title='bbox 2321 5075 2665 5181; x_wconf 53' lang='grc' dir='ltr'>τελετοποιίς,</span> <span class='ocrx_word' id='word_1_822' title='bbox 2687 5075 2923 5125; x_wconf 83' lang='lat' dir='ltr'><strong>auctore,</strong></span> <span class='ocrx_word' id='word_1_823' title='bbox 2945 5075 3217 5115; x_wconf 75' lang='lat' dir='ltr'><strong>conditore</strong></span> <span class='ocrx_word' id='word_1_824' title='bbox 3233 5075 3284 5115; x_wconf 84' lang='lat' dir='ltr'><strong>et</strong></span> <span class='ocrx_word' id='word_1_825' title='bbox 3302 5075 3609 5129; x_wconf 63' lang='lat' dir='ltr'><strong>perlectore.</strong></span> <span class='ocrx_word' id='word_1_826' title='bbox 3631 5075 3778 5113; x_wconf 68' lang='lat' dir='ltr'><strong>uou-</strong></span> 
     </span>
     <span class='ocr_line' id='line_1_115' title="bbox 2200 5127 3779 5200; baseline 0 -20"><span class='ocrx_word' id='word_1_827' title='bbox 2200 5127 2367 5200; x_wconf 77' lang='lat' dir='ltr'><strong>§imili</strong></span> <span class='ocrx_word' id='word_1_828' title='bbox 2399 5128 2562 5183; x_wconf 86' lang='lat' dir='ltr'><strong>modo</strong></span> <span class='ocrx_word' id='word_1_829' title='bbox 2637 5128 2837 5200; x_wconf 38' lang='lat' dir='ltr'><strong>~asilius</strong></span> <span class='ocrx_word' id='word_1_830' title='bbox 2882 5130 3004 5185; x_wconf 91' lang='lat' dir='ltr'><strong>loco</strong></span> <span class='ocrx_word' id='word_1_831' title='bbox 3052 5145 3213 5200; x_wconf 89' lang='lat' dir='ltr'><strong>quem</strong></span> <span class='ocrx_word' id='word_1_832' title='bbox 3258 5129 3444 5200; x_wconf 82' lang='lat' dir='ltr'><strong>citavi,</strong></span> <span class='ocrx_word' id='word_1_833' title='bbox 3486 5133 3779 5200; x_wconf 84' lang='lat' dir='ltr'><strong>postquam</strong></span> 
     </span>
    </p>
   </div>
   <div class='ocr_carea' id='block_1_112' title="bbox 2200 5196 3780 5271">
    <p class='ocr_par' dir='ltr' id='par_1_112' title="bbox 2200 5196 3780 5271">
     <span class='ocr_line' id='line_1_116' title="bbox 2200 5196 3780 5271; baseline -0.003 -20"><span class='ocrx_word' id='word_1_834' title='bbox 2200 5196 2416 5271; x_wconf 75' lang='lat' dir='ltr'><strong>Patrem</strong></span> <span class='ocrx_word' id='word_1_835' title='bbox 2459 5213 2584 5254; x_wconf 86' lang='lat' dir='ltr'><strong>esse</strong></span> <span class='ocrx_word' id='word_1_836' title='bbox 2618 5198 2756 5253; x_wconf 78' lang='lat' dir='ltr'><strong>dixit</strong></span> <span class='ocrx_word' id='word_1_837' title='bbox 2780 5196 3282 5271; x_wconf 7' lang='grc' dir='ltr'>,προκαταρκτικὴν</span> <span class='ocrx_word' id='word_1_838' title='bbox 3313 5197 3514 5258; x_wconf 78' lang='grc' dir='ltr'>αἰτίαν,</span> <span class='ocrx_word' id='word_1_839' title='bbox 3549 5197 3780 5271; x_wconf 73' lang='lat' dir='ltr'><strong>primor-</strong></span> 
     </span>
    </p>
   </div>
   <div class='ocr_carea' id='block_1_113' title="bbox 2200 5266 3779 5341">
    <p class='ocr_par' dir='ltr' id='par_1_113' title="bbox 2200 5266 3779 5341">
     <span class='ocr_line' id='line_1_117' title="bbox 2200 5266 3779 5341; baseline 0 -20"><span class='ocrx_word' id='word_1_840' title='bbox 2200 5267 2396 5322; x_wconf 84' lang='lat' dir='ltr'><strong>dialem</strong></span> <span class='ocrx_word' id='word_1_841' title='bbox 2435 5284 2677 5341; x_wconf 80' lang='lat' dir='ltr'><strong>causam,</strong></span> <span class='ocrx_word' id='word_1_842' title='bbox 2710 5266 2993 5341; x_wconf 75' lang='lat' dir='ltr'><strong>subjungit</strong></span> <span class='ocrx_word' id='word_1_843' title='bbox 3027 5266 3250 5341; x_wconf 68' lang='lat' dir='ltr'><strong>Filium&#39;</strong></span> <span class='ocrx_word' id='word_1_844' title='bbox 3271 5281 3393 5325; x_wconf 88' lang='lat' dir='ltr'><strong>esse</strong></span> <span class='ocrx_word' id='word_1_845' title='bbox 3424 5281 3648 5322; x_wconf 87' lang='lat' dir='ltr'><strong>causam</strong></span> <span class='ocrx_word' id='word_1_846' title='bbox 3681 5266 3779 5338; x_wconf 86' lang='grc' dir='ltr'><strong>δη-</strong></span> 
     </span>
    </p>
   </div>
   <div class='ocr_carea' id='block_1_114' title="bbox 2247 5338 3779 5411">
    <p class='ocr_par' dir='ltr' id='par_1_114' title="bbox 2247 5338 3779 5411">
     <span class='ocr_line' id='line_1_118' title="bbox 2247 5338 3779 5411; baseline -0.001 -20"><span class='ocrx_word' id='word_1_847' title='bbox 2247 5339 2561 5411; x_wconf 81' lang='grc' dir='ltr'>ιουρμικήν,</span> <span class='ocrx_word' id='word_1_848' title='bbox 2598 5338 2974 5411; x_wconf 67' lang='lat' dir='ltr'><strong>conditriceni2</strong></span> <span class='ocrx_word' id='word_1_849' title='bbox 3005 5348 3061 5396; x_wconf 90' lang='lat' dir='ltr'><strong>et</strong></span> <span class='ocrx_word' id='word_1_850' title='bbox 3100 5338 3361 5411; x_wconf 84' lang='lat' dir='ltr'><strong>Spiritum</strong></span> <span class='ocrx_word' id='word_1_851' title='bbox 3397 5343 3653 5411; x_wconf 75' lang='lat' dir='ltr'><strong>sanctum</strong></span> <span class='ocrx_word' id='word_1_852' title='bbox 3689 5354 3779 5390; x_wconf 81' lang='grc' dir='ltr'>τε·</span> 
     </span>
    </p>
   </div>
   <div class='ocr_carea' id='block_1_115' title="bbox 2234 5403 3780 5481">
    <p class='ocr_par' dir='ltr' id='par_1_115' title="bbox 2234 5403 3780 5481">
     <span class='ocr_line' id='line_1_119' title="bbox 2234 5403 3780 5481; baseline 0 -18"><span class='ocrx_word' id='word_1_853' title='bbox 2234 5403 2916 5481; x_wconf 62' lang='grc' dir='ltr'>ειωτίκήν,ρει-[εεινίεεηι.</span> <span class='ocrx_word' id='word_1_854' title='bbox 2942 5403 3451 5481; x_wconf 55' lang='lat' dir='ltr'><strong>Quocircaquando</strong></span> <span class='ocrx_word' id='word_1_855' title='bbox 3478 5404 3546 5481; x_wconf 76' lang='lat' dir='ltr'><strong>de</strong></span> <span class='ocrx_word' id='word_1_856' title='bbox 3562 5420 3780 5481; x_wconf 73' lang='lat' dir='ltr'><strong>proces-</strong></span> 
     </span>
    </p>
   </div>
   <div class='ocr_carea' id='block_1_116' title="bbox 2204 5474 3781 5550">
    <p class='ocr_par' dir='ltr' id='par_1_116' title="bbox 2204 5474 3781 5550">
     <span class='ocr_line' id='line_1_120' title="bbox 2204 5474 3781 5550; baseline -0.002 -15"><span class='ocrx_word' id='word_1_857' title='bbox 2204 5474 2456 5535; x_wconf 82' lang='lat' dir='ltr'><strong>sionibus</strong></span> <span class='ocrx_word' id='word_1_858' title='bbox 2482 5474 2688 5550; x_wconf 84' lang='lat' dir='ltr'><strong>divinis</strong></span> <span class='ocrx_word' id='word_1_859' title='bbox 2710 5481 2912 5550; x_wconf 81' lang='lat' dir='ltr'><strong>agitur,</strong></span> <span class='ocrx_word' id='word_1_860' title='bbox 2949 5474 3130 5550; x_wconf 79' lang='lat' dir='ltr'><strong>aptius</strong></span> <span class='ocrx_word' id='word_1_861' title='bbox 3153 5474 3313 5550; x_wconf 78' lang='lat' dir='ltr'><strong>Pater</strong></span> <span class='ocrx_word' id='word_1_862' title='bbox 3338 5474 3612 5550; x_wconf 80' lang='lat' dir='ltr'><strong>dicendus</strong></span> <span class='ocrx_word' id='word_1_863' title='bbox 3628 5475 3781 5550; x_wconf 77' lang='lat' dir='ltr'><strong>vide-</strong></span> 
     </span>
    </p>
   </div>
   <div class='ocr_carea' id='block_1_117' title="bbox 2204 5546 3776 5620">
    <p class='ocr_par' dir='ltr' id='par_1_117' title="bbox 2204 5546 3776 5620">
     <span class='ocr_line' id='line_1_121' title="bbox 2204 5546 3776 5620; baseline 0.002 -17"><span class='ocrx_word' id='word_1_864' title='bbox 2204 5558 2313 5613; x_wconf 90' lang='lat' dir='ltr'><strong>tur,</strong></span> <span class='ocrx_word' id='word_1_865' title='bbox 2366 5549 2540 5620; x_wconf 82' lang='grc' dir='ltr'>πηγὴ,</span> <span class='ocrx_word' id='word_1_866' title='bbox 2580 5549 2724 5618; x_wconf 77' lang='grc' dir='ltr'>ῥίζα,</span> <span class='ocrx_word' id='word_1_867' title='bbox 2750 5546 2937 5615; x_wconf 58' lang='grc' dir='ltr'>αἰτία,</span> <span class='ocrx_word' id='word_1_868' title='bbox 2985 5546 3187 5610; x_wconf 75' lang='grc' dir='ltr'>αἴτιος,</span> <span class='ocrx_word' id='word_1_869' title='bbox 3214 5546 3382 5618; x_wconf 81' lang='grc' dir='ltr'>ἀρχή,</span> <span class='ocrx_word' id='word_1_870' title='bbox 3411 5546 3555 5616; x_wconf 75' lang='lat' dir='ltr'><strong>fons,</strong></span> <span class='ocrx_word' id='word_1_871' title='bbox 3594 5547 3776 5620; x_wconf 57' lang='lat' dir='ltr'><strong>radiat.</strong></span> 
     </span>
    </p>
   </div>
   <div class='ocr_carea' id='block_1_118' title="bbox 2203 5618 3779 5690">
    <p class='ocr_par' dir='ltr' id='par_1_118' title="bbox 2203 5618 3779 5690">
     <span class='ocr_line' id='line_1_122' title="bbox 2203 5618 3779 5690; baseline -0.002 -17"><span class='ocrx_word' id='word_1_872' title='bbox 2203 5634 2388 5690; x_wconf 77' lang='lat' dir='ltr'><strong>causa,</strong></span> <span class='ocrx_word' id='word_1_873' title='bbox 2408 5618 2626 5690; x_wconf 64' lang='lat' dir='ltr'><strong>auctor,</strong></span> <span class='ocrx_word' id='word_1_874' title='bbox 2638 5619 2981 5690; x_wconf 80' lang='lat' dir='ltr'><strong>principium,</strong></span> <span class='ocrx_word' id='word_1_875' title='bbox 3011 5631 3175 5687; x_wconf 86' lang='lat' dir='ltr'><strong>quam</strong></span> <span class='ocrx_word' id='word_1_876' title='bbox 3207 5618 3779 5690; x_wconf 63' lang='grc' dir='ltr'>προκαταρκτικὴαίσ-</span> 
     </span>
    </p>
   </div>
   <div class='ocr_carea' id='block_1_119' title="bbox 2202 5687 3781 5758">
    <p class='ocr_par' dir='ltr' id='par_1_119' title="bbox 2202 5687 3781 5758">
     <span class='ocr_line' id='line_1_123' title="bbox 2202 5687 3781 5758; baseline -0.002 -17"><span class='ocrx_word' id='word_1_877' title='bbox 2202 5689 2316 5752; x_wconf 67' lang='lat' dir='ltr'><strong>ria,</strong></span> <span class='ocrx_word' id='word_1_878' title='bbox 2369 5688 2732 5758; x_wconf 71' lang='lat' dir='ltr'><strong>primordialis</strong></span> <span class='ocrx_word' id='word_1_879' title='bbox 2766 5703 2953 5758; x_wconf 73' lang='lat' dir='ltr'><strong>causa,</strong></span> <span class='ocrx_word' id='word_1_880' title='bbox 2999 5701 3165 5758; x_wconf 89' lang='lat' dir='ltr'><strong>quam</strong></span> <span class='ocrx_word' id='word_1_881' title='bbox 3214 5703 3405 5744; x_wconf 88' lang='lat' dir='ltr'><strong>vocem</strong></span> <span class='ocrx_word' id='word_1_882' title='bbox 3469 5687 3781 5744; x_wconf 71' lang='lat' dir='ltr'><strong>adhibuerit</strong></span> 
     </span>
    </p>
   </div>
   <div class='ocr_carea' id='block_1_120' title="bbox 2206 5756 3757 5827">
    <p class='ocr_par' dir='ltr' id='par_1_120' title="bbox 2206 5756 3757 5827">
     <span class='ocr_line' id='line_1_124' title="bbox 2206 5756 3757 5827; baseline -0.004 -14"><span class='ocrx_word' id='word_1_883' title='bbox 2206 5758 2382 5827; x_wconf 88' lang='lat' dir='ltr'><strong>solum</strong></span> <span class='ocrx_word' id='word_1_884' title='bbox 2419 5756 2670 5815; x_wconf 82' lang='lat' dir='ltr'><strong>Basilius.</strong></span> <span class='ocrx_word' id='word_1_885' title='bbox 2698 5765 2759 5810; x_wconf 89' lang='lat' dir='ltr'><strong>ut</strong></span> <span class='ocrx_word' id='word_1_886' title='bbox 2786 5756 3107 5826; x_wconf 75' lang='lat' dir='ltr'><strong>explicaret.</strong></span> <span class='ocrx_word' id='word_1_887' title='bbox 3135 5758 3265 5827; x_wconf 88' lang='lat' dir='ltr'><strong>quid</strong></span> <span class='ocrx_word' id='word_1_888' title='bbox 3299 5772 3636 5827; x_wconf 63' lang='lat' dir='ltr'><strong>unaquaeque</strong></span> <span class='ocrx_word' id='word_1_889' title='bbox 3660 5771 3757 5827; x_wconf 88' lang='lat' dir='ltr'><strong>per</strong></span> 
     </span>
    </p>
   </div>
   <div class='ocr_carea' id='block_1_121' title="bbox 2207 5826 3637 5901">
    <p class='ocr_par' dir='ltr' id='par_1_121' title="bbox 2207 5826 3637 5901">
     <span class='ocr_line' id='line_1_125' title="bbox 2207 5826 3637 5901; baseline -0.004 -16"><span class='ocrx_word' id='word_1_890' title='bbox 2207 5826 2430 5901; x_wconf 38' lang='lat' dir='ltr'><strong>sona‘in</strong></span> <span class='ocrx_word' id='word_1_891' title='bbox 2464 5827 2707 5884; x_wconf 87' lang='lat' dir='ltr'><strong>universi</strong></span> <span class='ocrx_word' id='word_1_892' title='bbox 2737 5828 2957 5898; x_wconf 81' lang='lat' dir='ltr'><strong>cpilicio</strong></span> <span class='ocrx_word' id='word_1_893' title='bbox 2995 5826 3299 5887; x_wconf 87' lang='lat' dir='ltr'><strong>contulisse</strong></span> <span class='ocrx_word' id='word_1_894' title='bbox 3329 5826 3637 5887; x_wconf 84' lang='lat' dir='ltr'><strong>censeatur.</strong></span> 
     </span>
    </p>
   </div>
  </div>
