4116 6150
312 402 313 405 η
362 366 464 433 881

1547 360 1607 419 S.
1642 360 1676 418 J
1679 358 1881 419 OANN
1890 357 1960 415 IS
1999 355 2425 417 DAMASCENI

3490 343 3597 408 εἶθ

366 494 516 541 tutus
554 496 647 536 aer
676 481 830 535 locus
866 485 950 535 est
998 477 1244 547 corporis
1291 475 1551 539 contenti,
1618 474 1713 529 sed
1747 482 1931 528 extre-

2053 473 2142 542 ιὴρ
2173 472 2338 534 τόπος
2372 469 2488 522 ἐστὶ
2515 468 2609 520 τοῦ
2639 463 3027 538 περιεχομένου
3059 430 3306 531 σῶματος
3331 497 3347 521 ,
3369 456 3505 510 ἀλλὰ
3535 457 3598 510 τὸ

368 575 530 629 mitas
554 572 820 627 duntaxat
845 571 1158 636 ambientis,
1191 584 1308 638 quae
1339 575 1513 621 totum
1540 582 1739 637 corpus
1768 569 1933 621 attin—

366 663 465 732 git.
505 662 596 717 Sic
624 662 804 731 plane,
837 660 965 731 quia
996 659 1049 713 id
1070 659 1214 728 quod
1240 657 1510 721 continet,
1542 673 1652 714 non
1678 659 1839 715 estin
1868 674 1934 714 eo

368 752 512 821 quod
547 752 877 806 continetur.

440 840 609 894 Locus
632 841 950 908 spirituatis.
992 841 1127 897 Deus
1154 844 1338 898 inloco
1371 861 1475 899 non
1511 853 1609 898 est.
1647 843 1744 897 Dei
1789 844 1934 900 locus

369 931 738 1000 metaphorice.
765 962 833 973 -—
860 933 957 989 Est
982 940 1165 989 autem
1215 936 1380 991 etiam
1412 936 1714 1005 spiritualis
1754 937 1931 1002 locus,

373 1021 465 1076 ubi
501 1022 824 1094 inteiligitur
867 1033 920 1080 et
947 1025 1166 1081 exsistit
1208 1027 1590 1083 intellectualis
1650 1037 1844 1083 natura
1883 1040 1938 1085 et

372 1112 694 1182 incorporea
723 1133 738 1179 ;
770 1114 864 1169 ubi
893 1116 1152 1170 nimirum
1182 1119 1430 1187 praebens
1459 1128 1544 1175 est
1582 1129 1635 1174 et
1661 1120 1771 1190 agit
1798 1138 1812 1185 ;
1839 1135 1938 1174 nec

371 1218 636 1273 corporeo
677 1207 840 1262 modo
891 1207 1242 1274 continetur,
1309 1210 1403 1264 sed
1463 1210 1754 1279 spirituali.
1818 1208 1936 1266 Non

371 1292 513 1346 enim
541 1292 765 1363 ﬁguram
793 1295 975 1360 habet,
1002 1312 1108 1362 qua
1133 1313 1422 1369 corporum
1456 1314 1610 1355 more
1659 1299 1937 1355 continea-

372 1391 481 1436 tur.
512 1382 579 1436 Et
606 1383 825 1453 quidem
858 1384 1021 1451 Deus,
1054 1395 1112 1441 ut
1140 1389 1230 1456 qui
1272 1389 1511 1444 materim
1538 1405 1733 1460 expers
1767 1390 1857 1456 sit,
1886 1399 1939 1446 et

374 1471 901 1544 incircumscriptus,
947 1477 1000 1531 in
1057 1480 1174 1533 loco
1209 1495 1316 1534 non
1347 1490 1449 1536 est.
1486 1479 1606 1550 Ipse
1652 1481 1796 1535 enim
1851 1483 1935 1536 sui

376 1565 552 1634 ipsius
582 1565 735 1621 locus
766 1576 871 1629 est.
899 1569 1081 1624 omnia
1133 1570 1385 1641 implens,
1417 1587 1482 1627 ac
1540 1589 1707 1643 super
1757 1574 1939 1628 omnia

375 1659 667 1725 exsistens,
695 1661 986 1730 omniaque
1026 1663 1144 1731 ipse
1172 1662 1538 1732 complectens
1565 1666 1629 1715 ¹².
1686 1665 1940 1718 Attamen

376 1752 429 1805 in
460 1753 581 1807 loco
608 1768 731 1809 esse
767 1754 992 1822 dicitur,
1050 1755 1256 1827 Deique
1291 1757 1597 1827 appellatur
1627 1757 1803 1823 locus,
1849 1758 1937 1812 ubi

374 1844 494 1915 ejus
519 1848 692 1904 virtus
725 1855 779 1904 ct
800 1851 1041 1919 operatio
1071 1850 1359 1907 manifesta
1415 1859 1566 1906 sunt.
1621 1848 1741 1918 Ipse
1794 1849 1937 1904 enim

374 1937 513 1990 citra
543 1938 709 1991 ullam
744 1939 1154 2008 permistioncm
1210 1942 1393 1996 omnia
1446 1947 1712 2010 permeat,
1749 1934 1950 1994 rebus-'

376 2043 481 2097 que
497 2029 752 2084 omnibus
772 2030 1143 2099 operationem
1167 2046 1321 2085 suam
1348 2030 1610 2099 impertit,
1634 2044 1734 2099 pro
1756 2030 1943 2085 unius-

373 2121 642 2190 cujusque
668 2121 972 2189 aptitudine
1002 2135 1066 2175 ac
1102 2120 1437 2190 suscipiendi
1472 2120 1733 2175 facultate
1768 2139 1783 2187 ;
1836 2120 1940 2175 hoc

373 2221 459 2267 est
486 2221 599 2266 tum
629 2213 889 2278 naturali,
918 2222 1033 2266 tum
1060 2211 1364 2267 voluntaria
1415 2211 1662 2279 puritate.
1715 2210 1941 2264 Puriora

376 2304 645 2374 siquidem
688 2313 839 2370 sunt,
871 2319 991 2375 qua:
1051 2305 1288 2358 materiae
1318 2304 1575 2358 immersa
1623 2318 1734 2357 non
1789 2311 1942 2368 sunt,

378 2410 543 2465 quam
579 2393 889 2448 materialia
921 2409 938 2457 ;
973 2399 1027 2447 et
1057 2392 1230 2461 proba
1275 2400 1439 2461 atque
1494 2391 1745 2457 honesta,
1777 2406 1941 2461 quam

375 2501 540 2556 prava
576 2493 629 2541 et
665 2500 790 2540 cum
821 2484 1025 2539 malitia
1054 2483 1368 2553 conjuncta.
1403 2482 1544 2553 Ergo
1589 2482 1683 2539 Dei
1719 2484 1871 2540 locus
1896 2487 1943 2541 is

375 2578 598 2643 dicitur,
649 2577 738 2646 qui
780 2575 1054 2631 uberioris
1111 2576 1283 2646 ipsius
1307 2575 1646 2645 operationis
1673 2584 1728 2630 et
1755 2577 1943 2646 gratia:

375 2669 654 2739 particeps
683 2676 788 2724 est.
839 2667 1052 2722 Idcirco
1085 2667 1283 2721 cmlum
1317 2665 1476 2722 sedes
1504 2666 1623 2736 ejus
1651 2675 1734 2721 est
1763 2666 1781 2738 (
1832 2668 1946 2723 illic

377 2764 520 2819 enim
561 2771 691 2819 sunt
720 2764 917 2834 angeli,
963 2763 1059 2834 qui
1106 2762 1316 2817 faciunt
1354 2762 1532 2833 ipsius
1587 2764 1943 2828 voluntatem,
1976 2800 1987 2807 ρ

375 2873 610 2927 eumque
640 2872 854 2928 semper
883 2855 1136 2911 laudibus
1168 2855 1503 2911 celebrant"
1530 2853 1577 2924 );
1605 2855 1717 2909 haec
1745 2856 1947 2926 quippe
1985 2916 1988 2919 ,

378 2948 482 3017 ipsi
522 2954 603 3001 est
643 2945 862 3015 requies
908 2962 922 2999 :
972 2952 1117 2998 terra
1178 2951 1359 2996 autem
1412 2941 1713 2997 scabellum
1749 2942 1945 3011 pedum

377 3038 499 3109 ejus
527 3037 573 3070 ’τ’
605 3055 629 3104 ',
661 3039 714 3091 in
743 3051 851 3107 qua
906 3050 1003 3105 per
1032 3048 1253 3089 carnem
1291 3050 1417 3089 cum
1465 3034 1782 3090 hominibus
1814 3049 1946 3089 con-

2032 563 2183 625 τέλος
2227 560 2322 614 τοῦ
2359 560 2701 631 περιέχοντος
2753 558 2946 628 ἀέρος,
2972 554 3033 607 τὸ
3085 550 3457 621 ἐφαπτόμενον
3500 546 3595 600 τοῦ

2034 651 2423 722 περιεχομένου
2475 649 2721 720 σώματος
2741 666 2754 679 ⁸
2785 648 2983 709 πάντος
3010 644 3089 710 δὲ,
3113 644 3193 696 ὅτι
3218 642 3279 694 τὸ
3322 639 3594 709 περιέχον,

2033 747 2132 798 οὐκ
2156 746 2302 798 ἔστιν
2334 746 2391 797 ὲν
2415 743 2493 814 τῷ
2517 742 2909 813 περιεχομένῳ.

2108 839 2265 891 Ἐστι
2292 837 2350 890 δὲ
2386 836 2481 890 καὶ
2510 835 2698 905 νοητὸς
2722 834 2905 898 τόπος,
2930 829 3056 884 ἔνθα
3085 829 3306 889 νοεῖται,
3332 825 3425 878 καὶ
3455 823 3592 876 ἔστιν.

2034 928 2266 999 ήνοητὴ
2316 927 2411 979 καὶ
2457 924 2746 995 ἀσώματος
2796 923 2957 992 φύσις
2986 938 2999 951 ·
3046 918 3280 986 ἔνθαπερ
3327 915 3597 983 πάρεστι,

2036 1022 2129 1076 καὶ¹
2172 1022 2404 1092 ἐνεργεῖ,
2438 1018 2533 1071 καὶ
2574 1017 2635 1070 οὐ
2692 1014 3018 1085 σωματικῶς
3062 1010 3414 1081 περιέχεται,
3465 1004 3601 1058 ἀλλὰ

2035 1110 2262 1181 νοητῶς.
2309 1109 2386 1162 Οὐ
2416 1107 2526 1177 γὰρ
2566 1105 2679 1176 ἔχει
2726 1104 2931 1175 σχῆμα,
2961 1102 3048 1155 ἵνα
3083 1096 3409 1169 σωματικῶς
3448 1111 3600 1165 περι-

2037 1201 2222 1272 σχεθῇ.
2270 1200 2327 1253 ’0
2359 1198 2456 1269 μὲν
2490 1193 2583 1250 οῦν
2631 1195 2763 1258 Θεὸς
2804 1193 2939 1264 (39),
2974 1191 3135 1254 ἄῦλος
3166 1187 3264 1252 ῶν,
3287 1188 3381 1241 καὶ
3404 1184 3597 1254 ἀπερί-

2036 1307 2304 1362 γραπτυς,
2335 1291 2393 1343 ἐν
2415 1289 2565 1357 τόπῳ
2590 1288 2690 1341 οὐκ
2729 1286 2897 1340 ἐστιν.
2947 1282 3124 1345 Αὐτὸς
3153 1280 3260 1351 γὰρ
3285 1275 3479 1331 ἑαυτοῦ
3511 1275 3597 1327 τό·

2038 1403 2136 1448 πος
2168 1384 2303 1448 ἐστὶ,
2337 1382 2408 1435 τὰ
2433 1380 2609 1434 πάντα
2633 1377 2878 1449 πληρῶν,
2909 1376 3004 1429 καὶ
3037 1373 3178 1444 ὑπὲρ
3209 1372 3279 1426 τὰ
3309 1371 3483 1424 πάντα
3499 1367 3593 1432 ὢν,

2036 1476 2131 1529 καὶ
2165 1474 2325 1537 αὐτὸς
2373 1472 2610 1541 συνέχων
2659 1448 2976 1521 τὰνπάντα.
3015 1464 3246 1532 Λέγεται
3295 1460 3352 1514 δὲ
3399 1460 3493 1513 καὶ
3538 1448 3617 1511 ἐν’

2035 1567 2185 1638 τόπῳ
2208 1560 2368 1638 εἶναι,
2397 1562 2491 1617 καὶ
2523 1561 2741 1629 λέγεται
2771 1559 2934 1620 τόπος
2964 1555 3121 1620 Θεοῦ,
3160 1552 3288 1606 ἔνθα
3321 1549 3540 1620 ἔκδηλος
3563 1549 3598 1618 ἡ

2037 1636 2290 1729 ἐνεργεῶ
2322 1654 2487 1708 αὑτοῦ
2523 1653 2754 1722 γίνεται.
2788 1648 2960 1717 Αὐτὸς
2997 1646 3095 1717 μὲν
3122 1643 3230 1714 γὰρ
3254 1642 3342 1695 διὰ
3386 1640 3602 1694 πάντων

2040 1749 2253 1821 ἀμιγῶς
2284 1744 2589 1818 διήκειηιιαλ⁵
2618 1744 2753 1796 πᾶσι
2775 1739 3094 1812 μεταδίδωσι
3113 1735 3211 1806 τῆς
3235 1731 3428 1787 ἑαυτοῦ
3453 1732 3605 1801 ὲνερ-

2040 1844 2215 1912 γείας,
2249 1841 2390 1894 κατὰ
2432 1837 2533 1908 τὴν
2562 1835 2795 1889 ἑκάστου
2834 1830 3269 1901 ἐπιτηδειότητα,
3301 1825 3397 1879 καὶ
3427 1825 3609 1878 δεκτι-

2042 1935 2142 2005 κὴν
2164 1933 2392 2002 δύναμιν
2412 1945 2424 1957 ’
2461 1929 2602 1999 φημὶ
2636 1927 2694 1980 δὲ
2721 1927 2820 1996 τήν
2866 1943 2924 1978 τε
2950 1921 3188 1992 φυσικὴν
3223 1921 3315 1973 καὶ
3346 1934 3609 1990 προαιρε-

2040 2026 2197 2095 τικὴν
2243 2022 2609 2091 καθαρότητα.
2648 2015 3023 2089 Καθαρώτερα
3054 2015 3161 2085 γὰρ
3207 2013 3276 2066 τὰ
3317 2013 3457 2068 eam
3499 2010 3607 2063 τῶν

2044 2113 2262 2177 ὑλικῶν,
2301 2110 2396 2164 καὶ
2426 2110 2494 2164 τὰ
2527 2108 2776 2178 ὲνάρετα,
2798 2106 2905 2159 τῶν
2942 2104 3107 2176 κακίᾳ
3140 2101 3602 2172 συνεζευγμένων.

2043 2207 2274 2274 Λέγεται
2303 2200 2591 2272 τοιγαροῦν
2616 2199 2752 2254 Θεοῦ
2782 2200 2963 2262 τόπος,
2994 2198 3021 2250 ὁ
3050 2196 3211 2250 πλέον
3243 2195 3482 2264 μετέχων
3506 2192 3603 2261 τῆς

2044 2297 2322 2370 ἐνεργείας
2356 2296 2448 2349 καὶ
2479 2293 2577 2364 τῆς
2602 2292 2822 2362 χάριτος
2852 2288 3036 2342 αὑτοῦ.
3079 2287 3177 2339 Διὰ
3203 2284 3362 2338 τοῦτο
3391 2286 3418 2336 ό
3444 2284 3602 2353 οὐρα-

2044 2392 2133 2454 νὸς
2152 2388 2314 2443 αὐτοῦ
2339 2386 2549 2457 Θρόνος.
2584 2382 2673 2436 Ἐν
2697 2378 2843 2449 αὑτῷ
2871 2379 2980 2447 γὰρ
3008 2377 3145 2430 εἰσὶν
3168 2377 3218 2428 οἱ
3241 2374 3513 2436 ποιοῦντες
3542 2372 3602 2424 τὸ

2046 2483 2260 2554 θέλημα
2304 2478 2468 2533 αὑτοῦ
2527 2474 2777 2544 ἄγγελοι,
2810 2471 2906 2525 καὶ
2940 2470 3028 2523 ἀεὶ
3058 2466 3372 2532 δοξάζοντες
3421 2464 3604 2517 αὐτόν.

2045 2575 2195 2644 Αὕτη
2225 2572 2332 2643 γὰρ
2362 2568 2510 2639 αὐτῷ
2549 2566 2875 2628 ἀνάπαυσις,
2904 2562 2996 2616 καὶ
3018 2562 3052 2632 ἡ
3084 2562 3155 2631 γῆ
3194 2558 3476 2612 ὑποπόδιον
3501 2556 3610 2610 τῶν

2048 2666 2221 2723 ποδῶν
2252 2662 2439 2719 αὐτοῦ.
2484 2661 2576 2715 Ἐν
2601 2659 2736 2728 αὐτῇ
2761 2656 2868 2727 γὰρ
2901 2654 2988 2708 διὰ
3022 2651 3223 2724 σαρκὸς
3251 2653 3362 2712 τοῖς
3402 2646 3615 2716 ἀνθρώο

2048 2777 2171 2822 ποις
2202 2738 2635 2822 συνανέστρὰφη.
2664 2745 2805 2808 Ποῦς
2824 2745 2883 2798 δὲ
2921 2742 3014 2801 τοῦ
3069 2739 3203 2794 Θεοῦ
3236 2741 3267 2809 ἡ
3296 2738 3427 2805 ἁγία
3451 2735 3617 2788 αὐτοῦ

2048 2851 2185 2923 σὰρξ
2205 2847 2540 2918 ὠνόμασται.
2571 2840 2804 2909 Λέγεται
2844 2836 2898 2889 δὲ
2932 2834 3026 2888 καὶ
3053 2834 3087 2904 ἡ
3132 2829 3429 2900 Ἐκκλησία
3453 2829 3617 2892 τόπος

2046 2921 2181 2998 Θεοῦ
2203 2958 2216 2972 ο
2251 2939 2439 2993 τοῦτον
2469 2934 2580 3005 γὰρ
2618 2933 2697 2996 είς
2736 2928 3046 2996 δοξολογίαν
3098 2922 3266 2979 αὐτοῦ
3292 2963 3308 2989 ,
3335 2921 3526 2991 ῶσπερ
3563 2937 3616 2973 τι

2045 3037 2271 3105 τέμενος
2317 3027 2693 3099 ἀφωρίσαμεν,
2728 3025 2786 3078 έν
2883 3021 2976 3074 καὶ
3010 3017 3110 3081 τὰς
3144 3016 3280 3087 πρὸς
3326 3014 3488 3105 αὑτὸ-ν
3535 3015 3621 3105 έν-

377 3141 628 3186 versatus
659 3130 733 3184 sit
763 3128 829 3182 ".
852 3126 955 3183 Pes
984 3141 1149 3197 porro
1184 3125 1279 3180 Dei
1334 3134 1524 3181 sancta
1586 3126 1761 3195 ipsius
1818 3141 1946 3180 caro

2053 3100 2262 3191 τεῦξεις
2290 3116 2617 3186 ποιούμεθα.
2657 3110 2889 3180 Ὁμοίως
2913 3109 3006 3162 καὶ
3043 3108 3094 3159 οἱ
3122 3105 3299 3168 τόποι,
3331 3106 3389 3157 ὲν
3414 3100 3495 3167 οἷς
3530 3101 3619 3154 ἔκ-

376 3222 548 3277 variis
594 3221 733 3276 locis
762 3219 1045 3274 nominata
1077 3225 1181 3274 est.
1246 3217 1389 3282 Quin
1446 3215 1685 3273 Ecclesia
1724 3232 1941 3288 quoque

379 3310 476 3366 Dei
523 3311 683 3366 locus
706 3309 948 3374 dicitur;
980 3308 1110 3378 quia
1168 3321 1287 3364 eam
1324 3306 1391 3361 ad
1443 3307 1617 3377 ipsius
1670 3308 1947 3367 canendas

2048 3217 2204 3288 δηλος
2236 3214 2366 3283 ἡμῖν
2394 3211 2428 3280 ἡ
2466 3205 2633 3261 αὐτοῦ
2668 3203 2937 3273 ἐνέργεια,
2968 3199 3076 3253 εἴτε
3127 3196 3213 3250 διὰ
3260 3194 3477 3264 σαρκὸς,
3503 3193 3615 3245 εἴτε

2055 3312 2184 3365 ἄνευ
2216 3305 2467 3374 σώματος
2485 3298 2699 3368 γέγονε,
2720 3294 2873 3347 τόποι
2899 3290 3032 3345 Θεοῦ
3057 3288 3320 3357 λέγονται.

380 3402 595 3466 laudes,
616 3416 715 3456 ceu
748 3399 1008 3468 templum
1030 3396 1324 3467 quoddam,
1352 3397 1710 3463 secrevimus,
1740 3399 1793 3452 in
1819 3415 1927 3470 quo
1965 3415 2089 3456 eum
2155 3373 2465 3451 exoremus.
2518 3387 2600 3442 Ad
2647 3382 2897 3440 eumdem
2960 3379 3176 3434 modum
3243 3376 3358 3428 loca
3393 3373 3449 3428 in
3488 3374 3613 3443 qui-

380 3496 486 3551 bus
535 3493 816 3564 perspicua
858 3492 916 3546 ﬁt
972 3491 1134 3546 nobis
1188 3490 1362 3560 ipsius
1402 3490 1663 3559 operatio,
1700 3492 1814 3548 sive
1836 3467 1951 3563 per
1987 3506 2229 3555 carnem,
2277 3488 2391 3542 sive
2425 3483 2632 3549 absque
2655 3488 2907 3545 corpore,
2940 3471 3033 3527 Dei
3056 3470 3174 3524 loca
3194 3467 3474 3564 dicuntur:

453 3583 748 3640 Sciendum
789 3591 967 3636 autem
999 3591 1084 3637 est
1129 3581 1297 3636 Deum
1334 3581 1583 3651 partibus
1633 3595 1859 3650 carere;
1889 3592 1948 3639 ut

384 3681 538 3729 totus
564 3671 788 3726 omnino
838 3672 1040 3741 ubique
1098 3672 1189 3737 sit,
1222 3679 1276 3725 et
1322 3685 1431 3724 non
1486 3685 1613 3739 pars
1662 3671 1718 3725 iu
1772 3684 1949 3742 parte,

385 3780 540 3819 more
577 3778 869 3832 corporum
897 3763 1265 3828 distrahatur,
1298 3762 1394 3818 sed
1417 3767 1564 3816 lotus
1588 3761 1643 3815 in
1671 3762 1948 3829 omnibus,

388 3866 442 3912 et
475 3863 625 3911 totus
655 3870 819 3924 supra
853 3855 1033 3908 omnia
1062 3854 1318 3910 exsistat.

465 3971 537 4025 De
571 3972 684 4025 loco
720 3968 921 4040 angeli,
956 3976 1006 4022 et
1060 3968 1288 4030 animaz;
1319 3966 1478 4035 deque
1528 3980 1702 4019 rerum
1729 3965 1955 4017 circum-

392 4064 690 4132 scriptione.
721 4089 783 4102 -—
816 4061 974 4131 150
1027 4060 1267 4128 Angelus
1317 4066 1519 4117 autem,
1568 4058 1669 4111 etsi
1725 4071 1833 4110 non
1885 4056 1953 4110 ad

393 4157 609 4212 modum
639 4154 886 4227 corporis
921 4153 995 4207 ita
1021 4152 1077 4205 in
1114 4150 1236 4204 loco
1265 4147 1597 4209 continetur,
1632 4154 1688 4199 ut
1722 4145 1952 4200 formam

460 4337 505 4368 ²¹
538 4336 697 4407 Greg.
726 4335 861 4388 Νη.
903 4336 1043 4388 orat.
1080 4329 1169 4393 54.
1245 4327 1291 4359 ’³
1317 4326 1421 4381 lsa.
1454 4340 1529 4392 vt,
1565 4324 1588 4378 i
1624 4337 1776 4393 seqq.
1852 4322 1898 4354 ’δ
1952 4370 1953 4373 η

2053 4362 2055 4371 ,
2090 4335 2239 4381 1.1m,
2277 4317 2327 4373 1.

2136 3554 2337 3635 ’ἰστέον
2366 3575 2422 3628 δὲ
2454 3574 2536 3626 ὅτι
2567 3570 2629 3623 τὸ
2661 3568 2815 3621 Θεῖον
2842 3563 3048 3634 ἀμερές
3076 3562 3243 3624 ἐστιν,
3264 3557 3384 3611 ὅλον
3424 3554 3619 3619 ὁλικῶς

2054 3668 2331 3739 πανταχοῦ
2379 3665 2462 3732 ὂν,
2508 3663 2604 3718 καὶ
2656 3662 2719 3714 οὐ
2755 3658 2920 3739 μέρος
2973 3656 3031 3708 ὲν
3087 3652 3241 3723 μέρει
3294 3648 3623 3739 σωματικῶς

2053 3730 2467 3834 διαιροῦμενονέ
2501 3756 2616 3809 ἀλλ’
2650 3754 2771 3808 ὅλον
2818 3730 2876 3805 έν
2910 3750 3044 3803 πᾶσι
3064 3787 3079 3814 ,
3108 3746 3203 3799 καὶ
3235 3743 3355 3797 ὅλον
3395 3739 3536 3811 ὑπὲρ
3559 3738 3623 3793 τὸ

2057 3856 2182 3909 πᾶν.

2129 3965 2296 4036 Marg.
2323 3979 2427 4019 ms.
2459 3961 2597 4029 Περὶ
2630 3960 2814 4013 τόπου
2848 3954 3106 4026 ἀγγέλου
3142 3950 3241 4006 καὶ
3266 3947 3373 4016 τῆς
3393 3943 3620 4016 ψυχῆς.

2061 4056 2162 4110 καὶ
2187 4056 2317 4124 περὶ
2346 4054 2452 4107 τοῦ
2483 4047 2942 4121 ἀπεριγρὰπτου.
2966 4076 3035 4087 -
3073 4045 3132 4096 Ὁ
3162 4042 3217 4096 δὲ
3236 4038 3484 4109 ἄγγελος,
3516 4052 3622 4124 σω-

2061 4123 2304 4209 ματικῶς
2338 4140 2434 4210 μὲν
2487 4140 2544 4191 έν
2584 4138 2732 4207 τόπῳ
2789 4134 3120 4207 περιέχεται,
3142 4130 3282 4184 ὥστε
3326 4123 3625 4182 τυποῦσθαι

2406 4316 2450 4349 ³⁸
2473 4312 2685 4369 Baruch
2731 4327 2814 4376 ιιι,
2841 4310 2932 4368 53.

1894 4489 2124 4546 NOTAE.

469 4612 579 4679 (39)
626 4612 683 4663 Ὀ
710 4611 825 4681 μὲν
854 4609 967 4668 οὖν
993 4612 1157 4676 Θεός.
1189 4608 1323 4662 Dens
1356 4608 1548 4681 igitur.
1582 4613 1690 4681 etc:
1848 4602 1963 4681 loci
1994 4596 2038 4648 D
2064 4602 2200 4657 locis
2255 4598 2446 4681 adesse
2498 4590 3000 4681 peeoperationem
3041 4584 3623 4681 ﬁngantur

399 4672 728 4737 deﬁnitione
756 4672 916 4749 quam
981 4672 1346 4749 Damascenus
1373 4672 1540 4749 {radit
1564 4689 1630 4749 ex
1654 4672 1967 4749 Aristotele,

400 4752 679 4817 colligitur
728 4742 881 4803 nullo
930 4750 1052 4802 loco
1106 4748 1274 4802 Deum
1311 4745 1601 4806 contineri,
1635 4744 1835 4817 quippe
1873 4742 1968 4817 qui

402 4812 561 4874 nulla
579 4819 827 4887 corporis
859 4818 1005 4871 illius
1036 4817 1320 4886 superﬁcie
1350 4812 1732 4887 circumscribi
1775 4812 1967 4887 possit.

402 4889 559 4945 Unde
618 4881 740 4942 cu'tn
777 4881 1125 4940 Nazianzeno
1178 4894 1317 4940 orat.
1373 4885 1459 4946 54,
1493 4891 1546 4937 et
1583 4881 1827 4952 Nysseno
1869 4881 1965 4935 ιιι).

400 4961 477 5014 De
509 4957 675 5013 anim.
705 4966 753 5010 et
797 4971 997 5010 resurr.
1039 4955 1267 5009 dixerim
1314 4955 1518 5016 verius,
1542 4966 1812 5018 nusquam
1845 4966 1967 5006 esse

403 5032 592 5093 Deum,
627 5035 680 5080 ct
701 5026 905 5095 ubique
929 5025 1141 5085 adesse,
1162 5032 1326 5095 atque
1348 5023 1587 5095 omnium
1615 5022 1790 5095 locum
1820 5035 1959 5074 esse.

399 5090 589 5153 Porro
627 5098 685 5152 S.
722 5090 962 5150 Thomas
993 5110 1008 5147 ι
1046 5109 1098 5163 p.
1131 5108 1186 5162 q.
1218 5093 1271 5153 8,
1300 5106 1348 5163 a.
1377 5093 1427 5153 t,
1465 5091 1623 5163 docet
1651 5090 1970 5163 ADeum_esse

400 5170 610 5238 ubique,
643 5169 780 5238 sicut
821 5179 976 5238 agens
1011 5158 1162 5217 adest
1201 5163 1249 5216 ei
1294 5162 1346 5214 in
1391 5160 1529 5231 quod
1576 5161 1705 5238 agit,
1745 5167 1804 5212 ιιι
1830 5158 1970 5215 Deus

407 5232 540 5293 locis
568 5232 823 5293 omnibus
853 5232 1047 5290 adesse
1084 5248 1192 5287 non
1227 5238 1536 5294 censeatur,
1566 5232 1670 5285 nisi
1711 5244 1806 5298 per
1843 5243 1972 5298 Ope-

405 5309 688 5362 rationem.
732 5306 847 5361 Hoc
874 5304 1073 5360 Noster
1100 5302 1387 5358 conﬁrmat
1423 5302 1512 5355 ubi
1538 5301 1632 5364 ait,
1669 5298 1832 5352 Deum
1865 5298 1972 5351 dici

407 5378 463 5428 in
490 5375 603 5431 loco
639 5395 768 5437 esse.
800 5384 849 5429 et
895 5374 989 5429 Dei
1040 5374 1212 5428 locum
1242 5370 1296 5425 id
1342 5370 1621 5439 appellari,
1647 5370 1699 5421 in
1733 5384 1833 5437 quo
1860 5367 1972 5439 ejus

410 5446 550 5498 actio
582 5448 879 5508 exseritur;
913 5461 1032 5500 eum
1085 5446 1269 5512 quippe
1295 5437 1471 5495 omnia
1525 5439 1805 5512 pervadere
1835 5437 1976 5512 etin

411 5513 652 5586 omnibus
681 5506 869 5586 agere,
897 5506 1185 5570 secundani
1210 5506 1633 5586 uniuscujusque
1666 5506 1976 5586 dispositio-

414 5599 546 5637 nem.
613 5576 737 5638 Ηοέ
783 5576 1161 5652 argumentum
1231 5576 1581 5651 persequitur
1631 5576 1975 5652 _Anastas_i‘us

420 5652 795 5707 Autiochenus
835 5643 973 5707 orat.
1026 5655 1102 5706 De
1135 5643 1603 5718 incircumscripto,
1631 5648 1684 5700 in
1718 5660 1823 5715 qua
1856 5643 1975 5718 dis-

415 5731 572 5785 putat
618 5722 880 5776 adversus
932 5722 1195 5791 quosdam
1235 5723 1327 5790 qui
1390 5715 1556 5774 Deum
1617 5718 1671 5769 in
1722 5715 1976 5770 omnibus

2072 4653 2371 4727 secundum
2416 4653 2735 4723 essentiam,
2775 4667 2997 4730 propter
3039 4656 3283 4730 locorum
3326 4653 3625 4730 pmsertim

2070 4723 2387 4796 foeditatem.
2413 4735 2527 4790 Hos
2558 4723 2927 4796 refellit,tuiu
2960 4726 3086 4796 quia
3120 4723 3627 4796 incircumscriptus

2071 4791 2484 4875 immensusque
2510 4811 2612 4867 est,
2640 4791 3118 4875 tumietiamL'quia
3157 4802 3241 4847 est
3267 4792 3469 4845 inﬁnite
3497 4791 3629 4845 sim-

2069 4880 2214 4950 plex,
2257 4866 2419 4946 cujus
2450 4866 2693 4950 operatio
2732 4870 2872 4923 idem
2921 4866 2991 4920 sit
3037 4877 3263 4934 prorsus
3283 4876 3379 4950 ac“
3400 4874 3495 4914 sua
3515 4873 3622 4950 "eis:

2071 4927 2572 5005 lsentias—5eain—[ob
2618 4956 2734 4995 rem
2765 4927 3055 5006 necessum
3090 4948 3211 5006 esse
3244 4939 3300 5006 ut
3338 4928 3477 4982 Deus
3515 4927 3627 5006 illic

2075 5001 2220 5073 adsit
2239 5014 2537 5071 secundum
2568 5008 2883 5069 essentiam,
2911 5001 3355 5075 ubi‘intelligituj
3390 5001 3625 5075 operari.

2076 5069 2388 5147 hiemis-0,
2421 5090 2482 5136 ut
2514 5081 2766 5136 observat
2812 5073 3121 5136 Nemcsius,
3151 5069 3364 5150 θυμέ,
3392 5082 3483 5150 res
3513 5069 3631 5150 ερὶτ

2076 5155 2291 5211 ritualis
2344 5143 2479 5207 nulli
2527 5152 2647 5205 loco
2677 5157 3090 5221 prmsensuesse
3126 5143 3535 5221 potest.,_eique,
3576 5143 3637 5221 ut

2078 5206 2318 5282 humano
2351 5237 2502 5276 more
2546 5206 2741 5288 loqu'ar
2768 5257 2783 5279 ,
2818 5211 3102 5288 applicari,
3129 5206 3241 5288 nisi
3295 5206 3635 5288 circa_illuni

2079 5276 2376 5363 Bﬁéiéndo.
2418 5276 2688 5363 Quocirca
2738 5276 3080 5363 Epiphanius
3107 5320 3122 5345 ,
3157 5280 3353 5363 haeres.
3388 5276 3479 5363 ⁸77
3510 5276 3639 5363 ,“ait

2082 5348 2247 5419 D'eum
2300 5348 2502 5432 ubique
2552 5359 2746 5432 adesse
2786 5348 3183 5432 :8t3vciust,per
3236 5348 3640 5432 virtutemnquo

2082 5421 2434 5502 signiﬁcatur:
2476 5428 2678 5484 nedum
2713 5424 2804 5502 Dei
2844 5421 3174 5482 substantia,
3214 5432 3402 5497 verum
3432 5425 3641 5502 et'ope:

2082 5484 2434 5566 is‘iid'meué
2482 5497 2835 5553 immensitate
2874 5508 2973 5566 sua
3012 5505 3197 5566 1'8?th
3229 5484 3639 5566 omniumjocus

2081 5552 2676 5639 est-(inqititihiasimus
2699 5566 2753 5618 in
2777 5578 2899 5639 cap_.
2934 5561 2957 5613 1
3002 5559 3082 5612 De
3108 5558 3214 5639 diu.
3253 5552 3501 5639 nopz.)ou
3525 5567 3644 5639 fauo-

2086 5627 2349 5712 pa'c‘txdig,
2371 5638 2507 5712 ᾁλλᾲ
2530 5627 2952 5705 δημιουργικῶς,
2977 5646 3077 5683 non
3102 5627 3187 5712 ‘ad
3215 5628 3426 5712 modunn
3456 5636 3643 5690 corpo-

2082 5691 2348 5779 i'iiin,seii'
2371 5691 2422 5763 in
2447 5708 2520 5763 eis
2553 5691 2800 5775 tanquam
2823 5691 3004 5757 ear—um
3030 5698 3204 5769 opifex
3240 5691 3460 5766 agendo.
