4104 6148
455 270 562 334 853

1530 261 1627 320 DE
1652 259 1828 320 FIDE
1865 259 2324 321 OBTI-IODOXA
2358 263 2505 322 LIB.
2549 263 2596 322 Ι.

3605 255 3709 321 854

459 381 552 436 καὶ
601 373 1061 448 σχηματίζεσθαι·
1108 373 1258 444 ὅμως
1313 372 1529 441 λέγεται
1588 367 1727 426 εἶναι
1768 374 1824 426 ἐν
1879 373 2024 442 τόπῳ

2132 381 2183 429 et
2210 373 2438 444 ﬁguram
2499 373 2781 444 recipiat;
2815 374 3015 430 inloco
3069 381 3254 430 tamen
3314 387 3439 430 esse
3459 371 3704 442 :dieitur,

454 471 542 524 διὰ
567 470 626 524 τὸ
658 471 914 540 παρεῖναι
958 466 1164 536 νοητῶς
1195 465 1289 518 καὶ
1341 466 1582 536 ἐνεργεῖν
1629 465 1769 518 κατά
1801 465 1898 536 τὴν
1931 466 2030 518 αὺ-

453 562 547 614 τοῦ
584 561 766 630 φύσιν,
793 561 886 614 καὶ
914 561 987 630 μὴ
1017 553 1152 613 εἶναι
1181 556 1435 628 ἀλλαχοῦ,
1463 557 1577 610 ἀλλ’
1608 557 1789 610 ἐκεῖσε
1827 557 2032 627 νοητῶς

454 651 912 722 περιγράφεσθαι,
951 647 1079 702 ἔνθα
1117 647 1212 701 καὶ
1266 648 1500 717 ἐνεργεῖ.
1535 647 1610 700 Οὐ
1665 647 1773 718 γὰρ
1811 647 2032 700 δύναται

454 742 596 796 κατά
646 740 841 794 ταυτὸν
881 741 939 792 ἐν
988 739 1262 810 διαφόροις
1319 737 1502 800 τόποις
1546 738 1809 805 ἐνεργεῖν.
1850 737 2030 791 Μόνου

451 834 560 904 γὰρ
605 831 739 885 Θεοῦ
780 834 896 884 ἐστι
936 831 997 884 τὸ
1035 830 1309 901 πανταχοῦ
1343 830 1484 884 κατὰ
1525 829 1720 884 ταυτὸν
1763 831 2030 901 ἐνεργεῖν.

462 927 522 980 '0
556 926 655 995 μὲν
685 925 793 995 γὰρ
824 925 1053 994 ἄγγελος
1095 925 1248 994 τάχει
1285 922 1519 993 φύσεως,
1548 922 1642 976 καὶ
1673 922 1750 993 τῷ
1777 922 2028 991 ἑτοίμως,

452 1017 621 1086 ἡγουν
646 1015 877 1087 ταχέως,
911 1015 1277 1086 μεταϐαίνειν,
1309 1015 1524 1084 ἐνεργεῖ
1552 1015 1609 1066 ἐν
1638 1012 1918 1082 διαφόροις
1939 1012 2029 1064 τό·
2062 1032 2064 1034 τ

452 1122 606 1173 ποις’
636 1108 698 1162 τὸ
741 1108 798 1160 δὲ
846 1106 1001 1162 Θεῖον
1050 1107 1300 1176 πανταχῆ
1335 1103 1395 1158 ὃν
1419 1144 1434 1170 ,
1468 1103 1562 1156 καὶ
1593 1102 1730 1174 ὑπὲρ
1762 1102 1823 1155 τὸ
1853 1101 2028 1156 πάντα

452 1201 595 1256 κατά
617 1201 814 1256 ταυτὸν
841 1208 868 1237 ι
892 1199 1164 1272 διαφόρως
1192 1199 1409 1270 ἐνεργεῖ
1437 1199 1537 1270 μιᾷ
1569 1200 1664 1252 καὶ
1701 1197 1848 1268 ἁπλῇ
1873 1200 2027 1264 svsp-

453 1295 598 1364 γείᾳ.

534 1388 598 1440 Ἦ
629 1387 684 1440 δέ
706 1386 854 1457 ψυχὴ
899 1385 1206 1439 συνδέδεται
1249 1384 1326 1454 τῷ
1364 1382 1580 1454 σώματι
1625 1383 1726 1452 ὅλη
1754 1381 1896 1454 ὅλῳ,
1931 1383 2027 1436 καὶ

449 1477 510 1531 οὒ
554 1477 720 1549 μέρος
753 1476 912 1547 μέρει
932 1491 946 1507 ⁸
983 1475 1077 1528 καὶ
1102 1474 1163 1527 οὐ
1194 1473 1506 1544 περιέχεται
1539 1473 1630 1527 ὑπ’
1663 1473 1850 1537 αὐτοῦ,
1888 1473 2024 1526 ἀλλὰ

451 1568 700 1639 περιέχει
719 1565 872 1629 αὐτὸ,
892 1565 1083 1636 ὥσπερ
1105 1563 1217 1635 πῦρ
1239 1565 1477 1635 σίδηρον,
1492 1565 1586 1617 καὶ
1605 1565 1662 1616 ἐν
1692 1563 1842 1634 αὐτῷ
1865 1561 2020 1630 οὖσα,

448 1662 546 1724 τὰς
575 1661 778 1724 οἰκείας
805 1660 1086 1730 ἐνεργείας
1118 1659 1348 1728 ἐνεργεῖ.

2139 465 2265 535 quia
2285 465 2556 535 spirituali
2582 465 2744 521 modo
2771 466 2927 522 adest
2957 472 3012 522 et
3029 466 3160 536 agit,
3185 473 3348 536 prout
3371 474 3580 522 natura:
3595 481 3708 521 suae

2134 563 2565 612 consentaneum
2597 566 2680 614 est
2717 575 2730 621 ;
2759 574 2857 613 nec
2885 559 3014 614 alibi
3057 565 3164 623 est,
3198 559 3293 614 sed
3327 557 3402 612 ibi
3443 557 3706 628 intelligi-

2133 648 2229 703 bili
2261 648 2427 704 modo
2465 651 2961 716 circumscribitur,
3005 651 3094 706 ubi
3123 660 3178 706 et
3203 657 3486 722 operatur.
3520 649 3709 720 Neque

2133 741 2277 794 enim
2300 741 2600 797 indiversis
2616 742 2755 797 locis
2772 743 2959 798 eodem
2999 751 3242 814 tempore
3265 743 3481 812 operari
3504 751 3704 811 potest.

2132 828 2230 884 Dei
2264 845 2503 901 namque
2533 832 2706 888 solius
2747 839 2831 887 est
2855 832 3060 902 ubique
3106 832 3272 889 simul
3301 833 3538 902 operari.
3569 830 3706 884 Nam

2134 922 2360 993 angelus
2387 923 2609 993 quidem
2661 925 2734 979 ob
2768 933 2978 979 naturae
3010 925 3414 994 pernicitatem,
3472 938 3536 978 ac
3578 923 3706 992 quia

2133 1021 2384 1084 prompte
2411 1029 2478 1070 ac
2521 1015 2778 1072 celeriter
2823 1016 3138 1086 pertransit,
3187 1016 3246 1071 in
3300 1015 3535 1073 diversis
3570 1014 3708 1070 locis

2132 1114 2390 1173 operatur
2421 1123 2435 1172 ;
2473 1115 2530 1161 at
2569 1106 2733 1172 Deus,
2777 1115 2836 1163 ut
2878 1107 2970 1178 qui
3002 1107 3204 1176 ubivis,
3237 1122 3300 1162 ac
3332 1123 3495 1177 supra
3523 1108 3706 1162 omnia

2133 1196 2222 1260 sit,
2255 1197 2445 1251 eodem
2472 1197 2733 1266 temporis
2765 1205 3064 1263 momento,
3096 1212 3207 1252 una
3232 1205 3286 1252 et
3316 1197 3551 1268 simplici
3571 1211 3706 1266 ope-

2129 1291 2345 1346 ratione
2369 1291 2522 1346 varie
2557 1291 2762 1360 ubique
2789 1291 2920 1361 agit.

2199 1383 2374 1439 Porro
2422 1385 2625 1448 anima,
2661 1390 2772 1437 tota
2803 1383 2903 1438 toti
2933 1384 3152 1454 corpori
3193 1382 3447 1437 devincta
3501 1388 3605 1449 est,
3651 1388 3714 1437 et

2128 1490 2236 1529 non
2277 1491 2405 1546 pars
2439 1476 2582 1546 parti
2611 1495 2625 1529 :
2658 1491 2762 1532 nec
2787 1490 2854 1530 eo
2881 1475 3217 1538 continetur,
3239 1475 3334 1529 sed
3365 1475 3546 1545 ipsum
3571 1489 3706 1529 con-

2130 1567 2292 1630 tinet,
2330 1566 2474 1620 haud
2526 1580 2689 1621 secus
2721 1580 2784 1620 ac
2815 1565 2956 1636 ignis
2987 1565 3192 1620 ferrum
3229 1583 3243 1631 ;
3277 1565 3441 1636 inque
3490 1566 3585 1621 illo
3612 1581 3706 1621 cx-

2129 1657 2333 1712 sistens
2360 1671 2492 1711 suas
2527 1656 2647 1726 ipsa
2683 1655 2994 1712 functiones
3028 1656 3166 1711 obit.

519 1724 912 1824 Περιγραπτὸν-
936 1724 1034 1823 μέν
1073 1724 1300 1814 ἐστιξτδ
1328 1749 1547 1821 τόπῳ,ἣ
1571 1749 1770 1821 χρόνῳ,
1801 1751 1834 1820 ἢ
1865 1766 2024 1803 κατα-

2209 1747 2366 1804 Solus
2403 1749 2546 1804 Deus
2582 1750 3091 1819 incircumscriptus.
3119 1778 3188 1788 —
3211 1749 3703 1821 Circumscriptum

449 1847 610 1918 λήψει
668 1844 1208 1918 περιλαμϐανόμενον
1227 1861 1241 1874 ο
1282 1843 1698 1914 ἀπερίγραπτον
1729 1844 1808 1909 δὲ,
1835 1843 1895 1897 τὸ
1923 1861 2025 1915 μη-

448 1940 561 1993 δενὶ
600 1938 804 1992 τούτων
846 1937 1254 2008 περιεχόμενον.
1295 1935 1736 2007 ’Λπερίγραπτον
1779 1936 1877 2006 μὲν
1908 1932 2024 2002 οῦν,

454 2033 612 2102 μόνον
647 2031 763 2084 ἐστὶ
807 2030 868 2083 τὸ
906 2030 1060 2082 Θεῖον
1081 2068 1095 2091 ,
1123 2027 1358 2098 ἄναρχον
1397 2027 1479 2094 ὃν,
1517 2029 1610 2081 καὶ
1640 2028 2022 2098 ἀτελεύτητον,

449 2123 546 2175 καὶ
597 2121 776 2175 πάντα
825 2120 1077 2192 περιέχον
1098 2159 1112 2184 ,
1141 2119 1236 2173 καὶ
1274 2120 1515 2190 μηδεμιᾷ
1547 2120 1850 2191 καταλήψει
1879 2138 2027 2191 περι-

447 2213 722 2284 εχόμενον.
757 2213 937 2268 Μόνον
965 2213 1074 2283 γάρ
1113 2213 1260 2265 ἐστιν
1296 2211 1703 2280 ἀκατάληπτον,
1744 2212 1838 2264 καὶ
1875 2212 2028 2282 ἀόρι-

449 2321 592 2369 στον,
635 2305 728 2356 ὑπ’
759 2303 975 2366 οὐδενὸς
1005 2303 1410 2373 γινωσκόμενον
1430 2344 1444 2367 ,
1464 2302 1595 2356 αὐτὸ
1621 2302 1676 2354 δὲ
1709 2302 1868 2371 μόνον
1900 2303 2026 2355 ἐαυ-

445 2396 542 2449 τοῦ
575 2395 929 2467 θεωρητικόν.
979 2396 1035 2448 Ὀ
1067 2395 1124 2447 δέ
1163 2393 1414 2463 ἄγγελος,
1437 2393 1532 2447 καὶ
1564 2394 1740 2464 χρόνῳ
1765 2394 2028 2464 περιγρά-

447 2504 643 2557 φεται·
693 2487 899 2558 ἤρξατο
952 2486 1059 2558 γὰρ
1101 2486 1196 2538 τοῦ
1247 2481 1418 2538 εἶναι·
1468 2485 1564 2538 καὶ
1601 2485 1752 2554 τόπῳ
1785 2500 1798 2514 ο
1829 2486 1877 2537 εί
1931 2485 2025 2539 καὶ

447 2578 674 2648 νοητῶς,
711 2579 787 2641 ὡς
835 2578 1201 2649 προείπομεν·
1239 2577 1332 2630 καὶ
1367 2576 1742 2647 καταλήψειῖ.
1781 2577 1891 2630 Καὶ
1931 2578 2024 2631 ἀλ-

446 2671 622 2741 λήλων
653 2669 763 2740 γὰρ
798 2670 894 2740 τὴν
940 2668 1101 2737 φύσιν
1150 2668 1300 2721 ἴσασί
1348 2686 1484 2733 πως,
1511 2670 1605 2721 καὶ
1637 2669 1742 2721 ὑπὸ
1781 2669 1873 2721 τοῦ
1907 2670 2023 2722 κτί-

450 2779 575 2815 στου
595 2773 616 2798 τ
645 2761 917 2831 ὁρίζονται
959 2758 1132 2814 τέλεον
1153 2775 1166 2789 ο
1198 2759 1269 2812 τά
1312 2759 1370 2812 δὲ
1411 2759 1642 2830 σώματα
1662 2801 1675 2823 ,
1709 2763 1804 2814 καὶ
1855 2763 2020 2832 ἀρχῇ,

449 2855 543 2906 καὶ
567 2853 742 2919 τέλει,
773 2853 868 2906 καὶ
894 2849 1043 2922 τόπῳ
1083 2850 1401 2920 σωματικῷ,
1425 2852 1520 2903 καὶ
1555 2852 1878 2922 καταλήψει.

2132 1842 2238 1897 hoe
2278 1852 2382 1908 est,
2411 1842 2556 1912 quod
2584 1841 2706 1897 loco
2736 1843 2821 1897 vel
2874 1851 3117 1913 tempore
3167 1845 3248 1898 vel
3303 1844 3472 1898 animi
3521 1860 3706 1915 pcrce«

2132 1937 2318 2006 ptione
2352 1933 2843 2004 comprehenditur
2886 1952 2906 2011 :_
2937 1933 3476 2004 incircumscriptum
3523 1943 3704 1991 autem

2131 2029 2277 2100 quod
2318 2029 2474 2083 nullo
2509 2028 2702 2082 horum
2745 2027 3080 2082 continetur.
3133 2027 3501 2092 Quamobrem
3555 2027 3705 2083 solus

2132 2123 2276 2175 Deus
2309 2117 2837 2186 incircumscriptus
2861 2123 2966 2183 est,
3016 2118 3108 2186 qul
3169 2117 3443 2187 principio
3511 2125 3565 2172 et
3601 2117 3706 2172 line

2131 2217 2336 2273 careat,
2373 2217 2535 2279 atque
2564 2208 2747 2264 omnia
2779 2208 3198 2278 complectatur,
3243 2207 3560 2263 nullatenus
3591 2208 3705 2277 ipse

2129 2301 2564 2371 comprehensus
2591 2300 2656 2354 ’³.
2694 2300 2866 2354 Solus.
2881 2299 3028 2354 enim
3055 2298 3544 2368 ineomprehensus
3589 2300 3704 2371 ipse

2130 2405 2236 2461 est,
2273 2398 2444 2452 nullis
2474 2395 2732 2453 deﬁnitus
2755 2396 3032 2462 terminis,
3056 2403 3107 2452 el
3133 2409 3163 2450 a
3182 2395 3400 2451 nemine
3429 2394 3702 2466 cognitus,

2128 2491 2224 2560 qui
2265 2491 2417 2544 solus
2450 2505 2513 2544 ea
2546 2489 2596 2542 vi
2628 2489 2826 2559 polleat
2850 2505 2956 2559 qua
2989 2504 3049 2544 se
3082 2489 3240 2558 plene
3280 2489 3700 2560 contempletur.

2128 2581 2207 2637 Ac
2253 2581 2477 2652 angelus
2525 2589 2579 2637 et
2639 2591 2881 2652 tempore
2928 2582 3404 2637 circumscribitur
3457 2580 3703 2651 (incepit

2128 2675 2275 2730 enim
2299 2690 2423 2730 esse
2452 2675 2470 2745 )
2510 2683 2564 2730 et
2596 2675 2714 2730 loco
2747 2676 2765 2746 (
2795 2676 3015 2730 tametsi
3064 2676 3366 2746 spirituali,
3401 2685 3461 2732 ut
3497 2675 3697 2747 praedi-

2130 2767 2333 2832 ximus,
2362 2766 2614 2834 ratione)
2657 2777 2710 2823 et
2741 2768 3254 2838 comprehensione.
3305 2767 3440 2824 Nam
3507 2776 3563 2824 et
3611 2765 3705 2823 alii

2131 2858 2368 2912 aliorum
2393 2869 2645 2914 naturam
2675 2859 2908 2928 quodam
2931 2860 3094 2915 modo
3116 2861 3453 2931 exploratam
3479 2861 3701 2927 habent,

452 2961 790 3017 prorsusque
817 2947 886 3001 ab
908 2947 1102 3015 opiﬁce
1121 2945 1482 3000 deﬁniuntur.
1499 2945 1745 3016 Corpora
1775 2948 2016 3017 denique
2050 2957 2104 3004 et
2128 2953 2404 3025 principio
2435 2955 2997 3023 circumscribuntur,
3026 2966 3080 3014 et
3110 2957 3236 3024 ﬁne,
3281 2959 3515 3029 locoque
3579 2973 3703 3015 cor—

453 3058 644 3113 poreo,
699 3048 753 3096 et
792 3040 1302 3110 comprehensione.

521 3137 688 3207 Marg.
745 3151 851 3192 ms.
901 3134 1312 3203 Συλλογιμαῖα
1373 3136 1507 3204 περὶ
1558 3137 1664 3194 τοῦ
1715 3138 1896 3204 Θεοῦ,
1928 3140 2024 3194 καὶ

2206 3140 2542 3197 Collectanea
2564 3141 2626 3197 de
2654 3142 2760 3196 Deo
2781 3142 2945 3197 Patre
2960 3154 3006 3196 et
3036 3141 3178 3197 Filio
3201 3151 3251 3197 et
3270 3142 3476 3212 Spiritu
3493 3156 3701 3212 sancto;

448 3227 698 3295 Πατρός,
727 3226 827 3280 καί
865 3225 974 3280 τοῦ
1025 3222 1162 3279 Υἱοῦ
1192 3224 1290 3278 καὶ
1318 3225 1424 3280 τοῦ
1454 3226 1623 3295 ἁγίου
1655 3229 2020 3297 Πνεύματος.

446 3323 558 3377 Καὶ
585 3321 694 3375 τοῦ
725 3323 919 3390 Λόγου
963 3317 1064 3372 καὶ
1097 3318 1463 3387 Πνεύματος.
1501 3348 1572 3357 -
1607 3320 1910 3391 Ἀτρεπτον
1932 3317 2026 3374 οῦν

449 3415 729 3478 παντελῶς
765 3415 828 3467 τδ
865 3415 1040 3478 Θεῖον,
1073 3413 1170 3467 καὶ
1201 3411 1579 3466 ἀναλλοίωτον.
1612 3413 1797 3466 Πάντα
1817 3413 1926 3484 γὰρ
1957 3415 2024 3484 τῇ

449 3506 794 3578 προγνώσει,
827 3507 896 3560 τὰ
945 3506 1046 3560 οὐκ
1091 3505 1177 3574 ἐφ’
1227 3507 1360 3575 ἡμῖν
1413 3503 1742 3574 προώρισεν,
1793 3505 2025 3560 ἕκαστον

448 3600 590 3653 κατά
616 3600 707 3653 τὸν
744 3599 873 3654 ῐδιον
907 3598 1000 3652 καὶ
1035 3597 1316 3668 πρέποντα
1350 3597 1542 3668 καιρὸν
1573 3598 1663 3650 καὶ
1702 3597 1889 3652 τόπον.
1914 3599 2026 3652 Καὶ

445 3691 586 3744 κατὰ
627 3690 785 3743 τοῦτο
822 3690 874 3742 ’0
904 3688 1106 3757 Πατὴρ
1139 3687 1360 3741 οὐδένα
1392 3687 1600 3756 κρίνει,
1631 3685 1747 3754 τὴν
1777 3687 1846 3740 δὲ
1885 3689 2025 3755 κρί-

443 3797 546 3836 σιν
567 3781 774 3836 πᾶσαν
795 3780 1016 3834 δέδωκε
1073 3777 1152 3844 τῷ
1187 3777 1317 3842 Υἱῷ.
1346 3776 1570 3848 ’Έκρινε
1595 3777 1735 3846 γὰρ,
1767 3778 1795 3829 ὁ
1829 3777 2022 3848 Πατὴρ

439 3874 702 3945 δηλονότι,
716 3875 812 3929 καὶ
833 3875 860 3927 ό
876 3874 1024 3940 Υίδς,
1048 3874 1123 3935 ὡς
1143 3872 1296 3935 Θεὸς,
1315 3872 1410 3925 καὶ
1430 3871 1490 3924 τὸ
1509 3870 1736 3941 Πνεῦμα
1749 3870 1810 3923 τὸ
1831 3869 1983 3940 ἆγιον
2005 3886 2020 3903 ο

439 3966 602 4028 αὐτὸς
638 3966 695 4018 δὲ
743 3968 770 4019 ό
807 3965 961 4029 Υἱὸς,
1004 3965 1080 4026 ὼς
1130 3963 1418 4035 ἄνθρωπος
1472 3961 1802 4028 σωματικῶς
1854 3979 2020 4016 κατα-

439 4058 665 4127 ϐήσεται
689 4098 702 4121 ,
733 4058 827 4110 καὶ
866 4057 1137 4110 καθιεῖται
1183 4055 1277 4108 ἐπὶ
1316 4055 1506 4125 θρόνου
1541 4055 1698 4126 δόξης
1723 4071 1736 4084 ’
1766 4054 2018 4126 σώματος

437 4149 547 4220 γὰρ
577 4148 953 4220 περιγραπτοῦ
994 4151 1025 4220 ἡ
1058 4148 1381 4214 κατάὅασις,
1423 4149 1517 4201 καὶ
1552 4147 1584 4219 ἡ
1619 4147 1856 4220 καθέδρα
1877 4165 1888 4179 ·
1923 4151 2016 4202 καὶ

438 4241 613 4308 κρινεῖ
646 4240 827 4293 πᾶσαν
861 4240 962 4306 τὴν
1003 4239 1432 4310 οἰκουμένηντέν
1460 4239 1793 4312 δικαιοσύνῃ.

507 4415 690 4469 Πάντα
723 4415 916 4485 ἀπέχει
967 4414 1122 4480 Θεοῦ,
1157 4417 1218 4469 οὐ
1275 4418 1457 4487 τόπῳ,
1495 4417 1630 4470 ἀλλὰ
1670 4419 1848 4488 φύσει.
1886 4422 2008 4476 Ἐπὶ

443 4513 597 4581 ἡμῶν
629 4508 910 4578 φρόνησις,
951 4508 1046 4560 καὶ
1079 4508 1259 4576 σοφία,
1292 4511 1385 4562 καὶ
1422 4510 1603 4582 βουλὴ,
1627 4511 1703 4574 ὡς
1733 4511 1846 4576 ἕξις
1869 4532 2008 4584 συμ-

2128 3231 2290 3304 deque
2324 3233 2490 3288 Verbo
2523 3242 2572 3288 et
2605 3233 2830 3302 Spiritu.
2862 3233 3020 3290 Solus
3045 3232 3222 3289 Filius
3244 3243 3301 3287 ut
3313 3233 3702 3312 judicattirus;

2129 3334 2322 3379 wterna
2371 3343 2489 3380 cum
2540 3325 2704 3380 Patre
2746 3325 2916 3394 judea:
2950 3326 3431 3396 prwdestinatione.
3462 3327 3702 3386 —Deus

2128 3416 2294 3483 igitur
2320 3416 2542 3470 omnino
2573 3415 2931 3470 immutabilis
2960 3423 3014 3471 et
3052 3415 3397 3473 invariabilis
3427 3425 3531 3473 est.
3567 3418 3699 3476 Om-

2127 3507 2217 3560 nia
2238 3505 2404 3572 enim,
2430 3523 2553 3576 quae
2573 3507 2627 3560 in
2665 3507 2894 3561 arbitrio
2914 3522 2981 3561 ae
3011 3515 3282 3577 potestate
3309 3517 3494 3564 nostra
3520 3493 3699 3581 posita

2127 3612 2235 3651 non
2269 3603 2420 3660 sunt,
2451 3595 2797 3668 praesciondo
2824 3598 3115 3667 prmﬁnivit
3145 3615 3162 3667 ;
3196 3600 3411 3670 singula
3448 3602 3699 3660 videlicet

2127 3702 2225 3741 suo
2256 3697 2309 3742 et
2330 3687 2676 3742 convenienti
2707 3696 2950 3758 tempore
2972 3697 3025 3743 et
3052 3689 3171 3744 loco
3198 3687 3403 3747 futura.
3431 3689 3698 3758 Quocirca

2129 3776 2288 3831 Pater
2306 3795 2408 3832 non
2427 3779 2694 3848 judicabit
2735 3797 3049 3850 quemquam
3076 3799 3092 3848 ;
3115 3781 3221 3835 ssd‘
3243 3798 3394 3836 omne
3432 3783 3696 3852 judicium

2121 3872 2263 3927 dedit
2305 3871 2450 3928 Filio
2481 3871 2548 3926 ".
2579 3871 2856 3928 Judicavit
2891 3875 3162 3945 siquidem
3195 3874 3360 3934 Pater
3406 3887 3460 3934 et
3499 3877 3694 3945 Filius,

2122 3975 2184 4020 ut
2214 3964 2358 4020 Deus
2386 4004 2400 4029 ,
2449 3979 2666 4020 necnon
2692 3965 2930 4037 Spiritus
2960 3975 3188 4024 sanctus
3220 3985 3235 4036 ;
3273 3977 3328 4023 at
3361 3968 3535 4026 Filius
3580 3972 3698 4043 ipse

2119 4057 2483 4128 cerporaliter
2507 4065 2565 4112 ut
2596 4057 2760 4112 homo
2787 4058 3104 4126 descendet,
3137 4060 3304 4131 inque
3348 4061 3486 4118 sede
3525 4063 3696 4133 maje-

2119 4149 2277 4204 statis
2305 4147 2514 4204 sedebit
2538 4147 2877 4218 (descensus
2897 4148 3042 4204 enim
3072 4159 3231 4220 atque
3257 4151 3428 4206 sessio
3450 4153 3695 4221 corporis

2117 4241 2528 4312 circumscripti
2561 4249 2690 4296 sunt
2711 4240 2798 4311 )et
2827 4242 3148 4296 universum
3177 4240 3364 4295 orbem
3392 4241 3446 4295 in
3472 4241 3691 4312 justitia

2113 4330 2404 4400 judicabit.

2189 4419 2386 4475 Omnia
2411 4435 2440 4473 a
2470 4421 2579 4475 Deo
2605 4421 2814 4474 distant
2840 4436 2854 4484 ;
2888 4435 2999 4474 non
3067 4421 3208 4487 loco,
3247 4421 3344 4477 sed
3387 4430 3607 4480 natura.
3636 4426 3693 4480 In

2121 4515 2280 4569 nobis
2316 4512 2626 4582 prudentia,
2653 4511 2947 4580 sapientia,
2981 4512 3302 4582 consilium,
3337 4523 3398 4569 ut
3448 4516 3690 4586 habitus,

434 4603 641 4662 ήαίνει,
670 4601 766 4652 καὶ
791 4600 1103 4671 ἀποχωρεῖ·
1140 4601 1199 4652 οὐ
1235 4601 1341 4670 μὴν
1385 4603 1476 4655 ἐπί
1513 4601 1651 4655 Θεοῦ
1675 4619 1689 4634 ·
1721 4605 1814 4656 ἐπὶ
1845 4605 2010 4658 αὑτοῦ

2128 4603 2390 4659 accedunt
2416 4610 2470 4656 et
2501 4601 2766 4656 recedunt
2795 4619 2808 4654 :
2837 4617 2947 4656 non
2974 4603 3103 4657 item
3131 4603 3183 4658 in
3213 4603 3325 4660 Deo
3357 4623 3370 4660 :
3397 4620 3520 4660 nam
3544 4606 3597 4661 in
3628 4624 3694 4664 eo

439 4695 548 4762 γὰρ
572 4691 723 4744 οὐδὲν
746 4690 954 4758 γίνεται
997 4691 1090 4744 καὶ
1133 4690 1450 4760 ἀπογίνεται
1472 4708 1484 4721 ο
1516 4691 1872 4756 ἀναλλοίωτος
1902 4695 2028 4780 γάρ]

441 4785 576 4846 ἐστι,
597 4783 691 4836 καὶ
717 4783 990 4854 ἄτρεπτος
1009 4799 1022 4813 ·
1045 4784 1141 4836 καὶ
1184 4783 1244 4835 οὑ
1277 4782 1382 4853 χρὴ
1420 4784 1764 4854 συμϐεϐηκὸς
1787 4785 1880 4837 ἐπὶ
1907 4787 2007 4840 αὺ-

442 4871 748 4944 τοῦλέγειν.
791 4873 866 4926 Τὸ
908 4877 1052 4943 γὰρ·
1089 4873 1294 4942 ἀγαθὸν
1332 4871 1630 4943 σύνδρομον
1661 4873 1775 4943 ἔχει
1813 4878 1877 4944 τῇ
1913 4876 2005 4926 οὐ·

499 5050 542 5081 ’⁸
580 5049 742 5123 Greg.
773 5050 907 5108 Naz.
945 5061 1086 5107 orat.
1119 5053 1210 5107 44.
1289 5053 1332 5083 ³⁷
1364 5050 1523 5109 Joan.
1562 5067 1616 5119 v,
1651 5052 1742 5108 2‘2.

2121 4693 2258 4748 nihil
2297 4694 2500 4747 accidit
2553 4702 2649 4747 aut
2681 4694 2889 4749 excidit
2923 4713 2937 4750 :
2981 4697 3181 4767 quippe
3211 4713 3334 4753 cum
3366 4701 3692 4757 mutationis

2115 4793 2169 4838 et
2208 4783 2543 4838 alterationis
2595 4798 2791 4854 expers
2829 4785 2920 4850 sit,
2989 4795 3150 4858 atque
3211 4790 3266 4844 in
3314 4805 3380 4846 eo
3437 4793 3692 4848 accidens

2124 4874 2342 4945 aliquod
2413 4873 2698 4929 admittere
2752 4877 2903 4932 nefas
2960 4878 3052 4933 sit.
3106 4879 3315 4938 Bonum
3376 4883 3553 4949 enim,
3599 4884 3690 4943 Dei

1720 5207 1950 5264 νΛΒΙίΕ
1991 5206 2374 5266 LECTIONES
2397 5208 2412 5218 “

498 5366 528 5395 ³
558 5358 708 5443 [ἴρειί
734 5365 1146 5443 (ιυὶηῳιεκκατὰ
1169 5366 1356 5443 ταμῦτὸ.
1436 5374 1465 5413 Υ
1487 5365 1587 5420 llic
1615 5366 1830 5443 variant
1863 5363 2202 5443 eodiee_s_._R.
2234 5366 2372 5443 5579
2395 5371 2449 5443 εί
2468 5369 2559 5422 καὶ
2583 5373 2744 5443 νοητῇ
2775 5371 2849 5434 ὡς
2879 5371 3211 5443 προείπομεν
3239 5370 3678 5443 καὶ-καταλήψει.

427 5428 492 5510 β.
560 5428 700 5510 292ίξ
751 5428 914 5510 νοητῆ
966 5436 1155 5510 ὥσπερ
1203 5438 1429 5506 εἴπομεν
1491 5435 1817 5506 καταλήψει.
1869 5437 1938 5510 μ.
1986 5435 2366 5510 λόιόίλνοητος
2409 5439 2605 5510 ὥσπερ
2657 5428 2886 5509 εἴπομεν
2922 5428 2934 5441 ’
2965 5428 3290 5509 καταλήψει.
3332 5439 3491 5494 Nulla
3550 5428 3682 5498 ἵετο

425 5501 617 5578 harum
687 5501 850 5559 lectio
904 5501 1080 5578 textui
1127 5501 1342 5578 nostro:
1394 5501 1793 5577 anteponenda.
1856 5505 2047 5578 ilnﬁll.
2113 5501 2267 5578 2925'
2308 5509 2505 5578 legitur
2569 5501 3061 5578 Eonsp'ei'mpev.

3182 5520 3203 5579 ἕ
3257 5509 3418 5563 Edita
3474 5514 3682 5579 ποσῶς,

423 5582 448 5651 ξ·
482 5569 634 5651 [Edita
667 5585 720 5628 et
757 5581 866 5629 tres
914 5575 1059 5651 Deg.
1113 5579 1181 5651 τδ
1200 5577 1275 5651 δέ.
1314 5575 1471 5651 Regii
1506 5569 1642 5651 item
1678 5586 1822 5639 octo,
1843 5576 1998 5651 Coll).
2031 5586 2082 5631 et
2111 5576 2310 5651 Noster
2332 5569 2391 5630 εἴ)
2427 5579 2651 5648 ἀγαθόν.
2689 5569 2851 5651 Vetus
2882 5569 3154 5648 inierpt'es
3185 5578 3374 5635 bonum
3397 5580 3555 5638 Deus.
3589 5569 3680 5638 Sic

421 5640 563 5697 infra
597 5643 646 5697 in
685 5661 876 5702 novem
913 5640 1116 5714 lleﬁiis,
1145 5646 1298 5702 Colb.
1331 5658 1383 5704 et
1401 5640 1467 5703 VS.
1505 5647 1608 5705 llil.
1644 5651 1700 5701 ἐν
1735 5649 1896 5700 πᾶσιν
1925 5649 2061 5711 ἐστι,
2099 5648 2301 5702 omissa
2340 5640 2608 5718 particula
2641 5647 2766 5716 γάρ.
