4116 6150
432 272 542 337 653

1628 286 1690 345 S.
1732 285 2054 345 JOANNIS
2095 286 2522 346 DAMASCENI

3571 287 3678 351 856

429 387 728 443 essentiam
752 387 1068 444 comitatur.
1093 387 1196 455 Qui
1226 388 1393 445 Deum
1437 405 1655 464 semper
1705 394 2005 457 desiderat,

2115 397 2226 466 σίᾳ.
2253 397 2312 450 Ὀ
2349 394 2631 466 ἐπιθυμῶν
2671 395 2757 448 ἀεὶ
2801 394 2893 447 τοῦ
2929 395 3086 459 Θεοῦ,
3119 390 3274 459 οὗτος
3320 396 3422 467 ὁρᾷ
3478 399 3668 452 αὐτόν’

429 479 520 533 hic
553 478 731 548 ipsum
765 479 949 534 videt:
985 480 1041 533 in
1077 481 1334 537 omnibus
1363 483 1508 538 enim
1565 483 1708 543 Deus
1751 495 1860 543 est.
1916 487 2000 543 Ab

429 583 500 624 eo
528 568 794 640 siquidem
849 569 944 638 qui
1001 578 1106 638 est,
1155 585 1218 627 ea
1275 588 1400 643 qua:
1453 583 1582 631 sunt
1642 564 1995 647 dependent:

425 676 530 716 nec
557 677 682 717 esse
709 661 913 726 aliquid
936 665 1134 732 possit,
1167 665 1313 734 quod
1344 681 1465 722 esse
1489 683 1598 723 non
1634 669 1828 724 habeat
1851 669 1907 724 in
1935 685 2002 726 eo

425 753 522 824 qui
567 760 673 825 est.
723 754 906 810 Rebus
952 755 1177 824 quidem
1226 759 1484 814 omnibus
1533 761 1808 818 immistus
1858 762 2002 818 Deus

422 856 525 912 εει,
552 853 611 898 ιιι
649 845 942 902 continens
979 856 1034 901 et
1079 861 1413 906 conservans
1443 861 1696 907 naturam
1727 875 1738 908 :
1777 863 1831 909 at
1857 854 2004 912 Deus

424 935 663 992 Verbum
706 953 879 994 sacrae
908 953 1023 993 suae
1061 939 1218 992 carni
1262 943 1635 1010 personaliter
1670 944 1880 1011 unitus,
1936 960 2002 1000 ac

422 1038 623 1090 nostrae
651 1040 858 1084 naturae
894 1031 1031 1085 citra
1065 1029 1441 1088 confusionem
1467 1034 1736 1090 atlmistus
1766 1043 1871 1090 est.

497 1120 651 1190 151
685 1119 856 1180 Nemo
882 1121 1031 1176 videt
1064 1119 1433 1188 Patrem,nisi
1462 1123 1636 1181 Filius
1669 1134 1725 1182 et
1753 1125 1994 1196 Spiritus

423 1222 648 1269 sanctus
676 1213 745 1267 ⁸⁸.

495 1303 677 1360 Patris
702 1303 1001 1360 consilium
1037 1311 1092 1358 et
1123 1305 1400 1371 voluntas,
1433 1308 1703 1376 sapientia
1737 1316 1790 1364 et
1816 1309 1997 1364 virtus

421 1405 508 1451 est
537 1395 732 1451 Filius.
757 1393 874 1450 Non
915 1395 1062 1452 enim
1089 1397 1418 1467 qualitatem
1456 1397 1565 1455 Deo
1593 1398 1675 1456 fas
1704 1409 1788 1456 est
1820 1402 1996 1456 ascri-

423 1486 590 1553 bere;
626 1502 696 1541 ne
726 1487 933 1557 alioqui
963 1489 1335 1559 compositum
1387 1505 1706 1548 asseramus
1743 1508 1812 1549 ex
1858 1493 1995 1549 sub-

425 1577 629 1632 stantia
651 1585 704 1632 et
729 1577 1022 1647 qualitate.

495 1666 670 1724 Filius
695 1684 760 1721 ex
788 1668 950 1726 Patre
974 1678 1082 1733 est,
1113 1679 1170 1728 et
1195 1680 1396 1727 cuncta
1416 1687 1539 1743 quae
1561 1673 1746 1742 habet,
1778 1677 1846 1730 ab
1875 1677 1997 1747 ipso

425 1757 636 1812 habet:
691 1772 792 1814 nec
845 1760 1078 1830 proinde
1128 1776 1158 1815 a
1210 1777 1271 1818 se
1316 1738 1502 1832 potest
1551 1738 1854 1836 quidquam
1899 1738 1998 1822 lfa-
2028 1738 2070 1794 Β

423 1863 548 1902 cere
577 1849 644 1901 ”.
671 1848 860 1919 Neque
904 1852 1052 1908 enim
1097 1851 1420 1910 distinctam
1455 1870 1485 1910 a
1526 1854 1686 1912 Patre
1719 1859 1998 1928 operatio-

424 1952 548 1992 nem
576 1937 742 1995 habet
761 1941 829 1996 ³⁸.

493 2026 652 2092 Quod
685 2028 852 2094 Deus,
884 2031 978 2100 qui
1009 2038 1207 2085 natura
1237 2031 1541 2090 invisibilis
1590 2043 1696 2103 est,
1753 2051 1849 2108 per
1869 2053 2000 2110 ope-

426 2118 670 2176 rationes
695 2127 878 2176 tamen
911 2123 1152 2179 visibilis
1183 2124 1300 2190 ﬁat,
1329 2140 1396 2179 ex
1431 2127 1622 2184 mundi
1662 2131 1823 2186 nobis
1850 2142 2001 2187 stru-

425 2218 583 2266 ctura
609 2221 663 2268 et
697 2215 1093 2284 gubernatione
1113 2217 1329 2273 clarum
1362 2228 1450 2275 est
1475 2221 1541 2275 ³¹.

495 2300 679 2372 Imago
715 2305 892 2362 Patris
939 2315 1026 2362 est
1068 2306 1268 2375 Filius,
1320 2323 1384 2366 ac
1438 2311 1600 2377 Filii,
1651 2312 1891 2383 Spiritus
1918 2314 1999 2381 ³²;

427 2408 523 2462 per
552 2409 714 2462 quem
751 2395 844 2451 ille
879 2396 933 2452 in
964 2397 1189 2454 homine
1239 2400 1524 2468 habitans,
1573 2403 1640 2458 ad
1699 2405 1997 2478 imaginem

426 2483 520 2540 Dei
555 2501 678 2543 esse
703 2487 882 2544 eidem
919 2490 1167 2561 impertit
1195 2492 1261 2547 ³³.

496 2576 641 2634 Deus
672 2587 759 2634 est
801 2580 1045 2651 Spiritus
1088 2591 1338 2650 sanctus,
1382 2585 1534 2639 inter
1587 2585 1900 2656 ingenitum
1947 2597 2003 2643 et

426 2669 672 2738 genitum
702 2671 936 2737 medius,
961 2680 1018 2728 et
1049 2676 1143 2744 qui
1174 2690 1271 2746 per
1299 2675 1502 2730 Filium
1534 2675 1683 2731 Patri
1713 2681 2002 2734 connecti-

428 2769 537 2814 tur.
570 2759 815 2831 Spiritus
860 2761 955 2818 Dei
1001 2763 1226 2832 dicitur,
1276 2764 1521 2836 Spiritus
1570 2769 1801 2833 Christi,
1847 2787 2000 2826 meus

427 2849 663 2916 Christi,
699 2853 943 2922 Spiritus
989 2854 1230 2923 Domini,
1274 2857 1543 2915 Dominus
1580 2861 1720 2931 ipse,
1757 2861 2001 2932 Spiritus

429 2943 767 3013 adoptionis,
805 2947 1080 3012 veritatis,
1118 2949 1418 3017 libertatis,
1459 2954 1752 3023 sapientiae
1782 2955 2000 3024 (horum

2107 487 2165 539 ἐν
2205 487 2338 540 πᾶσι
2373 487 2481 556 γάρ
2526 488 2674 539 ἐστιν
2711 487 2740 538 6
2771 484 2931 548 Θεός·
2966 485 3061 539 τοῦ
3096 485 3204 556 γὰρ
3253 485 3405 550 ὄντος
3447 487 3677 559 ἐξῆπται

2103 577 2172 628 τὰ
2199 577 2328 630 ὄντα
2348 592 2360 604 ·
2392 578 2487 630 καὶ
2511 577 2610 630 οὐκ
2637 577 2782 631 ἐστιν
2811 574 2948 632 εἷναί
2979 594 3052 642 τι,
3083 579 3128 630 εί
3157 577 3231 648 μὴ
3270 579 3326 630 ὲν
3356 578 3434 647 τῷ
3471 580 3584 632 ὄντι
3619 583 3679 634 τὸ

2105 661 2244 720 εἶναι
2280 667 2422 737 ἔχει’
2457 668 2539 721 ὄτι
2557 670 2690 721 πᾶσι
2715 668 2812 738 μὲν
2847 667 3184 738 ἐγκέκραται
3207 668 3234 719 6
3262 667 3393 729 Θεὸς
3413 709 3426 732 ,
3447 667 3523 731 ὼς
3555 687 3662 722 συν-

2103 756 2243 827 έχων
2272 759 2368 830 τὴν
2389 759 2553 828 φύσιν
2571 777 2585 791 ·
2607 763 2672 832 τῇ
2699 761 2755 813 δὲ
2783 759 2916 831 ἁγίᾳ
2967 759 3135 814 αὐτοῦ
3171 762 3334 830 σαρκὶ
3359 761 3388 812 ό
3417 761 3550 825 Θεὸς
3575 765 3668 816 Λό-

2101 865 2195 917 γος
2226 850 2348 903 καθ’
2372 851 2670 905 ὑπόστασιν
2715 849 2924 923 ὴνώθη,
2965 851 3060 904 καὶ
3101 849 3412 921 κατεμίχθη
3441 852 3675 924 ἀσυγχύ-

2102 961 2209 1008 τως
2242 944 2380 1016 πρὸς
2405 944 2466 998 τὸ
2486 945 2775 1018 ἡμέτερον.

2171 1147 2360 1212 Οὐδεὶς
2410 1150 2512 1219 ὁρᾷ
2562 1148 2654 1202 τὸν
2705 1149 2946 1218 Πατέρα,
2993 1151 3041 1203 εί
3101 1149 3176 1220 μὴ
3213 1151 3242 1203 6
3299 1150 3430 1215 Υἱὸς
3483 1151 3675 1205 καὶτὸ

2098 1239 2347 1308 Πνεῦμα.

2167 1330 2452 1400 Βούλησις,
2481 1331 2577 1384 καὶ
2625 1331 2808 1397 σοφία,
2835 1331 2928 1384 καὶ
2965 1331 3196 1401 δύναμις
3224 1333 3252 1385 6
3285 1331 3412 1395 Υίός
3439 1333 3553 1385 ὲστι
3575 1334 3670 1387 τοῦ

2097 1422 2334 1492 Πατρός.
2373 1423 2448 1476 Οὐ
2503 1422 2614 1492 γὰρ
2661 1422 2766 1492 χρὴ
2813 1422 2993 1490 λέγειν
3049 1423 3141 1476 ἐπὶ
3194 1422 3330 1476 Θεοῦ
3388 1426 3667 1494 ποιότητα,

2107 1510 2197 1564 ἵνα
2232 1509 2306 1581 μὴ
2341 1508 2595 1564 σύνθετον
2621 1509 2863 1580 εἴπωμεν
2896 1509 3056 1563 αὐτὸν
3085 1509 3145 1574 ἐξ
3179 1509 3368 1574 οὐσίας
3400 1512 3494 1566 καὶ
3521 1513 3670 1565 ποιό-

2095 1617 2276 1672 τητος.

2182 1692 2241 1744 Ὀ
2271 1690 2400 1755 Υίὸς
2427 1692 2490 1743 ἐκ
2536 1690 2630 1743 τοῦ
2661 1690 2874 1762 Πατρός
2898 1691 3035 1756 ἐστι,
3066 1691 3160 1746 καὶ
3199 1692 3376 1747 πάντα
3407 1694 3506 1748 ὅσα
3533 1694 3669 1765 ἔχει,

2099 1783 2159 1850 ἐξ
2198 1783 2363 1836 αὐτοῦ
2402 1783 2550 1853 ἔχει’
2575 1781 2657 1835 διδ
2694 1781 2816 1834 οὐδὲ
2860 1782 3081 1838 δύναται
3135 1787 3309 1837 ποιεῖν
3356 1785 3450 1852 ἀφ’
3475 1786 3669 1839 ἑαυτοῦ

2099 1875 2272 1930 οὐδέν.
2303 1864 2378 1928 Οὐ
2422 1876 2530 1946 γὰρ
2573 1874 2687 1945 ἔχει
2732 1873 3039 1938 ἰδιάζουσαν
3085 1875 3366 1946 ἐνέργειαν
3406 1877 3558 1947 παρὰ
3580 1876 3671 1930 τὸν

2099 1966 2340 2036 Πατέρα.

2173 2057 2298 2109 Ὅτι
2347 2057 2406 2110 δὲ
2460 2057 2619 2126 φύσει
2671 2056 2901 2126 ἀόρατος
2935 2055 3010 2110 ὢν
3055 2060 3084 2112 ό
3115 2057 3246 2121 Θεὸς
3275 2097 3290 2122 ,
3317 2057 3510 2130 ὁρατὸς
3553 2059 3669 2122 ταῖς

2102 2147 2401 2217 ἐνεργείαις
2435 2148 2663 2216 γίνεται,
2698 2149 2761 2200 ὲκ
2793 2147 2892 2217 τῆς
2941 2148 3033 2202 τοῦ
3094 2149 3301 2220 κόσμου
3360 2149 3665 2214 συστάσεως

2103 2241 2196 2294 καὶ
2225 2239 2612 2310 κυϐερνήσεως
2648 2240 3009 2309 γινώσκομεν.

2171 2327 2351 2382 Είκὼν
2379 2327 2473 2381 τοῦ
2510 2329 2721 2398 Πατρὸς
2752 2329 2864 2398 (i0)
2899 2331 2927 2382 6
2976 2329 3136 2394 Υἱὸς,
3169 2331 3259 2384 καὶ
3304 2331 3397 2385 τοῦ
3426 2331 3576 2394 Υῐοῦ,
3602 2334 3668 2387 τδ

2102 2420 2348 2490 Πνεῦμα,
2375 2421 2440 2473 δι’
2477 2413 2538 2473 οὗ
2575 2421 2604 2473 6
2632 2421 2867 2490 Χριστὸς
2898 2421 3121 2476 ὲνοικῶν
3151 2421 3417 2493 ἀνθρώπῳ
3452 2425 3665 2478 δίδωσιν

2101 2510 2250 2580 αὐτῷ
2279 2511 2340 2564 τὸ
2369 2512 2487 2564 κατ’
2519 2512 2720 2566 εἰκόνα.

2173 2604 2326 2666 Θεὸς,
2361 2604 2422 2656 τὸ
2462 2603 2686 2674 Πνεῦμα
2717 2604 2830 2675 (41)
2868 2606 2929 2658 τὸ
2958 2607 3114 2674 ἆγιον
3135 2647 3149 2671 ,
3177 2609 3341 2677 μέσον
3373 2608 3465 2662 τοῦ
3511 2609 3671 2677 ἀγεν-

2103 2697 2263 2767 νήτου
2289 2697 2381 2749 καὶ
2413 2695 2505 2750 τοῦ
2541 2696 2824 2768 γεννητοῦ,
2857 2698 2950 2751 καὶ
2977 2699 3043 2751 δι’
3083 2699 3212 2752 Υίοῦ
3238 2699 3317 2769 τῷ
3347 2699 3522 2770 Πατρὶ
3551 2716 3671 2752 συν⁹

2102 2789 2410 2857 απτόμενον
2437 2806 2450 2819 ·
2480 2788 2707 2858 Πνεῦμα
2727 2788 2862 2842 Θεοῦ
2887 2789 3123 2858 λέγεται,
3157 2790 3383 2862 Πνεῦμα
3410 2790 3669 2862 Χριστοῦ,
3763 2817 3771 2824 ·

2103 2879 2225 2942 νοῦς
2251 2879 2514 2950 Χριστοῦ,
2543 2879 2768 2951 Πνεῦμα
2805 2883 3034 2951 Κυρίου,
3060 2882 3414 2953 Δύτοκῦριος,
3449 2882 3670 2954 Πνεῦμα

2103 2971 2392 3036 υἱοθεσίας,
2451 2971 2729 3043 ἀληθείας,
2770 2973 3079 3043 ἐλευθερίας
3107 3013 3121 3037 ,
3156 2975 3348 3042 σοφίας
3410 2974 3526 3044 (καὶ
3565 2976 3672 3045 γὰρ

428 3033 574 3086 enim
625 3035 873 3089 omnium
927 3035 1170 3093 etliciens
1217 3039 1344 3110 est),
1379 3043 1566 3096 omnia
1623 3044 1868 3097 essentia
1919 3059 2001 3098 re-

2108 3063 2386 3133 ποιητικὸν
2411 3065 2612 3117 τούτων
2660 3064 2933 3136 ἁπάντων)
2975 3083 2989 3096 ·
3021 3066 3198 3119 πάντα
3231 3069 3296 3137 τῇ
3343 3067 3498 3137 οὐσίᾳ
3537 3066 3672 3136 πλη-

429 3123 608 3192 plens,
649 3126 834 3180 omnia
878 3141 1216 3186 conservans
1252 3149 1264 3184 :
1303 3133 1568 3187 mundum
1618 3134 1853 3203 implens
1904 3151 2001 3205 per

428 3218 767 3286 essentiam;
799 3220 962 3291 cujus
995 3229 1178 3280 tamen
1212 3227 1511 3295 potentiam
1540 3226 1778 3283 mundus
1805 3242 2002 3299 capere

429 3323 539 3363 non
573 3311 770 3379 possit.

500 3397 650 3455 Deus
682 3406 766 3454 est
803 3411 1009 3457 aeterna
1047 3403 1366 3458 substantia
1407 3412 1462 3459 et
1503 3405 1999 3474 incommutabilis,

433 3507 616 3548 rerum
655 3495 918 3562 creatrix,
953 3496 1322 3568 religiosaque
1345 3498 1626 3553 adoranda
1653 3501 2000 3556 conscientia

433 3593 540 3640 est.
972 3635 980 3640 .

504 3675 652 3732 Deus
690 3686 746 3734 et
788 3678 948 3734 Pater
996 3682 1368 3751 sempiternus
1421 3692 1528 3749 est,
1581 3683 1897 3753 ingenitus;
1945 3696 2003 3740 ut

435 3769 530 3837 qui
561 3785 627 3824 ex
660 3771 813 3826 nullo
839 3771 1058 3842 genitus
1088 3773 1183 3838 sit,
1209 3772 1527 3845 Filiumque
1560 3776 1770 3848 pariter
1797 3779 2006 3848 sempi-

435 3871 653 3917 ternum
682 3865 960 3935 genuerit.
991 3865 1133 3923 Deus
1159 3869 1324 3923 etiam
1347 3867 1546 3936 Filius,
1566 3870 1660 3940 qui
1692 3886 1816 3925 cum
1843 3871 2006 3927 Patre

438 3968 656 4024 semper
712 3957 989 4013 exsistens
1033 3958 1154 4013 sine
1190 3967 1434 4029 tempore
1463 4003 1479 4027 ,
1529 3977 1595 4016 ac
1643 3963 2002 4032 sompiterne,

437 4048 646 4118 absque
695 4049 933 4104 ﬂexione
961 4057 1015 4104 et
1051 4049 1342 4119 passione,
1390 4058 1444 4104 et
1499 4051 1782 4108 individue
1827 4069 1896 4108 ex
1938 4069 2005 4109 eo

437 4141 651 4211 genitus
695 4143 790 4198 sit.
842 4141 988 4198 Deus
1040 4156 1262 4212 quoque
1297 4141 1559 4212 .Spiritus
1615 4152 1866 4210 sanctus,
1919 4146 2006 4201 vis

508 4345 553 4376 ’⁸
577 4343 734 4400 Joan.
769 4361 846 4406 vr,
895 4342 985 4398 46.
1093 4346 1137 4377 ’⁸
1163 4342 1320 4401 Joan.
1377 4362 1432 4410 v,
1463 4345 1552 4400 50.

440 4414 484 4446 ³³
507 4414 666 4486 Grcg.
698 4413 828 4470 Naz.
858 4423 1000 4471 orat.
1040 4414 1129 4476 57.

1650 4345 1695 4378 ³ο
1730 4342 1891 4415 Greg.
1935 4354 2075 4400 orat.
2097 4346 2185 4401 56.

2107 3156 2234 3226 ροῦν
2253 3196 2268 3221 ,
2297 3155 2474 3210 πάντα
2513 3156 2762 3226 συνέχον,
2794 3155 3135 3226 πληρωτικὸν
3169 3157 3372 3228 κόσμου
3402 3159 3543 3211 κατὰ
3573 3159 3672 3227 τὴν

2107 3247 2316 3312 οὐσίαν,
2352 3245 2638 3319 ἁχώρητον
2668 3247 2857 3320 κόσμῳ
2891 3247 3033 3301 κατὰ
3058 3248 3153 3318 τὴν
3182 3247 3427 3317 δύναμιν.

2174 3420 2305 3482 Θεός
2358 3421 2503 3472 ἐστιν
2551 3419 2720 3484 ἀΐδιος
2761 3420 2918 3473 οὐσία
2969 3419 3062 3471 καί⁵
3097 3417 3507 3490 ἀπαράλλακτος
3535 3459 3548 3481 ,
3579 3418 3668 3487 δη-

2109 3509 2406 3580 μιουργικὴ
2451 3509 2558 3562 τῶν
2591 3511 2780 3573 ὄντων,
2815 3510 3028 3563 εὐσεϐεῖ
3066 3509 3309 3581 λογισμῷ
3335 3526 3670 3581 προσκυνου-

2109 3603 2265 3671 μένη.

2181 3693 2314 3757 Θεὸς
2347 3695 2443 3747 κα)⁵
2479 3695 2688 3764 Πατὴρ,
2718 3696 2745 3748 6
2785 3694 2858 3747 ὢν
2904 3695 2990 3748 ἀεὶ
3031 3694 3326 3764 ἀγέννητος
3349 3733 3364 3757 ,
3398 3693 3473 3756 ὡς
3509 3692 3582 3764 μὴ
3608 3691 3671 3745 ἔκ

2111 3802 2254 3848 τινος
2283 3785 2563 3854 γεννηθεὶς
2585 3828 2599 3850 ,
2635 3787 2902 3855 γεννήσας
2927 3786 2983 3838 δὲ
3026 3787 3154 3840 Υἰὺν
3201 3785 3469 3839 συναῒδιον
3494 3803 3507 3816 ο
3541 3786 3673 3848 Θεός

2113 3877 2228 3926 ὲστι
2260 3873 2352 3926 καὶ
2398 3874 2426 3925 6
2469 3873 2615 3937 Υίὺς,
2649 3875 2676 3926 6
2713 3872 2787 3925 ὢν
2812 3875 2899 3925 ἀεὶ
2933 3874 3030 3926 σὺν
3057 3872 3136 3942 τῷ
3169 3873 3339 3944 Πατρὶ
3362 3915 3374 3938 ,
3409 3873 3669 3943 ἀχρόνως.

2114 3967 2208 4019 καὶ
2241 3965 2443 4027 ἁῐδίως,
2473 3965 2568 4017 καὶ
2590 3963 2906 4034 ἀρῤεύστως
2931 4004 2945 4024 ,
2974 3965 3067 4016 καὶ
3096 3963 3320 4026 ἀπαθῶς
3339 4005 3355 4029 ,
3390 3964 3482 4016 καὶ
3525 3964 3672 4016 ἀδια-

2114 4057 2324 4119 στὰτως
2351 4055 2410 4122 ὲξ
2438 4054 2603 4109 αὐτοῦ
2639 4055 3050 4124 γεγεννημένος.
3081 4054 3210 4116 Θεὸς
3238 4054 3331 4106 καὶ
3359 4055 3420 4105 τὸ
3454 4053 3672 4121 Πνεῦμα

2113 4149 2174 4202 τὸ
2199 4148 2352 4217 ἆγιὸν
2383 4149 2499 4201 ἐστι
2525 4185 2540 4213 ,
2568 4145 2796 4216 δύναμις
2833 4144 3128 4215 ἀγιαστικὴ
3147 4186 3164 4208 ,
3195 4144 3577 4209 ὲνυπόστατος,
3613 4146 3674 4197 ἐκ

2319 4347 2359 4378 ³¹
2390 4346 2521 4416 Sap.
2564 4361 2661 4411 xtl,
2704 4343 2758 4398 5.
2857 4345 2900 4376 ³³
2930 4343 3097 4397 Basil.
3126 4342 3222 4395 lib.
3253 4357 3283 4391 ν
3336 4339 3492 4394 Cant.
3538 4338 3672 4392 Eun.

1947 4540 2184 4596 NOTAE.

512 4707 622 4777 (i0)
655 4706 842 4777 Είίςὼςν
865 4707 969 4760 τοῦ
995 4706 1241 4773 Πατρός.
1283 4704 1466 4777 mago
1499 4704 1680 4758 Patris
1710 4714 1785 4756 est
1812 4700 2005 4777 Filius,

2119 4703 2353 4777 medias_.
2385 4712 2493 4777 etc.
2537 4703 2732 4758 Noster
2757 4704 2870 4777 “hic
2905 4703 3239 4777 Theologum
3270 4701 3670 4777 ascribit...un

439 4789 488 4831 et
522 4773 670 4827 ‘Fitii
720 4775 949 4836 Spiritus
984 4785 1218 4828 sanctus.
1250 4773 1505 4828 ldem'ait
1542 4784 1733 4828 auctor
1755 4813 1768 4834 ,
1804 4782 1945 4824 erat.
1979 4773 2013 4824 5

441 4847 520 4900 De
549 4843 887 4912 imagiuilgns,
912 4844 1070 4912 eique
1093 4846 1416 4910 prteiverant
1438 4845 1767 4897 Athanasius
1789 4843 1948 4910 epist.
1983 4842 2004 4893 1

441 4918 505 4970 ad
547 4914 762 4983 Serap;
784 4911 1146 4983 BasiliusJib.
1179 4931 1209 4966 v
1245 4914 1444 4966 Contra
1477 4913 2010 4983 Eunom.;_Cyrillus,

440 4987 572 5040 dial.
611 4985 662 5048 7,
685 4981 744 5037 et
789 4984 843 5035 in
880 4981 1149 5037 Thesauro
1175 5022 1188 5042 ,
1225 4993 1421 5037 assert.
1457 4984 1544 5036 55.
1585 4981 1739 5048 Quod
1779 4983 1823 5036 si
1873 4983 2014 5034 ratio

441 5055 663 5126 propria
687 5052 1231 5126 itnaginisnaturalis
1257 5063 1361 5114 est,
1381 5068 1438 5105 ut
1463 5051 1904 5126 tl_eriva_t_a___sit_ab
1920 5065 2010 5103 ar-

441 5117 695 5195 cliciypo,
713 5117 904 5191 quidni
934 5122 1170 5195 Spiritus
1204 5122 1532 5195 processerit
1555 5137 1617 5195 ex
1649 5121 1786 5195 Filio
1813 5121 1836 5172 Ἰ
1861 5117 2012 5184 Quo-

444 5190 586 5249 circa
606 5190 1069 5261 'Thanmaturgus
1093 5192 1146 5243 in
1182 5190 1522 5261 professione
1549 5191 1690 5251 lidei,
1720 5197 2006 5261 postquam

444 5264 581 5318 dixit
631 5263 894 5332 Spiritum
949 5258 1337 5332 sanctunrper
1381 5260 1579 5314 Filium
1629 5259 1908 5332 e/fulggre,
1942 5258 2010 5310 δι’

446 5332 575 5385 Υίοῦ
628 5327 882 5401 πὲφηνός,
917 5333 1092 5401 ipsum
1147 5330 1376 5401 subinde
1433 5332 1714 5398 imaginem
1756 5327 1886 5380 Filii
1915 5344 2010 5396 ap-

448 5402 628 5481 pellat,
656 5399 1208 5481 perfeclaiit'yerl'ecti.
1244 5399 1420 5481 Grmci
1454 5402 1672 5468 quidam
1724 5406 1846 5481 post
1878 5413 2010 5481 par.-

447 5466 688 5543 ίίᾲρίβιῐῆι
740 5466 992 5543 ἒπεφηνόὲ
1052 5466 1148 5543 litis
1208 5485 1368 5543 voces
1411 5466 2009 5543 illScrtlet'lltil_6q).a6i1

447 5540 559 5599 τοῖς
587 5538 909 5610 ανθρώποις,
947 5542 1177 5594 videlicet
1197 5541 1491 5593 hominibus
1516 5557 1532 5602 ;
1567 5538 2010 5608 quodglossema

453 5608 703 5676 spurium'
731 5625 849 5664 csse
880 5613 987 5664 alio
1018 5613 1070 5664 in
1107 5613 1226 5664 loco
1259 5613 1629 5676 ostendemus,

523 5673 632 5742 (41)
675 5679 812 5743 Θεὸς
841 5680 905 5732 τὸ
951 5680 1206 5749 Πνεῦμα.
1261 5679 1395 5734 Deus
1428 5690 1474 5734 et
1506 5673 1734 5747 Spiritus
1774 5684 2008 5750 sanctus,

2115 4785 2255 4827 orat.
2283 4775 2372 4833 55,
2418 4776 2684 4828 Αιιοιιιωυ
2717 4774 3007 4826 allirmanli
3050 4776 3253 4826 nullum
3285 4788 3405 4825 esse
3437 4771 3670 4823 medium

2117 4844 2258 4895 inter
2283 4845 2573 4912 ingenitum
2597 4854 2649 4896 et
2670 4845 2924 4913 genitum,
2967 4845 3166 4912 regerit
3214 4843 3446 4913 medium
3495 4841 3673 4913 locum

2115 4909 2363 4967 obtinere
2413 4915 2471 4966 τὸ
2521 4909 2846 4980 ὲκπορευτόν
2874 4955 2887 4973 ,
2920 4909 3202 4980 procedens
3241 4929 3259 4966 :
3288 4910 3484 4979 quippe
3529 4909 3674 4971 quod

2118 4983 2577 5057 ingenitum_n0n
2638 4994 2760 5046 est,
2801 4984 2916 5057 sive
2951 4984 3202 5057 principii
3255 4995 3462 5057 (Expers.
3502 4993 3678 5057 Ιὶθςιιιο

2112 5055 2378 5121 genitum.
2418 5055 2687 5107 Ctetcrum
2731 5049 2966 5106 ralioue'
2993 5049 3220 5118 originis
3251 5049 3428 5121 Filius
3464 5049 3678 5121 medius.

2115 5117 2198 5174 est
2235 5123 2376 5176 inter
2401 5122 2614 5177 Putrem
2653 5130 2705 5174 et
2746 5121 3028 5190 Spiritum.
3063 5117 3198 5175 Nam
3233 5120 3545 5190 Cra-corum
3577 5117 3680 5170 Pa-

2115 5201 2254 5243 trum
2289 5193 2554 5260 theologia
2585 5201 2688 5251 est,
2738 5187 2999 5260 Spiritum
3042 5200 3293 5260 sanctum
3322 5187 3495 5260 Patri_
3517 5204 3680 5260 cepu-

2112 5260 2210 5312 lari
2243 5278 2328 5329 per
2387 5255 2604 5325 Filium,
2655 5255 2792 5327 quia
2818 5261 3062 5329 procedit
3087 5276 3113 5312 a
3149 5259 3308 5312 Patre
3339 5274 3434 5326 per
3458 5255 3683 5329 Filium.

2116 5328 2364 5384 Subuliu
2405 5347 2620 5385 rursum
2659 5328 3098 5384 consideratione
3146 5329 3308 5381 Pater
3348 5328 3559 5381 medius
3601 5338 3684 5379 est

2112 5399 2253 5454 inter
2279 5399 2470 5454 Filium
2499 5410 2552 5455 et
2585 5400 2842 5467 Spiritum
2877 5411 3146 5463 sanctum,
3169 5414 3423 5466 quorum,
3452 5397 3683 5467 Nazian-

2116 5484 2250 5523 Zeno
2296 5480 2432 5524 teste
2461 5513 2474 5533 ,
2521 5466 2746 5531 ἓνωσις.
2794 5487 2956 5522 nexus
3005 5480 3054 5522 et
3102 5471 3291 5536 ευριιιιι
3342 5468 3433 5521 sit.
3485 5466 3686 5536 Ambo-

2113 5553 2231 5592 rum
2278 5541 2543 5610 siquidem
2597 5551 2785 5595 auctor
2815 5549 2867 5593 et
2898 5534 3226 5608 principium
3259 5546 3363 5602 est,
3393 5537 3482 5590 cui
3509 5534 3686 5593 coita.

2114 5617 2252 5662 ιὈΙΙῐ.
