4104 6148
498 243 605 305 859

1692 249 1754 309 S.
1794 250 2116 314 JOANNIS
2149 257 2580 331 DAMASCENI

3700 288 3842 354 880

500 354 743 425 Spiritus
776 354 906 410 item
933 364 1017 412 est
1054 355 1283 426 angelus
1314 356 1531 425 bonus;
1576 358 1809 429 spiritus
1835 363 2069 432 dzemon;

2178 370 2267 424 ὅτε
2301 376 2395 430 καὶ
2428 379 2551 443 νοῦς
2579 382 2798 456 πνεῦμα
2814 385 3061 458 λέγεταν
3084 392 3295 465 πνεῦμα
3355 396 3460 453 καὶ⁹
3492 397 3827 466 ὀᾶνεμος⁶

496 448 731 516 spiritus
758 448 945 503 anima
976 465 991 502 :
1020 463 1085 502 ac
1112 446 1391 505 interdum
1409 463 1565 505 mens
1590 465 1812 522 quoque
1843 453 2074 522 spiritus

498 547 753 593 vocatur.
783 536 1074 594 Postremo
1106 544 1163 593 et
1184 545 1385 596 ventus
1417 549 1472 595 et
1508 555 1622 606 aer,
1667 542 1900 612 spiritus
1933 560 2076 598 nun-

496 637 789 698 cupantur.

1118 766 1271 824 CAP.
1313 768 1451 825 XIV.

635 874 1027 948 Proprietates'
1063 899 1154 937 seu
1188 887 1452 942 attributa
1477 887 1671 946 divina:
1695 900 1926 949 natura.

566 996 906 1063 lnoreatum,
944 1003 1001 1052 et
1029 997 1153 1053 sine
1182 999 1485 1070 principio,
1515 1001 1852 1069 immortale,
1884 1004 2073 1060 inflni-

495 1095 636 1154 tum,
688 1096 979 1155 aeternum,
1031 1092 1263 1146 materia
1310 1107 1539 1159 vacans,
1580 1096 1812 1160 bonum,
1864 1098 2070 1168 opifex,

492 1180 731 1248 justum,
758 1180 1108 1251 illuminans,
1146 1183 1508 1250 immutabile,
1552 1187 1877 1256 impatibile,
1906 1189 2074 1245 incir-

493 1272 923 1342 cumscriptum,
983 1273 1531 1345 incomprehensum,
1565 1278 1932 1346 indeﬁnitum,
1987 1282 2074 1337 in-

492 1375 850 1431 corporeum,
913 1378 1026 1419 non
1079 1365 1401 1432 limitatum,
1472 1367 1775 1436 invisibile,
1828 1373 2071 1443 cogitatu

494 1450 719 1518 majus,.
743 1452 956 1516 nullius
995 1469 1186 1524 egens,
1213 1470 1426 1511 merum
1464 1457 1555 1525 ius
1591 1462 1677 1514 sui
1729 1469 1784 1517 et
1836 1461 2071 1518 liberum

493 1538 811 1604 arbitrium,
851 1541 1101 1596 omnium
1156 1544 1471 1611 dominans,
1528 1547 1843 1618 viviﬁcaris,
1889 1553 2071 1607 omni-

495 1636 715 1697 potens,
747 1618 978 1686 inliuitie
1011 1634 1292 1702 potentiae,
1326 1636 1700 1705 sanctiﬁcare,
1726 1654 1792 1696 ac
1825 1656 2074 1698 commu-

2181 467 2399 539 πνεῦμα
2433 472 2526 526 καὶ
2543 474 2571 528 ό
2593 475 2721 547 ᾁήρ.

2776 791 3023 848 ΚΕΦΑΛ.
3057 790 3153 847 IA'.

2517 900 2593 955 Τὰ
2631 899 2913 972 ἰδιώματα
2964 904 3128 970 θείας
3172 904 3438 973 φύσεως.

2249 1007 2321 1060 Tb
2342 1007 2694 1075 ἄκτιστον,τὸ
2726 1012 2977 1083 ἄναρχον,
2993 1014 3055 1068 rb
3084 1013 3375 1081 ἀθάνατον,
3394 1016 3498 1071 καὶ
3527 1018 3809 1090 ἀπέραν-

2176 1114 2268 1152 τον
2292 1140 2307 1165 ,
2340 1102 2435 1154 καὶ
2486 1102 2740 1163 αἰώνιον,
2763 1105 2825 1159 τὸ
2851 1104 2879 1142 ά
2919 1104 3112 1171 ἄῦλον,
3157 1107 3220 1161 τὸ
3270 1107 3517 1177 ἀγαθὸν,
3554 1111 3622 1164 rb
3682 1110 3803 1183 61;.-

2180 1192 2522 1263 μιουργικὸν,
2546 1194 2607 1247 rb
2631 1194 2859 1262 δίκαιον,
2889 1196 2950 1250 rb
2983 1198 3335 1267 φωτιστικὺν.
3363 1199 3427 1252 rb
3460 1200 3793 1272 ἄτρεπτον,

2174 1280 2237 1334 rb
2268 1270 2575 1348 ἀπαθὲς,τδ
2600 1287 3034 1357 ἀπερίγραπτον,
3053 1288 3113 1341 rb
3139 1270 3792 1365 ἀχὼρητονηδήάπερι-

2175 1373 2408 1444 όριστον,
2438 1372 2500 1428 rb
2526 1377 2797 1447 ἀόριστον,
2826 1378 2886 1431 rb
2916 1379 3170 1449 ἀόρατον,
3203 1381 3265 1433 rb
3291 1382 3695 1453 άπερινόητον,
3716 1386 3791 1440 τὺ

2174 1465 2440 1532 ἀνενδεὲς,
2464 1466 2525 1519 rb
2561 1467 2896 1539 αὐτοκρατὲς
2928 1470 3021 1524 καὶ
3065 1470 3435 1537 αὐτεξούσιον,
3457 1472 3522 1525 rb
3558 1491 3788 1529 παντο-

2176 1556 2507 1627 κρατορικδν
2529 1596 2545 1623 ,
2584 1557 2646 1611 rb
2704 1558 3025 1622 ζωοδοτικὺν
3050 1599 3065 1625 ,
3097 1559 3159 1611 rb
3214 1559 3638 1631 παντοδύναμον
3660 1602 3679 1627 ,
3715 1562 3786 1617 τὸ

2176 1646 2607 1717 ἀπειροδύναμον
2629 1688 2644 1715 ,
2678 1647 2739 1700 rb
2770 1649 3089 1716 ἀγιαστικδν
3144 1649 3240 1702 καὶ
3287 1649 3675 1720 μεταδοτικδν,
3712 1651 3784 1706 rb

492 1716 683 1771 nicatu
748 1733 912 1786 esse,
985 1723 1172 1777 omnia
1234 1725 1524 1783 continere
1583 1735 1638 1783 et
1697 1744 2068 1801 conservare,

2175 1736 2451 1807 περιέχειν
2498 1737 2594 1790 καὶ
2643 1738 2889 1810 συνέχειν
2928 1738 2997 1794 τά
3048 1741 3364 1811 σύμπαντα,
3394 1743 3494 1795 καὶ
3530 1742 3775 1797 πάντων

490 1808 864 1882 omnibusque
896 1814 1207 1883 providere.
1254 1815 1383 1873 Haec
1411 1820 1597 1875 omnia
1628 1822 1833 1878 similia
1871 1834 2070 1897 suapte

489 1910 689 1958 natura
721 1905 908 1974 habet,
933 1923 1045 1963 non
1077 1910 1305 1967 aliunde
1329 1921 1589 1984 sumpta;
1617 1916 1715 1971 sed
1748 1917 1869 1989 ipsa
1899 1921 2069 1977 rebus

490 2011 519 2047 a
552 2011 613 2052 se
635 1999 878 2055 conditis
910 2016 1011 2071 pro
1040 2001 1314 2074 cujusque
1346 2007 1656 2076 capacitate
1679 2008 1886 2064 bonum
1908 2025 2072 2067 omne

490 2085 767 2157 impertit.

558 2176 931 2238 Personarum
979 2184 1036 2239 in
1075 2200 1138 2242 se
1183 2186 1425 2243 invicem
1478 2191 1698 2248 mansio
1731 2200 1787 2248 et
1832 2192 2072 2250 insessio

489 2268 775 2346 (hagenim
818 2272 1005 2328 divelli
1045 2286 1349 2347 nequeunt,
1384 2280 1442 2335 in
1474 2296 1533 2337 se
1556 2276 1797 2341 inviaem
1834 2286 2073 2342 circum-

497 2361 862 2419 insessiouem
893 2365 1247 2425 confusionis
1275 2378 1560 2443 expertem
1610 2383 1896 2433 servantes
1921 2395 1935 2445 ;
1958 2392 2073 2433 non

490 2461 549 2506 ut
599 2458 1004 2514 contrahantur
1049 2469 1104 2517 et
1157 2464 1624 2533 permisceantur,
1669 2470 1767 2525 sed
1819 2478 1879 2524 ut
1907 2470 2075 2525 simul

488 2547 847 2621 cohaereant);
880 2551 1052 2608 Filius
1088 2555 1236 2613 enim
1269 2556 1325 2611 in
1362 2556 1526 2614 Patre
1556 2566 1611 2614 et
1643 2558 1856 2631 Spiritu
1880 2569 2075 2619 sancto

486 2644 609 2693 cst:
642 2639 883 2710 Spiritus
918 2643 1053 2699 item
1105 2646 1160 2700 in
1200 2646 1363 2704 Patre
1408 2658 1463 2704 et
1507 2649 1651 2707 Filio
1693 2668 1800 2709 :ac
1833 2653 2075 2726 denique

2174 1831 2556 1902 προνοεῖσθαι·
2595 1830 2774 1884 πάντα
2816 1830 3027 1899 ταῦτα,
3056 1833 3152 1887 καὶ
3205 1832 3276 1886 τά
3319 1833 3549 1888 τοιαῦτα
3598 1838 3775 1905 φύσει

2173 1919 2306 1991 ἔχει,
2338 1920 2437 1972 οὐκ
2485 1919 2707 1975 ἄλλοθεν
2738 1921 3014 1992 εἰληφυῖα,
3053 1922 3170 1975 ἀλλ’
3212 1923 3351 1994 αὐτὴ
3387 1925 3768 1994 μεταδιδοῦσα

2174 2010 2374 2073 παντὸς
2426 2009 2631 2078 ἀγαθοῦ
2684 2012 2800 2074 τοῖς
2838 2011 3062 2075 οἰκείοις
3120 2013 3388 2084 ποιήμασι
3414 2053 3430 2079 ,
3456 2016 3603 2086 κατᾲ
3656 2017 3761 2089 τὴν

2174 2107 2405 2161 ἑκάστου
2445 2106 2703 2179 δεκτικὴν
2733 2105 2983 2177 δύναμιν.

2254 2200 2320 2254 Ἦ
2378 2203 2436 2255 ἐν
2493 2201 2742 2272 ἀλλήλοις
2781 2200 2890 2253 τῶν
2943 2200 3294 2255 ὑποστάσεων
3346 2203 3477 2272 μονή
3535 2217 3592 2254 τε
3642 2201 3751 2257 καὶ

2176 2294 2388 2363 ἵδρυσις
2417 2307 2432 2322 ·
2464 2292 2777 2345 ἀδιάστατοι
2814 2290 2922 2362 γὰρ
2980 2285 3141 2346 αὗται
3164 2333 3180 2356 ,
3217 2293 3314 2345 καὶ
3367 2291 3754 2363 ἀνεκφοίτητος

2175 2383 2420 2453 ἀλλήλων
2471 2381 2632 2445 είσὶν,
2662 2380 2968 2451 ἀσύγχυτον
3002 2380 3227 2451 ἔχουσαι
3255 2381 3353 2454 τὴν
3390 2382 3444 2434 ὲν
3481 2380 3757 2446 ἀλλήλαις

2178 2473 2584 2547 περιχὼρησιν’
2619 2475 2718 2544 οὐχ
2771 2475 2915 2528 ὥστε
2973 2472 3415 2543 συναλείφεσθαι,
3444 2472 3480 2542 ἦ
3527 2473 3763 2541 συγχεῖ-

2180 2564 2324 2627 σθαι,
2353 2562 2468 2619 ἀλλ’
2495 2561 2638 2616 ὥστε
2695 2560 2913 2632 ἔχεσθαι
2942 2561 3189 2632 ἀλλήλων
3210 2574 3223 2587 ’
3260 2561 3387 2624 Υἱὸς
3416 2562 3525 2632 γὰρ
3559 2562 3618 2614 ἐν
3648 2561 3768 2614 Πα-

2176 2656 2266 2727 rpl
2320 2655 2414 2708 καὶ
2448 2651 2753 2722 Πνεύματι’
2791 2652 2885 2705 xal
2914 2652 3139 2723 Πνεῦμα
3161 2652 3220 2705 ὲν
3251 2651 3433 2723 Πατρὶ
3461 2655 3559 2704 καὶ
3595 2650 3720 2721 Υἱῷ
3742 2668 3759 2683 ο

484 2726 650 2785 Pater
692 2730 749 2785 in
800 2730 940 2789 Filio
983 2744 1040 2791 et
1091 2735 1301 2808 Spiritu
1348 2748 1546 2796 sancto
1585 2758 1601 2797 :
1651 2743 1734 2799 sic
1782 2751 1971 2801 tamen
2017 2752 2069 2801 ut

2180 2726 2275 2799 καὶ
2324 2743 2512 2815 Πατὴρ
2560 2744 2622 2796 ὲν
2666 2742 2782 2813 Υἱῷ
2815 2743 2912 2797 καὶ
2948 2742 3253 2814 Πνεύματι,
3283 2743 3562 2815 μηδεμιᾶς
3608 2759 3766 2812 γινο-

484 2820 638 2874 nulla
684 2824 974 2893 permistio
1008 2827 1105 2894 sit,
1142 2836 1241 2883 aut
1266 2829 1528 2888 confusio
1559 2832 1626 2887 “.
1662 2831 1820 2891 Unus
1850 2835 1988 2892 item
2020 2847 2076 2894 et

2184 2838 2352 2910 μένης
2383 2833 2731 2904 συναλοιφῆς,
2755 2833 2789 2905 ἢ
2817 2834 3181 2905 συμφύρσεως
3207 2834 3240 2905 ἦ
3275 2834 3624 2905 συγχύσεως.
3653 2832 3770 2887 Καὶ

484 2911 629 2967 idem
660 2923 865 2972 motus.
899 2917 1015 2974 Una
1046 2919 1193 2976 enim
1224 2929 1281 2977 et
1303 2922 1494 2980 eadem
1518 2924 1683 2980 trium
1708 2941 2069 2997 personarum

2179 2931 2241 2986 rb
2264 2927 2324 2984 ἓν
2353 2928 2446 2983 καὶ
2469 2927 2664 2982 ταυτὸν
2698 2927 2796 2997 τῆς
2835 2927 3107 2997 κινήσεως
3126 2942 3141 2956 '
3172 2926 3231 2980 ἓν
3261 2925 3372 2997 γὰρ
3421 2926 3770 2996 ἐξαλμα,καὶ

483 3004 843 3075 prosultatio,
901 3024 1121 3080 unaque
1172 3012 1344 3069 motio
1383 3022 1510 3070 est:
1552 3017 1702 3086 quod
1750 3018 1975 3089 quidem
2011 3022 2069 3077 in

2185 3022 2283 3093 μία
2328 3020 2545 3088 κίνησις
2574 3017 2687 3072 τῶν
2724 3017 2893 3086 τριῶν
2940 3017 3331 3071 ὑποστάσεωνο
3363 3019 3506 3088 ὅπερ
3544 3017 3642 3071 ἐπὶ
3667 3017 3769 3087 τῆς

481 3104 672 3151 creata
703 3110 904 3155 natura
942 3103 1189 3175 perspici
1225 3107 1437 3177 nequit.

553 3207 673 3267 Huc
698 3214 915 3271 accedit
943 3216 1092 3288 quod
1127 3217 1316 3274 divina
1356 3221 1676 3279 coruscatio
1705 3230 1760 3279 et
1788 3224 2063 3295 operatio,

481 3318 604 3373 quae
632 3321 763 3374 una,
797 3309 1055 3380 simplex,
1087 3319 1142 3367 et
1174 3311 1416 3369 indivisa
1444 3322 1565 3381 est,
1612 3329 1738 3369 cum
1788 3332 1889 3385 pro
1932 3318 2067 3373 boni

481 3397 589 3450 alia
621 3397 801 3455 aliave
826 3403 1121 3458 rationein
1146 3404 1391 3460 dividuis
1416 3405 1568 3460 varia
1595 3405 1709 3471 ﬁat,
1730 3406 1806 3463 ‘ac
1841 3409 2068 3465 univer-

481 3488 560 3542 sis
598 3502 662 3543 ea
712 3505 835 3559 quae
883 3495 1161 3565 cujusque
1203 3495 1485 3565 propriam
1539 3506 1796 3552 naturam
1848 3501 2065 3556 consti-

480 3588 659 3644 tuunt,
725 3581 881 3653 153
947 3588 1385 3660 continentque,
1438 3588 1775 3654 distribuat,
1829 3590 2065 3661 simplex

478 3670 840 3729 nihilominus
873 3685 1117 3743 maneat,
1159 3679 1350 3750 sicque
1394 3680 1451 3734 in
1487 3681 1656 3737 rebus
1686 3681 1881 3738 divisis
1916 3683 2065 3737 mul-

478 3762 782 3830 tiplicetur,
815 3778 871 3819 ut
904 3768 1127 3824 interim
1158 3787 1221 3826 ea
1257 3773 1314 3826 in
1361 3788 1488 3843 qua:
1536 3773 1746 3829 divisio
1788 3776 1962 3842 cadit,
1994 3774 2065 3830 ad

479 3867 635 3906 suam
690 3855 1100 3924 simplicitatem
1143 3863 1369 3933 colligat
1404 3873 1460 3920 et
1497 3874 1789 3922 convertat
1824 3867 1891 3920 ³⁸.
1930 3865 2063 3921 Eam

473 3944 621 3997 enim
659 3946 845 3999 omnia
882 3958 1171 4019 appetunt,
1200 3954 1372 4023 inque
1394 3971 1457 4011 ea
1481 3959 1761 4013 exsistunt
1785 3977 1799 4027 ;
1830 3958 2066 4029 ipsaque

473 4037 737 4093 omnibus
778 4039 946 4095 rebus
981 4057 1084 4111 pro
1120 4043 1390 4115 cujusque
1437 4058 1636 4102 natura
1690 4065 1816 4106 esse
1847 4051 2063 4110 tribuit.

473 4127 602 4184 Haec
636 4145 763 4186 esse
803 4144 1127 4188 esreorum
1178 4151 1300 4201 qure
1360 4150 1514 4205 sunt,
1564 4141 1869 4195 viventium
1929 4143 2060 4212 vita,

474 4220 833 4276 rationalium
900 4224 1080 4290 ratio,
1157 4225 1589 4298 intelligentiam
1654 4230 2060 4303 intelligentia;

469 4323 595 4365 cum
630 4321 813 4368 tamen
872 4313 1017 4385 ipsa,
1063 4322 1119 4372 ct
1170 4332 1339 4387 supra
1389 4329 1652 4386 mentem,
1682 4327 1737 4376 et
1768 4336 1937 4392 supra
1970 4338 2062 4378 ra-

468 4404 713 4471 tionem,
775 4413 832 4461 et
888 4420 1058 4477 supra
1112 4407 1322 4475 vitam,
1392 4419 1449 4468 et
1519 4426 1691 4483 supra
1758 4413 2059 4470 essentiam
2093 4428 2144 4488 ι)

468 4495 730 4549 exsistat.

542 4582 739 4639 Omnia
769 4592 1056 4657 praesentia
1086 4592 1219 4648 Deo.
1254 4625 1324 4635 —
1353 4596 1507 4653 Adde
1553 4597 1700 4667 quod
1745 4598 1865 4654 sine
1904 4612 2058 4653 com-

468 4671 730 4731 mistione
773 4680 884 4732 ulla
932 4684 1121 4737 omnia
1161 4688 1461 4756 pervadat;
1499 4704 1627 4744 cum
1670 4696 1864 4744 contra
1920 4689 2059 4743 nihil

468 4776 588 4815 cam
618 4764 795 4831 possit
823 4774 1117 4834 penetrare
1146 4791 1158 4824 :
1193 4774 1441 4846 illudque
1472 4778 1603 4831 item
1634 4777 1783 4848 quod
1814 4777 2056 4847 simplici

468 4855 786 4924 cognitione
813 4860 1002 4914 omnia
1037 4875 1358 4934 cognoscat,
1389 4883 1455 4925 ac
1485 4868 1679 4924 divino
1720 4884 1846 4933 suo,
1876 4870 2053 4923 omni-

468 4948 685 5019 busque
731 4951 914 5008 modis
968 4956 1277 5026 perspicaci
1327 4966 1380 5013 et
1430 4962 1556 5016 sine
1603 4962 1833 5016 materia
1867 4961 2051 5025 oculo,

464 5039 880 5111 simplicissime
918 5052 1031 5099 tam
1082 5051 1403 5116 praesentia,
1457 5066 1624 5122 quam
1668 5052 1966 5122 praeterita,
1998 5059 2056 5106 et

463 5126 653 5184 futura
682 5132 839 5202 prius
877 5138 1231 5229 quam‘liant,
1263 5149 1598 5199 contueatur
1619 5142 1664 5174 “
1701 5161 1715 5197 :
1753 5151 1866 5196 tum
1889 5141 2055 5196 etiam

533 5318 583 5352 "'
630 5318 794 5395 Grcg.
826 5322 958 5379 Νη.
999 5332 1142 5381 orat.
1188 5328 1237 5394 1,
1276 5329 1344 5384 15
1370 5340 1445 5398 ,ει
1478 5330 1569 5387 40.
1645 5330 1690 5361 ³⁸
1721 5326 1946 5395 Dionys.
1995 5338 2069 5394 ca]

2175 5322 2184 5372 ἱ
2216 5320 2290 5375 De
2341 5321 2448 5378 div.
2481 5336 2623 5375 nam.

2173 3108 2402 3179 κτιστῆς
2428 3106 2641 3178 φύσεως
2667 3104 3010 3177 θεωρηθῆναι
3037 3104 3316 3161 ἀδύνατον.

2244 3223 2356 3277 Kal
2392 3223 2537 3293 ὅτιή
2579 3221 2702 3276 θεία
2747 3219 3015 3290 ἐλλαμψις
3052 3222 3146 3273 καὶ
3183 3220 3467 3289 ἐνέργεια,
3493 3220 3595 3290 μία
3620 3206 3769 3276 όῦσα

2173 3314 2267 3369 καὶ
2312 3314 2483 3384 ἁπλῆ,
2519 3312 2617 3366 xal
2648 3311 2884 3383 ἀμερὴς,
2918 3311 3013 3365 καὶ
3042 3309 3367 3379 ἀγαθοειδῶς
3396 3310 3458 3361 ἐν
3498 3312 3618 3372 τοῖς
3655 3327 3764 3380 με-

2175 3407 2380 3476 ριστοϊς
2416 3403 2804 3474 ποικιλλομένη
2845 3403 2938 3457 καὶ
2978 3405 3092 3467 τοῖς
3119 3403 3252 3456 πᾶσι
3302 3399 3375 3454 τὰ
3415 3400 3519 3472 τῆς
3547 3399 3768 3467 οἰκείας

2175 3496 2389 3567 φύσεως
2446 3495 2749 3551 συστατικὰ
2780 3493 3040 3564 νέμουσα,
3083 3494 3236 3564 μένει
3281 3492 3458 3565 ἁπλῆ·
3486 3492 3768 3563 πληθυνθ-

2178 3587 2317 3659 μένη
2349 3589 2448 3658 μὲν
2498 3588 2557 3641 ὲν
2584 3588 2698 3650 τοῖς
2743 3584 3399 3658 μεριστοίς,ἀμερίστως,
3434 3586 3535 3638 καὶ
3570 3584 3643 3638 τὰ
3674 3601 3769 3655 με·

2175 3680 2335 3750 ριστά
2395 3679 2533 3750 πρὸς
2583 3676 2683 3751 τὴν
2737 3678 2936 3749 ἑαυτῆς
2987 3676 3272 3746 ἁπλότητα
3320 3677 3642 3746 συνάγουσα
3675 3676 3769 3730 καὶ

2172 3772 2597 3843 ἐπιστρέφουσα.
2627 3771 2813 3825 Πάντα
2832 3770 2940 3843 γὰρ
2962 3770 3130 3840 αὐτῆς
3152 3770 3395 3837 ἐφίεται,
3422 3770 3520 3823 καὶ
3541 3772 3600 3823 ὲν
3631 3770 3768 3841 αὐτῇ

2174 3862 2290 3934 ἔχει
2344 3863 2446 3933 τὴν
2479 3860 2737 3933 ὕπαρξιν.
2774 3862 2884 3916 Kal
2928 3860 3069 3930 αὐτὴ
3104 3858 3205 3928 μὲν
3232 3861 3355 3922 τοῖς
3394 3860 3536 3912 πᾶσι
3563 3857 3664 3912 τοῦ
3690 3854 3768 3910 εἷ-

2172 3971 2281 4019 ναι,
2317 3952 2501 4017 καθὼς
2531 3952 2645 4024 ἔχει
2669 3963 2693 3992 °
2725 3953 2939 4022 φύσεως
2970 3949 3298 4022 μεταδίδωσι
3322 3967 3336 3981 ⁸
3362 3950 3461 4005 καὶ
3482 3951 3626 4021 αὐτή
3653 3952 3771 4003 ἐστι

2170 4044 2280 4102 τῶν
2337 4044 2507 4099 ὄντων
2542 4045 2606 4098 rb
2648 4039 2810 4111 εἶναι,
2858 4043 2954 4097 καὶ
3003 4041 3114 4095 τῶν
3161 4039 3393 4104 ζώντων
3436 4043 3472 4110 ὴ
3512 4040 3652 4112 ζωὴ,
3677 4041 3771 4094 καὶ

2170 4139 2279 4192 τῶν
2305 4136 2540 4206 λογικῶς
2570 4135 2740 4191 ὅντων
2773 4138 2802 4189 ὁ
2838 4134 3014 4202 λόγος,
3054 4132 3152 4187 καὶ
3186 4131 3303 4185 τῶν
3356 4132 3570 4203 νοερῶς
3598 4132 3771 4185 ὄντων

2171 4232 2205 4301 ὴ
2228 4231 2431 4299 νόησις.
2461 4229 2607 4299 Αὐτὴ
2658 4226 2801 4297 ὑπὲρ
2830 4224 2954 4280 νοῦν
2979 4221 3137 4289 οὖσα,
3165 4224 3263 4279 καὶ
3291 4224 3438 4294 ὑπὲρ
3469 4224 3656 4293 λόγον,
3673 4224 3771 4281 καὶ

2174 4322 2317 4391 ὑπὲρ
2342 4320 2511 4392 ζωὴν,
2545 4319 2640 4375 xal
2667 4318 2808 4389 ὑπὲρ
2836 4316 3044 4372 οὐσίαν.

2241 4586 2365 4638 Ἔτι
2409 4584 2468 4638 δὲ
2514 4583 2609 4637 καὶ
2649 4582 2710 4637 rb
2749 4583 2839 4637 διὰ
2873 4581 3090 4636 πάντων
3131 4580 3351 4652 διήκειν
3398 4580 3612 4651 ἀμιγῶς
3637 4618 3650 4641 ,
3683 4574 3756 4630 δι’

2167 4677 2340 4747 αὐτῆς
2370 4677 2428 4730 δὲ
2454 4677 2633 4732 οὐδέν.
2672 4677 2796 4731 Ἔτι
2826 4677 2922 4730 καὶ
2952 4675 3013 4728 rb
3036 4674 3183 4746 ἁπλῇ
3226 4674 3429 4743 γνώσει
3454 4669 3751 4738 γινώσκειν

2165 4769 2233 4824 τὰ
2264 4769 2460 4822 πάντα.
2498 4768 2609 4822 Kal
2644 4768 2821 4822 πάντα
2866 4768 2943 4838 τῷ
2971 4766 3101 4836 θείῳ
3123 4807 3138 4831 ,
3195 4766 3292 4818 καὶ
3322 4761 3757 4831 παντεποπτικῷ

2162 4869 2254 4922 καὶ
2285 4868 2435 4939 ἀΰλῳ
2461 4867 2634 4937 αὐτῆς
2677 4866 2888 4938 ὄμματι
2932 4864 3120 4928 ἁπλῶς
3158 4862 3427 4932 καθορᾷν,
3464 4857 3538 4910 τά
3567 4875 3633 4910 τε
3671 4858 3766 4910 ὲν-

2162 4960 2395 5025 εστῶτα,
2433 4960 2503 5013 τά
2525 4976 2584 5013 τε
2616 4958 3056 5029 παρεληλυθότα,
3082 4957 3174 5011 καὶ
3207 4954 3274 5007 τὰ
3306 4950 3588 5022 μέλλοντα
3625 4950 3773 5024 πρὶν

2164 5052 2433 5119 γενέσεως
2468 5051 2651 5105 αὐτῶν
2676 5065 2691 5080 ο
2721 5051 2782 5102 rb
2823 5049 3237 5120 ἀναμάρτητον,
3269 5043 3369 5096 καὶ
3409 5042 3479 5097 rb
3531 5044 3781 5114 ἀφιέναι

2164 5144 2462 5215 ἁμαρτίας,
2493 5143 2588 5197 καὶ
2629 5141 2859 5206 σώζειν·
2893 5142 2985 5196 καὶ
3016 5143 3094 5196 ὅτι
3128 5135 3313 5192 πάντα
3348 5136 3458 5207 μὲν
3486 5138 3600 5193 ὃσα
3627 5137 3787 5194 θέλει

2719 5317 2905 5373 “Dan.
2947 5335 3047 5384 xu,
3080 5318 3171 5374 ιε.

1750 5479 1984 5537 VARUE
2024 5474 2430 5533 LECTIONES.

536 5595 560 5633 ιι
624 5596 679 5648 ln
743 5596 866 5652 cod.
950 5598 1009 5653 S.
1070 5597 1176 5655 nil.
1212 5616 1278 5657 ex
1343 5601 1733 5659 emendatione
1763 5598 2003 5667 additur,
2038 5596 2098 5650 rb
2120 5592 2345 5661 ἁπλοῦν,
2373 5592 2433 5645 τὸ
2459 5592 2775 5648 ἀσύνθετον.

470 5656 672 5722 ἔχουσι.

2874 5603 2898 5632 ο
2931 5590 2999 5646 R.
3031 5589 3211 5658 2927;
3266 5590 3328 5647 in
3397 5596 3677 5663 margine
3726 5604 3801 5667 ὡς
