4104 6148
350 302 451 367 8δί

1481 308 1578 366 DE
1612 308 1787 367 FIDE
1810 308 2267 373 ORTHODOXA
2301 316 2447 377 LIB.
2482 317 2562 379 II.

3475 322 3578 384 862

346 412 570 466 δύναται
596 426 611 441 ο
648 409 745 481 οὐχ
787 410 887 464 ὅσα
930 412 988 466 δὲ
1024 412 1245 466 δύναται
1270 453 1286 477 ,
1322 412 1487 468 θέλει.
1546 412 1774 466 Δύναται
1812 414 1884 482 γὰ

2023 418 2171 488 quod
2219 421 2429 477 nullum
2469 425 2525 478 in
2577 440 2702 481 eum
2756 435 3042 497 peccatum
3094 428 3273 494 cadat,
3328 430 3580 499 quodque

342 502 609 556 ἀπολέσαι
636 503 726 555 τὸν
757 502 962 574 κόσμον
986 522 1001 536 ·
1041 504 1101 557 οὐ
1129 505 1272 558 Θέλει
1299 504 1376 558 δέ.

2015 518 2243 578 peccata
2294 512 2555 570 dimittat.
2598 524 2653 572 et
2697 517 2932 572 salutem
2973 517 3207 573 afferat:
3243 532 3308 572 ac
3341 519 3578 586 denique

344 593 502 660 illud,
542 594 689 664 quod
723 596 901 666 possit
931 596 1203 667 quidquid
1229 598 1385 654 vult;
1417 612 1535 653 non
1562 603 1749 653 tamen
1778 597 1910 653 velit
1951 600 2220 671 quidquid
2252 613 2451 673 potest.
2481 605 2667 665 Potest
2692 609 2839 664 enim
2869 610 3135 665 mundum
3202 610 3461 682 perdere,
3521 615 3576 663 et

345 697 451 737 non
483 682 602 737 vult
631 682 697 740 ³⁷.

435 858 481 891 ³⁷
512 857 674 929 Greg.
705 862 846 913 orat.
911 856 1001 913 40.

362 1058 3501 1092 ._________....___.________.______________________________

1417 1228 1770 1316 LIBER
1864 1227 2501 1322 SECUNDUS.

847 1564 1098 1619 ΚΕΦΑΛ.
1132 1567 1190 1618 A'
1221 1564 1337 1636 [lE'
1355 1562 1398 1637 1.
1482 1608 1491 1619 ,

914 1655 1049 1722 Περί
1090 1654 1321 1722 αἰῶνος.

407 1745 577 1808 Αὐτὸς
606 1745 730 1808 τοὺς
762 1745 964 1808 αἰῶνας
990 1748 1267 1817 ἐποίησεν,
1301 1751 1330 1802 6
1369 1751 1627 1822 ὑπάρχων
1652 1750 1757 1820 πρὸ
1795 1749 1904 1803 τῶν

339 1834 580 1886 αἰώνων·
631 1833 768 1903 πρὸς
814 1835 873 1887 ὅν
903 1852 1066 1905 φησιν
1098 1836 1126 1888 6
1176 1835 1321 1900 θεῖος
1366 1839 1565 1892 Δαϐίδ·
1611 1839 1752 1893 Ἀπὸ
1797 1838 1904 1893 τοῦ

335 1924 583 1990 αἰῶνος,
629 1926 726 1978 καὶ
774 1925 884 1992 ἕως
921 1927 1026 1981 τοῦ
1063 1928 1280 1993 αἰῶνος
1318 1930 1398 1983 σὺ
1443 1928 1512 1984 εἴ.
1549 1932 1658 1983 Καὶ
1686 1930 1715 1982 6
1762 1930 1904 1995 θεῖος

348 2015 666 2079 Ἀπόστολος
689 2034 702 2048 ο
737 2018 817 2069 Δι’
849 2013 922 2074 οὗ
955 2018 1052 2071 καί
1086 2019 1228 2086 τοὺς
1252 2020 1471 2088 αἰῶνας
1492 2022 1759 2089 ἐποίησε.

402 2108 524 2178 Χρὴ
562 2095 741 2161 τοίνυν
789 2108 1114 2177 γινώσκειν,
1162 2112 1243 2165 ὅτι
1275 2112 1335 2165 τὸ
1365 2111 1460 2165 τοῦ
1508 2112 1703 2176 αἰῶνος
1733 2113 1903 2183 δνομα

334 2194 646 2266 πολύσημόν
675 2201 820 2251 ἐστι’
868 2201 1096 2256 πλεῖστα
1131 2202 1241 2273 γὰρ
1293 2204 1570 2275 σημαίνει.
1605 2205 1749 2257 Αἰὼν
1795 2206 1902 2275 γὰρ

333 2285 551 2353 λέγεται
578 2289 670 2341 καί
697 2291 729 2358 ἡ
757 2289 989 2344 ἑκάστου
1019 2291 1127 2344 τῶν
1166 2294 1470 2364 ἀνθρώπων
1500 2297 1635 2367 ζωή.
1665 2298 1900 2365 Λέγεται

333 2379 493 2432 πάλιν
526 2379 660 2433 αἰὼν
686 2382 798 2452 (45)
825 2422 839 2445 ,
888 2384 984 2436 καὶ
1015 2386 1043 2436 6
1070 2384 1259 2454 χιλίων
1310 2388 1447 2439 ἐτῶν
1475 2389 1685 2459 χρόνος.
1731 2389 1901 2443 Πάλιν

332 2466 547 2536 λέγεται
585 2469 739 2535 αἰὼν,
771 2471 892 2535 ὅλος
921 2475 949 2526 6
983 2473 1172 2543 παρὼν
1212 2474 1325 2544 βίος
1348 2489 1361 2503 ·
1403 2477 1499 2529 καὶ
1533 2478 1667 2531 αἰὼν
1710 2480 1738 2532 6
1772 2478 1903 2549 μέλ-

332 2558 474 2623 λων,
519 2561 548 2613 6
595 2560 733 2630 μετὰ
776 2563 876 2634 τὴν
919 2564 1216 2620 ἀνάστασιν
1254 2567 1634 2639 ἀτελεύτητος.
1666 2570 1899 2639 Λέγεται

332 2650 494 2706 πάλιν
522 2653 676 2717 αἰὼν,
715 2655 775 2707 οὐ
803 2655 1012 2726 χρόνος,
1036 2657 1157 2710 οὐδὲ
1199 2659 1391 2731 χρόνου
1419 2677 1471 2713 τι
1503 2661 1676 2731 μέρος
1697 2700 1712 2723 ,
1747 2662 1899 2733 ήλίου

333 2743 474 2813 φορᾷ
503 2743 597 2796 καὶ
622 2743 809 2815 δρόμῳ
838 2746 1231 2817 μετρούμενον,
1263 2749 1431 2818 ἧγουν
1465 2750 1532 2802 δι’
1557 2750 1782 2823 ἡμερῶν
1807 2753 1900 2806 καὶ

334 2834 541 2887 νυκτῶν
577 2838 988 2906 συνιστάμενον,
1019 2838 1156 2893 ἀλλὰ
1195 2839 1256 2893 1:6
1293 2845 1898 2915 συμπαρεκτεινόμενον

331 2927 441 2987 τοῖς
479 2925 689 2991 ἀϊδίοις,
721 2922 830 2979 οἷόν
859 2945 911 2980 τι
937 2929 1186 2999 χρονικδν
1210 2931 1438 3003 κίνημα,
1471 2933 1566 2987 καί¹
1600 2933 1895 3005 διάστημα.

334 3016 512 3085 Ὅπερ
547 3016 657 3087 γὰρ
687 3019 801 3079 τοῖς
846 3017 951 3071 ὑπὸ
1001 3020 1191 3091 χρόνον
1236 3022 1264 3074 6
1312 3021 1539 3092 χρόνος,
1582 3021 1739 3076 τοῦτο
1790 3025 1902 3087 τοῖς

332 3108 525 3174 ἀϊδίοις
558 3110 706 3166 ἐστὶν
734 3109 889 3166 αἰών.

400 3373 666 3442 Δέγονται
714 3373 812 3444 μὲν
856 3369 949 3426 οὖν
985 3371 1127 3426 ἑπτὰ
1163 3372 1359 3436 αἰῶνες
1386 3372 1494 3443 (44)
1541 3371 1636 3426 τοῦ
1687 3373 1893 3436 κόσμου

330 3462 542 3527 τούτου,
594 3465 761 3533 ἤγουν
792 3464 899 3517 ἀπὸ
933 3465 1032 3534 τῆς
1074 3462 1307 3535 οὐρανοῦ
1354 3464 1447 3517 καὶ
1488 3463 1588 3533 γῆς
1639 3463 1891 3530 κτίσεως,

335 3554 496 3623 μέχρι
525 3553 627 3623 τῆς
664 3553 854 3624 κοινῆς
898 3554 1005 3608 τῶν
1045 3554 1344 3625 ἀνθρώπων
1373 3555 1680 3619 συντελείας
1712 3572 1771 3608 τε
1801 3556 1895 3609 καὶ

2673 1570 2823 1627 CAP.
2869 1582 2904 1624 I.

2498 1658 2576 1713 De
2594 1661 2793 1714 swculo
2823 1678 2914 1715 seu
2945 1677 3074 1717 tero.

2073 1746 2195 1817 lpse
2232 1749 2434 1803 saacula
2473 1749 2624 1815 fecit,
2674 1751 2768 1819 qui
2811 1763 2938 1806 ante
2970 1754 3174 1807 saecula
3202 1762 3321 1808 erat
3355 1771 3368 1809 :
3404 1770 3563 1825 quem

2003 1836 2230 1893 divinus
2283 1837 2459 1893 David
2513 1840 2599 1895 his
2648 1842 2833 1897 verbis
2882 1842 3081 1897 aﬁ‘atur
3127 1862 3140 1896 :
3185 1847 3228 1898 Α
3277 1848 3471 1900 swculo
3516 1857 3567 1902 et

2003 1945 2165 1999 usque
2197 1930 2250 1983 in
2296 1930 2549 1984 swculum
2597 1940 2652 1983 tu
2691 1948 2745 1985 es
2777 1932 2841 1985 ³⁸.
2882 1932 2958 1988 De
3009 1950 3119 2003 quo
3166 1936 3294 1991 item
3346 1937 3567 1993 divinus

2003 2018 2325 2088 Apostolus,
2347 2034 2439 2087 per
2467 2036 2617 2089 quem
2656 2020 2781 2089 [ecit
2805 2031 2853 2076 et
2880 2023 3158 2077 swcula”.

2076 2110 2215 2176 Quid
2237 2110 2508 2173 saeculum,
2532 2110 2728 2165 ercis
2759 2112 2923 2168 ἀιών.
2946 2143 3014 2154 -
3039 2113 3335 2168 Sciendum
3360 2114 3565 2186 itaque,

2002 2216 2201 2256 nomen
2242 2203 2449 2267 saeculi,
2488 2218 2583 2256 seu
2615 2203 2737 2266 aevi,
2770 2204 3148 2273 multipliciter
3177 2206 3349 2274 accipi
3378 2224 3390 2259 :
3417 2222 3566 2262 com-

2002 2291 2163 2363 plura
2205 2292 2352 2346 enim
2398 2291 2692 2360 signiﬁcat.
2727 2292 2861 2345 Nam
2918 2302 2972 2346 et
3016 2293 3254 2349 hominis
3319 2295 3565 2363 cujusvis

2002 2380 2113 2434 vita
2139 2380 2399 2435 saeculum
2439 2379 2661 2433 dicitur.
2693 2377 2963 2432 Saeculum
3001 2379 3152 2444 item,
3178 2387 3394 2448 tempus
3422 2380 3568 2436 mille

2002 2486 2269 2527 annorum
2300 2470 2609 2540 appellatur
2633 2468 2702 2523 ⁸ο.
2729 2470 2810 2524 Ad
2842 2470 2956 2525 haec
3000 2470 3263 2525 smculum
3309 2472 3565 2525 nomina-

2000 2568 2111 2626 tur,
2159 2568 2335 2616 totum
2372 2560 2671 2642 praesentis
2703 2561 2828 2615 vine
2870 2561 3233 2626 curriculum,
3276 2570 3329 2616 ct
3380 2561 3565 2616 futura

2003 2649 2094 2703 illa
2135 2664 2199 2703 ac
2240 2657 2361 2719 post
2424 2649 2891 2704 resurrectionem
2954 2649 3283 2705 immortalis
3335 2650 3445 2704 vita
3493 2651 3561 2706 “.

2001 2739 2146 2808 Quin
2194 2741 2452 2796 saeculum
2498 2755 2721 2810 quoque
2769 2739 2993 2806 dicitur,
3032 2755 3143 2794 non
3186 2747 3427 2810 tempus,
3463 2755 3566 2796 nec

2003 2836 2265 2905 temporis
2314 2850 2444 2906 pars
2489 2834 2602 2889 ulla
2648 2833 2782 2889 solis
2833 2839 2985 2887 motu
3016 2847 3081 2888 ac
3120 2849 3287 2889 cursu
3320 2834 3561 2901 deﬁnita,

2000 2928 2114 2981 sive
2162 2943 2229 2980 ex
2279 2927 2492 2980 dierum
2545 2925 2901 2993 noctiumque
2953 2924 3096 2979 serie
3147 2923 3427 2978 conﬂata:
3468 2926 3562 2980 sed

1996 3016 2089 3069 ille
2116 3015 2264 3069 velut
2293 3014 2614 3085 temporalis
2638 3020 2841 3077 motus,
2876 3025 2940 3066 ac
2982 3013 3244 3081 spatium,
3274 3013 3421 3081 quod
3456 3027 3562 3067 una

1996 3121 2121 3159 cum
2180 3105 2248 3159 iis
2293 3118 2416 3175 qme
2462 3111 2667 3158 aiterna
2712 3110 2841 3158 sunt
2891 3102 3242 3173 protenditur
3290 3104 3355 3155 δ’.
3406 3102 3562 3167 Quod

1994 3195 2141 3250 enim
2197 3195 2265 3251 iis
2305 3210 2427 3264 qua:
2468 3194 2701 3264 tempori
2759 3193 3000 3249 subsunt
3042 3202 3255 3263 tempus
3302 3200 3409 3255 est,
3457 3192 3562 3246 hoc

1996 3286 2270 3356 perpetuis
2298 3294 2385 3341 est
2414 3285 2701 3340 saeculum.

2071 3372 2274 3443 Septem
2313 3377 2506 3429 swcula
2528 3376 2644 3429 vitae
2666 3373 2841 3442 hujus,
2887 3380 2936 3426 et
2975 3380 3214 3426 octavum
3256 3371 3469 3442 [πεπτω.
3492 3402 3561 3414 --

1998 3462 2116 3518 1am
2149 3480 2274 3518 vero
2300 3474 2504 3534 septem
2536 3463 2853 3534 hujusmodi
2890 3463 3089 3517 smcula
3132 3462 3424 3527 dicuntur;
3456 3462 3560 3518 hoc

1999 3565 2102 3621 est,
2125 3569 2155 3608 a
2180 3555 2305 3609 coeli
2334 3563 2603 3626 terraeque
2629 3554 2908 3610 creatione
2930 3568 3102 3624 usque
3126 3554 3193 3609 ad
3213 3567 3556 3609 communem

401 3724 445 3801 ’ξ
469 3725 855 3801 Ρεειερχκιη,
876 3727 982 3801 2.___
1010 3725 1257 3801 ’j‘liebr;
1276 3742 1315 3789 ι.
1343 3727 1395 3782 5.
1471 3727 1517 3759 ⁸⁸
1547 3726 1717 3783 Arist.
1753 3727 1843 3783 lib.
1875 3743 1889 3781 ι

1994 3745 1998 3774 τ
2028 3727 2177 3795 creto,
2212 3734 2346 3783 text.
2368 3729 2489 3785 lOO.
2566 3729 2607 3761 “
2629 3728 2819 3788 Matth.
2851 3747 2954 3801 xn,
2979 3731 3082 3800 52;
3119 3730 3253 3788 Luc.
3275 3746 3427 3797 xxix,
3457 3730 3549 3787 54.

328 3795 373 3827 ⁸⁸
399 3792 559 3867 Greg.
591 3794 722 3850 Naz.
751 3806 891 3851 orat.
915 3796 1003 3863 55,
1022 3797 1091 3852 58
1116 3807 1169 3854 et
1194 3795 1284 3849 42.

1847 3908 2078 3967 NOTAE.

378 3993 397 4061 (
418 4001 507 4067 45)
547 3998 787 4067 Λέγεται
819 4001 1005 4054 πάλιν
1033 3999 1196 4052 αἰών.
1223 3998 1364 4069 Quin
1388 3997 1660 4069 sarculum
1690 4014 1888 4069 quoque

325 4069 545 4138 dicitur,
597 4080 703 4122 etc.
757 4069 831 4121 Ita
872 4068 1180 4138 Gregorius
1231 4067 1542 4138 Theologus
1584 4069 1773 4124 multis
1805 4067 1885 4123 'in

328 4140 481 4192 locis.
514 4137 759 4192 Guustici
791 4136 1015 4190 αἰώνων
1032 4137 1251 4206 nomine
1278 4175 1293 4199 ,
1326 4138 1471 4205 quod
1502 4136 1764 4206 frequens
1802 4147 1887 4193 cst

329 4209 382 4259 in
414 4206 735 4275 Scripturis,
763 4206 1019 4275 quodque
1050 4205 1241 4259 Latine
1268 4207 1319 4259 in
1351 4205 1616 4261 εαξειιιιιηι
1632 4209 1885 4273 vertitur,

326 4277 558 4330 virtutes
588 4276 767 4329 varias
785 4292 845 4327 ex
871 4275 977 4329 Deo
1002 4276 1233 4330 emissas
1268 4277 1563 4343 signiﬁcari
1590 4276 1885 4342 ﬁnxerunt,

1994 4000 2175 4073 illam,
2211 4014 2332 4073 quae
2367 4000 2475 4055 ne
2514 4001 2781 4073 caritura
2807 4017 2914 4057 non
2963 4011 3084 4067 est,
3143 4018 3373 4073 quaeque
3440 4009 3552 4058 tota

1992 4070 2154 4154 simul
2187 4070 2401 4125 exsistit
2424 4111 2447 4154 τ’
2472 4070 2632 4139 cujus
2674 4072 2808 4152 nihil
2848 4081 3240 4134 consumatur,
3278 4070 3556 4154 nceptas-

1996 4147 2186 4200 tereat,
2217 4156 2391 4206 neque
2424 4141 2666 4194 futurum
2698 4141 2789 4201 sit.
2830 4157 2938 4196 non
2969 4158 3093 4197 esse
3117 4158 3179 4195 ex
3215 4151 3327 4196 toto
3352 4141 3546 4203 αἰῶνα,
3624 4202 3627 4205 _

1995 4208 2087 4263 sed
2115 4209 2233 4277 ejus
2273 4210 2524 4263 ellectunt
2555 4228 2567 4264 :
2604 4210 2731 4279 quia
2776 4210 2916 4265 Dens
2944 4212 3068 4279 ipse
3100 4211 3233 4263 αἰὼν
3262 4221 3365 4271 est,
3404 4212 3550 4279 ipsa-

1995 4285 2103 4331 met
2130 4279 2430 4341 mternitas,
2465 4281 2559 4332 xui.
2597 4280 2796 4341 αἰῶνας
2828 4278 2993 4332 ποιῶν
3028 4280 3381 4333 mtemitatum
3419 4278 3550 4344 e/Te-

326 4355 492 4426 atque
544 4344 746 4426 idcirco
783 4344 949 4426 licum
980 4345 1089 4426 dici
1141 4354 1271 4426 ante.
1299 4346 1515 4426 singula,
1564 4354 1803 4426 ex_stare,
1836 4356 1890 4401 et
1921 4370 1967 4426 υ
1994 4355 2151 4409 ctor;
2183 4348 2345 4426 _quia_
2377 4350 2539 4426 rebus
2577 4363 2708 4426 quae
2760 4348 3123 4413 intelligentia
3174 4347 3552 4416 percipiuntur

326 4417 377 4467 in
404 4413 605 4485 siccata,
634 4414 967 4485 singulorum.
1001 4415 1207 4485 Horum
1240 4414 1431 4468 deliria
1470 4425 1592 4485 post
1626 4414 1886 4469 Irenaeum

325 4483 635 4537 «ξιιιιΐυιονίι
701 4482 1079 4553 Theodoretus
1132 4484 1197 4553 in
1254 4482 1506 4553 Epitome
1575 4485 1888 4539 divinorum

324 4555 662 4622 dogniatum.
698 4551 843 4622 Λὶῲν
877 4552 1081 4606 Graecis
1129 4552 1271 4607 idem
1304 4551 1428 4617 est,
1462 4554 1608 4622 quod
1643 4570 1808 4607 arvum
1838 4562 1892 4607 et

324 4624 577 4677 swrulum
605 4621 816 4674 Latinis
850 4640 862 4675 :
895 4637 1004 4689 quo
1027 4637 1193 4676 sensu
1228 4622 1426 4675 dicitur
1458 4621 1600 4678 Deus
1623 4638 1748 4678 esse
1783 4622 1889 4691 πρὸ

323 4693 553 4755 αἰώνων,
578 4699 632 4745 et
658 4691 1001 4760 προαιὼνιος,
1032 4700 1151 4745 ante
1172 4707 1337 4744 rerum
1371 4708 1519 4746 omne
1544 4703 1592 4746 et
1613 4693 1886 4745 strculum.

325 4762 419 4815 Sin
456 4779 553 4830 pro
586 4760 893 4815 actm-nitate
926 4762 1248 4828 accipiatur,
1295 4761 1554 4815 deﬁnitur
1584 4777 1649 4815 ex
1680 4761 1885 4826 Boetio,

318 4831 729 4886 interminabilis
762 4832 881 4884 vita:
916 4838 1026 4884 tota
1061 4830 1222 4884 simul
1252 4839 1302 4883 et
1345 4831 1573 4898 perfecta
1605 4831 1885 4898 possessio.

322 4900 494 4965 Quam
527 4900 902 4956 deﬁnitionem
943 4901 1167 4965 agnovit
1199 4899 1375 4960 Philo,
1418 4901 1513 4954 lib.
1550 4900 1626 4953 De
1666 4899 1883 4965 mundo,

322 4970 520 5039 nbiait
553 4989 566 5025 :
609 4970 703 5039 Ἐν
743 4970 901 5022 αἰῶνι
954 4969 1076 5023 οὔτε
1115 4968 1488 5039 παρελήλυθεν
1531 4968 1720 5030 οὐδὲν,
1760 4966 1885 5039 οὔτε

327 5038 541 5106 μέλλει,
583 5038 721 5093 ἀλλὰ
766 5041 927 5109 μόνον
961 5037 1287 5109 ὑφέστηκεν.
1314 5037 1389 5092 ‘ln
1430 5040 1723 5095 aeternitate
1755 5037 1885 5109 niltil

324 5110 560 5176 transiit.
594 5125 686 5163 nec
714 5108 957 5176 futurum
994 5119 1093 5174 est,
1138 5108 1229 5161 sed
1253 5109 1583 5163 solummodo
1621 5108 1881 5161 consistit.

320 5174 557 5249 {oannes
589 5174 845 5249 Scyt‘hop.
870 5180 925 5233 in
959 5195 1082 5249 cap.
1113 5178 1147 5233 ὅ
1180 5176 1259 5249 De
1293 5179 1397 5232 div.
1425 5195 1565 5232 nom.
1604 5177 1884 5249 proprium

321 5243 416 5318 Dei
452 5260 574 5318 esse
612 5243 707 5318 ait,
743 5243 904 5318 ut_sit
932 5243 1067 5302 αἰὼν
1087 5288 1103 5312 ,
1130 5248 1258 5318 quia
1292 5264 1510 5316 semper
1537 5243 1743 5318 cstas}.
1767 5244 1842 5318 ῶν
1863 5260 1880 5276 ο

318 5313 770 5405 assereret?
802 5313 899 5405 ἦν’
927 5313 1164 5405 innuit;
1198 5318 1342 5405 μήτε
1374 5313 1527 5405 tim
1552 5314 1883 5405 aenae

324 5383 507 5452 μόνον,
543 5383 699 5434 τοῦτο
725 5383 895 5457 ἑστὼς
925 5383 1046 5457 ἔχον
1076 5389 1139 5441 τὸ
1171 5383 1326 5441 εἶναι.
1367 5387 1510 5440 Nam
1544 5386 1684 5457 quod
1721 5402 1883 5457 neque

318 5461 455 5513 erat,
495 5468 656 5521 neque
685 5454 803 5516 erit,
845 5455 933 5509 sed
964 5454 1324 5512 tantummodo
1352 5472 1449 5521 est,
1481 5454 1597 5520 hoc,
1637 5472 1754 5509 cum
1782 5456 1880 5509 ha-

319 5521 439 5574 beat
460 5537 574 5593 esse
609 5523 917 5593 consistens,
952 5524 1028 5577 ita
1050 5536 1105 5579 ut
1129 5543 1230 5581 non
1269 5537 1497 5581 mutetur
1528 5529 1580 5581 in
1620 5526 1878 5593 futurum,

318 5601 412 5662 aut
446 5589 792 5662 abireoquod
840 5601 988 5656 erat,
1020 5596 1071 5646 in
1102 5597 1153 5647 id
1184 5597 1322 5662 quod
1374 5606 1486 5662 est,
1526 5589 1683 5649 τοῦὲό
1732 5589 1879 5649 ἐστιν

318 5615 412 5646 aut
446 5615 510 5644 au
558 5615 619 5645 ευ
655 5615 792 5661 ιμιυιι
840 5615 988 5656 erat,
1020 5615 1071 5646 ιη
1102 5615 1152 5647 ta
1219 5615 1321 5650 υοα
1374 5615 1486 5662 εει,
1526 5615 1683 5649 τουτο
1732 5615 1875 5649 εστιν

315 5660 472 5731 αἰών,
508 5660 641 5716 iilud
670 5671 807 5715 certe
836 5671 937 5734 _est
976 5663 1144 5734 αἰών.
1184 5615 1274 5719 (Ex
1346 5681 1454 5737 quo
1504 5666 1666 5722 infert
1711 5667 1875 5721 vitam

1993 4415 2264 4478 concedit,
2294 4422 2352 4468 ut
2389 4418 2498 4470 sint
2525 4425 2758 4470 aeternae.

2065 4484 2177 4552 (44)
2217 4484 2502 4550 Λέγογται
2538 4485 2653 4551 μὲν·
2678 4481 2791 4538 οὖν
2813 4484 2961 4535 ἑπτὰ
2988 4483 3198 4549 αἰῶνες
3220 4501 3233 4515 ·
3269 4482 3395 4537 Jam
3433 4500 3549 4538 vero

1991 4561 2184 4623 septem
2221 4558 2416 4623 swcuta
2467 4555 2733 4606 dicuntur.
2782 4552 2880 4606 SS.
2926 4552 3112 4608 Patres
3152 4554 3396 4623 plerique
3437 4562 3549 4607 tra-

1992 4621 2131 4675 dunt
2157 4621 2472 4675 universum
2515 4624 2623 4691 hoc,
2671 4636 2761 4675 sex
2813 4636 3077 4675 annorum
3136 4621 3376 4677 millibus
3422 4638 3548 4691 per-

1992 4704 2349 4751 mansurum,
2398 4690 2852 4757 quemadmodum
2907 4691 3100 4745 diebus
3142 4708 3233 4745 sex
3266 4690 3546 4746 conditum

1994 4760 2131 4829 fuit}.
2185 4757 2467 4829 Scriptura
2515 4760 2731 4813 dicente
2778 4761 2912 4829 psal.
2970 4776 3175 4815 Lxxxtx
3228 4780 3241 4815 :
3282 4761 3545 4828 Quoniam

1990 4827 2135 4882 mille
2166 4828 2294 4881 anni
2322 4838 2442 4882 ante
2466 4829 2644 4881 oculos
2675 4827 2793 4883 tuos
2824 4831 2957 4883 sicut
2976 4830 3085 4883 dies
3109 4847 3235 4884 una.
3271 4827 3546 4886 Consimi—

1990 4899 2095 4951 lem
2130 4896 2478 4951 traditionem
2511 4896 2684 4952 Judaei
2720 4899 2917 4952 habent
2958 4900 3011 4953 in
3041 4898 3340 4955 Thalmude
3382 4910 3542 4955 tract.

1995 4967 2068 5036 De
2103 4966 2270 5021 avoda
2298 4981 2445 5019 χαι-α.
2476 4966 2732 5036 Basilius,
2764 4968 2857 5022 lib.
2891 4968 2966 5021 De
2989 4978 3176 5022 struet.
3221 4972 3370 5025 hom.
3402 4971 3456 5029 2.
3492 4981 3545 5023 et

1984 5026 2397 5100 Nazianzenus,
2422 5044 2564 5090 orat.
2605 5036 2695 5101 44,
2718 5026 3019 5106 ἐεριίιιιοιιι
3075 5040 3369 5094 crcationis
3397 5026 3545 5092 diem

1989 5107 2671 5177 aiuntconsummationis
2714 5106 2878 5177 hujus
2907 5110 3092 5177 saeculi
3128 5108 3353 5177 ﬁguram
3390 5122 3541 5177 esse.

1987 5173 2208 5240 Latini,
2247 5186 2306 5229 ut
2351 5175 2586 5230 Severus
2640 5173 2941 5243 Sulpitius,
2984 5173 3263 5239 Isidorus,
3293 5176 3543 5230 Julianus

1986 5243 2309 5317 Toletanus,
2365 5243 3166 5317 Romanumjiartyrologium,
3208 5245 3383 5317 etalii
3418 5244 3542 5317 qui-

1987 5313 2091 5369 bus
2138 5314 2283 5369 favet
2315 5315 2642 5370 Anastasius
2679 5314 2759 5378 ll,
2796 5313 3198 5378 Aittiochenus,
3242 5314 3334 5367 lib.
3374 5328 3448 5366 vn
3486 5314 3542 5365 in

1983 5384 2364 5447 Hexaemeron,
2385 5394 2627 5453 tempora
2661 5385 2848 5439 mundi
2883 5386 2936 5436 in
2970 5391 3175 5448 septem
3207 5392 3395 5435 anates
3433 5382 3543 5436 dis-

1985 5455 2319 5509 tribuerunt.
2383 5454 2688 5509 Germanus
2716 5454 2822 5507 CP.
2857 5453 3054 5506 saeculo
3092 5467 3198 5509 xu.
3241 5466 3306 5504 ex
3347 5460 3541 5505 aucto-

1984 5525 2149 5579 ritate
2177 5522 2483 5593 Hippolyti,
2514 5523 2702 5593 Cyrilli
2734 5531 2799 5593 et
2833 5519 3240 5593 _Chrysost_on_ni_,
3271 5520 3325 5572 in
3358 5522 3540 5590 Expo-

1983 5587 2715 5667 sitioneuli'turg'izeprobare
2746 5587 3370 5667 nititur‘Antichristqu
3419 5587 3541 5661 post

1981 5678 2079 5718 ses
2111 5664 2276 5717 millia
2301 5663 2709 5733 ct’quingentos
2737 5671 2909 5713 annos
2938 5663 3329 5726 appariturum.
