4104 6148
610 245 717 310 867

1819 249 1883 308 S.
1917 247 2239 311 JOANNIS
2267 250 2702 316 DAMASCENI

3835 252 3928 316 883

613 356 775 426 cujus
819 355 1052 419 formam
1093 351 1420 409 substantiae
1450 365 1514 407 ac
1543 350 1922 409 deﬁnitionem
1960 354 2194 411 Creator

2303 371 2516 413 σταται.
2559 359 2877 430 Ἀσὼματος
2901 359 2957 413 δὲ
2981 358 3219 430 λέγεται,
3247 360 3342 415 καὶ
3375 360 3574 424 ἇῦλος,
3620 357 3774 413 ὅσον
3799 361 3927 432 πρὸς

613 448 767 501 solus
800 445 976 499 novit.
1030 442 1189 508 Quod
1230 449 1418 497 autem
1468 456 1701 512 corpore
1737 458 1802 498 ac
1834 445 2069 500 materia
2099 458 2196 499 va-

613 553 744 593 care
772 534 994 597 dicitur,
1038 533 1145 587 hoc
1188 534 1365 588 nostri
1392 533 1607 587 ratione
1634 534 2058 605 intelligendum
2090 542 2196 591 est°

612 629 827 698 Alioqui
879 626 1026 681 enim
1081 625 1349 696 quidquid
1403 640 1529 681 cum
1584 625 1696 681 Deo
1736 625 2047 693 confertur,
2104 628 2197 698 qui

612 721 766 777 solus
793 718 927 773 nulli
961 720 1274 789 comparari
1314 724 1521 789 potest,
1552 732 1803 774 crassum
1836 726 1891 775 et
1916 720 2201 776 materiale

614 811 916 867 invenitur.
961 810 1090 865 Sola
1119 812 1325 882 quippe
1354 812 1543 867 divina
1566 820 1772 868 natura
1801 827 1933 870 vere
1964 813 2197 870 materia

610 910 666 958 et
702 916 937 973 corpore
965 908 1145 956 vacat.

680 992 911 1063 Angelus
940 994 1183 1047 libertate
1217 993 1431 1046 arbitrii
1477 992 1758 1061 praditus.
1790 1023 1863 1037 —
1892 992 1990 1049 Est
2031 995 2199 1066 igitur

609 1085 840 1154 angelus
867 1091 1065 1138 natura
1105 1083 1425 1146 rationalis,
1459 1082 1801 1153 intelligens,
1842 1084 2037 1149 libera,
2071 1100 2197 1141 ver-

607 1176 787 1230 tibilis
822 1174 1128 1231 secundum
1156 1175 1516 1243 sententiam,
1549 1175 1668 1232 sive
1696 1178 1987 1233 voluntate
2018 1185 2197 1233 muta-

608 1266 757 1322 bilis.
788 1265 1067 1335 Quidquid
1095 1266 1242 1321 enim
1279 1273 1521 1323 creatum
1555 1277 1661 1332 est,
1695 1270 1990 1324 mutationi
2017 1270 2196 1325 subsit

610 1370 840 1411 necesse
895 1363 1051 1410 est:
1118 1357 1297 1411 solum
1374 1362 1560 1412 autem
1640 1364 1798 1413 extra
1875 1361 2197 1417 mutationis

607 1448 783 1502 aleam
818 1448 953 1503 illud
1002 1455 1110 1513 est,
1166 1447 1313 1519 quod
1359 1448 1669 1505 increatum
1719 1458 1826 1506 est.
1870 1450 2195 1524 Rursusque

609 1537 664 1592 id
715 1554 879 1595 omne
926 1539 1074 1609 quod
1124 1541 1397 1596 rationale
1442 1552 1546 1607 est,
1604 1540 1817 1596 arbitrii
1854 1558 2076 1613 quoque
2128 1545 2195 1599 li-

607 1628 821 1685 bertate
868 1630 1156 1699 praeditum
1207 1638 1314 1685 est.
1368 1632 1616 1701 Angelus
1652 1631 1839 1701 itaque
1878 1640 1938 1685 ut
1986 1641 2192 1688 natura

2300 450 2489 519 ἡμᾶς·
2548 452 2659 505 πᾶν
2711 453 2820 524 γὰρ
2870 452 3300 523 συγκρινόμενον
3354 453 3502 525 πρὸς
3562 453 3766 518 Θεὸν,
3842 453 3923 508 τὸν

2304 540 2466 611 μόνον
2497 543 2858 617 ἀσύγκριτον,
2886 545 3033 615 παχύ
3072 563 3132 599 τε
3164 546 3259 599 καὶ
3297 546 3492 600 ὑλικὸν
3537 546 3918 617 εὑρίσκεται·

2303 630 2465 702 μόνον
2513 634 2623 705 γὰρ
2683 635 2852 701 ὅντως
2899 636 3063 691 ἀῡλον
3100 636 3163 690 τὸ
3210 637 3352 692 θεῖόν
3410 638 3535 691 ἐστι
3584 638 3727 691 ’καὶ
3786 638 3920 694 ἀσώ-

2304 738 2494 792 ματον.

2374 989 2529 1040 Ἔστι
2554 988 2733 1042 τοίνυν
2762 988 2926 1057 φύσις
2956 989 3173 1061 λογικὴ,
3204 990 3367 1061 νοερὰ
3389 1007 3475 1058 τε,
3505 991 3610 1046 καὶ
3644 993 3909 1059 αὐτεξού-

2299 1096 2435 1147 σιος,
2463 1080 2675 1152 τρεπτὴ
2703 1081 2844 1134 κατὰ
2878 1083 3128 1153 γνώμην,
3160 1083 3281 1154 ἦτοι
3321 1082 3761 1155 ἑθελότρεπτος.
3804 1089 3910 1142 Πᾶν

2297 1171 2409 1242 γὰρ
2454 1172 2672 1225 κτιστὸν
2696 1214 2710 1237 ,
2762 1172 2858 1225 καὶ
2890 1175 3125 1243 τρεπτόν
3157 1191 3171 1204 ·
3208 1176 3371 1246 μόνον
3413 1177 3474 1230 δὲ
3504 1177 3568 1231 τὸ
3618 1180 3907 1248 ἇκτιστον,

2296 1264 2590 1335 ἄτρεπτον.
2623 1266 2734 1319 Καὶ
2786 1267 2896 1320 πᾶν
2946 1266 3199 1335 λογικὸν,
3247 1268 3631 1334 αὐτεξούσιον.
3681 1272 3778 1336 Ὠς
3816 1275 3907 1343 μὲν

2295 1354 2388 1412 οὖν
2434 1357 2628 1429 λογικὴ
2680 1359 2775 1411 καὶ
2823 1358 2985 1430 νοερὰ
3012 1399 3027 1424 ,
3081 1361 3431 1427 αὐτεξούσιός
3477 1365 3637 1417 ἐστιν
3669 1381 3687 1394 ⁸
3743 1366 3826 1429 ὡς
3855 1365 3909 1418 δὲ

2297 1451 2518 1522 κτιστὴ,
2549 1451 2789 1524 τρεπτὴ,
2818 1451 3018 1521 ἔχουσα
3060 1451 3313 1519 ἐξουσίαν
3337 1494 3352 1519 ,
3382 1454 3478 1507 καὶ
3524 1457 3723 1526 μένειν
3746 1499 3765 1523 ,
3812 1456 3907 1509 καὶ

2297 1544 2633 1614 προκόπτειν
2665 1542 2725 1595 ὲν
2772 1541 2850 1612 τῷ
2890 1541 3118 1613 ἀγαθῷ,
3171 1544 3267 1596 καὶ
3313 1544 3409 1598 ἐπὶ
3455 1545 3519 1601 τὺ
3546 1549 3745 1619 χεῖρον
3776 1547 3904 1618 τρέ-

2297 1654 2364 1689 πε
2375 1635 2518 1689 σθαι.

605 1732 693 1779 est
748 1724 979 1779 rationis
1031 1724 1329 1795 particeps,
1384 1733 1441 1780 et
1494 1726 1849 1795 intelligens,
1890 1725 2050 1782 liberi
2100 1738 2188 1785 est
2226 1731 2481 1792 arbitrii;
2529 1735 2589 1783 ut
2624 1736 2847 1794 creata,
2878 1729 3162 1785 mutabilis
3227 1736 3336 1798 est,
3377 1732 3469 1786 cui
3521 1733 3765 1789 liberum
3819 1738 3893 1791 sit

604 1810 690 1866 vel
722 1825 945 1865 manere
975 1811 1029 1865 in
1073 1811 1239 1868 bono.
1270 1818 1323 1865 et
1367 1812 1421 1865 in
1454 1826 1520 1867 eo
1540 1812 1828 1883 prolicere,
1854 1814 1938 1868 vel
1972 1816 2027 1869 in
2069 1819 2275 1875 malum
2308 1819 2534 1875 inﬂecti.

675 1902 907 1971 Angelus
942 1903 1170 1971 incapaa:
1200 1904 1536 1973 paenitentiae.
1568 1932 1639 1943 --
1667 1904 2017 1961 Paenitentiae
2034 1923 2201 1977 porro
2233 1916 2277 1971 Β

606 2010 673 2050 ea
707 1995 923 2049 ratione
952 1994 1179 2049 minime
1216 2009 1391 2064 capax
1420 2003 1505 2050 est
1531 1994 1611 2062 ⁸³;
1648 1996 1810 2068 156
1844 1998 1974 2067 quia
2004 1999 2197 2054 incor-

606 2098 811 2152 poreus
856 2089 962 2138 est.
999 2080 1137 2136 Nam
1170 2083 1315 2152 quod
1362 2084 1532 2139 homo
1568 2086 1952 2154 paenitentiam
2004 2103 2200 2145 conse-

606 2183 775 2229 cutus
824 2174 920 2241 sit,
975 2173 1031 2229 id
1079 2176 1756 2246 corporis'imbecillitati
1804 2177 1973 2234 fuerit
2015 2181 2195 2237 ascri-

604 2265 872 2320 bendum.

660 2356 777 2413 'Dei
799 2374 1011 2414 munere
1032 2360 1355 2416 immortalis
1386 2368 1465 2416 est
1499 2360 1739 2432 angelus,
1766 2378 1872 2417 non
1899 2369 2192 2440 natura.—

606 2447 941 2506 lmmortalis
965 2460 1071 2519 est,
1104 2467 1216 2506 non
1258 2453 1484 2523 quidem
1542 2462 1762 2520 natura,
1796 2454 1891 2510 sed
1925 2454 2021 2509 Dei
2072 2440 2198 2509 mu-

606 2556 738 2598 nere
764 2551 820 2599 et
852 2544 1051 2614 gratia.
1081 2545 1361 2615 Quidquid
1392 2546 1541 2600 enim
1573 2553 1758 2600 ortum
1788 2546 2002 2613 habuit,
2030 2546 2194 2601 ﬁnem

607 2649 830 2704 quoque
858 2645 1054 2705 suapte
1084 2646 1280 2691 natura
1308 2636 1631 2694 habiturum
1659 2649 1764 2693 est.
1800 2638 1967 2693 Solus
2013 2638 2195 2710 siqui-

609 2724 733 2777 dem
768 2724 912 2779 Deus
941 2739 1158 2794 semper
1183 2728 1303 2792 est‘,
1332 2727 1444 2781 imo
1470 2734 1527 2781 et
1556 2728 1894 2795 sempiterno
1917 2728 2191 2798 superior.

604 2816 727 2870 Non
752 2817 898 2869 enim
934 2817 1047 2890 sub
1072 2824 1339 2887 tempore,
1374 2818 1472 2874 sed
1503 2834 1673 2889 supra
1713 2829 1929 2890 tempus
1968 2820 2190 2890 est,qui

605 2904 735 2961 fecit
761 2888 1049 2977 tempora:

677 2994 923 3050 Secunda
951 2996 1176 3051 lumina.
1206 3027 1277 3041 -—
1306 2997 1559 3054 Secunda
1593 3000 1803 3055 lumina
1839 3001 2177 3070 spiritualia,

604 3101 671 3141 ex
716 3087 982 3156 primaria
1018 3088 1115 3143 illa
1152 3088 1275 3145 luce
1309 3090 1607 3161 omnisque
1640 3091 1897 3161 principii
1946 3103 2190 3163 experte,

605 3178 955 3250 splendorem
1023 3179 1320 3249 habentia;
1374 3182 1580 3255 quibus
1632 3196 1735 3237 nec
1797 3184 1987 3256 lingua
2054 3199 2192 3256 opus

677 3316 725 3350 ⁴⁸
748 3317 967 3376 Nemes.
1000 3333 1053 3374 c.
1085 3319 1137 3373 l.

2385 1911 2761 1974 ’Λνεπίδεκτος
2810 1911 3106 1982 μετανοίας
3128 1912 3240 1983 (47)
3263 1955 3278 1977 ,
3317 1913 3402 1967 δτι
3442 1917 3538 1970 καὶ
3570 1919 3877 1990 ἀσώματος.

2311 2001 2369 2054 '0
2401 2000 2826 2071 ydpﬁvOpwm;
2862 2000 2951 2055 διὰ
3002 2001 3100 2073 τὴν
3151 2002 3245 2055 τοῦ
3282 2002 3537 2075 σώματος
3590 2008 3871 2062 ἀσθένειαν

2299 2090 2591 2163 μετανοίας
2619 2091 2834 2161 ἔτυχεν.

2376 2354 2691 2421 Ἀθάνατος,
2726 2353 2787 2408 οὐ
2819 2353 2980 2423 φύσει
3012 2353 3146 2425 (48),
3177 2355 3311 2411 ἀλλὰ
3332 2359 3502 2429 χάριτι
3526 2360 3573 2414 3.
3610 2359 3731 2414 Πᾶν
3754 2362 3878 2432 γὰρ

2293 2445 2353 2500 τὸ
2387 2444 2734 2516 ἀρξάμενον,
2788 2444 2884 2497 καὶ
2917 2443 3149 2515 τελευτᾷ
3186 2447 3327 2498 κατὰ
3363 2447 3546 2514 φύσιν.
3585 2450 3775 2513 Μόνος
3822 2452 3878 2505 δὲ

2292 2538 2321 2592 6
2347 2537 2478 2600 Θεὸς
2514 2536 2603 2590 ἀεὶ
2632 2533 2731 2601 ὣν,
2768 2534 2967 2605 μᾶλλον
2998 2535 3054 2589 δὲ
3083 2537 3181 2589 καὶ
3229 2537 3369 2608 ὑπὲρ
3394 2538 3455 2592 τδ
3481 2540 3569 2592 ἀεὶ
3592 2556 3607 2570 ο
3639 2541 3740 2611 οὐχ
3776 2542 3881 2594 ὑπὸ

2293 2632 2489 2703 χρόνον
2520 2630 2630 2700 γὰρ
2648 2667 2664 2696 ,
2692 2627 2806 2682 ἀλλ’
2842 2628 2984 2699 ὑπὲρ
3016 2630 3210 2700 χρόνον
3234 2671 3251 2697 ,
3281 2632 3311 2683 ό
3342 2630 3452 2685 τῶν
3484 2634 3696 2704 χρόνων
3725 2652 3880 2708 ποιη-

2297 2725 2397 2796 τής
2416 2723 2467 2782 h.

2363 2989 2523 3045 Φῶτα
2561 2984 2792 3055 δεύτερα
2822 2982 3009 3054 νοερὰ,
3041 2983 3107 3037 ὲκ
3138 2981 3231 3035 τοῦ
3264 2982 3488 3054 πρώτου
3513 2983 3616 3038 καὶ
3643 2984 3871 3056 ἀνάρχου

2297 3084 2515 3156 φωτὸς,
2572 3080 2666 3132 τὸν
2723 3076 3005 3146 φωτισμὸν
3063 3073 3293 3144 ἔχοντα·
3344 3076 3409 3128 οὐ
3470 3075 3732 3147 γλώσσης
3790 3076 3877 3129 καὶ

2299 3178 2470 3249 ἀκοῆς
2518 3175 2748 3245 δεόμενα
2773 3212 2788 3238 ,
2839 3169 2954 3225 ἀλλ’
3002 3170 3130 3224 ἄνευ
3183 3168 3346 3237 λόγου
3399 3170 3749 3242 προφορικοῦ
3775 3168 3878 3243 (49)

1874 3400 2116 3457 VARI/IS
2158 3396 2575 3455 LECTlONES.

681 3499 707 3539 ⁸
744 3499 810 3554 R.
835 3499 980 3555 2950
1007 3498 1149 3555 κατὰ
1179 3497 1363 3569 χάριν.
1439 3497 1469 3536 h
1508 3494 1567 3551 ln
1599 3493 1795 3550 eodem
1839 3496 1870 3548 6
1914 3495 2025 3549 τῶν
2073 3494 2282 3567 χρόνων
2327 3493 2581 3564 ποιητὴς,
2635 3492 2751 3546 ἀλλ’
2793 3493 2935 3606 ὑπὲρ
2959 3493 3171 3563 χρόνον.

2123 3609 2365 3666 ΝΟΤίΕ.

672 3704 792 3778 (47)
829 3710 1232 3775 Ἀνεπίδεκτος
1247 3711 1587 3780 μετανοίης.
1620 3707 1948 3763 Ρωηὶιεηιὶω
1972 3708 2187 3780 minime
2214 3711 2260 3771 ο
2290 3706 2533 3780 interitui
2555 3722 2688 3769 esse,
2719 3705 2784 3760 ad
2811 3704 3118 3775 planiorem
3152 3720 3374 3760 sensum
3400 3718 3645 3772 revocat,
3686 3710 3879 3767 Timeri

610 3777 804 3844 capax,
834 3796 938 3847 qua
974 3777 1333 3848 incorporeus.
1364 3781 1510 3835 ldem
1547 3790 1774 3835 sanctus
1805 3780 2046 3848 Thomas
2085 3777 2185 3831 do-

611 3855 700 3900 cet
729 3848 964 3916 aliisque
992 3847 1213 3903 rursmu
1241 3851 1530 3903 momentis
1561 3850 1774 3918 probat.
1811 3848 1954 3901 Hinc
1980 3847 2187 3901 Noster

611 3918 749 3987 alibi
793 3918 1032 3987 sparsim
1085 3920 1198 3983 ait,
1256 3920 1361 3971 hoc
1392 3934 1515 3972 esse
1550 3927 1782 3972 mortem
1839 3918 2183 3981 hominibus,

608 3986 756 4056 quod
787 3986 997 4056 angelis
1028 3999 1335 4055 peccatum,
1396 3989 1524 4056 quia
1569 3989 1713 4041 sicut
1766 4000 1883 4055 post
1950 3996 2183 4041 mortem

608 4059 796 4112 nullus
846 4056 1166 4111 hominibus
1205 4065 1460 4124 superest
1504 4057 1838 4126 pcenitentia:
1874 4057 2061 4125 locus,
2100 4058 2182 4112 sic

606 4143 790 4198 neque
824 4127 1037 4198 angelis
1076 4136 1200 4197 post
1235 4137 1546 4198 peccatum.

680 4194 792 4269 (λθ)
847 4194 1177 4269 hydras—oc,
1223 4194 1528 4269 anguem.
1568 4194 1905 4251 Immortalis
1936 4206 2036 4263 est,
2076 4213 2186 4269 non

607 4265 827 4324 natura.
882 4267 1139 4322 Solemne
1180 4276 1264 4321 est
1307 4265 1567 4322 Patribus
1632 4268 1715 4321 sic
1768 4282 2022 4322 asserere
2073 4266 2185 4323 Deo

607 4340 1105 4409 immortalitatem,
1138 4346 1196 4391 ut
1221 4346 1419 4391 caetera
1450 4352 1517 4391 ex
1562 4348 1760 4409 natura
1808 4353 1937 4404 sua,
1969 4338 2186 4392 subsint

607 4411 883 4474 interitui,
910 4410 1013 4464 nisi
1043 4408 1135 4463 Dei
1164 4422 1395 4462 munere
1426 4408 1858 4463 immortalitatis
1884 4410 2186 4478 participes

605 4480 928 4534 clliciantur.
955 4480 1006 4533 Id
1045 4486 1412 4544 ut‘astruant,
1448 4478 1553 4533 hoc
1586 4487 1816 4533 utuntur
1845 4479 2059 4547 adagio,
2095 4478 2185 4532 Ea:

520 4542 532 4557 '
606 4566 722 4616 qua:
772 4551 983 4603 initium
1039 4549 1299 4611 habuere,
1350 4542 1675 4604 necessario-
1709 4551 1865 4616 ﬁnein
1905 4542 2179 4602 habitura.

643 4566 722 4603 me
772 4566 983 4603 mutum
1039 4566 1299 4611 naouere,
1350 4566 1675 4604 necessarto-
1709 4566 1865 4616 [mem
1905 4566 2179 4602 naouura.

606 4566 720 4671 ἵιου
750 4622 951 4690 docent
979 4618 1236 4690 Irenzcus,
1269 4619 1377 4690 lib.
1409 4635 1490 4683 Ill,
1524 4635 1645 4689 cap.
1677 4619 1782 4685 653;
1812 4619 2180 4690 Epiphanius,

606 4689 802 4742 haeresi
845 4689 931 4751 76,
980 4704 1032 4756 p.
1075 4688 1217 4754 940;
1255 4688 1498 4755 Cyrillus
1543 4688 1607 4743 in,
1652 4688 1947 4754 Thesauro,
1980 4700 2179 4744 assert.

603 4758 696 4829 20,
730 4758 934 4829 aliique
955 4759 1302 4829 complures,
1336 4774 1401 4813 ac
1448 4762 1763 4829 frequenter
1805 4760 2183 4814 Damascenus

604 4826 868 4889 inculcat,
915 4825 1119 4897 ubirde
1154 4835 1349 4880 natura
1400 4825 1598 4897 angeli,
1635 4832 1834 4884 animae
1873 4830 2179 4892 rationalis,

605 4905 658 4951 et
689 4897 955 4969 cwlonum
989 4894 1249 4969 disputat.
1286 4898 1342 4950 In
1377 4894 1605 4969 Dia'logo
1631 4912 1817 4954 contra
1855 4897 2180 4953 Manichwos

604 4968 918 5036 exemplum
964 4965 1122 5020 alfert
1151 4970 1424 5037 corporis,
1461 4965 1608 5036 quod
1649 4986 1716 5024 ex
1763 4986 1823 5025 se
1850 4983 1961 5023 non
1996 4985 2183 5023 move-

2292 3777 2436 3846 apud
2469 3776 2772 3837 Platonem,
2825 3791 2889 3829 ex
2934 3789 3045 3844 quo
3076 3786 3357 3846 sumptum
3398 3786 3496 3837 est,
3534 3781 3705 3833 verba
3769 3786 3881 3837 l:a-c

2290 3845 2593 3909 alferendo,
2635 3847 2850 3916 quibus
2882 3860 3179 3916 supremus
3224 3845 3368 3916 Deus
3403 3846 3697 3905 inferiores
3734 3852 3878 3910 deos

2289 3918 2587 3988 alloquitur
2625 3908 2805 3988 ςίΘεοὶ
2833 3908 3002 3988 θεῶν,
3046 3908 3121 3988 ὧν
3162 3914 3274 3982 ἐγὼ
3313 3917 3501 3988 Πατήρ
3545 3936 3607 3988 τε
3653 3923 3754 3974 καὶ
3790 3908 3880 3988 δη.

2292 3975 2572 4069 μιουῇγὲς,
2614 3985 2873 4069 ἀθάνατοι
2915 3975 3285 4069 permagni-av
3304 3988 3427 4069 *οὐκ
3452 3975 3609 4069 ’ἑο-τὲ,
3638 3975 3877 4069 egetis},

2288 4054 2546 4138 ἐγένεσθε
2571 4072 2584 4084 ·
2619 4054 2761 4138 ολῦτε,
2779 4055 2885 4126 μὴν
2902 4054 3237 4138 κλυθῄσεσθε,
3256 4056 3368 4138 ,τῇς
3393 4060 3537 4138 ἐμῆς
3561 4054 3876 4131 βουλήσεωξ

2289 4124 2601 4200 κρείττονος
2635 4124 2866 4178 Θανάτου
2902 4124 3159 4194 λαχόντες
3182 4141 3194 4153 ’
3244 4124 3336 4200 Dii
3369 4124 3612 4200 deorum,
3649 4124 3873 4199 quorum
3928 4164 3937 4181 ι

2287 4197 2341 4252 et
2372 4197 2535 4270 Pater
2560 4211 2653 4264 ego
2708 4211 2847 4270 sum,
2870 4204 2917 4247 et
2932 4205 3271 4270 procreator,
3295 4198 3630 4270 immortales
3663 4197 3871 4270 quidem

2289 4269 2503 4323 omnino
2538 4282 2641 4319 non
2673 4266 2822 4329 estis,
2851 4266 2979 4332 quia
3009 4267 3294 4332 procreati.
3351 4266 3514 4320 Haud
3546 4266 3723 4325 tamen
3757 4277 3872 4332 dis.

2288 4337 2585 4399 solvemini,
2615 4339 2811 4410 hocea;
2836 4352 2954 4410 m_ea_
2991 4337 3297 4410 voluntate,
3332 4354 3450 4405 quae
3487 4350 3664 4395 morte
3686 4358 3872 4410 poten-

2288 4411 2393 4462 tior
2420 4416 2518 4471 est,
2546 4405 2830 4459 consecuti.
2860 4404 3066 4459 Exinde
3102 4404 3600 4463 Gazaeus’ostendit
3630 4404 3870 4472 animam

2289 4480 2614 4550 rationalem
2654 4476 2821 4543 (idem
2850 4476 2916 4530 de
2945 4476 3155 4545 angelis
3174 4476 3503 4550 dicendum)
3536 4491 3736 4550 suapte
3776 4504 3871 4542 na.

2289 4558 2423 4602 tura:
2456 4546 2785 4599 morituram
2838 4560 2945 4599 non
2982 4543 3126 4600 esse.
3164 4543 3266 4598 Ille
3292 4548 3454 4610 enim,
3487 4543 3579 4617 qui
3607 4543 3663 4603 ui
3702 4567 3871 4611 essent

2288 4620 2513 4688 largitus
2539 4624 2640 4678 est,
2677 4617 3100 4695 inquit‘,.animis
3144 4618 3343 4695 nostris
3376 4622 3636 4695 concessit
3667 4640 3873 4695 quoque

2286 4698 2344 4741 ut
2373 4684 2584 4754 semper
2615 4684 2807 4739 essent.
2840 4685 3091 4754 Illudque
3135 4684 3335 4739 donum
3374 4688 3492 4755 ipsa
3519 4690 3639 4756 jam
3674 4684 3875 4750 natura

2284 4769 2384 4813 est.
2421 4759 2635 4812 Habent
2666 4757 2840 4826 igitur
2869 4757 3050 4825 angeli
3099 4756 3153 4808 in
3201 4758 3423 4826 scipsis,
3479 4768 3538 4811 ut
3573 4769 3629 4815 et
3684 4767 3874 4820 anima

2285 4828 2603 4904 rationalis,
2644 4842 2755 4896 quo
2782 4827 3123 4880 immortales
3155 4827 3295 4888 sint,
3315 4830 3523 4904 quippe
3556 4845 3686 4904 eum
3714 4836 3873 4904 ejus-

2287 4898 2439 4953 modi
2490 4904 2746 4949 naturam
2788 4912 2818 4949 a
2863 4912 3049 4951 rerum
3102 4907 3333 4951 auctore
3386 4899 3571 4952 sortiti
3623 4898 3764 4960 sint:
3820 4905 3875 4961 Id

2286 4970 2429 5039 quod
2457 4969 2649 5037 paucis
2680 4966 2885 5039 verbis
2917 4968 3168 5039 enuntiat
3200 4966 3549 5039 Nicepliorus
3599 4971 3709 5026 (ΞΡ.
3749 4977 3875 5030 loco

605 5046 717 5100 tur,
750 5037 845 5092 scd
873 5044 1139 5090 extraneo
1168 5045 1224 5090 et
1250 5038 1444 5116 prbico
1481 5040 1785 5116 impellitur
1819 5049 1992 5116 motu.
2026 5038 2179 5093 Istud
2212 5057 2256 5112 ι)
2286 5037 2527 5116 antehac
2555 5039 2726 5091 citato
2760 5038 2893 5116 :_Tij
2923 5037 3083 5116 (θύσει
3110 5039 3175 5106 τῇ
3215 5037 3427 5116 ἑαυτῶν
3469 5038 3531 5092 τὸ
3560 5041 3876 5116 ἀνώλεθρον

603 5123 767 5178 porro
805 5122 1005 5178 corpus
1058 5108 1264 5178 moveri
1316 5108 1811 5171 tandcm’dcsinit,
1845 5110 1950 5161 nisi
1998 5123 2178 5162 novus

604 5176 785 5233 inotus
813 5176 1083 5233 addatur:
1110 5176 1188 5249 Eo
1216 5178 1430 5245 perinde
1456 5180 1606 5232 modo
1634 5181 1807 5249 angeli
1862 5178 2015 5230 vitali
2038 5188 2184 5231 motu

602 5250 872 5310 instructi,
904 5265 1025 5302 cum
1058 5248 1126 5301 ad
1170 5251 1466 5303 naturalem
1499 5248 1825 5304 exsistentiae
1868 5263 1977 5298 suta
2006 5250 2184 5301 termi-

601 5334 730 5372 num
764 5322 1087 5390 pertingant,
1118 5335 1328 5372 rursum
1352 5320 1552 5388 opiﬁcis
1578 5320 1756 5390 jussu,
1795 5316 2006 5369 vitalem
2028 5317 2183 5390 illum

603 5381 802 5441 motuin
832 5381 1100 5456 indicant,
1128 5381 1477 5458 subindequ'e
1508 5381 1670 5442 πάλιν
1711 5388 1971 5457 ἄρχονται
2011 5381 2176 5454 εἶναι,

603 5459 697 5509 καὶ
728 5460 1190 5525 ἀνακαινίζονται,
1226 5462 1419 5513 iterato
1458 5476 1571 5512 esse
1612 5459 1891 5524 incipiunt,
1936 5463 1987 5525 et
2021 5472 2177 5511 reno-

605 5535 812 5579 vanlur.
864 5523 1067 5585 {lineas
1097 5523 1346 5593 Caunus,
1375 5531 1585 5584 veritus
1638 5523 1725 5581 ne
1759 5526 1865 5579 hac
1919 5523 2171 5583 doctrina

603 5594 1003 5663 immortalitati
1077 5601 1388 5653 animorum
1460 5597 1709 5651 nonnihil
1762 5596 2168 5663 detraheretur,

606 5660 739 5721 illud
766 5665 1120 5737 principium,
1152 5684 1303 5723 omne
1334 5668 1472 5736 quod
1498 5682 1611 5723 esse
1645 5665 1858 5737 incepit,
1887 5660 2172 5723 obnoxium

2286 5109 2382 5185 καὶ
2429 5107 2700 5185 ἀθάνατον
2749 5110 2817 5177 τῇ
2866 5107 2962 5159 τοῦ
3008 5108 3516 5185 δημιουργήσαντος
3574 5107 3876 5185 κέκτηνται

2283 5180 2467 5249 χάριτι
2486 5194 2500 5207 ’
2540 5176 2607 5229 Ut
2640 5176 2835 5249 natura
2859 5194 2958 5232 sua
2987 5176 3078 5232 nec
3102 5176 3337 5230 interimi
3367 5194 3459 5249 nec
3492 5184 3660 5234 morti
3686 5176 3875 5240 subes-

2282 5248 2419 5311 s’ént,
2455 5248 2746 5300 conditoris
2786 5263 2960 5301 rerum
3015 5249 3191 5317 gratia
3237 5248 3381 5299 nacti
3441 5263 3590 5303 sunt.
3634 5251 3875 5310 Natuias

2282 5321 2567 5373 voluntate
2595 5324 2649 5370 et
2675 5318 2906 5372 arbitrio
2961 5317 3051 5373 Dei
3089 5317 3343 5372 delinitas
3387 5333 3537 5383 esse,
3572 5320 3875 5380 Damasce-

2283 5404 2392 5443 nus
2430 5388 2596 5468 intra,
2629 5401 2753 5456 cap.
2784 5387 2875 5448 l2.
2905 5388 3171 5452 declarat,
3206 5402 3272 5441 ex
3317 5393 3605 5445 communi
3642 5392 3872 5449 Patrum

2281 5466 2576 5514 sententia.

2355 5528 2468 5597 (l9)
2499 5525 2661 5581 Ἀλλ’
2685 5525 2834 5599 ἄνευ
2862 5532 3049 5599 λόγου
3080 5527 3464 5599 προφορικοῦ.
3486 5528 3595 5584 Sed
3614 5534 3730 5587 sine
3761 5534 3872 5589 ulla

2280 5599 2500 5673 prolati_
2521 5597 2782 5673 sermonis
2816 5597 3310 5673 ope—Nicephorus
3346 5598 3870 5673 QonstantinOpoli-

2282 5665 2447 5726 tanus
2487 5665 2798 5724 locutiones
2823 5665 3141 5744 angelorum
3176 5669 3256 5724 sic
3299 5668 3560 5726 edisserit
3587 5688 3714 5740 cap.
3735 5665 3868 5729 "mox
