4116 6150
364 348 473 411 869

1466 335 1564 397 DE
1590 332 1768 395 FIDE
1792 322 2256 391 ORTHODOXA
2294 323 2440 384 LIB.
2475 324 2558 382 II.

3522 316 3631 382 870

366 453 716 529 μεταδιδόντα
755 449 1008 522 ἀλλήλοις
1055 448 1125 504 τά
1163 447 1272 503 ἴδια
1301 447 1554 520 νοήματα
1596 446 1691 500 καὶ
1719 438 1937 516 βουλεύ-

2057 439 2138 501 sit,
2177 450 2283 491 nec
2331 434 2601 497 auribus;
2633 429 2729 486 sed
2770 429 2888 485 sine
2944 428 3053 484 ulla
3104 426 3304 498 prolati
3354 430 3629 484 sermonis

367 566 531 621 ματα.

436 724 536 779 Διά
570 722 746 792 Λόγου
778 721 962 776 τοίνυν
1001 719 1336 791 ἐκτίσθησαν
1364 719 1567 783 πάντες
1617 717 1669 771 οι
1699 715 1944 786 ἄγγελοι,

365 818 459 869 καὶ
499 814 605 867 ὑπὸ
657 812 752 867 τοῦ
811 813 972 882 ἁγίου
1024 811 1344 883 Πνεύματος
1379 811 1469 866 διά
1519 809 1615 864 τοῦ
1670 805 1947 879 ἀγιασμοῦ

365 904 763 975 ἐτελειώθησαν
796 945 811 970 ,
878 903 1002 958 κατ’
1064 902 1358 973 ἀναλογίαν
1418 903 1517 973 τῆς
1582 901 1742 966 ἀξίας
1768 941 1784 967 ,
1854 899 1951 953 καὶ

366 999 467 1068 τῆς
508 998 726 1062 τάξεως,
777 995 871 1049 τοῦ
924 994 1207 1066 φωτισμοῦ
1259 994 1488 1064 καὶτῆς
1550 992 1774 1064 χάριτος
1822 1009 1950 1061 μετ-

368 1093 607 1161 ἔχοντες.

443 1178 818 1252 Περίγραπτοί
860 1180 999 1232 εἰσιν
1020 1192 1034 1207 ·
1068 1178 1158 1232 ὅτε
1192 1179 1301 1247 γάρ
1328 1181 1466 1231 εἰσιν
1503 1179 1561 1230 ἐν
1603 1176 1682 1248 τῷ
1708 1173 1948 1247 οὐρανῷ,

373 1275 473 1328 οὐκ
499 1273 636 1326 είσὶν
673 1273 731 1325 ἐν
774 1273 839 1341 τῇ
870 1273 941 1341 γῇ
963 1286 976 1302 ο
1019 1270 1115 1324 καὶ
1146 1270 1227 1332 εἰς
1263 1270 1365 1340 τὴν
1408 1269 1512 1339 γὴν
1538 1268 1645 1322 ὑπὸ
1682 1268 1779 1321 τοῦ
1814 1266 1950 1321 Θεοῦ

374 1364 853 1433 ἀποστελλόμενοι,
884 1364 984 1415 οὐκ
1027 1360 1460 1431 ἐναπομένουσιν
1494 1362 1554 1414 ἐν
1583 1359 1661 1431 τῷ
1694 1358 1911 1431 οὐρανῷ
1934 1376 1948 1390 ο

372 1456 434 1510 οὐ
474 1454 886 1528 περιορίζονται
931 1452 988 1506 δὲ
1046 1450 1153 1505 ὑπὸ
1197 1451 1426 1522 τειχῶν,
1462 1451 1558 1504 καὶ
1606 1450 1821 1521 θυρῶν,
1856 1449 1953 1504 καὶ⁵

375 1547 663 1618 κλείθρων,
692 1546 787 1600 καὶ
811 1544 1125 1614 σφραγίδων
1144 1559 1159 1575 ο
1189 1544 1430 1613 ἀόριστοι
1456 1543 1568 1613 γάρ
1591 1545 1750 1597 εἰσιν.
1784 1543 1954 1615 Ἀορί-

377 1656 536 1701 στους
565 1637 623 1691 δὲ
651 1637 796 1705 λέγω
816 1651 831 1667 ·
863 1636 923 1688 οὐ
948 1636 1058 1706 γὰρ
1084 1634 1219 1689 καθό
1253 1637 1411 1701 εἰσιν,
1438 1635 1812 1704 ἐπιφαίνονται
1840 1638 1953 1701 τοῖς

376 1730 547 1797 ἀξίοις
576 1731 619 1794 ί,
653 1722 734 1792 οἷς
771 1730 799 1781 ὁ
831 1727 964 1791 Θεὸς
1005 1726 1290 1797 φαίνεσθαι
1334 1727 1532 1791 αὐτοὺς
1563 1726 1802 1798 θελήσει,
1835 1727 1951 1782 ἀλλ’

2046 544 2151 598 ope
2202 532 2395 581 mutuo
2444 525 2549 580 sibi
2598 537 2761 579 sensa
2809 536 2911 577 sua
2960 520 3377 576 communicant
3408 527 3463 576 et
3495 534 3630 576 cou-

2047 620 2170 676 silia
2209 618 2275 672 ⁸⁸.
3430 624 3433 625 ⁷

2117 712 2224 768 Per
2262 710 2501 767 Verbum
2529 690 2929 777 omnes-angeli
2961 712 3133 760 creati
3167 711 3316 766 sunt,
3350 710 3405 758 et
3434 710 3633 757 sancto

2052 807 2263 878 Spiritu
2298 803 2681 862 sanctiﬁcante
2712 798 3253 857 consummationem
3273 804 3629 867 acceperunt,

2051 909 2113 954 ut
2146 913 2246 969 pro
2276 912 2375 953 sua
2408 895 2647 965 quisque
2679 892 2952 962 dignitate
2977 899 3033 945 et
3067 889 3263 945 ordine
3314 887 3633 959 splendoris

2052 990 2352 1062 gratizeque
2380 984 2683 1058 participes
2705 987 2896 1038 essent
2925 981 2994 1035 ⁵ο.

2123 1169 2527 1239 Circumscripti
2563 1166 2758 1239 angeli.
2786 1193 2858 1206 —
2884 1163 3305 1232 Circumscriptt
3342 1169 3505 1229 sunt;
3533 1174 3636 1216 nec

2054 1264 2203 1322 enim
2251 1279 2375 1319 cum
2408 1263 2465 1317 in
2506 1260 2649 1317 coelo
2693 1265 2844 1324 sunt,
2880 1256 2936 1311 in
2975 1263 3124 1311 terra
3153 1261 3488 1319 versantur;
3533 1265 3636 1307 nec

2054 1372 2179 1413 cum
2206 1370 2238 1411 a
2267 1354 2450 1411 Deoin
2478 1362 2683 1408 terram
2714 1350 3036 1412 mittuntur,
3068 1353 3360 1403 remanent
3386 1345 3440 1399 in
3474 1345 3636 1399 cmlo.

2053 1447 2323 1502 Caeterum
2355 1459 2457 1499 nec
2483 1441 2783 1506 moenibus,
2807 1454 2907 1494 nec
2937 1438 3174 1502 furibus,
3206 1451 3307 1491 nec
3336 1434 3636 1505 repagulis,

2054 1551 2158 1593 nec
2190 1535 2391 1607 sigillis
2425 1534 2781 1589 cohibentur.
2817 1531 2936 1585 Non
2970 1531 3116 1586 enim
3164 1529 3335 1584 certis
3370 1527 3500 1581 ullis
3533 1535 3641 1579 ter-

2056 1629 2225 1684 minis
2269 1625 2480 1682 deliniti
2532 1635 2627 1678 aut
2685 1623 2911 1678 coerciti
2964 1629 3112 1676 sunt.
3149 1620 3330 1674 Nullis
3386 1617 3641 1673 terminis

2057 1718 2314 1774 deﬁnitos
2362 1716 2518 1782 dico;
2562 1730 2629 1770 eo
2674 1712 2822 1783 quod
2855 1712 3046 1783 probis
3091 1718 3146 1765 et
3191 1710 3400 1781 dignis,
3434 1708 3639 1779 quibus

377 1786 444 1877 εἱ
484 1786 1029 1893 μετασχηματισμιῖ),
1080 1818 1263 1883 καθὼς
1309 1786 1566 1874 δύνανται
1615 1786 1951 1893 οίὸρῶντες,

2059 1825 2156 1866 eos
2185 1809 2330 1863 Dcus
2381 1805 2641 1862 visendos
2688 1803 2939 1860 exhiberi
2989 1802 3265 1867 voluerit,
3307 1815 3418 1855 non
3446 1799 3641 1870 quales

298 1968 309 1978 ,
378 1916 534 1987 ὁρᾷν.
574 1914 850 1985 ’Λόριστον
898 1913 1009 1984 γάρ
1050 1914 1165 1966 ἐστι
1207 1911 1367 1982 φύσει
1414 1911 1510 1965 καὶ⁹
1529 1912 1755 1983 κυρίως,
1796 1914 1956 1983 μόνον

377 2008 440 2062 τὸ
476 2006 753 2062 ἀκτιστον.
805 2007 921 2060 Πᾶν
965 2006 1076 2079 γὰρ
1114 2006 1323 2078 κτίσμα
1370 2006 1475 2060 ὑπὸ
1527 2004 1626 2059 τοῦ
1670 2006 1957 2071 κτίσαντος

379 2099 516 2155 αὐτὸ
543 2099 680 2156 Θεοῦ
719 2098 982 2172 ὁρίζεταιι
1697 2107 1705 2114 ’

458 2361 698 2427 Ἔξωθεν
723 2362 822 2434 τῆς
869 2362 1061 2427 οὐσίας
1092 2363 1184 2418 τὸν
1227 2364 1503 2436 ἁγιασμὸν
1546 2367 1612 2421 ὲκ
1639 2366 1735 2421 τοῦ
1784 2367 1957 2422 Πνεύ-

386 2468 555 2525 ματος
611 2452 861 2525 ἔχοντεςο
925 2455 1015 2511 sta
1067 2442 1188 2527 ιτῆς
1265 2457 1416 2522 θείας
1466 2459 1692 2529 χάριτος
1745 2477 1960 2531 προφη-

383 2545 637 2610 τεύοντες
663 2563 678 2576 ·
711 2549 788 2619 μὴ
822 2547 1003 2620 γάμου
1049 2548 1367 2621 χρῄζοντες,
1410 2552 1713 2626 ἐπειδήπερ
1747 2553 1822 2624 μὴ
1851 2555 1959 2607 elei.

385 2636 593 2709 θνητοί.

456 2730 679 2794 Νόεςδέ
715 2730 893 2797 ὄντες,
944 2734 1002 2788 ἐν
1039 2738 1250 2812 νοητοῖς
1297 2736 1392 2789 καὶ
1425 2736 1612 2801 τόποις
1635 2737 1747 2808 (50)
1799 2740 1962 2807 εἰσὶν,

385 2821 449 2875 οὐ
486 2822 819 2892 σωματικῶς
845 2828 1350 2897 περιγραφόμενον
1395 2828 1457 2881 οὐ
1489 2829 1598 2901 γὰρ
1634 2832 1965 2901 σωματικῶς

388 2913 535 2967 κατά
579 2914 742 2983 φύσιν
773 2917 1225 2987 σχηματίζονται,
1255 2917 1378 2973 οὐδὲ
1420 2922 1582 2992 τριχῆ
1618 2923 1722 2976 είσι
1747 2923 1967 2978 διαστα-

389 3003 498 3068 tot,
527 3004 665 3058 ἀλλά
686 3006 766 3076 τῷ
795 3006 1006 3076 νοητῶς
1047 3011 1303 3080 παρεῖναι
1327 3050 1343 3077 ,
1372 3011 1470 3064 καὶ
1516 3014 1760 3084 ἐνεργεῖν
1785 3059 1799 3082 ,
1838 3017 1967 3072 ἔνθα

392 3095 465 3149 ἂν
486 3097 896 3167 προσταχθῶσι,
925 3098 1020 3151 καὶ
1046 3098 1121 3169 μὴ
1150 3099 1412 3155 δύνασθαι
1443 3102 1584 3158 κατά
1625 3107 1825 3163 ταυτὸν
1864 3101 1964 3163 ὦδε

394 3185 618 3241 κάκεῖσε
645 3183 811 3254 εἶναι,
842 3192 937 3244 καὶ
968 3192 1235 3263 ἐνεργεῖν.

462 3452 591 3506 Εῐτε
621 3453 727 3506 ίσοι
756 3455 876 3507 κατ’
912 3454 1124 3522 οὐσίαν,
1160 3458 1275 3511 εἴτε
1295 3458 1649 3528 διαφέροντες
1694 3459 1966 3531 ἀλλήλων,

388 3544 498 3599 οὐκ
529 3545 708 3616 ἴσμεν.
743 3549 921 3612 Μόνος
954 3549 1010 3602 δὲ
1033 3550 1062 3601 ὁ
1093 3552 1329 3623 ποιήσας
1352 3552 1548 3617 αὐτοὺς
1579 3553 1715 3617 Θεὸς
1744 3553 1971 3607 ἐπίστα-

395 3653 520 3704 ται,
553 3640 595 3710 ,ὁ
645 3639 742 3693 καὶ
776 3639 846 3694 τά
898 3639 1079 3695 πάντα
1126 3642 1305 3708 εἰδώς.
1366 3644 1727 3717 Διαφέροντες
1776 3645 1834 3699 δὲ
1857 3645 1971 3717 (51)

464 3813 519 3884 ,⁸⁵
543 3810 712 3886 Greg.
741 3821 886 3869 orat.
919 3815 1008 3872 38.

2058 1904 2336 1960 exsistunt
2362 1905 2689 1971 appareant,
2724 1896 2821 1953 sed
2848 1897 2903 1951 in
2928 1896 3092 1949 aliam
3134 1894 3335 1949 mutati
3377 1892 3642 1958 formam,

2057 1993 2533 2066 proutvidentium
2558 1992 2785 2047 obtutus
2809 1988 2954 2044 l'erre
2973 1992 3157 2057 queat.
3192 1984 3326 2039 Nam
3352 1984 3553 2054 alioqui
3588 1983 3644 2037 id

2058 2087 2241 2144 solum
2269 2091 2468 2141 natura
2504 2099 2568 2139 ac
2601 2081 2827 2153 proprie
2858 2082 3026 2136 nullis
3068 2078 3335 2133 delinitur
3363 2076 3639 2139 terminis,

2058 2178 2203 2249 quod
2239 2180 2546 2233 increatum
2577 2182 2682 2231 est.
2719 2171 3001 2243 Quidquid
3040 2172 3187 2226 enim
3229 2176 3316 2226 est
3367 2178 3641 2235 creatum,

2060 2270 2207 2324 intra
2246 2267 2511 2324 terminos
2541 2282 2673 2322 suos
2701 2281 2732 2320 a
2762 2265 2876 2319 Deo
2908 2269 3165 2319 creatore
3198 2262 3410 2318 ﬁnitur.

2128 2361 2303 2417 Porro
2350 2360 2572 2415 aliunde
2618 2373 2785 2430 quam
2836 2372 2866 2410 a
2913 2367 3112 2411 natura
3157 2372 3256 2412 sua
3289 2354 3644 2413 sanctitatem

2062 2454 2290 2519 habent,
2316 2452 2580 2508 nimirum
2628 2466 2659 2505 a
2712 2449 2924 2521 Spiritu
2955 2459 3168 2504 sancto.
3203 2448 3295 2504 Dei
3329 2448 3646 2503 illustrantc

2063 2546 2261 2617 gratia,
2286 2543 2472 2600 futura
2510 2543 2820 2614 praedicunt
2843 2542 2912 2595 δι.
2940 2540 3216 2612 Conjugio
3246 2539 3474 2595 minime
3495 2539 3648 2593 indi-

2064 2647 2214 2711 gent,
2239 2653 2364 2694 cum
2392 2637 2733 2692 immortales
2756 2635 2890 2690 sint.

2133 2728 2323 2798 Angeli
2352 2728 2519 2783 locus.
2553 2756 2623 2767 -—
2649 2724 2768 2780 Jam
2814 2739 2946 2781 vero
2980 2740 3104 2780 cum
3155 2733 3369 2780 mentes
3409 2723 3545 2788 sint,
3590 2723 3649 2778 in

2066 2821 2380 2893 hujusmodi
2414 2833 2634 2890 quoque
2665 2817 2804 2873 locis
2840 2824 2990 2881 sunt,
3036 2832 3158 2887 quae
3206 2825 3393 2872 mente
3445 2814 3651 2870 intelli-

2067 2922 2274 2985 guntur
2303 2932 2318 2968 ι
2343 2926 2452 2967 non
2481 2911 2628 2983 quod
2663 2924 2935 2979 corporeo
2978 2909 3141 2963 modo
3171 2908 3651 2963 circumscriban-

2068 3014 2159 3062 tur
2184 3008 2384 3078 (neque
2433 3005 2581 3060 enim
2630 3018 2786 3059 more
2826 3017 3145 3074 corporum,
3182 3001 3364 3072 quoad
3389 2994 3649 3055 naturam

1992 3130 2036 3191 α
2069 3099 2289 3166 attinet,
2331 3099 2657 3168 ﬁgurantur,
2695 3104 2791 3152 aut
2838 3098 2989 3151 trina
3026 3095 3371 3151 dimensione
3422 3092 3650 3148 distenti

2068 3193 2242 3263 sunt).
2266 3192 2359 3247 sed
2396 3191 2552 3261 157
2566 3189 2712 3260 quod
2748 3188 2841 3244 ubi
2870 3203 2930 3243 se
2957 3185 3265 3249 conferant,
3291 3186 3406 3240 illic
3435 3185 3654 3254 spirita-

2068 3279 2194 3334 liter
2221 3277 2410 3333 adsint
2441 3286 2496 3334 et
2525 3284 2828 3348 operantur
2855 3293 2870 3342 ;
2911 3290 3014 3330 nec
3043 3273 3237 3329 eodem
3265 3281 3511 3342 tempore
3558 3271 3650 3327 hic

2071 3376 2238 3438 atque
2262 3368 2375 3423 illic
2400 3382 2524 3423 esse
2550 3376 2605 3423 et
2632 3367 2851 3437 operari
2879 3366 3115 3437 possint.

2144 3459 2414 3514 Incertum
2463 3477 2532 3514 an
2578 3458 2806 3530 equales
2854 3456 3177 3513 substantia.
3219 3484 3292 3494 —
3326 3454 3407 3508 Ac
3463 3450 3648 3522 quoad

2078 3553 2373 3610 essentiam
2423 3552 2648 3622 quidem
2691 3548 3011 3621 aequalesne
3064 3548 3177 3603 sint
3227 3548 3370 3602 inter
3432 3560 3512 3611 se,
3581 3560 3653 3599 an

2082 3646 2355 3717 dispares,
2416 3651 2762 3715 compertum
2826 3657 2939 3699 non
2999 3649 3124 3699 est:
3183 3641 3338 3698 solus
3391 3639 3497 3695 boc
3549 3639 3657 3695 scit

1109 3818 1155 3851 ⁸⁸
1184 3817 1343 3891 Greg.
1383 3831 1525 3877 orat.
1571 3823 1660 3877 ⁸54.
1737 3822 2138 3879 "Theodoret.
2195 3821 2342 3892 Epit.
2397 3820 2504 3876 div.
2559 3818 2701 3875 decr.
2763 3832 2884 3889 cap.
2915 3819 2969 3874 8.

1667 3940 1905 3995 VARIA‘J
1945 3938 2351 3997 LECTIONES.

477 4026 500 4067 1
527 4024 597 4084 R.
625 4023 764 4080 2950
788 4023 984 4093 ἁγίοις.

1973 4112 2194 4170 NOTAE}

399 4208 627 4266 laudato
681 4208 808 4264 libri
865 4208 934 4263 de
980 4206 1259 4276 inculpata
1316 4203 1763 4263 Christianorum
1817 4208 1969 4265 ﬁde:

401 4280 514 4351 Καὶ
546 4279 654 4351 μὴν
676 4278 775 4351 xa‘t
798 4278 954 4351 λόγος
991 4278 1050 4331 ἐν
1081 4277 1310 4351 ἐκείνοις
1336 4277 1517 4351 ἐστὶν,
1551 4279 1788 4351 ἐπείπερ
1822 4279 1972 4348 λογι-

402 4350 491 4405 κοί
521 4343 658 4427 ε’ίσξν
677 4366 691 4380 ο
726 4348 823 4427 οὐχ
841 4343 1079 4427 οἷόσπερ
1106 4349 1135 4401 ὁ
1162 4346 1451 4427 ἡμέτερος,
1470 4349 1562 4427 fit
1597 4348 1692 4427 τοῦ
1751 4343 1808 4403 ἐν
1841 4343 1973 4420 ἡμῖν

405 4420 676 4503 φυσιιξοῦ,
713 4415 1069 4503 καῖζωῖιειοῢ
1095 4415 1422 4503 δπνευξματος
1467 4417 1554 4472 διὰ
1594 4415 1976 4503 τῶνῆφωνῆτιε

404 4473 518 4544 ἑῶν
545 4473 794 4560 ὀργᾶνων
828 4473 1054 4557 προῖὼν,
1092 4473 1537 4560 διαρθρουμενος,
1564 4491 1632 4559 τῇ
1669 4473 1853 4560 πλήγῇ
1881 4473 1976 4543 τεοῦ
2010 4473 2053 4528 D

405 4556 947 4639 ἀέρος’τιιπούμενος
972 4600 986 4623 ,
1018 4559 1127 4639 ,καὶ
1165 4556 1631 4639 διαβιξαζόμενοςξ
1646 4556 1980 4639 oppositusf-

406 4625 572 4705 ληῷιν
590 4632 700 4705 ςιῆς
730 4625 1175 4705 τῶνὸἀκουάντων
1211 4625 1516 4705 αἰσθῄσεως
1544 4645 1557 4658 ο
1590 4625 1746 4705 ,ἀλλὰ
1774 4630 1837 4705 το
1878 4629 1981 4682 ἀΰ-

410 4695 536 4763 λους
562 4695 703 4754 εἶναι
726 4697 820 4752 καὶ
844 4696 1190 4769 ἀσυνθέτους,
1210 4695 1414 4769 ἁπλοῦς
1438 4714 1499 4769 τε
1520 4697 1614 4769 καλ.
1628 4700 1980 4769 ἀσωμάτους,

409 4772 744 4856 περιχωρεῖν
767 4769 873 4856 ,ει
899 4766 1227 4856 cuius
1245 4767 1372 4856 rei.
1401 4768 1500 4856 ’ἱεὶς
1525 4766 1803 4856 suae
1850 4785 1984 4849 καίε-

410 4835 663 4893 οπτεῦειν
696 4838 934 4908 νοήσεις,
959 4835 1056 4908 καὶ
1096 4837 1373 4908 κοινωνεῖν
1406 4835 1501 4908 τῷΔ
1525 4835 1793 4907 λόγιμδιά
1824 4838 1984 4908 σιγῆς

410 4904 837 4987 ἐναργέστερον,
861 4906 980 4987 ’καὶ
1010 4904 1430 4987 ἐκτυπώτερον,
1620 4904 1727 4969 πᾶς
1772 4904 1984 4987 προῖᾤν

409 4976 569 5061 λόγος
596 4995 611 5008 ³
641 4976 957 5061 Αολιίυὶιίεηι
987 4993 1159 5061 sermo
1187 4992 1388 5061 quoque
1407 4978 1461 5029 in
1481 4976 1603 5061 illis
1622 4987 1719 5040 est,
1745 4976 1986 5061 quandi).-

412 5050 622 5118 quidem
658 5047 867 5103 ratione
886 5048 1100 5118 pra'diti
1129 5054 1253 5118 sunt
1285 5062 1303 5099 :
1335 5062 1439 5118 nou
1474 5056 1648 5099 tamen
1682 5060 1757 5118 est
1794 5047 1985 5101 similis

413 5116 602 5184 nostri,
629 5119 719 5187 qui
745 5116 1268 5187 naturaligritalique
1306 5116 1499 5183 spiritu
1540 5117 1799 5170 vocalium
1832 5133 1988 5187 orga-

414 5203 607 5241 norum
637 5186 728 5256 ope
770 5186 1136 5258 progreditur,
1172 5186 1222 5241 et
1252 5187 1607 5258 articulatur,
1655 5186 1990 5254 percussimze

416 5259 556 5311 aeris
608 5257 893 5324 formatus,
949 5258 1311 5327 transiensque
1348 5266 1405 5309 ut
1459 5257 1788 5311 audientium
1833 5274 1990 5311 sensu

414 5328 741 5397 percipiatur
769 5345 786 5381 :
818 5330 906 5381 sed
954 5329 1078 5399 quia
1122 5327 1351 5399 materia
1397 5342 1460 5399 ac
1488 5329 1864 5399 compositione
1897 5344 1990 5399 va-

415 5406 563 5461 cant,
600 5397 974 5465 simplicesque'
1015 5406 1063 5451 et
1111 5397 1408 5465 incorporei
1440 5406 1598 5459 sunt,
1636 5398 1854 5451 invicem
1889 5398 1994 5450 cir-

418 5468 792 5522 cumiucedunt
821 5506 835 5528 ,
881 5482 1109 5537 suasque
1158 5480 1342 5521 mutuo
1397 5468 1750 5536 perceptiones
1807 5484 1995 5535 specu-

420 5541 643 5602 lantur,
700 5548 755 5589 ut
797 5536 1240 5590 silendo'clarius
1283 5537 1678 5606 expressiusque
1730 5553 1993 5592 sermones

420 5609 699 5677 misceant,
732 5624 892 5677 quam
926 5606 1036 5677 alia
1063 5607 1246 5677 quavis
1280 5606 1576 5670 prolatione
1604 5606 1899 5660 verborum.

493 5676 607 5747 (50)
658 5674 761 5731 Ἐν
780 5674 1021 5747 νοητοῖς
1048 5675 1147 5727 καὶ
1174 5676 1399 5747 τόποις,
1426 5677 1481 5727 in
1506 5676 1768 5747 ejusmodi
1795 5694 1996 5747 quoque

421 5745 553 5801 locis
581 5758 728 5812 sunt,
759 5754 865 5802 etc.
899 5744 1022 5801 Lib.
1056 5757 1096 5809 l,
1134 5758 1259 5813 cap.
1294 5744 1382 5812 17,
1417 5746 1712 5815 explicavit
1742 5744 1993 5816 quisnam

2080 4211 2173 4265 ille
2226 4211 2382 4266 locus
2441 4210 2516 4266 sit
2558 4212 2652 4282 qui
2701 4220 2886 4268 mente
2940 4211 3289 4280 intelligitur.
3328 4209 3436 4282 ‘Est
3484 4218 3660 4265 autem

2082 4292 2250 4334 mente
2280 4279 2591 4350 perceptus;
2612 4298 2704 4336 seu
2747 4282 3047 4351 spiritualis
3082 4279 3246 4342 locus,
3280 4279 3369 4351 ulti
3402 4282 3661 4349 intelligi-

2084 4358 2171 4402 tur
2204 4365 2222 4402 :
2247 4361 2296 4404 et
2330 4353 2553 4405 exsistit
2590 4349 2967 4405 intellectualis
2997 4358 3191 4403 natura
3231 4358 3279 4402 et
3314 4349 3662 4417 incorporea;

2082 4421 2172 4473 ubi
2204 4421 2457 4473 nimirum
2515 4420 2748 4489 πάρεστι
2801 4422 2895 4473 καὶ
2940 4421 3188 4487 ἐνεργεῖ,
3233 4434 3466 4485 prteseus
3512 4420 3663 4474 adest

2082 4499 2132 4542 et
2160 4500 2461 4560 operatur_,
2499 4506 2660 4560 neque
2706 4504 2986 4557 corporum
3018 4504 3163 4560 more
3186 4490 3517 4560 continetur,
3570 4490 3662 4544 sed

2085 4559 2391 4627 spirituum.
2427 4558 2591 4612 Plura
2628 4560 2695 4613 de
2726 4559 3054 4627 locoang‘eli
3082 4558 3286 4612 ibidem
3321 4558 3568 4625 subiicit.

2156 4628 2268 4701 (iii)
2299 4628 2688 4701 Atagéportsc
2712 4626 3225 4701 δέηΑΙίίιιδιναιίοᾼηὶε
3250 4627 3405 4701 modo
3424 4640 3477 4684 et
3491 4630 3662 4701 grqdu

2085 4698 2363 4766 differunt.
2419 4697 2678 4769 Diversus
2723 4698 2948 4769 ordines
2996 4699 3315 4768 angelorum
3344 4697 3662 4769 ’l'heo'logus

2085 4769 2359 4841 agnoScit,
2393 4777 2534 4841 orat.
2569 4768 2639 4822 34
2664 4806 2678 4832 ,
2713 4783 2840 4841 cum
2877 4768 2984 4841 ait,
3028 4770 3261 4823 aliorum
3317 4768 3665 4841 aliorumque

2088 4839 2225 4909 alias
2254 4847 2418 4909 atque
2450 4838 2588 4892 alias
2640 4838 3084 4909 collustrationes
3105 4884 3119 4903 ,
3182 4839 3517 4909 ampliores,
3570 4838 3666 4894 aut

2088 4907 2357 4979 minores,
2400 4923 2550 4972 esse,
2583 4907 2724 4979 κατὰ
2752 4910 2850 4979 τὴν
2873 4909 3166 4979 ἀναλογίαν
3195 4907 3298 4979 τῆς
3327 4909 3541 4978 φύσεως
3571 4911 3667 4964 καὶ

2087 4977 2188 5046 τῆς
2219 4978 2457 5042 τάξεως,
2499 4977 2814 5049 secundum
2837 4978 3089 5049 cujusque
3121 4977 3347 5033 naturte
3372 4991 3421 5033 et
3460 4980 3665 5034 ordinis

2087 5050 2496 5119 proportionem.
2535 5047 2645 5104 Sed
2694 5056 2747 5104 et
2772 5047 3020 5119 Cyrillus
3066 5050 3119 5104 in
3151 5050 3442 5112 Thesauro,
3463 5059 3663 5103 assert.

2089 5117 2270 5198 5l,p.
2298 5118 2429 5181 266,
2472 5126 2682 5198 tantum
2714 5117 2938 5198 luminis
2964 5128 3231 5175 creaturae
3274 5119 3526 5173 rationali
3567 5120 3669 5172 im-

2091 5189 2355 5258 pertitum
2392 5204 2515 5259 esse
2547 5204 2575 5242 a
2608 5189 2716 5244 Deo
2745 5189 2842 5254 ait,
2891 5198 3156 5259 quantum
3188 5203 3530 5259 unaquaeque
3552 5204 3669 5259 pro

2093 5260 2177 5330 sui
2212 5259 2430 5329 generis
2452 5258 2773 5330 discrimine
2799 5258 2965 5329 capax
3001 5260 3161 5322 foret,
3199 5260 3445 5330 adeoque
3474 5258 3669 5330 ἑτέραν

2093 5324 2237 5400 εἷναί
2270 5331 2327 5400 ἐν
2363 5329 2638 5397 ἀγγέλοις,
2690 5324 2915 5400 μείζονα
2952 5330 3009 5382 δὲ
3052 5331 3110 5383 ἐν
3150 5324 3532 5400 ἀρχαγγέλοις,
3569 5324 3669 5383 uati.

2093 5398 2174 5470 ἔτι
2198 5399 2404 5469 ταύτης
2431 5397 2802 5470 ὑπερέχουσαν
2831 5402 2888 5452 ὲν
2914 5403 3036 5462 ταῖς
3062 5397 3318 5467 ἀνωτέρω
3337 5397 3634 5470 δυνάμεσιν
3651 5417 3666 5434 ·

2096 5468 2275 5522 Aliam
2324 5467 2378 5522 iu
2442 5467 2643 5537 angelis
2696 5470 3046 5538 cognitionem
3098 5484 3242 5528 esse,
3303 5467 3561 5538 majorem
3616 5471 3670 5523 in

2095 5538 2452 5608 arcltangelis,
2496 5549 2581 5608 eti
2594 5537 2805 5608 rursum
2834 5538 3253 5591 excellentiorem
3295 5537 3349 5591 in
3380 5554 3674 5607 superiorv

2098 5608 2193 5661 bus
2229 5607 2533 5662 virtutibus.
2563 5607 2667 5662 Ubi
2694 5610 2855 5676 plane
2888 5608 3137 5660 iunuitur
3163 5607 3483 5673 angelorum
3515 5611 3670 5663 ordi-

2100 5692 2198 5731 nes
2224 5685 2318 5730 aut
2341 5679 2527 5746 specie
2556 5686 2874 5748 autgenere
2912 5680 3053 5748 inter
3080 5692 3139 5731 se
3172 5678 3409 5733 diﬁ‘crne.
3448 5678 3670 5748 chcsis

2102 5745 2383 5816 Epipltan.’
2412 5748 2607 5803 haeres.
2639 5745 2729 5812 6i,
2778 5762 2836 5800 n.
2887 5747 2975 5802 55.
3032 5746 3216 5822 Pergit
3267 5745 3670 5807 Nazianzenus.
