4116 6150
432 261 438 267 ’
465 275 578 350 881

1627 283 1688 343 S.
1737 280 2061 344 JOANNIS
2099 282 2536 344 DAMASCENI

3625 275 3733 340 888

467 387 655 449 divina
692 385 980 462 Scriptura
996 378 1027 445 ἐ
1053 387 1125 443 Et
1144 378 1284 443 dixit
1313 377 1451 444 Deus
1475 405 1494 444 :
1518 385 1644 444 I'iat
1667 401 1795 455 tux;
1823 399 1872 446 et
1907 393 2054 460 [acta

2163 393 2482 464 ἕτερόν-ἐστι
2508 392 2568 445 τὸ
2603 392 2736 464 πῦρ,
2771 390 2821 444 εἰ
2873 389 2948 460 μὴ
2979 386 3044 441 τὸ
3087 386 3225 457 φῶς,
3261 385 3337 450 ὣς
3365 384 3512 450 τινές
3543 378 3731 454 (pacth

364 521 366 523 ›
464 493 548 539 ut
585 483 678 538 tua:
704 481 772 538 “.
799 481 987 552 Neque
1002 480 1179 547 enim,
1198 489 1261 537 ut
1283 480 1509 552 quidam
1539 481 2051 552 existimant,aliud

467 573 766 645 quidquam
797 579 882 627 est
910 571 1074 641 ignis,
1122 585 1287 642 quam
1319 570 1437 626 lux.
1462 571 1570 626 Alii
1601 580 1784 627 autem
1813 573 2053 629 elemen-

469 674 646 720 tarem
672 663 819 718 hunc
840 661 1021 734 ignem
1036 675 1162 717 aere
1189 663 1531 733 superiorem
1549 677 1674 719 esse
1690 663 1869 730 aiunt,
1886 680 2050 736 quem

473 762 677 811 vocant
697 754 924 809 aethera.
944 750 1010 806 In
1024 752 1287 821 principia
1316 752 1503 824 igitur,
1524 753 1630 809 hoc
1647 763 1730 810 est
1748 755 1837 811 die
1850 760 2056 827 primo,

468 848 681 904 creavit
723 843 867 900 Deus
900 843 1103 909 lucem,
1132 859 1257 915 quae
1284 845 1586 900 visibilium
1616 849 1860 904 omnium
1891 864 2054 906 crea-

467 950 716 994 trarum
748 937 919 993 decus
942 941 998 992 et
1030 943 1416 991 ornamentum
1434 946 1538 992 est.
1559 937 1774 994 Etenim
1806 941 1853 995 si
1873 939 2051 996 lucem

469 1030 788 1102 sustuleris,
829 1028 1016 1084 omnia
1059 1027 1112 1082 in
1150 1027 1396 1084 tenebris
1437 1027 1702 1098 jacebunt
1746 1029 1953 1099 ignota,
1995 1038 2054 1087 ut

471 1137 595 1192 qua:
619 1119 1086 1192 pulchritudinem
1110 1133 1266 1175 suam
1290 1117 1651 1188 conspicuam
1683 1119 1914 1177 reddere
1942 1135 2052 1176 non

471 1213 691 1284 possint
731 1231 747 1268 :
793 1209 1004 1266 Vocavit
1037 1219 1213 1264 autent
1246 1209 1387 1266 Deus
1422 1209 1590 1264 lucem
1614 1210 1788 1266 diem:
1814 1210 2053 1266 tenebras

471 1312 652 1358 autem
684 1304 889 1358 vocavit
926 1311 1129 1356 noctem
1150 1303 1218 1356 ".
1253 1300 1427 1358 Porro
1469 1302 1710 1358 tenebrat
1740 1302 2054 1360 substantia

2155 486 2373 556 ’Έτεροι
2401 485 2457 538 δὲ
2476 483 2539 538 τὸ
2559 483 2828 554 κοσμικδν
2859 482 2970 552 πῦρ
3021 481 3160 552 ὑπὲρ
3203 489 3225 518 ι’
3256 479 3350 532 τὸν
3375 479 3516 549 ἀέρα
3543 481 3732 548 φασὶν,

2152 576 2180 630 ὅ
2211 574 2468 631 καλοῦσιν
2488 576 2706 647 αἰθέρα.
2749 577 2847 630 Ἐν
2908 572 3074 643 ἀρχῇ
3130 571 3245 643 μὲν
3279 568 3390 625 οὖν·
3421 571 3678 640 ἐποίησεν
3702 573 3732 635 ὁ

2152 647 2285 732 hac;
2309 669 2370 721 τὸ
2393 668 2528 737 φῶς,
2556 668 2723 738 ἤγουν
2744 669 2809 738 τῇ
2859 664 3056 737 πρώτῃ
3093 663 3299 735 ἡμέρᾳ,
3322 661 3731 734 καλλωπισμὸν,

2153 761 2246 814 καὶ
2267 759 2471 830 κόσμον
2503 760 2684 829 πάσης
2709 758 2811 828 τῆς
2847 757 3051 828 ὁρατῆς
3098 755 3349 818 κτίσεως.
3387 753 3588 823 Ἀφελε
3627 754 3735 824 γὰρ

2153 853 2214 906 τὸ
2249 852 2387 921 φῶς,
2420 851 2516 905 καὶ
2545 849 2729 905 πάντα
2751 850 2808 902 ἐν
2832 849 2910 920 τῷ
2928 844 3470 913 σκότειάδιάγνωστα
3490 846 3734 915 μένουσι,

2153 944 2252 1012 τὴν
2287 944 2496 999 οἰκείαν
2553 945 2632 1016 μὴ
2657 941 2933 1013 δυνάμενα
2967 939 3306 1009 εὐπρέπειαν
3337 935 3730 1001 ἐπιδείξασθαι.

2167 1036 2448 1092 Ἐκάιὶεσε
2468 1035 2537 1090 δὲ
2585 1038 2618 1090 ό
2650 1035 2812 1100 Θεὸς,
2849 1031 3048 1102 τὸμὲν
3094 1029 3246 1101 φῶς,
3275 1027 3535 1099 ἡμέραν·
3560 1028 3627 1082 τὸ
3667 1027 3737 1081 δὲ

2154 1131 2374 1194 σκότος
2398 1127 2655 1183 ἐκάλεσε
2694 1127 2909 1181 νύκτα.
2938 1124 3136 1188 Σκότος
3163 1121 3221 1175 δέ
3255 1124 3426 1186 ἐστιν,
3451 1120 3551 1174 οὐκ
3578 1119 3733 1174 οὐσία

2153 1237 2258 1285 τις,
2325 1219 2465 1274 ἀλλά
2515 1217 2900 1289 συμϐεϐηκός⁹
2927 1215 3104 1285 φωτὸς
3136 1213 3244 1285 γάρ
3293 1213 3414 1266 ἐστι
3451 1211 3731 1284 στέρησις.

2167 1310 2225 1362 '0
2248 1308 2356 1380 γὰρ
2385 1308 2514 1381 ἀὴρ,
2543 1309 2645 1362 οὐκ
2703 1308 2762 1362 ἐν
2810 1309 2878 1378 τῇ
2923 1305 3086 1377 οὐσίᾳ
3141 1303 3309 1359 αὑτοῦ
3334 1303 3448 1374 ἔχει
3496 1303 3558 1356 τὸ
3597 1301 3734 1370 φῶς.

472 1395 582 1448 ulla
604 1409 716 1449 non
750 1405 900 1459 sunt,
923 1393 1020 1450 sed
1046 1393 1323 1450 accidens.
1359 1391 1546 1464 Neque
1569 1393 1715 1450 enim
1751 1395 1899 1451 aliud
1925 1403 2060 1452 sunt

2163 1402 2303 1456 Αὐτὸ
2331 1397 2425 1456 οὖν
2473 1402 2535 1455 τὸ
2595 1401 2931 1472 ἐστερῆσθαι·
2967 1399 3059 1453 τὸν
3116 1397 3260 1468 ἀέρα
3289 1395 3488 1466 φωτὸς,
3541 1395 3743 1459 σκότος

472 1499 640 1554 quam
665 1484 809 1541 lucis
838 1484 1112 1540 absentia.
1149 1484 1260 1540 Aer
1287 1483 1490 1556 quippe
1519 1485 1577 1541 in
1606 1500 1709 1542 sua
1741 1486 2055 1544 substantia

2163 1495 2417 1549 ἐκάλεσεν
2452 1497 2481 1549 ὁ
2540 1493 2708 1556 Θεόςο
2757 1491 2852 1546 καὶ
2883 1489 3004 1562 οὐχὶ
3026 1491 3060 1561 ἡ
3085 1488 3244 1542 οὐσία
3290 1486 3383 1540 τοῦ
3430 1486 3590 1556 ἀέρος
3615 1485 3740 1538 ἐστὶ

472 1578 654 1634 lucem
690 1593 799 1634 non
830 1579 997 1634 habet
1016 1579 1082 1634 “.
1140 1577 1324 1645 Quare
1376 1578 1561 1649 ipsum
1611 1579 1720 1636 hoc
1759 1581 1906 1651 quod
1963 1597 2058 1639 aer

2163 1586 2367 1651 σκότος,
2381 1585 2498 1640 ἀλλ’
2525 1586 2558 1656 ὴ
2584 1581 2678 1638 τοῦ
2720 1581 2900 1653 φωτὸς
2929 1580 3206 1651 στέρησις,
3228 1578 3364 1648 ὅπερ
3389 1573 3739 1646 συμὸεὸηκδς

473 1669 599 1724 luce
637 1675 848 1735 careat,
883 1670 1028 1726 Deus
1067 1667 1284 1725 vocavit
1333 1669 1615 1726 tenebras.
1657 1669 1803 1737 Quin
1839 1685 1911 1728 ne
1939 1672 2058 1742 ipsa

2163 1677 2366 1750 μᾶλλον
2394 1677 2566 1748 δηλοῖ,
2601 1677 2746 1748 ἢπερ
2773 1673 2984 1728 οὐσίαν.
3017 1673 3132 1726 Οὐκ
3171 1669 3376 1750 ἐκλήθη
3397 1667 3454 1721 δὲ
3484 1666 3674 1738 πρώτη
3699 1667 3742 1736 ἰτ

471 1761 693 1832 quidem
729 1761 874 1817 aeris
911 1761 1227 1817 substantia
1278 1762 1522 1818 tenebrat
1581 1773 1733 1828 sunt,
1772 1763 1868 1820 sed
1913 1740 2062 1822 lucis

2163 1740 2277 1836 νὺξ.
2311 1769 2427 1824 ἀλλ’
2448 1740 2493 1840 ’ὴ
2525 1740 2750 1839 ἡμέρα-θ’
2798 1766 2942 1820 ὥστε
2986 1761 3180 1834 πρώτη
3237 1740 3386 1812 εστιὺ
3420 1756 3602 1829 ἡμέρα
3644 1755 3738 1809 καὶ

473 1852 708 1922 privatio
741 1871 754 1908 :
793 1852 940 1924 quod
971 1852 1232 1910 accidens
1275 1853 1460 1925 potius
1493 1869 1657 1925 quam
1691 1855 2062 1912 substantiam

2163 1862 2366 1933 ἐσχάτη
2395 1863 2429 1932 ή
2457 1861 2574 1926 νύξ.
2625 1857 2938 1914 Ἀκολουθεϊ
2958 1852 3053 1910 οὖν
3084 1855 3118 1927 ἡ
3153 1851 3251 1917 νὺξ
3275 1853 3342 1922 τῇ
3375 1850 3562 1921 ἡμέρᾳ
3582 1863 3597 1879 ο
3641 1846 3746 1900 καὶ

471 1942 706 1997 indicat.
735 1941 848 1999 Nec
888 1958 1024 1998 vero
1053 1959 1162 1999 nox
1201 1945 1359 2016 prius
1382 1955 1583 2002 vocata
1615 1953 1725 2014 est,
1765 1947 1864 2004 sed
1897 1946 2018 2004 dies
2046 1965 2060 2000 :

2163 1954 2257 2008 ἀπ’
2286 1954 2461 2024 ἀρχῆς
2485 1955 2584 2023 τῆς
2617 1951 2832 2024 ἡμέρας
2883 1949 2989 2013 ἕως
3024 1947 3126 2016 τῆς
3173 1944 3340 2014 ἄλλης
3388 1941 3626 2013 ἡμέρας.
3678 1938 3742 1992 εν

475 2047 540 2088 ac
567 2035 803 2104 proinde
833 2035 1118 2105 antiquior
1139 2035 1260 2093 dies
1292 2045 1398 2106 est,
1430 2052 1544 2093 nox
1575 2039 1878 2108 posterior.
1908 2039 2061 2096 Diem

2163 2044 2507 2116 νυχθήμερόν
2532 2045 2714 2098 ἐστιν’
2746 2042 2854 2112 ἔφη
2887 2039 2996 2110 γὰρ
3028 2040 3062 2109 ἡ
3092 2034 3284 2108 Γραφή
3304 2051 3319 2066 ·
3361 2031 3472 2087 Kal
3505 2030 3740 2101 ἐγένετο

474 2141 610 2196 ergo
639 2142 750 2183 nox
780 2129 1081 2199 sequitur;
1104 2138 1270 2200 atque
1298 2131 1368 2186 ab
1398 2131 1566 2188 unius
1597 2130 1707 2188 diei
1733 2139 1856 2188 ortu
1885 2147 2062 2204 usque

2166 2135 2415 2205 ἑσπέρα,
2439 2136 2538 2190 καί
2562 2134 2799 2206 ἐγένετο
2830 2131 3002 2202 πρωῒ,
3025 2127 3214 2200 ἡμέρα
3236 2127 3360 2196 μία.

477 2221 546 2277 ad
569 2221 738 2276 alium
764 2220 934 2289 diem,
952 2222 1078 2280 dies
1094 2237 1240 2280 unus
1261 2230 1349 2281 est
1373 2238 1500 2280 cum
1517 2233 1678 2282 nocte
1696 2225 2052 2296 coniunctus.
2091 2227 2180 2282 Ait
2208 2231 2355 2286 enim
2390 2228 2674 2298 Scriptura
2699 2245 2712 2282 :
2738 2226 2804 2282 Et
2831 2225 3032 2296 factum
3057 2231 3136 2280 est
3156 2235 3383 2292 uespere,
3435 2225 3486 2274 et
3536 2217 3742 2287 factum

477 2321 558 2369 est
589 2330 742 2370 mane
765 2313 875 2369 dies
900 2331 1038 2372 unus
1063 2317 1131 2371 η.

553 2410 724 2465 Primi
750 2419 855 2467 tres
887 2410 1023 2478 dies,
1051 2428 1172 2466 cum
1191 2411 1273 2469 sol
1297 2430 1401 2469 non
1423 2423 1581 2470 esset.
1611 2414 1779 2471 Luna:
1797 2424 1850 2472 et
1878 2416 2063 2472 stella-

484 2517 599 2557 rtun
647 2517 838 2557 manus
871 2503 927 2557 iu
977 2514 1145 2559 nocte.
1195 2533 1266 2546 —
1297 2502 1365 2559 Et
1391 2504 1613 2577 quidem
1648 2507 1827 2563 tribus
1869 2507 2065 2578 primis

2167 2501 2592 2573 συστελλομένου
2648 2499 2758 2554 τοῦ.
2781 2500 2960 2568 φωτὸς
2984 2499 3062 2570 τῷ
3087 2497 3220 2569 θείῳ
3257 2497 3661 2570 προστάγματι,
3704 2500 3741 2569 ἦ

478 2594 696 2659 diebus,
732 2594 856 2650 luce
900 2593 997 2650 Dei
1022 2594 1209 2666 jussu,
1249 2601 1368 2650 tum
1400 2611 1526 2654 sese
1555 2596 2064 2666 diﬂ‘undente,_tum

2163 2612 2223 2648 τε
2253 2593 2458 2665 ἡμέρα,
2483 2592 2578 2646 καὶ
2607 2593 2640 2662 ἡ
2670 2587 2766 2654 νὺξ
2788 2590 3025 2658 ἐγένετο.
3051 2590 3129 2660 Τῇ
3149 2588 3206 2641 δὲ
3227 2587 3464 2659 τετάρτῃ
3489 2587 3744 2658 ἐποίησεν

477 2699 676 2741 rursus
703 2685 1085 2754 contrahente,
1117 2686 1238 2744 dies
1257 2695 1313 2743 et
1345 2701 1457 2743 nox
1495 2689 1760 2744 exstitere
1780 2690 1849 2746 ".
1885 2691 1955 2744 At
1974 2690 2066 2746 die

2163 2689 2190 2741 ὁ
2216 2686 2348 2750 Θεὸς
2377 2684 2470 2738 τὸν
2489 2683 2751 2754 φωστῆρα
2782 2682 2876 2736 τὸν
2913 2681 3107 2755 μέγαν,
3157 2680 3278 2750 ἦτοι
3327 2679 3422 2732 τὸν
3467 2678 3639 2748 ἥλιον,
3665 2681 3744 2743 είς

478 2782 678 2846 quarta
730 2775 861 2832 fecit
897 2775 1048 2835 Deus
1082 2777 1358 2837 luminare
1384 2778 1600 2849 majus,
1638 2794 1837 2851 nempe
1865 2780 2061 2848 solem,

2164 2776 2462 2850 ἀρχάςλκαὶ
2507 2774 2758 2842 ἐξουσίαν
2797 2774 2896 2843 τῆς
2941 2771 3155 2843 ἡμέρας
3187 2779 3210 2808 ³
3233 2787 3246 2802 ·
3282 2771 3351 2824 δι’
3373 2770 3540 2824 αὐτοῦ
3582 2771 3744 2842 γάρὴ

481 2871 543 2919 ut
572 2866 681 2922 diei
712 2874 976 2938 praeesset
1023 2868 1159 2940 (per
1213 2868 1396 2940 ipsum
1443 2869 1592 2926 enim
1631 2869 1750 2926 dies
1780 2869 2058 2939 efﬁcitur;

2164 2867 2352 2940 ἡμέρα
2414 2865 2768 2920 συνίσταται·
2813 2861 2999 2934 ἡμέρα
3052 2862 3164 2930 γάρ
3213 2862 3385 2928 ἐστιν,
3434 2861 3493 2915 ἐν
3531 2859 3612 2931 τῷ
3655 2860 3747 2914 τὸν

479 2957 602 3014 dies
629 2959 833 3032 quippe
869 2968 959 3018 est
985 2975 1110 3016 cum
1139 2961 1223 3017 sol
1248 2977 1426 3033 supra
1452 2969 1660 3018 terram
1683 2971 1894 3031 exstat,
1923 2964 2064 3020 diei-

2165 2958 2318 3030 ἧλιον
2357 2956 2497 3028 ὑπὲρ
2524 2956 2630 3027 γῆν
2651 2951 2827 3009 εἶναι’
2856 2953 2954 3007 καὶ
3017 2951 3297 3023 διάστημα
3340 2952 3558 3024 ἡμέρας
3579 2951 3744 3015 ἐστὶν,

479 3065 590 3120 que
620 3050 883 3120 spatium,
915 3065 1119 3109 cursus
1152 3051 1243 3108 ille
1266 3067 1430 3123 quem
1451 3053 1522 3108 ab
1548 3063 1677 3110 ortu
1704 3053 1780 3109 ad.
1803 3069 2063 3111 occasum

2166 3050 2195 3103 ό
2227 3047 2337 3102 ἀπὸ
2362 3047 2629 3118 ἀνατολῆς
2681 3044 2844 3117 μέχρι
2892 3043 3102 3108 δύσεως
3150 3045 3292 3113 ὑπὲρ
3331 3045 3436 3115 γῆν
3466 3043 3562 3098 τοῦ
3597 3043 3744 3115 ἡλίου

481 3156 660 3210 usque
685 3141 774 3197 sol
806 3157 977 3212 supra
1013 3152 1216 3198 terram
1255 3144 1525 3216 peragit),
1550 3143 1712 3217 165.
1739 3155 1904 3217 atque
1934 3147 2066 3202 item

2167 3138 2366 3213 δρόμος
2386 3154 2400 3169 ’
2429 3138 2639 3192 καὶτὸν
2670 3136 3054 3207 φωστῆρατδν
3082 3136 3316 3202 ἐλάσσω,
3353 3136 3472 3206 ἦτοι
3514 3136 3614 3206 τὴν
3655 3153 3744 3188 σεο
3804 3197 3808 3202 λ

479 3231 757 3287 luminare
785 3231 990 3300 minus,
1012 3232 1118 3290 hoc
1144 3242 1230 3291 est
1258 3235 1468 3303 lunam,
1494 3243 1553 3292 et
1584 3238 1796 3305 stellas,
1834 3246 1895 3293 ut
1920 3239 2067 3294 nocti

2167 3231 2358 3302 λήνην,
2413 3231 2510 3284 καὶ
2561 3230 2686 3292 τοὺς
2727 3229 2984 3299 ἀστέρας,
3045 3230 3126 3292 είς
3153 3229 3328 3298 ἀρχὰς
3366 3229 3460 3281 καὶ
3489 3226 3747 3291 ἐξουσίαν

477 3328 820 3390 praeessent,
838 3321 1003 3392 eique
1033 3323 1214 3380 lucem
1238 3323 1474 3380 ferrent.
1499 3322 1620 3380 Nox
1644 3339 1810 3394 porro
1833 3333 1920 3382 est
1943 3341 2067 3382 cum

2167 3323 2268 3395 τῆς
2289 3323 2504 3390 νυκτὸς,
2537 3321 2631 3376 τοῦ
2665 3321 2921 3392 φωτίζειν
2952 3321 3141 3392 αὐτήν.
3173 3320 3288 3386 Νὺξ
3318 3319 3373 3371 δέ
3394 3319 3560 3381 ἐστιν,
3582 3319 3640 3371 ἐν
3664 3315 3744 3389 τῷ

2249 2412 2352 2468 Ἐνο
2369 2411 2468 2483 μὲν
2495 2404 2591 2465 οὖν
2617 2408 2929 2480 ταῖςτρισὶν
2955 2409 3192 2479 ἡμέραις
3223 2406 3615 2477 ἀναχεομένου,
3640 2407 3742 2462 καὶ

482 3408 568 3464 sol
592 3407 746 3464 infra
768 3419 971 3465 terram
999 3418 1088 3467 est
1121 3429 1136 3468 :
1170 3412 1468 3484 noctisque
1495 3414 1736 3485 spatium
1759 3421 1844 3471 est
1870 3429 2070 3472 cursus

481 3498 602 3564 ille,
635 3514 799 3570 quem
831 3501 914 3558 sol
956 3501 1026 3556 ab
1050 3516 1252 3559 occasu
1291 3502 1361 3558 ad
1397 3512 1583 3559 ortum
1616 3505 1723 3561 sub
1755 3513 2072 3562 terracon-

483 3590 625 3646 ﬁcit.
675 3590 832 3649 Luna
883 3593 1087 3664 igitur,
1133 3604 1191 3652 et
1235 3596 1409 3652 stellas
1441 3597 1760 3653 constitutae
1791 3605 1921 3654 sunt
1941 3635 1970 3663 ,.
2009 3604 2072 3653 ut

480 3690 710 3738 noctem
765 3683 1294 3755 illustrarent;.non
1317 3687 1467 3758 quod
1507 3688 1746 3744 interdiu
1782 3689 1889 3744 sub
1918 3697 2072 3744 terra

479 3775 710 3846 penitus
735 3776 1062 3834 delitescant
1079 3779 1232 3852 (nam
1253 3788 1386 3837 tunc
1401 3797 1624 3853 quoque
1650 3782 1824 3838 stellae
1849 3783 1905 3838 in
1930 3781 2072 3839 etclo

481 3882 654 3937 super
687 3875 891 3924 terram
926 3872 1115 3943 sunt),
1171 3873 1269 3930 sed
1300 3873 1434 3944 quia
1471 3874 1554 3929 sol
1602 3887 1720 3939 eas,
1775 3874 2072 3945 lunamque

487 3959 808 4028 splendoris
824 3962 909 4017 sui
947 3962 1118 4019 nimia
1153 3965 1521 4034 amplitudine
1545 3966 1822 4035 operiens,
1855 3966 2073 4022 elucere

486 4066 598 4108 non
629 4053 782 4109 sinit.
1238 4122 1240 4125 λ

558 4143 889 4218 Primigenia
915 4148 1010 4203 tua:
1039 4146 1390 4202 luminaribus
1438 4145 1633 4200 indita.
1661 4174 1732 4186 —-
1774 4145 1940 4204 Hisce
1985 4148 2071 4203 lu.-

485 4239 798 4295 minaribus
833 4241 1219 4311 primigeniam
1251 4241 1431 4294 lucem
1466 4252 1716 4293 summus
1756 4237 1848 4294 ille
1888 4255 2070 4294 rerum

485 4328 679 4400 Opifex
714 4330 943 4397 indidit,
983 4346 1092 4386 non
1124 4329 1278 4402 quod
1309 4331 1540 4385 alterius
1571 4328 1802 4382 luminis
1840 4328 2071 4398 penuria

486 4423 805 4494 laboraret;
846 4423 950 4480 sed!
979 4439 1050 4480 ne
1075 4425 1165 4480 lux
1213 4422 1318 4478 illa-
1349 4435 1760 4492 supervacanea
1799 4429 2068 4476 maneret.

485 4511 783 4573 Luminare
821 4515 1102 4587 siquidem
1149 4517 1242 4571 lux
1296 4515 1412 4586 ipsa
1467 4529 1580 4569 non
1619 4521 1724 4578 est,
1774 4515 1873 4569 sed
1927 4512 2070 4568 lucis
2101 4511 2158 4540 ν’

488 4610 941 4675 conceptaculum
965 4611 1032 4664 θ’.

562 4711 804 4769 Pinnem
836 4725 1050 4784 septem.
1079 4746 1152 4760 —
1178 4717 1329 4773 Inter
1364 4719 1482 4775 haec
1537 4727 1723 4773 autem
1777 4715 2086 4771 luminaria

487 4803 743 4876 planetas
776 4813 985 4876 septem
1016 4817 1334 4874 recensent,
1364 4824 1505 4879 quos
1546 4807 1833 4864 contrario
1867 4821 1932 4860 ac
1962 4820 2074 4863 cae-

488 4895 608 4954 lum
637 4903 788 4954 motu
815 4897 962 4953 volvi
998 4898 1227 4966 dicunt;
1258 4903 1520 4970 quocirca
1565 4902 1835 4972 planetas,
1881 4917 2074 4955 erran-

2167 3414 2259 3467 τὸν
2287 3413 2438 3485 ἦλιον
2467 3413 2574 3468 ὑπὸ
2600 3413 2702 3485 γῆν
2730 3407 2872 3466 εἶναι
2893 3429 2908 3445 ·
2933 3412 3028 3467 καὶ
3054 3411 3330 3482 διάστημα
3345 3407 3538 3472 νυκτός
3568 3409 3751 3476 ἐστιν,

2169 3505 2278 3560 ἀπὺ
2304 3505 2510 3569 δύσεως
2539 3504 2733 3576 μέχρις
2761 3503 3028 3575 ἀνατολῆς
3057 3502 3164 3558 ὑπὸ
3185 3503 3292 3572 γῆν
3324 3501 3417 3555 τοῦ
3444 3501 3600 3572 ἡλίου
3626 3499 3749 3572 δρό-

2174 3615 2295 3669 μος.
2339 3597 2405 3650 Ἡ
2443 3595 2641 3666 σελήνη
2707 3595 2887 3648 τοίνυν
2939 3595 3035 3648 καὶ
3077 3593 3130 3646 oi
3185 3593 3416 3665 ἀστέρες
3442 3590 3747 3662 ἐτάχθησαν

2170 3688 2270 3761 τὴν
2294 3687 2466 3743 νύκτα
2488 3686 2782 3757 φωτίζειν,
2799 3688 2898 3758 οὐχ
2943 3686 3019 3749 ὡς
3049 3687 3127 3757 τῇ⁸
3171 3684 3358 3757 ἡμέρᾳ
3384 3682 3618 3736 πάντοτε
3645 3681 3749 3736 ὑπὸ

2170 3780 2276 3852 γῆν
2293 3779 2485 3844 ὅντεςο
2538 3779 2648 3833 εἰσὶ
2689 3778 2799 3850 γὰρ
2852 3777 2948 3832 καὶ
2992 3778 3051 3831 ἐν
3104 3775 3543 3848 ἡμέραάστέρες
3581 3774 3640 3827 ἐν
3668 3771 3749 3842 τῷ

2171 3871 2385 3945 οὐρανῷ
2452 3871 2596 3944 ὑπὲρ
2652 3872 2790 3943 γῆν*
2825 3869 2943 3925 ἀλλ’
2985 3870 3014 3923 ό
3043 3867 3196 3940 ἥλιος
3231 3866 3457 3929 τούτους
3489 3865 3624 3936 ἅμα,
3655 3863 3747 3918 καί⁵

2173 3967 2272 4037 τὴν
2319 3965 2563 4037 σελήνηνε
2621 3967 2691 4034 τῇ
2747 3963 3078 4035 φαιδροτέρᾳ
3136 3961 3300 4033 αἴγλῃ
3356 3958 3747 4030 ἀποκρύπτων,

2171 4059 2274 4111 οὐκ
2301 4059 2362 4127 ἐᾷ
2393 4056 2702 4127 φαίνεσθαι.

2243 4149 2372 4211 Τοῖς
2408 4147 2692 4218 φωστῆρσι
2737 4145 2950 4209 τούτοις
2997 4145 3060 4198 τὸ
3111 4143 3518 4216 πρωτόκτιστον
3567 4139 3681 4209 φῶς
3720 4139 3746 4192 ό

2171 4243 2246 4311 Δη
2257 4240 2514 4312 μιουργδς
2537 4239 2855 4303 ἐναπέθετο,
2879 4238 2978 4308 οὐχ
3013 4238 3090 4302 ὡς
3117 4234 3342 4309 ἀπορῶν
3365 4234 3527 4288 ἄλλου
3552 4233 3744 4304 φωτὸς,

2173 4334 2404 4388 ἀλλ’ἵνα
2437 4334 2514 4406 μὴ
2534 4333 2719 4404 ἀργὸν
2757 4332 2937 4386 ἐκεῖνο
2997 4329 3158 4401 μείνῃ
3219 4329 3281 4382 τὸ
3321 4327 3460 4397 φῶς.
3522 4326 3746 4398 Φωστὴρ

2172 4427 2282 4500 γάρ
2308 4429 2476 4492 ἐστιν,
2503 4425 2604 4480 οὐκ
2622 4425 2752 4479 αὐτὸ
2778 4425 2840 4478 τὸ
2856 4423 2995 4496 φῶς,
3018 4422 3156 4477 ἀλλά
3185 4419 3364 4491 φωτὸς
3384 4421 3610 4491 δοχεῖον.

2251 4715 2349 4768 Ἐκ
2369 4712 2574 4768 τούτων
2595 4711 2705 4765 τῶν
2748 4708 3225 4781 φωστήρωννέπτά
3269 4701 3543 4775 πλαιήτας
3577 4700 3744 4773 φασίσ

2173 4807 2268 4862 καὶ
2295 4805 2552 4875 λέγουσιν
2577 4803 2780 4869 αὐτοὺς
2811 4801 3064 4857 ἐναντίαν
3089 4802 3186 4856 τοῦ
3210 4799 3442 4874 οὐρανοῦ
3475 4795 3751 4852 κινεῖσθαι

2173 4897 2391 4970 κίνησιν
2427 4911 2443 4927 °
2483 4896 2566 4952 διδ
2614 4895 2894 4968 πλανήτας
2944 4894 3143 4959 αὐτοὺς
3174 4895 3470 4950 ἐκάλεσαν·
3518 4888 3612 4944 τὸν
3649 4888 3754 4960 μὲν

491 4995 629 5042 tem
647 4983 852 5052 stellas,
885 4999 982 5042 eos
1010 4985 1375 5056 appellarunt.
1412 4985 1624 5043 C(elum
1662 4986 1813 5042 enim
1844 4986 1914 5041 ab
1942 4994 2067 5040 ortu

2174 4989 2286 5061 γὰρ
2303 4988 2534 5061 οὐρανόν
2558 5005 2745 5060 φησιν,
2765 4987 2826 5054 ἐξ
2853 4986 3135 5042 ἀνατολῶν
3177 4986 3312 5057 πρὸς
3337 4980 3546 5054 δυσμὰς
3580 4982 3754 5034 κινεῖ-

489 5077 563 5136 ad
615 5091 875 5168 occasum
931 5077 1077 5134 volvi
1139 5078 1436 5151 inquiunt;
1483 5079 1737 5150 planetas
1781 5087 1963 5135 autem
2001 5082 2067 5134 ab

2178 5079 2342 5134 σθαιτο
2370 5078 2499 5144 τοὺς
2521 5079 2580 5132 δὲ
2609 5078 2888 5150 πλανήτας
2943 5077 3008 5131 ὲκ
3046 5075 3269 5146 δυσμῶν
3310 5071 3404 5127 ἐπὶ
3452 5069 3750 5136 ἀνατολάς·

563 5259 610 5293 ⁸⁵
630 5258 767 5316 Gen.
799 5277 838 5328 ι,
867 5260 921 5314 5.
999 5260 1044 5292 ’³
1077 5257 1218 5322 Ibid.
1255 5259 1309 5314 5.
1405 5255 1451 5288 ”
1476 5258 1647 5316 Basil.
1681 5259 1829 5316 hom.
1863 5259 1899 5313 2
1925 5259 1980 5314 in
2016 5259 2067 5314 Ηι

2163 5274 2279 5318 rem.
2356 5260 2402 5293 ’⁷
2434 5257 2570 5318 Gen.
2603 5277 2641 5328 ι,
2824 5256 2872 5293 ³⁸
2900 5257 3068 5314 Basil.
3096 5257 3248 5323 liom,
3279 5256 3337 5310 2.
3392 5254 3450 5310 in
3494 5251 3757 5310 lienem.

485 5319 532 5353 ⁹⁹
561 5329 640 5387 id.
680 5319 838 5388 hom.’
863 5331 897 5387 6
932 5331 987 5387 in
1019 5319 1278 5387 Hexaem.

1761 5482 1992 5541 VARIAT.
2033 5483 2440 5546 LECTIONES.

572 5605 880 5684 {Editaet
901 5611 1212 5684 Βοεῑίλζιπό,
1246 5617 1438 5684 contra
1493 5607 1736 5684 auctoris
1779 5614 2140 5684 veterumque
2191 5608 2541 5684 sententiam,
2604 5607 2698 5684 qui
2730 5607 2909 5680 ignem
2975 5621 3143 5678 supra
3181 5620 3365 5664 aerem
3417 5604 3754 5664 statuerunt.

497 5672 681 5734 βαθύ.
709 5678 764 5734 S.
799 5677 933 5747 llil.,
959 5672 1107 5752 licgii
1129 5672 1275 5749 octo,
1309 5679 1469 5736 Colb.
1505 5687 1559 5736 ct
1581 5678 1647 5734 Ν.
1678 5679 1765 5734 hic
1807 5685 1868 5735 et
1897 5672 2346 5744 infra'éﬁousiac.
