4104 6148
399 309 508 372 889
523 358 528 362 .

1473 301 1574 366 DE
1611 299 1798 363 FIDE'
1823 292 2285 359 ORTHODOXA
2310 297 2459 360 LIB.
2495 297 2578 358 Π.

3549 290 3668 357 ιω

403 417 839 492 συμπεριφέρειν
865 415 922 473 δὲ
947 417 1040 472 τὸν
1067 414 1298 489 οὕρανὺν
1319 418 1389 488 τῇ
1417 415 1612 470 ἑαυτοῦ
1653 413 1866 482 κινήσει
1893 408 1969 472 ὡς

2100 423 2277 464 »οοοευ
2311 409 2376 462 ad
2412 417 2635 462 ortum:
2665 419 2806 476 quos
2831 403 2996 460 etiam
3019 402 3218 460 coelum
3261 401 3523 474 rapidiori
3553 420 3657 459 suo
3711 478 3727 497 ο

401 511 654 583 ὀξυτέρα,
681 511 808 574 τοὺς
829 510 972 564 ἑπτὰ
1000 510 1301 582 πλανήτας.
1343 509 1463 562 Τῶν
1499 507 1557 560 δὲ
1601 505 1741 560 ἑπτὰ
1771 501 1980 570 πλανη-

399 603 508 656 τῶν
537 603 607 656 τὰ
636 602 880 674 ὀνόματά
908 602 1014 654 εἰσι
1041 602 1235 657 ταῦτα·
1260 601 1490 671 Σελήνη.
1512 597 1745 669 Ἑρμῆς.
1782 593 1984 662 ’Ᾱφρο“

402 694 547 765 δίτη,
576 695 766 758 Ἤλιος
789 736 804 761 ,
837 695 1061 764 Ἄρης,
1103 693 1276 759 Ζεὺς,
1345 691 1556 762 Κρόνος
1615 689 1660 742 ⁸.
1725 679 1879 738 Εἶναι
1921 680 1982 734 δὲ

401 783 521 838 καθ’
549 786 786 857 ἑκάστην
817 783 994 855 ζώνην
1010 781 1100 836 τοῦ
1125 781 1377 854 οὐρανοῦ,
1402 781 1501 835 ἕνα
1528 778 1636 833 τῶν
1666 773 1811 830 ἑπτὰ
1833 770 1946 825 πλα

401 877 606 946 νητῶν.

487 970 576 1023 Ἐν
600 968 700 1039 μὲν
715 971 780 1038 τῇ
803 985 874 1034 πρ
885 971 1017 1040 ώεῃ,
1033 968 1154 1039 licet.
1172 968 1239 1037 τῇ
1257 965 1528 1036 ἀνωτέρᾳ,
1547 963 1638 1018 τὸν
1648 963 1878 1034 Κρόνον.
1901 941 1964 1054 Β

488 1061 577 1115 Ἐν
604 1060 662 1114 δὲ
693 1063 760 1132 τῇ
783 1061 1034 1131 δευτέρᾳ,
1061 1059 1155 1112 τὸν
1188 1059 1310 1114 Δία.
1849 1055 1950 1145 ᾙ

489 1153 578 1207 Ἐν
608 1152 666 1206 δὲ
701 1153 767 1221 τῇ
791 1151 973 1225 τρίτῃ,
998 1151 1090 1204 τὸν
1114 1151 1309 1221 Ἄρεα.
1837 1149 1979 1236 02

489 1246 580 1298 Ἐν
598 1244 658 1297 δὲ.
670 1242 1009 1322 τῇτετάρτῃ,
1029 1241 1122 1295 τὸν
1140 1241 1351 1297 Ἥλιον.
1892 1258 1978 1322 Ov

490 1333 579 1385 ’Ev
606 1330 664 1385 δὲ
689 1332 758 1401 τῇ
793 1316 1046 1402 πέμπτῃ,
1081 1328 1182 1400 τὴν
1219 1328 1562 1401 ’Δφροδίτηνι
1899 1316 1968 1420 ξὲ

491 1456 582 1510 Ἐν
609 1452 668 1508 δὲ
705 1455 772 1523 τῇ
801 1452 960 1524 ἕκτῃ,
1005 1451 1100 1506 τὸν
1141 1451 1369 1522 Ἑρμῆν.
1906 1435 1978 1559 ἶ

490 1552 582 1608 Ἔν
602 1551 660 1606 δὲ
687 1554 760 1625 τῇ
786 1550 1014 1624 ἑϐδόμῃ,
1046 1551 1142 1606 καὶ
1162 1551 1474 1624 κατωτέρᾳ,
1499 1551 1597 1624 τὴν
1626 1553 1884 1627 Σελήνην.
1921 1550 1973 1622 ξς

478 1641 746 1714 Τρέχουσι
778 1640 836 1694 δὲ
882 1640 1083 1712 δρόμον
1137 1639 1390 1712 ἄληκτον,
1426 1639 1487 1695 ὃν
1527 1642 1556 1696 ό
1588 1644 1932 1716 Δημιουργδς
1962 1658 1990 1687 ιι

2082 509 2233 556 motu
2266 517 2452 556 secum
2471 499 2843 555 circumferat.
2867 496 3086 566 Septem
3114 511 3281 567 porro
3308 495 3656 566 planetarum

2081 594 2198 649 btec
2226 599 2358 650 sunt
2388 593 2611 647 nomina
2647 610 2663 647 :
2695 592 2872 654 Luna,
2913 589 3241 656 Mercurius,
3271 587 3484 652 Venus,
3539 587 3657 647 Sol.

2081 685 2249 750 Mars,
2268 685 2502 756 Jupiter,
2544 685 2842 739 Saturnus.
2879 681 3130 736 Tradunt
3157 682 3403 751 insuper,
3437 681 3492 734 in
3523 694 3660 733 uno-

2084 792 2305 849 quoque
2357 776 2484 832 ειεΙὶ
2543 774 2752 830 circulo
2797 787 2972 828 unum
3025 786 3092 826 ex
3156 778 3366 841 septem
3424 768 3676 838 planetis.

2083 883 2228 925 esse.

2155 959 2216 1015 In
2252 959 2428 1030 primo
2449 972 2669 1028 nempe,
2704 955 2759 1011 id
2789 961 2875 1012 est
2901 952 3237 1020 sublitniori,
3269 951 3594 1008 Saturnum.

2161 1048 2222 1104 ln
2247 1047 2517 1112 secundo,
2556 1045 2770 1100 Jovem.

2159 1140 2218 1196 In
2245 1142 2431 1205 tertio,
2468 1139 2722 1208 Martem.

2160 1232 2218 1287 In
2251 1239 2471 1303 quarto,
2507 1229 2717 1303 Solem.

2160 1322 2218 1378 In
2251 1289 2476 1394 quinto,
2505 1289 2799 1377 Vomerem.

2162 1449 2221 1506 In
2255 1458 2436 1514 sexto,
2462 1447 2820 1502 Mercurium.

2161 1555 2222 1610 In
2259 1554 2496 1624 septimo
2519 1551 2762 1620 denique
2787 1557 2840 1604 et
2869 1548 3078 1613 infimo,
3116 1547 3350 1602 Lunam.

2162 1646 2303 1700 Anni
2333 1654 2561 1714 quatuor
2617 1653 2852 1710 tempora
2899 1649 2948 1694 et
2987 1640 3388 1692 ‘ronversiones.
3437 1634 3670 1690 Mundus

413 1734 600 1798 ἔταξεν
649 1732 854 1796 αὐτοῖς,
901 1731 998 1785 καὶ
1039 1729 1225 1794 καθὼς
1283 1730 1646 1802 ἐθεμελίωσεν
1703 1736 1878 1801 αὐτὰ,
1919 1737 1995 1801 ὥς

2100 1753 2248 1792 verno
2301 1747 2531 1804 tempore
2577 1733 2840 1788 conditus.
2895 1762 2966 1772 —
3012 1731 3249 1784 Cursum
3307 1736 3490 1782 autem
3540 1741 3683 1782 eumr

414 1840 579 1895 φησιν
610 1824 638 1876 ό
664 1822 807 1886 θεῖος
839 1821 1036 1876 Δαὸίδ·
1078 1821 1360 1891 Σελήνην
1388 1821 1485 1875 καὶ
1521 1824 1804 1893 ἀστέρας,
1841 1825 1879 1880 ἁ
1908 1826 1991 1880 σὺ

413 1911 830 1981 ἐθεμελίωσας.
871 1909 970 1963 Διά
1017 1911 1128 1979 γὰρ
1177 1908 1271 1964 τοῦ
1313 1910 1488 1964 εἰπεῖν
1513 1949 1528 1976 ,
1568 1913 1991 1984 ἐθεμελίωσας,

414 2003 656 2074 ἑσὴμανε
691 2001 752 2056 τὺ
775 2001 973 2071 πάγιον
1003 2002 1097 2055 καὶ
1157 2000 1537 2072 ἀμετάϐλητον
1563 2005 1664 2075 τῆς
1713 2007 1818 2059 ὑπὸ
1858 2007 1998 2061 Θεοῦ

413 2092 866 2162 δοθείσηςαύτοίς
889 2091 1094 2159 τάξεώς
1129 2108 1191 2145 τε
1235 2091 1331 2146 καὶ
1381 2091 1600 2164 είρμοῦ.
1637 2095 1836 2161 Ἔταξε
1883 2097 1995 2168 γὰρ

414 2183 614 2248 αὐτοὺς
651 2184 731 2248 εἰς
759 2184 1010 2254 καιροὺς,
1051 2182 1146 2238 καὶ
1171 2185 1253 2248 είς
1280 2187 1503 2254 σημεῖα,
1527 2186 1623 2238 καὶ
1651 2188 1729 2250 εἰς
1759 2189 1992 2258 ἡμέρας,

416 2275 509 2326 καὶ
538 2274 617 2337 είς
649 2275 952 2338 ἐνιαυτούς.
983 2275 1082 2347 Διὰ
1115 2275 1214 2346 μὲν
1257 2275 1366 2346 γὰρ
1396 2275 1490 2330 τοῦ
1518 2277 1670 2347 ἡλίου
1699 2281 1752 2332 αἱ
1798 2280 2000 2332 τέσσα-

419 2381 512 2436 ρες
545 2366 748 2436 τροπαὶ
785 2366 1130 2420 συνίστανται
1157 2385 1170 2398 ο
1214 2368 1308 2420 καὶ
1331 2368 1523 2438 πρώτη
1559 2369 1678 2438 μὲν,
1703 2371 1736 2440 ἡ
1765 2372 1953 2442 ὲαρινή
1977 2386 1991 2400 ⁸

416 2456 477 2510 ἐν
504 2455 642 2526 αὐτῇ
673 2455 780 2526 γὰρ
804 2455 1060 2527 ἐποίησεν
1098 2459 1126 2510 ὁ
1157 2457 1303 2526 Θεὸς,
1317 2455 1386 2510 τὰ
1409 2457 1704 2530 σύμπαντα
1732 2477 1744 2490 ο
1771 2461 1864 2513 καὶ
1895 2461 1993 2531 δη-

416 2547 500 2601 λοῖ
530 2547 598 2600 τὸ
629 2547 724 2602 καὶ
756 2546 921 2618 μέχρι
947 2547 1044 2602 τοῦ
1066 2549 1183 2615 νῦν,
1229 2551 1287 2604 ὲν
1325 2551 1462 2622 αὐτῇ
1496 2550 1604 2604 τῶν
1647 2550 1853 2605 ἀνθέων
1898 2551 1996 2624 τὴν

423 2639 717 2710 βλάστησιν
743 2638 1013 2708 γίνεσθαι,
1040 2639 1164 2710 ῆτις
1189 2641 1284 2695 καὶ
1316 2641 1610 2713 ἰσημερινὴ
1623 2642 1797 2714 τροπή
1827 2644 1998 2695 ἐστιν’

419 2731 626 2785 δώδεκα
666 2731 776 2802 γὰρ
825 2729 983 2802 ὡρῶν
1029 2732 1128 2802 τήν
1164 2748 1225 2784 τε
1287 2733 1502 2804 ἡμέραν
1552 2736 1648 2787 καὶ
1685 2732 1785 2804 τὴν
1829 2733 1999 2788 νύκτα

420 2821 768 2892 καθίστησιν.
818 2820 968 2892 Αὕτη
1006 2822 1074 2874 ὲκ
1107 2822 1206 2892 τῆς
1230 2824 1404 2894 μέσης
1426 2823 1692 2896 ἀνατολῆς
1719 2823 1816 2877 τοῦ
1842 2824 1999 2894 ἡλίου

424 2913 763 2978 συνίσταται,
788 2912 1028 2983 εὐκραὴς
1045 2909 1201 2978 οὖσα,
1229 2915 1462 2983 αἵματος
1481 2915 1772 2988 αὐξητικὴ,
1797 2915 1998 2986 θερμὴ,

425 2999 522 3054 καὶ
574 2999 718 3070 ὑγρὰ
769 2999 1091 3070 ὑπάρχουσα
1116 3015 1131 3030 ⁸
1167 3001 1262 3053 καὶ⁸
1298 3002 1365 3054 δι’
1408 3002 1608 3072 ἑαυτῆς
1638 3003 2002 3073 μεσιτεύουσα

2095 1831 2217 1887 sine
2251 1827 2666 1883 intermissione
2711 1831 2922 1887 tenent,
2961 1838 3126 1892 quem
3160 1822 3241 1876 eis
3277 1819 3545 1874 Conditor
3587 1819 3672 1871 in-

2094 1921 2260 1987 dixit,
2307 1926 2362 1974 et
2411 1919 2557 1975 sicut
2588 1932 2652 1973 ea
2697 1914 2984 1979 fundavit;
3012 1915 3168 1983 juxta
3197 1913 3329 1966 illud
3365 1909 3532 1966 divini
3565 1907 3686 1962 Da-

2094 2011 2237 2067 vidis
2278 2029 2292 2065 :
2325 2009 2533 2063 Lunam
2586 2017 2635 2063 et
2685 2006 2894 2071 stellas,
2925 2021 3042 2073 qua:
3081 2013 3134 2057 tu
3170 2003 3409 2072 fundasti
3441 2003 3482 2054 ί.
3533 1999 3670 2054 Nam

2095 2101 2284 2165 verbo,
2341 2099 2616 2170 fundasti,
2671 2096 2884 2151 ordinis
2925 2095 3250 2164 tenerisque
3305 2091 3441 2162 ipsis
3481 2105 3510 2143 a
3560 2089 3689 2144 Deo-

2097 2193 2350 2248 concessi
2407 2190 2722 2244 ﬁrmitatem
2768 2194 2823 2241 et
2869 2185 3237 2241 constantiam
3297 2179 3670 2250 significavit;

2097 2295 2221 2335 cum
2269 2294 2334 2333 ea
2379 2277 2636 2333 statuerit
2679 2277 2733 2330 in
2782 2282 3052 2345 tempora,
3083 2280 3137 2336 et
3179 2273 3356 2342 signa,
3387 2277 3442 2325 et
3473 2283 3670 2324 annos.

2095 2370 2202 2426 Per
2247 2371 2418 2426 solem
2462 2368 2608 2422 enim
2643 2375 2883 2436 quatuor
2936 2372 3318 2435 tempestates,
3352 2361 3674 2417 conversio-

2096 2477 2266 2518 ncsve
2308 2461 2726 2516 constituuntur
2769 2476 2782 2512 :
2821 2471 3052 2527 quarum
3103 2455 3280 2526 prima
3331 2468 3495 2509 verna
3553 2463 3674 2518 est;

2097 2568 2207 2624 qua
2250 2553 2508 2606 nimirum
2547 2550 2689 2606 Deus
2716 2549 2964 2604 condidit
3003 2549 3260 2602 universa
3285 2547 3306 2577 ί
3337 2565 3351 2601 :
3387 2545 3553 2614 idque
3576 2544 3674 2598 dc-

2098 2645 2309 2701 clarant
2367 2643 2668 2697 etiamnum
2725 2639 2888 2696 ﬂores
2939 2654 3068 2695 vere
3127 2639 3482 2710 pullulantes.
3553 2635 3678 2689 lla'c

2101 2743 2284 2791 autem
2331 2733 2644 2797 conversio,
2695 2731 3098 2802 :rquinoctialis
3160 2730 3363 2784 dicitur
3412 2747 3426 2782 :
3475 2729 3680 2798 quippe

2101 2840 2226 2881 cum
2259 2824 2402 2878 diem
2421 2822 2710 2878 duodecim
2750 2821 3035 2885 horarum,
3067 2820 3430 2888 totidemque,
3453 2827 3684 2871 noctem

2102 2915 2361 2971 efficiant.
2382 2915 2555 2968 Porro
2580 2914 2672 2966 illa
2696 2927 2760 2967 ex
2784 2912 2972 2967 medio
2995 2911 3129 2966 solis
3151 2918 3275 2966 ortu
3295 2908 3684 2973 constituitur,

2105 3007 2419 3078 optimaque
2461 3004 2718 3073 temperie
2748 3013 2854 3068 est,
2894 3003 3218 3073 sanguinem
3261 3016 3489 3072 augens,
3523 3001 3660 3054 eali-

425 3090 506 3162 τῷ
529 3089 761 3162 χειμῶνί
787 3107 847 3143 τε
870 3091 966 3144 καὶ
988 3091 1066 3162 τῷ
1093 3090 1242 3162 θέρει
1274 3108 1291 3125 ο
1315 3091 1410 3144 τοῦ
1437 3092 1536 3161 μὲν
1571 3093 1848 3163 χειμῶνος.
1870 3093 1996 3164 θερ-

2101 3099 2280 3166 daque
2303 3105 2358 3152 et
2389 3097 2612 3150 humida
2657 3103 2821 3166 atque
2850 3097 2994 3151 inter
3023 3095 3254 3149 hiemem
3293 3101 3347 3148 et
3380 3101 3664 3156 aestatem;

429 3181 636 3254 μοτέρα
687 3182 782 3236 καὶ
813 3180 1103 3254 ξηροτέρα,
1133 3180 1226 3234 τοῦ
1253 3181 1312 3236 δὲ
1355 3182 1547 3253 Θέρους
1572 3183 1884 3254 ψυχροτέρα
1905 3186 2002 3240 καὶ

428 3272 699 3345 ὑγροτέρα
715 3291 729 3306 ο
753 3272 1010 3328 διατείνει
1031 3272 1095 3326 δὲ
1111 3271 1296 3343 αὑτὴὴ
1323 3271 1464 3344 ὥρα,
1487 3273 1597 3326 ἀπὸ
1621 3275 1867 3346 Μαρτίου
1895 3275 2000 3329 καὶ,

434 3366 628 3438 μέχρις
668 3365 1021 3420 Ἰουνίου-δεδι.
1065 3359 1200 3418 Εἶτα
1230 3363 1543 3436 ὑψουμένης
1591 3365 1696 3434 τῆς
1725 3365 1820 3418 τοῦ
1847 3366 2000 3437 ἡλίου

429 3457 692 3528 ἀνατολῆς
721 3457 814 3514 ἐπὶ
864 3456 934 3509 τὰ
973 3455 1289 3528 βορειότερα
1325 3455 1490 3526 μέρη,
1528 3457 1562 3528 ἡ
1595 3455 1780 3528 Θερινὴ
1824 3457 2002 3530 τροπὴ

429 3546 752 3617 διαδέχεται,
804 3546 1182 3618 μεσιτεύουσαν.
1221 3547 1299 3618 τῷ
1335 3563 1400 3600 τε
1433 3547 1555 3619 ἔαρι
1591 3549 1686 3602 καὶ
1720 3548 1800 3617 τῷ
1843 3566 2005 3620 μετο-

433 3635 633 3709 πώρῳ”
662 3639 727 3692 ὲκ
761 3639 859 3708 μὲν
906 3637 1000 3692 τοῦ
1051 3637 1215 3706 ἔαρος
1246 3636 1309 3690 τὸ
1353 3635 1558 3707 Θε-ρμὸν
1589 3636 1813 3707 ἔχουσα,
1858 3638 1922 3691 ὲκ
1945 3637 2004 3690 δὲ

430 3730 526 3783 τοῦ
555 3728 874 3800 μετοπώρου
903 3727 965 3782 τὸ
990 3727 1172 3800 ξηρόν·
1208 3727 1392 3800 θερμὴ
1415 3727 1524 3798 γάρ
1539 3727 1680 3793 ἐστι,
1711 3729 1808 3782 καὶ
1838 3727 2006 3798 ξηρὰ,

430 3821 526 3876 καὶ
553 3820 653 3891 τὴν
675 3820 872 3891 ξανθὴν
904 3818 1059 3887 αὔξει
1104 3819 1285 3892 χολήν.
1329 3820 1482 3892 Αὕτη
1519 3819 1578 3873 δὲ
1603 3820 1870 3892 μεγίστην
1903 3820 2004 3890 μὲν

428 3910 528 3982 τὴν
552 3910 765 3981 ἡμέραν
799 3909 932 3980 ἔχει,
989 3908 1150 3981 ὡρῶν
1209 3915 1304 3963 te"
1375 3909 1474 3980 τὴν
1535 3908 1593 3962 δὲ
1641 3909 1814 3963 νύκτα
1857 3909 2001 3964 πάνυ

432 4001 822 4072 σμικροτάτην,
874 4000 1032 4071 ὡρῶν
1065 4001 1219 4052 ἐννέα
1255 3999 1532 4070 διάστημα
1586 3998 1833 4070 ἔχουσαν.
1892 4000 2004 4053 Καὶ

431 4092 571 4163 αὕτη
614 4092 673 4144 δὲ
733 4091 988 4144 διατείνει
1051 4090 1159 4143 ἀπὸ
1221 4089 1440 4144 Ἰουνίου
1495 4090 1573 4143 κδ’
1617 4091 1778 4161 μέχρι
1831 4090 2002 4162 μηνὸς

433 4181 809 4253 Σεπτεμϐρίου
841 4186 939 4234 κε’.
972 4175 1107 4234 Εἶτα
1136 4180 1299 4234 πάλιν
1358 4182 1438 4245 εἰς
1469 4179 1567 4251 τὴν
1611 4182 1784 4251 μέσην
1810 4182 2005 4236 ἀνατο-

432 4269 533 4340 λὴν
564 4269 657 4322 τοῦ
685 4270 838 4340 ἡλίου
860 4269 1196 4334 ἐπανιόντος,
1249 4270 1284 4342 ἡ
1327 4270 1676 4342 μετοπωρινὴ
1703 4271 1879 4344 τροπὴ
1906 4271 2005 4344 τὴν

435 4359 930 4448 θερινὴνκτλὰμείὸει,
958 4359 1140 4431 μέσως
1171 4378 1288 4424 πως
1310 4359 1511 4431 ἔχουσα
1543 4360 1756 4432 uagae;
1787 4379 1870 4427 τε,
1909 4362 2016 4417 καὶ·

2106 3189 2343 3243 hiemem
2375 3187 2558 3241 calore
2604 3192 2660 3241 et
2709 3185 2981 3251 siccitate,
3033 3190 3276 3238 aestatem
3315 3181 3591 3252 frigcdine
3624 3188 3686 3236 et

2106 3277 2432 3334 hutniditate
2459 3291 2852 3348 superansque.
2881 3274 3008 3329 llmc
3033 3289 3162 3343 pars
3183 3272 3486 3326 avicesiniu
3505 3270 3691 3338 primo

2106 3366 2288 3423 Martii
2321 3377 2390 3423 ad
2441 3369 2760 3424 vicesimum
2793 3374 3054 3437 quartum
3095 3363 3244 3418 Junii
3290 3363 3682 3434 exporrigitur.

2107 3459 2315 3515 Deinde
2345 3475 2481 3516 vero
2534 3461 2670 3516 solis
2702 3467 2829 3514 ortu
2875 3457 2943 3512 ad
2992 3456 3450 3527 septentrionales
3493 3462 3686 3524 partes

2108 3550 2276 3605 altius
2345 3559 2688 3621 assurgente,
2745 3548 3045 3604 solstitium
3098 3546 3349 3602 aestivum
3411 3545 3684 3612 succedit,

2107 3637 2258 3710 quod
2288 3638 2432 3694 inter
2461 3654 2562 3694 ver
2587 3647 2642 3694 et
2673 3647 2998 3695 autumnum
3031 3641 3212 3693 locum
3239 3638 3476 3694 medium
3510 3645 3682 3706 tenet,

2105 3745 2136 3785 a
2171 3746 2298 3786 vere
2327 3731 2602 3794 calorem,
2639 3731 2708 3787 ab
2749 3737 3020 3786 autumno
3079 3729 3387 3785 siccitatem
3449 3729 3681 3786 halens.

2104 3818 2291 3874 Calida
2350 3835 2602 3890 namque,
2637 3829 2691 3876 et
2733 3821 2884 3877 sicca
2919 3828 3006 3876 est
3035 3827 3198 3877 testas
3225 3857 3242 3883 ,
3275 3827 3330 3874 et
3360 3818 3513 3875 flava:
3552 3819 3692 3875 bilis

2106 3912 2499 3968 incrementum
2540 3913 2696 3985 165
2761 3912 2912 3968 facit.
2960 3909 3139 3982 Hujus
3193 3924 3357 3981 porro
3416 3909 3684 3963 maximus

2105 4003 2225 4060 dies
2250 4003 2564 4074 quindecim
2629 4005 2798 4060 horas
2851 4003 3237 4073 complectitur
3280 4021 3294 4057 :
3338 4017 3440 4056 nox
3514 4015 3682 4070 quam

2106 4095 2432 4152 brevissima
2454 4111 2648 4153 novem
2681 4097 2942 4151 horarum
2973 4095 3154 4165 spatio
3180 4093 3466 4148 definitur.
3508 4091 3686 4159 Atque

2107 4187 2222 4242 haec
2268 4201 2490 4258 quoque
2524 4201 2556 4240 a
2603 4196 2804 4258 quarto
2843 4195 2898 4242 et
2946 4185 3213 4241 vicesimo
3259 4180 3410 4236 Junii
3460 4179 3578 4243 die,
3616 4181 3682 4234 ad

2107 4278 2358 4349 quintum
2387 4286 2442 4334 et
2465 4277 2792 4334 vicesimum
2829 4275 3171 4346 Septembris
3199 4271 3452 4342 pertinet.
3486 4268 3684 4324 Postea

2108 4371 2225 4428 sole
2249 4385 2448 4426 rursus
2474 4369 2544 4424 ad
2577 4370 2820 4426 medium
2851 4377 3034 4424 ortum
3064 4363 3427 4436 regrediente,
3464 4370 3687 4417 autum-

438 4444 690 4524 θέρμης,’
731 4448 1049 4524 ξηρότητος·
1074 4469 1153 4515 τε,
1200 4453 1296 4506 καὶ
1341 4453 1659 4524 ὑγρότητος,
1713 4453 1809 4507 καὶ
1849 4469 1997 4524 μεσι-

2108 4461 2251 4516 nalis
2273 4457 2568 4514 conversio
2591 4459 2832 4513 aestivam
2867 4455 3096 4525 excipit,
3125 4452 3303 4508 media
3326 4450 3664 4520 quodammo

436 4542 670 4599 τεύουσα
698 4545 764 4615 τῇ
785 4560 846 4597 τε
879 4543 1090 4624 θερινῇ,
1145 4543 1243 4598 καὶ
1275 4545 1343 4616 τῇ
1391 4546 1674 4616 χειμερινῇ
1705 4546 1904 4616 τροπῇ,
1942 4545 1997 4598 ἐκ

2105 4552 2177 4608 do
2207 4551 2348 4605 inter
2389 4549 2567 4619 frigus
2616 4558 2671 4604 et
2717 4547 2982 4611 calorem,
3031 4544 3447 4612 siccitatemque
3484 4549 3540 4596 et
3579 4541 3686 4594 hu-

437 4635 538 4706 μὲν
561 4637 663 4707 τῆς
693 4633 914 4707 Θερινῆς
942 4635 1002 4689 τὸ
1035 4634 1221 4707 ξηρὸν,
1253 4635 1318 4689 ὲκ
1367 4635 1425 4688 δὲ
1469 4636 1568 4705 τῆς
1601 4636 1920 4708 χειμερινῆς
1947 4635 1997 4689 τὲ

2105 4646 2520 4709 morem,atque
2548 4638 2690 4692 inter
2706 4637 2950 4694 aestivam
2981 4643 3035 4691 et
3059 4633 3345 4688 hibernam
3391 4638 3686 4700 tempesta-

431 4727 640 4799 ψυχρὸν
673 4725 892 4798 ἔχουσα.
917 4727 1120 4799 Ψυχρά
1143 4728 1254 4799 γάρ
1282 4728 1401 4782 ἐστι
1435 4727 1530 4782 καὶ
1559 4727 1720 4798 ξηρὰ,
1751 4727 1918 4799 χολῆς
1948 4745 2008 4782 τε

437 4821 698 4892 μελαίνης
725 4819 996 4893 αὐξητικὴ
1025 4820 1291 4890 πέφυκεν.
1328 4818 1479 4892 Αὕτη
1510 4819 1676 4874 πάλιν
1713 4819 2008 4890 ἱσημερινὴ

2105 4741 2198 4787 tes-
2221 4729 2542 4798 interiecta;
2592 4729 2661 4782 ab
2723 4731 2912 4785 aestiva
2956 4725 3213 4782 videlicet
3252 4723 3584 4784 siccitatem,
3619 4719 3710 4806 ab’

2106 4823 2339 4879 hiberna
2387 4821 2708 4892 frigedinem
2743 4820 2970 4875 habens.
3018 4815 3237 4889 Frigida
3266 4815 3411 4871 enim
3443 4823 3498 4869 et
3541 4812 3691 4868 sicca

435 4913 610 4984 τροπὴ
629 4913 887 4986 ὑπάρχει,
935 4912 1145 4967 δώδεκα
1187 4911 1349 4984 ὡρῶν
1393 4913 1493 4984 τήν
1535 4929 1598 4965 τε
1644 4911 1884 4982 ἡμέραν,
1914 4911 1997 4965 κα]

2113 4924 2220 4982 est,
2253 4921 2540 4984 atramque
2575 4912 2738 4968 bilem
2772 4926 2975 4983 augere
3007 4912 3166 4966 solet.
3200 4909 3378 4979 Atque
3407 4907 3522 4961 haec
3557 4917 3698 4959 rur-

439 5003 537 5071 τὴν
555 5005 722 5060 νύκτα
764 5006 994 5079 ἔχουσαν
1013 5021 1029 5039 ⁶
1079 5005 1340 5060 διατείνει
1369 5005 1426 5058 δὲ
1452 5003 1592 5074 αὕτη
1631 5003 1740 5057 ἀπὸ
1768 5004 2012 5074 Σεπτεμ-

2117 5020 2213 5061 sus
2228 5003 2632 5074 mquinoctialis
2649 5003 2942 5058 conversio
2967 5001 3197 5064 dicitur,
3226 5008 3287 5054 ut
3318 5012 3442 5068 quae
3479 4995 3688 5049 duode-

445 5091 597 5164 ὁρίου
623 5103 722 5164 κε’,
749 5099 914 5173 μέχρι
967 5097 1308 5170 Δεκεμϐρίου
1344 5095 1442 5152 κε’.
1507 5094 1613 5150 Τοῦ
1642 5095 1700 5150 δὲ
1735 5094 1886 5166 ἡλίου
1922 5094 1997 5146 ὲπ⁴

2119 5096 2227 5151 cim
2250 5095 2538 5161 horarum,
2567 5100 2684 5149 tum
2713 5093 2882 5162 diem,
2919 5101 3034 5150 tum
3064 5098 3277 5148 noctem
3303 5088 3520 5145 habeat.
3547 5084 3699 5140 Pro»

522 5247 544 5281 ί
567 5246 708 5307 Psal.
731 5268 850 5318 \tttt,
883 5257 936 5310 4.
1011 5255 1031 5286 ²
1052 5254 1220 5310 Basil.
1257 5253 1404 5310 hom.
1439 5251 1472 5306 6
1496 5251 1548 5306 in
1581 5248 1840 5306 llexacm.

1696 5371 1930 5428 VARIE
1967 5366 2374 5425 LECTIONES.

520 5515 540 5550 ί
567 5509 683 5568 Cod
712 5509 864 5566 Colb.
899 5512 1054 5582 4780.
1079 5523 1134 5568 et
1167 5512 1224 5567 S.
1268 5513 1374 5567 ilil.
1409 5512 1657 5582 planetas
1677 5510 1970 5582 eodcmac
2002 5507 2381 5582 editaﬂordine
2411 5515 2681 5582 recenset,
2705 5505 2834 5582 -sed
2893 5503 3126 5582 singulis
3179 5503 3393 5582 metalla
3447 5505 3688 5582 singula,

441 5600 567 5675 quae
589 5582 906 5665 eorumdem
956 5581 1160 5675 inﬂux‘u
1198 5574 1441 5652 generari
1479 5583 1759 5675 dicuntur,
1785 5580 2068 5647 assignant
2099 5575 2338 5675 ξ’ἡλιοξί,
2370 5577 2568 5675 χρυσός
2592 5575 2864 5675 ἓῖσεέκκὴνη,
2902 5574 3178 5675 ἄρῖίυςοςιξ

494 5670 663 5675 .---..-
711 5667 1048 5675 --..__._----.
1081 5653 1102 5670 Iv
1159 5667 1254 5675 -..Α
1301 5652 1632 5675 .'.:~-:_---__-__
1694 5652 1706 5669 ο
1757 5649 1974 5675 ----2:_..
2028 5665 2093 5675 ....
2133 5664 2163 5675 .,
2202 5660 2245 5675 ρο
2340 5663 2366 5675 ι.
2401 5663 2488 5675 η..-
2552 5662 2582 5675 η
2655 5663 2683 5675 ιι
2785 5660 2808 5675 ρ
2928 5653 2952 5675 ιι
3003 5643 3068 5675 ’,υ

471 5644 1272 5727 ΕρμῆςκκασσιτεροςοβΛρῆς,
1300 5652 1654 5724 ύδρὰργυρος,
1694 5644 1998 5722 Ἀφροδίτη,
2028 5644 2245 5720 χαλκός·
2281 5644 2510 5718 Κρόνος,
2550 5644 2828 5715 μόλυϐδος.

439 5720 576 5793 tros,
604 5720 658 5782 et
687 5720 752 5778 Ν.
778 5721 1202 5790 δημιουργήσας.

3234 5573 3390 5645 Ζεὺς.
3434 5573 3700 5645 statim?”

2928 5653 2954 5680 ιι
2975 5642 3109 5698 Cod.
3141 5642 3298 5700 Colb.
3321 5643 3500 5713 4780;
3535 5642 3702 5716 Regii
