  <div class='ocr_page' id='page_1' title='image "/cluster/home/n/w/nwhite01/storage/ocr_20150623/94/mdp.39015008918610/455.png"; bbox 0 0 4116 6150; ppageno 0'>
   <div class='ocr_carea' id='block_1_1' title="bbox 506 350 3806 447">
    <p class='ocr_par' dir='ltr' id='par_1_1' title="bbox 506 350 3806 447">
     <span class='ocr_line' id='line_1_1' title="bbox 506 350 3806 447; baseline 0.001 -5"><span class='ocrx_word' id='word_1_1' title='bbox 506 380 614 444; x_wconf 77' lang='lat'><strong>895</strong></span> <span class='ocrx_word' id='word_1_2' title='bbox 1691 381 1752 441; x_wconf 91' lang='lat' dir='ltr'><strong>s.</strong></span> <span class='ocrx_word' id='word_1_3' title='bbox 1791 379 2115 444; x_wconf 83' lang='lat' dir='ltr'><strong>JOANNIS</strong></span> <span class='ocrx_word' id='word_1_4' title='bbox 2153 384 2585 447; x_wconf 81' lang='lat' dir='ltr'><strong>DAMASCENI</strong></span> <span class='ocrx_word' id='word_1_5' title='bbox 3074 383 3115 413; x_wconf 66' lang='grc' dir='ltr'><em>ί</em></span> <span class='ocrx_word' id='word_1_6' title='bbox 3670 350 3806 446; x_wconf 65' lang='grc' dir='ltr'>δυο</span> 
     </span>
    </p>
   </div>
   <div class='ocr_carea' id='block_1_2' title="bbox 508 490 2124 569">
    <p class='ocr_par' dir='ltr' id='par_1_2' title="bbox 508 490 2124 565">
     <span class='ocr_line' id='line_1_2' title="bbox 508 490 2124 565; baseline -0.001 -13"><span class='ocrx_word' id='word_1_7' title='bbox 508 503 663 560; x_wconf 85' lang='lat' dir='ltr'><strong>sunt,</strong></span> <span class='ocrx_word' id='word_1_8' title='bbox 697 507 817 565; x_wconf 66' lang='lat' dir='ltr'><strong>quae</strong></span> <span class='ocrx_word' id='word_1_9' title='bbox 846 490 901 548; x_wconf 91' lang='lat' dir='ltr'><strong>in</strong></span> <span class='ocrx_word' id='word_1_10' title='bbox 937 491 1116 562; x_wconf 90' lang='lat' dir='ltr'><strong>primo</strong></span> <span class='ocrx_word' id='word_1_11' title='bbox 1165 502 1348 546; x_wconf 86' lang='lat' dir='ltr'><strong>rerum</strong></span> <span class='ocrx_word' id='word_1_12' title='bbox 1396 495 1520 547; x_wconf 71' lang='lat' dir='ltr'><strong>ontu</strong></span> <span class='ocrx_word' id='word_1_13' title='bbox 1554 502 1844 563; x_wconf 86' lang='lat' dir='ltr'><strong>procreata</strong></span> <span class='ocrx_word' id='word_1_14' title='bbox 1894 494 2049 552; x_wconf 82' lang='lat' dir='ltr'><strong>fuere</strong></span> <span class='ocrx_word' id='word_1_15' title='bbox 2074 511 2124 561; x_wconf 51' lang='grc' dir='ltr'><strong>ι,</strong></span> 
     </span>
    </p>
   </div>
   <div class='ocr_carea' id='block_1_3' title="bbox 2226 490 3778 569">
    <p class='ocr_par' dir='ltr' id='par_1_3' title="bbox 2226 490 3778 569">
     <span class='ocr_line' id='line_1_3' title="bbox 2226 490 3778 569; baseline -0.001 -18"><span class='ocrx_word' id='word_1_16' title='bbox 2226 515 2366 568; x_wconf 81' lang='grc' dir='ltr'>’ματι</span> <span class='ocrx_word' id='word_1_17' title='bbox 2397 497 2517 552; x_wconf 85' lang='grc' dir='ltr'>κατ’</span> <span class='ocrx_word' id='word_1_18' title='bbox 2552 495 2717 552; x_wconf 70' lang='grc' dir='ltr'>αὑτὸν</span> <span class='ocrx_word' id='word_1_19' title='bbox 2743 496 2935 569; x_wconf 71' lang='grc' dir='ltr'>καιρὸν</span> <span class='ocrx_word' id='word_1_20' title='bbox 2959 490 3326 560; x_wconf 72' lang='grc' dir='ltr'><strong>συνίστανται,</strong></span> <span class='ocrx_word' id='word_1_21' title='bbox 3362 493 3458 548; x_wconf 81' lang='lat' dir='ltr'><strong>xui</strong></span> <span class='ocrx_word' id='word_1_22' title='bbox 3486 492 3648 549; x_wconf 87' lang='grc' dir='ltr'>πάλιν</span> <span class='ocrx_word' id='word_1_23' title='bbox 3663 494 3778 550; x_wconf 84' lang='grc' dir='ltr'>δια-</span> 
     </span>
    </p>
   </div>
   <div class='ocr_carea' id='block_1_4' title="bbox 506 580 2124 660">
    <p class='ocr_par' dir='ltr' id='par_1_4' title="bbox 506 580 2104 654">
     <span class='ocr_line' id='line_1_4' title="bbox 506 580 2104 654; baseline -0.002 -12"><span class='ocrx_word' id='word_1_24' title='bbox 506 599 701 641; x_wconf 84' lang='lat' dir='ltr'><strong>vernm</strong></span> <span class='ocrx_word' id='word_1_25' title='bbox 760 583 857 637; x_wconf 88' lang='lat' dir='ltr'><strong>Dei</strong></span> <span class='ocrx_word' id='word_1_26' title='bbox 908 582 1066 651; x_wconf 87' lang='lat' dir='ltr'><strong>jussu</strong></span> <span class='ocrx_word' id='word_1_27' title='bbox 1116 580 1221 636; x_wconf 89' lang='lat' dir='ltr'><strong>sub</strong></span> <span class='ocrx_word' id='word_1_28' title='bbox 1268 582 1448 650; x_wconf 87' lang='lat' dir='ltr'><strong>ipsum</strong></span> <span class='ocrx_word' id='word_1_29' title='bbox 1505 589 1724 652; x_wconf 89' lang='lat' dir='ltr'><strong>tempus</strong></span> <span class='ocrx_word' id='word_1_30' title='bbox 1772 582 2104 654; x_wconf 82' lang='lat' dir='ltr'><strong>conﬂantur,</strong></span> 
     </span>
    </p>
   </div>
   <div class='ocr_carea' id='block_1_5' title="bbox 2226 580 3778 660">
    <p class='ocr_par' dir='ltr' id='par_1_5' title="bbox 2226 584 3778 660">
     <span class='ocr_line' id='line_1_5' title="bbox 2226 584 3778 660; baseline -0.001 -18"><span class='ocrx_word' id='word_1_31' title='bbox 2226 588 2443 645; x_wconf 89' lang='grc' dir='ltr'>.ύονται.</span> <span class='ocrx_word' id='word_1_32' title='bbox 2480 589 2642 643; x_wconf 59' lang='grc' dir='ltr'>Ἐπεὶ</span> <span class='ocrx_word' id='word_1_33' title='bbox 2661 590 2754 643; x_wconf 85' lang='lat' dir='ltr'><strong>xui</strong></span> <span class='ocrx_word' id='word_1_34' title='bbox 2784 590 2812 642; x_wconf 99' lang='lat'><strong>6</strong></span> <span class='ocrx_word' id='word_1_35' title='bbox 2843 587 2988 642; x_wconf 75' lang='grc' dir='ltr'>κατὰ</span> <span class='ocrx_word' id='word_1_36' title='bbox 3021 584 3122 657; x_wconf 82' lang='grc' dir='ltr'>τὴν</span> <span class='ocrx_word' id='word_1_37' title='bbox 3149 585 3244 641; x_wconf 77' lang='grc' dir='ltr'>τοῦ</span> <span class='ocrx_word' id='word_1_38' title='bbox 3286 584 3495 658; x_wconf 83' lang='grc' dir='ltr'>Κυρίου</span> <span class='ocrx_word' id='word_1_39' title='bbox 3532 585 3601 640; x_wconf 85' lang='grc' dir='ltr'><strong>δι’</strong></span> <span class='ocrx_word' id='word_1_40' title='bbox 3626 588 3778 660; x_wconf 75' lang='grc' dir='ltr'>ἡμᾶς</span> 
     </span>
    </p>
   </div>
   <div class='ocr_carea' id='block_1_6' title="bbox 509 671 2124 752">
    <p class='ocr_par' dir='ltr' id='par_1_6' title="bbox 509 671 2101 746">
     <span class='ocr_line' id='line_1_6' title="bbox 509 671 2101 746; baseline -0.001 -13"><span class='ocrx_word' id='word_1_41' title='bbox 509 690 819 746; x_wconf 82' lang='lat' dir='ltr'><strong>rursusque</strong></span> <span class='ocrx_word' id='word_1_42' title='bbox 848 673 1254 729; x_wconf 58' lang='lat' dir='ltr'><strong>dissolvuntur</strong></span> <span class='ocrx_word' id='word_1_43' title='bbox 1276 674 1318 726; x_wconf 84' lang='grc'><strong>⁸.</strong></span> <span class='ocrx_word' id='word_1_44' title='bbox 1350 671 1805 743; x_wconf 85' lang='lat' dir='ltr'><strong>Quandoquidem</strong></span> <span class='ocrx_word' id='word_1_45' title='bbox 1837 691 1906 730; x_wconf 90' lang='lat' dir='ltr'><strong>ne</strong></span> <span class='ocrx_word' id='word_1_46' title='bbox 1944 676 2101 732; x_wconf 90' lang='lat' dir='ltr'><strong>sidus</strong></span> 
     </span>
    </p>
   </div>
   <div class='ocr_carea' id='block_1_7' title="bbox 2226 671 3778 752">
    <p class='ocr_par' dir='ltr' id='par_1_7' title="bbox 2226 677 3778 752">
     <span class='ocr_line' id='line_1_7' title="bbox 2226 677 3778 752; baseline 0 -20"><span class='ocrx_word' id='word_1_47' title='bbox 2226 679 2344 732; x_wconf 65' lang='grc' dir='ltr'>πατὰ</span> <span class='ocrx_word' id='word_1_48' title='bbox 2398 679 2577 752; x_wconf 83' lang='grc' dir='ltr'>σάρκα</span> <span class='ocrx_word' id='word_1_49' title='bbox 2626 678 3009 751; x_wconf 81' lang='grc' dir='ltr'>φιλάνθρωπον</span> <span class='ocrx_word' id='word_1_50' title='bbox 3050 677 3146 730; x_wconf 86' lang='lat' dir='ltr'><strong>xui</strong></span> <span class='ocrx_word' id='word_1_51' title='bbox 3199 677 3467 749; x_wconf 87' lang='grc' dir='ltr'>σωτήριον</span> <span class='ocrx_word' id='word_1_52' title='bbox 3515 677 3778 750; x_wconf 76' lang='grc' dir='ltr'><strong>γέννησιν</strong></span> 
     </span>
    </p>
   </div>
   <div class='ocr_carea' id='block_1_8' title="bbox 406 764 2124 843">
    <p class='ocr_par' dir='ltr' id='par_1_8' title="bbox 406 764 2100 836">
     <span class='ocr_line' id='line_1_8' title="bbox 406 764 2100 836; baseline -0.001 -12"><span class='ocrx_word' id='word_1_53' title='bbox 406 803 424 824; x_wconf 82' lang='lat'><strong>.</strong></span> <span class='ocrx_word' id='word_1_54' title='bbox 509 769 731 836; x_wconf 83' lang='lat' dir='ltr'><strong>quidem</strong></span> <span class='ocrx_word' id='word_1_55' title='bbox 759 765 915 828; x_wconf 86' lang='lat' dir='ltr'><strong>illud.</strong></span> <span class='ocrx_word' id='word_1_56' title='bbox 941 764 1089 834; x_wconf 84' lang='lat' dir='ltr'><strong>quod</strong></span> <span class='ocrx_word' id='word_1_57' title='bbox 1121 773 1260 831; x_wconf 89' lang='lat' dir='ltr'><strong>tum,</strong></span> <span class='ocrx_word' id='word_1_58' title='bbox 1286 780 1412 821; x_wconf 84' lang='lat' dir='ltr'><strong>cum</strong></span> <span class='ocrx_word' id='word_1_59' title='bbox 1438 764 1706 823; x_wconf 88' lang='lat' dir='ltr'><strong>Dominus</strong></span> <span class='ocrx_word' id='word_1_60' title='bbox 1728 768 1905 823; x_wconf 80' lang='lat' dir='ltr'><strong>nostri</strong></span> <span class='ocrx_word' id='word_1_61' title='bbox 1931 782 2100 824; x_wconf 85' lang='lat' dir='ltr'><strong>causa</strong></span> 
     </span>
    </p>
   </div>
   <div class='ocr_carea' id='block_1_9' title="bbox 2226 764 3781 843">
    <p class='ocr_par' dir='ltr' id='par_1_9' title="bbox 2230 769 3781 843">
     <span class='ocr_line' id='line_1_9' title="bbox 2230 769 3781 843; baseline 0.001 -18"><span class='ocrx_word' id='word_1_62' title='bbox 2230 771 2385 841; x_wconf 70' lang='grc' dir='ltr'>φθεὶς</span> <span class='ocrx_word' id='word_1_63' title='bbox 2412 774 2524 837; x_wconf 80' lang='grc' dir='ltr'>τοῖς</span> <span class='ocrx_word' id='word_1_64' title='bbox 2557 773 2755 843; x_wconf 82' lang='grc' dir='ltr'><strong>μάγοις</strong></span> <span class='ocrx_word' id='word_1_65' title='bbox 2778 772 2976 843; x_wconf 82' lang='grc' dir='ltr'>ἀστὴρ,</span> <span class='ocrx_word' id='word_1_66' title='bbox 3021 770 3082 823; x_wconf 87' lang='grc' dir='ltr'><strong>ού</strong></span> <span class='ocrx_word' id='word_1_67' title='bbox 3121 769 3229 824; x_wconf 83' lang='grc' dir='ltr'>τῶν</span> <span class='ocrx_word' id='word_1_68' title='bbox 3282 770 3341 823; x_wconf 82' lang='grc' dir='ltr'>ὲν</span> <span class='ocrx_word' id='word_1_69' title='bbox 3374 771 3513 842; x_wconf 84' lang='grc' dir='ltr'>ἀρχῇ</span> <span class='ocrx_word' id='word_1_70' title='bbox 3546 771 3781 843; x_wconf 84' lang='grc' dir='ltr'>γενομέ-</span> 
     </span>
    </p>
   </div>
   <div class='ocr_carea' id='block_1_10' title="bbox 458 858 2124 937">
    <p class='ocr_par' dir='ltr' id='par_1_10' title="bbox 458 858 2100 937">
     <span class='ocr_line' id='line_1_10' title="bbox 458 858 2100 937; baseline 0.001 -23"><span class='ocrx_word' id='word_1_71' title='bbox 458 873 471 937; x_wconf 69' lang='grc' dir='ltr'>έ</span> <span class='ocrx_word' id='word_1_72' title='bbox 514 858 671 930; x_wconf 77' lang='lat'><strong>167</strong></span> <span class='ocrx_word' id='word_1_73' title='bbox 709 872 808 927; x_wconf 91' lang='lat' dir='ltr'><strong>pro</strong></span> <span class='ocrx_word' id='word_1_74' title='bbox 836 872 936 913; x_wconf 90' lang='lat' dir='ltr'><strong>sua</strong></span> <span class='ocrx_word' id='word_1_75' title='bbox 963 872 1095 926; x_wconf 82' lang='lat' dir='ltr'><strong>erga</strong></span> <span class='ocrx_word' id='word_1_76' title='bbox 1119 858 1370 914; x_wconf 80' lang='lat' dir='ltr'><strong>homines</strong></span> <span class='ocrx_word' id='word_1_77' title='bbox 1390 859 1708 925; x_wconf 88' lang='lat' dir='ltr'><strong>clementia,</strong></span> <span class='ocrx_word' id='word_1_78' title='bbox 1743 860 2100 931; x_wconf 88' lang='lat' dir='ltr'><strong>ipsorumque</strong></span> 
     </span>
    </p>
   </div>
   <div class='ocr_carea' id='block_1_11' title="bbox 2226 858 3779 937">
    <p class='ocr_par' dir='ltr' id='par_1_11' title="bbox 2230 861 3779 937">
     <span class='ocr_line' id='line_1_11' title="bbox 2230 861 3779 937; baseline -0.003 -19"><span class='ocrx_word' id='word_1_79' title='bbox 2230 880 2306 918; x_wconf 91' lang='grc' dir='ltr'><strong>ων</strong></span> <span class='ocrx_word' id='word_1_80' title='bbox 2324 863 2540 936; x_wconf 82' lang='grc' dir='ltr'><strong>ἄστρων</strong></span> <span class='ocrx_word' id='word_1_81' title='bbox 2572 861 2640 937; x_wconf 78' lang='grc' dir='ltr'>ἦν</span> <span class='ocrx_word' id='word_1_82' title='bbox 2657 880 2670 894; x_wconf 90' lang='grc'><strong>·</strong></span> <span class='ocrx_word' id='word_1_83' title='bbox 2691 865 2786 917; x_wconf 87' lang='lat' dir='ltr'><strong>xui</strong></span> <span class='ocrx_word' id='word_1_84' title='bbox 2813 864 2993 934; x_wconf 80' lang='grc' dir='ltr'>δῆλον,</span> <span class='ocrx_word' id='word_1_85' title='bbox 3009 865 3073 917; x_wconf 83' lang='grc' dir='ltr'>ὲκ</span> <span class='ocrx_word' id='word_1_86' title='bbox 3094 863 3188 916; x_wconf 80' lang='grc' dir='ltr'>τοῦ</span> <span class='ocrx_word' id='word_1_87' title='bbox 3210 863 3340 916; x_wconf 82' lang='grc' dir='ltr'>ποτὲ</span> <span class='ocrx_word' id='word_1_88' title='bbox 3366 862 3466 933; x_wconf 82' lang='grc' dir='ltr'>μὲν</span> <span class='ocrx_word' id='word_1_89' title='bbox 3494 861 3552 928; x_wconf 79' lang='grc' dir='ltr'>ἐξ</span> <span class='ocrx_word' id='word_1_90' title='bbox 3582 863 3779 915; x_wconf 74' lang='grc' dir='ltr'>ἀνατορ</span> 
     </span>
    </p>
   </div>
   <div class='ocr_carea' id='block_1_12' title="bbox 434 928 2124 1026">
    <p class='ocr_par' dir='ltr' id='par_1_12' title="bbox 434 928 2099 1018">
     <span class='ocr_line' id='line_1_12' title="bbox 434 928 2099 1018; baseline 0.002 -17"><span class='ocrx_word' id='word_1_91' title='bbox 434 928 469 1001; x_wconf 57' lang='grc' dir='ltr'><strong>ξε</strong></span> <span class='ocrx_word' id='word_1_92' title='bbox 510 928 689 1001; x_wconf 76' lang='lat' dir='ltr'><strong>salute</strong></span> <span class='ocrx_word' id='word_1_93' title='bbox 727 947 783 999; x_wconf 91' lang='lat' dir='ltr'><strong>in</strong></span> <span class='ocrx_word' id='word_1_94' title='bbox 829 959 999 1001; x_wconf 86' lang='lat' dir='ltr'><strong>carne</strong></span> <span class='ocrx_word' id='word_1_95' title='bbox 1033 951 1200 999; x_wconf 87' lang='lat' dir='ltr'><strong>natus</strong></span> <span class='ocrx_word' id='word_1_96' title='bbox 1230 953 1317 1001; x_wconf 90' lang='lat' dir='ltr'><strong>est</strong></span> <span class='ocrx_word' id='word_1_97' title='bbox 1368 945 1543 1017; x_wconf 86' lang='lat' dir='ltr'><strong>Magis</strong></span> <span class='ocrx_word' id='word_1_98' title='bbox 1573 949 1853 1018; x_wconf 74' lang='lat' dir='ltr'><strong>apparuit,</strong></span> <span class='ocrx_word' id='word_1_99' title='bbox 1887 928 2099 1005; x_wconf 36' lang='lat' dir='ltr'><strong>non—ex</strong></span> 
     </span>
    </p>
   </div>
   <div class='ocr_carea' id='block_1_13' title="bbox 2226 928 3781 1026">
    <p class='ocr_par' dir='ltr' id='par_1_13' title="bbox 2226 928 3781 1026">
     <span class='ocr_line' id='line_1_13' title="bbox 2226 928 3781 1026; baseline 0.002 -21"><span class='ocrx_word' id='word_1_100' title='bbox 2226 955 2296 1026; x_wconf 75' lang='grc' dir='ltr'>ἧς</span> <span class='ocrx_word' id='word_1_101' title='bbox 2326 955 2418 1009; x_wconf 72' lang='grc' dir='ltr'><strong>ἐπὶ</strong></span> <span class='ocrx_word' id='word_1_102' title='bbox 2431 928 2897 1009; x_wconf 45' lang='grc' dir='ltr'>θύσινποιεῖσθαίι</span> <span class='ocrx_word' id='word_1_103' title='bbox 2918 928 2985 1009; x_wconf 11' lang='grc' dir='ltr'><strong>τδν</strong></span> <span class='ocrx_word' id='word_1_104' title='bbox 3006 954 3226 1026; x_wconf 82' lang='grc' dir='ltr'><strong>δρόμον,</strong></span> <span class='ocrx_word' id='word_1_105' title='bbox 3253 928 3385 1007; x_wconf 63' lang='grc' dir='ltr'>ποτε</span> <span class='ocrx_word' id='word_1_106' title='bbox 3414 953 3472 1006; x_wconf 80' lang='grc' dir='ltr'><strong>δὲ</strong></span> <span class='ocrx_word' id='word_1_107' title='bbox 3502 954 3569 1006; x_wconf 84' lang='grc' dir='ltr'>ὲκ</span> <span class='ocrx_word' id='word_1_108' title='bbox 3607 953 3781 1025; x_wconf 70' lang='grc' dir='ltr'>βορρᾶ</span> 
     </span>
    </p>
   </div>
   <div class='ocr_carea' id='block_1_14' title="bbox 512 1036 2090 1105">
    <p class='ocr_par' dir='ltr' id='par_1_14' title="bbox 512 1036 2090 1105">
     <span class='ocr_line' id='line_1_14' title="bbox 512 1036 2090 1105; baseline 0.003 -15"><span class='ocrx_word' id='word_1_109' title='bbox 512 1038 623 1093; x_wconf 86' lang='lat' dir='ltr'><strong>illis</strong></span> <span class='ocrx_word' id='word_1_110' title='bbox 648 1036 825 1091; x_wconf 87' lang='lat' dir='ltr'><strong>stellis</strong></span> <span class='ocrx_word' id='word_1_111' title='bbox 850 1046 993 1102; x_wconf 84' lang='lat' dir='ltr'><strong>erat,</strong></span> <span class='ocrx_word' id='word_1_112' title='bbox 1021 1049 1143 1105; x_wconf 66' lang='lat' dir='ltr'><strong>qua:</strong></span> <span class='ocrx_word' id='word_1_113' title='bbox 1166 1036 1357 1090; x_wconf 88' lang='lat' dir='ltr'><strong>mundi</strong></span> <span class='ocrx_word' id='word_1_114' title='bbox 1384 1036 1546 1092; x_wconf 90' lang='lat' dir='ltr'><strong>initio</strong></span> <span class='ocrx_word' id='word_1_115' title='bbox 1584 1038 1817 1094; x_wconf 74' lang='lat' dir='ltr'><strong>condita:</strong></span> <span class='ocrx_word' id='word_1_116' title='bbox 1847 1037 2090 1094; x_wconf 84' lang='lat' dir='ltr'><strong>fuerunt.</strong></span> 
     </span>
    </p>
   </div>
   <div class='ocr_carea' id='block_1_15' title="bbox 510 1127 2095 1201">
    <p class='ocr_par' dir='ltr' id='par_1_15' title="bbox 510 1127 2095 1201">
     <span class='ocr_line' id='line_1_15' title="bbox 510 1127 2095 1201; baseline 0.004 -20"><span class='ocrx_word' id='word_1_117' title='bbox 510 1127 669 1194; x_wconf 85' lang='lat' dir='ltr'><strong>Quod</strong></span> <span class='ocrx_word' id='word_1_118' title='bbox 703 1127 924 1199; x_wconf 83' lang='lat' dir='ltr'><strong>quidem</strong></span> <span class='ocrx_word' id='word_1_119' title='bbox 952 1128 1308 1197; x_wconf 82' lang='lat' dir='ltr'><strong>perspicuum</strong></span> <span class='ocrx_word' id='word_1_120' title='bbox 1344 1138 1449 1196; x_wconf 88' lang='lat' dir='ltr'><strong>est,</strong></span> <span class='ocrx_word' id='word_1_121' title='bbox 1506 1144 1573 1186; x_wconf 90' lang='lat' dir='ltr'><strong>eo</strong></span> <span class='ocrx_word' id='word_1_122' title='bbox 1617 1130 1767 1201; x_wconf 88' lang='lat' dir='ltr'><strong>quod</strong></span> <span class='ocrx_word' id='word_1_123' title='bbox 1801 1130 1917 1197; x_wconf 89' lang='lat' dir='ltr'><strong>illa,</strong></span> <span class='ocrx_word' id='word_1_124' title='bbox 1946 1147 2095 1187; x_wconf 87' lang='lat' dir='ltr'><strong>nunc</strong></span> 
     </span>
    </p>
   </div>
   <div class='ocr_carea' id='block_1_16' title="bbox 2201 1044 3779 1117">
    <p class='ocr_par' dir='ltr' id='par_1_16' title="bbox 2201 1044 3779 1117">
     <span class='ocr_line' id='line_1_16' title="bbox 2201 1044 3779 1117; baseline 0.001 -18"><span class='ocrx_word' id='word_1_125' title='bbox 2201 1045 2294 1099; x_wconf 72' lang='grc' dir='ltr'><strong>ἐπὶ</strong></span> <span class='ocrx_word' id='word_1_126' title='bbox 2330 1045 2482 1101; x_wconf 79' lang='grc' dir='ltr'>νότον</span> <span class='ocrx_word' id='word_1_127' title='bbox 2501 1062 2519 1079; x_wconf 81' lang='grc'><strong>’</strong></span> <span class='ocrx_word' id='word_1_128' title='bbox 2546 1046 2638 1101; x_wconf 96' lang='lat' dir='ltr'><strong>xui</strong></span> <span class='ocrx_word' id='word_1_129' title='bbox 2654 1047 2784 1101; x_wconf 83' lang='grc' dir='ltr'>ποτὲ</span> <span class='ocrx_word' id='word_1_130' title='bbox 2815 1047 2913 1115; x_wconf 79' lang='grc' dir='ltr'>μὲν</span> <span class='ocrx_word' id='word_1_131' title='bbox 2942 1045 3309 1117; x_wconf 71' lang='grc' dir='ltr'><strong>κρύπτεσθαι,</strong></span> <span class='ocrx_word' id='word_1_132' title='bbox 3337 1048 3469 1100; x_wconf 77' lang='grc' dir='ltr'>ποτὲ</span> <span class='ocrx_word' id='word_1_133' title='bbox 3500 1044 3559 1099; x_wconf 79' lang='grc' dir='ltr'><strong>δὲ</strong></span> <span class='ocrx_word' id='word_1_134' title='bbox 3600 1047 3779 1117; x_wconf 82' lang='grc' dir='ltr'>φαίνε-</span> 
     </span>
    </p>
   </div>
   <div class='ocr_carea' id='block_1_17' title="bbox 2206 1134 3776 1209">
    <p class='ocr_par' dir='ltr' id='par_1_17' title="bbox 2206 1134 3776 1209">
     <span class='ocr_line' id='line_1_17' title="bbox 2206 1134 3776 1209; baseline 0.003 -21"><span class='ocrx_word' id='word_1_135' title='bbox 2206 1134 2348 1190; x_wconf 89' lang='grc' dir='ltr'>σθαι.</span> <span class='ocrx_word' id='word_1_136' title='bbox 2377 1134 2547 1189; x_wconf 78' lang='grc' dir='ltr'>Τοῦτο</span> <span class='ocrx_word' id='word_1_137' title='bbox 2572 1135 2682 1207; x_wconf 81' lang='grc' dir='ltr'><strong>γάρ</strong></span> <span class='ocrx_word' id='word_1_138' title='bbox 2709 1136 2807 1190; x_wconf 86' lang='grc' dir='ltr'>οὐκ</span> <span class='ocrx_word' id='word_1_139' title='bbox 2830 1136 2978 1191; x_wconf 78' lang='grc' dir='ltr'>ἔστιν</span> <span class='ocrx_word' id='word_1_140' title='bbox 3008 1136 3225 1208; x_wconf 79' lang='grc' dir='ltr'><strong>ἄστρων</strong></span> <span class='ocrx_word' id='word_1_141' title='bbox 3244 1136 3451 1202; x_wconf 82' lang='grc' dir='ltr'>τάξεως</span> <span class='ocrx_word' id='word_1_142' title='bbox 3476 1137 3510 1209; x_wconf 79' lang='grc' dir='ltr'><strong>ἥ</strong></span> <span class='ocrx_word' id='word_1_143' title='bbox 3543 1137 3776 1207; x_wconf 82' lang='grc' dir='ltr'>φύσεως.</span> 
     </span>
    </p>
   </div>
   <div class='ocr_carea' id='block_1_18' title="bbox 515 1220 3783 1301">
    <p class='ocr_par' dir='ltr' id='par_1_18' title="bbox 515 1220 3783 1301">
     <span class='ocr_line' id='line_1_18' title="bbox 515 1220 3783 1301; baseline 0.005 -25"><span class='ocrx_word' id='word_1_144' title='bbox 515 1221 587 1276; x_wconf 81' lang='lat' dir='ltr'><strong>ab</strong></span> <span class='ocrx_word' id='word_1_145' title='bbox 642 1229 767 1277; x_wconf 86' lang='lat' dir='ltr'><strong>ortu</strong></span> <span class='ocrx_word' id='word_1_146' title='bbox 827 1220 899 1274; x_wconf 89' lang='lat' dir='ltr'><strong>ad</strong></span> <span class='ocrx_word' id='word_1_147' title='bbox 959 1236 1261 1288; x_wconf 82' lang='lat' dir='ltr'><strong>occasum,</strong></span> <span class='ocrx_word' id='word_1_148' title='bbox 1317 1235 1469 1277; x_wconf 89' lang='lat' dir='ltr'><strong>nunc</strong></span> <span class='ocrx_word' id='word_1_149' title='bbox 1522 1236 1553 1276; x_wconf 91' lang='lat' dir='ltr'><strong>a</strong></span> <span class='ocrx_word' id='word_1_150' title='bbox 1605 1224 1983 1294; x_wconf 86' lang='lat' dir='ltr'><strong>septentrione</strong></span> <span class='ocrx_word' id='word_1_151' title='bbox 2036 1223 2103 1278; x_wconf 82' lang='lat' dir='ltr'><strong>ad</strong></span> <span class='ocrx_word' id='word_1_152' title='bbox 2142 1236 2392 1282; x_wconf 77' lang='lat' dir='ltr'><strong>austrum</strong></span> <span class='ocrx_word' id='word_1_153' title='bbox 2424 1231 2922 1301; x_wconf 80' lang='lat' dir='ltr'><strong>progrediebatur;</strong></span> <span class='ocrx_word' id='word_1_154' title='bbox 2998 1246 3148 1286; x_wconf 91' lang='lat' dir='ltr'><strong>nunc</strong></span> <span class='ocrx_word' id='word_1_155' title='bbox 3175 1230 3537 1287; x_wconf 82' lang='lat' dir='ltr'><strong>delitescebat</strong></span> <span class='ocrx_word' id='word_1_156' title='bbox 3570 1273 3588 1300; x_wconf 96' lang='lat'><strong>,</strong></span> <span class='ocrx_word' id='word_1_157' title='bbox 3637 1249 3783 1291; x_wconf 87' lang='lat' dir='ltr'><strong>nunc</strong></span> 
     </span>
    </p>
   </div>
   <div class='ocr_carea' id='block_1_19' title="bbox 517 1311 3010 1383">
    <p class='ocr_par' dir='ltr' id='par_1_19' title="bbox 517 1311 3010 1383">
     <span class='ocr_line' id='line_1_19' title="bbox 517 1311 3010 1383; baseline 0.003 -15"><span class='ocrx_word' id='word_1_158' title='bbox 517 1326 581 1371; x_wconf 80' lang='lat' dir='ltr'><strong>se</strong></span> <span class='ocrx_word' id='word_1_159' title='bbox 613 1327 811 1368; x_wconf 85' lang='lat' dir='ltr'><strong>rursus</strong></span> <span class='ocrx_word' id='word_1_160' title='bbox 842 1311 1113 1382; x_wconf 85' lang='lat' dir='ltr'><strong>prodebat</strong></span> <span class='ocrx_word' id='word_1_161' title='bbox 1135 1328 1151 1367; x_wconf 90' lang='lat'><strong>:</strong></span> <span class='ocrx_word' id='word_1_162' title='bbox 1172 1314 1321 1383; x_wconf 90' lang='lat' dir='ltr'><strong>quod</strong></span> <span class='ocrx_word' id='word_1_163' title='bbox 1342 1313 1564 1383; x_wconf 85' lang='lat' dir='ltr'><strong>quidem</strong></span> <span class='ocrx_word' id='word_1_164' title='bbox 1593 1328 1621 1367; x_wconf 90' lang='lat' dir='ltr'><strong>a</strong></span> <span class='ocrx_word' id='word_1_165' title='bbox 1648 1313 1891 1369; x_wconf 87' lang='lat' dir='ltr'><strong>siderum</strong></span> <span class='ocrx_word' id='word_1_166' title='bbox 1911 1314 2108 1370; x_wconf 89' lang='lat' dir='ltr'><strong>ordine</strong></span> <span class='ocrx_word' id='word_1_167' title='bbox 2136 1324 2190 1372; x_wconf 90' lang='lat' dir='ltr'><strong>et</strong></span> <span class='ocrx_word' id='word_1_168' title='bbox 2222 1328 2419 1373; x_wconf 85' lang='lat' dir='ltr'><strong>natura</strong></span> <span class='ocrx_word' id='word_1_169' title='bbox 2451 1318 2862 1376; x_wconf 84' lang='lat' dir='ltr'><strong>dissentaneum</strong></span> <span class='ocrx_word' id='word_1_170' title='bbox 2902 1329 3010 1376; x_wconf 91' lang='lat' dir='ltr'><strong>est.</strong></span> 
     </span>
    </p>
   </div>
   <div class='ocr_carea' id='block_1_20' title="bbox 609 1401 2105 1460">
    <p class='ocr_par' dir='ltr' id='par_1_20' title="bbox 609 1401 2105 1460">
     <span class='ocr_line' id='line_1_20' title="bbox 609 1401 2105 1460; baseline 0.002 -3"><span class='ocrx_word' id='word_1_171' title='bbox 609 1402 719 1457; x_wconf 85' lang='lat' dir='ltr'><strong>Cur</strong></span> <span class='ocrx_word' id='word_1_172' title='bbox 742 1401 881 1457; x_wconf 89' lang='lat' dir='ltr'><strong>Deus</strong></span> <span class='ocrx_word' id='word_1_173' title='bbox 917 1402 1099 1457; x_wconf 86' lang='lat' dir='ltr'><strong>lunam</strong></span> <span class='ocrx_word' id='word_1_174' title='bbox 1140 1419 1173 1457; x_wconf 91' lang='lat' dir='ltr'><strong>a</strong></span> <span class='ocrx_word' id='word_1_175' title='bbox 1214 1403 1328 1458; x_wconf 87' lang='lat' dir='ltr'><strong>sole</strong></span> <span class='ocrx_word' id='word_1_176' title='bbox 1358 1403 1594 1458; x_wconf 82' lang='lat' dir='ltr'><strong>mutuari</strong></span> <span class='ocrx_word' id='word_1_177' title='bbox 1637 1404 1805 1459; x_wconf 81' lang='lat' dir='ltr'><strong>lucem</strong></span> <span class='ocrx_word' id='word_1_178' title='bbox 1830 1405 2052 1459; x_wconf 81' lang='lat' dir='ltr'><strong>voluerit</strong></span> <span class='ocrx_word' id='word_1_179' title='bbox 2085 1421 2105 1460; x_wconf 90' lang='lat'><strong><em>:</em></strong></span> 
     </span>
    </p>
   </div>
   <div class='ocr_carea' id='block_1_21' title="bbox 517 1489 2107 1551">
    <p class='ocr_par' dir='ltr' id='par_1_21' title="bbox 517 1489 2107 1551">
     <span class='ocr_line' id='line_1_21' title="bbox 517 1489 2107 1551; baseline 0.001 -4"><span class='ocrx_word' id='word_1_180' title='bbox 517 1500 709 1547; x_wconf 85' lang='lat' dir='ltr'><strong>contra</strong></span> <span class='ocrx_word' id='word_1_181' title='bbox 748 1489 1188 1547; x_wconf 79' lang='lat' dir='ltr'><strong>Hohammedem.</strong></span> <span class='ocrx_word' id='word_1_182' title='bbox 1230 1522 1302 1533; x_wconf 90' lang='lat'><strong>—-</strong></span> <span class='ocrx_word' id='word_1_183' title='bbox 1346 1491 1642 1548; x_wconf 88' lang='lat' dir='ltr'><strong>Sciendum</strong></span> <span class='ocrx_word' id='word_1_184' title='bbox 1678 1501 1863 1549; x_wconf 90' lang='lat' dir='ltr'><strong>autem</strong></span> <span class='ocrx_word' id='word_1_185' title='bbox 1904 1503 1990 1551; x_wconf 88' lang='lat' dir='ltr'><strong>est</strong></span> <span class='ocrx_word' id='word_1_186' title='bbox 2024 1495 2107 1549; x_wconf 91' lang='lat' dir='ltr'><strong>lu-</strong></span> 
     </span>
    </p>
   </div>
   <div class='ocr_carea' id='block_1_22' title="bbox 2273 1410 3781 1494">
    <p class='ocr_par' dir='ltr' id='par_1_22' title="bbox 2273 1410 3781 1494">
     <span class='ocr_line' id='line_1_22' title="bbox 2273 1410 3781 1494; baseline 0.005 -30"><span class='ocrx_word' id='word_1_187' title='bbox 2273 1412 2396 1483; x_wconf 80' lang='grc' dir='ltr'><strong>Χρὴ</strong></span> <span class='ocrx_word' id='word_1_188' title='bbox 2428 1412 2483 1465; x_wconf 80' lang='grc' dir='ltr'>δὲ</span> <span class='ocrx_word' id='word_1_189' title='bbox 2507 1410 2820 1481; x_wconf 81' lang='grc' dir='ltr'><strong>γινώσκειν,</strong></span> <span class='ocrx_word' id='word_1_190' title='bbox 2846 1411 2923 1477; x_wconf 83' lang='grc' dir='ltr'><strong>ὡς</strong></span> <span class='ocrx_word' id='word_1_191' title='bbox 2969 1413 3036 1466; x_wconf 79' lang='grc' dir='ltr'>ὲκ</span> <span class='ocrx_word' id='word_1_192' title='bbox 3075 1411 3169 1466; x_wconf 82' lang='grc' dir='ltr'><strong>τοῦ</strong></span> <span class='ocrx_word' id='word_1_193' title='bbox 3209 1413 3361 1484; x_wconf 81' lang='grc' dir='ltr'>ἡλίου</span> <span class='ocrx_word' id='word_1_194' title='bbox 3404 1417 3700 1485; x_wconf 74' lang='grc' dir='ltr'><strong>φωτίζεται</strong></span> <span class='ocrx_word' id='word_1_195' title='bbox 3745 1423 3781 1494; x_wconf 84' lang='grc' dir='ltr'><strong>ή</strong></span> 
     </span>
    </p>
   </div>
   <div class='ocr_carea' id='block_1_23' title="bbox 2206 1501 3781 1589">
    <p class='ocr_par' dir='ltr' id='par_1_23' title="bbox 2206 1501 3781 1589">
     <span class='ocr_line' id='line_1_23' title="bbox 2206 1501 3781 1589; baseline 0.01 -34"><span class='ocrx_word' id='word_1_196' title='bbox 2206 1501 2426 1574; x_wconf 81' lang='grc' dir='ltr'><strong>σελήνη,</strong></span> <span class='ocrx_word' id='word_1_197' title='bbox 2456 1502 2553 1573; x_wconf 85' lang='grc' dir='ltr'>οὐχ</span> <span class='ocrx_word' id='word_1_198' title='bbox 2592 1503 2669 1568; x_wconf 82' lang='grc' dir='ltr'>ὡς</span> <span class='ocrx_word' id='word_1_199' title='bbox 2699 1504 3082 1577; x_wconf 78' lang='grc' dir='ltr'><strong>ἀπορήσαντος</strong></span> <span class='ocrx_word' id='word_1_200' title='bbox 3113 1506 3209 1562; x_wconf 83' lang='grc' dir='ltr'><strong>τοῦ</strong></span> <span class='ocrx_word' id='word_1_201' title='bbox 3254 1509 3393 1564; x_wconf 74' lang='grc' dir='ltr'>Θεοῦ</span> <span class='ocrx_word' id='word_1_202' title='bbox 3424 1510 3604 1567; x_wconf 80' lang='grc' dir='ltr'>δοῦναι</span> <span class='ocrx_word' id='word_1_203' title='bbox 3638 1515 3781 1589; x_wconf 80' lang='grc' dir='ltr'>αὐτῇ</span> 
     </span>
    </p>
   </div>
   <div class='ocr_carea' id='block_1_24' title="bbox 517 1584 2124 1675">
    <p class='ocr_par' dir='ltr' id='par_1_24' title="bbox 517 1584 2108 1657">
     <span class='ocr_line' id='line_1_24' title="bbox 517 1584 2108 1657; baseline 0.004 -20"><span class='ocrx_word' id='word_1_204' title='bbox 517 1598 645 1637; x_wconf 84' lang='lat' dir='ltr'><strong>nam</strong></span> <span class='ocrx_word' id='word_1_205' title='bbox 680 1597 711 1637; x_wconf 88' lang='lat' dir='ltr'><strong>a</strong></span> <span class='ocrx_word' id='word_1_206' title='bbox 747 1584 866 1639; x_wconf 90' lang='lat' dir='ltr'><strong>sole</strong></span> <span class='ocrx_word' id='word_1_207' title='bbox 900 1584 1084 1638; x_wconf 91' lang='lat' dir='ltr'><strong>lumen</strong></span> <span class='ocrx_word' id='word_1_208' title='bbox 1124 1598 1284 1639; x_wconf 89' lang='lat' dir='ltr'><strong>suum</strong></span> <span class='ocrx_word' id='word_1_209' title='bbox 1312 1584 1550 1640; x_wconf 86' lang='lat' dir='ltr'><strong>mutuari</strong></span> <span class='ocrx_word' id='word_1_210' title='bbox 1582 1603 1598 1639; x_wconf 89' lang='lat'><strong>:</strong></span> <span class='ocrx_word' id='word_1_211' title='bbox 1634 1600 1741 1641; x_wconf 91' lang='lat' dir='ltr'><strong>non</strong></span> <span class='ocrx_word' id='word_1_212' title='bbox 1777 1586 1923 1657; x_wconf 91' lang='lat' dir='ltr'><strong>quod</strong></span> <span class='ocrx_word' id='word_1_213' title='bbox 1962 1585 2108 1643; x_wconf 86' lang='lat' dir='ltr'><strong>Deus</strong></span> 
     </span>
    </p>
   </div>
   <div class='ocr_carea' id='block_1_25' title="bbox 2226 1584 3786 1675">
    <p class='ocr_par' dir='ltr' id='par_1_25' title="bbox 2226 1584 3786 1675">
     <span class='ocr_line' id='line_1_25' title="bbox 2226 1584 3786 1675; baseline 0.003 -30"><span class='ocrx_word' id='word_1_214' title='bbox 2226 1592 2337 1646; x_wconf 82' lang='grc' dir='ltr'>διον</span> <span class='ocrx_word' id='word_1_215' title='bbox 2372 1594 2509 1662; x_wconf 74' lang='grc' dir='ltr'>φῶς,</span> <span class='ocrx_word' id='word_1_216' title='bbox 2544 1594 2661 1648; x_wconf 84' lang='grc' dir='ltr'>ἀλλ’</span> <span class='ocrx_word' id='word_1_217' title='bbox 2682 1594 2769 1647; x_wconf 80' lang='grc' dir='ltr'><strong>ἴνα</strong></span> <span class='ocrx_word' id='word_1_218' title='bbox 2800 1595 3010 1667; x_wconf 79' lang='grc' dir='ltr'>ῥυθμὸς</span> <span class='ocrx_word' id='word_1_219' title='bbox 3036 1598 3132 1652; x_wconf 82' lang='lat' dir='ltr'><strong>xui</strong></span> <span class='ocrx_word' id='word_1_220' title='bbox 3160 1598 3313 1663; x_wconf 81' lang='grc' dir='ltr'>τάξις</span> <span class='ocrx_word' id='word_1_221' title='bbox 3345 1600 3536 1672; x_wconf 77' lang='grc' dir='ltr'>ἐντεθῇ</span> <span class='ocrx_word' id='word_1_222' title='bbox 3563 1606 3631 1675; x_wconf 77' lang='grc' dir='ltr'>τῇ</span> <span class='ocrx_word' id='word_1_223' title='bbox 3663 1584 3786 1660; x_wconf 56' lang='lat' dir='ltr'><strong>xtl:</strong></span> 
     </span>
    </p>
   </div>
   <div class='ocr_carea' id='block_1_26' title="bbox 517 1674 2124 1764">
    <p class='ocr_par' dir='ltr' id='par_1_26' title="bbox 517 1674 2107 1748">
     <span class='ocr_line' id='line_1_26' title="bbox 517 1674 2107 1748; baseline 0.004 -20"><span class='ocrx_word' id='word_1_224' title='bbox 517 1674 576 1728; x_wconf 88' lang='lat' dir='ltr'><strong>in</strong></span> <span class='ocrx_word' id='word_1_225' title='bbox 601 1688 664 1729; x_wconf 87' lang='lat' dir='ltr'><strong>ea</strong></span> <span class='ocrx_word' id='word_1_226' title='bbox 700 1675 888 1746; x_wconf 88' lang='lat' dir='ltr'><strong>in0pia</strong></span> <span class='ocrx_word' id='word_1_227' title='bbox 924 1682 1264 1742; x_wconf 78' lang='lat' dir='ltr'><strong>versaretur,</strong></span> <span class='ocrx_word' id='word_1_228' title='bbox 1321 1683 1382 1730; x_wconf 90' lang='lat' dir='ltr'><strong>ut</strong></span> <span class='ocrx_word' id='word_1_229' title='bbox 1419 1677 1707 1747; x_wconf 91' lang='lat' dir='ltr'><strong>proprium</strong></span> <span class='ocrx_word' id='word_1_230' title='bbox 1757 1677 1865 1748; x_wconf 87' lang='lat' dir='ltr'><strong>ipsi</strong></span> <span class='ocrx_word' id='word_1_231' title='bbox 1918 1679 2107 1735; x_wconf 90' lang='lat' dir='ltr'><strong>lumen</strong></span> 
     </span>
    </p>
   </div>
   <div class='ocr_carea' id='block_1_27' title="bbox 2226 1674 3899 1764">
    <p class='ocr_par' dir='ltr' id='par_1_27' title="bbox 2226 1685 3899 1764">
     <span class='ocr_line' id='line_1_27' title="bbox 2226 1685 3899 1764; baseline 0.009 -29"><span class='ocrx_word' id='word_1_232' title='bbox 2226 1701 2315 1747; x_wconf 72' lang='grc' dir='ltr'>πει,</span> <span class='ocrx_word' id='word_1_233' title='bbox 2356 1685 2614 1755; x_wconf 87' lang='grc' dir='ltr'>ἄρχοντος</span> <span class='ocrx_word' id='word_1_234' title='bbox 2638 1687 2735 1736; x_wconf 90' lang='lat' dir='ltr'><strong>xui</strong></span> <span class='ocrx_word' id='word_1_235' title='bbox 2763 1685 3096 1758; x_wconf 82' lang='grc' dir='ltr'>ἀρχομένου,</span> <span class='ocrx_word' id='word_1_236' title='bbox 3142 1690 3239 1742; x_wconf 82' lang='lat' dir='ltr'><strong>xui.</strong></span> <span class='ocrx_word' id='word_1_237' title='bbox 3273 1691 3658 1764; x_wconf 59' lang='lat' dir='ltr'><strong>stuLBEUOGiptsv</strong></span> <span class='ocrx_word' id='word_1_238' title='bbox 3694 1697 3789 1750; x_wconf 82' lang='lat' dir='ltr'><strong>xui</strong></span> <span class='ocrx_word' id='word_1_239' title='bbox 3894 1698 3899 1703; x_wconf 82' lang='grc'><strong>’</strong></span> 
     </span>
    </p>
   </div>
   <div class='ocr_carea' id='block_1_28' title="bbox 518 1763 2124 1872">
    <p class='ocr_par' dir='ltr' id='par_1_28' title="bbox 518 1763 2106 1835">
     <span class='ocr_line' id='line_1_28' title="bbox 518 1763 2106 1835; baseline 0.002 -17"><span class='ocrx_word' id='word_1_240' title='bbox 518 1763 651 1819; x_wconf 91' lang='lat' dir='ltr'><strong>dare</strong></span> <span class='ocrx_word' id='word_1_241' title='bbox 687 1779 797 1820; x_wconf 92' lang='lat' dir='ltr'><strong>non</strong></span> <span class='ocrx_word' id='word_1_242' title='bbox 844 1772 1034 1835; x_wconf 87' lang='lat' dir='ltr'><strong>posset</strong></span> <span class='ocrx_word' id='word_1_243' title='bbox 1073 1785 1088 1822; x_wconf 89' lang='lat'><strong>:</strong></span> <span class='ocrx_word' id='word_1_244' title='bbox 1127 1781 1319 1823; x_wconf 87' lang='lat' dir='ltr'><strong>verum</strong></span> <span class='ocrx_word' id='word_1_245' title='bbox 1367 1776 1426 1821; x_wconf 93' lang='lat' dir='ltr'><strong>ut</strong></span> <span class='ocrx_word' id='word_1_246' title='bbox 1466 1767 1819 1824; x_wconf 84' lang='lat' dir='ltr'><strong>concinnitas</strong></span> <span class='ocrx_word' id='word_1_247' title='bbox 1868 1779 1924 1823; x_wconf 87' lang='lat' dir='ltr'><strong>et</strong></span> <span class='ocrx_word' id='word_1_248' title='bbox 1969 1767 2106 1823; x_wconf 86' lang='lat' dir='ltr'><strong>ordo</strong></span> 
     </span>
    </p>
   </div>
   <div class='ocr_carea' id='block_1_29' title="bbox 2226 1763 3789 1872">
    <p class='ocr_par' dir='ltr' id='par_1_29' title="bbox 2226 1774 3789 1851">
     <span class='ocr_line' id='line_1_29' title="bbox 2226 1774 3789 1851; baseline 0.009 -24"><span class='ocrx_word' id='word_1_249' title='bbox 2226 1776 2368 1845; x_wconf 60' lang='grc' dir='ltr'><strong>ᾕμεῖς</strong></span> <span class='ocrx_word' id='word_1_250' title='bbox 2399 1776 2678 1829; x_wconf 82' lang='grc' dir='ltr'>κοινωνεῖν</span> <span class='ocrx_word' id='word_1_251' title='bbox 2706 1774 2980 1846; x_wconf 85' lang='grc' dir='ltr'>ἀλλήλοις,</span> <span class='ocrx_word' id='word_1_252' title='bbox 3010 1781 3103 1832; x_wconf 77' lang='grc' dir='ltr'>καὶ</span> <span class='ocrx_word' id='word_1_253' title='bbox 3134 1781 3496 1851; x_wconf 70' lang='grc' dir='ltr'>μεταδιδόναι,</span> <span class='ocrx_word' id='word_1_254' title='bbox 3533 1784 3630 1839; x_wconf 84' lang='lat' dir='ltr'><strong>xu‘t</strong></span> <span class='ocrx_word' id='word_1_255' title='bbox 3658 1786 3789 1841; x_wconf 82' lang='grc' dir='ltr'>ὑπο-</span> 
     </span>
    </p>
   </div>
   <div class='ocr_carea' id='block_1_30' title="bbox 518 1854 2124 1950">
    <p class='ocr_par' dir='ltr' id='par_1_30' title="bbox 518 1854 2111 1931">
     <span class='ocr_line' id='line_1_30' title="bbox 518 1854 2111 1931; baseline 0.003 -21"><span class='ocrx_word' id='word_1_256' title='bbox 518 1854 688 1912; x_wconf 84' lang='lat' dir='ltr'><strong>rebus</strong></span> <span class='ocrx_word' id='word_1_257' title='bbox 718 1856 959 1913; x_wconf 88' lang='lat' dir='ltr'><strong>conditis</strong></span> <span class='ocrx_word' id='word_1_258' title='bbox 979 1858 1376 1926; x_wconf 87' lang='lat' dir='ltr'><strong>imponeretur,</strong></span> <span class='ocrx_word' id='word_1_259' title='bbox 1396 1858 1522 1914; x_wconf 84' lang='lat' dir='ltr'><strong>aliis</strong></span> <span class='ocrx_word' id='word_1_260' title='bbox 1545 1858 1807 1914; x_wconf 85' lang='lat' dir='ltr'><strong>videlicet</strong></span> <span class='ocrx_word' id='word_1_261' title='bbox 1829 1859 2111 1931; x_wconf 89' lang='lat' dir='ltr'><strong>imperan-</strong></span> 
     </span>
    </p>
   </div>
   <div class='ocr_carea' id='block_1_31' title="bbox 2226 1854 3792 1950">
    <p class='ocr_par' dir='ltr' id='par_1_31' title="bbox 2226 1865 3792 1950">
     <span class='ocr_line' id='line_1_31' title="bbox 2226 1865 3792 1950; baseline 0.008 -30"><span class='ocrx_word' id='word_1_262' title='bbox 2226 1865 2511 1920; x_wconf 79' lang='grc' dir='ltr'>τάσσεσθαι</span> <span class='ocrx_word' id='word_1_263' title='bbox 2537 1884 2551 1899; x_wconf 81' lang='grc'><em>’</em></span> <span class='ocrx_word' id='word_1_264' title='bbox 2599 1867 2819 1938; x_wconf 84' lang='grc' dir='ltr'>πρῶτον</span> <span class='ocrx_word' id='word_1_265' title='bbox 2857 1871 2957 1941; x_wconf 83' lang='grc' dir='ltr'>μὲν</span> <span class='ocrx_word' id='word_1_266' title='bbox 2992 1871 3070 1941; x_wconf 82' lang='grc' dir='ltr'><strong>τῷ</strong></span> <span class='ocrx_word' id='word_1_267' title='bbox 3093 1875 3290 1944; x_wconf 85' lang='grc' dir='ltr'>ποιητῇ</span> <span class='ocrx_word' id='word_1_268' title='bbox 3340 1875 3433 1928; x_wconf 81' lang='grc' dir='ltr'><strong>καὶ</strong></span> <span class='ocrx_word' id='word_1_269' title='bbox 3469 1876 3792 1950; x_wconf 78' lang='grc' dir='ltr'>δημιουργῷ</span> 
     </span>
    </p>
   </div>
   <div class='ocr_carea' id='block_1_32' title="bbox 520 1945 2124 2031">
    <p class='ocr_par' dir='ltr' id='par_1_32' title="bbox 520 1945 2109 2020">
     <span class='ocr_line' id='line_1_32' title="bbox 520 1945 2109 2020; baseline 0.006 -22"><span class='ocrx_word' id='word_1_270' title='bbox 520 1945 705 2010; x_wconf 85' lang='lat' dir='ltr'><strong>tibus,</strong></span> <span class='ocrx_word' id='word_1_271' title='bbox 750 1948 1189 2018; x_wconf 88' lang='lat' dir='ltr'><strong>obsequentibus</strong></span> <span class='ocrx_word' id='word_1_272' title='bbox 1241 1950 1403 2015; x_wconf 90' lang='lat' dir='ltr'><strong>aliis;</strong></span> <span class='ocrx_word' id='word_1_273' title='bbox 1460 1950 1701 2020; x_wconf 84' lang='lat' dir='ltr'><strong>hincque</strong></span> <span class='ocrx_word' id='word_1_274' title='bbox 1758 1966 1862 2006; x_wconf 90' lang='lat' dir='ltr'><strong>nos</strong></span> <span class='ocrx_word' id='word_1_275' title='bbox 1914 1960 2109 2007; x_wconf 90' lang='lat' dir='ltr'><strong>mutuo</strong></span> 
     </span>
    </p>
   </div>
   <div class='ocr_carea' id='block_1_33' title="bbox 2226 1945 3794 2031">
    <p class='ocr_par' dir='ltr' id='par_1_33' title="bbox 2226 1956 3794 2031">
     <span class='ocr_line' id='line_1_33' title="bbox 2226 1956 3794 2031; baseline 0.008 -20"><span class='ocrx_word' id='word_1_276' title='bbox 2226 1956 2334 2027; x_wconf 68' lang='grc' dir='ltr'>θεῷ</span> <span class='ocrx_word' id='word_1_277' title='bbox 2362 1956 2455 2011; x_wconf 77' lang='lat' dir='ltr'><strong>xui</strong></span> <span class='ocrx_word' id='word_1_278' title='bbox 2480 1958 2741 2031; x_wconf 78' lang='grc' dir='ltr'>Δεσπότῃ’</span> <span class='ocrx_word' id='word_1_279' title='bbox 2764 1959 2955 2014; x_wconf 79' lang='grc' dir='ltr'>ἔπειτα</span> <span class='ocrx_word' id='word_1_280' title='bbox 2986 1961 3044 2015; x_wconf 80' lang='grc' dir='ltr'><strong>δὲ</strong></span> <span class='ocrx_word' id='word_1_281' title='bbox 3075 1962 3172 2016; x_wconf 79' lang='lat' dir='ltr'><strong>xui</strong></span> <span class='ocrx_word' id='word_1_282' title='bbox 3195 1964 3306 2026; x_wconf 83' lang='grc' dir='ltr'>τοῖς</span> <span class='ocrx_word' id='word_1_283' title='bbox 3332 1964 3426 2017; x_wconf 77' lang='grc' dir='ltr'><strong>ὑπ’</strong></span> <span class='ocrx_word' id='word_1_284' title='bbox 3452 1965 3620 2020; x_wconf 76' lang='grc' dir='ltr'>αὑτοῦ</span> <span class='ocrx_word' id='word_1_285' title='bbox 3660 1969 3763 2023; x_wconf 83' lang='grc' dir='ltr'><strong>καθ</strong></span> <span class='ocrx_word' id='word_1_286' title='bbox 3780 2001 3794 2012; x_wconf 89' lang='lat'><strong>-</strong></span> 
     </span>
    </p>
   </div>
   <div class='ocr_carea' id='block_1_34' title="bbox 522 2035 2124 2123">
    <p class='ocr_par' dir='ltr' id='par_1_34' title="bbox 522 2035 2107 2111">
     <span class='ocr_line' id='line_1_34' title="bbox 522 2035 2107 2111; baseline 0.004 -21"><span class='ocrx_word' id='word_1_287' title='bbox 522 2036 937 2090; x_wconf 81' lang='lat' dir='ltr'><strong>communicare</strong></span> <span class='ocrx_word' id='word_1_288' title='bbox 992 2035 1371 2105; x_wconf 88' lang='lat' dir='ltr'><strong>disceremus,</strong></span> <span class='ocrx_word' id='word_1_289' title='bbox 1423 2054 1490 2093; x_wconf 86' lang='lat' dir='ltr'><strong>ac</strong></span> <span class='ocrx_word' id='word_1_290' title='bbox 1544 2040 1811 2108; x_wconf 88' lang='lat' dir='ltr'><strong>subesse;</strong></span> <span class='ocrx_word' id='word_1_291' title='bbox 1866 2041 2107 2111; x_wconf 89' lang='lat' dir='ltr'><strong>primum</strong></span> 
     </span>
    </p>
   </div>
   <div class='ocr_carea' id='block_1_35' title="bbox 2226 2035 3795 2123">
    <p class='ocr_par' dir='ltr' id='par_1_35' title="bbox 2226 2046 3795 2123">
     <span class='ocr_line' id='line_1_35' title="bbox 2226 2046 3795 2123; baseline 0.009 -25"><span class='ocrx_word' id='word_1_292' title='bbox 2226 2047 2535 2113; x_wconf 80' lang='grc' dir='ltr'>ισταμένοις</span> <span class='ocrx_word' id='word_1_293' title='bbox 2584 2046 2813 2119; x_wconf 79' lang='grc' dir='ltr'>ἄρχουσι</span> <span class='ocrx_word' id='word_1_294' title='bbox 2849 2065 2863 2079; x_wconf 88' lang='grc'><strong>·</strong></span> <span class='ocrx_word' id='word_1_295' title='bbox 2897 2050 2992 2103; x_wconf 91' lang='lat' dir='ltr'><strong>xui</strong></span> <span class='ocrx_word' id='word_1_296' title='bbox 3030 2050 3105 2121; x_wconf 81' lang='grc' dir='ltr'>μὴ</span> <span class='ocrx_word' id='word_1_297' title='bbox 3134 2052 3473 2123; x_wconf 77' lang='grc' dir='ltr'>ἀνακρίνειν,</span> <span class='ocrx_word' id='word_1_298' title='bbox 3506 2056 3652 2121; x_wconf 83' lang='grc' dir='ltr'>τίνος</span> <span class='ocrx_word' id='word_1_299' title='bbox 3676 2058 3795 2112; x_wconf 78' lang='grc' dir='ltr'>ἕνε-</span> 
     </span>
    </p>
   </div>
   <div class='ocr_carea' id='block_1_36' title="bbox 523 2125 2124 2213">
    <p class='ocr_par' dir='ltr' id='par_1_36' title="bbox 523 2125 2111 2203">
     <span class='ocr_line' id='line_1_36' title="bbox 523 2125 2111 2203; baseline 0.005 -25"><span class='ocrx_word' id='word_1_300' title='bbox 523 2125 748 2194; x_wconf 86' lang='lat' dir='ltr'><strong>qnidem</strong></span> <span class='ocrx_word' id='word_1_301' title='bbox 770 2126 881 2182; x_wconf 87' lang='lat' dir='ltr'><strong>Deo</strong></span> <span class='ocrx_word' id='word_1_302' title='bbox 908 2143 1094 2182; x_wconf 87' lang='lat' dir='ltr'><strong>rerum</strong></span> <span class='ocrx_word' id='word_1_303' title='bbox 1119 2128 1302 2195; x_wconf 87' lang='lat' dir='ltr'><strong>opillci</strong></span> <span class='ocrx_word' id='word_1_304' title='bbox 1333 2138 1388 2184; x_wconf 91' lang='lat' dir='ltr'><strong>et</strong></span> <span class='ocrx_word' id='word_1_305' title='bbox 1417 2129 1676 2199; x_wconf 89' lang='lat' dir='ltr'><strong>Domino,</strong></span> <span class='ocrx_word' id='word_1_306' title='bbox 1707 2131 1908 2188; x_wconf 86' lang='lat' dir='ltr'><strong>deinde</strong></span> <span class='ocrx_word' id='word_1_307' title='bbox 1955 2132 2111 2203; x_wconf 87' lang='lat' dir='ltr'><strong>prin-</strong></span> 
     </span>
    </p>
   </div>
   <div class='ocr_carea' id='block_1_37' title="bbox 2226 2125 3788 2213">
    <p class='ocr_par' dir='ltr' id='par_1_37' title="bbox 2226 2132 3788 2213">
     <span class='ocr_line' id='line_1_37' title="bbox 2226 2132 3788 2213; baseline 0.007 -22"><span class='ocrx_word' id='word_1_308' title='bbox 2226 2156 2313 2193; x_wconf 83' lang='grc' dir='ltr'><strong>κεν</strong></span> <span class='ocrx_word' id='word_1_309' title='bbox 2335 2132 2491 2203; x_wconf 73' lang='grc' dir='ltr'>οὗτος</span> <span class='ocrx_word' id='word_1_310' title='bbox 2516 2139 2697 2209; x_wconf 82' lang='grc' dir='ltr'>ἄρχει,</span> <span class='ocrx_word' id='word_1_311' title='bbox 2717 2139 2829 2210; x_wconf 81' lang='grc' dir='ltr'><strong>ἐγὼ</strong></span> <span class='ocrx_word' id='word_1_312' title='bbox 2858 2141 2914 2194; x_wconf 81' lang='grc' dir='ltr'><strong>δὲ</strong></span> <span class='ocrx_word' id='word_1_313' title='bbox 2945 2142 3005 2194; x_wconf 77' lang='grc' dir='ltr'>οὓ</span> <span class='ocrx_word' id='word_1_314' title='bbox 3030 2159 3043 2170; x_wconf 90' lang='grc'><strong>·</strong></span> <span class='ocrx_word' id='word_1_315' title='bbox 3078 2143 3331 2213; x_wconf 80' lang='grc' dir='ltr'>δέχεσθαι</span> <span class='ocrx_word' id='word_1_316' title='bbox 3357 2146 3417 2201; x_wconf 79' lang='grc' dir='ltr'><strong>δὲ</strong></span> <span class='ocrx_word' id='word_1_317' title='bbox 3450 2148 3626 2204; x_wconf 83' lang='grc' dir='ltr'>πάντα</span> <span class='ocrx_word' id='word_1_318' title='bbox 3646 2148 3710 2203; x_wconf 78' lang='grc' dir='ltr'><strong>τά</strong></span> <span class='ocrx_word' id='word_1_319' title='bbox 3726 2152 3788 2202; x_wconf 81' lang='grc' dir='ltr'>ἐκ</span> 
     </span>
    </p>
   </div>
   <div class='ocr_carea' id='block_1_38' title="bbox 526 2215 2124 2303">
    <p class='ocr_par' dir='ltr' id='par_1_38' title="bbox 526 2215 2113 2290">
     <span class='ocr_line' id='line_1_38' title="bbox 526 2215 2113 2290; baseline 0.007 -22"><span class='ocrx_word' id='word_1_320' title='bbox 526 2215 744 2284; x_wconf 88' lang='lat' dir='ltr'><strong>cipibus</strong></span> <span class='ocrx_word' id='word_1_321' title='bbox 773 2217 842 2272; x_wconf 89' lang='lat' dir='ltr'><strong>ab</strong></span> <span class='ocrx_word' id='word_1_322' title='bbox 883 2233 952 2273; x_wconf 87' lang='lat' dir='ltr'><strong>eo</strong></span> <span class='ocrx_word' id='word_1_323' title='bbox 998 2219 1319 2276; x_wconf 87' lang='lat' dir='ltr'><strong>constitutis</strong></span> <span class='ocrx_word' id='word_1_324' title='bbox 1350 2237 1363 2274; x_wconf 91' lang='lat'>:</span> <span class='ocrx_word' id='word_1_325' title='bbox 1396 2235 1501 2277; x_wconf 90' lang='lat' dir='ltr'><strong>nec</strong></span> <span class='ocrx_word' id='word_1_326' title='bbox 1552 2223 1849 2290; x_wconf 87' lang='lat' dir='ltr'><strong>sciscitari,</strong></span> <span class='ocrx_word' id='word_1_327' title='bbox 1883 2238 1982 2278; x_wconf 91' lang='lat' dir='ltr'><strong>cur</strong></span> <span class='ocrx_word' id='word_1_328' title='bbox 2020 2223 2113 2279; x_wconf 84' lang='lat' dir='ltr'><strong>hic</strong></span> 
     </span>
    </p>
   </div>
   <div class='ocr_carea' id='block_1_39' title="bbox 2226 2215 3262 2303">
    <p class='ocr_par' dir='ltr' id='par_1_39' title="bbox 2226 2229 3262 2303">
     <span class='ocr_line' id='line_1_39' title="bbox 2226 2229 3262 2303; baseline 0.003 -20"><span class='ocrx_word' id='word_1_329' title='bbox 2226 2229 2352 2283; x_wconf 79' lang='grc' dir='ltr'>Βεού</span> <span class='ocrx_word' id='word_1_330' title='bbox 2383 2229 2727 2300; x_wconf 74' lang='grc' dir='ltr'>εὐχαρίστως</span> <span class='ocrx_word' id='word_1_331' title='bbox 2754 2231 2850 2285; x_wconf 88' lang='lat' dir='ltr'><strong>xui</strong></span> <span class='ocrx_word' id='word_1_332' title='bbox 2873 2230 3262 2303; x_wconf 81' lang='grc' dir='ltr'>εὐγνωμόνως.</span> 
     </span>
    </p>
   </div>
   <div class='ocr_carea' id='block_1_40' title="bbox 524 2308 2114 2384">
    <p class='ocr_par' dir='ltr' id='par_1_40' title="bbox 524 2308 2114 2384">
     <span class='ocr_line' id='line_1_40' title="bbox 524 2308 2114 2384; baseline 0.008 -26"><span class='ocrx_word' id='word_1_333' title='bbox 524 2308 738 2377; x_wconf 63' lang='lat' dir='ltr'><strong>praesit,</strong></span> <span class='ocrx_word' id='word_1_334' title='bbox 774 2322 876 2378; x_wconf 82' lang='lat' dir='ltr'><strong>ego</strong></span> <span class='ocrx_word' id='word_1_335' title='bbox 917 2324 1060 2376; x_wconf 90' lang='lat' dir='ltr'><strong>non;</strong></span> <span class='ocrx_word' id='word_1_336' title='bbox 1097 2324 1290 2365; x_wconf 88' lang='lat' dir='ltr'><strong>verum</strong></span> <span class='ocrx_word' id='word_1_337' title='bbox 1325 2312 1509 2366; x_wconf 87' lang='lat' dir='ltr'><strong>omnia</strong></span> <span class='ocrx_word' id='word_1_338' title='bbox 1538 2330 1660 2384; x_wconf 66' lang='lat' dir='ltr'><strong>qua:</strong></span> <span class='ocrx_word' id='word_1_339' title='bbox 1686 2312 1795 2369; x_wconf 89' lang='lat' dir='ltr'><strong>Deo</strong></span> <span class='ocrx_word' id='word_1_340' title='bbox 1822 2313 2114 2370; x_wconf 86' lang='lat' dir='ltr'><strong>ordinante</strong></span> 
     </span>
    </p>
   </div>
   <div class='ocr_carea' id='block_1_41' title="bbox 526 2398 1865 2476">
    <p class='ocr_par' dir='ltr' id='par_1_41' title="bbox 526 2398 1865 2476">
     <span class='ocr_line' id='line_1_41' title="bbox 526 2398 1865 2476; baseline 0.008 -25"><span class='ocrx_word' id='word_1_341' title='bbox 526 2398 876 2469; x_wconf 82' lang='lat' dir='ltr'><strong>contingunt,</strong></span> <span class='ocrx_word' id='word_1_342' title='bbox 914 2411 1073 2471; x_wconf 80' lang='lat' dir='ltr'><strong>grato</strong></span> <span class='ocrx_word' id='word_1_343' title='bbox 1102 2412 1158 2457; x_wconf 89' lang='lat' dir='ltr'><strong>et</strong></span> <span class='ocrx_word' id='word_1_344' title='bbox 1184 2418 1341 2472; x_wconf 66' lang='lat' dir='ltr'><strong>aequo</strong></span> <span class='ocrx_word' id='word_1_345' title='bbox 1375 2404 1562 2459; x_wconf 89' lang='lat' dir='ltr'><strong>animo</strong></span> <span class='ocrx_word' id='word_1_346' title='bbox 1590 2406 1865 2476; x_wconf 88' lang='lat' dir='ltr'><strong>accipere.</strong></span> 
     </span>
    </p>
   </div>
   <div class='ocr_carea' id='block_1_42' title="bbox 599 2486 2124 2574">
    <p class='ocr_par' dir='ltr' id='par_1_42' title="bbox 599 2486 2114 2562">
     <span class='ocr_line' id='line_1_42' title="bbox 599 2486 2114 2562; baseline 0.007 -21"><span class='ocrx_word' id='word_1_347' title='bbox 599 2486 781 2543; x_wconf 84' lang='lat' dir='ltr'><strong>Causa</strong></span> <span class='ocrx_word' id='word_1_348' title='bbox 812 2489 1033 2560; x_wconf 81' lang='lat' dir='ltr'><strong>deliquii</strong></span> <span class='ocrx_word' id='word_1_349' title='bbox 1062 2493 1191 2547; x_wconf 82' lang='lat' dir='ltr'><strong>solis</strong></span> <span class='ocrx_word' id='word_1_350' title='bbox 1231 2501 1281 2546; x_wconf 86' lang='lat' dir='ltr'><strong>et</strong></span> <span class='ocrx_word' id='word_1_351' title='bbox 1322 2493 1484 2548; x_wconf 76' lang='lat' dir='ltr'><strong>lume.</strong></span> <span class='ocrx_word' id='word_1_352' title='bbox 1518 2524 1590 2534; x_wconf 92' lang='lat'><strong>—</strong></span> <span class='ocrx_word' id='word_1_353' title='bbox 1619 2494 1775 2562; x_wconf 88' lang='lat' dir='ltr'><strong>Quod</strong></span> <span class='ocrx_word' id='word_1_354' title='bbox 1818 2503 2000 2551; x_wconf 86' lang='lat' dir='ltr'><strong>autem</strong></span> <span class='ocrx_word' id='word_1_355' title='bbox 2031 2496 2114 2552; x_wconf 89' lang='lat' dir='ltr'><strong>sol</strong></span> 
     </span>
    </p>
   </div>
   <div class='ocr_carea' id='block_1_43' title="bbox 2226 2486 3800 2574">
    <p class='ocr_par' dir='ltr' id='par_1_43' title="bbox 2293 2493 3800 2574">
     <span class='ocr_line' id='line_1_43' title="bbox 2293 2493 3800 2574; baseline 0.008 -26"><span class='ocrx_word' id='word_1_356' title='bbox 2293 2493 2572 2548; x_wconf 88' lang='grc' dir='ltr'>Ἐκλείπει</span> <span class='ocrx_word' id='word_1_357' title='bbox 2603 2494 2660 2549; x_wconf 85' lang='grc' dir='ltr'><strong>δὲ</strong></span> <span class='ocrx_word' id='word_1_358' title='bbox 2688 2497 2717 2549; x_wconf 88' lang='lat'><strong>6</strong></span> <span class='ocrx_word' id='word_1_359' title='bbox 2741 2495 2894 2567; x_wconf 74' lang='grc' dir='ltr'>ἥλιος</span> <span class='ocrx_word' id='word_1_360' title='bbox 2926 2496 3022 2550; x_wconf 88' lang='lat' dir='ltr'><strong>xui</strong></span> <span class='ocrx_word' id='word_1_361' title='bbox 3051 2499 3083 2566; x_wconf 85' lang='grc' dir='ltr'><strong>ή</strong></span> <span class='ocrx_word' id='word_1_362' title='bbox 3115 2497 3336 2570; x_wconf 86' lang='grc' dir='ltr'>σελήνη,</span> <span class='ocrx_word' id='word_1_363' title='bbox 3380 2500 3488 2553; x_wconf 84' lang='grc' dir='ltr'><strong>τῶν</strong></span> <span class='ocrx_word' id='word_1_364' title='bbox 3518 2504 3585 2574; x_wconf 78' lang='grc' dir='ltr'>τῇ</span> <span class='ocrx_word' id='word_1_365' title='bbox 3621 2502 3800 2561; x_wconf 84' lang='grc' dir='ltr'>κτίσει</span> 
     </span>
    </p>
   </div>
   <div class='ocr_carea' id='block_1_44' title="bbox 528 2579 2124 2663">
    <p class='ocr_par' dir='ltr' id='par_1_44' title="bbox 528 2579 2114 2655">
     <span class='ocr_line' id='line_1_44' title="bbox 528 2579 2114 2655; baseline 0.005 -22"><span class='ocrx_word' id='word_1_366' title='bbox 528 2584 585 2633; x_wconf 89' lang='lat' dir='ltr'><strong>ct</strong></span> <span class='ocrx_word' id='word_1_367' title='bbox 609 2579 739 2635; x_wconf 88' lang='lat' dir='ltr'><strong>luna</strong></span> <span class='ocrx_word' id='word_1_368' title='bbox 761 2581 1037 2637; x_wconf 86' lang='lat' dir='ltr'><strong>delectum</strong></span> <span class='ocrx_word' id='word_1_369' title='bbox 1059 2585 1393 2655; x_wconf 83' lang='lat' dir='ltr'><strong>quandoque</strong></span> <span class='ocrx_word' id='word_1_370' title='bbox 1419 2586 1726 2655; x_wconf 88' lang='lat' dir='ltr'><strong>patiuntur,</strong></span> <span class='ocrx_word' id='word_1_371' title='bbox 1755 2588 1881 2641; x_wconf 87' lang='lat' dir='ltr'><strong>hinc</strong></span> <span class='ocrx_word' id='word_1_372' title='bbox 1897 2602 2114 2655; x_wconf 90' lang='lat' dir='ltr'><strong>eorum,</strong></span> 
     </span>
    </p>
   </div>
   <div class='ocr_carea' id='block_1_45' title="bbox 2226 2579 3801 2663">
    <p class='ocr_par' dir='ltr' id='par_1_45' title="bbox 2226 2587 3801 2663">
     <span class='ocr_line' id='line_1_45' title="bbox 2226 2587 3801 2663; baseline 0.004 -23"><span class='ocrx_word' id='word_1_373' title='bbox 2226 2587 2678 2656; x_wconf 79' lang='grc' dir='ltr'>προσκυνούντων</span> <span class='ocrx_word' id='word_1_374' title='bbox 2710 2587 2863 2658; x_wconf 75' lang='grc' dir='ltr'>παρὰ</span> <span class='ocrx_word' id='word_1_375' title='bbox 2900 2588 2994 2642; x_wconf 83' lang='grc' dir='ltr'>τὸν</span> <span class='ocrx_word' id='word_1_376' title='bbox 3030 2588 3312 2643; x_wconf 84' lang='grc' dir='ltr'>Κτίσαντα</span> <span class='ocrx_word' id='word_1_377' title='bbox 3353 2589 3449 2663; x_wconf 80' lang='grc' dir='ltr'><strong>τήν</strong></span> <span class='ocrx_word' id='word_1_378' title='bbox 3483 2592 3666 2649; x_wconf 74' lang='grc' dir='ltr'>ἄνοιαν</span> <span class='ocrx_word' id='word_1_379' title='bbox 3694 2594 3801 2648; x_wconf 79' lang='grc' dir='ltr'>διε·</span> 
     </span>
    </p>
   </div>
   <div class='ocr_carea' id='block_1_46' title="bbox 529 2670 2124 2752">
    <p class='ocr_par' dir='ltr' id='par_1_46' title="bbox 529 2670 2115 2744">
     <span class='ocr_line' id='line_1_46' title="bbox 529 2670 2115 2744; baseline 0.007 -21"><span class='ocrx_word' id='word_1_380' title='bbox 529 2670 625 2739; x_wconf 88' lang='lat' dir='ltr'><strong>qui</strong></span> <span class='ocrx_word' id='word_1_381' title='bbox 654 2686 744 2728; x_wconf 87' lang='lat' dir='ltr'><strong>res</strong></span> <span class='ocrx_word' id='word_1_382' title='bbox 767 2683 1003 2737; x_wconf 85' lang='lat' dir='ltr'><strong>creatas,</strong></span> <span class='ocrx_word' id='word_1_383' title='bbox 1023 2675 1272 2744; x_wconf 78' lang='lat' dir='ltr'><strong>neglecto</strong></span> <span class='ocrx_word' id='word_1_384' title='bbox 1287 2675 1571 2741; x_wconf 87' lang='lat' dir='ltr'><strong>Creatore,</strong></span> <span class='ocrx_word' id='word_1_385' title='bbox 1604 2671 1896 2743; x_wconf 83' lang='lat' dir='ltr'><strong>adorant’,</strong></span> <span class='ocrx_word' id='word_1_386' title='bbox 1924 2693 2115 2733; x_wconf 88' lang='lat' dir='ltr'><strong>amen-</strong></span> 
     </span>
    </p>
   </div>
   <div class='ocr_carea' id='block_1_47' title="bbox 2226 2670 3803 2752">
    <p class='ocr_par' dir='ltr' id='par_1_47' title="bbox 2226 2678 3803 2752">
     <span class='ocr_line' id='line_1_47' title="bbox 2226 2678 3803 2752; baseline 0.004 -19"><span class='ocrx_word' id='word_1_387' title='bbox 2226 2681 2509 2751; x_wconf 82' lang='grc' dir='ltr'>λέγχοντα,</span> <span class='ocrx_word' id='word_1_388' title='bbox 2560 2680 2654 2733; x_wconf 87' lang='lat' dir='ltr'><strong>xui</strong></span> <span class='ocrx_word' id='word_1_389' title='bbox 2690 2678 3015 2733; x_wconf 82' lang='grc' dir='ltr'>παιδεύοντα</span> <span class='ocrx_word' id='word_1_390' title='bbox 3069 2681 3144 2744; x_wconf 84' lang='grc' dir='ltr'><strong>ὡς</strong></span> <span class='ocrx_word' id='word_1_391' title='bbox 3187 2683 3400 2752; x_wconf 89' lang='grc' dir='ltr'>τρεπτά</span> <span class='ocrx_word' id='word_1_392' title='bbox 3438 2685 3548 2738; x_wconf 78' lang='grc' dir='ltr'>εἰσι</span> <span class='ocrx_word' id='word_1_393' title='bbox 3592 2687 3687 2739; x_wconf 87' lang='lat' dir='ltr'><strong>xui</strong></span> <span class='ocrx_word' id='word_1_394' title='bbox 3710 2687 3803 2740; x_wconf 80' lang='grc' dir='ltr'><strong>ἀλ-</strong></span> 
     </span>
    </p>
   </div>
   <div class='ocr_carea' id='block_1_48' title="bbox 531 2760 2124 2848">
    <p class='ocr_par' dir='ltr' id='par_1_48' title="bbox 531 2760 2116 2835">
     <span class='ocr_line' id='line_1_48' title="bbox 531 2760 2116 2835; baseline 0.004 -20"><span class='ocrx_word' id='word_1_395' title='bbox 531 2760 662 2816; x_wconf 90' lang='lat' dir='ltr'><strong>tiam</strong></span> <span class='ocrx_word' id='word_1_396' title='bbox 690 2773 950 2835; x_wconf 85' lang='lat' dir='ltr'><strong>arguunt,</strong></span> <span class='ocrx_word' id='word_1_397' title='bbox 967 2780 1138 2835; x_wconf 91' lang='lat' dir='ltr'><strong>seque</strong></span> <span class='ocrx_word' id='word_1_398' title='bbox 1161 2768 1446 2822; x_wconf 82' lang='lat' dir='ltr'><strong>mutationi</strong></span> <span class='ocrx_word' id='word_1_399' title='bbox 1479 2783 1543 2824; x_wconf 87' lang='lat' dir='ltr'><strong>ac</strong></span> <span class='ocrx_word' id='word_1_400' title='bbox 1559 2768 1849 2823; x_wconf 85' lang='lat' dir='ltr'><strong>variationi</strong></span> <span class='ocrx_word' id='word_1_401' title='bbox 1873 2768 2116 2823; x_wconf 83' lang='lat' dir='ltr'><strong>obnoxia</strong></span> 
     </span>
    </p>
   </div>
   <div class='ocr_carea' id='block_1_49' title="bbox 2226 2760 3805 2848">
    <p class='ocr_par' dir='ltr' id='par_1_49' title="bbox 2226 2770 3805 2848">
     <span class='ocr_line' id='line_1_49' title="bbox 2226 2770 3805 2848; baseline 0.005 -24"><span class='ocrx_word' id='word_1_402' title='bbox 2226 2771 2444 2825; x_wconf 89' lang='grc' dir='ltr'>λοιωτά.</span> <span class='ocrx_word' id='word_1_403' title='bbox 2479 2770 2595 2824; x_wconf 77' lang='grc' dir='ltr'><strong>Πᾶν</strong></span> <span class='ocrx_word' id='word_1_404' title='bbox 2622 2771 2680 2825; x_wconf 79' lang='grc' dir='ltr'>δὲ</span> <span class='ocrx_word' id='word_1_405' title='bbox 2699 2770 2952 2842; x_wconf 71' lang='grc' dir='ltr'>τρεπτὺν,</span> <span class='ocrx_word' id='word_1_406' title='bbox 3001 2771 3062 2825; x_wconf 86' lang='grc' dir='ltr'>οὐ</span> <span class='ocrx_word' id='word_1_407' title='bbox 3101 2771 3256 2836; x_wconf 78' lang='grc' dir='ltr'>Θεός’</span> <span class='ocrx_word' id='word_1_408' title='bbox 3320 2775 3468 2830; x_wconf 83' lang='grc' dir='ltr'>κατὰ</span> <span class='ocrx_word' id='word_1_409' title='bbox 3517 2776 3616 2848; x_wconf 72' lang='grc' dir='ltr'><strong>τήν</strong></span> <span class='ocrx_word' id='word_1_410' title='bbox 3670 2777 3805 2834; x_wconf 72' lang='grc' dir='ltr'>ἰδίαν</span> 
     </span>
    </p>
   </div>
   <div class='ocr_carea' id='block_1_50' title="bbox 531 2853 2124 2936">
    <p class='ocr_par' dir='ltr' id='par_1_50' title="bbox 531 2853 2117 2931">
     <span class='ocr_line' id='line_1_50' title="bbox 531 2853 2117 2931; baseline 0.004 -24"><span class='ocrx_word' id='word_1_411' title='bbox 531 2866 658 2908; x_wconf 86' lang='lat' dir='ltr'><strong>esse</strong></span> <span class='ocrx_word' id='word_1_412' title='bbox 687 2853 912 2909; x_wconf 86' lang='lat' dir='ltr'><strong>docent.</strong></span> <span class='ocrx_word' id='word_1_413' title='bbox 952 2854 1233 2926; x_wconf 91' lang='lat' dir='ltr'><strong>Quidquid</strong></span> <span class='ocrx_word' id='word_1_414' title='bbox 1282 2857 1431 2912; x_wconf 87' lang='lat' dir='ltr'><strong>enim</strong></span> <span class='ocrx_word' id='word_1_415' title='bbox 1472 2859 1739 2931; x_wconf 73' lang='lat' dir='ltr'><strong>mutabile</strong></span> <span class='ocrx_word' id='word_1_416' title='bbox 1772 2866 1881 2925; x_wconf 89' lang='lat' dir='ltr'><strong>est,</strong></span> <span class='ocrx_word' id='word_1_417' title='bbox 1922 2869 2117 2914; x_wconf 84' lang='lat' dir='ltr'><strong>natura</strong></span> 
     </span>
    </p>
   </div>
   <div class='ocr_carea' id='block_1_51' title="bbox 2226 2853 3275 2936">
    <p class='ocr_par' dir='ltr' id='par_1_51' title="bbox 2226 2862 3275 2936">
     <span class='ocr_line' id='line_1_51' title="bbox 2226 2862 3275 2936; baseline 0.004 -19"><span class='ocrx_word' id='word_1_418' title='bbox 2226 2863 2333 2936; x_wconf 79' lang='grc' dir='ltr'><strong>γὰρ</strong></span> <span class='ocrx_word' id='word_1_419' title='bbox 2366 2863 2550 2933; x_wconf 81' lang='grc' dir='ltr'>φύσιν,</span> <span class='ocrx_word' id='word_1_420' title='bbox 2577 2862 2817 2935; x_wconf 73' lang='grc' dir='ltr'>φθαρτὸν</span> <span class='ocrx_word' id='word_1_421' title='bbox 2846 2863 2993 2918; x_wconf 80' lang='grc' dir='ltr'>ἂπαν</span> <span class='ocrx_word' id='word_1_422' title='bbox 3018 2865 3275 2935; x_wconf 83' lang='grc' dir='ltr'>τρεπτόν.</span> 
     </span>
    </p>
   </div>
   <div class='ocr_carea' id='block_1_52' title="bbox 533 2944 1396 3005">
    <p class='ocr_par' dir='ltr' id='par_1_52' title="bbox 533 2944 1396 3005">
     <span class='ocr_line' id='line_1_52' title="bbox 533 2944 1396 3005; baseline 0.002 -4"><span class='ocrx_word' id='word_1_423' title='bbox 533 2959 638 3001; x_wconf 80' lang='lat' dir='ltr'><strong>sua</strong></span> <span class='ocrx_word' id='word_1_424' title='bbox 668 2944 918 3001; x_wconf 89' lang='lat' dir='ltr'><strong>interitui</strong></span> <span class='ocrx_word' id='word_1_425' title='bbox 957 2948 1255 3003; x_wconf 72' lang='lat' dir='ltr'><strong>obnoxium</strong></span> <span class='ocrx_word' id='word_1_426' title='bbox 1290 2956 1396 3005; x_wconf 90' lang='lat' dir='ltr'><strong>est.</strong></span> 
     </span>
    </p>
   </div>
   <div class='ocr_carea' id='block_1_53' title="bbox 605 3056 2120 3128">
    <p class='ocr_par' dir='ltr' id='par_1_53' title="bbox 605 3056 2120 3128">
     <span class='ocr_line' id='line_1_53' title="bbox 605 3056 2120 3128; baseline 0.003 -16"><span class='ocrx_word' id='word_1_427' title='bbox 605 3056 752 3113; x_wconf 81' lang='lat' dir='ltr'><strong>Solis</strong></span> <span class='ocrx_word' id='word_1_428' title='bbox 795 3056 1123 3128; x_wconf 85' lang='lat' dir='ltr'><strong>magnitudo.</strong></span> <span class='ocrx_word' id='word_1_429' title='bbox 1152 3088 1224 3100; x_wconf 91' lang='grc'><strong><em>-</em></strong></span> <span class='ocrx_word' id='word_1_430' title='bbox 1257 3058 1395 3112; x_wconf 91' lang='lat' dir='ltr'><strong>&#39;l‘um</strong></span> <span class='ocrx_word' id='word_1_431' title='bbox 1449 3066 1636 3113; x_wconf 89' lang='lat' dir='ltr'><strong>autem</strong></span> <span class='ocrx_word' id='word_1_432' title='bbox 1683 3058 1819 3115; x_wconf 92' lang='lat' dir='ltr'><strong>solis</strong></span> <span class='ocrx_word' id='word_1_433' title='bbox 1870 3056 2120 3116; x_wconf 87' lang='lat' dir='ltr'><strong>dcl&#39;ectus</strong></span> 
     </span>
    </p>
   </div>
   <div class='ocr_carea' id='block_1_54' title="bbox 2297 3062 3809 3135">
    <p class='ocr_par' dir='ltr' id='par_1_54' title="bbox 2297 3062 3809 3135">
     <span class='ocr_line' id='line_1_54' title="bbox 2297 3062 3809 3135; baseline -0.001 -17"><span class='ocrx_word' id='word_1_434' title='bbox 2297 3065 2574 3120; x_wconf 85' lang='grc' dir='ltr'>Ἐκλείπει</span> <span class='ocrx_word' id='word_1_435' title='bbox 2603 3065 2661 3119; x_wconf 76' lang='grc' dir='ltr'>δὲ</span> <span class='ocrx_word' id='word_1_436' title='bbox 2685 3066 2713 3119; x_wconf 84' lang='grc' dir='ltr'>ὁ</span> <span class='ocrx_word' id='word_1_437' title='bbox 2740 3064 2914 3135; x_wconf 76' lang='grc' dir='ltr'>ἥλιος,</span> <span class='ocrx_word' id='word_1_438' title='bbox 2965 3063 3061 3118; x_wconf 76' lang='grc' dir='ltr'><strong>τοῦ</strong></span> <span class='ocrx_word' id='word_1_439' title='bbox 3098 3062 3356 3134; x_wconf 81' lang='grc' dir='ltr'>σώματος</span> <span class='ocrx_word' id='word_1_440' title='bbox 3403 3067 3507 3135; x_wconf 79' lang='grc' dir='ltr'><strong>τῆς</strong></span> <span class='ocrx_word' id='word_1_441' title='bbox 3557 3063 3809 3134; x_wconf 79' lang='grc' dir='ltr'>σελήνης,</span> 
     </span>
    </p>
   </div>
   <div class='ocr_carea' id='block_1_55' title="bbox 535 3147 2124 3238">
    <p class='ocr_par' dir='ltr' id='par_1_55' title="bbox 535 3147 2118 3220">
     <span class='ocr_line' id='line_1_55' title="bbox 535 3147 2118 3220; baseline 0.001 -19"><span class='ocrx_word' id='word_1_442' title='bbox 535 3147 761 3211; x_wconf 81' lang='lat' dir='ltr'><strong>accidit,</strong></span> <span class='ocrx_word' id='word_1_443' title='bbox 782 3163 906 3202; x_wconf 88' lang='lat' dir='ltr'><strong>cum</strong></span> <span class='ocrx_word' id='word_1_444' title='bbox 934 3149 1079 3203; x_wconf 64' lang='lat' dir='ltr'><strong>lunae</strong></span> <span class='ocrx_word' id='word_1_445' title='bbox 1113 3163 1320 3218; x_wconf 89' lang='lat' dir='ltr'><strong>corpus</strong></span> <span class='ocrx_word' id='word_1_446' title='bbox 1357 3149 1584 3220; x_wconf 87' lang='lat' dir='ltr'><strong>parietis</strong></span> <span class='ocrx_word' id='word_1_447' title='bbox 1625 3150 1799 3205; x_wconf 85' lang='lat' dir='ltr'><strong>instar</strong></span> <span class='ocrx_word' id='word_1_448' title='bbox 1832 3149 2118 3220; x_wconf 86' lang='lat' dir='ltr'><strong>cujusdam</strong></span> 
     </span>
    </p>
   </div>
   <div class='ocr_carea' id='block_1_56' title="bbox 2226 3147 3810 3238">
    <p class='ocr_par' dir='ltr' id='par_1_56' title="bbox 2226 3156 3810 3231">
     <span class='ocr_line' id='line_1_56' title="bbox 2226 3156 3810 3231; baseline -0.004 -16"><span class='ocrx_word' id='word_1_449' title='bbox 2226 3160 2417 3231; x_wconf 83' lang='grc' dir='ltr'>ὥσπερ</span> <span class='ocrx_word' id='word_1_450' title='bbox 2441 3160 2586 3224; x_wconf 74' lang='grc' dir='ltr'>τινος</span> <span class='ocrx_word' id='word_1_451' title='bbox 2612 3159 2929 3231; x_wconf 84' lang='grc' dir='ltr'>μεσοτοίχου</span> <span class='ocrx_word' id='word_1_452' title='bbox 2965 3157 3281 3229; x_wconf 80' lang='grc' dir='ltr'>γινομένου,</span> <span class='ocrx_word' id='word_1_453' title='bbox 3314 3159 3409 3212; x_wconf 84' lang='lat' dir='ltr'><strong>xui</strong></span> <span class='ocrx_word' id='word_1_454' title='bbox 3442 3156 3810 3223; x_wconf 78' lang='grc' dir='ltr'>ἀποσκιάζονο</span> 
     </span>
    </p>
   </div>
   <div class='ocr_carea' id='block_1_57' title="bbox 535 3235 2120 3305">
    <p class='ocr_par' dir='ltr' id='par_1_57' title="bbox 535 3235 2120 3305">
     <span class='ocr_line' id='line_1_57' title="bbox 535 3235 2120 3305; baseline 0.001 -15"><span class='ocrx_word' id='word_1_455' title='bbox 535 3235 867 3305; x_wconf 85' lang='lat' dir='ltr'><strong>interpositi,</strong></span> <span class='ocrx_word' id='word_1_456' title='bbox 890 3237 1139 3291; x_wconf 88' lang='lat' dir='ltr'><strong>umbram</strong></span> <span class='ocrx_word' id='word_1_457' title='bbox 1164 3237 1316 3301; x_wconf 81' lang='lat' dir='ltr'><strong>facit,</strong></span> <span class='ocrx_word' id='word_1_458' title='bbox 1353 3253 1455 3293; x_wconf 88' lang='lat' dir='ltr'><strong>nec</strong></span> <span class='ocrx_word' id='word_1_459' title='bbox 1483 3238 1660 3293; x_wconf 90' lang='lat' dir='ltr'><strong>lucem</strong></span> <span class='ocrx_word' id='word_1_460' title='bbox 1691 3237 1918 3293; x_wconf 81' lang='lat' dir='ltr'><strong>diﬂundi</strong></span> <span class='ocrx_word' id='word_1_461' title='bbox 1966 3239 2120 3294; x_wconf 87' lang='lat' dir='ltr'><strong>sinit.</strong></span> 
     </span>
    </p>
   </div>
   <div class='ocr_carea' id='block_1_58' title="bbox 533 3324 2128 3398">
    <p class='ocr_par' dir='ltr' id='par_1_58' title="bbox 533 3324 2128 3398">
     <span class='ocr_line' id='line_1_58' title="bbox 533 3324 2128 3398; baseline 0.003 -19"><span class='ocrx_word' id='word_1_462' title='bbox 533 3325 616 3379; x_wconf 77' lang='lat' dir='ltr'><strong>Ac</strong></span> <span class='ocrx_word' id='word_1_463' title='bbox 650 3324 882 3395; x_wconf 89' lang='lat' dir='ltr'><strong>proinde</strong></span> <span class='ocrx_word' id='word_1_464' title='bbox 909 3334 1112 3396; x_wconf 84' lang='lat' dir='ltr'><strong>quanta</strong></span> <span class='ocrx_word' id='word_1_465' title='bbox 1142 3327 1358 3382; x_wconf 88' lang='lat' dir='ltr'><strong>lunaris</strong></span> <span class='ocrx_word' id='word_1_466' title='bbox 1387 3329 1664 3398; x_wconf 85' lang='lat' dir='ltr'><strong>corporis,</strong></span> <span class='ocrx_word' id='word_1_467' title='bbox 1689 3342 1798 3398; x_wconf 91' lang='lat' dir='ltr'><strong>quo</strong></span> <span class='ocrx_word' id='word_1_468' title='bbox 1831 3329 1916 3384; x_wconf 91' lang='lat' dir='ltr'><strong>sol</strong></span> <span class='ocrx_word' id='word_1_469' title='bbox 1950 3329 2128 3384; x_wconf 87' lang='lat' dir='ltr'><strong>obdu-</strong></span> 
     </span>
    </p>
   </div>
   <div class='ocr_carea' id='block_1_59' title="bbox 530 3415 2128 3490">
    <p class='ocr_par' dir='ltr' id='par_1_59' title="bbox 530 3415 2128 3490">
     <span class='ocr_line' id='line_1_59' title="bbox 530 3415 2128 3490; baseline 0.003 -21"><span class='ocrx_word' id='word_1_470' title='bbox 530 3416 704 3482; x_wconf 84' lang='lat' dir='ltr'><strong>citur,</strong></span> <span class='ocrx_word' id='word_1_471' title='bbox 732 3415 954 3472; x_wconf 82' lang='lat' dir='ltr'><strong>inventa</strong></span> <span class='ocrx_word' id='word_1_472' title='bbox 988 3417 1315 3489; x_wconf 84' lang='lat' dir='ltr'><strong>magnitudo</strong></span> <span class='ocrx_word' id='word_1_473' title='bbox 1375 3417 1566 3485; x_wconf 79' lang='lat' dir='ltr'><strong>fuerit,</strong></span> <span class='ocrx_word' id='word_1_474' title='bbox 1628 3427 1846 3474; x_wconf 89' lang='lat' dir='ltr'><strong>tantum</strong></span> <span class='ocrx_word' id='word_1_475' title='bbox 1905 3434 2128 3490; x_wconf 88' lang='lat' dir='ltr'><strong>quoque</strong></span> 
     </span>
    </p>
   </div>
   <div class='ocr_carea' id='block_1_60' title="bbox 537 3506 2130 3582">
    <p class='ocr_par' dir='ltr' id='par_1_60' title="bbox 537 3506 2130 3582">
     <span class='ocr_line' id='line_1_60' title="bbox 537 3506 2130 3582; baseline 0.005 -22"><span class='ocrx_word' id='word_1_476' title='bbox 537 3506 841 3578; x_wconf 87' lang='lat' dir='ltr'><strong>deliquium</strong></span> <span class='ocrx_word' id='word_1_477' title='bbox 866 3509 1122 3568; x_wconf 80' lang='lat' dir='ltr'><strong>eliicitnr.</strong></span> <span class='ocrx_word' id='word_1_478' title='bbox 1158 3510 1327 3567; x_wconf 72' lang='lat' dir='ltr'><strong>Luna:</strong></span> <span class='ocrx_word' id='word_1_479' title='bbox 1360 3521 1541 3567; x_wconf 87' lang='lat' dir='ltr'><strong>autem</strong></span> <span class='ocrx_word' id='word_1_480' title='bbox 1588 3525 1794 3582; x_wconf 90' lang='lat' dir='ltr'><strong>corpus</strong></span> <span class='ocrx_word' id='word_1_481' title='bbox 1847 3512 2130 3568; x_wconf 83' lang='lat' dir='ltr'><strong>inferioris</strong></span> 
     </span>
    </p>
   </div>
   <div class='ocr_carea' id='block_1_61' title="bbox 539 3599 2126 3669">
    <p class='ocr_par' dir='ltr' id='par_1_61' title="bbox 539 3599 2126 3669">
     <span class='ocr_line' id='line_1_61' title="bbox 539 3599 2126 3669; baseline 0.003 -17"><span class='ocrx_word' id='word_1_482' title='bbox 539 3599 938 3669; x_wconf 87' lang='lat' dir='ltr'><strong>magnitudinis</strong></span> <span class='ocrx_word' id='word_1_483' title='bbox 978 3616 1124 3668; x_wconf 88' lang='lat' dir='ltr'><strong>esse,</strong></span> <span class='ocrx_word' id='word_1_484' title='bbox 1173 3602 1403 3658; x_wconf 91' lang='lat' dir='ltr'><strong>minime</strong></span> <span class='ocrx_word' id='word_1_485' title='bbox 1446 3603 1651 3658; x_wconf 89' lang='lat' dir='ltr'><strong>mirum</strong></span> <span class='ocrx_word' id='word_1_486' title='bbox 1696 3603 1795 3659; x_wconf 91' lang='lat' dir='ltr'><strong>tibi</strong></span> <span class='ocrx_word' id='word_1_487' title='bbox 1840 3603 2126 3659; x_wconf 84' lang='lat' dir='ltr'><strong>videatur:</strong></span> 
     </span>
    </p>
   </div>
   <div class='ocr_carea' id='block_1_62' title="bbox 540 3692 2133 3767">
    <p class='ocr_par' dir='ltr' id='par_1_62' title="bbox 540 3692 2133 3767">
     <span class='ocr_line' id='line_1_62' title="bbox 540 3692 2133 3767; baseline 0.002 -22"><span class='ocrx_word' id='word_1_488' title='bbox 540 3705 670 3745; x_wconf 87' lang='lat' dir='ltr'><strong>nam</strong></span> <span class='ocrx_word' id='word_1_489' title='bbox 698 3699 751 3746; x_wconf 88' lang='lat' dir='ltr'><strong>et</strong></span> <span class='ocrx_word' id='word_1_490' title='bbox 777 3692 948 3748; x_wconf 90' lang='lat' dir='ltr'><strong>solem</strong></span> <span class='ocrx_word' id='word_1_491' title='bbox 974 3694 1225 3748; x_wconf 89' lang='lat' dir='ltr'><strong>nonnulli</strong></span> <span class='ocrx_word' id='word_1_492' title='bbox 1258 3695 1445 3752; x_wconf 89' lang='lat' dir='ltr'><strong>multis</strong></span> <span class='ocrx_word' id='word_1_493' title='bbox 1471 3695 1727 3767; x_wconf 89' lang='lat' dir='ltr'><strong>partibus</strong></span> <span class='ocrx_word' id='word_1_494' title='bbox 1760 3701 1912 3751; x_wconf 89' lang='lat' dir='ltr'><strong>terra</strong></span> <span class='ocrx_word' id='word_1_495' title='bbox 1956 3693 2133 3764; x_wconf 80' lang='lat' dir='ltr'><strong>majo-</strong></span> 
     </span>
    </p>
   </div>
   <div class='ocr_carea' id='block_1_63' title="bbox 540 3771 2132 3853">
    <p class='ocr_par' dir='ltr' id='par_1_63' title="bbox 540 3771 2132 3853">
     <span class='ocr_line' id='line_1_63' title="bbox 540 3771 2132 3853; baseline 0.004 -18"><span class='ocrx_word' id='word_1_496' title='bbox 540 3796 658 3836; x_wconf 86' lang='lat' dir='ltr'><strong>rem</strong></span> <span class='ocrx_word' id='word_1_497' title='bbox 711 3798 857 3839; x_wconf 88' lang='lat' dir='ltr'><strong>esse.</strong></span> <span class='ocrx_word' id='word_1_498' title='bbox 885 3771 1230 3841; x_wconf 85' lang='lat' dir='ltr'><strong>contendunt</strong></span> <span class='ocrx_word' id='word_1_499' title='bbox 1260 3804 1275 3840; x_wconf 90' lang='lat'><strong>:</strong></span> <span class='ocrx_word' id='word_1_500' title='bbox 1307 3773 1487 3842; x_wconf 62' lang='lat' dir='ltr'><strong>sancti</strong></span> <span class='ocrx_word' id='word_1_501' title='bbox 1527 3787 1722 3843; x_wconf 87' lang='lat' dir='ltr'><strong>Patres</strong></span> <span class='ocrx_word' id='word_1_502' title='bbox 1763 3802 1919 3853; x_wconf 89' lang='lat' dir='ltr'><strong>vero,</strong></span> <span class='ocrx_word' id='word_1_503' title='bbox 1969 3796 2132 3842; x_wconf 83' lang='lat' dir='ltr'><strong>terrae</strong></span> 
     </span>
    </p>
   </div>
   <div class='ocr_carea' id='block_1_64' title="bbox 533 3873 2134 3951">
    <p class='ocr_par' dir='ltr' id='par_1_64' title="bbox 533 3873 2134 3951">
     <span class='ocr_line' id='line_1_64' title="bbox 533 3873 2134 3951; baseline 0.004 -24"><span class='ocrx_word' id='word_1_504' title='bbox 533 3873 829 3951; x_wconf 54' lang='lat' dir='ltr'><strong>aequalem.</strong></span> <span class='ocrx_word' id='word_1_505' title='bbox 862 3873 930 3931; x_wconf 89' lang='lat' dir='ltr'><strong>Et</strong></span> <span class='ocrx_word' id='word_1_506' title='bbox 958 3885 1141 3933; x_wconf 87' lang='lat' dir='ltr'><strong>tamen</strong></span> <span class='ocrx_word' id='word_1_507' title='bbox 1175 3893 1552 3950; x_wconf 73' lang='lat' dir='ltr'><strong>saepenumero</strong></span> <span class='ocrx_word' id='word_1_508' title='bbox 1581 3877 1807 3944; x_wconf 87' lang='lat' dir='ltr'><strong>accidit,</strong></span> <span class='ocrx_word' id='word_1_509' title='bbox 1854 3886 1916 3934; x_wconf 91' lang='lat' dir='ltr'><strong>ut</strong></span> <span class='ocrx_word' id='word_1_510' title='bbox 1965 3877 2134 3934; x_wconf 86' lang='lat' dir='ltr'><strong>nube-</strong></span> 
     </span>
    </p>
   </div>
   <div class='ocr_carea' id='block_1_65' title="bbox 535 3968 1947 4043">
    <p class='ocr_par' dir='ltr' id='par_1_65' title="bbox 535 3968 1947 4043">
     <span class='ocr_line' id='line_1_65' title="bbox 535 3968 1947 4043; baseline 0.003 -22"><span class='ocrx_word' id='word_1_511' title='bbox 535 3968 694 4037; x_wconf 89' lang='lat' dir='ltr'><strong>cula,</strong></span> <span class='ocrx_word' id='word_1_512' title='bbox 715 3968 801 4025; x_wconf 85' lang='lat' dir='ltr'><strong>vel</strong></span> <span class='ocrx_word' id='word_1_513' title='bbox 830 3969 969 4026; x_wconf 92' lang='lat' dir='ltr'><strong>colle</strong></span> <span class='ocrx_word' id='word_1_514' title='bbox 1004 3970 1225 4043; x_wconf 80' lang='lat' dir='ltr'><strong>exiguo,</strong></span> <span class='ocrx_word' id='word_1_515' title='bbox 1251 3978 1346 4026; x_wconf 90' lang='lat' dir='ltr'><strong>aut</strong></span> <span class='ocrx_word' id='word_1_516' title='bbox 1373 3971 1582 4043; x_wconf 90' lang='lat' dir='ltr'><strong>pariete</strong></span> <span class='ocrx_word' id='word_1_517' title='bbox 1610 3969 1947 4027; x_wconf 88' lang='lat' dir='ltr'><strong>occultetur.</strong></span> 
     </span>
    </p>
   </div>
   <div class='ocr_carea' id='block_1_66' title="bbox 612 4084 2133 4154">
    <p class='ocr_par' dir='ltr' id='par_1_66' title="bbox 612 4084 2133 4154">
     <span class='ocr_line' id='line_1_66' title="bbox 612 4084 2133 4154; baseline 0 -16"><span class='ocrx_word' id='word_1_518' title='bbox 612 4084 684 4138; x_wconf 89' lang='lat' dir='ltr'><strong>At</strong></span> <span class='ocrx_word' id='word_1_519' title='bbox 731 4099 861 4141; x_wconf 87' lang='lat' dir='ltr'><strong>vero</strong></span> <span class='ocrx_word' id='word_1_520' title='bbox 908 4085 1053 4141; x_wconf 79' lang='lat' dir='ltr'><strong>lunae</strong></span> <span class='ocrx_word' id='word_1_521' title='bbox 1105 4084 1355 4141; x_wconf 85' lang='lat' dir='ltr'><strong>defectus</strong></span> <span class='ocrx_word' id='word_1_522' title='bbox 1399 4100 1468 4140; x_wconf 79' lang='lat' dir='ltr'><strong>ex</strong></span> <span class='ocrx_word' id='word_1_523' title='bbox 1515 4086 1712 4139; x_wconf 86' lang='lat' dir='ltr'><strong>umbra</strong></span> <span class='ocrx_word' id='word_1_524' title='bbox 1761 4098 1928 4154; x_wconf 89' lang='lat' dir='ltr'><strong>quam</strong></span> <span class='ocrx_word' id='word_1_525' title='bbox 1983 4090 2133 4140; x_wconf 87' lang='lat' dir='ltr'><strong>terra</strong></span> 
     </span>
    </p>
   </div>
   <div class='ocr_carea' id='block_1_67' title="bbox 545 4172 2133 4245">
    <p class='ocr_par' dir='ltr' id='par_1_67' title="bbox 545 4172 2133 4245">
     <span class='ocr_line' id='line_1_67' title="bbox 545 4172 2133 4245; baseline 0.001 -18"><span class='ocrx_word' id='word_1_526' title='bbox 545 4172 798 4241; x_wconf 86' lang='lat' dir='ltr'><strong>olIundit,</strong></span> <span class='ocrx_word' id='word_1_527' title='bbox 822 4174 1076 4241; x_wconf 80' lang='lat' dir='ltr'><strong>eﬂicitur,</strong></span> <span class='ocrx_word' id='word_1_528' title='bbox 1104 4189 1229 4229; x_wconf 90' lang='lat' dir='ltr'><strong>cum</strong></span> <span class='ocrx_word' id='word_1_529' title='bbox 1255 4175 1526 4231; x_wconf 87' lang='lat' dir='ltr'><strong>decimam</strong></span> <span class='ocrx_word' id='word_1_530' title='bbox 1552 4175 1801 4245; x_wconf 88' lang='lat' dir='ltr'><strong>quintam</strong></span> <span class='ocrx_word' id='word_1_531' title='bbox 1834 4175 1976 4231; x_wconf 90' lang='lat' dir='ltr'><strong>diem</strong></span> <span class='ocrx_word' id='word_1_532' title='bbox 2006 4175 2133 4231; x_wconf 87' lang='lat' dir='ltr'><strong>atti-</strong></span> 
     </span>
    </p>
   </div>
   <div class='ocr_carea' id='block_1_68' title="bbox 544 4264 2131 4337">
    <p class='ocr_par' dir='ltr' id='par_1_68' title="bbox 544 4264 2131 4337">
     <span class='ocr_line' id='line_1_68' title="bbox 544 4264 2131 4337; baseline 0.002 -20"><span class='ocrx_word' id='word_1_533' title='bbox 544 4265 625 4333; x_wconf 78' lang='lat' dir='ltr'><strong>git</strong></span> <span class='ocrx_word' id='word_1_534' title='bbox 662 4282 902 4337; x_wconf 89' lang='lat' dir='ltr'><strong>cumque</strong></span> <span class='ocrx_word' id='word_1_535' title='bbox 944 4282 1014 4323; x_wconf 78' lang='lat' dir='ltr'><strong>ex</strong></span> <span class='ocrx_word' id='word_1_536' title='bbox 1060 4265 1315 4332; x_wconf 85' lang='lat' dir='ltr'><strong>adverso,</strong></span> <span class='ocrx_word' id='word_1_537' title='bbox 1347 4265 1405 4321; x_wconf 89' lang='lat' dir='ltr'><strong>in</strong></span> <span class='ocrx_word' id='word_1_538' title='bbox 1431 4280 1651 4322; x_wconf 90' lang='lat' dir='ltr'><strong>summo</strong></span> <span class='ocrx_word' id='word_1_539' title='bbox 1680 4264 1872 4336; x_wconf 81' lang='lat' dir='ltr'><strong>utique</strong></span> <span class='ocrx_word' id='word_1_540' title='bbox 1908 4276 2131 4330; x_wconf 87' lang='lat' dir='ltr'><strong>centro,</strong></span> 
     </span>
    </p>
   </div>
   <div class='ocr_carea' id='block_1_69' title="bbox 546 4357 2132 4430">
    <p class='ocr_par' dir='ltr' id='par_1_69' title="bbox 546 4357 2132 4430">
     <span class='ocr_line' id='line_1_69' title="bbox 546 4357 2132 4430; baseline 0.001 -19"><span class='ocrx_word' id='word_1_541' title='bbox 546 4357 629 4412; x_wconf 88' lang='lat' dir='ltr'><strong>sol</strong></span> <span class='ocrx_word' id='word_1_542' title='bbox 659 4359 884 4430; x_wconf 92' lang='lat' dir='ltr'><strong>quidem</strong></span> <span class='ocrx_word' id='word_1_543' title='bbox 914 4358 1059 4415; x_wconf 88' lang='lat' dir='ltr'><strong>inlra</strong></span> <span class='ocrx_word' id='word_1_544' title='bbox 1094 4365 1322 4425; x_wconf 86' lang='lat' dir='ltr'><strong>terram,</strong></span> <span class='ocrx_word' id='word_1_545' title='bbox 1346 4359 1476 4414; x_wconf 87' lang='lat' dir='ltr'><strong>luna</strong></span> <span class='ocrx_word' id='word_1_546' title='bbox 1506 4365 1691 4414; x_wconf 90' lang='lat' dir='ltr'><strong>autem</strong></span> <span class='ocrx_word' id='word_1_547' title='bbox 1713 4374 1885 4430; x_wconf 89' lang='lat' dir='ltr'><strong>supra</strong></span> <span class='ocrx_word' id='word_1_548' title='bbox 1924 4366 2132 4415; x_wconf 88' lang='lat' dir='ltr'><strong>terram</strong></span> 
     </span>
    </p>
   </div>
   <div class='ocr_carea' id='block_1_70' title="bbox 546 4447 2133 4515">
    <p class='ocr_par' dir='ltr' id='par_1_70' title="bbox 546 4447 2133 4515">
     <span class='ocr_line' id='line_1_70' title="bbox 546 4447 2133 4515; baseline 0 -12"><span class='ocrx_word' id='word_1_549' title='bbox 546 4447 849 4506; x_wconf 87' lang='lat' dir='ltr'><strong>invenitur.</strong></span> <span class='ocrx_word' id='word_1_550' title='bbox 876 4447 1036 4507; x_wconf 89' lang='lat' dir='ltr'><strong>Tunc</strong></span> <span class='ocrx_word' id='word_1_551' title='bbox 1064 4452 1211 4508; x_wconf 88' lang='lat' dir='ltr'><strong>enim</strong></span> <span class='ocrx_word' id='word_1_552' title='bbox 1244 4458 1395 4507; x_wconf 85' lang='lat' dir='ltr'><strong>terra</strong></span> <span class='ocrx_word' id='word_1_553' title='bbox 1445 4451 1697 4505; x_wconf 89' lang='lat' dir='ltr'><strong>umbram</strong></span> <span class='ocrx_word' id='word_1_554' title='bbox 1744 4448 1998 4515; x_wconf 91' lang='lat' dir='ltr'><strong>obducit,</strong></span> <span class='ocrx_word' id='word_1_555' title='bbox 2031 4462 2133 4504; x_wconf 90' lang='lat' dir='ltr'><strong>nec</strong></span> 
     </span>
    </p>
   </div>
   <div class='ocr_carea' id='block_1_71' title="bbox 2225 3248 3805 3321">
    <p class='ocr_par' dir='ltr' id='par_1_71' title="bbox 2225 3248 3805 3321">
     <span class='ocr_line' id='line_1_71' title="bbox 2225 3248 3805 3321; baseline -0.004 -16"><span class='ocrx_word' id='word_1_556' title='bbox 2225 3268 2340 3316; x_wconf 74' lang='grc' dir='ltr'>τος,</span> <span class='ocrx_word' id='word_1_557' title='bbox 2384 3250 2481 3304; x_wconf 83' lang='lat' dir='ltr'><strong>xui</strong></span> <span class='ocrx_word' id='word_1_558' title='bbox 2528 3248 2603 3321; x_wconf 84' lang='grc' dir='ltr'><strong>μή</strong></span> <span class='ocrx_word' id='word_1_559' title='bbox 2654 3249 2853 3312; x_wconf 80' lang='grc' dir='ltr'>ἐῶντος</span> <span class='ocrx_word' id='word_1_560' title='bbox 2904 3249 3283 3319; x_wconf 74' lang='grc' dir='ltr'>διαναδοθῆναι</span> <span class='ocrx_word' id='word_1_561' title='bbox 3323 3261 3346 3289; x_wconf 78' lang='grc'><strong><em>⁸</em></strong></span> <span class='ocrx_word' id='word_1_562' title='bbox 3388 3250 3520 3320; x_wconf 86' lang='grc' dir='ltr'>ήμῖν</span> <span class='ocrx_word' id='word_1_563' title='bbox 3548 3248 3754 3316; x_wconf 68' lang='grc' dir='ltr'>ώφιῦς</span> <span class='ocrx_word' id='word_1_564' title='bbox 3787 3265 3805 3279; x_wconf 80' lang='grc' dir='ltr'><strong>ο</strong></span> 
     </span>
    </p>
   </div>
   <div class='ocr_carea' id='block_1_72' title="bbox 2225 3337 3810 3411">
    <p class='ocr_par' dir='ltr' id='par_1_72' title="bbox 2225 3337 3810 3411">
     <span class='ocr_line' id='line_1_72' title="bbox 2225 3337 3810 3411; baseline -0.004 -15"><span class='ocrx_word' id='word_1_565' title='bbox 2225 3342 2349 3396; x_wconf 79' lang='grc' dir='ltr'>ὅσον</span> <span class='ocrx_word' id='word_1_566' title='bbox 2381 3337 2475 3395; x_wconf 79' lang='grc' dir='ltr'>οὖν</span> <span class='ocrx_word' id='word_1_567' title='bbox 2512 3340 2712 3411; x_wconf 83' lang='grc' dir='ltr'>εὑρεθῇ</span> <span class='ocrx_word' id='word_1_568' title='bbox 2749 3340 2812 3393; x_wconf 79' lang='grc' dir='ltr'>τὸ</span> <span class='ocrx_word' id='word_1_569' title='bbox 2841 3340 3002 3411; x_wconf 81' lang='grc' dir='ltr'>σῶμα</span> <span class='ocrx_word' id='word_1_570' title='bbox 3037 3340 3139 3410; x_wconf 85' lang='grc' dir='ltr'>τῆς</span> <span class='ocrx_word' id='word_1_571' title='bbox 3180 3339 3410 3408; x_wconf 85' lang='grc' dir='ltr'>σελήνης</span> <span class='ocrx_word' id='word_1_572' title='bbox 3447 3337 3810 3404; x_wconf 70' lang='grc' dir='ltr'>ἀποκρύπτειν</span> 
     </span>
    </p>
   </div>
   <div class='ocr_carea' id='block_1_73' title="bbox 2226 3420 3813 3496">
    <p class='ocr_par' dir='ltr' id='par_1_73' title="bbox 2226 3420 3813 3496">
     <span class='ocr_line' id='line_1_73' title="bbox 2226 3420 3813 3496; baseline -0.003 -17"><span class='ocrx_word' id='word_1_573' title='bbox 2226 3427 2317 3481; x_wconf 75' lang='grc' dir='ltr'>τὸν</span> <span class='ocrx_word' id='word_1_574' title='bbox 2361 3425 2535 3496; x_wconf 78' lang='grc' dir='ltr'>ἥλιον,</span> <span class='ocrx_word' id='word_1_575' title='bbox 2576 3423 2830 3478; x_wconf 82' lang='grc' dir='ltr'>τοσοῦτον</span> <span class='ocrx_word' id='word_1_576' title='bbox 2875 3424 2972 3478; x_wconf 86' lang='lat' dir='ltr'><strong>xui</strong></span> <span class='ocrx_word' id='word_1_577' title='bbox 3023 3424 3057 3494; x_wconf 87' lang='grc' dir='ltr'><strong>ή</strong></span> <span class='ocrx_word' id='word_1_578' title='bbox 3101 3421 3337 3491; x_wconf 73' lang='grc' dir='ltr'>ἔκλειψις</span> <span class='ocrx_word' id='word_1_579' title='bbox 3386 3420 3598 3491; x_wconf 85' lang='grc' dir='ltr'>γίνεται</span> <span class='ocrx_word' id='word_1_580' title='bbox 3630 3435 3650 3453; x_wconf 86' lang='grc'>⁶</span> <span class='ocrx_word' id='word_1_581' title='bbox 3676 3420 3813 3475; x_wconf 72' lang='grc' dir='ltr'><strong>εἰδὲ</strong></span> 
     </span>
    </p>
   </div>
   <div class='ocr_carea' id='block_1_74' title="bbox 2231 3504 3833 3589">
    <p class='ocr_par' dir='ltr' id='par_1_74' title="bbox 2231 3504 3833 3589">
     <span class='ocr_line' id='line_1_74' title="bbox 2231 3504 3833 3589; baseline -0.002 -19"><span class='ocrx_word' id='word_1_582' title='bbox 2231 3517 2559 3589; x_wconf 78' lang='grc' dir='ltr'>μικρότερόν</span> <span class='ocrx_word' id='word_1_583' title='bbox 2591 3516 2791 3572; x_wconf 80' lang='grc' dir='ltr'>ὲστιτὸ</span> <span class='ocrx_word' id='word_1_584' title='bbox 2817 3516 2917 3586; x_wconf 83' lang='grc' dir='ltr'><strong>τῆς</strong></span> <span class='ocrx_word' id='word_1_585' title='bbox 2959 3516 3187 3588; x_wconf 82' lang='grc' dir='ltr'>σελήνης</span> <span class='ocrx_word' id='word_1_586' title='bbox 3240 3515 3418 3587; x_wconf 83' lang='grc' dir='ltr'>σῶμα,</span> <span class='ocrx_word' id='word_1_587' title='bbox 3469 3514 3544 3586; x_wconf 84' lang='grc' dir='ltr'>μὴ</span> <span class='ocrx_word' id='word_1_588' title='bbox 3596 3504 3833 3585; x_wconf 56' lang='grc' dir='ltr'>θαυμάεί</span> 
     </span>
    </p>
   </div>
   <div class='ocr_carea' id='block_1_75' title="bbox 2231 3604 3814 3681">
    <p class='ocr_par' dir='ltr' id='par_1_75' title="bbox 2231 3604 3814 3681">
     <span class='ocr_line' id='line_1_75' title="bbox 2231 3604 3814 3681; baseline -0.003 -20"><span class='ocrx_word' id='word_1_589' title='bbox 2231 3625 2331 3680; x_wconf 82' lang='grc' dir='ltr'>σῃς</span> <span class='ocrx_word' id='word_1_590' title='bbox 2364 3625 2380 3640; x_wconf 76' lang='grc' dir='ltr'><strong>ο</strong></span> <span class='ocrx_word' id='word_1_591' title='bbox 2413 3609 2510 3662; x_wconf 84' lang='grc' dir='ltr'>καὶ</span> <span class='ocrx_word' id='word_1_592' title='bbox 2543 3611 2572 3662; x_wconf 86' lang='lat'><strong>6</strong></span> <span class='ocrx_word' id='word_1_593' title='bbox 2593 3608 2746 3680; x_wconf 72' lang='grc' dir='ltr'>ἣλιος</span> <span class='ocrx_word' id='word_1_594' title='bbox 2775 3606 2886 3681; x_wconf 84' lang='grc' dir='ltr'>γὰρ</span> <span class='ocrx_word' id='word_1_595' title='bbox 2921 3608 3025 3662; x_wconf 83' lang='grc' dir='ltr'><strong>ὑπό</strong></span> <span class='ocrx_word' id='word_1_596' title='bbox 3047 3624 3211 3661; x_wconf 90' lang='grc' dir='ltr'>τινων</span> <span class='ocrx_word' id='word_1_597' title='bbox 3255 3605 3355 3676; x_wconf 81' lang='grc' dir='ltr'>μὲν</span> <span class='ocrx_word' id='word_1_598' title='bbox 3396 3604 3618 3674; x_wconf 75' lang='grc' dir='ltr'>λέγεται</span> <span class='ocrx_word' id='word_1_599' title='bbox 3648 3605 3814 3657; x_wconf 85' lang='grc' dir='ltr'>πολυ-</span> 
     </span>
    </p>
   </div>
   <div class='ocr_carea' id='block_1_76' title="bbox 2229 3695 3812 3772">
    <p class='ocr_par' dir='ltr' id='par_1_76' title="bbox 2229 3695 3812 3772">
     <span class='ocr_line' id='line_1_76' title="bbox 2229 3695 3812 3772; baseline -0.004 -17"><span class='ocrx_word' id='word_1_600' title='bbox 2229 3702 2476 3755; x_wconf 83' lang='grc' dir='ltr'>πλασῐων</span> <span class='ocrx_word' id='word_1_601' title='bbox 2504 3700 2606 3772; x_wconf 77' lang='grc' dir='ltr'>τῆς</span> <span class='ocrx_word' id='word_1_602' title='bbox 2625 3699 2749 3770; x_wconf 86' lang='grc' dir='ltr'>γῆς·</span> <span class='ocrx_word' id='word_1_603' title='bbox 2785 3699 2891 3753; x_wconf 82' lang='grc' dir='ltr'><strong>ὑπὸ</strong></span> <span class='ocrx_word' id='word_1_604' title='bbox 2920 3698 2976 3752; x_wconf 85' lang='grc' dir='ltr'>δὲ</span> <span class='ocrx_word' id='word_1_605' title='bbox 3006 3699 3117 3753; x_wconf 86' lang='grc' dir='ltr'><strong>τῶν</strong></span> <span class='ocrx_word' id='word_1_606' title='bbox 3154 3698 3327 3768; x_wconf 81' lang='grc' dir='ltr'>ἁγίων</span> <span class='ocrx_word' id='word_1_607' title='bbox 3353 3697 3381 3738; x_wconf 71' lang='grc' dir='ltr'>δ</span> <span class='ocrx_word' id='word_1_608' title='bbox 3413 3697 3673 3772; x_wconf 63' lang='grc' dir='ltr'>Πατέρων</span> <span class='ocrx_word' id='word_1_609' title='bbox 3695 3695 3812 3760; x_wconf 68' lang='lat' dir='ltr'><strong>(se;</strong></span> 
     </span>
    </p>
   </div>
   <div class='ocr_carea' id='block_1_77' title="bbox 2228 3762 3811 3862">
    <p class='ocr_par' dir='ltr' id='par_1_77' title="bbox 2228 3762 3811 3862">
     <span class='ocr_line' id='line_1_77' title="bbox 2228 3762 3811 3862; baseline -0.004 -18"><span class='ocrx_word' id='word_1_610' title='bbox 2228 3793 2295 3861; x_wconf 87' lang='grc' dir='ltr'>τῇ</span> <span class='ocrx_word' id='word_1_611' title='bbox 2321 3792 2391 3862; x_wconf 82' lang='grc' dir='ltr'><strong>γῇ</strong></span> <span class='ocrx_word' id='word_1_612' title='bbox 2413 3807 2427 3821; x_wconf 82' lang='grc'><em>’</em></span> <span class='ocrx_word' id='word_1_613' title='bbox 2459 3762 2840 3854; x_wconf 52' lang='grc' dir='ltr'>καίπολλάκις</span> <span class='ocrx_word' id='word_1_614' title='bbox 2883 3788 3080 3861; x_wconf 81' lang='grc' dir='ltr'>μικρὸν</span> <span class='ocrx_word' id='word_1_615' title='bbox 3119 3762 3282 3860; x_wconf 65' lang='grc' dir='ltr'>νέτρος</span> <span class='ocrx_word' id='word_1_616' title='bbox 3321 3762 3586 3843; x_wconf 76' lang='grc' dir='ltr'>καλύπτᾶ</span> <span class='ocrx_word' id='word_1_617' title='bbox 3624 3786 3811 3854; x_wconf 78' lang='grc' dir='ltr'>αὑτὸν,</span> 
     </span>
    </p>
   </div>
   <div class='ocr_carea' id='block_1_78' title="bbox 2230 3879 3157 3953">
    <p class='ocr_par' dir='ltr' id='par_1_78' title="bbox 2230 3879 3157 3953">
     <span class='ocr_line' id='line_1_78' title="bbox 2230 3879 3157 3953; baseline 0 -18"><span class='ocrx_word' id='word_1_618' title='bbox 2230 3879 2269 3952; x_wconf 75' lang='grc' dir='ltr'>ἢ</span> <span class='ocrx_word' id='word_1_619' title='bbox 2294 3883 2390 3936; x_wconf 83' lang='lat' dir='ltr'><strong>xui</strong></span> <span class='ocrx_word' id='word_1_620' title='bbox 2421 3880 2617 3952; x_wconf 75' lang='grc' dir='ltr'>μικρὸς</span> <span class='ocrx_word' id='word_1_621' title='bbox 2645 3879 2853 3952; x_wconf 82' lang='grc' dir='ltr'>βουνὸς,</span> <span class='ocrx_word' id='word_1_622' title='bbox 2889 3880 2925 3953; x_wconf 84' lang='grc' dir='ltr'><strong>ή</strong></span> <span class='ocrx_word' id='word_1_623' title='bbox 2954 3881 3157 3953; x_wconf 82' lang='grc' dir='ltr'>τοῖχος.</span> 
     </span>
    </p>
   </div>
   <div class='ocr_carea' id='block_1_79' title="bbox 2316 4070 3813 4148">
    <p class='ocr_par' dir='ltr' id='par_1_79' title="bbox 2316 4070 3813 4148">
     <span class='ocr_line' id='line_1_79' title="bbox 2316 4070 3813 4148; baseline -0.005 -15"><span class='ocrx_word' id='word_1_624' title='bbox 2316 4081 2381 4133; x_wconf 86' lang='grc' dir='ltr'><strong>Ἦ</strong></span> <span class='ocrx_word' id='word_1_625' title='bbox 2406 4079 2463 4132; x_wconf 76' lang='grc' dir='ltr'>δὲ</span> <span class='ocrx_word' id='word_1_626' title='bbox 2486 4078 2589 4148; x_wconf 82' lang='grc' dir='ltr'>τῆς</span> <span class='ocrx_word' id='word_1_627' title='bbox 2620 4079 2850 4148; x_wconf 85' lang='grc' dir='ltr'>σελήνης</span> <span class='ocrx_word' id='word_1_628' title='bbox 2878 4075 3143 4145; x_wconf 75' lang='grc' dir='ltr'>ἔκλειψις,</span> <span class='ocrx_word' id='word_1_629' title='bbox 3184 4074 3250 4128; x_wconf 82' lang='grc' dir='ltr'>ὲκ</span> <span class='ocrx_word' id='word_1_630' title='bbox 3282 4072 3383 4128; x_wconf 75' lang='grc' dir='ltr'><strong>τοῦ</strong></span> <span class='ocrx_word' id='word_1_631' title='bbox 3421 4070 3813 4143; x_wconf 58' lang='lat' dir='ltr'><strong>ammonu-</strong></span> 
     </span>
    </p>
   </div>
   <div class='ocr_carea' id='block_1_80' title="bbox 2232 4164 3811 4244">
    <p class='ocr_par' dir='ltr' id='par_1_80' title="bbox 2232 4164 3811 4244">
     <span class='ocr_line' id='line_1_80' title="bbox 2232 4164 3811 4244; baseline -0.008 -16"><span class='ocrx_word' id='word_1_632' title='bbox 2232 4191 2324 4238; x_wconf 81' lang='grc' dir='ltr'><strong>τος</strong></span> <span class='ocrx_word' id='word_1_633' title='bbox 2347 4174 2447 4244; x_wconf 85' lang='grc' dir='ltr'>τῆς</span> <span class='ocrx_word' id='word_1_634' title='bbox 2484 4175 2589 4244; x_wconf 85' lang='grc' dir='ltr'>γῆς</span> <span class='ocrx_word' id='word_1_635' title='bbox 2601 4170 2835 4240; x_wconf 86' lang='grc' dir='ltr'>γίνεται,</span> <span class='ocrx_word' id='word_1_636' title='bbox 2860 4171 2990 4224; x_wconf 84' lang='grc' dir='ltr'>ὅταν</span> <span class='ocrx_word' id='word_1_637' title='bbox 3017 4168 3246 4239; x_wconf 83' lang='grc' dir='ltr'>γένηται</span> <span class='ocrx_word' id='word_1_638' title='bbox 3281 4164 3811 4221; x_wconf 77' lang='grc' dir='ltr'>πεντεκαιδεκαταία</span> 
     </span>
    </p>
   </div>
   <div class='ocr_carea' id='block_1_81' title="bbox 2233 4256 3814 4338">
    <p class='ocr_par' dir='ltr' id='par_1_81' title="bbox 2233 4256 3814 4338">
     <span class='ocr_line' id='line_1_81' title="bbox 2233 4256 3814 4338; baseline -0.008 -18"><span class='ocrx_word' id='word_1_639' title='bbox 2233 4268 2267 4337; x_wconf 89' lang='grc' dir='ltr'><strong>ή</strong></span> <span class='ocrx_word' id='word_1_640' title='bbox 2298 4266 2519 4338; x_wconf 84' lang='grc' dir='ltr'>σελήνη,</span> <span class='ocrx_word' id='word_1_641' title='bbox 2571 4264 2668 4317; x_wconf 85' lang='lat' dir='ltr'><strong>xu‘t</strong></span> <span class='ocrx_word' id='word_1_642' title='bbox 2697 4262 2896 4335; x_wconf 77' lang='grc' dir='ltr'>εὑρεθῇ</span> <span class='ocrx_word' id='word_1_643' title='bbox 2932 4260 2995 4326; x_wconf 79' lang='grc' dir='ltr'><strong>ἐξ</strong></span> <span class='ocrx_word' id='word_1_644' title='bbox 3045 4259 3300 4323; x_wconf 75' lang='grc' dir='ltr'>ἐναντίας</span> <span class='ocrx_word' id='word_1_645' title='bbox 3347 4259 3496 4312; x_wconf 74' lang='grc' dir='ltr'>κατὰ</span> <span class='ocrx_word' id='word_1_646' title='bbox 3545 4256 3607 4310; x_wconf 75' lang='grc' dir='ltr'>τὸ</span> <span class='ocrx_word' id='word_1_647' title='bbox 3647 4257 3814 4327; x_wconf 77' lang='grc' dir='ltr'>ἄκρον</span> 
     </span>
    </p>
   </div>
   <div class='ocr_carea' id='block_1_82' title="bbox 2233 4350 3810 4428">
    <p class='ocr_par' dir='ltr' id='par_1_82' title="bbox 2233 4350 3810 4428">
     <span class='ocr_line' id='line_1_82' title="bbox 2233 4350 3810 4428; baseline -0.006 -17"><span class='ocrx_word' id='word_1_648' title='bbox 2233 4358 2477 4428; x_wconf 83' lang='grc' dir='ltr'>κέντρον,</span> <span class='ocrx_word' id='word_1_649' title='bbox 2508 4357 2537 4408; x_wconf 87' lang='grc' dir='ltr'>ὁ</span> <span class='ocrx_word' id='word_1_650' title='bbox 2559 4355 2660 4427; x_wconf 87' lang='grc' dir='ltr'>μὲν</span> <span class='ocrx_word' id='word_1_651' title='bbox 2685 4355 2839 4426; x_wconf 77' lang='grc' dir='ltr'>ἥλιος</span> <span class='ocrx_word' id='word_1_652' title='bbox 2866 4353 2971 4408; x_wconf 76' lang='grc' dir='ltr'><strong>ὑπὸ</strong></span> <span class='ocrx_word' id='word_1_653' title='bbox 2998 4353 3126 4423; x_wconf 82' lang='grc' dir='ltr'>γῆν,</span> <span class='ocrx_word' id='word_1_654' title='bbox 3151 4354 3185 4423; x_wconf 81' lang='grc' dir='ltr'><strong>ή</strong></span> <span class='ocrx_word' id='word_1_655' title='bbox 3218 4351 3276 4407; x_wconf 82' lang='grc' dir='ltr'><strong>δὲ</strong></span> <span class='ocrx_word' id='word_1_656' title='bbox 3309 4351 3511 4423; x_wconf 86' lang='grc' dir='ltr'>σελήνη</span> <span class='ocrx_word' id='word_1_657' title='bbox 3528 4351 3669 4422; x_wconf 82' lang='grc' dir='ltr'>ὑπὲρ</span> <span class='ocrx_word' id='word_1_658' title='bbox 3685 4350 3810 4419; x_wconf 77' lang='grc' dir='ltr'>γῆν.</span> 
     </span>
    </p>
   </div>
   <div class='ocr_carea' id='block_1_83' title="bbox 2247 4441 3813 4518">
    <p class='ocr_par' dir='ltr' id='par_1_83' title="bbox 2247 4441 3813 4518">
     <span class='ocr_line' id='line_1_83' title="bbox 2247 4441 3813 4518; baseline -0.006 -15"><span class='ocrx_word' id='word_1_659' title='bbox 2247 4448 2631 4518; x_wconf 80' lang='grc' dir='ltr'>’Δποσκίασμα</span> <span class='ocrx_word' id='word_1_660' title='bbox 2650 4447 2760 4517; x_wconf 83' lang='grc' dir='ltr'>γὰρ</span> <span class='ocrx_word' id='word_1_661' title='bbox 2780 4447 2926 4500; x_wconf 88' lang='grc' dir='ltr'>ποιεῖ</span> <span class='ocrx_word' id='word_1_662' title='bbox 2954 4446 2989 4516; x_wconf 90' lang='grc' dir='ltr'><strong>ή</strong></span> <span class='ocrx_word' id='word_1_663' title='bbox 3010 4445 3106 4516; x_wconf 81' lang='grc' dir='ltr'>γῆ,</span> <span class='ocrx_word' id='word_1_664' title='bbox 3136 4444 3232 4500; x_wconf 82' lang='lat' dir='ltr'><strong>xui</strong></span> <span class='ocrx_word' id='word_1_665' title='bbox 3248 4445 3310 4498; x_wconf 84' lang='grc' dir='ltr'>οὐ</span> <span class='ocrx_word' id='word_1_666' title='bbox 3343 4444 3539 4513; x_wconf 66' lang='grc' dir='ltr'>φθάνει</span> <span class='ocrx_word' id='word_1_667' title='bbox 3567 4442 3630 4496; x_wconf 73' lang='grc' dir='ltr'>τὸ</span> <span class='ocrx_word' id='word_1_668' title='bbox 3656 4441 3813 4510; x_wconf 79' lang='grc' dir='ltr'>ἡλια-</span> 
     </span>
    </p>
   </div>
   <div class='ocr_carea' id='block_1_84' title="bbox 549 4535 2124 4615">
    <p class='ocr_par' dir='ltr' id='par_1_84' title="bbox 549 4539 2124 4615">
     <span class='ocr_line' id='line_1_84' title="bbox 549 4539 2124 4615; baseline 0.003 -21"><span class='ocrx_word' id='word_1_669' title='bbox 549 4540 685 4596; x_wconf 85' lang='lat' dir='ltr'><strong>solis</strong></span> <span class='ocrx_word' id='word_1_670' title='bbox 718 4539 903 4598; x_wconf 91' lang='lat' dir='ltr'><strong>lumen</strong></span> <span class='ocrx_word' id='word_1_671' title='bbox 929 4542 1125 4601; x_wconf 81' lang='lat' dir='ltr'><strong>all‘erre</strong></span> <span class='ocrx_word' id='word_1_672' title='bbox 1157 4544 1300 4599; x_wconf 69' lang='lat' dir='ltr'><strong>luna:</strong></span> <span class='ocrx_word' id='word_1_673' title='bbox 1334 4541 1687 4615; x_wconf 86' lang='lat' dir='ltr'><strong>splendorem</strong></span> <span class='ocrx_word' id='word_1_674' title='bbox 1722 4549 1942 4612; x_wconf 88' lang='lat' dir='ltr'><strong>potest;</strong></span> <span class='ocrx_word' id='word_1_675' title='bbox 1988 4540 2124 4598; x_wconf 66' lang='lat' dir='ltr'><strong>unde</strong></span> 
     </span>
    </p>
   </div>
   <div class='ocr_carea' id='block_1_85' title="bbox 2226 4535 3738 4615">
    <p class='ocr_par' dir='ltr' id='par_1_85' title="bbox 2240 4535 3738 4612">
     <span class='ocr_line' id='line_1_85' title="bbox 2240 4535 3738 4612; baseline -0.007 -16"><span class='ocrx_word' id='word_1_676' title='bbox 2240 4541 2335 4596; x_wconf 86' lang='grc' dir='ltr'>κὸν</span> <span class='ocrx_word' id='word_1_677' title='bbox 2362 4541 2478 4612; x_wconf 82' lang='grc' dir='ltr'><strong>φῶς</strong></span> <span class='ocrx_word' id='word_1_678' title='bbox 2507 4540 2745 4610; x_wconf 78' lang='grc' dir='ltr'>φωτίσαι</span> <span class='ocrx_word' id='word_1_679' title='bbox 2769 4539 2870 4611; x_wconf 82' lang='grc' dir='ltr'>τὴν</span> <span class='ocrx_word' id='word_1_680' title='bbox 2900 4537 3154 4609; x_wconf 85' lang='grc' dir='ltr'>σελήνην,</span> <span class='ocrx_word' id='word_1_681' title='bbox 3182 4536 3444 4591; x_wconf 82' lang='grc' dir='ltr'>κάκεῖθεν</span> <span class='ocrx_word' id='word_1_682' title='bbox 3479 4535 3738 4590; x_wconf 74' lang='grc' dir='ltr'>ἐκλείπει.</span> 
     </span>
    </p>
   </div>
   <div class='ocr_carea' id='block_1_86' title="bbox 549 4627 1087 4689">
    <p class='ocr_par' dir='ltr' id='par_1_86' title="bbox 549 4627 1087 4689">
     <span class='ocr_line' id='line_1_86' title="bbox 549 4627 1087 4689; baseline 0.007 -4"><span class='ocrx_word' id='word_1_683' title='bbox 549 4627 613 4685; x_wconf 82' lang='lat' dir='ltr'><strong>ﬁt</strong></span> <span class='ocrx_word' id='word_1_684' title='bbox 642 4638 702 4684; x_wconf 93' lang='lat' dir='ltr'><strong>ut</strong></span> <span class='ocrx_word' id='word_1_685' title='bbox 730 4632 823 4686; x_wconf 88' lang='lat' dir='ltr'><strong>illa</strong></span> <span class='ocrx_word' id='word_1_686' title='bbox 848 4632 1087 4689; x_wconf 85' lang='lat' dir='ltr'><strong>deﬁciat.</strong></span> 
     </span>
    </p>
   </div>
   <div class='ocr_carea' id='block_1_87' title="bbox 624 4740 2136 4803">
    <p class='ocr_par' dir='ltr' id='par_1_87' title="bbox 624 4740 2136 4803">
     <span class='ocr_line' id='line_1_87' title="bbox 624 4740 2136 4803; baseline 0.005 -8"><span class='ocrx_word' id='word_1_687' title='bbox 624 4740 835 4798; x_wconf 81' lang='lat' dir='ltr'><strong>Menses</strong></span> <span class='ocrx_word' id='word_1_688' title='bbox 875 4743 1089 4801; x_wconf 85' lang='lat' dir='ltr'><strong>lunares</strong></span> <span class='ocrx_word' id='word_1_689' title='bbox 1129 4756 1180 4801; x_wconf 87' lang='lat' dir='ltr'><strong>et</strong></span> <span class='ocrx_word' id='word_1_690' title='bbox 1223 4748 1449 4803; x_wconf 84' lang='lat' dir='ltr'><strong>salares.</strong></span> <span class='ocrx_word' id='word_1_691' title='bbox 1506 4745 1663 4802; x_wconf 82' lang='lat' dir='ltr'><strong>Luna</strong></span> <span class='ocrx_word' id='word_1_692' title='bbox 1699 4761 1734 4801; x_wconf 84' lang='grc' dir='ltr'><strong>α</strong></span> <span class='ocrx_word' id='word_1_693' title='bbox 1793 4745 1907 4802; x_wconf 80' lang='lat' dir='ltr'><strong>Deo</strong></span> <span class='ocrx_word' id='word_1_694' title='bbox 1952 4756 2136 4802; x_wconf 84' lang='lat' dir='ltr'><strong>creata</strong></span> 
     </span>
    </p>
   </div>
   <div class='ocr_carea' id='block_1_88' title="bbox 552 4832 2136 4905">
    <p class='ocr_par' dir='ltr' id='par_1_88' title="bbox 552 4832 2136 4905">
     <span class='ocr_line' id='line_1_88' title="bbox 552 4832 2136 4905; baseline 0.006 -19"><span class='ocrx_word' id='word_1_695' title='bbox 552 4832 732 4899; x_wconf 84' lang='lat' dir='ltr'><strong>plena.</strong></span> <span class='ocrx_word' id='word_1_696' title='bbox 756 4862 825 4876; x_wconf 77' lang='lat'><strong>—-</strong></span> <span class='ocrx_word' id='word_1_697' title='bbox 851 4835 988 4890; x_wconf 84' lang='lat' dir='ltr'><strong>illud</strong></span> <span class='ocrx_word' id='word_1_698' title='bbox 1031 4838 1423 4896; x_wconf 80' lang='lat' dir='ltr'><strong>advertendum</strong></span> <span class='ocrx_word' id='word_1_699' title='bbox 1447 4878 1463 4905; x_wconf 92' lang='lat'><strong>,</strong></span> <span class='ocrx_word' id='word_1_700' title='bbox 1510 4840 1698 4895; x_wconf 89' lang='lat' dir='ltr'><strong>lunam</strong></span> <span class='ocrx_word' id='word_1_701' title='bbox 1729 4853 1760 4894; x_wconf 92' lang='lat' dir='ltr'><strong>a</strong></span> <span class='ocrx_word' id='word_1_702' title='bbox 1788 4854 2007 4895; x_wconf 89' lang='lat' dir='ltr'><strong>summo</strong></span> <span class='ocrx_word' id='word_1_703' title='bbox 2045 4854 2136 4896; x_wconf 86' lang='lat' dir='ltr'><strong>re-</strong></span> 
     </span>
    </p>
   </div>
   <div class='ocr_carea' id='block_1_89' title="bbox 554 4923 2138 5002">
    <p class='ocr_par' dir='ltr' id='par_1_89' title="bbox 554 4923 2138 5002">
     <span class='ocr_line' id='line_1_89' title="bbox 554 4923 2138 5002; baseline 0.006 -24"><span class='ocrx_word' id='word_1_704' title='bbox 554 4939 676 4979; x_wconf 80' lang='lat' dir='ltr'><strong>rum</strong></span> <span class='ocrx_word' id='word_1_705' title='bbox 711 4923 950 4982; x_wconf 87' lang='lat' dir='ltr'><strong>Auctore</strong></span> <span class='ocrx_word' id='word_1_706' title='bbox 990 4927 1207 4996; x_wconf 89' lang='lat' dir='ltr'><strong>plenam</strong></span> <span class='ocrx_word' id='word_1_707' title='bbox 1248 4928 1421 4987; x_wconf 83' lang='lat' dir='ltr'><strong>fuisse</strong></span> <span class='ocrx_word' id='word_1_708' title='bbox 1466 4930 1775 4997; x_wconf 89' lang='lat' dir='ltr'><strong>conditam,</strong></span> <span class='ocrx_word' id='word_1_709' title='bbox 1810 4931 1928 4986; x_wconf 88' lang='lat' dir='ltr'><strong>sive</strong></span> <span class='ocrx_word' id='word_1_710' title='bbox 1955 4931 2138 5002; x_wconf 87' lang='lat' dir='ltr'><strong>qualis</strong></span> 
     </span>
    </p>
   </div>
   <div class='ocr_carea' id='block_1_90' title="bbox 2304 4732 3810 4811">
    <p class='ocr_par' dir='ltr' id='par_1_90' title="bbox 2304 4732 3810 4811">
     <span class='ocr_line' id='line_1_90' title="bbox 2304 4732 3810 4811; baseline -0.007 -17"><span class='ocrx_word' id='word_1_711' title='bbox 2304 4738 2426 4811; x_wconf 82' lang='grc' dir='ltr'><strong>Χρὴ</strong></span> <span class='ocrx_word' id='word_1_712' title='bbox 2467 4737 2526 4793; x_wconf 81' lang='grc' dir='ltr'><strong>δὲ</strong></span> <span class='ocrx_word' id='word_1_713' title='bbox 2582 4736 2897 4807; x_wconf 84' lang='grc' dir='ltr'>γινώσκειν,</span> <span class='ocrx_word' id='word_1_714' title='bbox 2952 4737 3035 4791; x_wconf 80' lang='grc' dir='ltr'>ὅτι</span> <span class='ocrx_word' id='word_1_715' title='bbox 3067 4735 3251 4790; x_wconf 84' lang='grc' dir='ltr'>τελεία</span> <span class='ocrx_word' id='word_1_716' title='bbox 3289 4736 3514 4803; x_wconf 75' lang='grc' dir='ltr'>ἐκτίσθη</span> <span class='ocrx_word' id='word_1_717' title='bbox 3549 4732 3810 4805; x_wconf 86' lang='grc' dir='ltr'>ήσελήνη</span> 
     </span>
    </p>
   </div>
   <div class='ocr_carea' id='block_1_91' title="bbox 2235 4822 3810 4909">
    <p class='ocr_par' dir='ltr' id='par_1_91' title="bbox 2235 4822 3810 4909">
     <span class='ocr_line' id='line_1_91' title="bbox 2235 4822 3810 4909; baseline -0.007 -24"><span class='ocrx_word' id='word_1_718' title='bbox 2235 4831 2343 4887; x_wconf 84' lang='grc' dir='ltr'><strong>ὑπὸ</strong></span> <span class='ocrx_word' id='word_1_719' title='bbox 2370 4829 2464 4884; x_wconf 80' lang='grc' dir='ltr'>τοῦ</span> <span class='ocrx_word' id='word_1_720' title='bbox 2490 4827 2859 4901; x_wconf 79' lang='grc' dir='ltr'>Δημιουργοῦ,</span> <span class='ocrx_word' id='word_1_721' title='bbox 2887 4828 3006 4899; x_wconf 79' lang='grc' dir='ltr'>ἦτοι</span> <span class='ocrx_word' id='word_1_722' title='bbox 3042 4825 3563 4882; x_wconf 80' lang='grc' dir='ltr'>πεντεκαιδεκαταία</span> <span class='ocrx_word' id='word_1_723' title='bbox 3586 4839 3600 4855; x_wconf 78' lang='grc'><em>’</em></span> <span class='ocrx_word' id='word_1_724' title='bbox 3644 4822 3810 4909; x_wconf 74' lang='grc' dir='ltr'>ἔπρεο</span> 
     </span>
    </p>
   </div>
   <div class='ocr_carea' id='block_1_92' title="bbox 2235 4916 3816 4995">
    <p class='ocr_par' dir='ltr' id='par_1_92' title="bbox 2235 4916 3816 4995">
     <span class='ocr_line' id='line_1_92' title="bbox 2235 4916 3816 4995; baseline -0.006 -17"><span class='ocrx_word' id='word_1_725' title='bbox 2235 4941 2305 4978; x_wconf 91' lang='grc' dir='ltr'><strong>πε</strong></span> <span class='ocrx_word' id='word_1_726' title='bbox 2364 4923 2474 4995; x_wconf 78' lang='grc' dir='ltr'>γὰρ</span> <span class='ocrx_word' id='word_1_727' title='bbox 2524 4921 2944 4994; x_wconf 75' lang='grc' dir='ltr'>ἀπηρτισμένην</span> <span class='ocrx_word' id='word_1_728' title='bbox 2998 4919 3258 4989; x_wconf 83' lang='grc' dir='ltr'>γενέσθαι</span> <span class='ocrx_word' id='word_1_729' title='bbox 3296 4935 3310 4949; x_wconf 77' lang='grc' dir='ltr'><strong>ο</strong></span> <span class='ocrx_word' id='word_1_730' title='bbox 3357 4919 3423 4990; x_wconf 74' lang='grc' dir='ltr'>τῇ</span> <span class='ocrx_word' id='word_1_731' title='bbox 3468 4918 3526 4972; x_wconf 83' lang='grc' dir='ltr'><strong>δὲ</strong></span> <span class='ocrx_word' id='word_1_732' title='bbox 3574 4916 3816 4990; x_wconf 75' lang='grc' dir='ltr'>τετάρτῃ</span> 
     </span>
    </p>
   </div>
   <div class='ocr_carea' id='block_1_93' title="bbox 555 5007 2124 5090">
    <p class='ocr_par' dir='ltr' id='par_1_93' title="bbox 555 5016 2124 5090">
     <span class='ocr_line' id='line_1_93' title="bbox 555 5016 2124 5090; baseline 0.003 -20"><span class='ocrx_word' id='word_1_733' title='bbox 555 5026 641 5070; x_wconf 89' lang='lat' dir='ltr'><strong>est</strong></span> <span class='ocrx_word' id='word_1_734' title='bbox 685 5016 896 5072; x_wconf 86' lang='lat' dir='ltr'><strong>decima</strong></span> <span class='ocrx_word' id='word_1_735' title='bbox 948 5018 1141 5088; x_wconf 86' lang='lat' dir='ltr'><strong>quinta</strong></span> <span class='ocrx_word' id='word_1_736' title='bbox 1187 5019 1295 5075; x_wconf 92' lang='lat' dir='ltr'><strong>die.</strong></span> <span class='ocrx_word' id='word_1_737' title='bbox 1350 5019 1593 5075; x_wconf 87' lang='lat' dir='ltr'><strong>Decebat</strong></span> <span class='ocrx_word' id='word_1_738' title='bbox 1620 5021 1767 5076; x_wconf 90' lang='lat' dir='ltr'><strong>enim</strong></span> <span class='ocrx_word' id='word_1_739' title='bbox 1798 5027 1860 5075; x_wconf 89' lang='lat' dir='ltr'><strong>ut</strong></span> <span class='ocrx_word' id='word_1_740' title='bbox 1890 5018 2124 5090; x_wconf 76' lang='lat' dir='ltr'><strong>perlecta</strong></span> 
     </span>
    </p>
   </div>
   <div class='ocr_carea' id='block_1_94' title="bbox 2226 5007 3818 5090">
    <p class='ocr_par' dir='ltr' id='par_1_94' title="bbox 2236 5007 3818 5087">
     <span class='ocr_line' id='line_1_94' title="bbox 2236 5007 3818 5087; baseline -0.006 -16"><span class='ocrx_word' id='word_1_741' title='bbox 2236 5015 2442 5087; x_wconf 75' lang='grc' dir='ltr'>ἡμέρᾳ,</span> <span class='ocrx_word' id='word_1_742' title='bbox 2493 5015 2570 5078; x_wconf 85' lang='grc' dir='ltr'>ὡς</span> <span class='ocrx_word' id='word_1_743' title='bbox 2617 5011 2853 5085; x_wconf 74' lang='grc' dir='ltr'>ἔφημεν,</span> <span class='ocrx_word' id='word_1_744' title='bbox 2907 5010 3156 5065; x_wconf 74' lang='grc' dir='ltr'>ἔκτισται</span> <span class='ocrx_word' id='word_1_745' title='bbox 3205 5012 3235 5066; x_wconf 91' lang='lat'><strong>6</strong></span> <span class='ocrx_word' id='word_1_746' title='bbox 3288 5010 3476 5081; x_wconf 81' lang='grc' dir='ltr'>ἦλιος·</span> <span class='ocrx_word' id='word_1_747' title='bbox 3511 5007 3818 5080; x_wconf 76' lang='grc' dir='ltr'>προέλαϐεν</span> 
     </span>
    </p>
   </div>
   <div class='ocr_carea' id='block_1_95' title="bbox 557 5101 2124 5180">
    <p class='ocr_par' dir='ltr' id='par_1_95' title="bbox 557 5105 2124 5180">
     <span class='ocr_line' id='line_1_95' title="bbox 557 5105 2124 5180; baseline 0.002 -17"><span class='ocrx_word' id='word_1_748' title='bbox 557 5116 839 5164; x_wconf 89' lang='lat' dir='ltr'><strong>crearetur</strong></span> <span class='ocrx_word' id='word_1_749' title='bbox 858 5105 901 5165; x_wconf 84' lang='grc'><strong>⁸.</strong></span> <span class='ocrx_word' id='word_1_750' title='bbox 937 5108 1143 5177; x_wconf 88' lang='lat' dir='ltr'><strong>Quarta</strong></span> <span class='ocrx_word' id='word_1_751' title='bbox 1173 5118 1355 5167; x_wconf 89' lang='lat' dir='ltr'><strong>autem</strong></span> <span class='ocrx_word' id='word_1_752' title='bbox 1386 5109 1498 5175; x_wconf 87' lang='lat' dir='ltr'><strong>die,</strong></span> <span class='ocrx_word' id='word_1_753' title='bbox 1529 5120 1590 5165; x_wconf 90' lang='lat' dir='ltr'><strong>ut</strong></span> <span class='ocrx_word' id='word_1_754' title='bbox 1615 5110 1877 5180; x_wconf 83' lang='lat' dir='ltr'><strong>diximus,</strong></span> <span class='ocrx_word' id='word_1_755' title='bbox 1904 5112 1983 5169; x_wconf 89' lang='lat' dir='ltr'><strong>sol</strong></span> <span class='ocrx_word' id='word_1_756' title='bbox 2010 5126 2124 5167; x_wconf 86' lang='lat' dir='ltr'><strong>oon-</strong></span> 
     </span>
    </p>
   </div>
   <div class='ocr_carea' id='block_1_96' title="bbox 2226 5101 3821 5180">
    <p class='ocr_par' dir='ltr' id='par_1_96' title="bbox 2244 5101 3821 5175">
     <span class='ocr_line' id='line_1_96' title="bbox 2244 5101 3821 5175; baseline -0.004 -14"><span class='ocrx_word' id='word_1_757' title='bbox 2244 5103 2339 5162; x_wconf 82' lang='grc' dir='ltr'><strong>οὗν</strong></span> <span class='ocrx_word' id='word_1_758' title='bbox 2388 5107 2480 5160; x_wconf 73' lang='grc' dir='ltr'><strong>τὸν</strong></span> <span class='ocrx_word' id='word_1_759' title='bbox 2530 5105 2683 5175; x_wconf 79' lang='grc' dir='ltr'>ἥλιον</span> <span class='ocrx_word' id='word_1_760' title='bbox 2733 5102 2929 5157; x_wconf 68' lang='grc' dir='ltr'>ἕνδεκα</span> <span class='ocrx_word' id='word_1_761' title='bbox 2969 5103 3206 5175; x_wconf 77' lang='grc' dir='ltr'>ἡμέρας.</span> <span class='ocrx_word' id='word_1_762' title='bbox 3264 5101 3402 5155; x_wconf 80' lang='grc' dir='ltr'><strong>Ἀπὸ</strong></span> <span class='ocrx_word' id='word_1_763' title='bbox 3421 5101 3531 5174; x_wconf 81' lang='grc' dir='ltr'><strong>γὰρ</strong></span> <span class='ocrx_word' id='word_1_764' title='bbox 3551 5102 3821 5172; x_wconf 81' lang='grc' dir='ltr'>τετάρτης</span> 
     </span>
    </p>
   </div>
   <div class='ocr_carea' id='block_1_97' title="bbox 550 5192 2124 5275">
    <p class='ocr_par' dir='ltr' id='par_1_97' title="bbox 550 5199 2124 5275">
     <span class='ocr_line' id='line_1_97' title="bbox 550 5199 2124 5275; baseline 0.001 -21"><span class='ocrx_word' id='word_1_765' title='bbox 550 5199 706 5257; x_wconf 81' lang='lat' dir='ltr'><strong>ditus</strong></span> <span class='ocrx_word' id='word_1_766' title='bbox 748 5208 864 5271; x_wconf 88' lang='lat' dir='ltr'><strong>est;</strong></span> <span class='ocrx_word' id='word_1_767' title='bbox 899 5212 1065 5275; x_wconf 89' lang='lat' dir='ltr'><strong>atque</strong></span> <span class='ocrx_word' id='word_1_768' title='bbox 1112 5203 1190 5259; x_wconf 90' lang='lat' dir='ltr'><strong>ita</strong></span> <span class='ocrx_word' id='word_1_769' title='bbox 1233 5202 1363 5258; x_wconf 90' lang='lat' dir='ltr'><strong>luna</strong></span> <span class='ocrx_word' id='word_1_770' title='bbox 1414 5201 1670 5258; x_wconf 87' lang='lat' dir='ltr'><strong>undecim</strong></span> <span class='ocrx_word' id='word_1_771' title='bbox 1717 5201 1915 5260; x_wconf 89' lang='lat' dir='ltr'><strong>diebus</strong></span> <span class='ocrx_word' id='word_1_772' title='bbox 1964 5204 2124 5259; x_wconf 88' lang='lat' dir='ltr'><strong>solem</strong></span> 
     </span>
    </p>
   </div>
   <div class='ocr_carea' id='block_1_98' title="bbox 2226 5192 3817 5275">
    <p class='ocr_par' dir='ltr' id='par_1_98' title="bbox 2242 5192 3817 5271">
     <span class='ocr_line' id='line_1_98' title="bbox 2242 5192 3817 5271; baseline -0.006 -18"><span class='ocrx_word' id='word_1_773' title='bbox 2242 5199 2461 5271; x_wconf 81' lang='grc' dir='ltr'>ἡμέρας</span> <span class='ocrx_word' id='word_1_774' title='bbox 2483 5197 2589 5260; x_wconf 73' lang='grc' dir='ltr'>ἕως</span> <span class='ocrx_word' id='word_1_775' title='bbox 2630 5201 2716 5261; x_wconf 83' lang='grc' dir='ltr'>ιε’,</span> <span class='ocrx_word' id='word_1_776' title='bbox 2771 5194 2968 5250; x_wconf 71' lang='grc' dir='ltr'>ἕνδεκά</span> <span class='ocrx_word' id='word_1_777' title='bbox 2998 5197 3105 5249; x_wconf 82' lang='grc' dir='ltr'>εἱσι</span> <span class='ocrx_word' id='word_1_778' title='bbox 3137 5211 3154 5228; x_wconf 80' lang='grc' dir='ltr'><strong>ο</strong></span> <span class='ocrx_word' id='word_1_779' title='bbox 3189 5194 3272 5249; x_wconf 85' lang='grc' dir='ltr'><strong>διὸ</strong></span> <span class='ocrx_word' id='word_1_780' title='bbox 3303 5194 3401 5250; x_wconf 89' lang='lat' dir='ltr'><strong>xui</strong></span> <span class='ocrx_word' id='word_1_781' title='bbox 3444 5194 3589 5251; x_wconf 80' lang='grc' dir='ltr'>κατὰ</span> <span class='ocrx_word' id='word_1_782' title='bbox 3627 5192 3817 5268; x_wconf 84' lang='grc' dir='ltr'>χρόνον</span> 
     </span>
    </p>
   </div>
   <div class='ocr_carea' id='block_1_99' title="bbox 632 5376 3339 5451">
    <p class='ocr_par' dir='ltr' id='par_1_99' title="bbox 632 5376 3339 5451">
     <span class='ocr_line' id='line_1_99' title="bbox 632 5376 3339 5451; baseline -0.002 -13"><span class='ocrx_word' id='word_1_783' title='bbox 632 5382 652 5414; x_wconf 81' lang='grc'>⁸</span> <span class='ocrx_word' id='word_1_784' title='bbox 680 5385 849 5443; x_wconf 86' lang='lat' dir='ltr'><strong>Basil.</strong></span> <span class='ocrx_word' id='word_1_785' title='bbox 883 5386 942 5444; x_wconf 91' lang='lat' dir='ltr'><strong>in</strong></span> <span class='ocrx_word' id='word_1_786' title='bbox 977 5386 1187 5445; x_wconf 83' lang='lat' dir='ltr'><strong>Christi</strong></span> <span class='ocrx_word' id='word_1_787' title='bbox 1212 5387 1435 5445; x_wconf 84' lang='lat' dir='ltr'><strong>Nativit.</strong></span> <span class='ocrx_word' id='word_1_788' title='bbox 1505 5388 1530 5421; x_wconf 84' lang='lat'><strong>&quot;</strong></span> <span class='ocrx_word' id='word_1_789' title='bbox 1561 5388 1728 5444; x_wconf 76' lang='lat' dir='ltr'><strong>Rom.</strong></span> <span class='ocrx_word' id='word_1_790' title='bbox 1756 5403 1796 5451; x_wconf 88' lang='lat' dir='ltr'><strong>I,</strong></span> <span class='ocrx_word' id='word_1_791' title='bbox 1822 5385 1917 5442; x_wconf 76' lang='lat'><strong>‘25.</strong></span> <span class='ocrx_word' id='word_1_792' title='bbox 1991 5385 2013 5419; x_wconf 81' lang='grc'>⁸</span> <span class='ocrx_word' id='word_1_793' title='bbox 2045 5385 2238 5440; x_wconf 77' lang='lat' dir='ltr'><strong>Sever.</strong></span> <span class='ocrx_word' id='word_1_794' title='bbox 2269 5383 2465 5439; x_wconf 79' lang='lat' dir='ltr'><strong>Gabal.</strong></span> <span class='ocrx_word' id='word_1_795' title='bbox 2519 5387 2663 5438; x_wconf 88' lang='lat' dir='ltr'><strong>orat.</strong></span> <span class='ocrx_word' id='word_1_796' title='bbox 2697 5382 2732 5437; x_wconf 81' lang='lat'><strong>&#39;5</strong></span> <span class='ocrx_word' id='word_1_797' title='bbox 2763 5379 2843 5435; x_wconf 86' lang='lat' dir='ltr'><strong>De</strong></span> <span class='ocrx_word' id='word_1_798' title='bbox 2906 5379 3088 5451; x_wconf 77' lang='lat' dir='ltr'><strong>api/io.</strong></span> <span class='ocrx_word' id='word_1_799' title='bbox 3128 5376 3339 5433; x_wconf 83' lang='lat' dir='ltr'><strong>mundi.</strong></span> 
     </span>
    </p>
   </div>
   <div class='ocr_carea' id='block_1_100' title="bbox 1842 5536 2515 5593">
    <p class='ocr_par' dir='ltr' id='par_1_100' title="bbox 1842 5536 2515 5593">
     <span class='ocr_line' id='line_1_100' title="bbox 1842 5536 2515 5593; baseline 0.001 -2"><span class='ocrx_word' id='word_1_800' title='bbox 1842 5536 2074 5593; x_wconf 67' lang='lat' dir='ltr'><strong>VARLE</strong></span> <span class='ocrx_word' id='word_1_801' title='bbox 2111 5536 2515 5592; x_wconf 58' lang='lat' dir='ltr'><strong>LECTIONISS.</strong></span> 
     </span>
    </p>
   </div>
   <div class='ocr_carea' id='block_1_101' title="bbox 639 5621 3822 5708">
    <p class='ocr_par' dir='ltr' id='par_1_101' title="bbox 639 5621 3822 5708">
     <span class='ocr_line' id='line_1_101' title="bbox 639 5621 3822 5708; baseline -0.005 -17"><span class='ocrx_word' id='word_1_802' title='bbox 639 5629 827 5708; x_wconf 66' lang='lat' dir='ltr'><strong>‘_“&lt;‘g.</strong></span> <span class='ocrx_word' id='word_1_803' title='bbox 862 5635 1127 5708; x_wconf 67' lang='lat' dir='ltr'><strong>l5,_C_olb.</strong></span> <span class='ocrx_word' id='word_1_804' title='bbox 1154 5640 1262 5695; x_wconf 89' lang='lat' dir='ltr'><strong>duo</strong></span> <span class='ocrx_word' id='word_1_805' title='bbox 1293 5647 1348 5695; x_wconf 89' lang='lat' dir='ltr'><strong>et</strong></span> <span class='ocrx_word' id='word_1_806' title='bbox 1372 5637 1569 5694; x_wconf 87' lang='lat' dir='ltr'><strong>Noster</strong></span> <span class='ocrx_word' id='word_1_807' title='bbox 1587 5637 1935 5708; x_wconf 77' lang='grc' dir='ltr'>διαδοθῆναι·</span> <span class='ocrx_word' id='word_1_808' title='bbox 1966 5637 2047 5692; x_wconf 92' lang='lat' dir='ltr'><strong>sic</strong></span> <span class='ocrx_word' id='word_1_809' title='bbox 2082 5637 2139 5708; x_wconf 88' lang='lat' dir='ltr'><strong>in</strong></span> <span class='ocrx_word' id='word_1_810' title='bbox 2171 5635 2296 5708; x_wconf 70' lang='lat' dir='ltr'><strong>cod.</strong></span> <span class='ocrx_word' id='word_1_811' title='bbox 2323 5636 2381 5691; x_wconf 91' lang='lat' dir='ltr'><strong>S.</strong></span> <span class='ocrx_word' id='word_1_812' title='bbox 2404 5636 2512 5708; x_wconf 84' lang='lat' dir='ltr'><strong>Iiil.</strong></span> <span class='ocrx_word' id='word_1_813' title='bbox 2550 5636 3139 5708; x_wconf 10' lang='lat' dir='ltr'><strong>membranagcorrasa.</strong></span> <span class='ocrx_word' id='word_1_814' title='bbox 3166 5629 3340 5708; x_wconf 77' lang='lat' dir='ltr'><strong>Vetus</strong></span> <span class='ocrx_word' id='word_1_815' title='bbox 3389 5627 3618 5708; x_wconf 73' lang='lat' dir='ltr'><strong>interpr.</strong></span> <span class='ocrx_word' id='word_1_816' title='bbox 3644 5621 3822 5708; x_wconf 74' lang='lat' dir='ltr'><strong>posuit</strong></span> 
     </span>
    </p>
   </div>
   <div class='ocr_carea' id='block_1_102' title="bbox 568 5698 2124 5821">
    <p class='ocr_par' dir='ltr' id='par_1_102' title="bbox 568 5698 2052 5821">
     <span class='ocr_line' id='line_1_102' title="bbox 568 5698 2052 5779; baseline 0.022 -31"><span class='ocrx_word' id='word_1_817' title='bbox 568 5698 903 5775; x_wconf 52' lang='lat' dir='ltr'><strong>pertrait&#39;siri.</strong></span> <span class='ocrx_word' id='word_1_818' title='bbox 928 5698 1102 5762; x_wconf 74' lang='lat' dir='ltr'><strong>Faber</strong></span> <span class='ocrx_word' id='word_1_819' title='bbox 1139 5710 1509 5779; x_wconf 75' lang='lat' dir='ltr'><strong>transfundat.</strong></span> <span class='ocrx_word' id='word_1_820' title='bbox 1543 5709 1609 5765; x_wconf 61' lang='grc' dir='ltr'><strong>ἢ.</strong></span> <span class='ocrx_word' id='word_1_821' title='bbox 1644 5698 2052 5777; x_wconf 71' lang='grc' dir='ltr'><strong>2950’δοοῆναι·</strong></span> 
     </span>
     <span class='ocr_line' id='line_1_103' title="bbox 572 5762 879 5821; baseline 0.007 -1"><span class='ocrx_word' id='word_1_822' title='bbox 572 5762 879 5821; x_wconf 76' lang='lat' dir='ltr'><strong>reddidere.</strong></span> 
     </span>
    </p>
   </div>
   <div class='ocr_carea' id='block_1_103' title="bbox 2226 5698 3818 5821">
    <p class='ocr_par' dir='ltr' id='par_1_103' title="bbox 2227 5698 3818 5778">
     <span class='ocr_line' id='line_1_104' title="bbox 2227 5698 3818 5778; baseline -0.008 -18"><span class='ocrx_word' id='word_1_823' title='bbox 2227 5716 2343 5763; x_wconf 85' lang='lat' dir='ltr'><strong>eest</strong></span> <span class='ocrx_word' id='word_1_824' title='bbox 2370 5707 2560 5776; x_wconf 81' lang='grc' dir='ltr'>ἁγίων,</span> <span class='ocrx_word' id='word_1_825' title='bbox 2588 5706 2641 5763; x_wconf 91' lang='lat' dir='ltr'><strong>in</strong></span> <span class='ocrx_word' id='word_1_826' title='bbox 2671 5723 2803 5765; x_wconf 85' lang='lat' dir='ltr'><strong>mss.</strong></span> <span class='ocrx_word' id='word_1_827' title='bbox 2837 5704 3107 5778; x_wconf 87' lang='lat' dir='ltr'><strong>pluribus,</strong></span> <span class='ocrx_word' id='word_1_828' title='bbox 3129 5717 3229 5759; x_wconf 87' lang='lat' dir='ltr'><strong>nec</strong></span> <span class='ocrx_word' id='word_1_829' title='bbox 3259 5701 3472 5772; x_wconf 86' lang='lat' dir='ltr'><strong>priores</strong></span> <span class='ocrx_word' id='word_1_830' title='bbox 3500 5698 3818 5771; x_wconf 67' lang='lat' dir='ltr'><strong>interpretes</strong></span> 
     </span>
    </p>
   </div>
   <div class='ocr_carea' id='block_1_104' title="bbox 803 5783 879 5823">
    <p class='ocr_par' dir='ltr' id='par_1_104' title="bbox 803 5783 879 5823">
     <span class='ocr_line' id='line_1_105' title="bbox 803 5783 879 5823; baseline -0.013 0"><span class='ocrx_word' id='word_1_831' title='bbox 803 5783 879 5823; x_wconf 76' lang='grc' dir='ltr'>το.</span> 
     </span>
    </p>
   </div>
  </div>
