4116 6150
350 227 486 305 89⁷,

1434 241 1533 303 DE
1565 242 1740 304 FIDE
1769 242 2228 304 ORTIIODOXA
2257 243 2402 304 LIB.
2444 244 2499 304 ll

3503 255 3609 322 898

349 353 402 405 oi
429 351 636 406 δώδεκα
671 351 840 423 μῆνες
869 345 968 421 τῆς
1016 345 1261 421 σελήνης,
1318 349 1512 405 ἕνδεκα
1551 351 1761 422 ἡμέρας
1821 349 1927 402 λεί·

2035 349 2333 417 ριἀξοθεείι.
2367 349 2410 402 Α
2455 357 2655 420 quarta
2696 353 2841 408 enim
2896 352 2986 411 die
3018 353 3086 408 ad
3121 371 3297 427 usque
3340 357 3606 419 decimam

351 447 626 498 πουσινὲκ
654 443 763 497 τῶν
788 442 999 496 δώδεκα
1032 441 1215 512 μηνῶν
1249 441 1342 494 τοῦ
1373 441 1547 512 ἡλίου.
1598 443 1660 495 Οί
1691 442 1788 512 μὲν
1818 442 1924 511 γὰρ

350 537 447 590 τοῦ
495 535 649 606 ήλίου
694 534 1015 605 τριακοσίας
1068 532 1332 603 ἐξήκοντα
1400 533 1595 597 πέντε,
1640 535 1923 604 τέταρτον,

351 629 566 700 ἡμέρας
589 626 796 697 ἔχουσι.
825 625 916 679 Διὸ
941 625 1036 680 τοῦ
1063 626 1322 694 τετάρτου
1353 625 1740 696 συντιθεμένου
1787 627 1928 680 κατά

350 723 594 791 τέσσαρα
621 719 738 788 ετη,
771 716 871 788 μία
887 715 1230 772 ἀποτελεῖται
1267 717 1472 788 ἡμέρα,
1524 718 1647 788 ’ήτις
1707 717 1924 786 λέγεται

353 813 617 883 βίσεξτος.
647 811 759 866 Καὶ
793 811 824 863 ὁ
846 810 1091 873 ἐνιαυτὸς
1136 810 1344 872 ἐκεῖνος
1369 807 1490 875 τξς¹
1537 810 1750 882 ἡμέρας
1793 811 1928 880 ἔχει.

353 908 418 959 Οί
437 905 494 958 δὲ
516 904 617 975 τῆς
648 903 878 974 σελήνης
899 901 1136 956 ἐνιαυτοὶ
1156 898 1263 954 τνδ⁸
1287 902 1426 956 εἰσιν
1455 901 1682 974 ἡμερῶν
1707 917 1721 930 ·
1753 904 1786 972 ή
1821 903 1930 973 γὰρ

355 997 577 1067 σελήνη,
611 995 706 1065 ἀφ’
729 989 789 1049 οὗ
820 993 1078 1064 γεννηθῇ,
1111 993 1278 1065 ήγουν
1323 991 1704 1064 ἀνακαινισοῇ,
1752 991 1924 1058 αὔξει,

353 1089 460 1152 ἕως
482 1087 550 1140 ἂν
577 1085 805 1158 γένηται
829 1085 1054 1157 ἡμερῶν
1097 1085 1518 1157 δεκατεσσάρων
1568 1088 1794 1158 ἡμίσεος
1843 1103 1934 1140 τε·

354 1181 558 1252 τάρτου
590 1195 606 1212 ο
642 1180 736 1233 καὶ
762 1179 990 1250 ἄρχεται
1020 1178 1234 1249 λήγειν,
1258 1178 1364 1242 ἓως
1410 1180 1634 1250 ήμερῶν
1666 1177 1746 1233 κθ¹
1806 1178 1933 1250 ήμί-

358 1287 500 1338 σεος,
564 1270 659 1324 καὶ
701 1269 922 1332 τελείως
966 1267 1173 1337 γίνεται
1221 1269 1528 1338 ἀφώτιστος
1555 1285 1570 1300 ⁶
1625 1269 1716 1323 καὶ
1770 1270 1932 1323 πάλιν

358 1363 741 1433 συναπτομένη
772 1361 851 1432 τῷ
881 1362 1040 1433 ήλίῳ,
1067 1362 1429 1430 ἀναγεννᾶται
1464 1362 1560 1416 καὶ
1587 1360 1932 1424 ἀνακαινίζε-

356 1473 483 1520 ται,
535 1453 839 1524 ὑπόμνημα
890 1453 1132 1524 φέρουσα
1189 1454 1290 1524 τῆς
1345 1453 1503 1525 ⁴ήμῶν
1563 1453 1930 1514 ἀναστάσεως.

357 1546 496 1600 Καθ’
515 1546 743 1599 ἕκαστον
762 1541 856 1600 οὖν
889 1545 1138 1599 ἐνιαυτὸν
1165 1545 1264 1610 τὰς
1297 1545 1489 1599 ἕνδεκα
1536 1545 1751 1616 ἡμέρας
1793 1545 1934 1598 ἀπο-

354 1634 539 1688 δίδωσι
569 1633 648 1704 τῷ
668 1633 799 1702 ἡλίῳ
825 1648 840 1662 ⁸
881 1633 1031 1716 uti.
1053 1628 1147 1686 οὖν
1174 1636 1326 1704 τρεῖς
1350 1635 1597 1704 χρόνους,
1632 1635 1659 1686 ὁ
1709 1632 1931 1702 ἐμϐόλι-

2029 440 2297 509 quintam,
2325 439 2444 496 dies
2471 443 2721 498 undecim
2750 444 3047 503 intersunt.
3081 448 3201 515 Quo
3233 451 3399 506 etiam
3441 452 3521 519 lit,
3551 465 3611 510 ut

2030 531 2086 586 in
2126 533 2376 602 singulos
2409 548 2609 597 annos,
2649 535 2937 593 duodecim
2987 541 3130 595 lunae
3171 557 3388 599 menses
3438 547 3612 600 unde-

2030 619 2136 676 cim
2179 623 2372 678 diebus
2422 625 2664 681 minores
2721 628 2852 693 sint,
2908 644 3074 699 quam
3127 630 3420 688 duodecim
3477 636 3612 691 solis

2031 729 2271 769 menses.
2306 713 2451 771 Solis
2481 718 2688 788 quippe
2732 735 2949 774 menses
2993 721 3111 777 dies
3144 730 3422 781 trecentos
3453 742 3614 782 sexa-

2030 805 2178 875 ginta
2209 807 2452 876 quinque
2498 821 2625 862 cum
2657 810 2822 866 unius
2860 812 3166 880 quadrante
3197 816 3507 885 continent,
3541 821 3610 874 ob

2032 893 2195 964 idque
2242 904 2440 966 quarto
2491 912 2716 968 quoque
2756 913 2924 965 anno,
2975 905 3282 970 composito
3326 904 3432 960 hoc
3476 921 3614 976 qua-

2032 987 2251 1054 drante,
2297 989 2418 1044 dies
2470 1006 2615 1047 unus
2654 993 2963 1059 coniicitur,
3001 996 3095 1064 qui
3131 996 3432 1055 bissextilis
3472 1016 3613 1055 nun-

2032 1089 2304 1150 cupatur;
2337 1081 2528 1151 sicque
2553 1097 2732 1137 annus
2763 1084 2854 1139 ille
2882 1093 3163 1142 trecentos
3196 1089 3478 1160 sexaginta
3517 1107 3616 1147 sex

2033 1172 2151 1228 dies
2183 1173 2346 1228 habet
2373 1190 2386 1226 :
2413 1181 2607 1227 contra
2639 1175 2861 1230 lunares
2892 1177 3020 1230 anni
3054 1163 3613 1253 trecentorumquin-

2033 1261 2294 1330 quaginta
2329 1270 2569 1331 quatuor
2593 1261 2806 1318 dierum
2838 1266 3018 1335 spatio
3067 1265 3352 1322 liniuntur.
3385 1269 3460 1325 Ex
3503 1287 3614 1341 quo

2033 1355 2181 1408 enim
2213 1363 2361 1418 nata,
2390 1370 2486 1410 seu
2531 1356 2790 1411 innovata
2832 1359 2958 1413 luna
2990 1364 3097 1426 est,
3133 1361 3383 1429 augescit
3424 1364 3490 1418 ad
3521 1365 3617 1420 de-

2035 1447 2233 1502 cimam
2269 1459 2519 1518 quartam
2553 1464 2727 1518 usque
2762 1449 2906 1504 diem
2939 1467 3065 1505 cum
3103 1453 3271 1508 unius
3302 1454 3536 1511 semisse
3561 1463 3618 1512 et

2034 1539 2363 1608 quadrante.
2414 1538 2552 1594 llinc
2595 1540 2767 1594 minui
2797 1541 2987 1610 incipit
3019 1558 3192 1613 usque
3221 1544 3289 1598 ad
3333 1560 3533 1601 nonam
3563 1557 3620 1603 et

2035 1632 2353 1686 vicesimam
2392 1632 2536 1686 diem
2573 1647 2699 1686 cum
2733 1634 2894 1688 unius
2928 1635 3182 1699 semisse,
3215 1652 3325 1707 quo
3363 1639 3620 1709 splendo-

359 1741 459 1798 μος
491 1699 820 1797 μὴνχίνεται
849 1729 964 1790 τοῖς
1005 1699 1302 1797 τΕϐραίοις,
1340 1699 1436 1779 καὶ
1468 1728 1496 1779 ὁ
1521 1699 1764 1788 ἐνιαυτὸς
1790 1726 1932 1778 ὲκεί-

2035 1723 2110 1779 ris
2149 1723 2312 1794 168
2337 1724 2516 1779 omnis
2545 1739 2742 1795 expers
2773 1725 2976 1780 evadit.
3007 1725 3086 1780 Ac
3119 1735 3234 1781 tum
3264 1743 3460 1784 rursus
3491 1745 3617 1783 cum

355 1835 447 1882 νος
481 1819 783 1889 δεκατριῶν
815 1819 1001 1890 μηνῶν
1027 1818 1366 1890 εὑρίσκεται,
1399 1819 1465 1872 ὲκ
1487 1819 1587 1888 τῆς
1615 1817 1937 1890 προσθήκης

354 1912 465 1964 τῶν
492 1911 685 1964 ἕνδεκα
713 1912 744 1982 ή
753 1909 955 1982 μερῶν.

2033 1816 2152 1872 sole
2203 1816 2459 1886 copulata
2511 1817 2836 1872 renascitur
2862 1825 2918 1872 et
2966 1827 3299 1884 renovatur;
3343 1827 3510 1890 atque
3560 1822 3618 1876 in

2035 1909 2160 1974 hoc,
2191 1910 2588 1964 monimentum
2621 1911 2728 1965 fert
2757 1911 3188 1967 resurrectionis
3215 1921 3441 1968 nostrae.
3468 1912 3619 1980 Quo-

354 2007 502 2062 circa
525 2006 759 2077 singulis
788 2006 949 2062 annis
973 2004 1228 2060 undecim
1253 2003 1373 2060 dies
1403 2003 1505 2060 soli
1535 2003 1715 2060 reddit
1740 2021 1753 2058 :
1795 2003 1936 2059 unde
1975 2011 2100 2074 post
2132 2011 2245 2060 tres
2273 2017 2450 2059 annos
2477 2003 2824 2060 intercalaris
2845 2005 3053 2061 mensis
3085 2006 3154 2062 ab
3184 2005 3430 2064 Hebraeis
3466 2008 3620 2065 inve-

355 2098 536 2162 hitur;
576 2098 668 2168 qui
704 2097 776 2153 ob
816 2096 963 2152 hanc
1009 2096 1225 2152 dierum
1282 2095 1536 2151 undecim
1589 2096 1926 2152 additionem
1966 2095 2232 2151 tredecim
2265 2096 2552 2152 mensibus
2587 2098 2877 2151 constat’.

423 2193 594 2265 Δῆλον
623 2193 682 2247 δὲ
707 2193 782 2256 ὡς
814 2192 1067 2257 σύνθετός
1087 2194 1256 2258 ἐστιν,
1281 2193 1310 2246 ὃ
1329 2209 1387 2246 τε
1417 2192 1591 2263 ἥλιος,
1621 2193 1718 2246 καὶ
1756 2193 1790 2263 ὴ
1845 2208 1936 2245 σε-

354 2286 515 2358 λήνη,
545 2285 640 2340 καὶ
663 2285 734 2339 τά
758 2285 956 2356 ἄστρα,
980 2285 1076 2338 καὶ
1104 2283 1280 2355 φθορᾷ
1311 2284 1453 2337 κατά
1477 2282 1576 2344 τὴν
1607 2283 1743 2336 ίδίαν
1771 2282 1938 2352 φύσιν

355 2378 696 2433 ὑπόκεινται.
731 2379 845 2447 Τὴν
873 2378 930 2431 δὲ
954 2377 1161 2431 τούτων
1191 2378 1353 2446 φύσιν
1399 2376 1499 2429 οὐκ
1550 2375 1725 2446 ἴσμεν.
1779 2375 1937 2437 Τινὲς

359 2471 458 2540 μὲν
493 2465 586 2523 οὖν
605 2486 738 2538 φασι
773 2468 836 2522 τὸ
869 2468 1006 2541 πῦρ,
1027 2469 1188 2532 ἐκτός
1208 2485 1353 2532 τινος
1388 2466 1522 2538 ῦλης
1541 2465 1747 2535 ἀφανὲς
1772 2460 1932 2518 εἴναι·

354 2563 476 2616 ὅθεν
501 2561 596 2616 καὶ
620 2559 983 2632 σϐεννύμενον
1018 2559 1364 2630 ἀφανίζεται.
1411 2560 1636 2630 ’Έτεροι
1672 2557 1750 2624 δὲ,
1777 2557 1937 2612 τοῦτο

355 2651 733 2724 σϐεννύμενον,
757 2652 837 2714 εις
862 2650 1001 2722 ἀέρα
1021 2651 1153 2719 φασὶ
1195 2648 1650 2721 μεταϐάλλεσθαι.

435 2911 496 2966 '0
535 2912 799 2975 ζωδιακὸς
847 2913 1047 2976 κύκλος
1106 2913 1274 2979 λοξῶς
1301 2917 1566 2980 κινεῖται,
1594 2917 1930 2989 διῃρημένος

354 3002 438 3063 τίς
459 3002 726 3072 τμήματα
757 2999 986 3065 δώδεκα,
1015 3001 1174 3056 ἆτινα
1218 3002 1466 3056 καλεῖται
1513 3003 1680 3069 ζώδια
1701 3021 1716 3035 ο
1771 3004 1834 3057 τὸ
1877 3005 1934 3058 δὲ
1960 2990 2002 3048 C

353 3085 549 3152 ζώδιον
570 3087 684 3158 ἔχει
709 3087 964 3151 δεκανοὺς
993 3092 1166 3159 τρεῖς,
1210 3090 1404 3162 μοίρας
1434 3093 1730 3162 τριάκοντα
1765 3111 1778 3123 ·
1822 3095 1855 3164 ή
1881 3094 1938 3147 δὲ

359 3180 524 3251 μοῖρα
549 3177 660 3248 ἔχει
683 3179 856 3234 λεπτὰ
879 3181 1164 3253 ἑξήκοντα.
1198 3183 1348 3253 Ἔχει
1380 3177 1472 3236 οῦν
1499 3184 1767 3254 ὁούρανὸς
1821 3185 1940 3253 μοί-

359 3285 460 3340 ρας
495 3270 814 3339 τριακοσίας
842 3271 1136 3343 ὲξήκοντα·
1169 3272 1231 3326 τὸ
1264 3273 1405 3344 ὑπὲρ
1433 3272 1538 3346 γῆν
1561 3275 1942 3347 ἡμισφαίριον,

357 3361 554 3434 μοίρας
586 3368 694 3434 ρπ’,
723 3366 820 3418 καὶ⁵
853 3364 957 3419 ὑπὸ
983 3365 1109 3436 γῆν,
1134 3373 1244 3438 ρπθ.

880 3628 1044 3687 Οἷιιοι
1075 3634 1422 3704 πλανητῶν.

428 3722 598 3791 Κριὸς
623 3723 717 3777 καὶ
740 3725 1026 3796 Σκορπίος,
1063 3728 1275 3800 ’Ἄρεως
1304 3744 1318 3759 ο
1353 3728 1566 3800 Ταῦρος
1595 3732 1691 3786 καὶ
1731 3732 1937 3801 Ζυγὸς,

361 3812 678 3885 Ἀφροδίτης
704 3831 718 3846 ·
753 3816 972 3886 Δίδυμοι
997 3818 1091 3871 καὶ
1113 3819 1410 3891 Παρθένος,
1445 3819 1648 3892 Ἑρμοῦ
1677 3838 1692 3854 ο
1725 3824 1939 3893 Καρκῖ-

360 3921 471 3966 νος,
497 3905 771 3975 Σελήνης·
832 3908 1004 3974 Λέων,
1053 3908 1271 3962 Ἦλίουο
1299 3911 1532 3982 Τοξότης
1575 3914 1670 3965 καὶ
1712 3915 1936 3984 Ἰχθᾶες,

360 3995 482 4057 Διός
507 4010 522 4026 ·
554 3995 864 4068 Λίγὸκερως
886 3999 978 4052 καὶ
1024 4000 1326 4071 Ὑδροχὸος,
1361 4002 1592 4073 Κρόνου.

985 4091 999 4110 ⁹
1014 4091 1326 4161 Υψώματα.

430 4173 624 4246 Κριὸς,
655 4178 832 4233 Ἡλίου
854 4197 868 4212 ·
894 4181 1126 4251 Ταῦρος,
1160 4183 1395 4254 Σελήνης
1415 4199 1427 4214 ’
1457 4185 1752 4257 Καρκῖνος,
1779 4189 1898 4252 Διός
1920 4203 1935 4219 ⁶

357 4271 665 4342 Παρθένος,
700 4257 960 4342 Ἄρεως·
1023 4272 1216 4339 Ζυγὸς,
1269 4273 1476 4344 Κρόνου
1508 4292 1521 4305 °
1587 4277 1934 4348 Αίγόκερως,

369 4360 573 4432 Ἑρμοῦ
593 4379 605 4391 ·
656 4361 880 4432 Ἰχούες,
911 4363 1256 4436 ’Λφροδίτης.

707 4455 782 4508 Τά
801 4455 1083 4525 σχήματα
1109 4456 1218 4526 τῆς
1245 4459 1539 4530 σελήνης.

430 4543 678 4609 Σύνοδος.
707 4547 836 4600 ὅταν
854 4548 1077 4620 γένηται
1095 4552 1152 4604 ἐν
1183 4554 1249 4622 τῇ
1276 4553 1465 4624 μοίρᾳ,
1516 4555 1575 4606 ἐν
1707 4555 1856 4608 ἐστιν
1904 4556 1932 4608 ὁ

355 4635 508 4705 ἥλιος
526 4654 542 4670 ο
569 4640 752 4709 γεννᾷ,
781 4641 908 4693 ὅταν
928 4641 1144 4713 ἀποστῇ
1165 4643 1258 4695 τοῦ
1282 4644 1430 4714 ἡλίου
1457 4645 1651 4716 μοίρας
1681 4654 1742 4700 ιε’
1761 4665 1775 4679 ·
1803 4649 1932 4701 ἀνα-

354 4727 504 4798 τολὴ,
530 4730 659 4782 ὅταν
689 4734 834 4803 φανῇ
877 4733 1163 4804 μηνοειδὴς
1199 4735 1279 4797 δὶς
1307 4736 1497 4800 ο,ὄταν
1521 4738 1702 4809 ἀπέχῃ
1739 4739 1933 4810 μοίρας

356 4815 432 4886 ξ⁹⁶
455 4820 729 4891 διχοτόμοι
759 4822 874 4889 δύο,
914 4824 1041 4876 ὅταν
1073 4825 1254 4898 ἀπέχῃ
1303 4826 1497 4897 μοίρας
1531 4829 1889 4900 ἐννενήκοντα
1913 4847 1937 4892 ·,

356 4911 696 4984 ἀμφίκυρτα
721 4914 836 4978 δύο,
865 4916 995 4970 ὅταν
1025 4916 1206 4991 ἀπέχῃ
1259 4918 1454 4991 μοίρας
1496 4917 1579 4990 ρκ’
1609 4937 1624 4952 ο
1665 4919 1930 4991 πλησισέ-

355 4999 529 5072 ληνοι,
569 5005 626 5057 αί
672 5005 768 5059 καὶ
796 5006 1142 5078 πλησιφαεῖς,
1185 5009 1297 5076 δύο,
1329 5010 1458 5064 ὅταν
1502 5010 1686 5085 ἀπέχῃ
1736 5014 1933 5084 μοίρας

358 5093 438 5166 ρν¹
472 5112 487 5128 ·
517 5098 871 5170 πανσέληνος,
903 5101 1030 5156 ὅταν
1086 5103 1266 5174 ἀπέχῃ
1301 5109 1410 5174 ρπ’.
1463 5104 1555 5168 Δὶς
1589 5103 1616 5142 ά
1675 5105 1732 5158 δὲ
1787 5106 1931 5160 εἴπο-

358 5200 483 5255 μεν.
548 5188 680 5259 μίαν
724 5191 1011 5264 αὐξούσης,
1070 5194 1165 5247 καὶ
1217 5193 1346 5264 μίαν
1386 5194 1676 5267 ληγούσης.
1711 5198 1811 5251 Διά
1838 5199 1931 5253 δύο

2105 2189 2464 2260 Perspicuum
2496 2197 2679 2244 autem
2721 2198 2802 2245 est
2855 2191 3048 2256 solem,
3077 2198 3132 2246 et
3159 2190 3367 2260 lunam,
3407 2193 3622 2248 omnia-

2034 2297 2144 2352 que
2172 2281 2359 2337 sidera
2403 2281 2715 2352 eomposita
2751 2295 2897 2346 esse,
2927 2292 2982 2337 et
3007 2283 3302 2338 mutationi
3337 2284 3572 2340 obnoxia
3601 2306 3617 2342 :

2033 2389 2157 2444 qua:
2186 2380 2367 2428 tamen
2399 2387 2592 2428 eorum
2637 2380 2835 2428 natura
2867 2372 2961 2437 sit,
2995 2390 3226 2445 prorsus
3275 2377 3618 2447 ignoramus.

2034 2463 2112 2517 Ae
2141 2463 2392 2518 nonnulli
2441 2464 2621 2534 ignem
2651 2465 2720 2520 ab
2757 2465 2912 2519 omni
2949 2467 3197 2532 materia,
3236 2467 3351 2524 sive
3393 2471 3616 2540 pabulo,

2033 2558 2305 2605 semotum
2354 2550 2573 2620 penitus
2621 2551 2874 2608 desinere
2923 2564 3200 2620 asserunt,
3239 2556 3406 2628 idque
3442 2561 3620 2614 mani-

2031 2638 2234 2696 festum
2272 2657 2422 2708 esse,
2451 2657 2518 2698 eo
2547 2644 2695 2714 quod
2743 2645 3056 2701 exstinctus
3099 2657 3416 2704 evanescat.
3476 2649 3654 2704 Sunt"-

2030 2746 2228 2788 rursus
2257 2733 2348 2788 alii
2394 2734 2489 2804 qui
2533 2736 2865 2792 exstinctum
2939 2738 3093 2792 illum
3149 2738 3206 2794 in
3256 2755 3439 2796 aerem
3485 2743 3624 2798 verti

2032 2821 2228 2876 dicunt
2263 2823 2328 2876 ¹⁰.

2100 2908 2324 2964 Zodiaci
2359 2921 2554 2966 motus.
2593 2943 2660 2956 -
2696 2911 2970 2970 Zodiacus
3005 2915 3156 2971 orbis
3205 2915 3431 2988 obliquo
3467 2926 3621 2974 motu

2040 3000 2307 3067 volvitur,
2341 3001 2508 3072 inque
2549 3011 2732 3074 partes
2777 3005 3069 3061 duodecim
3106 3017 3350 3076 secatur,
3385 3025 3506 3080 quae
3543 3013 3623 3066 si-

2045 3109 2150 3164 gna
2179 3093 2469 3162 dicuntur;
2501 3096 2784 3166 quodlibet
2819 3114 2950 3154 vero
2983 3101 3200 3172 signum
3232 3110 3346 3158 tres
3378 3102 3623 3159 decanos

2047 3185 2232 3254 habet,
2268 3188 2471 3258 gradus
2530 3188 2753 3259 triginta
2807 3208 2821 3244 :
2873 3192 3103 3262 quilibet
3167 3200 3350 3247 autem
3415 3193 3623 3264 gradus

2052 3277 2279 3334 minutis
2331 3279 2616 3350 sexaginta
2669 3291 2907 3338 constat.
2965 3281 3045 3336 lta
3089 3284 3289 3338 cmlum
3343 3292 3621 3341 trecentos

2043 3369 2328 3442 sexaginta
2355 3353 2570 3442 ‘gradus
2611 3373 2772 3430 habet
2805 3393 2818 3428 :
2858 3375 3302 3446 hemisphaerium
3337 3378 3484 3448 quod
3523 3395 3620 3434 su-

2043 3476 2140 3531 per
2171 3470 2372 3516 terram
2432 3471 2538 3530 est,
2570 3473 2788 3520 centum
2825 3475 2879 3522 et
2927 3468 3202 3536 octoginta
3250 3471 3453 3540 gradus
3491 3486 3624 3527 con-

2031 3555 2188 3622 tinet,
2220 3553 2558 3627 tOIidemque
2589 3556 2744 3625 illud,
2801 3558 2948 3628 quod
2980 3560 3175 3616 subtus
3215 3569 3440 3618 terram.

2525 3647 2729 3702 Domus
2763 3651 3121 3719 planetarum.

2105 3737 2263 3793 Aries
2297 3745 2352 3793 et
2383 3737 2671 3810 Scorpius,
2692 3740 2883 3796 Martis
2912 3762 2926 3798 :
2955 3743 3171 3800 Taurus
3208 3754 3262 3800 et
3291 3745 3480 3814 Libra,
3514 3747 3622 3804 Ve-

2036 3829 2190 3892 neris
2238 3831 2277 3860 “
2327 3847 2342 3884 :
2396 3830 2613 3886 Gemini
2658 3841 2714 3889 et
2768 3835 2948 3906 Virgo,
3003 3836 3312 3893 Mercurii:
3357 3839 3618 3906 Cancer,

2043 3919 2252 3976 Lunae:
2287 3921 2422 3988 Leo,
2459 3921 2603 3980 Solis
2635 3944 2646 3980 :
2683 3923 3019 3996 Sagittarius
3065 3936 3120 3984 et
3169 3929 3378 3997 Pisces,
3427 3930 3616 3990 Jovis:

2039 4011 2412 4084 Capricornus
2443 4023 2498 4071 et
2530 4015 2831 4088 Aquarius,
2867 4018 3114 4074 Saturni.

2654 4109 3002 4165 Altitudiues.

2106 4198 2287 4269 Aries,
2341 4199 2528 4268 Solis;
2581 4200 2826 4269 Taurus,
2881 4203 3093 4270 Lunae;
3151 4205 3386 4268 Cancer,
3425 4203 3622 4272 Jovis;

2041 4286 2249 4357 Virgo,
2309 4291 2537 4361 Martis;
2598 4292 2798 4358 Libra,
2865 4293 3126 4361 Saturni;
3203 4295 3618 4365 Capricornus,

2040 4380 2320 4438 Mercurii.

2535 4473 2913 4545 Figurationes
2964 4477 3123 4530 Iunce.

2103 4565 2164 4620 in
2210 4564 2605 4634 conjunctione
2654 4567 2779 4619 luna
2830 4581 2956 4621 esse
3001 4568 3227 4632 dicitur,
3271 4583 3395 4622 cum
3425 4571 3616 4624 eodem

2031 4671 2142 4727 quo
2169 4657 2252 4713 sol
2282 4665 2367 4711 est
2397 4657 2568 4726 gradu
2600 4676 2613 4711 :
2651 4672 2907 4721 nascens,
2943 4674 3066 4712 cum
3096 4659 3414 4729 quindecim
3447 4676 3475 4714 a
3503 4664 3622 4717 sole

2030 4749 2290 4819 gradibus
2325 4748 2492 4802 distat
2526 4767 2539 4803 :
2578 4749 2788 4813 oriens,
2824 4749 2952 4803 dum
2985 4751 3326 4805 cornieulata
3357 4761 3619 4823 apparet;

2030 4838 2175 4909 quod
2201 4838 2424 4909 quidem
2460 4839 2543 4894 bis
2577 4840 2831 4908 contigit.
2867 4857 2928 4896 ac
2960 4848 3076 4895 tum
3112 4844 3397 4913 sexaginta
3434 4842 3617 4914 gradi-

2037 4931 2144 4986 bus
2167 4945 2197 4984 a
2231 4930 2348 4986 sole
2391 4931 2595 4985 distat:
2633 4933 2937 5001 semiplena
2971 4933 3054 4988 bis
3086 4934 3452 5004 conspicitur,
3487 4949 3616 4986 eum

2038 5023 2336 5094 nonaginta
2381 5023 2643 5094 gradibus
2686 5026 2956 5079 recessit:
2996 5026 3083 5080 his
3133 5026 3294 5081 etiam
3353 5024 3613 5094 gibbosa,

2036 5127 2162 5168 cum
2223 5122 2444 5168 centum
2501 5124 2556 5170 et
2623 5115 2812 5186 viginti
2877 5115 3137 5186 gradibus
3188 5136 3201 5171 :
3254 5117 3438 5170 lucem
3481 5129 3617 5168 vero

2035 5203 2250 5272 plenam
2282 5204 2507 5272 habens,
2538 5221 2662 5261 cum
2700 5207 2961 5278 gradibus
3003 5217 3222 5262 centum
3249 5212 3303 5262 et
3339 5205 3617 5277 quinqua-

425 5333 448 5365 ⁸
494 5343 688 5403 Sever.
727 5346 918 5405 Gabal.
959 5351 1055 5406 lib.
1086 5368 1146 5407 ιιι
1171 5351 1245 5405 De
1277 5351 1408 5422 opif.
1445 5351 1652 5407 mundi.
1730 5355 1773 5386 ¹⁰
1804 5354 2024 5413 Nemes.
2049 5371 2172 5427 cap.
2208 5359 2262 5413 5.
2343 5361 2381 5392 "
2408 5357 2530 5416 Vid.
2567 5361 2770 5431 Porph.
2813 5361 2886 5416 De
2912 5373 3063 5416 antro
3123 5358 3358 5430 Nymph.

1668 5488 1906 5546 vitam:
1937 5474 2346 5552 LECTIONES.

431 5569 700 5665 23%;!
743 5577 1014 5650 δεύτερονο
1075 5579 1244 5638 γ(ἔῑυε
1290 5583 1518 5656 interpr.
1583 5588 1830 5665 secundo,
1883 5598 1938 5645 et
1977 5588 2152 5647 Faber
2187 5592 2301 5656 bis;
2363 5591 2508 5648 unde
2569 5592 2855 5663 legendum
2913 5598 3043 5662 puto
3076 5591 3174 5655 δίς.

358 5641 514 5720 Colb.
563 5641 682 5708 δύο,

3284 5591 3311 5632 ἀ
3337 5591 3496 5649 Edita
3551 5600 3610 5651 et
