4116 6150
492 250 606 317 899

1675 249 1752 310 'S.
1790 244 2111 309 IOANNIS
2143 245 2576 309 DAMASCENI

3668 255 3776 321 900

496 371 688 436 ginta:
718 361 879 434 plena
910 361 1137 418 omnino
1183 375 1246 417 ac
1292 362 1561 432 perlecta,
1591 375 1716 417 cum
1750 371 1973 417 centum
2026 370 2077 416 et

2198 365 2373 434 ἥμισυ
2406 363 2629 435 ἡμερῶν
2680 364 3021 437 παρέρχεται
3055 368 3089 438 ἡ
3132 368 3334 441 σελήνη
3377 367 3615 425 ἕκαστον
3670 367 3779 433 ζώ-

488 457 769 527 octoginta
807 456 1066 527 gradibus
1096 470 1125 508 a
1158 454 1275 510 sole
1323 463 1531 510 remota
1574 462 1681 509 cst.
1725 453 1815 508 Bis
1872 453 2087 508 idcirco

2192 454 2323 509 διον.

490 547 748 614 dicimus,
788 547 916 616 quia
963 558 1266 610 crescente,
1305 562 1368 600 ac
1429 560 1624 602 rursus
1657 544 2009 600 decrescente
2075 543 2129 599 id
2163 546 2382 602 accidit.
2415 545 2588 603 Porro
2618 549 2837 605 duobus
2885 548 3080 605 diebus
3117 563 3243 604 cum
3282 548 3526 605 dimidio
3576 564 3777 605 unum-

490 638 748 709 quodque
785 638 1004 707 signum
1042 637 1169 691 luna
1191 639 1473 692 emetitur.

1118 729 1272 785 CAP.
1323 728 1455 784 Vlll.

988 819 1067 875 De
1108 835 1227 874 aere
1283 829 1333 874 et
1362 828 1363 831 ‘
1395 820 1582 873 remis.

566 916 709 970 Aeris
758 913 1165 980 descriptio.—
1198 912 1307 965 Aer
1359 909 1786 966 subtilissimum
1841 908 2082 963 elemen-

488 1017 605 1065 tum
636 1016 743 1071 est,
797 1004 1201 1074 humidumque
1249 1010 1305 1057 ct
1351 1001 1628 1068 calidum;
1680 1002 1807 1072 igne
1851 1000 2079 1070 quidem

491 1098 733 1170 gravius,
762 1104 908 1150 terra
939 1103 1120 1149 tamen
1144 1101 1200 1148 et
1222 1092 1383 1162 aquis
1433 1092 1640 1157 levius;
1690 1090 2081 1162 respirationis

490 1200 547 1247 et
579 1191 728 1245 vocis
778 1202 969 1249 causa,
1023 1184 1230 1239 coloris
1276 1197 1495 1252 expers,
1547 1181 1651 1237 hoc
1695 1192 1804 1246 est,
1864 1181 2016 1234 nullo
2048 1194 2082 1233 a

491 1291 690 1337 natura
732 1280 918 1333 colore
963 1277 1274 1340 imbutum;
1328 1272 1563 1328 nitidum
1617 1288 1683 1329 ac
1736 1271 2078 1343 pellucidum

494 1372 717 1439 (lumen
773 1370 917 1424 enim
992 1367 1249 1436 excipere
1303 1368 1516 1436 potest)
1576 1363 1758 1420 tribus
1819 1365 2080 1420 sensibus

492 1461 704 1517 nostris
733 1458 1039 1513 inserviens
1066 1456 1266 1526 (ipsius
1294 1455 1441 1510 cnim
1474 1454 1742 1509 beneﬁcio
1769 1455 2077 1520 cernimus,

493 1550 773 1614 audimus,
840 1546 1211 1614 odor-amur):
1265 1543 1472 1598 caloris
1528 1543 1658 1597 item
1712 1551 1772 1597 et
1828 1541 2075 1612 frigoris,

493 1637 758 1693 siccitatis
789 1644 843 1690 et
878 1633 1226 1689 humiditatis
1259 1647 1461 1703 capax.
1499 1631 1676 1701 Hujus
1711 1632 1917 1687 locales
1959 1647 2080 1685 mo-

2716 734 2972 788 ΚΕΦΑΛ.
3006 734 3066 787 Ην
3089 731 3273 805 [KB'].

2593 827 2736 895 Περὶ
2760 827 2938 895 ἀέρος
2974 826 3076 880 καὶ
3114 825 3373 897 ἀνέμων.

2267 917 2400 987 Ἀήρ
2422 917 2537 970 ἐστι
2568 919 2828 986 στοιχεῖον
2849 916 3198 982 λεπτότατον,
3234 917 3402 988 ὑγρόν
3432 936 3493 971 τε
3522 920 3617 973 καὶ
3642 919 3775 991 θερ-

2188 1009 2310 1078 μὸν,
2339 1008 2433 1062 τοῦ
2463 1008 2564 1077 μὲν
2595 1009 2768 1079 πυρὸς
2798 1008 3119 1078 βαρύτερον,
3154 1007 3254 1078 τῆς
3286 1008 3344 1062 δὲ
3382 1010 3487 1080 γῆς
3512 1012 3609 1064 καὶ
3662 1012 3771 1065 τῶν

2185 1099 2394 1152 ὑδάτων
2423 1099 2777 1170 κουφότερον,
2812 1098 3092 1168 ἀναπνοῆς
3143 1097 3238 1151 καὶ
3271 1099 3641 1170 ὲκφωνήσεως
3686 1103 3771 1154 ατ-

2185 1207 2319 1255 τιον,
2346 1189 2792 1260 ἀχρωμάτιστον,
2822 1190 2941 1260 ῆτοι
2970 1189 3038 1243 ὲκ
3058 1189 3273 1258 φύσεως
3297 1190 3498 1261 χρῶμα
3545 1191 3623 1262 μὴ
3677 1209 3770 1245 κε-

2186 1278 2479 1348 κτημένον,
2512 1278 2727 1344 διειδὲς,
2764 1277 3023 1345 διαφανές
3049 1293 3062 1307 ·
3101 1275 3278 1345 φωτὸς
3312 1277 3418 1348 γάρ
3446 1278 3569 1330 ἐστι
3591 1279 3766 1332 δεκτι-

2186 1371 2282 1424 κόν
2308 1387 2320 1400 ·
2360 1371 2452 1424 καὶ
2482 1373 2602 1434 ταῖς
2630 1369 2809 1442 τρισὶν
2856 1368 3176 1439 αἰσθήσεσιν
3222 1368 3381 1439 ἡμῶν
3434 1368 3719 1423 διακονοῧν
3753 1385 3766 1401 ⁸

2184 1461 2252 1515 δι’
2299 1459 2463 1515 αὐτοῦ
2505 1460 2614 1531 γὰρ
2673 1459 2890 1531 ὁρῶμεν
2917 1500 2931 1524 ,
2978 1459 3273 1528 ἀκούομεν,
3322 1457 3761 1530 ὀσφραινόμεθα·

2183 1552 2430 1608 δεκτικὸν
2464 1550 2712 1622 θάλψεὼς
2732 1568 2794 1605 τε
2832 1551 2926 1604 καὶ
2961 1549 3195 1619 ψύξεως,
3227 1549 3522 1620 ξηρότητός
3552 1567 3611 1602 τε
3662 1550 3758 1602 καὶ

2184 1647 2480 1718 ὑγρότητος
2505 1660 2523 1678 ο
2557 1639 2618 1697 οὗ
2640 1646 2812 1697 πᾶσαι
2833 1644 2889 1696 αἱ
2926 1641 3068 1697 κατά
3096 1643 3261 1696 τόπον
3291 1645 3536 1711 κινήσεις
3598 1642 3760 1706 εἰσὶν,

492 1736 584 1783 tus
637 1728 690 1781 hi
741 1733 893 1790 sunt,
950 1740 1197 1789 sursum,
1227 1724 1390 1795 169
1428 1725 1711 1795 deorsum,
1748 1724 2075 1789 introrsum,

2180 1736 2314 1804 ἄνω,
2386 1737 2554 1801 κάτω,
2612 1734 2744 1801 ἔσω,
2787 1732 2916 1799 ἔξω,
2945 1719 3437 1803 δεξιά,’ἀριστερὰ,
3474 1729 3569 1783 καὶ
3598 1730 3633 1801 ἡ
3664 1747 3762 1781 κυ-

491 1828 823 1881 extrorsum,
857 1820 1232 1881 dextrorsum,
1263 1817 1672 1881 sinistrorsum,
1701 1831 1767 1871 ac
1796 1824 2078 1887 postremo

492 1906 946 1965 motusorbicus.

561 2016 667 2070 Acr
702 2030 766 2068 ea:
799 2031 854 2069 se
880 2014 1057 2068 lumen
1105 2028 1212 2067 non
1257 2013 1435 2067 habet.
1464 2043 1535 2054 —
1571 2013 1652 2068 Ex
1685 2028 1745 2069 se
1774 2021 1959 2069 autem
1992 2014 2080 2068 lu-

2180 1826 2482 1898 κλοςρορικὴ
2516 1825 2750 1896 κίνησις.

2250 2024 2478 2080 Οἶκοϐεν
2514 2023 2590 2095 μὴ
2621 2021 2959 2093 κεκτημένος
3001 2021 3061 2074 τὸ
3096 2021 3232 2090 φῶς,
3265 2020 3380 2073 ἀλλ’
3429 2018 3538 2073 ὑπδ
3588 2018 3766 2090 ἡλίου,

493 2124 619 2162 men
652 2122 762 2160 non
799 2106 985 2170 habet,
1016 2120 1206 2158 verum
1246 2119 1277 2158 a
1313 2105 1450 2168 sole,
1492 2105 1647 2168 luna,
1681 2105 1990 2168 sideribus,
2023 2112 2077 2159 et

2179 2118 2278 2172 καὶ
2307 2117 2556 2188 σελήνης,
2612 2116 2708 2170 καὶ
2759 2114 3000 2184 ἄστρων,
3046 2111 3142 2166 καὶ
3167 2111 3338 2181 πυρὸς
3370 2109 3757 2179 φωτιζόμενος.

495 2198 620 2268 igne
642 2196 1023 2251 collustratur.
1052 2195 1233 2263 Atque
1254 2195 1358 2248 hoc
1382 2204 1468 2251 est
1492 2195 1640 2262 quod
1668 2195 1744 2249 ait
1768 2196 2076 2264 scriptura:

2181 2210 2292 2264 Καὶ
2335 2207 2492 2261 τοῦτό
2542 2209 2711 2271 ἐστιν,
2745 2205 2774 2259 6
2804 2199 2958 2258 εἶπεν
3010 2205 3043 2275 ἡ
3093 2200 3302 2274 Γραφὴ,
3339 2203 3659 2265 ὃτιΣκότος
3679 2194 3760 2271 ἦν

500 2288 569 2343 Et
619 2286 847 2342 tenebra:
892 2295 1045 2340 erant
1077 2300 1234 2353 super
1266 2284 1457 2354 faciem
1487 2285 1670 2356 abyssi
1697 2288 1762 2340 ".
1794 2284 1902 2342 Ubi
1938 2286 2077 2340 indi-

2179 2300 2381 2355 ἐπάνω
2409 2300 2519 2367 τῆς
2551 2300 2851 2361 ἀϐύσσου,
2887 2297 3119 2351 θέλουσα
3146 2296 3336 2363 δεῖξαι,
3364 2296 3439 2360 ὡς
3480 2296 3577 2347 οὐκ
3611 2293 3765 2346 οἷκο-

494 2393 626 2439 earc
658 2378 775 2430 vult
823 2391 1011 2431 aerem
1064 2376 1293 2430 tuinime
1323 2390 1353 2429 a
1385 2390 1446 2431 se
1478 2376 1663 2432 lumen
1710 2376 1939 2442 habere,
1981 2375 2078 2433 sed

494 2468 769 2523 diversam
795 2481 919 2522 esse
945 2467 1170 2521 luminis
1200 2465 1601 2521 substantiam.

569 2557 712 2625 Quid
743 2569 950 2612 ventus.
979 2586 1046 2597 -—
1072 2557 1143 2611 At
1170 2566 1367 2614 ventus
1390 2567 1476 2612 est
1499 2557 1730 2629 agitatio
1755 2558 1921 2614 acris.
1957 2556 2080 2624 Vel,

496 2663 695 2705 ventus
721 2660 805 2705 est
834 2648 980 2704 acris
1006 2647 1210 2715 ﬂuxus,
1251 2664 1352 2718 pro
1398 2650 1549 2705 varia
1587 2651 1832 2705 locorum
1860 2665 1928 2705 ex
1959 2650 2085 2719 qui-

498 2740 603 2794 bus
633 2747 821 2793 manat
852 2741 1089 2807 ratione,
1119 2741 1227 2794 alia
1257 2748 1424 2810 atque
1457 2739 1562 2794 alia
1593 2740 1831 2797 subinde
1859 2741 2084 2796 nomina

497 2830 783 2900 accipiens
829 2831 894 2885 ".

566 2977 718 3031 Aeris
778 2977 946 3044 locus,
1000 2992 1271 3032 ventorum
1318 2995 1688 3036 uumerus.—
1722 2979 1869 3047 Quin
1927 2982 2083 3038 locus

2183 2391 2274 2444 Θεν
2295 2393 2322 2444 6
2347 2391 2459 2461 ἀὴρ
2488 2390 2548 2443 τὸ
2578 2388 2693 2459 φῶς
2716 2389 3002 2460 κέκτηται,
3024 2387 3142 2442 ἀλλ’
3166 2387 3302 2459 ἄλλη
3327 2387 3411 2451 τίς
3439 2389 3581 2438 ἐστιν
3601 2382 3765 2437 οὐσία

2186 2484 2216 2555 ὴ
2249 2483 2342 2537 τοῦ
2379 2483 2576 2552 φωτός.

2257 2574 2492 2643 Ἀνεμος
2542 2572 2601 2626 δέ
2634 2574 2750 2626 ἐστι
2802 2571 3017 2643 κίνησις
3058 2571 3240 2642 ἀέρος.
3301 2571 3371 2624 Ἦ
3408 2569 3606 2640 ἄνεμός
3646 2570 3766 2621 ἐστι

2186 2665 2279 2738 ρεὖ
2289 2683 2364 2736 μα
2384 2666 2546 2735 ἀέρος
2570 2665 2669 2734 τῆς
2696 2664 2806 2718 τῶν
2827 2664 3008 2718 τόπων
3036 2661 3366 2733 ἐξαλλαγῆς,
3394 2663 3514 2716 ὅθεν
3540 2663 3643 2733 ῥεῖ,
3668 2660 3765 2724 τὰς

2184 2756 2501 2827 ἐπωνυμίας
2528 2754 2798 2825 ἀμείϐων.

2256 2986 2367 3040 Καὶ
2395 2986 2424 3036 6
2455 2984 2622 3048 τόπος
2652 2982 2709 3037 δὲ
2737 2980 2829 3036 τοῦ
2865 2981 3026 3052 ἀέρος
3079 2979 3215 3035 ἐστί.
3251 2978 3430 3042 Τόπος
3486 2976 3592 3049 γάρ
3618 2976 3763 3029 ἐστιν

494 3084 718 3139 quoque
750 3069 898 3124 aeris
927 3077 1032 3123 cst.
1078 3068 1211 3122 Illud
1239 3070 1385 3123 enim
1432 3070 1681 3140 cujusvis
1720 3071 1973 3141 corporis
2001 3073 2077 3126 lo-

2185 3077 2414 3130 ὲκάστου
2450 3073 2702 3145 σώματος
2736 3072 2768 3142 ἡ
2798 3070 2991 3124 τούτου
3020 3069 3276 3140 περιοχή.
3323 3067 3387 3119 Τί
3428 3066 3485 3120 δὲ
3520 3065 3763 3136 περιέχει

495 3174 599 3215 cus
625 3171 730 3227 est,
764 3177 874 3231 quo
897 3162 1325 3232 unumquodque
1357 3162 1682 3217 includitur.
1717 3163 1856 3228 Quid
1889 3174 2068 3219 autem

2178 3167 2243 3222 τὰ
2268 3164 2499 3234 σώματα
2522 3202 2537 3229 ,
2573 3164 2622 3216 εί
2660 3162 2735 3233 μὴ
2762 3163 2903 3232 ἀήρ;
2936 3161 3056 3219 Εἰσὶ
3082 3161 3138 3212 δὲ
3169 3159 3323 3211 τόποι
3346 3157 3617 3227 διάφοροι,
3639 3155 3764 3208 ὅθεν

495 3250 647 3307 aliud
679 3266 913 3321 corpora
950 3255 1196 3309 continet
1230 3262 1282 3308 et
1322 3254 1516 3320 ambit,
1571 3256 1676 3310 nisi
1729 3255 1862 3310 aer?
1900 3255 2077 3312 Variae

2178 3260 2207 3327 ὴ
2243 3255 2335 3308 τοῦ
2371 3255 2533 3323 ἀέρος
2556 3252 2765 3323 γίνεται
2797 3251 3029 3321 κίνησις,
3061 3249 3121 3313 ἐξ
3141 3242 3211 3300 ὧν
3240 3247 3333 3301 καὶ
3358 3248 3407 3299 oi
3436 3246 3631 3313 ἄνεμοι
3656 3245 3760 3306 τὰς

496 3359 665 3414 porro
703 3346 1150 3415 multiplicesque
1182 3347 1439 3418 regiones
1472 3356 1621 3415 sunt,
1659 3348 1806 3403 unde
1836 3364 1931 3403 aer
1962 3350 2077 3420 agi-

2178 3344 2497 3415 ἐπωνυμίας
2531 3343 2736 3414 έχουσι.
2768 3341 2989 3395 Δώδεκα
3023 3341 3079 3393 δὲ
3121 3338 3316 3400 πάντες
3347 3337 3453 3388 εἰσί
3476 3351 3490 3365 ο
3528 3334 3663 3404 φασὶ
3695 3334 3757 3387 δὲ

498 3444 683 3500 tatur;
718 3452 783 3489 ex
831 3437 1034 3506 quibus
1068 3436 1232 3491 etiam
1273 3437 1565 3491 duodecim
1618 3438 1764 3491 venti
1820 3438 2076 3506 (totidem

2178 3438 2264 3491 τὸν
2292 3437 2431 3508 ἀέρα
2473 3436 2661 3488 σϐέσιν
2691 3434 2885 3503 πυρὸς,
2919 3432 2952 3503 ἢ
2991 3430 3160 3501 ἀτμὸν
3202 3427 3392 3490 ὓδατος
3416 3425 3758 3497 θερμανθέν-

496 3528 643 3581 enim
678 3543 872 3582 omnes
905 3528 1056 3599 sunt)
1085 3545 1281 3583 nomen
1310 3529 1563 3583 trahunt.
1597 3528 1740 3583 Sunt
1767 3529 1860 3599 qui
1893 3545 2076 3585 acrem

2178 3546 2284 3592 τος.
2316 3527 2473 3580 Ἔστι
2510 3524 2641 3595 γοῦν
2669 3527 2697 3579 6
2725 3525 2854 3597 ἀὴρ,
2886 3524 3029 3577 κατὰ
3060 3522 3159 3593 μὲν
3187 3521 3286 3592 τὴν
3315 3518 3520 3572 οἰκείαν
3567 3515 3754 3585 φύσιν,

499 3617 634 3671 nihil
652 3617 811 3670 aliud
842 3634 965 3674 esse
987 3618 1348 3683 contendant,
1374 3619 1479 3675 nisi
1511 3620 1688 3690 ignem
1713 3621 2071 3687 exstinctum,

2180 3622 2381 3691 οερμός
2401 3635 2415 3648 ·
2463 3618 2695 3689 ψύχεται
2724 3618 2783 3670 δὲ
2814 3619 2881 3688 τῇ
2909 3615 3209 3685 γειτνιάσει
3249 3616 3317 3685 τῇ
3366 3610 3500 3682 πρὸς
3527 3609 3589 3663 τὸ
3612 3608 3756 3679 ὕδωρ

496 3717 594 3762 aut
639 3707 918 3764 calefacta:
951 3725 1107 3780 aquae
1149 3726 1428 3782 vaporem.
1465 3710 1835 3776 Quamobrem
1871 3720 2070 3765 natura

2179 3716 2274 3769 καὶ
2324 3714 2423 3784 τὴν
2471 3714 2594 3784 γῆν,
2646 3712 2722 3777 ὡς
2774 3711 2843 3766 τὰ
2880 3710 2981 3781 μὲν
3009 3709 3161 3763 κάτω
3207 3708 3349 3779 μέρη
3386 3702 3551 3761 αὐτοῦ
3574 3702 3756 3772 ψυχρὰ

497 3801 721 3872 quidem
756 3818 854 3858 sua
895 3805 1106 3859 calidus
1144 3814 1266 3870 est;
1303 3820 1492 3859 verum
1528 3820 1592 3859 ex
1628 3820 1788 3874 aquae
1820 3814 1874 3859 ct
1910 3812 2072 3858 term

2179 3802 2339 3870 εἶναι,
2375 3805 2443 3858 τὰ
2476 3803 2533 3857 δὲ
2567 3805 2700 3868 ἀνω,
2731 3801 2931 3873 Οερμά.

495 3891 782 3946 vicinitate
832 3891 1008 3965 frigus
1083 3893 1388 3948 contrahit.
1462 3892 1540 3947 Ex
1593 3908 1704 3964 quo
1750 3896 1809 3947 lit
1865 3902 1923 3947 ut
1982 3891 2276 3952 inferiores
2342 3898 2513 3968 ipsius
2557 3901 2749 3964 partes
2812 3891 3025 3963 frigidae
3096 3890 3248 3957 sint,
3296 3888 3611 3963 superiores
3658 3896 3757 3938 εσσ-

495 3982 620 4038 lida:
654 3980 715 4038 ".

572 4098 856 4153 Ventorum
917 4102 1152 4154 nomina.
1191 4128 1261 4138 —
1312 4097 1467 4163 Quod
1522 4106 1703 4152 autem
1754 4098 1821 4152 ad
1876 4108 2068 4153 ventus

495 4194 709 4256 aztinet,
758 4191 826 4245 ab
851 4192 1043 4245 aestivo
1075 4198 1202 4244 ortu
1236 4190 1371 4241 ﬂant
1403 4190 1626 4254 caecias,
1651 4191 1743 4258 qui
1775 4199 1830 4245 et
1868 4206 2067 4246 mescs.

495 4285 579 4339 Ab
595 4296 720 4339 ortu
739 4282 1132 4353 aequinoctiali,
1158 4283 1493 4338 subsolanus
1524 4297 1538 4336 :
1571 4284 1638 4337 ah
1671 4290 1793 4335 ortu
1824 4284 2071 4348 hiberno,

490 4390 680 4431 eurus.
694 4376 775 4429 Ab
793 4376 1020 4430 hiberno
1036 4389 1258 4440 occasu,
1274 4375 1482 4429 al'ricus
1498 4391 1509 4427 :
1527 4375 1593 4428 ab
1610 4375 1976 4444 aequinoctiali
1990 4390 2077 4430 oc-

2245 4111 2269 4139 θ
2300 4100 2524 4169 νΑνεμοι
2556 4096 2832 4159 πνέουσιν,
2890 4092 3000 4146 ἀπὸ
3027 4090 3296 4159 ἀνατολῆς
3344 4089 3591 4160 Θερινῆς,
3634 4106 3754 4143 και-

2170 4193 2314 4255 κίας,
2375 4193 2402 4243 6
2437 4191 2530 4244 καὶ
2564 4189 2756 4260 μέσης.
2798 4185 2931 4238 Ἀπὸ
2971 4182 3235 4253 ἀνατολῆς
3277 4182 3628 4253 ίσημερινῆς,
3656 4182 3757 4234 ἀπ-

2170 4283 2425 4354 ηλιώτης.
2471 4280 2603 4335 Ἀπὸ
2629 4277 2893 4348 ἀνατολῆς
2925 4275 3262 4348 χειμερινῆς,
3286 4271 3467 4345 εὖρος.
3505 4273 3639 4326 ’Λπὸ
3661 4271 3755 4325 δύη

2176 4392 2312 4439 σεως
2371 4371 2709 4445 χειμερινῆς,
2744 4368 2869 4439 λίψ·
2904 4368 3013 4422 ἀπὸ
3036 4367 3240 4427 δύσεως
3276 4365 3621 4437 ἰσημερινῆς,
3662 4365 3752 4427 ζέ.

492 4483 649 4535 casu,
668 4468 919 4523 l‘avonius
942 4488 956 4522 :
977 4469 1045 4522 ab
1063 4469 1256 4523 aestivo
1272 4483 1494 4532 occasu,
1516 4483 1701 4533 corus,
1723 4468 1812 4537 qui
1833 4477 1884 4522 ct
1899 4469 2073 4539 olym-

2178 4484 2346 4538 φυρος
2370 4479 2384 4496 ⁶
2417 4464 2526 4518 ἀπὸ
2570 4463 2775 4526 δύσεως
2826 4459 3064 4532 θερινῆς,
3101 4457 3396 4531 ἁργέστης,
3439 4458 3558 4528 ἤτοι
3587 4456 3751 4525 ὀλυμ-

492 4559 638 4629 pias,
674 4566 728 4614 et
773 4557 933 4630 iapyx
977 4558 1205 4613 dicitur.
1236 4557 1374 4612 Tum
1404 4567 1595 4613 auster
1633 4567 1688 4614 et
1722 4559 1943 4628 aquilo,
1974 4560 2070 4629 qui

492 4650 767 4719 oppositis
817 4651 954 4705 inter
1009 4665 1135 4706 sese
1187 4649 1409 4705 ﬂatibus
1460 4651 1696 4721 spirant.
1737 4651 1834 4707 Est
1885 4663 2070 4707 autent

493 4737 639 4792 inter
691 4738 1003 4806 aquilonem
1054 4747 1110 4794 et
1165 4742 1386 4795 cmciam
1440 4741 1769 4811 interjcctus
1837 4743 2069 4809 boreas;

493 4828 638 4883 inter
672 4843 865 4882 eurum
910 4836 965 4884 et
998 4840 1268 4895 austrum,
1303 4831 1550 4901 phoenix,
1594 4834 1688 4902 qui
1737 4834 1901 4888 etiam
1936 4835 2070 4890 libo-

491 4927 649 4973 notus
705 4918 1014 4988 appellatur
1051 4937 1063 4973 :
1105 4921 1252 4975 inter
1304 4931 1553 4976 austrum
1601 4940 1797 4979 rursus
1839 4936 1895 4979 et
1929 4925 2066 4980 afri-

492 5027 638 5076 cum,
691 5011 991 5078 libonotus,
1030 5013 1123 5081 qui
1155 5020 1208 5067 et
1248 5013 1574 5068 leuconotus
1606 5032 1620 5069 :
1663 5016 1885 5071 demum
1923 5017 2063 5072 inter

492 5103 808 5173 aquilonem
851 5111 906 5156 et
944 5116 1167 5168 eorum,
1213 5101 1510 5169 thrascias,
1560 5118 1655 5158 seu
1704 5105 1939 5169 cercius,
1996 5106 2065 5159 ab

491 5193 579 5250 his
613 5194 703 5265 qui
741 5208 935 5250 versus
966 5193 1246 5265 regionem
1288 5194 1432 5249 hanc
1468 5195 1740 5262 incolunt,
1795 5196 1869 5250 ita
1924 5210 2068 5250 nun-

490 5297 748 5357 cupatus.

562 5442 605 5474 “
630 5443 764 5500 Gen.
794 5462 835 5514 ι,
869 5447 922 5500 '5.
1002 5446 1046 5478 ¹³
1083 5444 1272 5503 Sercr.
1297 5446 1491 5506 Gabztl.
1528 5447 1677 5504 hom.
1717 5449 1741 5502 l
1779 5449 1833 5502 in
1870 5447 2130 5504 llcxacm.

2174 4559 2325 4622 πίας,
2360 4559 2389 4610 6
2427 4557 2519 4610 καὶ
2545 4555 2727 4623 ίάπυξ.
2762 4550 2891 4607 Εἶτα
2916 4552 3067 4614 νότος
3115 4549 3210 4603 καὶ
3241 4547 3555 4620 ἀπαρκτίας
3602 4548 3749 4601 ἅντι-

2171 4650 2423 4711 πνέοντες
2472 4647 2745 4718 ἀλλήλοις.
2796 4644 2954 4698 Ἔστι
3005 4643 3060 4696 δὲ
3108 4641 3272 4712 μέσος
3318 4639 3618 4711 ἀπαρκτίου
3650 4636 3744 4688 καὶ

2168 4740 2411 4805 καικίου,
2444 4738 2664 4810 βορέας.
2696 4734 2770 4791 Εὖ
2782 4754 2874 4806 ρου
2901 4734 2958 4787 δὲ
2982 4734 3076 4787 καὶ
3102 4732 3257 4785 νότου
3286 4731 3468 4801 μέσος,
3499 4724 3693 4795 φοῖνιξ,
3712 4726 3743 4778 6

2167 4833 2498 4904 καλούμενος
2523 4831 2821 4900 εὐρόνοτος.
2857 4827 3038 4887 Μέσος
3067 4821 3221 4881 νότου
3243 4825 3336 4878 καὶ
3358 4822 3519 4884 λιϐὸς,
3541 4816 3753 4873 λιϐόνο-

2167 4945 2278 4991 το-ς,
2315 4928 2343 4979 6
2372 4926 2465 4979 καὶ
2485 4924 2819 4986 λευκόνοτος.
2852 4922 3037 4984 Μέσος
3054 4920 3111 4973 δὲ
3143 4915 3442 4989 ἀπαρκτίου
3467 4912 3556 4965 καὶ
3577 4909 3749 4979 ἀργέ-

2172 5034 2320 5079 στου,
2377 5012 2664 5085 θρασκίας,
2723 5013 2842 5084 ἦτοι
2873 5011 3094 5083 κέρκιος
3148 5006 3253 5062 ὑπὸ
3291 5003 3397 5059 τῶν
3449 4998 3750 5074 περιοίκων

2170 5106 2588 5180 ὀνομαζόμενος.

3338 5273 3373 5297 κ

2211 5448 2254 5481 ³⁵
2287 5446 2504 5503 Ncmes.
2553 5445 2625 5499 De
2659 5452 2771 5499 nat.
2807 5440 2949 5495 hom.
2984 5437 3035 5504 Ι,
3071 5451 3192 5507 cap.
3216 5436 3275 5493 5.

1755 5601 1989 5659 VARle
2027 5601 2431 5665 LEGTIONES.

568 5692 589 5719 ε
621 5683 826 5742 Desunt
858 5690 973 5744 haec
1006 5689 1059 5745 in
1094 5689 1231 5746 edit.
1264 5688 1472 5747 Veron.
