4116 6150
393 302 499 369 90ιὶ

1482 300 1579 359 DE
1606 300 1783 360 FIDE
1815 297 2280 360 ORTHODOXA
2317 293 2464 359 LIB.
2500 299 2583 359 II.

3562 300 3673 367 902

469 411 518 486 ί]
556 408 727 477 Ἔθνη
757 408 813 461 δὲ
838 409 978 461 οἰκεῖ
998 407 1067 461 τὰ
1095 398 1325 477 πέρατα,
1357 406 1477 461 κατ’
1498 407 1835 480 ἀπηλιώτην,
1870 407 1973 461 Βα-

2146 405 2387 477 [Gentes
2440 419 2622 462 autem
2673 423 2796 474 qua:
2842 408 2896 462 in
2942 408 3094 465 orbis
3130 408 3330 466 ﬁnibus
3361 411 3524 470 sedes
3569 413 3676 470 lia-

396 501 642 573 κτριανοί
669 518 681 529 ’
715 503 835 552 κατ’
856 496 1036 569 εὗρον,
1080 498 1288 552 Ἰνδικοί
1310 516 1323 530 ·
1352 499 1492 553 κατὰ
1534 500 1777 563 Φοίνικα,
1812 501 1975 571 Ἐρυ-

397 595 505 665 θρὲι
527 594 770 647 Θάλασσα
806 593 898 646 καὶ
920 591 1179 645 Αἰθιοπία
1201 609 1212 622 ·
1258 591 1402 645 κατά
1429 590 1721 656 λιδόνοτον,
1748 593 1798 646 οἱ
1835 592 1975 662 ὑπὲρ

396 685 593 755 Σύρτιν
645 683 1034 754 Γαράμαντες·
1080 682 1220 735 κατά
1268 681 1431 750 λίϐα,
1487 683 1765 747 Αἰθίοπες,
1800 684 1895 738 καὶ
1922 685 1974 736 οἱ

394 775 649 845 δυσμικοὶ
697 773 1108 845 ’Υπέρμαυροιο
1139 776 1279 826 κατὰ
1326 773 1578 845 ζέφυρον,
1607 775 1828 843 Στῆλαι,
1880 774 1976 828 καὶ

396 865 562 936 ἀρχαὶ
587 864 798 936 Λιϐύης
821 865 913 918 καὶ
941 862 1208 935 Εὐρώπης
1227 881 1240 896 ο
1272 865 1411 917 κατὰ
1429 866 1727 937 ἀργέστην,
1746 867 1974 938 Ἰϐηρία,

395 959 429 1025 ὴ
479 955 574 1011 νῦν
610 955 856 1009 Ἱσπανία
876 972 890 986 ·
922 954 1065 1008 κατὰ
1094 954 1150 1007 δὲ
1206 953 1499 1024 θρασκίαν,
1529 956 1752 1021 Κελτοὶ,
1784 956 1881 1011 καὶ⁴
1906 957 1977 1011 τὰ

395 1048 599 1117 ὅμορα·
633 1046 770 1099 κατὰ
796 1046 1127 1116 ἀπαρκτίαν,
1149 1048 1198 1099 οἱ
1221 1046 1362 1118 ὑπὲρ
1387 1045 1486 1117 τὴν
1512 1046 1733 1118 Θρᾴκην
1751 1047 1971 1101 Σκύθαι·

398 1137 542 1190 κατὰ
571 1135 792 1209 βορρᾶν,
825 1137 1047 1203 Πόντος,
1077 1138 1348 1203 Μαιῶτις,
1374 1141 1467 1191 καὶ
1495 1139 1777 1209 Σαρμάται
1801 1157 1812 1170 ·
1837 1140 1977 1194 κατὰ

398 1227 638 1293 καικίαν,
675 1226 898 1281 Κασπία
924 1226 1191 1294 θάλασσα,
1224 1229 1317 1280 καὶ
1346 1228 1562 1301 Σάκαι.]

863 1521 866 1524 η
907 1488 1158 1545 unum.
1194 1489 1252 1542 e'
1286 1488 1460 1564 [KP].

972 1579 1114 1649 Περὶ
1142 1580 1397 1637 ὑδάτων.

469 1672 582 1726 Καὶ
613 1667 675 1724 τὸ
707 1668 848 1743 ὕδωρ
870 1670 926 1725 δὲ
977 1672 1035 1727 ἓν
1078 1673 1185 1726 τῶν
1215 1674 1495 1745 στοιχείων
1542 1674 1650 1729 τῶν
1693 1677 1983 1749 τεσσάρων

2080 499 2244 562 bent,
2297 499 2381 552 ha:
2421 507 2570 553 sunt.
2626 498 2705 551 Ad
2763 500 3163 563 subsolanum,
3214 500 3541 558 Bactriani:
3601 507 3671 560 ad

2080 604 2300 652 eurum,
2350 589 2465 645 Indi
2509 607 2522 644 :
2560 591 2628 644 ad
2681 590 3035 657 Phoenicem,
3095 608 3245 648 mare
3290 594 3540 650 Rubrum
3615 605 3673 651 et

2081 678 2402 751 EthiOpia;
2447 683 2514 736 ad
2546 683 2872 749 libonotum,
2908 683 3299 748 Garamantes,
3332 685 3435 755 qui
3485 701 3656 755 supra

2084 771 2289 843 Syrtim
2341 780 2471 828 sunt
2520 773 2588 827 ad
2634 773 2903 838 Africum,
2954 774 3243 845 [Ethiopes
3307 786 3361 831 et
3391 778 3657 833 occiden-

2084 865 2221 919 tales
2282 864 2508 919 Mauri:
2553 866 2619 918 ad
2675 865 2981 927 favonium,
3037 864 3291 921 Herculis
3350 867 3653 936 Columnae,

2081 962 2137 1009 et
2182 953 2366 1025 Libyae
2419 970 2483 1008 ac
2538 954 2770 1024 Europae
2824 956 3023 1009 initia:
3057 955 3124 1009 ad
3178 971 3404 1023 eorum,
3451 958 3653 1023 Iberia,

2080 1061 2204 1115 qua:
2235 1046 2398 1101 hodie
2432 1044 2698 1115 Hispania
2734 1056 2962 1100 vocatur
2997 1064 3011 1099 :
3045 1048 3109 1100 ad
3144 1049 3480 1114 thrasciam,
3510 1049 3654 1105 Galli

2082 1153 2146 1192 ac
2180 1137 2424 1191 ﬁnitima:
2453 1139 2745 1192 nationes:
2780 1138 2846 1191 ad
2895 1140 3235 1206 aquilonem,
3282 1138 3517 1210 Scythae,
3557 1143 3653 1212 qui

2083 1244 2251 1297 supra
2287 1228 2577 1282 Thraciam
2613 1236 2745 1281 sunt
2780 1246 2794 1281 :
2828 1228 2893 1281 ad
2935 1229 3180 1290 boream,
3216 1227 3444 1294 Pontus,
3485 1231 3656 1287 Mmo-

2083 1320 2156 1374 tis
2217 1326 2272 1373 et
2325 1318 2590 1373 Sarmata:
2630 1335 2650 1372 ι
2681 1317 2755 1372 ad
2797 1318 3046 1384 caeciam,
3095 1333 3249 1374 mare
3294 1318 3554 1392 Caspium
3598 1330 3657 1378 et

2082 1408 2256 1465 Sacae.
2279 1407 2301 1483 ]

2724 1501 2879 1557 CAP.
2919 1501 3008 1555 IX.

2731 1592 2807 1647 De
2833 1595 3006 1663 aquis.

2151 1686 2317 1757 Aquae
2357 1684 2662 1751 descriptio.
2712 1685 2986 1753 Aquarum
3039 1699 3203 1752 supra
3262 1686 3658 1753 ﬁrmamentum

400 1762 540 1827 ἐστὶ,
575 1763 787 1834 ποίημα.
823 1761 958 1816 Θεοῦ
1007 1763 1294 1820 κάλλιστον
1315 1779 1331 1794 ⁸
1381 1765 1526 1838 ὕδωρ
1565 1768 1685 1822 ἐστὶ
1717 1773 1980 1841 στοιχεῖον

2091 1778 2243 1832 ratio.
2273 1805 2346 1816 -—
2375 1776 2535 1845 Aqua
2578 1775 2751 1830 etiam
2801 1790 2970 1829 unum
3020 1781 3127 1839 est,
3172 1790 3237 1829 ex
3275 1784 3515 1845 quatuor
3542 1778 3660 1832 ele-

401 1854 566 1928 ὖγρόν
600 1872 662 1909 τε
690 1855 782 1909 καὶ
811 1855 1041 1928 ψυχρὸν,
1068 1856 1205 1930 βαρύ
1227 1875 1286 1911 τε
1310 1859 1404 1913 καὶ
1432 1862 1774 1932 κατωφερὲς,
1803 1865 1982 1917 εὐδιά-

397 1961 581 2015 χυτον.
621 1942 824 1999 Τούτου
846 1945 903 1998 δὲ
931 1945 1318 2019 μνημονεύειή
1353 1948 1475 2003 Θεία
1494 1951 1686 2022 Γραφὴ
1723 1952 1979 2021 λέγουσαο

399 2034 508 2090 Καὶ
541 2034 761 2102 σκότος
797 2032 877 2107 ἦν
902 2036 1104 2091 ἐπάνω
1132 2037 1240 2107 τῆς
1270 2040 1383 2095 ἁδύ
1395 2054 1584 2096 σσουο
1616 2041 1715 2096 καὶ
1738 2044 1982 2113 Πνεῦμα

404 2127 552 2183 Θεοῦ
581 2127 898 2198 ἐπεφέρετο
938 2129 1139 2185 ἐπάνω
1171 2131 1277 2185 τοῦ
1304 2131 1542 2198 ὕδατος.
1581 2133 1850 2199 Ἀϐυσσσς
1874 2136 1982 2209 γὰρ

401 2220 555 2275 οὐδὲν
587 2222 776 2292 ἕτερόν
831 2223 1001 2287 ἐστιν,
1037 2224 1086 2277 εί
1122 2224 1198 2299 μὴ
1241 2224 1386 2297 ὕδωρ
1435 2226 1594 2293 πολὺ,
1637 2221 1698 2282 οὗ
1727 2227 1789 2280 τὸ
1830 2226 1984 2292 τέλος

403 2312 793 2385 ἀκατάληπτον
822 2308 1168 2384 ἀνθρὼποις’
1206 2317 1263 2370 ὲν
1306 2317 1448 2388 ἀρχῇ
1496 2318 1595 2387 μὲν
1623 2314 1717 2373 οὖν
1748 2319 1808 2373 τὸ
1837 2319 1983 2393 ὕδωρ

404 2406 498 2459 ἐπὶ
553 2408 734 2461 πᾶσαν
785 2407 884 2480 τὴν
917 2409 1017 2478 γῆν
1059 2408 1385 2475 ἐπεπόλαζε.
1439 2410 1551 2463 Καὶ
1606 2411 1847 2483 πρῶτον,
1884 2413 1984 2484 μὲν

406 2496 662 2566 εποίησεν
686 2500 715 2552 6
747 2498 880 2564 Θεὸς
903 2499 964 2552 τὸ
1004 2500 1311 2571 στερέωμα,
1352 2500 1676 2573 διαχωρίζον
1708 2504 1985 2575 άναμέσον

406 2587 500 2640 τοῦ
530 2586 721 2653 ὕδατος
747 2590 841 2644 τοῦ
867 2591 1051 2646 ἐπάνω
1075 2590 1169 2645 τοῦ
1192 2593 1592 2666 στερεώματος,
1621 2594 1831 2650 καὶτοῦ
1858 2596 1985 2653 ὕδα-

407 2697 501 2743 τος
546 2681 640 2734 τοῦ
697 2683 956 2738 ὑποκάτω
1000 2683 1092 2737 τοῦ
1130 2684 1529 2757 στερεὼματος.
1579 2688 1668 2742 Ἐν
1694 2687 1846 2761 μέσῳ
1874 2693 1985 2763 γὰρ

407 2769 507 2840 τῆς
540 2770 778 2825 ἀϐύσσου
832 2772 942 2826 τῶν
968 2773 1177 2828 ὑδάτων
1207 2776 1512 2849 ὲστερεώθη
1560 2778 1639 2849 τῷ
1668 2781 1987 2853 Δεσποτικῷ

409 2862 822 2932 προστάγματι.
846 2864 1011 2919 Ὅθεν
1041 2866 1137 2920 καὶ
1162 2869 1451 2939 στερέωμα
1477 2865 1633 2925 εἴπεν
1665 2874 1692 2926 6
1724 2873 1857 2939 Θεὸς
1889 2891 1988 2943 γε·

409 2950 642 3015 νέσοαι,
709 2953 799 3006 καὶ¹
836 2955 1071 3021 ἐγένετο.
1139 2957 1296 3022 Τίνος
1350 2959 1408 3014 δὲ
1464 2962 1625 3034 χάριν
1670 2965 1856 3019 ἐπάνω
1891 2965 1989 3020 τοῦ

414 3038 795 3110 στερεώματος
835 3040 979 3111 ὕδωρ
1016 3046 1044 3097 6
1083 3046 1217 3109 Θεὸς
1270 3048 1539 3117 άπέθετο;
1601 3053 1700 3107 Διὰ
1749 3055 1848 3126 τὴν
1892 3056 1986 3109 τοῦ

411 3127 565 3198 ἡλίου
612 3108 724 3202 (64)
760 3133 853 3187 καὶ
911 3108 1005 3187 τοῦ
1051 3135 1269 3207 αἰθέρος
1316 3108 1658 3213 θερμοτάτην
1699 3108 1987 3202 ἔκκαυσιν.
2014 3108 2062 3167 Ο

412 3218 630 3285 Εὐθέως
650 3224 759 3296 γὰρ
785 3226 922 3295 μετὰ
951 3226 1010 3279 τὸ
1036 3229 1318 3300 στερέωμα
1344 3233 1371 3284 6
1397 3231 1561 3304 αίθὴρ
1584 3234 1908 3306 ὑφήπλωται
1935 3241 1984 3304 ε,

412 3313 511 3366 καὶ
541 3314 568 3365 6
598 3314 749 3385 ἥλιος
780 3316 836 3369 δὲ
866 3318 962 3372 σὺν
984 3323 1048 3391 τῇ
1080 3321 1279 3393 σελήνῃ
1310 3322 1406 3377 καὶ
1434 3326 1544 3388 τοῖς
1573 3326 1793 3398 ἄστροις
1824 3331 1881 3382 ὲν
1909 3331 1988 3403 τῷ

416 3404 755 3494 στερεὼματί
782 3409 888 3461 είσι
918 3425 932 3439 ο
956 3411 1049 3463 καὶ
1079 3412 1127 3464 εἰ
1164 3413 1238 3484 μὴ
1273 3413 1526 3469 ἐπέκειτο
1557 3415 1723 3488 ὕδωρ,
1750 3419 1986 3494 ὲφλέχθη

412 3492 479 3546 ἂν
506 3494 610 3547 ὑπὸ
633 3495 732 3567 τῆς
766 3497 976 3570 θέρμης
1020 3501 1081 3553 τὸ
1115 3502 1420 3574 στερέωμα.

2082 1869 2284 1926 mentis
2348 1867 2881 1927 excellentissimum
2937 1864 3033 1921 Dei
3098 1881 3257 1935 opus.
3316 1865 3415 1920 Est
3474 1874 3659 1920 autem

2082 1974 2225 2031 aqua
2252 1960 2589 2016 elementum
2620 1957 2911 2012 humidum
2952 1966 3010 2011 et
3053 1955 3349 2027 frigidum;
3373 1973 3551 2027 grave
3591 1972 3658 2012 ac

2083 2053 2344 2108 deorsum
2387 2065 2649 2120 vergens,
2680 2048 2831 2119 quod
2865 2047 3030 2103 facile
3058 2048 3280 2102 difﬂuit.
3330 2047 3505 2118 Hujus
3541 2064 3660 2103 me-

2083 2142 2244 2197 minit
2281 2142 2569 2212 Scriptura
2603 2140 2812 2205 divina,
2838 2154 2964 2194 eum
2991 2139 3070 2192 ait
3101 2156 3117 2194 :
3149 2137 3221 2192 Et
3248 2138 3477 2193 tenebra:
3503 2147 3661 2192 erant

2083 2249 2240 2302 super
2268 2233 2459 2302 faciem
2500 2231 2727 2301 abyssi:
2757 2238 2809 2283 et
2858 2228 3093 2299 Spiritus
3126 2228 3345 2282 Domini
3390 2227 3663 2297 ferebatur

2083 2339 2243 2393 super
2296 2338 2462 2393 aquas
2494 2321 2558 2375 ιδ.
2593 2320 2869 2391 ~Abyssus
2914 2318 3116 2389 quippe
3172 2318 3311 2372 nihil
3366 2318 3519 2374 aliud
3577 2327 3663 2374 est

2085 2431 2253 2487 quam
2287 2415 2480 2485 ingens
2510 2413 2763 2483 quaedam
2795 2426 2952 2482 aqua:
2985 2412 3167 2481 capia,
3201 2408 3364 2478 cujus
3390 2408 3516 2465 ﬁnis
3561 2409 3662 2464 ad-

2087 2509 2155 2563 iri
2188 2507 2400 2578 nequit.
2439 2505 2506 2559 Et
2537 2505 2759 2576 quidem
2800 2504 2857 2558 in
2906 2502 3097 2557 mundi
3139 2499 3482 2572 primordiis,
3517 2514 3662 2569 aqua

2090 2601 2252 2672 170
2283 2614 2449 2670 super
2488 2598 2803 2654 universam
2852 2595 3200 2667 superﬁciem
3248 2603 3416 2649 terrae
3452 2593 3664 2648 emine-

2086 2693 2201 2749 bat.
2221 2691 2301 2748 Ac
2326 2694 2507 2762 primo
2529 2690 2659 2746 fecit
2682 2690 2826 2745 Deus
2855 2688 3262 2743 ﬁrmamentum
3290 2685 3436 2756 quod
3462 2699 3660 2755 aquas,

2087 2802 2211 2858 quae
2241 2794 2374 2842 sunt
2400 2800 2567 2855 supra
2600 2784 3026 2846 ﬁrmamentum,
3060 2782 3131 2836 ab
3174 2781 3243 2835 iis
3285 2794 3407 2850 qua:
3439 2778 3542 2834 sub
3572 2777 3664 2830 lir-

2088 2886 2368 2935 mamento
2389 2886 2540 2946 sunt,
2569 2877 2781 2932 medias
2807 2876 3099 2931 divideret.
3136 2873 3353 2929 Etenim
3384 2871 3438 2925 in
3475 2867 3663 2939 abyssi

2090 2985 2359 3042 aquarum
2389 2969 2571 3024 medio
2611 2965 2707 3022 Dei
2736 2966 2896 3039 jussu
2940 2966 3345 3019 ﬁrmamentum
3394 2966 3665 3017 statutum

2090 3072 2196 3119 est.
2233 3059 2391 3117 Unde
2418 3060 2585 3115 etiam
2614 3058 2836 3114 dicente
2876 3057 3020 3121 Deo,
3057 3064 3118 3110 ut
3155 3054 3310 3109 ﬁeret
3352 3053 3669 3107 ﬁrmamen-

2094 3164 2234 3219 tum,
2285 3153 2394 3208 hoc
2427 3152 2633 3206 factum
2665 3157 2773 3205 est.
2804 3146 3008 3203 Verum
3039 3146 3172 3216 quid
3213 3146 3433 3200 tandem
3482 3153 3671 3195 causae

2093 3243 2217 3309 fuit,
2252 3258 2353 3298 cur
2378 3242 2520 3297 Deus
2550 3254 2751 3313 aquam
2792 3253 2959 3307 supra
2993 3237 3397 3291 ﬁrmamentum
3429 3231 3669 3285 colloca-

2092 3335 2208 3391 rit?
2242 3332 2413 3390 Plane
2450 3330 2971 3388 vehementissimus
3019 3326 3156 3382 solis
3197 3332 3253 3380 et
3296 3320 3521 3376 aetheris
3571 3331 3665 3369 ar-

2092 3425 2214 3480 dor.
2246 3423 2503 3477 Proxime
2541 3422 2687 3476 enim
2734 3420 2839 3476 sub
2873 3418 3221 3472 ﬁrmamento
3254 3424 3532 3482 cxpansus
3581 3414 3668 3463 est

2091 3517 2262 3571 aether
2298 3534 2312 3570 :
2351 3515 2434 3568 sol
2481 3526 2727 3581 quoque,
2765 3518 2819 3565 et
2865 3509 3017 3574 luna,
3066 3514 3123 3562 et
3167 3504 3341 3560 stella:
3364 3504 3418 3556 in
3470 3500 3664 3554 ﬁrma-

415 3593 598 3640 mento
628 3589 808 3658 posita
871 3600 1026 3646 sunt.
1097 3591 1278 3659 Quare
1323 3595 1434 3649 nisi
1514 3611 1655 3668 aqua
1735 3614 1972 3672 superne
2015 3608 2284 3665 collocata
2340 3611 2508 3666 esset,
2582 3617 2697 3672 prae
2760 3601 2945 3656 calore
3003 3598 3198 3667 utique
3260 3595 3670 3650 ﬁrmamentum

413 3678 716 3734 exarsisset
744 3680 811 3734 ¹⁸.

488 3765 620 3821 Εἶτα
649 3768 978 3839 προσέταξεν
1007 3772 1035 3824 6
1064 3771 1196 3834 Θεὸς
1224 3774 1558 3846 συναχθῆναι
1605 3776 1674 3831 τά
1707 3777 1877 3834 ὕδατα
1908 3783 1988 3847 είς

416 3861 741 3929 συναγωγὴν
778 3861 941 3931 μίανο
991 3862 1051 3915 τὸ
1076 3862 1133 3916 δὲ
1172 3865 1303 3934 μίαν
1349 3869 1671 3940 συναγωγὴν
1692 3871 1892 3941 λέγειν,
1925 3874 1987 3927 οὐ

412 3952 565 4023 δηλοί
617 3952 676 4004 τὸ
704 3953 761 4005 ὲν
799 3953 881 4006 ἑνὶ
932 3954 1084 4024 τόπῳ
1112 3956 1441 4028 συναχθῆναι
1498 3961 1639 4016 αὑτά
1663 3979 1677 3994 '
1737 3964 1845 4019 ἰδοὺ
1881 3965 1991 4037 γὰρ

419 4044 558 4115 μετὰ
586 4043 758 4098 ταῦτά
786 4062 919 4116 φησι
945 4063 959 4077 ·
992 4048 1101 4101 Καὶ
1126 4048 1196 4102 τὰ
1219 4049 1581 4120 συστήματα
1613 4052 1732 4108 τῶν
1757 4056 1993 4111 ὑδάτων

415 4133 672 4188 ἐκάλεσε
698 4135 1015 4202 θαλάσσας
1040 4155 1052 4167 ·
1080 4138 1216 4192 ἀλλὰ
1236 4140 1296 4193 τὸ
1321 4141 1457 4211 ὁμοῦ
1482 4143 1605 4196 καθ’
1626 4145 1793 4199 ἑαυτὰ
1823 4163 1994 4217 κεχω-

418 4225 651 4299 ρισμένα
674 4228 772 4299 τῆς
791 4228 894 4299 γῆς
913 4228 1164 4297 γενέσθαι
1187 4230 1255 4284 τά
1287 4230 1474 4297 ὕδατα,
1494 4235 1522 4287 6
1550 4235 1705 4305 λόγος
1730 4237 1988 4308 ἐδήλωσε.

416 4321 776 4395 Συνήχθησαν
809 4322 988 4376 τοίνυν
1018 4322 1087 4376 τά
1112 4321 1280 4377 ὕδατα
1316 4326 1397 4389 είς
1419 4326 1518 4391 τὰς
1548 4328 1868 4398 συναγωγὰς
1894 4330 1993 4385 αὐ-

492 4459 537 4491 “
569 4458 703 4515 Gen.
731 4475 770 4524 ι,
796 4459 851 4513 2.

2168 3777 2344 3833 Mure.
2378 3806 2447 3816 —
2474 3773 2613 3829 Tum
2651 3771 2825 3842 jussit
2871 3769 3015 3825 Deus
3050 3776 3108 3823 ut
3135 3776 3473 3839 cogerentur
3517 3785 3676 3840 aquae

2100 3871 2157 3926 in
2213 3866 2527 3938 congeriem
2582 3878 2749 3918 unam
2787 3862 2847 3915 ³⁷.
2901 3860 3060 3927 Quod
3112 3866 3294 3913 autem
3354 3861 3673 3924 congeriem

2101 3976 2265 4017 unam
2293 3959 2432 4013 dicit
2460 3955 2768 4025 Scriptura,
2802 3969 2912 4007 non
2950 3953 3055 4007 hoc
3085 3951 3379 4022 signiﬁcat,
3414 3952 3470 4007 in
3504 3969 3672 4007 unum

2099 4051 2462 4119 eumdemquc
2497 4048 2676 4100 locum
2725 4059 2820 4099 eas
2861 4042 3238 4110 conﬂuxisse;
3289 4044 3476 4097 statim
3526 4044 3671 4098 enim

2100 4145 2309 4207 subdit,
2333 4153 2382 4197 et
2411 4141 2743 4197 collectione:
2777 4155 3035 4210 aquarum
3072 4140 3355 4208 appellavit
3378 4139 3553 4192 maria
3591 4139 3671 4193 ‘3:

2097 4237 2191 4293 sed
2239 4235 2427 4306 potius
2476 4247 2650 4303 aquas
2697 4229 2859 4284 simul
2909 4228 3097 4283 eodem
3151 4236 3431 4281 nmmcuto
3462 4241 3493 4280 a
3527 4233 3673 4279 terra

2097 4338 2342 4385 secretas
2377 4325 2574 4387 fuisse,
2602 4306 2781 4377 oratio
2805 4319 3071 4374 ostendit.
3100 4321 3268 4385 Aqua:
3298 4332 3428 4387 ergo
3459 4317 3512 4369 in
3541 4332 3677 4372 suas

962 4457 1006 4491 ’°
1043 4457 1211 4515 Basil.
1242 4461 1391 4520 hom.
1416 4462 1451 4517 2
1473 4463 1527 4517 in
1552 4461 1827 4532 liexaem;
1869 4463 2057 4520 Sevcr.
2087 4459 2278 4515 Gabal.
2311 4464 2455 4511 orat.
2492 4454 2566 4507 De
2595 4453 2769 4521 api/ie.
2814 4449 2997 4502 mundi
3072 4447 3111 4478 "
3144 4445 3276 4500 Gen.
3310 4463 3348 4511 ι,
3382 4446 3437 4502 9.

1713 4600 1951 4657 ἾΑΒΙΕ
1987 4597 2169 4656 LEL'I
2184 4596 2406 4653 lONES.

498 4732 521 4772 ἲ
552 4733 779 4802 Iit-liqua
831 4730 945 4786 hate
972 4733 1153 4787 omnia
1184 4732 1383 4788 desunt
1416 4735 1470 4788 in
1515 4736 1774 4793 omnibus
1827 4737 1939 4793 fere
1969 4752 1989 4792 ε

2091 4735 2134 4791 i.
2214 4736 2239 4774 ε
2266 4732 2400 4787 Cod.
2438 4729 2592 4782 multi
2621 4726 2960 4802 ἑφήπλωται.
2986 4722 3181 4802 Vctus_
3202 4723 3428 4802 interpr.
3478 4726 3679 4802 posuit

420 4794 704 4876 expensus-
730 4813 826 4876 est.
876 4801 1053 4876 lj‘ahcr
1080 4818 1205 4856 vero
1234 4804 1586 4870 subducitur;
1621 4807 1867 4876 adeoque
1891 4822 2014 4861 cum
2037 4806 2201 4861 editis
2226 4802 2507 4858 consensit
2535 4811 2589 4854 et
2623 4794 2746 4851 aliis
2788 4810 2923 4849 mss.
2959 4804 3009 4849 ct
3041 4794 3274 4848 maxime
3305 4794 3430 4848 cod.
3477 4796 3534 4847 S.
3567 4797 3677 4850 ΠΗ.

423 4876 480 4927 in
512 4889 621 4944 quo
667 4874 865 4943 legitur
886 4873 916 4925 ὑ
928 4874 1229 4942 ρήπλωται.

1961 4957 2194 5014 NOTAE.

498 5053 609 5124 (64)
643 5055 743 5108 Διὰ
770 5053 882 5122 τὴν
910 5053 1015 5108 τοῦ
1044 5052 1247 5117 ἡλίου.
1298 5051 1568 5105 Nimirum
1606 5051 1989 5124 vehementissi-

2100 5051 2417 5124 scripserat.
2467 5032 3057 5124 yonnullis‘fortasse
3119 5046 3320 5124 mirum
3356 5043 3675 5124 r‘idﬂiiiljlr,

428 5140 566 5184 mus,
592 5122 704 5178 clo.
746 5124 939 5179 Sancti
977 5124 1192 5185 Patres,
1226 5137 1349 5175 cum
1386 5125 1582 5174 rmlum
1613 5132 1669 5175 et
1697 5122 1876 5174 sidera
1905 5123 1999 5175 dc-

429 5195 784 5249 faccatissimo
844 5195 968 5263 igne
1020 5201 1274 5247 constare
1328 5192 1750 5263 arbitrarentur.
1787 5190 2001 5245 idcirco

427 5280 598 5334 aquas
630 5278 795 5333 supra
830 5262 1228 5334 ﬁrmamentum
1261 5264 1470 5330 positas
1500 5262 1781 5334 dixerunt,
1813 5268 1882 5334 ut
1903 5276 2000 5334 pe-

425 5329 586 5388 renni
625 5329 791 5389 succo
820 5333 1026 5387 nimius
1057 5334 1223 5387 ardor
1259 5329 1680 5401 tertipet'arctur.
1729 5330 1818 5383 Sic
1851 5329 2002 5384 Basi-

428 5404 558 5469 lius,
598 5403 747 5457 hom.
778 5403 812 5457 '5
839 5403 894 5457 in
921 5401 1202 5465 ilexacm.,
1229 5402 1318 5456 ubi
1352 5401 1617 5471 quasdam
1643 5401 2002 5471 philosopho-

427 5489 550 5527 rum
579 5474 890 5541 opiniones.
918 5489 1043 5527 aera
1070 5470 1578 5543 caelumque‘ealida
1603 5486 1724 5543 esse
1749 5470 2004 5543 inﬁciang

428 5544 585 5604 tium,
622 5539 894 5611 explodit,
928 5553 1042 5596 tum
1079 5539 1506 5595 deinde'rel‘cllit
1542 5539 1874 5611 Origeneni,
1907 5540 2001 5607 qui

429 5611 520 5665 bis
560 5608 719 5682 aquis
761 5628 880 5681 qua:
914 5626 1079 5680 super
1102 5614 1279 5682 eteius
1311 5620 1465 5682 sunt,
1502 5614 1780 5682 angelicas
1818 5608 2004 5682 Virtut-

429 5682 540 5747 tes,
568 5677 626 5735 ut
653 5677 1005 5738 inferioribus
1033 5680 1306 5750 principes
1333 5677 1682 5735 tenebrarum
1705 5679 2000 5751 signiﬁcari

2104 5116 2431 5190 Gregorium
2467 5118 2792 5190 Nyssenum,
2817 5116 3433 5190 sapientissimol‘ratre
3457 5116 3682 5190 postha—

2106 5182 2242 5252 bito',
2291 5182 2604 5241 Adamantii
2629 5182 3205 5241 delirium—admisisse
3240 5187 3294 5238 in
3333 5186 3426 5237 lib.
3462 5182 3516 5236 in
3539 5182 3677 5238 "ex.

2107 5260 2311 5314 Verum
2338 5260 2390 5312 in
2426 5258 2742 5327 praefatione
2761 5257 2980 5311 Petrum
3012 5256 3232 5309 fratrem
3264 5261 3685 5327 eominonucrat

2107 5346 2166 5386 se
2198 5331 2368 5382 multa
2420 5319 2520 5382 hoc
2551 5329 2605 5381 in
2636 5343 2801 5396 opere
2835 5327 3138 5385 dicturum,
3193 5337 3302 5396 no_n
3337 5319 3679 5396 a_l_'lirmando,

2107 5398 2202 5454 sed
2245 5391 2687 5453 exercitationis
2714 5412 2902 5450 causa.
2932 5396 3199 5448 (la-terum
3248 5391 3486 5445 Basilius
3516 5406 3682 5460 supc-

2107 5469 2286 5524 riorcs
2315 5469 2437 5522 illas
2469 5482 2638 5534 aquas
2664 5467 2800 5519 nihil
2833 5465 2978 5534 aliud
3005 5477 3127 5516 esse
3157 5462 3260 5534 ait,
3287 5461 3392 5516 nisi
3425 5475 3682 5534 vapores,

2106 5539 2200 5609 qui
2241 5554 2304 5592 ex
2344 5531 2841 5609 mari_'ﬂ_uviisque_
2872 5533 3189 5609 traltuntur,
3250 5531 3417 5609 inque
3453 5533 3684 5609 pluvias

2108 5599 2420 5662 vertuntur.
2472 5605 2673 5659 Eodem
2720 5599 2897 5671 modo
2916 5599 3248 5654 Severianus
3296 5599 3684 5671 Gabalitauus,

2109 5678 2311 5747 aliique
2339 5675 2645 5746 disputant,
2689 5687 2828 5743 quos
2857 5668 3053 5727 Noster
3080 5680 3308 5727 secutus
3339 5679 3453 5731 est.
