4116 6150
523 244 627 307 907

1719 244 1777 301 S.
1818 243 2139 304 JOANNIS
2175 244 2607 308 DAMASCENI

3675 254 3782 316 903

522 356 698 426 ’l‘ingc
741 352 808 407 ad
863 351 1200 407 Canobicnm
1251 350 1475 414 ostium,
1510 352 1813 407 stadiorum
1848 354 2095 423 209252;

2210 374 2347 425 πων,
2375 361 2403 412 ὁ
2435 361 2753 432 παράπλους
2784 361 2971 415 στάδια
2999 361 3167 430 ,δριακ
3209 360 3376 430 Ὀμοῦ
3398 362 3664 431 παράλιος
3691 367 3783 420 σὺν

521 451 665 505 Asia:
709 445 969 516 denique,
1011 459 1039 496 a
1080 442 1305 497 Canobo
1357 458 1529 513 usque
1583 443 1653 498 ad
1709 444 1940 499 Tanaim
1993 460 2099 499 una

522 645 612 692 tur
646 632 692 663 “

1171 741 1325 798 CAP.
1360 742 1429 798 Χ.

638 836 653 843 λ
697 852 768 906 De
799 861 963 919 terra,
989 861 1038 906 et
1080 852 1148 905 iis
1166 869 1285 922 qum
1327 870 1392 908 ea;
1429 870 1491 909 ea
1526 857 1916 922 producuntur.

589 945 836 1016 Ignotum
868 954 1022 998 terra:
1048 943 1473 1014 fundamentum.
1502 973 1572 985 —
1600 944 1778 1000 Terra
1811 959 1982 1000 unum
2011 953 2096 1001 est

514 1054 578 1093 ex
610 1047 851 1107 quatuor
879 1035 1190 1103 elementis,
1219 1037 1455 1098 siccum,
1495 1034 1781 1106 frigidum,
1815 1050 1982 1103 grave
2038 1045 2094 1091 et

514 1130 845 1183 immotum:
887 1127 1066 1197 primo
1124 1128 1214 1181 die
1262 1143 1328 1182 ex
1377 1127 1555 1183 nihilo
1619 1128 1972 1198 productum.
2026 1124 2094 1181 In

512 1220 791 1291 principio,
824 1219 1024 1289 inquit,
1056 1219 1250 1273 creavit
1283 1219 1420 1273 Deus
1470 1218 1657 1273 caelum
1708 1226 1761 1273 et
1807 1228 2007 1273 terram
2025 1220 2094 1273 ’⁸.

513 1313 747 1368 Cuinam
800 1318 982 1365 autem
1030 1309 1109 1365 rei
1159 1310 1418 1371 insideat,
1473 1325 1535 1363 ac
1583 1327 1694 1380 quo
1731 1310 2095 1365 fundamento

513 1406 747 1468 nitatur,
787 1402 974 1457 nullus
1000 1401 1322 1455 mortalium
1366 1401 1551 1456 dicere
1584 1402 1784 1471 potuit.
1821 1400 1964 1456 Sunt
1992 1414 2094 1455 au—
2116 1445 2128 1458 .

516 1506 622 1551 tem
652 1494 747 1565 qui
777 1509 896 1550 eam
936 1507 1107 1564 super
1128 1507 1299 1563 aquas
1338 1493 1688 1557 collocatam,
1713 1500 1768 1548 et
1793 1493 2090 1549 stabilitam

494 1592 638 1643 "esse
668 1586 860 1651 aiunt,
895 1584 982 1640 his
1012 1582 1274 1639 Videlicet
1320 1584 1508 1639 verbis
1550 1583 1774 1640 Davidis
1818 1584 2039 1639 adducti
2072 1602 2085 1638 ι

515 1676 620 1746 Qui
650 1676 883 1747 [inﬂavit
909 1684 1108 1730 terram
1151 1688 1309 1742 super
1354 1690 1523 1745 aquas
1561 1675 1609 1706 “

515 1785 651 1824 rem.
705 1769 864 1822 Alius
907 1774 1090 1821 autem
1136 1766 1217 1820 sic
1267 1766 1391 1821 ait:
1436 1765 1542 1833 Qui
1599 1766 1847 1834 appendit
1898 1775 2092 1820 terram

514 1878 668 1933 super
690 1860 917 1915 nihilum
942 1859 1010 1912 ’⁷.
1040 1858 1105 1912 Et
1153 1874 1348 1913 rursus
1398 1857 1784 1928 diviniloquus
1814 1856 1990 1912 David
2025 1872 2091 1912 ex

515 1965 750 2019 persona
767 1947 1067 2009 Creatoris,
1105 1946 1240 2017 Ego,
1262 1948 1458 2015 inquit,
1481 1949 1791 2017 conﬁrmavi
1818 1949 2092 2002 columnas

518 2043 631 2112 ejus
680 2041 767 2107 ³³,
828 2040 1213 2093 columnarum
1270 2040 1495 2095 nomine
1540 2039 1648 2094 vim
1686 2042 1837 2095 illam
1878 2041 2092 2112 signiti-

515 2134 853 2200 cans,'quae
891 2142 1014 2183 eam
1059 2128 1333 2182 continet.
1386 2127 1524 2182 Nam
1581 2130 1731 2199 quod
1781 2129 1952 2185 idem.
1982 2129 2094 2183 alio

516 2220 641 2274 loco
678 2220 779 2284 ait,
820 2233 978 2287 super
1016 2218 1195 2272 maria
1229 2217 1468 2285 furtdevit
1500 2234 1621 2272 eam
1654 2220 1721 2286 ",
1762 2220 1902 2273 nihil
1940 2218 2093 2274 aliud

518 2311 763 2375 iudicat,
822 2310 928 2365 nisi
986 2310 1133 2380 quod
1181 2324 1335 2379 aqum
1387 2318 1585 2365 natura
1634 2320 1795 2367 terra:
1849 2311 2095 2381 undique

516 2400 693 2458 aﬂusa
749 2402 841 2458 sit.
900 2399 1143 2456 Proinde
1182 2398 1298 2455 sive
1344 2415 1467 2454 eam
1515 2401 1720 2470 seipsa,
1770 2401 1891 2457 sive
1945 2417 2087 2470 new,

516 2495 636 2553 sive
681 2494 862 2562 aquis,
920 2493 1037 2548 sive
1083 2491 1323 2563 denique
1358 2488 1532 2546 nihilo
1583 2491 1769 2547 fulciri
1822 2493 2095 2548 conceda~

518 2601 663 2653 mus,
718 2599 747 2637 a
800 2585 889 2654 pia
945 2587 1217 2639 sententia
1282 2580 1541 2637 recedere
1597 2582 1936 2639 conveniens
1984 2598 2092 2638 non

516 2685 600 2733 est
633 2694 648 2732 :
696 2677 831 2745 quin
868 2676 1055 2746 potius
1106 2674 1505 2739 conﬁtendum,
1554 2676 1741 2728 omnia
1778 2675 1834 2729 in
1873 2676 2094 2730 univer-

518 2786 640 2825 sum
680 2768 1003 2823 Conditoris
1039 2768 1247 2821 virtute
1278 2765 1554 2821 contineri
1586 2773 1643 2820 et
1679 2766 2021 2822 conservari.

504 2884 509 2893 -
590 2859 769 2914 Terra:
791 2868 967 2913 status
993 2873 1115 2912 cum
1142 2860 1372 2927 primum
1401 2867 1602 2912 creata.
1626 2857 1939 2912 Animantia
1963 2859 2095 2913 stir-

2210 449 2428 513 κόὶπτοις
2460 450 2562 521 τῆς
2601 451 2724 505 καθ’
2764 453 2910 523 ἡμᾶς
2943 452 3269 522 οἰκουμένης
3295 452 3487 507 στάδια
3511 453 3710 526 ιγ,θοβ’.

422 572 429 577 ο
526 559 653 601 cum
687 541 925 605 sinibus,
977 537 1287 595 stadiorum
1323 537 1487 593 illi.
1542 539 1723 611 Atque
1774 541 1851 596 ita
1900 539 2133 596 habitati
2206 544 2360 600 orbis
2407 546 2584 601 nostri
2634 561 2783 602 mare
2838 546 2905 603 ad
2968 545 3145 602 stadia
3204 545 3492 615 1509072,
3551 548 3777 620 porrigis

2735 720 3255 795 ΚΕΦΔΛ.Ρ[ΚΔἽ.

2523 813 2662 878 Περὶ
2698 810 2834 888 γῆς,
2870 814 2967 867 καὶ
2997 812 3116 867 τῶν
3148 812 3218 876 ἐξ
3255 805 3464 880 αὐτῆς.

2285 898 2350 952 Ἦ
2382 902 2451 972 γῆ
2485 901 2542 954 ἒν
2585 902 2692 955 τῶν
2726 905 3012 976 τεσσάρων
3040 904 3322 975 στοιχείων
3356 907 3496 972 ἐστὶ,
3534 908 3697 981 ξηρόν
3725 929 3780 966 τε

2203 989 2298 1041 καὶ
2323 990 2551 1063 ψυχρὸν,
2598 992 2690 1045 καὶ
2720 992 2880 1065 βαρὺ,
2930 995 3027 1047 καὶ
3054 995 3334 1067 ἀκίνητον,
3368 997 3475 1051 ὑπὸ
3521 1000 3616 1053 τοῦ
3649 1003 3778 1057 Θεοῦ

2200 1082 2265 1135 ἐκ
2298 1082 2389 1135 τοῦ
2426 1084 2500 1154 μὴ
2530 1083 2683 1147 ὄντος
2709 1086 2790 1150 εἰς
2833 1085 2895 1139 τὸ
2923 1081 3063 1139 εἶναι
3094 1090 3160 1158 τῇ
3195 1087 3388 1160 πρώτῃ
3430 1090 3616 1163 ἡμέρᾳ
3642 1111 3777 1166 παρ-

2203 1173 2463 1243 ηγμένον.
2502 1176 2605 1231 Ἐν
2641 1175 2801 1245 ἀρχῇ
2841 1177 2966 1249 γὰρ,
3022 1180 3209 1249 φησὶν,
3244 1180 3538 1248 ἐποίησεν
3563 1186 3597 1236 ό
3643 1185 3781 1251 Θεὸς

2200 1266 2311 1317 τὸν
2363 1267 2627 1335 οὐρανὸν
2670 1269 2770 1320 καὶ
2798 1269 2937 1335 τὴν
2965 1268 3080 1338 γῆν
3105 1285 3116 1298 ·
3149 1267 3217 1342 ἧς
3245 1271 3345 1340 τὴν
3371 1272 3535 1342 ἕδραν
3559 1273 3655 1326 καὶ
3686 1273 3779 1345 τὴν

2198 1353 2356 1424 βάσιν
2382 1356 2556 1420 οὐδεὶς
2586 1357 2696 1411 τῶν
2725 1358 3028 1428 ἀνθρώπων
3059 1361 3231 1413 εἰπεῖν
3263 1360 3560 1432 δεδύνηται.
3594 1364 3658 1416 Οἱ
3682 1364 3780 1434 μὲν

2196 1448 2307 1518 γὰρ
2338 1448 2430 1502 ἐπὶ
2460 1449 2668 1505 ὑδάτων
2708 1449 2876 1518 φασὶν
2915 1452 3203 1522 ήδρᾶσθαι,
3244 1453 3339 1524 καὶ
3368 1453 3648 1524 πεπῆχθαι
3677 1456 3778 1509 αὐη

2198 1536 2318 1609 τὴν,
2342 1536 2418 1603 ῶς
2464 1556 2630 1609 φησιν
2651 1542 2678 1592 ὁ
2699 1540 2841 1606 θεῖος
2887 1542 3081 1596 Δα6ίδ’
3122 1542 3206 1607 Τῷ
3231 1522 3625 1611 σίνερεώσαιρτι
3664 1547 3781 1614 τὴν

1615 1715 1629 1728 .
1662 1675 1768 1728 Alii
1802 1688 1973 1745 super
2002 1686 2095 1728 ae-

2200 1627 2316 1698 γῆν
2347 1628 2444 1682 ἐπὶ
2473 1629 2727 1686 ὑδάτων.
2774 1634 2836 1686 Oi
2865 1633 2921 1687 δὲ
2943 1673 2956 1698 ,
2999 1633 3090 1686 ἐπὶ
3138 1632 3231 1686 τοῦ
3272 1632 3453 1705 ἀέρος.
3504 1634 3697 1700 Ἄλλος
3723 1636 3778 1691 δέ

2198 1736 2363 1790 φησιν
2388 1737 2401 1752 ’
2456 1722 2509 1774 Ὁ
2534 1721 2798 1791 ἐδράσας
2826 1723 2942 1793 τὴν
2963 1724 3083 1795 γῆν
3110 1724 3205 1779 ἐπ’
3231 1723 3506 1792 οὐδενός.
3533 1726 3643 1779 Καὶ
3673 1726 3777 1782 πά-

2195 1809 2278 1861 λιν
2303 1811 2330 1862 ὁ
2361 1811 2624 1883 θεηγόρος
2651 1811 2835 1878 Δαϐιδ,
2867 1814 2941 1878 ὡς
2962 1816 3026 1867 ἐκ
3058 1814 3351 1885 προσώπου
3374 1815 3470 1869 τοῦ
3505 1819 3778 1890 Δημιουρ-

2174 1902 2325 1968 νγοῦ,
2369 1903 2536 1974 Ἐγὼ,
2581 1905 2768 1974 φησὶν,
2824 1904 3163 1974 ἐᾶτερέιυσα
3206 1906 3349 1972 τοὺς
3377 1908 3649 1975 στύλους
3673 1912 3778 1965 αὺ-

2195 1994 2326 2064 τῆς,
2352 1996 2451 2066 τὴν
2487 1997 2810 2071 συνεκτικὴν
2845 1997 3017 2068 αὐτῆς
3049 1998 3280 2069 δύναμιν
3313 1999 3541 2065 στύλους
3581 2001 3778 2072 ὀνομά-

2198 2106 2319 2169 σας.
2356 2089 2429 2141 Τὸ
2469 2089 2546 2155 δὲ,
2595 2089 2696 2145 ἐπὶ
2745 2089 3075 2146 θαλασσῶν
3115 2089 3515 2158 ἐθεμελίωσεν
3565 2093 3775 2162 αὐτὴν,

2194 2179 2346 2250 δηλοῖ
2365 2179 2422 2234 τὸ
2458 2181 2716 2260 πάντοθεν
2743 2180 3134 2254 περικεχῦσθαι
3152 2184 3217 2253 τῇ
3245 2183 3316 2253 γῇ
3343 2182 3442 2253 τὴν
3466 2184 3560 2237 τοῦ
3589 2183 3773 2248 ὕδατος

2197 2272 2378 2343 φύσιν.
2415 2260 2651 2327 Κᾶνίοῦν
2676 2273 2760 2342 ἐφ’
2785 2274 3007 2344 ἑαυτῆς,
3056 2274 3160 2329 κᾶν
3198 2275 3292 2328 ἐπὶ
3325 2275 3505 2347 ἀέρος,
3538 2276 3641 2329 κᾶν
3673 2276 3769 2329 ἐπὶ

2196 2363 2425 2429 ὑδάτων,
2457 2363 2560 2417 κᾶν
2588 2364 2676 2416 ἐπ’
2711 2364 2923 2427 οὐδενὸς
2955 2364 3135 2436 δῶμεν
3157 2363 3423 2437 ήδρᾶσθαι
3456 2367 3644 2438 αὐτὴν,
3666 2367 3773 2438 χρὴ

2199 2454 2273 2526 μὴ
2289 2453 2619 2524 ἀφίστασθαι
2641 2454 2742 2524 τῆς
2764 2454 3405 2525 εὐσεόοῦςὲννοξας,ἁλλὰ
3430 2446 3605 2512 πάντα
3635 2458 3773 2530 ὁμοῦ

2198 2540 2654 2627 συγκρατεῑσθαιο
2687 2546 2993 2617 ὁμολογεῖν,
3031 2547 3126 2600 καὶ
3157 2544 3472 2619 συνέχεσθαι
3508 2549 3578 2621 τῇ
3612 2548 3775 2603 δυνά-

2198 2655 2288 2708 μει
2313 2637 2407 2691 τοῦ
2424 2638 2747 2703 κτίσαντος.
3363 2666 3392 2688 ο

2278 2854 2366 2907 Ἐν
2395 2854 2538 2925 ἀρχῇ
2574 2854 2672 2924 μὲν
2691 2851 2806 2918 οὖν,
2832 2852 3013 2919 καθώς
3040 2872 3206 2927 φησιν
3232 2856 3265 2928 ἡ
3288 2855 3411 2911 θεία
3433 2858 3648 2931 Γραφὴ,
3673 2859 3776 2914 ὑπὸ

516 2967 706 3022 pesque
748 2951 981 3005 hominis
1009 2967 1195 3006 causa.
1235 2978 1306 2992 —-
1335 2950 1401 3004 Et
1433 2951 1657 3022 quidem
1701 2951 1756 3006 in
1792 2952 2091 3022 principia).

2198 2946 2407 3003 ὑδάτων
2434 2944 2796 3012 ἐκαλύπτετο,
2825 2947 2920 2999 καὶ
2957 2947 3471 3015 ἁκατασκεύαστος,
3502 2952 3622 3022 ῆτοι
3651 2951 3779 3006 ἀκό-

518 3043 984 3114 quemadmodum
1022 3043 1100 3098 ait
1133 3042 1421 3113 Scriptura
1454 3044 1639 3098 divina
1660 3043 1727 3108 ³⁸,
1769 3054 1917 3099 terra
1936 3045 2097 3114 aquis

518 3135 926 3201 obducebatur,
977 3143 1167 3205 atque
1199 3135 1494 3205 indigesta,
1556 3135 1660 3189 hoc
1711 3144 1820 3199 est,
1867 3143 2099 3191 ornatus

514 3227 703 3289 omnis
730 3232 931 3297 expers
961 3234 1099 3281 erat.
1143 3222 1568 3295 Quamprimum
1605 3229 1790 3280 autem
1838 3227 2099 3295 praecepit

521 3317 696 3384 Deus,
732 3317 1033 3372 confestim
1088 3329 1363 3386 aquarum
1419 3315 1820 3385 conceptacula
1867 3316 2099 3371 exstitc.

520 3415 692 3462 runt:
739 3421 805 3461 ac
841 3414 960 3460 tum
1004 3413 1222 3461 montes
1271 3420 1396 3461 esse
1447 3412 1760 3476 cocpemnt,
1795 3404 2101 3476 divinaque

517 3499 677 3567 jussu
726 3506 873 3553 terra
913 3511 1077 3554 suum
1113 3507 1372 3553 ornatum
1400 3496 1637 3566 accepit,
1680 3496 1868 3553 herbis
1903 3497 2099 3554 videli-

520 3596 610 3646 c‘ct
647 3591 831 3646 omnis
862 3591 1081 3658 generis
1125 3598 1183 3644 et
1228 3589 1499 3659 stirpibus
1545 3588 1839 3655 decorata;
1896 3589 2100 3660 quibus

520 3680 981 3749 divinohtrperto
1010 3679 1099 3734 vis
1131 3693 1197 3734 ea
1233 3677 1401 3734 insita
1428 3686 1537 3742 est,
1571 3693 1679 3748 qua
1709 3686 2095 3749 augescerent,

502 3770 933 3839 alerenturque,
965 3775 1024 3823 et
1069 3783 1257 3824 semen
1283 3768 1354 3823 ad
1383 3769 1471 3824 sui
1513 3769 1697 3824 simile
1724 3765 2096 3840 generandum

464 3872 485 3883 "
522 3862 825 3935 producere
856 3858 1088 3929 possint.
1117 3858 1264 3925 Quin
1293 3858 1362 3912 ad
1390 3858 1624 3928 Opiﬁcis
1656 3859 1878 3929 iussum
1917 3859 2098 3916 omnis

519 3968 741 4027 quoque
790 3952 1010 4023 generis
1055 3950 1380 4015 animantia,
1414 3951 1655 4020 reptilia,
1694 3950 1867 4016 feras,
1902 3959 1959 4006 et
2006 3967 2099 4022 pe-

515 4060 669 4112 cora,
697 4045 1061 4119 jumentaque
1091 4040 1327 4112 protulit
1358 4057 1372 4095 :
1415 4041 1605 4096 omnia
1635 4042 1857 4113 quidem
1895 4044 1990 4101 illa
2028 4043 2097 4099 ad

516 4137 907 4207 tempestivum
957 4130 1200 4186 hominis
1231 4145 1416 4196 usum,
1449 4139 1711 4186 caeterum
1759 4132 1870 4186 alia
1917 4133 1983 4188 ad
2014 4134 2097 4189 ci-

516 4234 672 4297 bum,
715 4241 774 4285 nt
827 4240 1045 4290 cervos,
1099 4224 1360 4295 pecudes,
1403 4238 1658 4294 capreas,
1690 4234 1746 4280 et
1780 4225 1996 4296 reliqua
2040 4227 2094 4283 id

2196 3055 2407 3110 σμητος
2443 3034 2536 3110 ἦν.
2568 3038 2675 3095 Τοῦ
2702 3038 2759 3091 δὲ
2789 3038 2924 3093 Θεοῦ
2952 3041 3356 3112 προστάξαντος
3375 3082 3393 3105 ,
3423 3043 3495 3096 τὰ
3523 3042 3632 3098 τῶν
3658 3044 3776 3098 ὑδά-

2197 3130 2520 3201 τωνδοχεία
2544 3129 2825 3200 γεγόνασι,
2875 3131 2971 3185 καὶ
3008 3131 3129 3184 τότε
3158 3132 3226 3185 τὰ
3249 3131 3347 3203 ὅρη
3380 3133 3658 3204 ὑπῆρξαν,
3688 3134 3780 3188 καὶ

2198 3220 2278 3292 τῷ
2308 3221 2439 3290 θείῳ
2471 3220 2857 3292 προστάγματι
2878 3220 2970 3275 τὸν
3007 3222 3205 3274 οἰκεῖον
3241 3220 3500 3291 ἀνείληφε
3550 3224 3779 3294 κόσμον,

2205 3313 2579 3376 παντοδαπαῖς
2615 3312 2802 3381 χλόαις
2838 3313 2933 3365 καὶ
2964 3313 3146 3382 φυτοῖς
3185 3310 3517 3382 ὡραῖσθείσα
3537 3329 3552 3345 σ
3585 3309 3670 3376 οἷς
3719 3317 3782 3367 τὸ

2201 3404 2344 3460 θεῖον
2367 3403 2596 3473 ἐνέθηκε
2628 3404 2981 3475 πρόσταγμα,
2994 3402 3230 3474 ⁵δύναμιν
3245 3403 3311 3455 αὐ
3320 3403 3547 3474 ξῃτικήν
3566 3419 3655 3468 τε,
3681 3407 3781 3457 καὶ

2200 3496 2524 3569 θρεπτικὴν,
2558 3496 2655 3550 καὶ
2688 3496 3097 3568 σπερματικὴν,
3141 3496 3261 3567 ἢτοι
3287 3496 3475 3566 ὁμοίου
3523 3513 3775 3569 γεννητι-

2199 3590 2325 3660 κήν.
2369 3588 2637 3660 Ἐξήγαγε
2659 3588 2716 3643 δὲ
2763 3588 2861 3642 τοῦ
2892 3588 3238 3663 Δημιουργοὺ
3270 3587 3653 3655 κελεύσαντος,
3687 3591 3779 3645 καὶ

2201 3684 2430 3735 παντοῖα
2478 3679 2608 3750 γένη
2662 3677 2840 3744 ζώων,
2895 3679 3143 3752 ἑρπετῶν
3174 3696 3256 3742 τε,
3292 3680 3384 3734 καὶ
3415 3678 3646 3749 θηρίων,
3685 3681 3777 3733 καὶ

2195 3771 2432 3843 κτηνῶν.
2471 3772 2657 3826 Πάντα
2689 3772 2795 3843 μὲν
2822 3772 2960 3842 πρὸς
2983 3772 3083 3845 τὴν
3129 3771 3224 3826 τοῦ
3269 3770 3558 3842 ἀνθρώπου
3590 3770 3776 3827 εὔκαι-

2201 3879 2294 3932 ρον
2317 3862 2515 3933 χρῆσιν
2534 3877 2548 3892 ·
2586 3861 2724 3917 ἀλλὰ
2754 3862 2980 3939 τούτων,
3010 3863 3081 3917 τά
3110 3864 3211 3934 μὲν
3242 3862 3380 3934 πρὸς
3407 3861 3635 3937 βρῶσιν,
3664 3858 3777 3917 οἷον

2198 3951 2457 4022 ἐλάφους,
2494 3953 2766 4023 πρόϐατα,
2794 3953 3081 4027 δορκάδας,
3114 3955 3210 4007 καὶ
3246 3954 3316 4007 τά
3341 3954 3565 4007 τοιαῦτα
3588 3970 3601 3982 ·
3628 3955 3698 4009 τά
3718 3954 3777 4007 δὲ

2198 4042 2338 4113 πρὸς
2368 4042 2670 4111 διακονίαν,
2696 4039 2807 4098 οἷον
2834 4044 3136 4117 καμήλους,
3170 4043 3317 4114 βόας,
3342 4044 3561 4110 ἵππους,
3602 4044 3772 4109 ὅνους,

2198 4133 2297 4188 καὶ
2327 4133 2397 4188 τὰ
2419 4133 2646 4188 τοιαῦτα
2667 4152 2680 4167 ·
2706 4136 2776 4189 τὰ
2804 4136 2863 4189 δὲ
2889 4135 3027 4206 πρὸς
3055 4135 3248 4207 τέρψιν
3265 4175 3281 4201 ,
3312 4131 3425 4188 οἷον
3474 4135 3737 4206 πιθήκους
3755 4149 3774 4165 ·

2198 4226 2293 4280 καὶ
2320 4224 2429 4279 τῶν
2473 4225 2699 4296 ὀρνέων,
2731 4226 2926 4290 κίσσας
2974 4243 3055 4292 τε,
3087 4227 3182 4280 καὶ
3234 4226 3555 4291 ψιττακοὺς,
3588 4227 3682 4282 καὶ
3708 4227 3778 4282 τὰ

515 4339 727 4395 genus;
779 4321 887 4395 alia
930 4318 1005 4373 ad
1044 4316 1439 4383 ministerium,
1492 4325 1553 4370 ut
1605 4318 1869 4387 camelos,
1906 4320 2092 4387 boves,

2199 4320 2425 4375 τοιαῦτα
2449 4336 2464 4350 ·
2512 4321 2608 4374 καὶ
2664 4320 2773 4387 τῶν
2820 4321 3003 4390 φυτῶν
3035 4322 3114 4386 δέ,
3149 4323 3244 4375 καὶ
3277 4321 3387 4375 τῶν
3417 4321 3672 4391 βοτανῶν,
3707 4328 3777 4374 τὰ

519 4430 723 4486 equos.
750 4414 959 4477 asinus,
1004 4417 1316 4479 caeteraqne
1344 4396 1620 4479 ejusmodi
1646 4426 1661 4476 ;
1688 4410 1799 4465 alia
1829 4411 1898 4469 ad
1941 4400 2095 4468 oblc-

518 4509 838 4571 ctatloneui,
871 4513 933 4559 ut
969 4506 1185 4570 simias,
1213 4514 1270 4559 et
1320 4519 1386 4559 ex
1437 4503 1664 4569 avibus,
1710 4504 2098 4574 psittacos,et

520 4598 722 4654 similia
752 4617 765 4651 :
802 4598 1005 4666 stirpes
1042 4597 1171 4650 item
1205 4598 1259 4650 et
1294 4594 1516 4660 herbas,
1548 4594 1751 4664 partim
1780 4592 2097 4652 fructiferas

518 4699 573 4745 et
607 4688 945 4749 esculentus,
995 4686 1196 4756 partim
1246 4684 1452 4741 olfactu
1504 4700 1702 4741 suaves
1754 4694 1810 4741 et
1865 4672 2096 4743 ﬂoribus

516 4779 772 4841 decoras,
809 4775 1154 4831 exhilarandi
1184 4776 1352 4830 animi
1384 4791 1553 4831 causa
1576 4790 1893 4845 concessas,
1943 4779 2091 4835 velut

519 4885 726 4935 rosam,
781 4869 1029 4937 aliasque
1086 4867 1334 4934 similes;
1384 4869 1583 4939 partim
1644 4869 1712 4924 ad
1771 4871 2088 4931 morborum

517 4963 811 5021 medelam.
861 4960 1044 5029 Neque
1095 4960 1241 5014 enim
1314 4971 1414 5021 aut
1463 4962 1693 5015 animal
1724 4961 1938 5030 ullum,
1996 4976 2092 5020 aut

518 5057 700 5129 planta
755 5055 867 5110 ulla
924 5058 1031 5113 cst,
1087 5052 1174 5105 cui
1230 5064 1341 5105 non
1394 5051 1479 5106 vis
1528 5053 1712 5122 aliqua
1771 5055 2090 5111 hominibus

516 5148 686 5209 utilis.
715 5154 977 5219 asummo
1010 5158 1192 5197 rerum
1224 5139 1457 5197 Parente
1480 5144 1651 5197 indita
1675 5144 1767 5199 sit.
1807 5142 1939 5200 Nam
1971 5162 2091 5201 cum

518 5242 626 5305 uile,
680 5241 769 5294 cui
829 5238 1015 5293 omnia
1067 5249 1357 5303 antequam
1418 5233 1553 5290 [iant
1600 5237 1889 5306 explorata
1939 5250 2088 5303 sunt,

516 5338 862 5401 perspectum
898 5328 1129 5382 haberet
1180 5325 1301 5380 fore
1368 5333 1429 5379 ut
1468 5327 1632 5381 homo
1672 5328 1847 5382 libera
1897 5331 2093 5384 volen-

2201 4413 2301 4483 μὲν
2335 4411 2615 4484 κάρπιμα,
2640 4414 2710 4468 τὰ
2736 4412 2793 4468 δὲ
2824 4413 3080 4484 ἐδώδιμα,
3099 4414 3168 4467 τὰ
3186 4413 3243 4468 δὲ
3267 4412 3464 4485 εὐώδη,
3498 4431 3584 4469 κατ
3613 4413 3776 4483 ἀνθη-

2201 4503 2273 4574 ρὰ
2304 4503 2441 4574 πρὸς
2493 4503 2687 4575 τέρψιν
2736 4506 2869 4575 ἡμῖν
2920 4503 3276 4577 δεδωρημένα
3299 4521 3312 4532 ·
3349 4500 3461 4560 οἷον
3508 4505 3569 4558 τὸ
3601 4505 3774 4573 ῥόδον,

2200 4597 2293 4648 καὶ
2333 4595 2402 4648 τά
2439 4594 2665 4649 τοιαῦτα
2686 4612 2700 4629 ο
2728 4597 2819 4650 ’τά
2863 4596 2920 4650 δὲ
2951 4597 3090 4667 πρὸς
3114 4596 3440 4667 νοσημάτων
3469 4595 3627 4649 ἴασιν.
3659 4596 3781 4648 Οὐκ

2200 4684 2317 4741 ἐστι
2350 4684 2461 4759 γὰρ
2481 4686 2635 4741 οὐδὲν
2657 4686 2819 4755 ζῶον,
2849 4689 2972 4743 οὐδὲ
2995 4690 3180 4759 φυτὸν,
3212 4690 3269 4742 ἑν
3297 4682 3342 4757 ᾧ
3365 4688 3464 4740 οὐκ
3491 4685 3779 4753 ἑνέργειάν

2197 4796 2320 4833 τινα
2353 4782 2419 4850 τῇ
2454 4778 2563 4832 τῶν
2607 4779 2913 4854 ἀνθρώπων
2951 4781 3110 4852 χρείᾳ
3139 4778 3573 4851 χρησιμεύουσαν
3612 4776 3642 4828 ὁ
3666 4777 3782 4846 Δη-

2202 4871 2461 4944 μιουργὸς
2493 4872 2806 4926 ἐναπέθετο.
2848 4871 2907 4925 '0
2931 4873 3040 4944 γὰρ
3061 4873 3129 4927 τὰ
3155 4873 3329 4925 πάντα
3352 4867 3478 4939 πρὶν
3500 4866 3783 4936 γενέσεως

2197 4962 2380 5019 αὐτῶν
2406 4963 2790 5033 ἐπιστάμενος,
2822 4963 2979 5028 εἰδὼς
3011 4965 3086 5027 ὡς
3125 4960 3302 5034 μέλλει
3346 4962 3405 5012 ὲν
3446 4958 3785 5030 αὑτεξουσξῳ

2199 5055 2469 5126 προϐάσει
2495 5057 2524 5108 ὁ
2558 5055 2842 5124 ἄνθρωπος
2874 5054 3143 5123 γίνεσθαι,
3179 5054 3272 5107 καὶ
3291 5053 3357 5123 τῇ
3380 5042 3569 5122 φθορᾷ
3599 5067 3785 5121 παρα-

2198 5144 2456 5208 δίδοσθαι,
2497 5147 2674 5200 πάντα
2713 5145 2849 5216 πρὸς
2876 5144 3135 5216 εὔκαιρον
3174 5144 3367 5216 χρῆσιν
3398 5141 3591 5205 αὑτοῦ,
3621 5142 3696 5194 τά
3723 5159 3781 5191 τε

2199 5239 2257 5291 ὲν
2287 5235 2365 5307 τῷ
2396 5235 2759 5307 στερεώματι,
2790 5237 2859 5291 τά
2889 5254 2948 5290 τε
2989 5239 3048 5290 ὲν
3082 5239 3146 5307 τῇ
3171 5240 3266 5308 γῇ,
3291 5235 3386 5290 καὶ
3406 5235 3478 5288 τὰ
3504 5235 3567 5286 ὲν
3597 5232 3780 5285 Donax

2197 5331 2404 5383 ἔκτισε.

517 5428 630 5475 tate
655 5437 684 5474 a
713 5418 901 5475 divino
937 5415 1198 5473 mandato
1240 5417 1541 5477 recederet,
1615 5415 1775 5487 173
1831 5422 2298 5490 eorruptionique
2364 5417 2733 5482 addiceretur,
2812 5416 3022 5472 idcirco
3094 5410 3160 5471 ad
3208 5414 3563 5471 commodum
3603 5410 3786 5484 ipsius

520 5523 702 5576 usum,
730 5519 928 5565 cuncta
953 5524 1075 5581 quae
1107 5519 1218 5562 tum
1247 5508 1302 5562 in
1332 5509 1492 5574 cmlo,
1528 5517 1641 5562 tum
1673 5511 1731 5581 in
1762 5518 1909 5565 terra
1945 5521 1999 5567 et
2030 5515 2081 5567 in
2123 5520 2284 5588 aquis
2310 5522 2465 5575 sum,
2500 5511 2830 5582 procreavit.
2886 5508 2910 5525 "

588 5619 633 5650 “
661 5619 784 5702 Viti.
822 5622 1006 5702 ξινὲιι.
1039 5626 1140 5702 lib1
1175 5643 1234 5679 ιι.
1314 5627 1358 5657 ’⁵
1382 5625 1521 5680 Gen.
1558 5640 1595 5690 ι,
1645 5627 1690 5680 ι.
1770 5628 1815 5658 ’⁸
1843 5629 1991 5688 Psal.
2018 5647 2217 5702 cuxv,
2254 5633 2306 5688 6.

520 5704 655 5740 um
701 5690 756 5740 ‘2.
833 5690 876 5722 ³ο
906 5690 1085 5756 Genu,
1110 5694 1164 5747 2.

2413 5632 2458 5662 "
2490 5629 2596 5685 Job
2629 5645 2779 5697 τινι,
2809 5629 2863 5684 7.
2971 5628 3172 5703 ’{Psal
3225 5638 3408 5692 ιιιιιν,
3435 5622 3493 5679 4.
3567 5617 3785 5675 αθιιεειι.
