3996 6166
359 319 462 382 909

1402 314 1498 372 DE
1533 308 1712 373 FIDE
1746 309 2202 372 ORTHODO'XA
2243 311 2389 372 LIB.
2437 313 2496 372 II

3494 306 3597 371 910

427 427 541 499 Πρὸ
584 423 683 502 μὲν
713 421 806 478 οὖν
843 424 942 493 τῆς
977 423 1340 495 παραϐάσεως
1365 465 1377 486 ,
1416 425 1593 476 πάντα
1642 422 1926 493 ὑποχείρια

2107 423 2325 476 Homini
2365 425 2626 494 quondam
2656 425 2909 491 parebant
2957 422 3156 476 omnia.
3181 448 3252 459 —-
3285 418 3350 472 Et
3380 420 3598 488 quidem

355 519 436 589 τῷ
465 515 736 590 ἀνθρώπῳ
766 513 854 586 ἦν.
888 517 1160 586 ’Ἄρχοντα
1191 515 1298 585 γὰρ
1349 516 1513 568 αὐτὸν
1539 515 1869 585 κατέστησεν
1902 517 1928 568 6

356 611 488 673 Θεὸς
551 609 766 662 πάντων
809 607 916 660 τῶν
957 608 1014 658 ἐν
1047 609 1112 676 τῇ
1151 609 1222 677 γῇ
1263 607 1357 660 καὶ
1389 607 1448 658 ἐν
1473 609 1585 668 τοῖς
1611 605 1799 659 ὕδασιο
1836 606 1930 659 καὶ

354 705 383 756 6
415 702 540 770 ὄφις
561 700 672 770 (G9)
697 700 750 752 δὲ
783 698 1021 768 συνήθης
1053 697 1130 768 τῷ
1162 697 1436 768 ἀνθρώπῳ
1463 695 1552 768 ἦν,
1590 699 1789 768 μᾶλλον
1821 697 1930 751 τῶν

357 793 533 846 ἄλλων
563 790 713 859 αὐτῷ
748 789 1186 860 προσερχόμενος
1217 830 1230 851 ,
1262 790 1356 842 καὶ
1384 792 1634 857 τερπνοῖς
1663 805 1930 859 προσομι-

356 883 466 936 λῶν
510 883 624 942 τοῖς
671 879 988 949 κινήμασιν.
1014 879 1176 931 Ὅθεν
1198 877 1266 930 δι’
1297 877 1462 931 αὐτοῦ
1491 876 1589 947 τὴν
1615 878 1882 947 κακίστην
1907 881 1934 931 6

361 973 670 1044 ἀρχέκακος
703 970 945 1034 διάϐολος
977 970 1264 1040 ὑποθήκην
1289 971 1400 1031 τοῖς
1426 969 1802 1040 προπάτορσιν
1823 972 1937 1022 εισ-

267 1102 270 1106 .
365 1067 634 1135 ηγήσατο.
687 1063 798 1115 Καὶ
859 1063 893 1132 ἡ
944 1062 1016 1130 γῆ
1061 1061 1117 1114 δὲ
1174 1061 1456 1132 αὐτομάτη
1515 1061 1640 1123 τοὺς
1694 1062 1937 1132 καρποὺς

363 1158 545 1224 ἔφερε,
570 1152 708 1224 πρὸς
730 1152 920 1224 χρείαν
945 1153 1054 1206 τῶν
1081 1151 1408 1221 ὑποχειρίων
1447 1149 1594 1220 αὐτῷ
1627 1151 1781 1214 ζώων
1803 1166 1818 1179 ·
1844 1155 1939 1205 καὶ

351 1240 486 1297 ὀὔτε
505 1243 710 1313 ὕμϐρος
725 1239 792 1312 ἦν
819 1245 884 1312 τῇ
905 1244 997 1312 γῇ,
1017 1239 1140 1295 οὔτε
1157 1239 1382 1311 χειμών.
1401 1241 1554 1294 Μετὰ
1575 1241 1632 1294 δὲ
1644 1240 1742 1312 τὴν
1762 1241 1941 1313 παρά-

363 1335 542 1394 ϐασιν,
575 1333 759 1401 ἡνίκα
809 1330 1315 1400 παρασυνεϐλήθη
1358 1331 1485 1397 τοῖς
1540 1331 1789 1398 κτήνεσι
1817 1332 1942 1398 τοῖς

363 1423 663 1490 ἀνοήτοις,
694 1422 792 1478 καὶ
815 1422 1080 1491 ὡμοιώθη
1107 1421 1531 1493 ιιὺτοῖς,ἇρχειν
1555 1423 1613 1476 ἐν
1645 1422 1821 1492 ἑαυτῷ
1846 1424 1944 1494 τὴν

363 1515 557 1582 ἄλογον
610 1513 910 1584 ἐπιθυμίαν
961 1510 1055 1566 τοῦ
1089 1513 1310 1582 λογικοῦ
1352 1512 1445 1566 νοῦ
1489 1515 1940 1582 παρασκευάσας,

366 1605 649 1673 παρήκοος
676 1603 775 1671 τῆς
809 1601 903 1656 τοῦ
942 1602 1213 1655 Δεσπότου
1258 1601 1479 1671 ἐντολῆς
1507 1603 1817 1671 γενόμενος,
1846 1605 1946 1656 ἐπ-

365 1693 564 1764 ανέστη
597 1693 674 1763 τῷ
716 1693 819 1746 ὑπὸ
851 1693 944 1746 τοῦ
991 1692 1332 1764 Δημιουργοῦ
1366 1693 1797 1764 χειροτονηθέντι
1843 1694 1943 1765 ἄρο

2031 522 2158 566 ante
2209 514 2760 580 prtevarieationem,
2810 512 2948 566 nihil
2992 519 3112 564 erat
3164 509 3309 579 quod
3363 509 3600 565 hominis

2033 599 2261 668 imperio
2286 600 2563 653 subditum
2605 616 2712 654 non
2747 610 2914 655 esset.
2945 599 3209 669 Princeps
3237 599 3442 669 quippe
3465 612 3604 652 con-
3670 647 3673 650 .

2034 691 2260 745 Stitutus
2299 705 2327 743 a
2379 690 2486 745 Deo
2519 690 2718 757 fueral,
2753 691 2998 744 omnium
3035 701 3145 743 tam
3182 706 3305 758 quae
3339 691 3393 744 in
3429 697 3603 754 terra,

2034 799 2197 854 quam
2231 798 2351 853 quae
2399 785 2450 836 in
2496 786 2656 852 aquis
2688 783 2913 854 degunt.
2944 783 3087 847 Quin
3119 796 3344 850 serpens
3388 795 3608 851 quoque

2036 876 2246 930 homini
2280 875 2569 930 familiaris
2598 883 2739 940 erat,
2761 884 2818 928 ut
2848 890 2956 944 pra:
2989 876 3204 929 caeteris
3233 874 3608 928 animantibus

2038 969 2104 1020 ad
2145 983 2269 1022 eum
2305 967 2593 1022 accederet
2620 1008 2634 1032 ,
2671 968 2998 1036 blandisque
3049 968 3290 1022 molibus
3341 979 3466 1020 cum
3514 965 3608 1018 illo

2039 1059 2200 1128 quasi
2230 1067 2658 1114 conversaretur
2700 1059 2767 1112 ³¹.
2806 1057 2948 1114 Hinc
3008 1057 3217 1112 factum
3259 1067 3346 1113 est
3392 1065 3452 1111 ut
3482 1055 3608 1110 mali

2042 1159 2239 1204 auctor
2263 1150 2519 1205 diabolus
2550 1152 2726 1221 ipsius
2764 1165 2931 1221 opera
2959 1151 3256 1220 pessimam
3286 1147 3613 1220 primigenis

2042 1241 2369 1312 parentibus
2399 1253 2610 1296 Struem
2645 1249 2893 1297 necteret
2915 1242 2982 1296 ".
3028 1242 3196 1296 Terra
3229 1241 3460 1310 insuper
3499 1237 3614 1292 l‘ru-

2037 1341 2184 1396 etus,
2214 1332 2416 1401 quibus
2447 1333 2770 1399 animantia,
2806 1323 2927 1402 qure
2966 1333 3045 1385 illi
3087 1332 3376 1401 parebant,
3403 1329 3615 1383 aleren-

2045 1433 2158 1489 tur,
2186 1432 2382 1494 sponte
2440 1423 2778 1493 proferebat.
2829 1423 3015 1494 Neque
3053 1433 3168 1486 tum
3206 1423 3403 1483 imber,
3441 1434 3618 1489 neque

2049 1515 2228 1571 hiems
2261 1525 2353 1570 aut
2389 1525 2692 1586 tempestas
2744 1525 2886 1571 erat.
2935 1517 3004 1569 At
3051 1526 3176 1585 post
3219 1513 3620 1584 transgressio-

2046 1621 2193 1670 nem,
2231 1608 2450 1677 quando
2483 1617 2824 1677 comparatus
2851 1616 2928 1661 est
2942 1607 3199 1677 jumentis
3230 1604 3619 1673 insipientibus.

2049 1708 2095 1750 et
2122 1697 2315 1751 similis
2352 1698 2526 1766 factus
2555 1706 2632 1752 est
2664 1699 2736 1752 eis
2767 1697 2843 1766 3’;
2881 1713 3004 1752 cum
3039 1698 3198 1752 herili
3234 1697 3440 1752 violato
3480 1710 3622 1766 prae-

366 1801 535 1854 χοντι,
571 1784 604 1853 ἡ
635 1783 947 1852 ὑποχείριος
974 1781 1178 1845 κτίσις’
1210 1782 1306 1835 καὶ
1340 1782 1508 1852 ἐτάγη
1548 1783 1605 1835 ὲν
1638 1781 1823 1854 ἱδρῶτι
1853 1781 1941 1853 ὲρ-

2062 1796 2224 1856 reple,
2244 1788 2316 1841 ita
2346 1802 2407 1842 se
2430 1794 2828 1857 comparasset,
2847 1794 2907 1840 ut
2927 1787 3089 1841 bruta
3107 1785 3382 1858 cupiditas
3414 1786 3624 1841 ratione

365 1873 631 1942 γάξεσθαι
665 1875 764 1946 τὴν
808 1874 928 1944 γῆν,
963 1872 1024 1938 ἐξ
1053 1868 1121 1946 ἧς
1145 1872 1380 1944 ἐλήφθη.

2050 1875 2296 1960 praeditas
2351 1877 2517 1930 menti
2551 1891 2693 1929 .sure
2757 1875 3160 1940 dominaretur,
3221 1886 3334 1928 tum
3393 1873 3624 1928 subditas

368 1974 636 2020 creaturae
665 1965 732 2020 ab
757 1965 878 2036 ipso
899 1962 1240 2029 deiecerunt,
1273 1963 1366 2034 qui
1403 1961 1662 2032 princeps
1692 1961 1936 2032 ipsarum
1983 1974 2204 2020 creatus
2261 1980 2291 2018 a
2325 1964 2437 2020 Deo
2467 1965 2674 2032 fuerat;
2746 1976 2910 2036 atque
2965 1979 3030 2020 eo
3062 1967 3317 2020 redactus
3341 2005 3354 2026 ,
3404 1973 3465 2018 ut
3517 1971 3624 2019 ter-

375 2072 492 2112 ram
529 2056 598 2111 de
628 2072 735 2126 qua
764 2062 1020 2125 sumptus
1064 2064 1204 2117 erat,
1238 2069 1360 2110 cum
1416 2051 1715 2110 sudoribus
1763 2053 1946 2107 colere
1973 2054 2167 2124 jussus
2190 2056 2282 2112 sit.

451 2148 593 2201 Ἀλλ’
635 2147 759 2200 οὐδὲ
805 2146 902 2200 νῦν
937 2146 1211 2217 ἄχρηστος
1255 2146 1290 2214 ἠ
1332 2144 1442 2197 τῶν
1473 2144 1681 2214 θηρίων
1729 2144 1954 2214 χρῆσις,

368 2238 701 2308 ’ἐκφοϐοῦ-σα,
728 2238 821 2291 καὶ
861 2237 997 2309 πρὸς
1049 2235 1347 2305 ἐπίγνωσιν
1375 2276 1388 2300 ,
1416 2237 1510 2288 καὶ
1541 2233 1832 2304 ἐπίκλησιν
1859 2233 1954 2287 τοῦ

372 2331 738 2400 πεποιηκότος
785 2330 1030 2400 φέρουσα
1075 2327 1234 2382 Θεοῦ.
1266 2325 1433 2398 Καλή
1478 2323 1691 2378 ἄκανθα
1723 2324 1781 2380 δὲ
1815 2325 1954 2394 μετὰ

370 2421 471 2491 τὴν
505 2419 816 2490 παράϐασιν
845 2419 1013 2487 ἐξέφυ
1040 2418 1142 2487 τῆς
1179 2419 1284 2486 γῆς
1307 2417 1449 2470 κατὰ
1480 2415 1579 2484 τὴν
1615 2415 1712 2467 τοῦ
1747 2415 1954 2485 Κυρίου

374 2514 704 2583 ἀπόφανσιν,
754 2509 874 2583 μεθ’
914 2511 984 2583 ἢν
1033 2499 1385 2580 συνεζεύχθη,
1422 2509 1517 2562 καὶ
1558 2509 1624 2578 τῇ
1656 2507 1954 2560 ἀπολαύσει

373 2602 465 2658 τοῦ
491 2603 642 2674 ῥόδου
671 2604 703 2673 ὴ
735 2600 965 2662 ἄκανθα,
999 2599 1080 2662 είς
1110 2599 1418 2670 ὑπόμνησιν
1448 2597 1550 2666 τῆς
1588 2597 1954 2670 παραϐάσεως

375 2697 523 2765 ἡμᾶς
569 2695 800 2762 ἄγουσα,
827 2692 894 2745 δι’
925 2691 994 2762 ἣν
1047 2690 1291 2752 ἀκάνθας
1346 2688 1442 2743 καὶ
1473 2687 1755 2760 τριϐόλους
1811 2689 1838 2760 ἡ
1879 2689 1950 2759 γῆ

375 2785 691 2840 ἀνατέλλειν
723 2784 856 2853 ἡμῖν
894 2781 1283 2850 κατεδικάσθη.

2124 2147 2407 2215 Deﬁcienle
2454 2147 2548 2200 illo
2586 2147 2952 2224 .rebellarunt.
3008 2145 3162 2201 Ferte
3213 2157 3338 2215 quia
3368 2144 3628 2199 commodi

2055 2239 2307 2308 a/I‘erant.
2337 2267 2406 2284 --
2435 2238 2779 2309 Quanquam,
2817 2253 2886 2293 ne
2916 2253 3065 2292 nunc
3092 2237 3315 2307 quidem
3349 2236 3623 2308 ejusmodi

2053 2330 2182 2390 ferae
2221 2336 2385 2392 sunt,
2431 2339 2490 2383 ut
2542 2329 2690 2384 nulla
2740 2345 2805 2385 ex
2857 2329 2938 2385 eis
2993 2329 3206 2384 utilitas
3247 2330 3368 2399 capi
3427 2335 3622 2399 queat:

2053 2421 2259 2491 quippe
2287 2436 2410 2490 quae
2443 2429 2708 2478 terrorem
2755 2421 2964 2478 ho‘mini
3017 2420 3356 2484 incutiendo,
3389 2434 3512 2476 eum
3557 2418 3626 2474 ad

2063 2509 2158 2564 Dei
2199 2512 2507 2567 conditoris
2563 2514 2923 2582 agnitionem,
2971 2512 3204 2583 ejusque
3249 2525 3409 2582 opem
3441 2511 3633 2580 implo-

2064 2600 2292 2655 randam
2346 2599 2672 2658 addueunt.’
2698 2604 2931 2678 InStIper
2963 2612 3089 2674 post
3126 2611 3369 2675 spretum
3405 2601 3632 2656 manda-

2061 2700 2202 2754 tum,
2256 2693 2412 2762 spina
2463 2708 2704 2764 quoque,
2749 2695 2905 2766 juxta
2955 2693 3168 2751 Domini
3219 2692 3548 2751 sententiam
3601 2707 3634 2746 e

2059 2790 2205 2838 terra
2231 2786 2512 2853 prodiens,
2533 2787 2837 2843 amoenitati
2868 2802 3010 2844 rosae
3039 2788 3336 2858 conjuncta
3365 2786 3489 2853 fuit,
3509 2799 3634 2854 quae

377 2871 669 2934 refricaret
707 2877 867 2930 nobis
901 2873 1225 2929 memoriam
1279 2873 1763 2944 transgressionis,
1809 2884 2036 2944 propter
2071 2893 2235 2946 quam
2282 2888 2429 2934 terra
2487 2880 2714 2936 multata
2780 2874 2904 2950 fuit,
2969 2889 3030 2936 ut
3077 2882 3267 2952 spinas
3307 2889 3361 2938 et
3402 2879 3634 2936 tribulos

379 2970 540 3024 nobis
572 2967 840 3038 proferret
865 2965 933 3017 ⁸⁵.

451 3059 575 3110 Ὅτι
631 3058 728 3127 μὲν
760 3057 935 3109 ταῦτα
989 3055 1164 3118 οὕτως
1209 3055 1325 3124 ἔχει
1365 3055 1682 3108 πιστευτέον
1706 3097 1720 3120 ,
1752 3056 1818 3108 ἐκ
1861 3055 1954 3108 τοῦ

384 3149 545 3221 μέχρι
576 3146 706 3211 νῦν,
741 3147 840 3216 τὴν
887 3144 1092 3198 τούτων
1138 3142 1401 3215 διαμονὴν
1449 3143 1691 3214 ἐνεργεῖν
1736 3144 1830 3197 τὸν
1858 3143 1958 3196 τοῦ

2140 3055 2232 3110 Dei
2265 3057 2414 3111 verba
2441 3074 2540 3110 sua
2581 3058 2767 3127 cuique
2796 3060 2870 3113 rei
2900 3061 2976 3124 eis
3018 3061 3210 3113 indita.
3252 3089 3316 3102 -ν-
3345 3060 3498 3125 Quod
3539 3074 3638 3116 au-

2067 3154 2172 3200 tem
2223 3145 2338 3200 haec
2390 3147 2464 3200 ita
2511 3161 2570 3201 se
2622 3147 2901 3208 habeant.
2959 3148 3087 3202 hinc
3135 3149 3270 3202 ﬁdes
3334 3149 3634 3210 astruitur,

384 3220 588 3311 Κυρίου
620 3239 797 3308 λόγον,
831 3236 890 3290 ὃν
931 3235 1064 3306 ἔφη·
1109 3233 1497 3300 Ἁυξάνεσοε,
1527 3234 1627 3288 καὶ
1660 3234 1951 3301 πληθύνε-

2064 3233 2210 3304 quod
2239 3250 2325 3293 ea.
2358 3250 2710 3306 perseverare
2741 3243 2963 3306 prmstct
2992 3235 3206 3290 Domini
3237 3251 3444 3300 sermo,
3474 3251 3636 3307 quem

381 3337 514 3398 σθε,
545 3331 645 3385 καὶ
675 3328 1037 3399 πληρώσατε
1057 3326 1171 3394 τὴν
1196 3324 1338 3394 γῆν.

454 3511 781 3584 Σφαιροειδῆ
811 3509 868 3563 δέ
894 3507 1040 3571 τινές
1075 3523 1206 3575 φασι
1251 3502 1350 3576 τὴν
1377 3504 1501 3574 γῆν,
1537 3502 1717 3573 ἕτεροι
1750 3503 1803 3555 δὲ
1853 3518 1963 3555 κω-

389 3605 590 3675 νοειδῆ.
614 3605 830 3656 "Ihth
861 3601 917 3654 δὲ
964 3599 1057 3654 καὶ
1109 3599 1248 3653 πάνυ
1283 3596 1401 3650 ἐστὶ
1445 3594 1542 3649 τοῦ
1574 3591 1808 3665 οὐρανοῦ
1837 3610 1963 3662 σμι-

386 3696 644 3767 κροτέρα,
677 3691 866 3762 ὥσπερ
921 3706 1006 3753 τις
1061 3686 1262 3757 στιγμὴ
1314 3687 1374 3738 ἐν
1416 3685 1566 3756 μέσῳ
1600 3684 1793 3737 τούτου
1834 3701 1963 3754 κρε-

387 3786 629 3857 μαμένη.
661 3783 770 3836 Καὶ
821 3779 958 3851 αύτὴ
1007 3779 1064 3833 δὲ
1113 3778 1536 3849 παρελεύσεται,
1581 3775 1674 3829 καὶ
1729 3771 1966 3845 ἀλλαγή-

385 3895 560 3932 σεται.
611 3874 897 3944 Μακάριος
950 3872 1006 3926 δέ
1041 3872 1190 3924 ἐστιν
1221 3871 1250 3923 ὁ
1290 3868 1390 3940 τὴν
1422 3868 1533 3921 τῶν
1591 3867 1814 3939 πραέων
1858 3865 1964 3938 γῆν

383 3967 762 4040 κληρονομῶν.
822 3965 891 4018 Ἢ
938 3963 1048 4033 γὰρ
1105 3962 1379 4034 μέλλουσα
1432 3960 1560 4022 τοὺς
1605 3959 1797 4028 ἁγίους
1828 3960 1962 4012 ὐπο-

386 4060 638 4131 δέχεσθαι
691 4059 783 4128 γῆ,
819 4054 1090 4118 ἀθάνατός
1144 4055 1262 4106 ἔστι
1305 4069 1318 4082 ο
1365 4051 1450 4114 τίς
1503 4045 1597 4104 οὖν
1643 4051 1808 4118 ἀξίως
1866 4052 1965 4121 τὴν

387 4152 612 4220 ἄπειρόν
638 4168 698 4202 τε
731 4149 828 4202 καὶ
851 4145 1234 4214 ἀκατάληπτον
1268 4141 1362 4196 τοῦ
1391 4141 1738 4213 Δημιουργοῦ
1773 4144 1965 4219 σοφίαν

386 4241 720 4312 θαυμάσειεν
760 4240 875 4306 ςἮ
920 4237 1002 4302 τίς
1068 4236 1170 4306 τῆς
1236 4235 1556 4307 πρεπούσης
1615 4235 1968 4306 εὐχαριστίας

385 4329 628 4400 ἐφίκοιτο
653 4330 747 4382 τοῦ
770 4327 994 4399 ϐοτῆρος
1035 4323 1142 4378 τῶν
1171 4323 1444 4378 τοσούτων
1473 4323 1722 4392 ἀγαθῶν.

458 4508 617 4582 [(70)
649 4507 775 4561 Εἰσὶ
824 4505 881 4558 δὲ
940 4507 996 4560 αἱ
1027 4479 1360 4571 γνωσθεῖσαι
1411 4502 1672 4572 ὲπαρχίαι
1729 4501 1830 4571 τῆς
1865 4499 1967 4569 γῆς

380 4602 502 4672 ἦτοι
535 4596 868 4670 σατραπίαιο
898 4593 1172 4665 Εὐρώπης
1198 4592 1296 4663 μὲν
1321 4590 1391 4644 λδ¹
1425 4607 1439 4621 °
1481 4592 1668 4654 Ἀσίας
1707 4591 1765 4643 δὲ
1805 4590 1966 4660 ἠπεί-

384 4711 479 4766 ρου
530 4690 778 4764 μεγάλης
828 4687 1090 4760 ἐπαρχίαι
1145 4691 1266 4756 μην·
1301 4683 1524 4747 κανόνες
1564 4680 1681 4755 ιβ’.]

874 4868 1124 4920 ΚΕΦΛΛ.
1175 4861 1254 4918 lA'
1290 4861 1467 4934 [κη

895 4960 1035 5028 Περὶ
1072 4956 1464 5026 παραδείσου.

468 5052 680 5123 Ἐπειδὴ
707 5054 764 5108 δὲ
789 5051 1017 5125 ἔμελλεν
1037 5051 1066 5103 6
1085 5048 1241 5113 Θεὸς,
1257 5046 1318 5111 ἐξ
1346 5044 1550 5118 ὁρατῆς
1573 5063 1632 5098 τε
1674 5045 1769 5098 καὶ
1795 5043 1951 5114 ἀορά-

463 5163 512 5234 ξῖ
537 5163 694 5234 Βιιεῑι
720 5165 870 5218 hom.
900 5165 964 5219 de
996 5161 1252 5234 parad._:
1287 5160 1331 5191 "
1367 5159 1624 5234 (ianum,
1651 5158 1701 5234 l.

387 5231 542 5288 etas.
585 5234 629 5264 ’⁸
653 5233 838 5288 Matth.
877 5251 925 5298 ιτ,
959 5231 1012 5299 4;

1798 5157 1844 5189 ³³
1870 5159 2016 5213 Psal.
2049 5175 2238 5222 κιιίιι,
2264 5160 2349 5214 Μ.

1100 5233 1142 5264 ³⁷
1202 5229 1436 5284 Method.
1492 5227 1648 5283 Cont.
1683 5228 1835 5298 Orig.
1873 5231 2014 5298 apud
2045 5229 2237 5301 Epiph.
2279 5233 2469 5284 meres.
2506 5229 2597 5281 64.

2065 3325 2470 3393 pronuntiavit,
2507 3323 2757 3392 Crescite,
2786 3335 2834 3379 et
2875 3325 3326 3393 multiplicamini,
3369 3335 3419 3386 et
3447 3325 3641 3396 replete

2065 3420 2266 3466 terram
2295 3413 2362 3466 ⁸⁵.

2141 3507 2311 3559 Terra:
2340 3505 2508 3574 ﬁgura
2553 3503 2835 3576 molesque.
2874 3534 2943 3544 —
2975 3502 3269 3561 Nonnullis
3319 3522 3485 3576 porro
3525 3516 3640 3563 ter-

2067 3611 2182 3650 ram
2241 3611 2369 3653 esse
2419 3597 2715 3652 rotundam
2761 3597 2977 3667 placet:
3011 3596 3138 3654 aliis
3191 3612 3332 3653 cono
3381 3599 3636 3655 similem.

2069 3686 2295 3743 Multum
2333 3697 2482 3743 certe
2522 3689 2664 3744 ctelo
2721 3689 2902 3742 minor
2948 3693 3056 3753 est,
3105 3689 3162 3742 in
3210 3691 3388 3758 ipsius
3449 3699 3643 3744 centro

2068 3779 2243 3833 instar
2278 3780 2469 3848 puncti
2500 3765 2756 3850 appensa.
2793 3777 3059 3834 Cancrum
3101 3779 3220 3850 ipsa
3255 3797 3474 3852 quoque
3506 3798 3640 3852 pra:-

2066 3869 2288 3935 teribit,
2318 3880 2372 3926 et
2404 3871 2809 3938 immutabitur.
2854 3869 3052 3926 Beatus
3081 3879 3264 3927 autem
3297 3873 3388 3928 ille
3415 3881 3520 3938 est,
3548 3875 3641 3942 qui

2065 3960 2374 4030 possidebit
2405 3970 2629 4028 terram,
2660 3977 2781 4032 qua:
2807 3962 3039 4018 mitibus
3063 3964 3401 4033 promittitur
3419 3964 3488 4017 ³⁸.
3513 3965 3595 4030 Qu
3617 3983 3644 4017 υ

2065 4051 2212 4106 enim
2251 4061 2397 4107 terra
2449 4060 2676 4107 sanctos
2717 4063 3046 4123 susceptura
3085 4061 3193 4119 est,
3235 4067 3521 4122 nunquam
3561 4055 3644 4105 iu-

2069 4144 2272 4198 teribit.
2293 4144 2429 4212 Quis
2444 4158 2576 4213 ergo
2596 4143 2860 4198 inﬁnitam
2879 4151 2931 4200 et
2946 4144 3460 4214 incomprehensam
3478 4141 3642 4197 Crea-

2067 4233 2204 4288 toris
2220 4233 2544 4302 sapientiam
2559 4232 2716 4300 tligne
2731 4232 3134 4296 miretur?Quis
3151 4232 3417 4286 bonorum
3434 4232 3643 4285 auetmi

2068 4338 2230 4394 pares
2272 4312 2447 4393 ipsius
2480 4323 2758 4378 beneﬁciis
2790 4330 2972 4392 grates
3005 4322 3308 4390 rependere
3361 4328 3530 4391 queat
3562 4322 3647 4373 '7'!

2143 4413 2328 4485 [Sunt
2377 4428 2545 4483 porro
2601 4427 2744 4482 quas
2802 4413 3100 4475 novimus,
3172 4421 3442 4466 terrarum
3493 4413 3644 4468 orbis

2071 4505 2389 4575 provincia},
2439 4503 2554 4558 sive
2585 4501 2961 4572 praelectum,
2996 4501 3229 4570 Europa:
3267 4501 3492 4572 quidem
3545 4502 3643 4556 tri-

2069 4598 2224 4667 ginta
2261 4603 2316 4650 et
2357 4603 2633 4664 quatuor;
2685 4593 2827 4648 Asiae
2869 4593 3210 4649 continentis
3253 4593 3644 4663 amplissimae,

2073 4685 2368 4758 provinciae
2394 4683 2761 4755 quadraginta
2790 4693 2936 4752 octo,
2969 4697 3231 4752 canones,
3263 4699 3404 4756 quos
3423 4697 3642 4750 vocant,

2070 4774 2406 4846 duodecim]
2806 4831 2815 4841 .

2713 4864 2867 4919 CAP.
2898 4865 2987 4919 Xl.

2673 4951 2748 5008 De
2768 4955 3042 5021 paradiso.

2140 5045 2441 5102 Paradisus
2501 5046 2729 5101 hominis
2786 5046 2950 5118 regia.
2997 5078 3070 5088 --
3110 5045 3380 5113 Quoniam
3459 5051 3640 5097 autem

2460 5157 2504 5189 “
2530 5157 2877 5212 ltasil.'hom.
2904 5159 2972 5214 de
3000 5160 3188 5228 parad.
3265 5158 3309 5190 ³⁵
3337 5155 3474 5210 Gen.
3500 5172 3537 5210 ι.
3573 5155 3644 5209 9?.

1895 5364 2128 5422 NOTAE.

455 5482 566 5556 (69)
606 5480 714 5534 Καὶ
744 5483 778 5532 ό
808 5479 959 5556 ὄφις,
988 5479 1125 5544 Quin
1186 5496 1393 5556 εει-ρεαδ
1444 5477 1812 5556 quoquesﬁltsi
1849 5477 1954 5556 θη-

385 5549 678 5612 tttasccnus
716 5565 840 5603 eum
887 5551 988 5602 hoc
1023 5557 1184 5616 caput
1232 5551 1530 5611 scriberet,
1561 5549 1749 5603 Basilii
1780 5549 1956 5603 homi-

385 5630 515 5681 liam
558 5623 629 5675 De
671 5619 945 5688 paradiso,
980 5632 1090 5688 prze
1133 5620 1309 5672 oculis
1354 5618 1567 5682 habuit,
1601 5634 1724 5672 eum
1772 5630 1954 5674 tamen

380 5703 606 5756 secutus
637 5687 747 5746 non
771 5697 876 5754 est,
909 5687 1000 5743 ubi
1031 5687 1263 5755 dixerat,
1307 5697 1634 5756 serpentem,
1665 5700 1954 5760 antequam

2063 5495 2304 5561 pereunt
2341 5479 2504 5561 primi
2532 5488 2791 5561 parentes
2835 5475 3244 5561 deciperentur,
3275 5486 3440 5561 supra
3475 5475 3647 5544 pedes

2064 5542 2399 5614 an'tbnlass'e,
2441 5542 2687 5618 ipsique‘
2717 5553 2941 5618 propter
2966 5542 3268 5618 boonelas
3298 5542 3518 5600 evulsus
3551 5563 3653 5610 pc-

2063 5619 2160 5673 des
2196 5613 2392 5680 fuisse,
2423 5613 2632 5672 Basilio
2663 5613 2937 5683 Iosephus
2978 5613 3284 5683 praeiverat.

2139 5689 2250 5760 (ἵο)
2291 5688 2417 5745 llaec
2445 5690 2600 5744 solus
2637 5682 2810 5740 habet
2837 5683 2970 5752 Reg.
2995 5682 3152 5738 5431.
