4116 6150
461 316 566 382 915

1668 309 1727 367 S.
1763 307 1798 367 J
1802 305 1951 365 ΟΛΝ
1958 305 2005 365 Ν
2014 304 2086 363 lS
2128 298 2559 367 DAMASCENJ

3609 289 3717 356 916

459 427 729 484 contexit.
754 424 914 490 Nam,
941 425 1035 479 illo
1052 421 1285 477 necdum
1317 420 1627 492 degustato,
1654 420 1820 474 Ambo
1839 419 2033 489 (Adam

2138 414 2297 484 ἔργον
2326 411 2568 482 ἔχοντας,
2591 409 2651 463 τὸ
2696 408 2803 463 τῶν
2833 406 3099 476 ἀγγέλων,
3129 405 3317 474 ὑμνεῖν
3346 402 3597 473 ἁλήκτως
3624 399 3718 456 καὶ

462 520 679 576 scilicet
720 528 777 574 et
819 516 951 585 Eva)
993 513 1123 568 nudi
1156 521 1342 581 erant,
1396 529 1491 568 nec
1538 522 1713 566 tanien
1766 508 2036 565 erubesce-

460 617 589 664 bant
620 609 688 663 “.
728 606 893 662 Tales
927 612 1113 659 autem
1138 618 1241 659 nos
1266 603 1411 658 Deus
1443 617 1568 659 esse
1593 602 1833 664 volebat,
1867 598 2037 654 omni-

460 717 569 772 que
603 698 1013 771 perturbatione
1045 710 1246 751 vacare
1279 713 1290 748 :
1323 694 1530 765 quippe
1569 692 1719 763 quod
1762 691 1932 745 animi
1964 690 2036 745 ab

454 790 607 847 omni
643 788 886 844 libidinis
909 786 1105 843 aﬂ‘ectu
1136 784 1486 840 remotissimi
1510 789 1890 852 argumentum
1915 787 2034 845 est;

458 887 820 950 acpraeterea',
844 876 1301 933 utsollicitudine
1326 875 1474 930 omni
1503 882 1778 940 carentes,
1804 873 1859 926 in
1888 869 2035 925 aliud

456 986 599 1041 opus
629 983 739 1024 non
768 966 1236 1029 incumberemus,
1266 964 1374 1019 nisi
1405 962 1553 1033 quod
1576 962 1893 1032 angelorum
1927 967 2032 1025 est;

459 1077 654 1132 nempe
692 1070 755 1115 ut
786 1066 1092 1116 creatorem
1126 1057 1406 1128 perpetuis
1440 1054 1701 1112 laudibus
1726 1054 2034 1110 celebrare-

460 1171 601 1218 mus,
627 1154 795 1224 inque
818 1151 940 1221 eius
960 1149 1426 1218 contemplatione
1448 1148 1875 1213 oblectaremur,
1900 1160 2034 1201 cura

459 1246 611 1300 omni
665 1259 832 1316 super
877 1259 1002 1299 eum
1053 1242 1297 1313 jactata;
1357 1240 1508 1295 velut
1562 1255 1659 1310 per
1709 1239 2034 1309 prOphetam

460 1334 628 1390 David
664 1334 752 1390 his
781 1333 966 1391 verbis
1005 1332 1308 1387 declaravit
1338 1348 1354 1384 :
1381 1327 1543 1383 Jacta
1566 1345 1723 1398 super
1754 1327 2034 1383 Dominum

459 1440 646 1479 curam
688 1432 854 1487 tuam,
895 1431 946 1476 et
987 1422 1098 1490 ipse
1149 1431 1196 1475 te
1241 1421 1470 1476 enutriet
1500 1419 1566 1473 ".
1601 1417 1659 1472 In
1720 1418 2034 1489 Evangeliis

461 1525 682 1587 quoque
737 1514 1045 1585 discipulos
1094 1528 1227 1569 suos
1270 1512 1506 1576 docens,
1538 1510 1658 1565 ait:
1697 1509 1779 1565 Ne
1816 1509 2033 1565 solliciti

460 1608 578 1663 sitis
608 1608 804 1662 animae
848 1615 1034 1661 vestrae
1071 1607 1199 1674 quid
1235 1603 1585 1659 manducetis.
1625 1619 1787 1673 neque
1825 1603 2036 1672 corpori

460 1708 632 1754 vestro
671 1699 798 1769 quid
832 1696 1132 1752 induamini
1156 1696 1224 1750 “.
1262 1695 1343 1751 Ac
1380 1710 1617 1750 rursus:
1652 1695 1885 1762 Quaerite
1920 1696 2033 1763 pri-

2140 506 2500 569 ἀδιαλείπτως
2523 504 2613 556 τὸν
2652 502 2933 566 κτίσαντα,
2971 500 3065 553 καὶ
3095 498 3194 568 τῆς
3226 495 3394 551 αὐτοῦ
3438 510 3718 565 κατατρυ-

2137 602 2244 673 φᾷν
2268 598 2523 672 θεωρίας,
2547 595 2639 651 καὶ
2667 594 2816 665 αὑτῷ
2858 593 3204 665 ἐπιρρίπτειν
3251 590 3353 661 τὴν
3382 587 3592 642 ἑαυτῶν
3618 588 3735 659 μέο.

2139 707 2377 765 ριμναν·
2417 690 2554 762 ὅπερ
2597 689 2691 743 καὶ
2737 687 2823 740 διὰ
2875 686 3158 755 προφήτου
3188 680 3351 734 Δαδὶδ
3394 679 3530 750 πρὸς
3570 680 3718 751 ἡμᾶς

2138 783 2524 854 ἀπεφθέγξατο
2560 798 2575 813 ’
2607 780 2963 848 Ἐπίρῤιψον
3001 776 3100 830 ἐπὶ
3149 774 3371 842 Κύριον
3395 771 3512 840 τὴν
3553 775 3715 840 μέρι-

2129 874 2295 946 μνάν
2322 891 2461 938 σου,
2493 873 2685 941 λέγων,
2717 870 2814 924 καί
2837 869 3019 934 αὑτός
3058 882 3131 921 σε
3168 862 3496 933 διαθρέψει.
3520 863 3630 917 Καὶ
3660 863 3717 914 ὲν

2137 968 2247 1032 τοῖς
2295 964 2655 1034 Εὑαγγ-ελίοις
2705 962 2832 1025 τοὺς
2864 959 3100 1021 οἰκείους
3156 955 3405 1028 μαθητὰς
3450 953 3717 1008 διδάσκων

2137 1058 2302 1129 φησί·
2322 1057 2418 1125 Μὴ
2435 1054 2845 1127 μεριμνήσητε
2873 1050 2947 1120 τῇ
2972 1048 3149 1120 ψυχῇ
3178 1047 3365 1121 ὑμῶν,
3388 1047 3449 1102 τί
3469 1045 3715 1116 φάγητε,

2129 1147 2287 1219 μηδὲ
2323 1146 2402 1213 τῷ
2430 1145 2656 1216 σώματι
2689 1144 2875 1214 ὑμῶν,
2900 1143 2958 1196 τί
2988 1140 3355 1209 ἐνδύσησθε.
3375 1139 3487 1192 Καὶ
3520 1135 3680 1191 πάλιν
3700 1151 3715 1166 ο

2126 1239 2351 1295 Αἰτεῖτε
2384 1237 2500 1307 τὴν
2523 1236 2854 1303 ,βασιλείαν
2880 1232 2989 1288 τοῦ
3014 1231 3186 1295 Θεοῦ,
3214 1230 3313 1283 καί
3358 1228 3474 1296 τὴν
3501 1228 3720 1282 delato--

2136 1332 2340 1400 σύν-ην
2377 1329 2589 1393 αὐτοῦ,
2621 1327 2721 1381 καὶ
2770 1324 2960 1380 ταῦτα
3005 1321 3204 1376 πάντα
3240 1318 3717 1389 προστεθήσεται

2135 1424 2298 1493 ὑμῖν.
2340 1422 2452 1477 Καὶ
2492 1420 2630 1491 πρὸς
2661 1420 2761 1491 τὴν
2790 1416 3022 1489 Μάρθαν
3045 1432 3061 1449 ·
3101 1413 3330 1482 Μάρθα,
3359 1411 3587 1480 Μάρθα,
3613 1425 3717 1479 με·

2127 1514 2372 1587 ριμνᾷς,
2400 1513 2501 1569 καὶ
2552 1510 2806 1583 τυρόἁζῃ
2838 1508 2971 1578 περὶ
3011 1505 3246 1562 πολλὰ·
3285 1502 3425 1569 ἐνὸς
3466 1500 3537 1555 δέ
3584 1500 3717 1555 ἐστι

2138 1605 2331 1674 χρεία.
2360 1605 2559 1673 Μαρία
2583 1602 2694 1673 τὰρ
2726 1600 2843 1667 τὴν
2885 1596 3119 1667 ἀγαθὴν
3139 1594 3355 1665 μερίδα
3374 1590 3718 1656 ἐξελέξατο,

2138 1694 2272 1765 ἥτις
2305 1697 2417 1751 οὐκ
2472 1690 2934 1764 ἀφαιρεθήσεται
2963 1688 3067 1745 ἀπ’
3103 1685 3323 1754 αὐτῆς-ο
3356 1685 3420 1738 τὺ
3448 1684 3722 1754 καθῆσθαι

460 1804 603 1842 mum
622 1803 835 1857 regnum
883 1786 1000 1853 Dei,
1042 1796 1091 1840 et
1112 1785 1385 1854 justitiam
1432 1785 1569 1855 ejus,
1611 1794 1662 1839 et
1711 1785 1822 1839 lucc
1859 1784 2035 1838 omnia

2138 1758 2381 1860 δτιλονότι
2435 1758 2588 1862 παρὰ
2612 1758 2757 1852 ’τοὺς
2805 1785 2975 1847 πόδας
3009 1781 3198 1849 αὐτοῦ,
3228 1782 3324 1835 και
3362 1780 3586 1835 ἀκούειν
3614 1779 3723 1832 τῶν

460 1880 779 1949 adjiclentur
800 1878 947 1934 vobis
979 1877 1046 1931 δι.
1079 1878 1147 1932 Ει
1177 1878 1242 1933 ad
1275 1876 1547 1932 Martham
1588 1876 1756 1932 verba
1788 1875 2035 1933 faciens:

2147 1882 2323 1952 λόγων
2342 1881 2531 1938 αὐτοῦ.

461 1972 699 2039 Martha,
737 1972 984 2037 Martha,
1002 1971 1239 2027 sollicita
1267 1987 1344 2037 es,
1389 1982 1441 2026 et
1495 1971 1728 2026 turbaris
1758 1988 1886 2041 erga
1909 1972 2181 2042 plurima:
2215 1992 2375 2046 porro
2424 1992 2588 2032 unum
2638 1987 2719 2032 est
2785 1973 3165 2031 necessarium.
3230 1968 3413 2025 Maria
3464 1970 3720 2038 optimam

459 2077 663 2136 partem
694 2065 874 2136 elegit,
912 2081 1030 2135 qua:
1061 2082 1164 2120 non
1191 2066 1463 2136 auferetur
1488 2064 1553 2121 ab
1591 2082 1657 2121 ea
1682 2065 1758 2134 lu‘;
1796 2066 1900 2122 hoc
1933 2077 2045 2135 est,
2081 2080 2140 2125 ut
2191 2072 2409 2130 Domini
2453 2072 2687 2145 pedibus
2732 2072 2997 2138 assideat,
3071 2069 3360 2140 ipsiusque
3440 2080 3725 2123 sermones

460 2154 668 2210 audiat.

534 2249 706 2303 Arbor
733 2248 854 2304 uitta
879 2286 895 2313 ,
927 2248 1065 2304 unde
1097 2248 1259 2305 dicta.
1314 2249 1605 2308 Paradisus
1651 2252 1912 2309 sensibilis
1936 2292 1952 2320 ,
1985 2264 2035 2309 et

459 2339 744 2411 spiritalis.
780 2338 1007 2410 Lignum
1038 2340 1158 2396 vita
1186 2356 1249 2395 ac
1282 2340 1485 2410 lignum
1520 2357 1692 2397 omne.
1717 2373 1787 2387 -η-
1809 2343 1877 2399 At
1906 2358 2037 2399 vero

461 2433 629 2488 arbor
662 2432 821 2497 vitae,
861 2439 957 2485 aut
987 2430 1262 2501 ejusmodi
1295 2438 1453 2495 erat,
1498 2438 1558 2486 ut
1598 2432 1766 2487 vitam
1808 2430 2035 2487 confer-

462 2533 579 2592 rct,
608 2533 707 2578 aut
752 2538 862 2594 qua
914 2523 992 2579 illi
1040 2524 1135 2594 qui
1167 2523 1316 2595 digni
1345 2532 1530 2579 essent
1554 2564 1569 2591 ,
1605 2540 1706 2579 nec
1738 2525 1897 2580 morti
1933 2527 2035 2580 ob-

462 2615 652 2679 noxii,
684 2614 833 2670 vesci
869 2621 1116 2685 possent.
1166 2612 1432 2669 Nonnulli
1489 2629 1655 2685 porro
1712 2614 2034 2685 paradisum

461 2706 780 2764 sensibilem
819 2705 989 2762 fuisse
1021 2705 1228 2774 opinati
1263 2713 1395 2760 sunt
1415 2704 1461 2738 “l
1485 2723 1507 2774 ;
1528 2706 1619 2760 alii
1642 2698 2039 2778 contra'spiri-

461 2800 663 2865 talem,
698 2807 754 2856 et
782 2798 878 2870 qui
911 2798 1029 2853 sola
1066 2805 1250 2853 mente
1281 2797 1664 2868 perciperetur
1691 2815 1705 2854 :
1744 2814 1863 2854 mea
1911 2799 2040 2869 qui-

461 2892 584 2949 dem
619 2893 733 2948 haac
766 2891 1046 2947 sententia
1077 2900 1196 2952 est,
1226 2889 1369 2959 quod
1404 2889 1550 2945 sicut
1586 2891 1750 2947 homo
1784 2891 2037 2947 sensibili

458 2993 514 3039 et
547 2983 825 3054 spirituali
858 2991 1057 3037 natura
1093 2990 1357 3037 constans
1385 2982 1640 3039 conditus
1674 2994 1792 3040 erat
1814 3022 1828 3047 ,
1874 2984 1954 3038 sic
1981 2992 2040 3039 et

2214 2250 2288 2305 Τὸ
2338 2252 2395 2307 δὲ
2430 2253 2533 2323 τῆς
2576 2252 2722 2324 ζωῆς
2750 2245 2937 2319 ξύλον,
2975 2244 3043 2322 ἦν
3079 2248 3234 2316 ξύλον
3280 2247 3403 2318 ἔχον
3435 2247 3716 2318 ἐνέργειαν

2132 2342 2286 2414 ζωῆς
2308 2324 2693 2415 ’παρεκτικὴη
2735 2341 2768 2413 ἢ
2797 2345 2911 2406 τοῖς
2956 2343 3057 2413 τῆς
3088 2341 3235 2411 ζωῆς
3284 2338 3451 2406 ἀξίοις
3472 2379 3487 2400 ,
3513 2337 3607 2391 καὶ
3635 2335 3714 2407 τῷ

2144 2430 2358 2506 θανάτῳ
2379 2436 2479 2505 οὐχ
2498 2435 2882 2506 ὑποκειμένοις
2913 2433 3098 2504 μόνοις
3121 2430 3397 2501 ἐδώδιμον.
3424 2427 3579 2492 Τινὲς
3615 2428 3716 2499 μὲν

2141 2522 2235 2582 οὖν
2267 2526 2522 2598 αἰσθητὸν
2565 2525 2659 2580 τὸν
2711 2525 3044 2598 παράδεισον
3073 2522 3509 2594 ἐφαντάσθησαν,
3536 2522 3719 2592 ἕτεροι

2142 2618 2223 2685 δὲ,
2250 2618 2459 2689 νοητόν.
2490 2615 2632 2689 Πλὴν
2677 2616 2867 2688 ἔμοιγε
2905 2614 3074 2680 δοκεῖ,
3111 2615 3192 2667 ὅτι
3227 2612 3417 2682 ὥσπερ
3459 2615 3487 2666 ὁ
3516 2612 3723 2684 ἄνθρω-

2143 2730 2244 2772 πος
2274 2711 2531 2784 αἰσθητὸς
2583 2711 2700 2784 ἅμα
2741 2712 2836 2766 καὶ
2868 2712 3056 2781 νοητὸς
3082 2709 3546 2781 δεδημιούργητο,
3580 2709 3722 2762 οὕτω

2143 2810 2238 2862 καὶ
2268 2808 2328 2861 τὸ
2348 2807 2538 2862 τούτου
2571 2806 2859 2880 ἱερώτατον
2888 2806 3141 2876 τέμενος,
3188 2803 3448 2875 αἰσθητὸν
3477 2802 3591 2873 ἅμα
3624 2803 3719 2855 καὶ

2144 2899 2365 2970 νοητὸν,
2400 2901 2496 2954 καὶ
2546 2898 2742 2969 διπλῆν
2793 2897 2916 2969 ἔχον
2968 2898 3067 2969 τὴν
3117 2894 3562 2967 ἕμφασινιιιστῷ
3610 2892 3720 2964 γὰρ

2145 2991 2355 3063 σώματι
2386 2995 2444 3046 ὲν
2474 2990 2553 3062 τῷ
2573 2991 2834 3060 θειοτάτῳ
2876 2989 3040 3062 χώρῳ
3094 2989 3187 3042 καὶ
3223 2988 3578 3060 ὑπερκαλλεῖ,
3608 3005 3709 3040 κα-

458 3075 582 3146 cjus
632 3073 1077 3131 sacratissimum
1136 3074 1400 3142 templum
1447 3074 1711 3130 sensibile
1765 3075 1929 3129 simul
1983 3083 2035 3131 et

2142 3083 2247 3148 θὼς
2280 3085 2665 3157 ἱστορήσαμεν,
2690 3082 3044 3154 αὐλιζόμενος
3066 3098 3077 3110 ·
3111 3083 3175 3153 τῇ
3206 3081 3261 3136 δὲ
3283 3080 3428 3151 ψυχῇ
3467 3081 3526 3133 ὲν
3552 3080 3722 3148 ὑπερ-

459 3166 713 3238 spiritale
763 3173 923 3231 erat,
981 3163 1373 3235 duplicemque
1421 3165 1719 3220 exhibebat
1776 3166 2037 3237 speciem.

459 3258 706 3326 Corpore
745 3253 1019 3324 siquidem
1063 3253 1118 3307 in
1169 3253 1521 3310 divinissima
1568 3265 1623 3310 et
1668 3255 2041 3324 pulcherrima

460 3349 721 3420 regione,
748 3348 824 3403 uti
864 3347 1190 3413 retulimus,
1225 3347 1518 3404 habitabat
1550 3367 1564 3403 :
1621 3351 1809 3406 animo
1855 3361 2037 3408 autem

460 3442 516 3495 in
551 3440 861 3496 sublimiori
882 3479 896 3503 ,
929 3440 1195 3510 omnique
1228 3443 1643 3510 comparatione
1670 3444 2039 3512 praestantiori

462 3547 528 3586 ac
580 3531 882 3601 pulchriori
949 3533 1070 3588 loco
1127 3534 1472 3599 morabatur,
1528 3533 1809 3603 hospitem
1869 3550 2032 3591 suum

463 3622 632 3679 Deum
663 3623 876 3679 habens
907 3638 1005 3693 pro
1029 3623 1196 3679 domo
1217 3666 1232 3691 ,
1264 3625 1374 3679 imo
1403 3634 1457 3679 et
1493 3641 1591 3696 pro
1626 3627 1827 3684 illustri
1867 3631 2035 3684 vesti-

463 3721 647 3770 mento
669 3756 683 3777 .
708 3714 869 3783 cujus
897 3716 1069 3785 gratia
1092 3718 1551 3772 circumvestitus
1579 3726 1760 3785 esset,
1791 3727 1844 3774 et
1873 3721 2034 3789 cujus

460 3806 957 3876 contemplatione,
983 3824 1109 3877 quae
1137 3809 1252 3863 sola
1280 3809 1642 3865 dulcissimus
1673 3808 1887 3865 fructus
1916 3821 1998 3866 est
2017 3850 2034 3874 ,

462 3898 613 3952 velut
638 3898 779 3953 alius
805 3900 1082 3969 quispiam
1118 3900 1367 3969 angelus,
1399 3900 1569 3955 multa
1596 3916 1722 3956 eum
1753 3903 2036 3972 voluptate

461 3987 762 4057 frueretur,
795 4003 972 4061 eaque
1010 3996 1376 4060 pasceretur:
1420 3989 1474 4044 id
1513 3991 1660 4061 quod
1702 3992 1926 4061 quidem
1968 3993 2038 4047 li-

458 4096 625 4152 gnum
661 4082 789 4137 vitae
836 4081 1035 4135 merito
1086 4079 1420 4150 appellatum
1474 4088 1584 4138 est.
1633 4079 1838 4136 Divina:
1890 4083 2038 4140 enim

463 4172 907 4243 participationis
942 4171 1194 4227 suavitas
1231 4171 1400 4226 vitam
1438 4172 1593 4225 nulla
1644 4181 1821 4228 morte
1869 4174 2037 4231 inter-

2136 3177 2280 3247 τέρῳ
2328 3178 2424 3230 καὶ
2474 3174 2956 3246 περικαλλεστέρῳ
2997 3183 3027 3213 η
3061 3172 3208 3242 τόπῳ
3270 3170 3505 3241 διέτριϐε
3529 3210 3544 3234 ,
3584 3167 3721 3222 Θεὸν

2136 3270 2278 3340 ἔχων
2306 3265 2456 3323 οἷκον
2484 3266 2820 3334 τὸνένοικον,
2842 3268 2934 3321 καὶ
2960 3265 3120 3320 αὑτὸν
3142 3264 3281 3333 ἔχων
3309 3260 3532 3322 εὐκλεὲς
3556 3276 3717 3331 περι-

2137 3362 2353 3416 ϐόλαιον
2373 3404 2388 3428 ,
2414 3362 2507 3414 καὶ
2549 3360 2648 3432 τὴν
2685 3343 2852 3414 αὐτοῦ
2902 3354 3361 3430 περιϐεϐλημένος
3393 3352 3554 3422 χάριν
3574 3392 3588 3417 ,
3614 3352 3714 3405 καὶ

2135 3452 2230 3513 τοῦ
2274 3454 2436 3526 μόνου
2487 3453 2827 3523 γλυκυτάτου
2879 3447 3098 3523 καρποῦ
3138 3448 3236 3517 τῆς
3279 3444 3443 3499 αὑτοῦ
3479 3442 3717 3514 θεωρίας

2140 3545 2525 3619 κατατρυφῶν,
2551 3541 2641 3598 οἷά
2666 3561 2755 3608 τις
2783 3543 3017 3611 ἄγγελος
3058 3540 3241 3605 ἄλλος,
3269 3538 3365 3591 καὶ
3392 3534 3568 3607 ταύτῃ
3588 3551 3719 3605 τρε-

2143 3638 2407 3708 φόμενοςο
2431 3637 2570 3708 ὅπερ
2591 3636 2656 3704 δὴ
2684 3636 2781 3690 καὶ
2808 3633 2962 3698 ξύλον
3003 3632 3150 3702 ζωῆς
3179 3628 3345 3695 ἀξίως
3376 3627 3714 3699 ὠνόμασται.

2141 3730 2294 3799 Ζωῆς
2319 3728 2428 3800 γὰρ
2445 3728 2659 3797 θανάτῳ
2679 3728 2754 3798 μὴ
2787 3723 3242 3794 διακοπτομένης,
3263 3722 3297 3791 ἡ
3326 3719 3600 3788 γλυκύτης
3617 3720 3720 3788 τῆς

2142 3817 2291 3883 θείας
2315 3818 2584 3890 μεθέξεως
2608 3820 2718 3881 τοῖς
2759 3813 3238 3887 μεταλαμϐάνουσι
3280 3809 3661 3882 μεταδίδωσινο
3688 3806 3720 3861 δ

2140 3908 2205 3980 δὴ
2230 3909 2328 3964 καὶ
2371 3911 2480 3965 πᾶν
2512 3909 2665 3974 ξύλον
2689 3916 2716 3947 ο
2736 3910 2763 3962 ὁ
2789 3907 2921 3970 Θεὸς
2945 3904 3206 3959 ἐκάλεσεν
3236 3943 3252 3968 ,
3295 3900 3443 3956 Ἀπὸ
3491 3898 3718 3964 παντὸς

2145 3998 2356 4066 ξύλου,
2376 4002 2578 4073 φήσας,
2627 3999 2736 4054 τοῦ
2762 4000 2833 4053 ὲν
2864 3997 2947 4063 τῷ
2975 3992 3577 4065 παραδείσῳλβρώσει
3605 3988 3718 4059 ςριὶ-⁸

2144 4095 2342 4161 τεσθε.
2376 4093 2549 4157 Αὐτὸς
2592 4092 2703 4163 γάρ
2733 4091 2851 4144 ἐστι
2904 4088 2966 4142 τὸ
3016 4089 3147 4152 πᾶν,
3170 4089 3229 4142 ἐν
3253 4079 3298 4155 ᾧ
3339 4085 3435 4139 καὶ
3472 4083 3541 4137 δι’
3569 4072 3632 4136 οὗ
3656 4079 3720 4134 τὸ

2132 4183 2242 4237 πᾶν
2267 4183 2592 4255 συνέστηκε.

462 4271 675 4334 ruptam
710 4263 815 4330 iis,
852 4279 883 4316 a
914 4264 1120 4333 quibus
1164 4262 1491 4333 percipitur,
1542 4262 1808 4333 impertit.
1859 4265 2039 4336 Atque
2070 4271 2230 4344 176
2255 4274 2392 4329 illud
2422 4284 2508 4331 est
2532 4274 2683 4345 quod
2713 4272 2858 4330 Deus
2918 4286 3081 4328 omne
3134 4270 3341 4340 lignum
3400 4264 3716 4338 appellavit,

466 4349 550 4411 Ea:
574 4358 719 4412 omni
738 4396 755 4423 ,
788 4357 1082 4427 inquiens,
1114 4356 1255 4428 ligno
1275 4396 1291 4425 ,
1323 4355 1462 4428 quod
1517 4367 1595 4413 est
1644 4359 1698 4413 in
1747 4359 2003 4428 paradiso
2024 4400 2041 4430 ,
2078 4376 2338 4425 vescentes
2366 4367 2646 4423 comedetis
2676 4367 2741 4420 ν’.
2770 4364 2890 4436 Ipse
2915 4365 3062 4421 enim
3091 4377 3256 4419 omne
3286 4358 3425 4415 illud
3471 4366 3591 4422 est,
3658 4356 3717 4410 in

462 4465 608 4520 quo,
640 4461 692 4504 et
723 4466 821 4520 per
849 4466 1010 4521 quem
1042 4449 1232 4505 omnia
1266 4458 1546 4506 constant.

532 4541 756 4613 Lignum
785 4544 1041 4598 scientiw.
1068 4573 1138 4583 --
1162 4542 1330 4614 Atqui
1363 4543 1574 4612 lignum
1614 4543 1865 4600 scientiae
1904 4545 2034 4600 boni

2209 4546 2284 4600 Τὸ
2308 4546 2367 4599 δὲ
2388 4546 2490 4616 τῆς
2515 4544 2613 4599 τοῦ
2638 4541 2805 4598 καλοῦ
2835 4560 2895 4597 τε
2936 4541 3031 4597 καὶ
3056 4539 3229 4595 κακοῦ
3258 4537 3511 4607 γνώσεως
3540 4536 3715 4601 ξύλον,

458 4641 515 4690 et
552 4631 682 4687 mali
711 4632 1034 4702 multiplicis
1074 4641 1164 4689 est
1205 4633 1609 4704 speculationis
1643 4632 1933 4706 dignatio,
1974 4636 2028 4691 id

460 4730 547 4778 est
593 4722 832 4791 propria:
883 4731 1095 4779 natura
1139 4725 1391 4794 agnitio:
1443 4742 1601 4796 quae,
1640 4740 1767 4781 eum
1806 4727 2034 4799 Opiﬁcis

464 4811 931 4883 magniﬁcentiam
958 4829 1027 4869 ex
1058 4830 1181 4871 sese
1209 4816 1479 4885 pradicet
1497 4858 1511 4881 ,
1541 4817 1746 4875 adultis
1771 4819 2032 4889 quidem,

461 4914 516 4961 et
545 4904 598 4958 in
631 4902 816 4958 divina
849 4904 1318 4973 contemplatione
1369 4907 1651 4977 provectis
1704 4909 1847 4965 bona
1899 4919 1987 4966 est
2016 4951 2032 4978 ,

461 4997 609 5069 quod
648 4995 787 5067 ipsis
823 4995 1129 5052 verendum
1172 5012 1285 5052 non
1321 4997 1428 5066 sit,
1470 5015 1538 5055 ne
1575 5000 1631 5056 in
1668 4999 1915 5059 deterius
1951 5003 2032 5056 la-

531 5178 573 5209 "
611 5174 747 5232 Gen.
785 5190 864 5237 ιιι.
905 5175 956 5233 7.
1033 5175 1077 5207 ⁸¹
1106 5173 1248 5229 Psal.
1287 5190 1396 5241 LW,
1426 5175 1518 5230 23.
1593 5176 1838 5232 "Matth.
1874 5193 1950 5244 v1,
1971 5176 2035 5232 25

2138 5176 2183 5210 “
2212 5176 2344 5232 Ibid.
2386 5177 2476 5231 55.
2571 5173 2621 5209 ’⁸⁵
2649 5171 2781 5227 Luc.
2811 5187 2864 5236 x,
2898 5167 2983 5231 Η,
3018 5168 3103 5222 lii.

463 5244 539 5300 De
561 5258 673 5302 nat.
706 5246 848 5301 hom.
886 5245 932 5279 ”
956 5246 1090 5302 Gen.
1127 5260 1185 5312 ιι,
1217 5245 1303 5300 l6.

2140 4640 2175 4711 ἡ
2205 4638 2300 4707 τῆς
2326 4636 2678 4706 πολυσχιδοῠς
2713 4633 2946 4706 θεωρίας
2965 4631 3280 4700 διάγνωσις,
3309 4628 3446 4699 αὕτη
3480 4627 3536 4680 δέ
3558 4628 3713 4679 ἐστιν

2139 4732 2173 4799 ἡ
2204 4728 2303 4800 τῆς
2336 4726 2540 4790 οἰκείας
2571 4726 2867 4793 ἐπίγνωσις
2887 4724 3123 4793 φύσεως,
3148 4721 3272 4791 ἣτις
3300 4719 3435 4788 καλὴ
3477 4715 3569 4785 μὲν
3596 4718 3714 4778 τοῖς

2139 4819 2390 4883 τελείοις,
2421 4817 2516 4871 καὶ
2535 4817 2593 4869 ἐν
2623 4820 2688 4887 τῇ
2714 4815 2835 4886 θείᾳ
2860 4814 3063 4885 θεωρίᾳ
3097 4810 3405 4883 βεϐηκόσιν,
3427 4808 3483 4874 ἐξ
3510 4805 3716 4877 ἑαυτῆς

2142 4910 2241 4982 τὴν
2299 4909 2394 4964 τοῦ
2427 4905 2773 4981 Δημιουργοῦ
2823 4904 3222 4977 μεγαλουργίαν
3271 4898 3670 4971 δημοσιεύουσα
3698 4938 3718 4964 ,

2142 5006 2253 5068 τοῖς
2308 5004 2386 5074 μὴ
2414 5002 2610 5056 δεδιόσι
2640 4999 3018 5071 μετάπτωσιν,
3045 4995 3136 5051 διὰ
3168 4993 3239 5046 τὸ
3264 4990 3328 5044 ὲκ
3377 4988 3473 5043 τοῦ
3518 4991 3721 5060 χρόνου

3209 5166 3253 5207 ιε
3279 5165 3503 5227 Nemcs,
3535 5179 3657 5231 cap.
3688 5161 3711 5214 Ι

1721 5337 1954 5393 VAlll/E
1995 5335 2401 5397 LECTIONES.

529 5429 839 5499 ιιιῌιιιϐοιι).
894 5428 1057 5491 4750,
1111 5443 1217 5483 vox
1281 5427 1519 5497 ἔμφασιν
1579 5429 1873 5499 exponitur
1925 5444 2021 5499 per
2069 5429 2355 5499 ὲννόησιν,
2394 5420 3093 5499 ιιιιοάᾉοοιιείἀεγιιιίοηεηι
3148 5418 3469 5499 signiﬁcat;
3508 5427 3549 5499 _D
3584 5415 3717 5499 Reg.

463 5494 517 5554 8,
551 5495 706 5575 (λιιι).
736 5513 878 5575 unus
897 5488 1203 5575 “etin-ister,
1229 5500 1287 5575 ἐν
1313 5488 1610 5575 "si:sz
1639 5488 1733 5553 {cat
1766 5488 2112 5575 ᾁσυγιξρξτως
2143 5488 2530 5575 πέρικαλίίιε
2563 5497 2809 5575 legerent
2863 5500 3020 5575 vetus
3046 5561 3058 5575 _
3078 5488 3309 5575 interpr.
3329 5499 3398 5575 ,ιιι
3430 5488 3719 5567 Faber..ln

468 5565 712 5631 margine
730 5567 865 5638 _co_d.
889 5567 1045 5622 Colb.
1071 5555 1365 5638 exponitur
1391 5555 1710 5638 adverbium
1767 5555 2133 5638 ἀσυγκρὲτωξ,
2167 5555 2263 5637 ρὲι·
2298 5555 2693 5638 ὑπερεχόντῶς,
2737 5560 2889 5638 Quod
2930 5560 3148 5638 quidem
3186 5555 3720 5638 salittliunpccasiw

460 5626 1199 5711 tttgltvprmbpitrecognitum
1227 5639 1353 5693 eod.
1394 5637 1450 5691 S.
1485 5637 1588 5690 Hil.
1639 5647 1698 5692 ut
1726 5626 2011 5707 lugendum
2058 5626 2272 5711 putaret
2307 5626 2622 5706 ἁσυγέρίτῳ
2657 5626 3166 5701 ’καῖὑπερεχόντως
3213 5626 3712 5698 περικαλλεστέρῳ.

469 5705 490 5736 ο
519 5698 673 5756 Edita
708 5703 812 5755 πᾶν
852 5698 1187 5775 ξύλον’ζωῆς.
