4116 6150
407 347 515 413 917

1457 359 1555 419 DE
1590 358 2267 423 FIDE'ORTHODOXA
2305 326 2450 425 Lm.
2493 364 2572 423 II.

3551 360 3657 427 918

366 448 380 459 ’
403 466 483 525 et;
509 461 620 528 ἕξιν
659 460 781 516 τινὰ
816 463 916 533 τῆς
942 464 1200 538 τοιαύτης
1247 466 1569 539 ἐληλακέναι
1613 472 1846 544 θεωρίας
1869 491 1883 505 ⁸
1919 473 1965 525 οί

2085 476 2286 531 bantur
2332 460 2419 542 υς
2471 477 2676 547 quippe
2709 489 2832 528 cum
2865 490 2930 530 ex
2963 474 3222 530 diuturna
3259 472 3658 531 exercitatione

402 552 542 623 καλὴ
566 551 622 604 δὲ
651 553 764 617 τοῖς
810 554 951 618 νέοις
977 555 1079 623 ἔτι,
1107 559 1202 611 καὶ
1245 552 1343 630 τὴν
1392 560 1577 630 ἔφεσιν
1627 561 1976 634 λιχνοτὲροις,

398 645 494 709 οὓς
514 644 601 699 διὰ
630 646 690 699 τὺ
721 648 977 705 ἀϐέϐαιον
1016 652 1115 722 τῆς
1169 653 1225 705 ὲν
1274 650 1349 724 τῷ
1393 653 1665 724 κρείττονι
1698 656 1975 727 διαμονῆς,

397 734 494 789 καὶ
526 737 696 808 μήπω
725 741 940 808 παγίως
974 739 1359 813 ἐνεδρασθῆναι
1382 747 1449 816 τῇ
1484 744 1578 798 τοῦ
1614 745 1776 816 μόνου
1810 746 1977 800 καλοῦ

398 825 718 900 προσεδρίᾳ,
753 830 786 900 ἡ
841 831 934 884 τοῦ
964 833 1166 886 οἰκείου
1217 835 1512 906 κηδεμονία
1556 836 1808 909 σώματος
1840 838 1979 911 πρὸς

397 915 597 988 ἑαυτὴν
629 918 933 990 ἀνθέλκειν,
976 925 1071 977 καὶ
1114 928 1390 999 περισπᾷν
1427 928 1692 997 πέφυκεν.

2052 566 2143 635 ,ad
2176 566 2407 636 hujusce
2428 564 2911 634 contemplationis
2939 562 3184 619 habitum
3211 564 3503 634 quemdam
3533 579 3652 635 per-

2076 655 2329 711 venerint
2359 673 2372 710 :
2407 655 2835 724 haudquaquam
2867 668 3001 709 vero
3036 654 3180 707 bona
3224 661 3307 708 est
3340 653 3656 722 junioribus

2076 746 2288 809 adhuc,
2321 752 2376 800 et
2411 745 2642 799 avidiori
2668 786 2682 811 ,
2713 742 2886 815 quam
2920 760 3020 816 par
3067 744 3173 811 sit,
3225 745 3470 814 appetitu
3512 760 3656 813 prae-

2075 835 2206 892 ditis
2236 853 2250 902 ;
2284 849 2426 906 quos
2461 835 2725 889 nimirum
2749 873 2764 901 ,
2800 834 2932 905 quia
2963 850 3069 889 non
3109 836 3342 890 tirmiter
3377 836 3516 890 satis
3548 836 3659 888 Inc.-

2075 935 2196 984 rent
2237 927 2296 981 in
2338 941 2404 982 eo
2444 927 2590 997 quod
2625 929 2982 997 praestantius
3012 935 3132 996 est,
3166 944 3270 983 nec
3310 935 3657 988 constanter,

399 1007 577 1063 adhuc
612 1009 665 1064 in
700 1012 851 1066 unici
886 1014 1016 1071 boni
1068 1018 1547 1090 contemplatione
1594 1020 1758 1075 defixi
1810 1030 1978 1088 sunt,
2016 1017 2271 1089 corporis
2305 1019 2391 1075 sui
2432 1032 2567 1073 cura
2608 1017 2675 1072 ad
2709 1034 2772 1076 se
2829 1027 3154 1089 retorquere
3216 1027 3271 1076 et
3346 1021 3663 1077 distrahere

397 1097 709 1154 consuevit.

469 1189 629 1245 Οὕτω
660 1193 883 1250 διπλοῦν
937 1195 1089 1270 οἶμαι
1141 1199 1236 1254 τὸν
1291 1201 1434 1255 θετον
1489 1200 1835 1275 παράδεισον,
1877 1204 1970 1259 καὶ

395 1276 613 1347 ἀληθῶς
650 1283 699 1335 οί
738 1282 985 1355 θεοφόροι
1042 1290 1288 1361 Πατέρες
1338 1292 1681 1363 παρέδωκαν,
1710 1293 1852 1347 οἵτε
1878 1293 1969 1346 οὖ-

394 1386 523 1435 τως,
561 1372 616 1425 οἵ
664 1390 726 1426 τε
761 1376 983 1442 ἐκείνως
1036 1379 1364 1448 διδάξαντες.
1413 1385 1646 1439 Δυνατὸν
1685 1385 1743 1438 δὲ
1779 1387 1969 1456 νοῆσαι

396 1461 505 1513 πᾶν
532 1459 710 1528 ξύλον,
748 1463 847 1535 τὴν
888 1466 955 1520 ὲκ
982 1466 1092 1523 τῶν
1130 1471 1449 1542 κτισμάτων
1486 1473 1587 1544 τῆς
1618 1473 1771 1538 θείας
1805 1474 1966 1528 δυνά-

398 1570 542 1623 μεως
574 1556 869 1628 γινομένην
916 1559 1235 1631 ἐπίγνωσιν,
1269 1563 1344 1629 ὥς
1374 1581 1541 1635 φησιν
1578 1568 1606 1620 ὁ
1633 1565 1775 1631 θεῖος
1802 1567 1965 1621 ’Λπό-

395 1646 581 1712 στο).ος
603 1662 618 1678 ο
656 1649 733 1703 Τὰ
763 1650 873 1720 γὰρ
919 1653 1145 1722 ἀόρατα
1195 1657 1381 1711 αὐτοῦ
1426 1657 1544 1714 ἀπὸ
1576 1659 1828 1725 κτίσεως
1866 1660 1966 1713 κό-

2140 1195 2306 1252 Omne
2334 1195 2537 1266 lignum
2556 1235 2572 1261 ,
2600 1194 2702 1249 Dei
2728 1211 2793 1250 ea:
2821 1196 3013 1249 creatis
3039 1195 3292 1265 cognitio.
3315 1227 3370 1241 ι-
3398 1197 3479 1252 Ad
3509 1199 3656 1254 hunc

2069 1290 2292 1346 modum
2316 1331 2330 1357 ,
2363 1289 2641 1360 duplicem
2680 1287 2853 1343 fuisse
2889 1287 3206 1357 paradisum
3244 1287 3463 1358 opinor,
3499 1307 3657 1347 vere-

2067 1398 2175 1452 que
2224 1381 2417 1437 Patres
2449 1380 2722 1435 divinitus
2768 1378 2933 1433 aiilati
2985 1378 3376 1446 tradiderunt;
3409 1386 3519 1433 tam
3560 1383 3655 1451 qni

2065 1474 2190 1537 hoc,
2218 1487 2383 1543 quam
2413 1472 2506 1542 qui
2540 1472 2637 1525 illo
2662 1470 2827 1524 modo
2858 1470 3189 1525 docuerunt.
3219 1468 3546 1542 Quanquam
3574 1475 3658 1527 sic

2071 1567 2237 1621 etiam
2273 1563 2508 1633 intelligi
2544 1569 2731 1632 potest
2761 1577 2924 1617 omne
2951 1563 3159 1632 lignum
3181 1602 3195 1629 ,
3232 1561 3432 1617 divinae
3466 1565 3658 1633 utique

2071 1654 2333 1724 potentia:
2358 1670 2423 1709 ex
2459 1653 2626 1710 rebus
2656 1651 2895 1708 conditis
2936 1660 3093 1721 parta
3122 1653 3366 1722 cognitio
3394 1693 3409 1716 ,
3460 1669 3654 1723 quem-

393 1753 573 1806 σμου,
601 1739 729 1807 τοῖς
745 1741 1033 1810 ποιήμασι
1066 1747 1363 1817 νοούμενα
1389 1747 1735 1818 καθορᾶται.
1768 1751 1965 1804 Πασῶν

2072 1742 2373 1797 admodum
2409 1742 2488 1796 ait
2538 1741 2874 1813 apostolus:
2929 1740 3231 1795 Invisibilia
3273 1742 3414 1795 enim
3463 1743 3577 1813 ejus
3622 1760 3663 1796 ο

390 1829 448 1881 δὲ
498 1829 607 1885 τῶν
660 1834 880 1888 ἐννοιῶν
926 1838 1021 1890 καὶ
1051 1837 1160 1891 τῶν
1202 1838 1448 1911 θεωριῶν
1501 1840 1786 1913 τούτων,ή
1839 1843 1960 1897 καθ’

393 1922 540 1990 ἡμᾶς
593 1922 899 1996 ὑψηλοτέρα
951 1930 1281 2000 πέφυκεν,ἠ
1346 1930 1449 2001 τῆς
1496 1933 1768 2003 ἡμετέρας
1823 1935 1966 2005 φημὶ

397 2014 706 2080 συστάσεως
738 2056 752 2081 ,
789 2016 865 2081 ὥς
921 2036 1085 2088 φησιν
1140 2021 1169 2072 ὁ
1224 2008 1366 2086 θέϊος
1415 2023 1579 2077 Δαϐίδ
1609 2040 1622 2054 ·
1678 2025 1966 2097 Ἐθαυμα-

394 2107 590 2174 στώθη
643 2107 683 2176 ἡ
740 2107 965 2178 γνῶσίς
1013 2127 1130 2166 σου
1187 2113 1259 2178 ἐξ
1291 2114 1471 2184 ἐμοῦ,
1503 2116 1822 2183 τουτέστιν,
1867 2120 1962 2172 Ἐκ

391 2198 492 2267 τῆς
536 2198 657 2272 (74)
708 2201 850 2271 ἐμῆς
909 2205 1274 2275 κατασκευῆς.
1332 2206 1670 2280 Ἑπισφαλὴς
1720 2209 1776 2263 δὲ
1826 2210 1965 2284 αὕτη

395 2291 471 2361 τῷ
519 2291 687 2364 Ἀδὰμ
721 2293 937 2366 ὑπῆρχε
966 2301 1222 2366 νεοπαγεί
1261 2298 1393 2362 ὄντι,
1417 2299 1483 2353 δι’
1517 2299 1580 2364 ἃς
1611 2301 1839 2373 εἴπομεν
1880 2306 1965 2358 αξ-

395 2381 537 2446 τίας.

466 2650 539 2704 Ἢ
567 2651 723 2716 ξύλον
773 2655 872 2724 μὲν
911 2655 1092 2726 ζωῆς,
1128 2657 1223 2726 τὴν
1265 2659 1331 2712 ἐκ
1376 2658 1593 2714 πάντων
1635 2661 1743 2715 τῶν
1772 2662 1966 2732 αἰσθη-

395 2742 504 2798 τῶν
535 2745 896 2817 ὲγγινομὲνην
935 2746 1213 2818 θειοτέραν
1254 2749 1493 2817 ἔννοιαν,
1519 2752 1613 2806 καὶ
1644 2751 1742 2822 τὴν
1773 2752 1839 2806 δι’
1870 2754 1969 2806 aiio

392 2834 501 2889 τῶν
531 2836 624 2889 ἐπὶ
646 2837 737 2891 τὸν
765 2838 1018 2891 ἁπάντων
1040 2842 1422 2911 γενεσιουργόν
1453 2859 1512 2894 τε
1536 2882 1549 2904 ,
1577 2842 1669 2896 καὶ
1702 2843 1965 2914 δημιουρ-

394 2927 491 2995 γὸν
527 2928 700 2981 αἴτιον
730 2929 1025 3001 ἀναγωγήν
1050 2947 1063 2961 ο
1089 2931 1227 3002 ὅπερ
1257 2932 1346 2985 καὶ
1375 2935 1483 2986 πᾶν
1507 2933 1662 2998 ξύλον
1689 2934 1965 3006 ὠνόμασε,

393 3017 456 3069 τὸ
490 3017 695 3088 πλῆρες
715 3019 811 3072 καὶ
844 3019 1167 3090 ἀδιαίρετον,
1193 3024 1359 3092 μονήν
1382 3041 1443 3076 τε
1470 3025 1563 3077 τοῦ
1586 3026 1751 3079 καλοῦ
1784 3028 1965 3097 φέρων

390 3106 494 3178 τὴν
520 3107 756 3178 μέθεξινο
789 3109 946 3176 ξύλον
984 3112 1041 3164 δὲ
1092 3113 1348 3180 γνώσεως
1380 3116 1548 3169 καλοῦ
1566 3118 1661 3171 καὶ
1699 3093 1959 3189 πονηροῦ,
1994 3093 2036 3150 c

389 3197 491 3267 τὴν
518 3197 783 3270 αίσθητὴν
818 3202 911 3254 καὶ
955 3202 1204 3273 ὲνήδονον
1251 3203 1455 3274 βρῶσιν
1473 3245 1489 3270 ,
1517 3206 1618 3278 τὴν
1638 3246 1652 3271 ,
1682 3207 1759 3277 τῷ
1786 3207 1962 3263 δοκεῖν

394 3288 494 3358 μὲν
525 3291 951 3361 γλυκαίνουσαν,
994 3295 1073 3365 τῷ
1113 3296 1227 3349 δντι
1283 3296 1340 3349 δὲ
1391 3298 1451 3351 ὲν
1492 3298 1751 3369 μετουσίᾳ
1776 3300 1962 3353 κακῶν

389 3380 479 3435 τὸν
505 3383 800 3455 μετέχοντα
827 3386 1198 3446 καθιστῶσαν.
1226 3389 1380 3457 Φησὶ
1409 3391 1521 3459 γὰρ
1554 3393 1590 3444 d
1618 3391 1761 3459 Θεός
1780 3406 1797 3422 ⁸
1829 3392 1961 3447 Ἀπὸ

389 3474 614 3567 παντὸς
671 3475 864 3567 εὐλοιί
916 3478 1023 3534 τοῦ
1076 3480 1147 3534 ἐν
1208 3480 1287 3548 τῷ
1343 3480 1685 3551 παραδείσῳ
1734 3483 1963 3552 ,ϐρώσει

386 3565 581 3637 ρατῇθ
605 3567 705 3623 Διὰ
743 3565 984 3638 πάντων,
1017 3567 1321 3643 οἶμαι,τῶν
1357 3574 1674 3644 κτισμάτων
1724 3575 1811 3628 ἐπ’
1860 3574 1961 3646 ἐμὲ

387 3659 477 3713 τὸν
508 3660 738 3732 ποιητὴν
770 3662 1188 3736 άναϐιϐάσθητι.
1240 3664 1415 3733 λέγων
1436 3706 1452 3731 ,
1487 3665 1584 3720 καὶ
1622 3666 1721 3721 ἕνα
1748 3667 1961 3738 καρπὸν

385 3748 450 3802 ὲκ
482 3751 698 3804 πάντων
725 3752 1011 3823 κάρπωσαι
1031 3793 1046 3816 ,
1077 3754 1176 3824 ἐμὲ
1208 3756 1308 3827 τὴν
1332 3755 1505 3820 ὅντως
1561 3755 1709 3828 ζωήν
1737 3773 1754 3789 ο
1782 3757 1959 3811 πάντα

386 3856 468 3894 σοι
499 3837 643 3912 ζωὴν
694 3843 1238 3915 καρποφορείτωσαν,
1263 3847 1359 3900 καὶ
1398 3845 1497 3918 τὴν
1544 3846 1683 3918 ἐμὴν
1716 3846 1955 3919 μέθεξιν,

383 3930 542 3984 ποιοῦ
591 3934 692 4003 τῆς
728 3934 935 3998 οἰκείας
970 3936 1256 4007 ὑπάρξεως
1313 3937 1593 3993 σύστασιν.
1638 3937 1796 3997 Οὕτω
1848 3939 1957 4011 γὰρ

380 4019 482 4094 ἔσῃ
507 4022 798 4087 ἀθάνατος.
849 4025 994 4080 Ἀπὸ
1020 4024 1089 4079 δὲ
1132 4027 1238 4081 τοῦ
1274 4026 1468 4092 ξύλου
1496 4029 1605 4082 τοῦ
1640 4029 1958 4099 γινώσκειν

381 4111 574 4167 καλὸν
597 4113 695 4167 καὶ
749 4114 1034 4183 πονηρὸν,
1070 4119 1142 4171 οὺ
1183 4101 1446 4188 parcatis
1491 4119 1593 4173 ἀπ’
1633 4120 1844 4175 αὐτοῦ.
1875 4113 1965 4193 ’ᾙ

379 4202 433 4256 δ’
454 4202 531 4259 ἂν
559 4205 747 4274 ἡμέρᾳ
796 4193 1025 4276 φάγήτε
1074 4208 1173 4263 ἀπ’
1208 4208 1394 4264 αὐτοῦ
1413 4249 1427 4275 ,
1453 4209 1699 4276 θανάτων
1730 4212 1956 4267 ἀποθα-

377 4297 602 4351 νεῖσθε.
635 4297 890 4361 Φυσικῶς
926 4298 1037 4369 γὰρ
1085 4302 1121 4371 ἡ
1167 4300 1400 4372 αἰσθητὴ
1454 4300 1658 4373 βρῶσις
1709 4302 1804 4357 τοῦ
1853 4304 1955 4357 ὺπ-

377 4388 740 4458 εκρεύσαντός
788 4391 937 4443 ἐστιν
985 4390 1390 4462 ἁναπλήρωσις,
1427 4394 1518 4446 καὶ
1546 4394 1627 4455 είς
1665 4394 1953 4465 ἀφεδρῶνα

348 4480 566 4549 χωρεῖ,
614 4478 708 4533 καὶ
761 4477 966 4551 φθοράν
995 4495 1008 4509 ·
1039 4481 1135 4534 καὶ
1186 4483 1467 4553 ἀμήχανον
1512 4469 1788 4554 ἄφθαρτον
1838 4484 1953 4538 δια-

379 4568 584 4637 μένειν,
606 4568 699 4622 τὸν
732 4568 834 4639 τῆς
877 4569 1143 4642 αἰσθητῆς
1183 4569 1445 4642 βρώσεως
1476 4573 1536 4628 ὲν
1566 4573 1830 4645 μετουσίᾳ
1861 4589 1950 4641 γιο

375 4660 621 4730 νόμενον.

2064 1844 2312 1888 creatura
2346 1832 2563 1897 mundi,
2595 1850 2687 1902 per
2715 1850 2777 1887 ea
2820 1848 2937 1903 quae
2984 1832 3129 1902 facta
3152 1842 3335 1897 sunt,
3388 1834 3661 1888 intellecta

2065 1926 2467 1993 conspiciuntur
2496 1922 2565 1978 “.
2600 1921 2860 1978 Omnium
2901 1935 3069 1992 porro
3108 1923 3511 1993 cogitatidnum
3552 1925 3655 1977 ha-

2066 2030 2189 2069 rum
2225 2023 2392 2085 atque
2426 2014 2957 2083 contemplatiouum
3001 2016 3353 2083 prtrstantior
3398 2016 3492 2069 illa
3530 2025 3613 2070 est
3638 2056 3652 2080 ,

2067 2122 2191 2178 quae
2219 2106 2275 2161 in
2305 2106 2524 2169 nostri,
2557 2106 2671 2160 sive
2709 2105 3134 2174 compositionis
3174 2113 3380 2159 nostra:
3402 2146 3415 2169 ,
3459 2105 3651 2161 consi-

2067 2197 2354 2252 deratione
2390 2204 2666 2258 versatur,
2701 2203 2758 2249 ut
2786 2195 3006 2249 divinus
3033 2193 3201 2248 David
3240 2194 3316 2248 ait
3341 2213 3354 2248 :
3381 2194 3654 2248 Mirabilis

2069 2291 2212 2361 facta
2260 2296 2340 2343 est
2390 2287 2612 2342 scientia
2645 2294 2736 2340 tua
2767 2300 2832 2339 ex
2878 2300 2960 2340 me
2986 2286 3056 2350 '°,
3111 2285 3215 2340 hoc
3262 2293 3382 2351 est,
3439 2301 3505 2340 ex
3546 2287 3653 2341 mei

2070 2389 2375 2438 structura.
2441 2379 2715 2433 Caeterum
2772 2376 3046 2445 eiusmodi
3104 2376 3351 2447 cognitio
3404 2376 3650 2437 Adamo.

2069 2487 2266 2528 recens
2312 2471 2539 2526 condito
2594 2486 2659 2525 ac
2706 2479 2937 2533 tenero,
2989 2474 3064 2525 ob
3099 2471 3199 2526 bas
3239 2485 3379 2540 quas
3410 2470 3654 2525 diximus

2071 2563 2354 2632 rationes,
2394 2564 2643 2634 periculo
2677 2578 2786 2618 non
2822 2562 3045 2618 carebat
3077 2562 3147 2617 δι.

2138 2654 2367 2728 Lignum
2395 2657 2515 2711 vita:
2541 2657 2734 2711 iterum
2756 2695 2770 2718 ,
2803 2673 2866 2709 ac
2893 2654 3166 2710 sententiae
3195 2654 3337 2708 boni.
3369 2651 3650 2709 Sensibilis

2068 2747 2213 2803 cibus
2242 2748 2404 2801 morti
2436 2746 2626 2812 omnis.
2654 2776 2721 2788 -—
2743 2745 2890 2812 Quin
2922 2759 3018 2815 per
3054 2744 3260 2815 lignum
3287 2740 3413 2796 vita:
3440 2741 3649 2795 intelli-

2068 2855 2196 2910 gere
2220 2839 2386 2895 etiam
2420 2838 2585 2905 licet,
2617 2836 2952 2891 diviniorem
2983 2835 3134 2889 illam
3170 2833 3605 2901 speculationem
3631 2871 3644 2892 ,

2070 2949 2191 3004 quae
2224 2949 2288 2989 ex
2322 2933 2489 2988 rebus
2528 2929 2888 2988 sensibilibus
2928 2930 3199 2993 nascitur,
3242 2934 3409 2997 atque
3449 2940 3647 2982 ascen-

2074 3040 2195 3082 sum
2226 3025 2417 3090 illum,
2456 3038 2566 3094 quo
2611 3038 2710 3093 per
2757 3036 2852 3077 eas
2901 3022 2969 3076 ad
3024 3021 3271 3075 omnium
3322 3026 3644 3089 parentem,

2070 3117 2414 3172 conditorem
2453 3125 2508 3171 et
2541 3121 2823 3171 auctorem
2873 3115 3267 3184 assurgimns:
3317 3109 3461 3180 quod
3516 3108 3643 3177 qni—

2069 3210 2191 3266 dem
2224 3212 2387 3267 etiam
2420 3225 2582 3268 ontue
2612 3211 2820 3283 lignum
2851 3206 3193 3279 nuncupavit
3213 3247 3227 3271 ,
3252 3204 3356 3258 hoc
3384 3210 3501 3266 cst,
3528 3202 3643 3271 ple-

2070 3317 2201 3358 num
2227 3317 2293 3358 ac
2320 3301 2618 3357 indivisum
2643 3342 2657 3367 ,
2688 3301 2974 3371 solamque
3000 3298 3128 3354 boni
3157 3293 3639 3367 participationem

2069 3394 2272 3451 ferens.
2307 3392 2413 3448 Per
2444 3393 2652 3464 lignum
2681 3402 2865 3448 autem
2894 3389 3143 3447 scientiae
3188 3386 3320 3442 boni
3372 3393 3427 3439 et
3472 3382 3639 3446 mali,

2068 3486 2252 3540 cibum
2307 3485 2622 3541 sensibilem
2663 3491 2715 3539 et
2763 3481 3185 3543 delectabilem,
3218 3478 3349 3548 qui.
3387 3474 3640 3547 quamvis

2068 3575 2360 3632 suavitatis
2403 3576 2644 3653 speciem
2690 3588 2804 3644 pra:
2852 3587 2916 3629 se
2971 3572 3146 3637 ferat,
3196 3584 3387 3625 revera
3457 3577 3637 3621 tamen

2066 3683 2193 3725 eum
2247 3682 2278 3722 a
2327 3682 2438 3738 quo
2491 3666 2819 3737 percipitur,
2869 3664 2925 3719 in
2973 3664 3116 3718 mala
3178 3660 3432 3730 coniicit.
3488 3657 3638 3712 Dixit

2066 3776 2291 3830 namque
2320 3759 2462 3814 Deus
2486 3774 2503 3813 :
2530 3758 2613 3813 Ea:
2639 3761 2782 3812 omni
2812 3757 2975 3828 ligno,
3002 3754 3143 3827 quod
3171 3766 3248 3810 est
3279 3755 3332 3807 in
3358 3752 3637 3823 paradiso,

2064 3850 2315 3907 vescendo
2343 3851 2580 3905 comedas
2608 3850 2655 3882 ⁸¹
2684 3869 2697 3905 :
2728 3849 2888 3919 quasi
2926 3848 3111 3911 dicat,
3144 3847 3200 3901 ni
3235 3844 3418 3907 fallor,
3456 3844 3545 3899 fac
3579 3852 3640 3897 ut

2064 3960 2163 4016 per
2190 3952 2479 4001 creaturas
2504 3957 2702 3998 omnes
2737 3942 2806 3997 ad
2839 3954 2927 3996 me
2956 3938 3302 3997 conditorem
3335 3950 3602 4006 assurgas
3622 3974 3637 3997 .

2064 4051 2342 4107 unumque
2363 4050 2431 4091 ex
2450 4034 2707 4091 omnibus
2731 4034 2972 4088 fructum
2993 4033 3279 4101 decerpas,
3302 4043 3389 4084 me
3408 4028 3637 4089 scilicet,

2061 4127 2157 4198 qui
2184 4141 2313 4183 vera
2356 4126 2466 4181 vita
2500 4140 2645 4182 sum.
2682 4124 2758 4179 Da
2787 4138 3046 4195 operam,
3078 4129 3138 4177 ut
3166 4122 3354 4177 omnia
3387 4120 3508 4173 vitae
3538 4117 3638 4172 tibi

2062 4217 2302 4272 frui-tum
2336 4215 2560 4272 ierant:
2595 4223 2765 4287 atque
2797 4214 2850 4270 id
2892 4228 3025 4284 age,
3078 4221 3137 4266 ut
3188 4211 3295 4265 mei
3348 4206 3638 4277 participa-

2060 4309 2209 4364 tione
2244 4297 2300 4364 iu
2330 4323 2517 4363 rerum
2548 4316 2745 4365 natura
2773 4306 3067 4361 consistas.
3102 4301 3217 4357 llac
3246 4301 3391 4354 enim
3425 4299 3637 4353 ratione

2060 4397 2393 4462 immortalis
2427 4398 2578 4453 eris:
2616 4396 2695 4452 De
2722 4396 2865 4466 ligno
2913 4402 3091 4447 autem
3123 4389 3360 4445 scientia:
3405 4388 3528 4444 boni
3583 4397 3636 4443 et

2058 4488 2189 4541 mali
2220 4504 2282 4541 ne
2308 4485 2598 4541 comedatis
2623 4501 2688 4540 ea:
2717 4501 2798 4538 eo.
2833 4469 3154 4559 Quacunque
3184 4481 3321 4535 enim
3353 4479 3439 4535 die
3488 4493 3636 4532 com-

2053 4580 2270 4635 ederitis
2286 4594 2352 4634 ea:
2380 4594 2463 4644 eo,
2496 4586 2664 4631 morte
2693 4574 2988 4631 moriemini
3017 4573 3086 4629 ⁵³.
3116 4572 3187 4628 Ea
3219 4571 3367 4627 enim
3397 4578 3477 4627 est
3508 4584 3636 4627 sen-

2054 4669 2236 4724 sibilis
2265 4668 2377 4723 cibi
2406 4673 2606 4722 natura
2631 4708 2647 4733 ,
2682 4676 2742 4719 ut
2776 4666 2829 4719 id
2856 4664 3006 4736 quod
3031 4664 3352 4721 subeﬂluxit
3387 4662 3632 4733 repleat,

376 4756 543 4819 atque
596 4750 653 4804 in
708 4764 991 4806 secessum
1040 4757 1095 4806 et
1143 4751 1562 4822 corruptionem
1619 4753 1781 4808 abeat
1844 4752 1954 4809 Nec
1994 4755 2462 4828 ﬁeripoteshnt
2495 4758 2860 4827 incorruptus
2909 4764 3162 4822 maneat,
3229 4754 3329 4825 qui
3383 4752 3629 4811 sensibili

372 4842 503 4897 cibo
526 4841 797 4899 vescitur.

860 4933 1109 4988 ΚΕΦΑΛ.
1164 4932 1241 4986 ur
1273 4932 1475 5006 [KG’].

900 5026 1037 5095 Περὶ
1081 5025 1418 5095 ἀνθρωπου.

440 5117 599 5171 Οὖτω
629 5117 728 5189 μὲν
749 5111 843 5173 οὗν
892 5117 992 5190 τὴν
1051 5119 1252 5190 νοητὴν
1284 5119 1474 5174 οὐσίαν
1526 5119 1872 5190 ὑπεστήσατο
1921 5120 1949 5172 ὁ

2548 4902 2706 5005 177
2746 4932 2979 4990 CAPUT
3018 4933 3137 4989 xu.

2659 5026 2733 5081 De
2769 5026 3009 5082 homine.

2125 5116 2242 5176 Hoc
2295 5125 2461 5191 pacto
2513 5117 2706 5189 itaque
2739 5115 2887 5173 Dens
2919 5116 3320 5186 intelligenlem
3365 5115 3627 5171 substan-

362 5208 539 5272 Θεός·
572 5207 838 5278 ἀγγέλους
886 5209 1051 5280 φημὶ,
1100 5211 1195 5264 καὶ
1223 5210 1403 5265 πάντα
1450 5210 1520 5265 τὰ
1550 5212 1677 5265 κατ’
1719 5209 1949 5286 οὐρανὸν

2064 5211 2188 5269 tiam
2210 5250 2225 5277 ,
2270 5219 2402 5282 puta
2430 5212 2657 5282 angelos
2680 5253 2694 5271 .
2728 5210 3102 5281 caelestesque
3152 5223 3346 5263 onines
3400 5205 3627 5259 ordines

1968 5365 2016 5397 ⁶⁰
2050 5363 2196 5421 Psal.
2247 5381 2514 5434 cxxxvm,
2552 5365 2606 5422 6.
2668 5366 2710 5398 “
2741 5364 2963 5419 Maximi
3013 5366 3065 5417 in
3104 5362 3307 5431 Script.
3367 5374 3488 5430 pag.
3537 5361 3665 5433 10.,

1881 5502 2110 5559 NOTAE.

439 5599 551 5671 (7})
591 5597 872 5671 Tavtéqtt
909 5598 976 5671 ἐκ
998 5598 1133 5671 τῆς,
1160 5602 1272 5655 Hoc
1300 5611 1376 5655 est
1413 5618 1477 5656 ex
1498 5617 1614 5656 mea
1639 5609 1930 5671 structura.

2064 5608 2115 5651 ἐι
2142 5600 2373 5671 εεὶεηιξα
2398 5609 2492 5652 tua
2516 5596 3018 5671 ex_me,_aecipiurit
3053 5609 3066 5645 :
3101 5602 3155 5646 at
3190 5592 3373 5671 potior
3392 5599 3474 5663 est
3501 5608 3627 5648 sen‘

365 5663 463 5726 Sic
485 5663 1436 5737 Basilius.'l‘lteologtts.Anastasius
1469 5671 1508 5723 ll
1541 5669 1932 5730 Antioohcnus,
2042 5684 2139 5721 sus
2176 5684 2237 5721 ex
2285 5665 2830 5737 llebr:eo:}|liralrilis
2866 5663 3010 5729 facta
3038 5671 3114 5737 est
3143 5663 3489 5737 scientia_ttta
3514 5677 3623 5732 pro:

362 5747 419 5795 el
446 5740 538 5795 alii
572 5740 739 5795 verba
763 5740 876 5793 haec
911 5733 1381 5808 psaltnitzxxxmt,
1404 5739 1756 5794 (izdlirabih's
1789 5740 1935 5807 [uda
2044 5753 2151 5791 me:
2177 5738 2229 5792 id
2260 5747 2362 5802 est,
2394 5737 2598 5807 ingenii
2639 5734 2741 5790 mei
2775 5751 3002 5788 acumen
3047 5735 3201 5804 longe
3228 5733 3461 5788 excedit.

436 5352 491 5436 “_
517 5363 677 5436 Greg.
707 5364 843 5422 Nan.
876 5376 1014 5422 orat.
1075 5366 1147 5423 58
1186 5374 1240 5422 et
1278 5366 1366 5421 4?.
1431 5366 1477 5400 η
1507 5363 1661 5419 Rom.
1718 5381 1756 5431 ι,
1793 5365 1879 5420 10.

364 5433 415 5466 ⁸⁸
450 5433 784 5501 1360.11.16.
877 5437 924 5470 ⁸³
960 5436 1095 5493 Gen.
1126 5454 1189 5501 Ir,
1224 5437 1305 5490 Π.
