4116 6150
406 363 513 427 99.3

1601 361 1661 421 S.
1699 360 2019 426 JOANNIS
2057 364 2510 426 DAMASCENI.

3564 366 3669 432 924

398 475 498 557 ‘lud
534 484 594 531 ut
627 482 979 547 permaneat,
1012 489 1252 546 eumque
1285 474 1510 540 laudet,
1560 476 1724 547 cujus
1775 479 1958 534 heneli

2107 497 2281 550 μενον,
2324 478 2603 534 τουτέστιν
2655 480 2721 533 ἐν,
2755 478 2831 551 τῷ
2879 480 3106 553 παρόντι
3149 481 3271 554 βίῳ,
3303 482 3397 536 καὶ
3426 467 3663 556 ἀλλαχοῦ

405 567 511 624 ciis
546 575 779 621 ornatus
824 565 972 634 fuit;
1030 565 1175 631 hoc,
1222 575 1280 621 ιιι
1307 568 1579 638 patiatur,
1629 577 1684 622 et
1733 571 1994 640 patiendo

407 660 791 724 admoneatur,
817 673 1055 728 cumque
1088 659 1490 744 magnitudinis
1518 675 1687 715 causa
1724 676 1783 716 se
1810 665 1989 717 extol-

407 752 504 816 lit,
537 751 902 806 emendetur:
939 750 1146 803 animal
1179 750 1301 813 hic,
1336 751 1453 805 sive
1484 752 1537 804 in
1569 753 1825 820 praesenti
1859 754 1992 818 vita,

406 851 561 898 certo
595 841 834 896 consilio
869 841 1236 911 gubernatum
1265 860 1278 907 ;
1324 850 1491 911 atque
1532 842 1642 896 alio
1667 882 1681 907 ,
1731 843 1833 899 hoc
1867 853 1953 898 est
1978 886 1991 907 ,

407 932 476 988 ad
534 932 786 988 futurum
843 948 1019 988 aevum
1073 932 1367 1003 migrans;
1419 934 1680 1004 quodque
1741 934 1997 1006 mysterii

2096 568 2516 641 μεθιστάμενον,
2564 568 2866 641 [τουτέστιν
2891 571 2937 644 ι’]
3004 575 3061 626 ὲν
3100 573 3177 644 τῷ
3202 573 3361 627 αἰῶνι
3414 574 3494 645 τῷ
3540 577 3671 647 μὲλ-

2096 660 2275 715 λοντι’
2330 660 2428 715 καὶ
2486 662 2660 733 πέρας
2705 662 2801 715 τοῦ
2861 664 3192 737 μυστηρίου,
3233 669 3302 737 τῇ
3351 668 3487 739 πρὸς
3538 667 3672 725 Θεὸν

2095 750 2627 823 νεύσειθεούμενον·
2676 753 2970 826 θεούμενον
3010 757 3087 819 δὲ,
3133 759 3336 828 μετοχῇ
3372 759 3469 830 τῆς
3520 759 3673 824 Θείας

2098 841 2440 913 ὲλλάμψεως,
2470 842 2565 897 καὶ
2587 844 2689 899 οὐκ
2723 846 2802 909 είς
2844 844 2942 918 τὴν
2979 845 3131 901 Θείαν
3157 847 3554 920 μεθιστάμειον
3587 851 3678 902 οὐ-

2098 952 2240 988 σιαν.

409 1025 535 1082 linis
570 1033 692 1097 est),
727 1040 823 1093 per
857 1026 1061 1081 utentis
1095 1025 1163 1080 ad
1209 1025 1379 1080 Deum
1406 1025 1856 1083 ’conversionem
1911 1026 2207 1081 divinitate
2240 1026 2488 1082 dolatum
2518 1044 2533 1093 ;
2569 1041 2684 1083 non
2743 1035 2806 1083 ut
2866 1028 2921 1083 in
2989 1028 3236 1086 divinam
3301 1030 3678 1089 substantiam

408 1120 637 1188 migret,
664 1118 760 1174 sed
786 1127 847 1174 ut
874 1118 1118 1173 divinam
1149 1118 1577 1174 illustrationem
1613 1120 1906 1190 participet
1929 1120 1994 1175 ".

478 1217 651 1268 Homo
678 1222 735 1289 ut
764 1224 975 1268 creatus
997 1252 1012 1277 ,
1040 1214 1452 1285 ἀναμάρτητος.
1478 1213 1705 1267 Arbitrii
1753 1213 1993 1278 libertas,

408 1335 479 1345 --
501 1305 644 1371 Quin
675 1306 840 1359 etiam
877 1306 1020 1361 Deus
1049 1304 1205 1359 illum
1238 1312 1438 1359 natura
1476 1320 1506 1358 a
1538 1312 1772 1375 peccato
1804 1306 2002 1359 immu-

412 1413 534 1452 nem
563 1398 777 1461 creavit
797 1440 812 1464 ,
843 1398 1142 1468 liberaeque
1170 1396 1497 1452 voluntatis.
1530 1395 1838 1450 Immunem
1862 1436 1877 1462 ,
1917 1396 2003 1450 in-

411 1504 578 1560 quam
603 1530 618 1554 ,
650 1504 678 1542 a
713 1500 966 1560 peccato,
995 1505 1102 1545 non
1145 1487 1291 1559 quod
1320 1488 1538 1560 peccati
1573 1486 1801 1543 minime
1832 1502 2007 1557 capax

412 1591 561 1635 esset
598 1580 802 1652 (nemo
834 1584 979 1635 enim
1013 1590 1212 1652 praeter
1242 1581 1416 1635 Deum
1445 1590 1566 1646 est,
1603 1579 1695 1649 qui
1730 1595 1840 1633 non
1874 1593 2006 1650 pec-

414 1689 546 1727 care
581 1674 799 1744 qut-at),
844 1673 938 1728 sed
965 1674 1110 1743 quod
1138 1673 1351 1744 peccati
1380 1672 1871 1744 perpetrationem,
1898 1686 2007 1726 non

416 1765 470 1818 in
508 1773 740 1831 natura,
777 1765 873 1819 sed
902 1765 957 1819 in
993 1764 1299 1822 voluntatis
1333 1767 1606 1822 electione
1657 1764 2008 1820 admissurus

414 1864 561 1910 esset
588 1874 603 1923 ;
652 1856 703 1911 id
734 1864 819 1912 est
841 1896 855 1914 .
890 1871 1015 1911 cum
1048 1855 1249 1912 divinae
1288 1857 1482 1928 gratim
1525 1856 1847 1926 adjumcnto
1875 1872 2002 1926 per-

415 1962 671 2004 severare
697 1955 752 2008 et
780 1950 837 2003 in
867 1949 1013 2003 bono
1039 1948 1312 2019 prolicere
1337 1958 1567 2024 posset,
1589 1965 1653 2004 ac
1681 1963 1878 2003 rursus
1906 1961 2003 2017 per

413 2037 632 2090 arbitrii
665 2037 981 2091 libertatem
1008 2052 1039 2091 a
1069 2039 1277 2093 virtute
1305 2038 1566 2094 recedere
1587 2080 1600 2101 ,
1635 2039 1843 2108 Deique
1875 2054 2002 2108 per-

417 2127 686 2183 missione
720 2128 775 2181 in
811 2128 1005 2183 vitium
1051 2130 1185 2185 labi.
1222 2128 1381 2184 Ilaud
1415 2130 1562 2184 enim
1598 2131 1788 2185 virtuti
1820 2133 1997 2201 depu-

417 2218 681 2283 tandum,
716 2219 867 2290 quod
903 2220 1098 2276 invitis
1128 2221 1293 2276 nobis
1330 2223 1511 2291 agitur
1540 2223 1610 2280 ³⁷.

489 2329 565 2384 De
593 2332 889 2385 anima.-—-
912 2329 1035 2386 Jam
1068 2347 1200 2388 vero
1233 2333 1421 2386 anima
1463 2340 1550 2388 est
1591 2334 1786 2389 vivens
1807 2374 1823 2401 ,
1865 2306 2023 2389 sim;

415 2421 580 2491 plex,
632 2431 686 2475 et
738 2419 1069 2491 incorporea
1124 2422 1287 2493 179
1336 2422 1695 2490 substantia,
1745 2425 2004 2494 corporis

416 2513 706 2566 neruorum
738 2520 939 2583 suapte
967 2524 1172 2568 natura
1207 2530 1433 2569 sensum
1481 2513 1736 2585 fugiens,
1772 2516 2003 2571 immor-

417 2605 577 2668 talis,
615 2605 856 2661 rationis
901 2615 958 2661 et
1006 2606 1387 2677 intelligentiae
1423 2609 1740 2678 particeps,
1782 2607 2004 2678 organis

419 2696 698 2751 instructo
725 2704 889 2753 utens
911 2712 1174 2768 corpore.
1200 2698 1293 2753 cui
1325 2700 1494 2753 vitam
1518 2739 1533 2763 ,
1556 2700 1968 2754 incrementum
1988 2738 2005 2764 ,

420 2803 681 2852 sensum,
715 2797 769 2843 et
803 2790 1069 2861 gignendi
1105 2791 1213 2844 vim
1248 2791 1458 2845 tribuat
1490 2792 1560 2858 ⁸⁸,
1610 2807 1719 2846 non
1767 2791 1929 2845 aliam
1972 2805 2001 2844 a

420 2894 481 2934 se
503 2880 808 2948 seiunctam
860 2889 1099 2936 mentem
1149 2883 1363 2937 habens
1399 2883 1599 2950 (mens
1628 2883 1833 2953 quippe
1866 2881 2006 2936 nihil

423 2969 572 3046 aliud
624 2980 711 3025 est
760 2986 926 3040 uitam
982 2970 1357 3027 subtilissima
1411 2973 1592 3043 ipsius
1641 2986 1810 3043 pars:
1857 2971 2006 3041 quod

420 3062 569 3117 enim
600 3063 781 3118 oculis
813 3062 867 3117 in
901 3078 1173 3133 corpore,
1207 3062 1311 3118 hoc
1344 3078 1500 3119 mens
1542 3063 1598 3118 in
1646 3062 1832 3118 anima
1877 3066 2006 3128 est)

423 3154 638 3210 arbitrii
668 3154 955 3220 libertate,
988 3154 1355 3227 voleudique,
1399 3163 1457 3211 et
1500 3155 1699 3226 agendi
1742 3153 2008 3210 facultate

515 3332 561 3364 “
595 3333 757 3405 Greg.
790 3331 924 3389 Naz.
960 3341 1104 3392 orat.
1132 3334 1204 3391 '58
1236 3341 1292 3391 et
1348 3334 1437 3391 4‘2.

2188 1213 2441 1285 Ἐποίησε
2476 1212 2533 1267 δὲ
2561 1214 2724 1268 αὐτὸν
2755 1212 2916 1284 φύσει
2939 1214 3350 1287 ἀναμάρτητον,
3396 1219 3492 1273 καὶ
3521 1219 3681 1292 οελῄο

2105 1323 2189 1359 σει
2214 1304 2581 1369 αὐτεξούσιον.
2638 1305 3051 1377 ’Λναμάρτητον
3084 1306 3140 1360 δέ
3174 1324 3339 1379 φημι,
3360 1308 3460 1380 οὐχ
3502 1312 3578 1374 ὡς
3606 1312 3681 1384 μὴ

2104 1395 2488 1468 ἐπιδεχόμενον
2516 1396 2790 1469 ἁμαρτίαν
2814 1413 2828 1426 ο
2869 1397 3032 1468 μόνον
3070 1398 3180 1468 γὰρ
3218 1398 3279 1451 τὸ
3310 1399 3466 1454 Θεῖον
3495 1402 3682 1472 ἀμαρ-

2105 1487 2223 1552 τίας
2253 1489 2405 1543 ἐστὶν
2427 1488 2776 1542 ἀνεπίδεκτον
2801 1505 2815 1519 ·
2859 1488 2974 1543 ἀλλ’
3009 1489 3108 1560 οὐχ
3161 1490 3237 1555 ὡς
3282 1491 3341 1544 ὲν
3374 1495 3438 1564 τῇ
3476 1492 3498 1521 ⁸
3525 1494 3682 1562 φύσει

2108 1579 2170 1632 τὸ
2209 1580 2547 1651 ἁμαρτάνειν
2569 1578 2780 1648 ἔχοντα,
2825 1580 2884 1632 ἐν
2912 1582 2979 1652 τῇ
3005 1580 3323 1651 προαιρέσει
3350 1582 3407 1635 δὲ
3443 1582 3640 1653 μᾶλλον
3667 1602 3680 1615 ·

2110 1672 2231 1742 ἢτοι
2251 1669 2497 1735 ἐξουσίαν
2542 1669 2732 1740 ἔχοντα
2766 1668 2971 1741 μένειν,
3034 1671 3137 1737 καὶ,
3152 1672 3490 1742 προκόπτειν
3529 1674 3588 1727 ὲν
3610 1675 3718 1745 ’τῷΔ

2111 1763 2323 1834 ἀγαθῷ,
2353 1766 2421 1834 τῇ
2450 1762 2569 1834 θείᾳ
2607 1763 3039 1834 συνεργούμενον
3078 1762 3263 1834 χάριτι
3302 1764 3567 1830 ὡσαύτως
3595 1769 3687 1821 καὶ

2108 1856 2409 1929 τρέπεσθαι
2449 1857 2514 1909 ἐκ
2538 1854 2635 1909 τοῦ
2682 1854 2873 1919 καλοῦ,
2921 1855 3016 1908 καὶ⁵
3054 1857 3112 1908 ὲν
3129 1856 3207 1928 τῷ
3230 1857 3388 1927 κακῷ
3417 1857 3686 1926 γίνεσθαι,

2111 1949 2204 2003 τοῦ
2227 1948 2362 2003 Θεοῦ
2417 1947 2876 2020 παραχωροῦντος
2920 1946 3010 2000 διὰ
3057 1946 3120 2000 τὸ
3151 1947 3526 2013 αὐτεξούσιον.
3575 1951 3688 2004 Οὐκ

2083 2066 2087 2071 α
2112 2043 2281 2114 ἀρετὴ
2309 2041 2415 2113 γὰρ
2444 2041 2504 2093 τὸ
2534 2040 2627 2111 βίᾳ
2656 2037 2959 2109 γινόμενον.

2182 2328 2343 2401 ὶι”υχὴ
2365 2328 2547 2383 τοίνυν
2577 2328 2688 2399 (78)
2748 2329 2919 2394 ἐστὶν,
2981 2329 3138 2383 οὐσία
3175 2329 3344 2398 ζῶσα,
3401 2328 3545 2402 ἀττλῆ
3587 2332 3685 2385 ita).

2111 2419 2422 2491 ἀσώματος,
2464 2423 2799 2491 σωματικοῖς
2823 2419 3126 2490 ὀφθαλμοῖς
3166 2421 3288 2476 κατ’
3325 2422 3528 2475 οίκείαν
3582 2421 3686 2490 φύ-

2113 2514 2203 2565 σιν
2222 2512 2476 2582 ἀόρατος,
2504 2511 2788 2577 ἀθάνατος,
2810 2512 3002 2582 λογική
3028 2529 3087 2565 τε
3111 2513 3208 2566 καὶ
3226 2513 3406 2585 νοερὰ,
3431 2514 3691 2583 ἀσχημά-

2111 2620 2313 2667 τιστος,
2367 2601 2647 2673 ὀργανικῷ
2712 2603 3027 2674 κεχρημένη
3081 2602 3317 2674 σώματι,
3369 2604 3466 2658 καὶ
3519 2603 3696 2676 τούτῳ

2114 2695 2285 2766 ζωῆς,
2310 2694 2593 2767 αὐξήσεώς
2649 2712 2729 2759 τε,
2761 2696 2857 2749 καὶ
2900 2694 3232 2766 αἰσθήσεως,
3262 2695 3358 2751 καὶ
3386 2696 3693 2766 γεννήσεως

2114 2785 2448 2856 παρεκτικὴ,
2481 2784 2580 2854 οὐχ
2611 2784 2799 2854 ἕτερον
2828 2783 3025 2854 ἔχουσα
3061 2784 3174 2854 (79)
3204 2784 3333 2855 παρ’
3361 2784 3562 2854 ἑαυτὴν
3597 2784 3689 2837 τὸν

2112 2877 2259 2940 νοῦν,
2310 2876 2448 2931 ἀλλὰ
2488 2876 2653 2946 μέρος
2708 2876 2879 2947 αὐτῆς
2923 2879 2985 2929 τὸ
3025 2875 3451 2946 καθαρώτατον·
3498 2876 3690 2947 ὥσπερ

2114 2969 2221 3038 γὰρ
2252 2966 2526 3038 ὀφθαλμὸς
2552 2969 2609 3019 ἐν
2641 2965 2880 3039 σώματι,
2906 2965 3078 3031 οὕτως
3111 2969 3169 3021 ἐν
3197 2967 3343 3040 ψυχῇ
3374 2967 3528 3032 νοῦςο
3560 2966 3692 3021 aiis-

2115 3061 2375 3127 εξούσιος,
2436 3059 2693 3132 θελητική
2750 3076 2834 3125 τε,
2898 3059 2995 3113 καὶ
3069 3050 3419 3130 ἐνεργητικὴ,
3465 3059 3693 3130 τρεπτὴ,

2113 3152 2236 3223 ἦτοι
2282 3151 2688 3221 ὲθελότρεπτος,
2749 3152 2832 3204 ὅτι
2861 3151 2961 3205 καὶ
3002 3153 3215 3220 κτιστή.
3264 3152 3460 3205 Πάντα
3519 3149 3697 3204 ταῦτα

1539 3335 1585 3367 ⁸⁷
1641 3316 1847 3391 Athan.
1879 3332 1979 3389 lib.
2009 3331 2084 3386 De
2114 3333 2256 3389 inab.
2301 3338 2473 3385 contr.
2500 3329 2672 3398 Apoll.
2751 3331 2796 3362 ⁸⁸
2824 3329 3041 3387 Maxim.
3067 3345 3205 3400 opus
3231 3331 3307 3387 De
3333 3331 3535 3387 anima.

1752 3488 1992 3547 VARle
2030 3486 2435 3545 LECTIONES.

503 3633 529 3666 τ
563 3624 639 3681 lta
677 3624 813 3697 Reg.
847 3626 1010 3691 5451,
1043 3634 1097 3683 et
1133 3627 1372 3697 postulat
1404 3627 1602 3683 oratio.
1680 3639 1701 3666 ³
1735 3626 1827 3682 Sic
1868 3627 2001 3696 Reg.
2035 3624 2177 3680 5562
2204 3635 2258 3683 et
2280 3626 2443 3681 5i51.
2477 3624 2620 3681 Edit.
2655 3634 2708 3680 et
2736 3625 2828 3679 alii
2858 3625 2972 3679 ἀλλ’
3005 3625 3106 3680 οὐκ
3144 3627 3202 3682 ὲν
3228 3628 3317 3696 τῇ.

1958 3758 2196 3815 NOTAE.

502 3873 640 3944 (78).
678 3874 857 3944 Ψυχὴ
892 3874 1123 3929 τοίνυν.
1154 3874 1283 3929 lam
1316 3891 1436 3931 vero
1482 3874 1664 3929 anima
1701 3882 1780 3928 est
1810 3874 2009 3936 vivens,
2041 3876 2082 3932 C
2115 3871 2254 3942 phos
2285 3872 2426 3927 alios
2478 3871 2757 3944 docuisse,
2805 3870 2956 3935 aliud
3012 3871 3252 3944 animum
3289 3886 3422 3944 esse,
3453 3880 3503 3925 et
3548 3867 3698 3944 aliud

429 3953 539 4000 ctc.
570 3943 764 4000 Patres
812 3960 957 4015 aegre
999 3947 1250 4015 tulerunt
1313 3945 1383 3999 ab
1418 3945 1730 4015 Aristotele
1771 3943 2012 4015 animam

431 4015 656 4085 deliniri
693 4011 1035 4085 ἐντελέχειαν
1078 4014 1308 4085 πρώτην
1361 4014 1613 4085 σώματος
1666 4011 1896 4085 φυσικοῦ
1926 4012 2016 4085 ὀρ-

429 4083 680 4155 γανικοῦ,
728 4082 911 4139 actum
937 4086 1165 4153 primum
1205 4082 1687 4155 cofrporis‘organis
1740 4082 2013 4155 instructi,

434 4152 498 4209 ac
528 4157 572 4210 si
604 4172 669 4210 ex
704 4156 809 4209 hac
848 4152 1167 4209 dellnitiohe
1190 4152 1567 4222 subsequatur
1596 4154 1835 4207 animam
1867 4152 1921 4207 in
1956 4168 2018 4209 se

434 4241 543 4280 non
585 4226 921 4287 consistere,
969 4223 1067 4279 sed
1117 4238 1242 4277 cum
1300 4237 1535 4293 corpore
1584 4224 1813 4279 dissolvi
1845 4232 1900 4278 et
1935 4223 2019 4277 in-

434 4297 621 4352 terire.
664 4295 879 4350 Tullius
920 4308 1070 4357 vero,
1105 4294 1198 4348 lib.
1233 4308 1248 4346 ι
1293 4292 1448 4347 Tusc.
1501 4303 1714 4362 autem,
1764 4293 2018 4347 Philoso-

432 4367 526 4448 phi
578 4375 837 4448 mentem.
875 4365 957 4448 sic.
1009 4364 1268 4448 cupii-eat,
1309 4372 1369 4418 ut
1403 4378 1470 4448 ea
1517 4364 1653 4446 nihil
1681 4364 2017 4448 .animorum

436 4434 841 4493 immortalitati
863 4435 1078 4490 detrahi
1110 4435 1364 4489 videatur
1391 4453 1405 4488 :
1438 4434 1769 4497 Aristoteles,
1809 4434 2010 4503 inquit,

438 4507 589 4575 longe
624 4505 863 4560 omnibus
893 4506 1205 4570 (Platonem
1252 4521 1456 4575 semper
1482 4506 1718 4575 excipio)
1750 4513 2014 4575 prazstans

436 4584 485 4631 et
515 4576 722 4646 ingenio
780 4584 830 4628 et
879 4576 1202 4646 diligentia,
1241 4590 1360 4629 cum
1412 4584 1642 4646 quatuor
1671 4575 1770 4630 illa
1830 4589 2021 4646 genera

436 4645 819 4715 principiorum
866 4645 1000 4698 esset
1032 4645 1359 4712 complexus,
1394 4662 1421 4700 e
1449 4645 1638 4715 quibus
1684 4646 1865 4699 omnia
1910 4645 2020 4699 ori-

438 4726 645 4796 rentur,
690 4715 929 4796 quintani
974 4715 1279 4796 quamdam
1303 4725 1763 4796 naturam-censet
1789 4730 1922 4796 esse,
1955 4728 2021 4768 ea:

438 4802 543 4855 qua
569 4785 643 4855 sit
668 4799 833 4837 mens.
861 4783 1109 4855 Cogitare
1136 4786 1297 4849 enim,
1328 4796 1375 4839 et
1395 4786 1684 4854 providere,
1715 4796 1766 4840 et
1794 4785 2017 4848 discere,

440 4853 489 4908 ιιι
541 4853 747 4920 docere,
787 4863 836 4907 et
885 4854 1113 4910 invenire
1161 4853 1402 4924 aliquid,
1443 4857 1605 4911 etiam
1657 4857 1826 4911 multa
1885 4856 2020 4922 alia,

444 4925 765 4996 meminisse,
803 4940 1005 4988 amare,
1050 4926 1192 4996 angi,
1240 4925 1438 4992 lictori;
1478 4931 1589 4980 Iuec
1624 4936 1675 4983 et
1708 4925 1910 4981 simitia
1932 4941 2022 4979 eo-

443 5011 562 5048 rum
599 4996 655 5049 in
680 4994 868 5049 horum
896 4994 1137 5065 quatuor
1162 5012 1410 5066 generum
1458 4996 1605 5051 nullo
1650 4998 1818 5051 inesse
1845 5006 2021 5066 putat.

446 5066 705 5133 Quintum
730 5067 1129 5137 geunsadhibet
1161 5083 1355 5121 vacans
1384 5067 1614 5131 nomine,
1659 5076 1709 5121 et
1741 5069 1817 5122 sic
1849 5068 2021 5137 ipsum

446 5138 684 5191 animum
733 5136 1073 5208 ἐντελέχειαν
1103 5154 1233 5191 novo
1291 5138 1521 5204 appellat
1571 5138 1800 5202 nomine,
1867 5136 2024 5208 quasi

2119 3940 2363 4008 mentem,
2395 3949 2454 3996 ut
2477 3942 2644 3996 homo
2689 3956 2943 4012 corpore,
2966 3941 3161 3995 'aninta
3210 3942 3517 4009 (sentiente
3548 3940 3697 3995 scili-

2117 4012 2248 4082 cet)
2303 4022 2359 4068 et
2406 4019 2611 4077 mente,
2657 4027 2759 4066 ceu
2802 4012 2978 4066 trihns
3025 4012 3351 4082 substantiis
3398 4018 3697 4082 constaret.

2122 4079 2239 4137 llos
2292 4090 2501 4137 secutus
2532 4093 2609 4136 est
2660 4082 3027 4149 Apollinei-ius
3084 4079 3441 4146 Laodicenus,
3499 4080 3696 4149 inquit,

2116 4153 2213 4207 καὶ
2244 4153 2405 4206 τοῦτο
2437 4151 2756 4222 πηξάμενος
2780 4151 2841 4204 τὸ
2870 4151 3120 4222 θεμέλιον
3143 4151 3243 4220 τῆς
3267 4151 3477 4222 οἰκείας
3520 4149 3698 4222 δόξης,

2118 4167 2213 4207 και
2244 4169 2405 4206 τουτο
2437 4167 2756 4222 πηξαμενος
2780 4167 2841 4204 το
2870 4167 3120 4222 nepetam
3143 4169 3243 4220 της
3267 4167 3477 4213 οικειας
3520 4167 3698 4271 οοςιης,

2118 4223 2316 4292 hocque
2352 4223 2615 4290 opinionis
2643 4222 2936 4291 suw~jacto
2976 4220 3342 4292 fundamento,
3380 4221 3583 4291 reliqua
3645 4236 3701 4274 ο·

2119 4291 2287 4362 gntati
2338 4309 2432 4345 suo
2463 4293 2827 4346 convenientia
2873 4293 3144 4356 astruxit,
3214 4291 3264 4345 id
3299 4299 3417 4362 est,
3456 4302 3694 4362 mentem

2121 4359 2414 4416 luunanam
2439 4362 2664 4418 Christo
2684 4362 2905 4425 ademit,
2943 4363 3101 4431 cujus
3135 4362 3279 4416 vices
3299 4359 3539 4417 Verbum
3570 4360 3700 4415 sub-

2121 4435 2246 4488 iret.
2291 4432 2479 4488 Patres
2527 4446 2660 4489 vero
2703 4432 2807 4487 hoc
2848 4433 3147 4494 inculcant,
3192 4431 3308 4486 ﬁeri
3374 4448 3482 4485 non
3536 4443 3699 4499 posse

2123 4513 2181 4556 ut
2218 4503 2386 4574 homo
2435 4512 2870 4574 menteqcareat,
2925 4502 3125 4574 quippe
3161 4517 3266 4571 qua
3318 4503 3495 4574 solum
3539 4501 3702 4554 habet

2124 4581 2183 4627 ut
2214 4573 2380 4627 homo
2418 4573 2513 4627 sit.
2572 4572 2786 4640 Alioqui
2836 4572 3030 4642 species
3063 4572 3357 4629 'duntaaat
3393 4572 3627 4642 humana
3648 4579 3699 4622 et

2124 4645 2275 4698 larva
2303 4643 2423 4708 erit,
2472 4643 2655 4713 inquit
2694 4640 3027 4714 Theologus,
3080 4642 3295 4714 epist.i
3353 4641 3421 4714 ad
3450 4640 3695 4714 Cledqn.,

2123 4714 2305 4768 anima
2332 4721 2509 4767 autent
2540 4708 2679 4782 equi,
2726 4723 2819 4768 aut
2859 4708 3024 4778 bovis,
3057 4708 3149 4765 aut
3201 4712 3430 4782 cujusvis
3455 4708 3694 4782 alterius,

2121 4784 2260 4855 quod
2285 4776 2637 4855 intelligentia
2663 4776 2866 4855 careat.
2908 4783 2988 4837 Ad
3011 4776 3138 4855 haec
3160 4776 3288 4851 quia
3332 4776 3699 4855 Phot_ius_Maf

2125 4846 2380 4909 nichaico
2436 4846 2651 4907 necnon
2717 4852 3105 4908 Massalianico
3164 4846 3351 4907 érrore
3421 4846 3701 4902 cliutierat

2124 4924 2262 4980 duas
2298 4925 2354 4977 in
2385 4923 2607 4978 homine
2653 4924 2866 4979 animas
2909 4938 3052 4989 esse,
3102 4932 3293 4977 octava
3327 4919 3572 4990 synodus
3599 4917 3700 4972 de-
3796 4916 3801 4920 ’

2129 4996 2305 5050 linivit
2336 4994 2559 5047 unicam
2605 5007 2732 5048 esse
2774 4994 3010 5048 hominis
3039 4993 3298 5057 animam,
3334 5005 3446 5059 qua
3508 5002 3705 5059 nempe

2127 5068 2325 5136 vigeat,
2359 5063 2566 5136 sentiat
2626 5071 2679 5116 et
2738 5063 3030 5136 intelligat.
3062 5056 3453 5136 Nygssenusﬁpe
3485 5056 3700 5136 opificio

2127 5131 2268 5189 lto'm.
2302 5135 2402 5188 soli
2435 5134 2689 5187 humanae
2720 5134 2887 5187 menti
2921 5131 3173 5189 concedit
3220 5141 3280 5187 ut
3311 5131 3496 5185 anima
3553 5132 3626 5182 sit
3656 5136 3707 5181 et

447 5210 814 5262 continuatam
837 5199 1125 5278 quamdam
1155 5199 1437 5262 motionem
1468 5199 1828 5276 etperennem.
1864 5199 2020 5272 Quod
2056 5222 2097 5277 ι)
2129 5207 2467 5272 nominetur,
2519 5211 2755 5278 caeteras
2808 5219 2917 5257 non
2967 5204 3213 5278 proprie
3274 5202 3382 5258 dici
3446 5199 3702 5277 animas:

449 5278 492 5347 si
536 5293 724 5333 verum
777 5276 863 5332 est
919 5279 1024 5333 hoc
1071 5276 1320 5331 Platonis
1373 5279 1807 5347 pronuntiatum,
1874 5277 2021 5346 quod

450 5346 642 5404 Patres
673 5351 808 5402 tanti
846 5347 1116 5410 fecerunt,
1146 5356 1205 5400 ut
1234 5348 1361 5400 inde
1384 5346 1699 5402 animorum
1737 5347 2023 5401 immorta-

453 5417 657 5488 litatem
690 5418 1032 5488 colligerent,
1061 5432 1211 5471 omne
1237 5418 1373 5488 quod
1399 5419 1611 5486 perenni
1647 5427 1792 5472 motu
1822 5418 2021 5488 agitur,

452 5486 692 5540 interimi
721 5486 1104 5550 non’subesse,
1126 5503 1216 5555 en,
1250 5487 1516 5544 Cicerone
1538 5496 1698 5555 teste,
1754 5486 2024 5542 Aristote-

454 5555 543 5627 les
592 5558 967 5627 continuatam
1022 5567 1077 5614 et
1138 5574 1433 5627 perennem
1480 5560 1783 5614 motionem
1837 5558 2024 5612 animo

456 5623 667 5699 tribuit,
694 5628 927 5699 coqunt!
950 5628 1022 5681 sit
1046 5623 1373 5699 ἐντελέχεια,
1406 5637 1576 5699 actus.

528 5689 671 5764 (79).»
697 5689 819 5760 Οὐχ
880 5694 1083 5762 ἕτερον
1115 5689 1368 5764 exonera.
1402 5696 1523 5751 Non
1561 5697 1725 5750 aliaat
1756 5715 1789 5750 a
1813 5714 1888 5760 se,
1920 5708 2026 5751 etc.

459 5760 768 5825 Ncmcsius,
804 5777 924 5830 cap.
964 5760 1011 5826 ἰ,
1050 5760 1302 5819 observat
1355 5764 1629 5821 Plotinum
1678 5776 1731 5818 ct
1766 5769 2010 5836 philo-'0-

2128 5283 2367 5330 menlem
2406 5266 2536 5328 vero
2569 5273 2637 5327 ab
2668 5275 2850 5326 anima
2877 5266 3435 5329 ratione'utentenon
3473 5266 3702 5325 secerni.

2125 5345 2396 5399 Maximus
2438 5344 2530 5399 lib.
2555 5341 2633 5397 De
2663 5343 2862 5407 anima,
2912 5351 3150 5397 mentem
3190 5358 3318 5397 cum
3371 5341 3703 5395 Damasceno

2127 5424 2285 5471 vocat
2312 5414 2655 5482 purissimam
2683 5412 2876 5487 anima:
2906 5423 3131 5487 partem,
3179 5414 3345 5487 μέρος
3383 5408 3707 5487 καθαρώτατ

2125 5504 2236 5551 τον,
2271 5479 2389 5554 qua:
2434 5500 2536 5559 non
2575 5485 2912 5559 extrinsecus
2954 5479 3483 5559 aninue_‘_adveniat,
3538 5479 3704 5559 veluti

2131 5551 2324 5622 nempe
2370 5555 2719 5610 Aristotelem
2756 5555 3104 5610 existimasse
3162 5552 3450 5609 Nemcsius
3505 5551 3704 5622 tradit;

2131 5643 2193 5699 ae
2234 5619 2280 5680 si
2337 5624 2403 5678 ad
2451 5625 2743 5699 essentiam
2790 5625 3033 5699 hominis
3082 5640 3192 5699 non
3250 5624 3564 5683 conferret,
3614 5619 3708 5699 sed

2139 5698 2217 5757 εἰς
2247 5695 2527 5765 προκοπὴν
2576 5695 2674 5766 τῆς
2702 5694 2978 5764 γνώσεως,
3036 5696 3104 5749 αα
3150 5707 3483 5765 Ρνοθνεδδίίίη
3529 5694 3706 5762 “Tm

2126 5766 2300 5820 tionis.
