3996 6166
270 192 281 202 Χ
333 256 439 318 933
1273 192 1276 195 Ι
1393 247 1490 307 DE
1522 244 1698 305 FIDE
1735 238 2200 303 ORTHODOXA
2233 241 2379 302 LIB.
2407 241 2488 301 II.

3497 235 3566 298 ~33
3576 238 3606 297 4

335 368 368 438 ἦ
409 364 721 435 νομίζοντες
757 359 1061 415 ἀδικεῖσθαι
1091 399 1104 423 ,
1160 357 1514 428 λυπούμεθα·
1557 355 1650 409 καὶ
1712 353 1922 422 γίνεται

2043 351 2096 404 )b
2130 350 2320 420 aliquo
2349 351 2620 415 ltcdimur,
2676 358 2769 402 aut
2800 346 2920 402 ltcdi
2957 361 3060 402 nos
3094 341 3484 406 existimanus,
3519 344 3602 396 ira

334 457 450 510 τότε
488 453 679 524 μικτὸν
709 452 770 505 τὸ
812 451 981 515 πάθος
1013 450 1074 514 ἐξ
1097 449 1395 520 ἐπιθυμίας
1421 450 1516 501 καὶ
1544 445 1739 516 θυμοῦ.

405 629 532 700 Εῖδη
561 628 618 681 δὲ
642 627 733 680 τοῦ
761 626 941 697 θυμοῦ
967 627 1096 697 τρία
1120 647 1130 657 ·
1159 626 1322 698 ὀργὴ,
1343 627 1467 698 ἥτις
1492 625 1740 680 καλεῖται
1761 623 1914 694 χολὴ,

335 722 428 773 καὶ
458 719 637 789 χόλος,
679 717 775 769 καὶ
826 717 1014 787 μῆνις,
1065 717 1160 770 καὶ¹
1215 719 1398 780 κότος.
1429 716 1614 788 Θυμὸς
1655 717 1754 788 μὲν
1810 715 1918 786 γὰρ

333 812 508 880 ἀρχὴν
538 809 634 862 καὶ
667 807 883 878 κίνησιν
925 809 1084 877 ἔχων,
1126 809 1285 879 ὀργὴ,
1313 810 1405 862 καὶ
1438 808 1589 880 χολὴ,
1624 809 1718 862 καὶ
1765 809 1919 878 χόλος

335 903 574 969 λέγεται.
610 901 790 968 Μῆνις
821 900 898 964 δὲ,
941 899 1080 974 ,χολὴ
1130 900 1486 970 ἐπιμένουσα,
1514 900 1684 970 ἤγουν
1729 916 1920 970 μνησι-

336 994 538 1048 κακίαο
572 992 791 1064 εἴρηται
832 992 888 1045 δὲ
923 994 1076 1064 παρὰ
1102 993 1164 1047 τὸ
1207 994 1412 1063 μένειν,
1459 993 1556 1045 καὶ
1599 994 1665 1063 τῇ
1729 993 1920 1064 μνήμῃ

340 1084 750 1158 παραδίδοσθαι.
784 1085 956 1147 Κότος
981 1085 1058 1150 δὲ,
1086 1085 1226 1157 ὀργὴ
1251 1085 1590 1157 ἐπιτηροῦσα
1623 1085 1813 1154 καιρὸν
1840 1085 1921 1146 είς

287 1206 289 1208 -
339 1174 610 1246 τιμωρίαν
639 1191 650 1202 ·
689 1173 909 1254 εἴρηται
938 1175 997 1228 δὲ
1031 1169 1190 1240 οὗτος
1222 1177 1375 1248 παρὰ
1399 1175 1462 1229 τὸ
1496 1175 1732 1230 κεῖσθαι.

419 1525 575 1576 Ἔστι
621 1525 678 1577 δὲ
717 1526 746 1578 ὁ
778 1525 949 1595 θυμὸς
997 1528 1058 1580 τὸ
1106 1527 1465 1599 δορυφορικὸν
1493 1526 1586 1580 τοῦ
1630 1526 1918 1596 λογισμοῦ,

345 1613 556 1676 ἔκδικος
595 1615 696 1684 τῆς
749 1616 1070 1686 ἐπιθυμίας.
1110 1615 1277 1672 Ὅταν
1326 1615 1433 1688 γὰρ
1489 1617 1922 1688 ἐπιθυμήσωμεν

2020 457 2441 497 commoventur
2476 462 2488 496 :
2523 457 2586 497 ac
2615 452 2746 497 tunc
2796 441 3000 496 mistus
3033 439 3088 492 Iit
3119 437 3208 492 hic
3249 435 3482 490 aIchtus
3534 451 3603 488 cx

2023 534 2330 603 cupiditate
2355 546 2409 590 et
2441 536 2551 590 ira.

2093 625 2220 678 Tres
2252 627 2349 680 ira:
2377 629 2667 694 species.-——
2698 621 2834 678 Tres
2868 637 3034 692 porro
3068 620 3163 674 ira:
3193 627 3322 675 sunt
3357 616 3607 690 species:

2023 717 2520 782 Excandescentia,
2585 731 2708 786 quas
2761 722 2816 770 et
2857 714 3008 785 χολὴ,
3081 723 3136 769 et
3173 713 3330 783 χολος
3362 712 3608 775 dicitur;

2024 808 2202 878 μῆνις,
2232 808 2458 872 item,et
2481 808 2657 871 κότος.
2697 806 2832 861 Nam
2863 822 2989 862 eum
3022 809 3103 862 ira
3137 807 3404 868 eiuritur,
3431 819 3615 858 move-

2023 901 2184 970 rique
2221 901 2437 970 incipit,
2464 901 2595 956 bilis
2642 907 3018 970 nuncupatur.
3076 899 3237 969 μῆνις
3293 905 3479 952 autem
3528 903 3614 949 est
3655 944 3660 950 .

2025 992 2153 1048 bilis
2187 992 2532 1058 diuturnior,
2591 992 2706 1049 sive
2755 999 2997 1061 acceptae
3057 991 3276 1060 injuriae
3325 989 3612 1044 memoria.

2026 1085 2183 1141 Unde
2218 1088 2386 1142 etiam
2418 1087 2522 1142 hoc
2551 1101 2752 1142 nomen
2784 1094 2946 1140 nacta
3001 1094 3088 1140 est
3116 1085 3225 1139 ἀπὸ
3254 1083 3351 1137 τοῦ
3409 1083 3614 1153 μένειν,

2021 1180 2074 1234 id
2094 1188 2178 1234 est
2207 1180 2352 1250 quod
2382 1187 2601 1235 maneat
2633 1185 2686 1234 et
2715 1179 2991 1234 memoriae
3017 1177 3290 1231 tradatur.
3320 1176 3492 1238 Κὺτος
3530 1175 3620 1227 de-

2025 1270 2192 1339 nique
2224 1277 2309 1324 est
2329 1269 2413 1324 ira
2450 1268 2754 1324 ulciscendi
2777 1269 3134 1323 occasionem
3175 1266 3334 1336 183
3363 1273 3615 1334 captans,

2023 1361 2170 1417 unde
2195 1369 2251 1417 et
2272 1376 2470 1417 nomen
2498 1361 2784 1416 traxitarrb
2806 1362 2902 1415 τοῦ
2922 1359 3156 1426 κεῖσθαι,
3188 1359 3241 1413 id
3265 1370 3369 1424 est,
3384 1373 3450 1413 eo
3473 1355 3618 1426 quod

2018 1455 2207 1509 mima
2239 1454 2486 1523 reposita
2513 1454 2608 1509 sit.

2080 1539 2196 1604 Ira,
2224 1541 2453 1594 rationis
2477 1540 2712 1604 satelles,
2743 1540 2933 1594 vindex
2957 1535 3494 1609 concupi’scentiw.—-
3526 1541 3623 1594 Est

2034 1646 2203 1701 porro
2229 1632 2313 1686 ira
2346 1633 2581 1686 rationis
2611 1632 2854 1697 satelles,
2888 1632 3085 1686 vindex
3112 1631 3455 1701 cupiditatis.
3482 1629 3620 1684 Nam

347 1705 690 1776 πράγματος,
737 1707 830 1759 καὶ
876 1706 1208 1778 κωλυθῶμεν
1247 1709 1351 1762 ὑπό
1390 1726 1554 1773 τινος,
1606 1708 1924 1778 θυμούμεθα

2043 1738 2162 1778 cum
2191 1723 2272 1778 rei
2336 1723 2578 1792 alicujus
2599 1722 2876 1778 desiderio
2905 1731 3180 1785 tenemur,
3241 1732 3406 1791 atque
3427 1722 3497 1776 ab
3525 1721 3627 1773 ali-

349 1795 471 1847 κατ⁹
510 1795 704 1864 αὑτοῦ,
728 1797 803 1860 ὡς
831 1799 1185 1868 ἀδικηθέντες
1207 1816 1220 1829 ·
1252 1801 1347 1853 τοῦ
1389 1799 1655 1870 λογισμοῦ
1681 1799 1925 1870 δηλονότι

351 1888 638 1957 κρίναντος
679 1889 827 1954 ἄξιον
883 1891 1314 1963 ἀγανακτήσεως
1360 1892 1421 1944 τὸ
1468 1891 1786 1961 γενόμενον,
1835 1892 1930 1945 ἐπὶ

349 1975 457 2030 τῶν
491 1977 865 2048 φυλαττόντων
897 1981 1042 2036 κατὰ
1070 1981 1232 2050 φύσιν
1255 1982 1354 2054 τὴν
1379 1981 1588 2036 οἰκείαν
1609 1981 1786 2047 τάξιν.

839 2157 1092 2211 mima.
1136 2159 1214 2210 IZ'
1257 2157 1433 2229 [AA'].

830 2245 972 2313 Περὶ
1001 2249 1441 2316 φανταστικοῦ.

417 2336 782 2390 Φανταστικόν
815 2340 931 2391 ἐστι
959 2339 1192 2409 δύναμις
1229 2341 1328 2410 τῆς
1364 2340 1560 2408 ἀλόγου
1594 2341 1793 2410 ψυχῆς,
1842 2341 1930 2393 διὰ

346 2428 456 2483 τῶν
487 2428 860 2500 αἰσθητηρίων
893 2432 1216 2502 ἐνεργοῦσα,
1243 2432 1366 2502 ἥτις
1398 2431 1619 2501 λέγεται
1651 2432 1926 2503 αἴσθησις.

347 2522 653 2574 Φανταστὸν
680 2521 756 2588 δὲ,
784 2523 879 2576 καὶ
921 2522 1202 2594 αἰσθητὸν,
1225 2523 1286 2576 τὸ
1317 2525 1384 2594 τῇ
1407 2525 1704 2595 φαντασίᾳ,
1729 2525 1823 2577 καὶ
1861 2526 1926 2595 τῇ

351 2611 602 2679 αἰσθήσει
632 2611 972 2664 ὑποπῖπτον·
1012 2613 1088 2676 ὡς
1122 2613 1315 2681 ὅρασις
1348 2613 1468 2682 μὲν,
1501 2614 1696 2684 αὐτὴὴ
1730 2615 1930 2684 ὀπτικὴ

352 2703 613 2771 δύναμιςο
658 2701 854 2771 ὁρατὸν
885 2702 967 2765 δὲ,
993 2702 1054 2754 τὸ
1091 2703 1402 2758 ὑποπίπτον
1432 2709 1500 2775 τῇ
1544 2706 1755 2776 ὁράσει,
1785 2705 1930 2769 λίθος

353 2792 594 2863 τυχὸν,ἥ
640 2809 692 2844 τι
732 2794 839 2846 τῶν
884 2791 1164 2849 τοιούτων.
1194 2796 1471 2850 Φαντασία
1513 2797 1570 2850 δέ
1613 2800 1731 2850 ἐστι
1759 2799 1930 2862 πάθος

353 2885 451 2953 τῆς
477 2884 672 2951 ἀλόγου
707 2883 904 2953 ψυχῆς,
934 2884 1040 2937 ὑπὸ
1089 2885 1398 2954 φανταστοῦ
1431 2905 1576 2952 τινος
1622 2889 1928 2958 γινόμενον.

357 2973 657 3042 Φάντασμά
689 2971 799 3044 (82)
835 2971 912 3039 δὲ,
941 2974 1114 3038 πάθος
1168 2975 1416 3031 διάκενον
1450 2979 1509 3032 ἐν
1557 2981 1669 3042 τοῖς
1715 2981 1933 3050 ἀλόγοις

357 3062 456 3133 τῆς
486 3040 665 3132 ψυχῆς
695 3040 789 3116 (Virri
817 3062 1027 3128 οὐδενὸς
1067 3067 1374 3134 φανταστοῦ
1403 3040 1933 3142 γινόμενον.’οργα;
1960 3040 2002 3097 C

359 3169 448 3206 vov
477 3151 532 3204 δὲ
585 3149 677 3204 τοῦ
719 3152 1117 3222 φανταστικοῦ,
1152 3155 1186 3224 ἡ
1246 3156 1583 3231 ὲμπρόσθιος
1622 3158 1799 3212 κοιλία
1838 3159 1934 3212 τοῦ

362 3243 689 3314 ἐγκεφάλου.

853 3568 1107 3622 ΚΕΦΑΛ.
1149 3569 1235 3622 ur
1253 3622 1256 3626 _
1276 3569 1454 3642 [AB’}.

876 3661 1017 3728 Περὶ
1051 3661 1414 3732 αἰσθήσεως.
1699 3717 1702 3719 λ

435 3749 696 3821 Αἴσθησίς
715 3752 832 3808 ἐστι
852 3751 1083 3823 δύναμις
1103 3754 1204 3824 τῆς
1232 3754 1414 3824 ψυχῆς
1442 3755 1808 3828 ἀντιληπτικὴ
1832 3757 1942 3810 τῶν

367 3841 528 3904 ὑλῶν,
560 3841 728 3910 ¹ἤγουν
760 3841 1156 3912 διαγνωστικὴ.
1182 3844 1522 3916 Δίσθητήρια
1565 3845 1642 3910 δὲ,
1671 3845 1743 3898 τὰ
1767 3847 1941 3916 ὄργα-

364 3946 450 3993 να,
479 3930 648 4000 ἤγουν
677 3931 744 3984 τὰ
774 3931 914 4002 μέλη
942 3931 1010 3984 δι’
1043 3925 1118 3986 ὦν
1161 3933 1532 4004 αἰσθανόμεθα
1557 3952 1571 3966 ·
1597 3936 1832 4006 αἰσθητὰ
1859 3938 1938 4002 δὲ,

367 4021 432 4073 τά
459 4021 527 4090 τῇ
560 4019 811 4091 αἰσθήσει
843 4022 1216 4076 ὑποπίπτοντα
1235 4041 1249 4053 ’
1275 4025 1590 4096 αἰσθητικὸν
1611 4028 1690 4094 δὲ,
1719 4029 1780 4081 τὸ
1802 4028 1941 4093 ζῶον

364 4116 426 4169 τὸ
475 4116 594 4185 ἔχον
643 4117 741 4185 τὴν
798 4117 1073 4186 αἴσθησιν.
1115 4118 1240 4171 Εἰσὶ
1303 4119 1362 4173 δὲ
1415 4122 1701 4193 αἰσθήσεις
1755 4124 1939 4190 πέντε,

370 4209 570 4277 ὁμοίως
595 4209 692 4261 καὶ
720 4208 1050 4280 αίσθητήρια
1085 4210 1270 4265 πέντε.

2031 1827 2146 1881 quo
2179 1813 2535 1879 cohibentur,
2569 1821 2704 1867 tunc
2736 1812 2896 1883 quasi
2929 1812 3132 1881 injuria
3151 1820 3400 1881 accepta,
3427 1812 3622 1866 adver-

2031 1919 2132 1960 sus
2184 1905 2340 1958 illum
2395 1906 2891 1974 excandescimus;
2943 1906 3157 1960 ratione
3202 1904 3455 1960 videlicet
3500 1919 3622 1958 eam

2035 2011 2156 2050 rem
2212 1995 2497 2051 iracundia
2524 1995 2742 2064 dignam
2763 1995 3063 2066 judicanle,
3097 1995 3149 2048 in
3197 1994 3304 2049 illis
3322 1994 3508 2062 utique
3529 1993 3622 2062 qui

2032 2086 2284 2142 ordinem
2341 2102 2503 2142 suum
2541 2094 2790 2149 tuentur.
2825 2094 2888 2141 ut
2918 2095 3130 2141 natura:
3176 2085 3314 2140 ratio
3359 2085 3620 2154 postulat.

2651 2175 2802 2232 CAP.
2838 2174 3001 2230 XVII.

2526 2270 2604 2324 De
2647 2272 2695 2323 vi
2745 2269 3134 2338 t'maginatrt'ce.

2104 2367 2248 2432 Quid
2263 2368 2330 2421 sit
2345 2361 2851 2436 imaginatio.-——Vis
2864 2362 3588 2432 imaginandi,irrationabili
3599 2381 3625 2420 s

2041 2454 2240 2509 animae
2258 2455 2428 2524 partis
2459 2453 2692 2508 facultas
2715 2459 2820 2514 est,
2843 2465 2942 2520 per
2961 2467 3224 2506 sensuum
3248 2467 3453 2522 organa
3494 2468 3622 2524 epe-

2034 2561 2165 2600 rans
2195 2564 2210 2614 ;
2241 2562 2365 2616 quae
2387 2555 2442 2601 et
2471 2560 2670 2600 sensus
2713 2543 2937 2599 dicitur.
2971 2545 3281 2598 Φανταστὸν
3331 2555 3626 2612 autem,-et

2031 2635 2294 2692 sensibile
2335 2635 2472 2690 illud
2533 2634 2858 2704 appellatur,
2906 2633 3053 2703 quod
3104 2634 3208 2689 sub
3240 2633 3347 2688 vim
3388 2634 3538 2688 illam
3572 2644 3627 2687 ct

2032 2742 2260 2782 sensum
2288 2728 2457 2794 cadit,
2521 2744 2574 2782 v.
2624 2743 2708 2796 gr.
2759 2727 2915 2781 visus
2957 2726 3076 2796 ipsa
3108 2727 3190 2782 vis
3209 2736 3292 2780 est
3323 2726 3624 2791 cernendi;

2033 2818 2274 2879 visibile,
2308 2819 2454 2887 quod
2495 2818 2634 2873 visui
2665 2817 3001 2885 subjicitur;
3032 2825 3182 2887 puta,
3216 2817 3376 2886 lapis,
3408 2827 3502 2874 aut
3530 2819 3628 2872 ali-

2033 2910 2163 2978 quid
2206 2908 2544 2977 hujusmodi.
2575 2909 2899 2978 Iutaginatio
2931 2925 3095 2978 porro
3125 2917 3212 2966 est
3243 2910 3462 2964 allec-tio
3491 2913 3631 2965 irra-

2038 3002 2317 3058 tionabilis
2355 3003 2549 3056 animai
2577 3017 2643 3056 ex
2689 3003 2872 3072 aliqua
2917 3017 2998 3066 re,
3033 3018 3156 3072 qua:
3202 3003 3260 3057 in
3293 3003 3630 3072 imaginandi

2037 3099 2144 3150 vim
2165 3097 2350 3160 cadat,
2379 3108 2594 3153 exorta.
2639 3096 2974 3180 Phanla'sma
2998 3096 3256 3165 denique,
3293 3110 3390 3152 seu
3426 3096 3628 3162 visunt,

2036 3199 2120 3243 est
2178 3189 2358 3244 inanis
2403 3189 2618 3243 alfeetio
2668 3189 2723 3243 in
2780 3197 2934 3257 parte
2989 3187 3188 3240 animat
3242 3185 3629 3248 irrationabili,

2038 3293 2200 3346 quam
2234 3279 2380 3333 nulla
2413 3295 2525 3343 res,
2559 3295 2680 3348 quae
2709 3277 3090 3347 imaginationi
3127 3275 3476 3346 subjiciatur,
3514 3275 3631 3331 elli-

2038 3370 2169 3424 ciat.
2203 3367 2374 3424 Sedes
2403 3385 2568 3438 porro
2620 3371 2838 3425 virtutis
2886 3366 3227 3440 imaginandi
3267 3375 3354 3423 est
3392 3369 3633 3424 anterior

2045 3461 2252 3514 cerebri
2295 3463 2656 3518 ventriculus.

2635 3572 2788 3626 CAP.
2835 3573 3026 3628 XVIII.

2695 3665 2770 3719 De
2807 3683 2980 3720 sensu.

2117 3753 2329 3810 Sensus
2354 3763 2518 3810 estea
2563 3757 2761 3811 animm
2783 3758 2887 3824 vis,
2919 3771 3042 3828 quae
3060 3773 3149 3813 res
3167 3757 3481 3814 materiales
3507 3773 3631 3828 per-

2045 3849 2198 3916 cipit,
2231 3861 2326 3902 seu
2356 3847 2640 3918 dijudicat.
2677 3849 2938 3904 Senseria
2975 3857 3184 3916 autem,
3222 3864 3428 3919 organa
3481 3860 3629 3912 sunt,

2045 3941 2162 3995 sive
2189 3940 2440 3995 membra
2475 3955 2710 4011 quorum
2744 3941 3011 3996 beneﬁcio
3050 3951 3104 3996 et
3131 3955 3294 4012 opera
3340 3941 3627 3996 sentimus.

2047 4031 2344 4088 Sensibilia
2374 4048 2526 4098 vero,
2568 4048 2633 4089 ea
2659 4033 2910 4103 qute‘sub
2949 4048 3174 4088 sensum
3213 4033 3442 4086 cadunt.
3490 4032 3634 4085 Sen-

2046 4125 2212 4179 tiendi
2238 4141 2435 4195 capax,
2469 4125 2731 4196 denique,
2768 4126 2969 4180 animal
3000 4133 3086 4182 est
3117 4139 3281 4180 sensu
3323 4122 3627 4192 praeditum.

2051 4216 2265 4273 Sensus
2291 4227 2473 4273 autem
2519 4221 2763 4289 quinque
2801 4226 2951 4283 sunt,
2986 4216 3321 4284 totidemque
3370 4228 3632 4268 sensuum

2045 4321 2274 4378 organa.

444 4385 641 4457 Πρώτη
696 4386 988 4458 σεσθησις,
1043 4390 1252 4458 ὅρασις.
1305 4390 1644 4463 Αἰσθητήρια
1697 4396 1788 4464 δὲ,
1851 4399 1934 4452 καλ

2126 4401 2345 4455 Primus
2378 4415 2572 4455 sensus
2596 4408 2681 4455 est
2719 4400 2892 4454 visus.
2924 4396 3182 4452 Senseria
3212 4395 3349 4463 ejus,
3401 4409 3496 4451 seu
3539 4409 3633 4449 or-

368 4477 578 4545 ὖργανα
605 4476 706 4548 τῆς
752 4478 1014 4548 ὁράσεως,
1054 4480 1125 4534 τὰ
1169 4481 1230 4546 ἐξ
1271 4483 1574 4552 ἐγκεφάλου
1620 4485 1809 4558 νεῦρα,
1853 4489 1948 4542 καὶ

372 4571 423 4622 οἱ
456 4569 760 4640 ὀφθαλμοί·
796 4570 1114 4625 αἰσθάνεται
1147 4572 1204 4625 δὲ
1264 4576 1298 4644 ἠ
1350 4573 1494 4642 ὄψις,
1540 4578 1684 4631 κατὰ
1731 4579 1948 4650 πρῶτον

373 4663 470 4731 μὲν
503 4661 680 4728 λόγον,
733 4658 830 4714 τοῦ
885 4662 1208 4733 χρώματος·
1265 4664 1718 4734 συνδιαγινώσκει
1763 4669 1818 4722 δὲ
1867 4670 1944 4740 τῷ

371 4753 637 4824 χρώματι,
669 4753 762 4817 καὶ
791 4752 853 4806 τὸ
885 4755 1272 4826 κεχρωσμένον
1306 4756 1486 4828 σῶμα,
1522 4759 1619 4812 καὶ
1665 4759 1726 4812 τὸ
1766 4760 1932 4830 μέγε-

441 4927 484 4956 ⁶¹⁵
514 4927 728 4982 Νυιηιῖε.
763 4944 893 4998 cap.
925 4928 958 4982 6

2054 4503 2193 4560 gana
2235 4489 2531 4554 sentiendi,
2579 4490 2732 4543 nervi
2766 4499 2950 4560 suate
2994 4488 3220 4542 cerebro
3275 4487 3528 4552 derivati,
3581 4498 3635 4541 et

2054 4559 2223 4634 oculi.
2256 4580 2334 4634 Ac
2370 4582 2525 4635 visus
2555 4559 2792 4648 quidem.
2815 4580 3079 4649 primarie
3111 4579 3349 4635 colorem
3379 4576 3632 4650 percipit,

2055 4681 2109 4728 et
2151 4686 2258 4726 una
2302 4687 2428 4728 cum
2484 4673 2674 4726 colore
2706 4673 2937 4743 corpus
2988 4673 3296 4727 coloratum
3357 4671 3636 4742 dignoscit

2047 4765 2334 4835 ipsiusque
2365 4763 2819 4836 magnitudinem,
2863 4764 3114 4836 ﬁguram,
3169 4766 3353 4822 locum
3409 4766 3466 4818 in
3524 4777 3637 4835 quo

1878 5082 2106 5142 NOTAE}.

453 5169 561 5238 (8'2)
601 5174 941 5243 Φάντασμα.
988 5176 1338 5240 ΡΙιιιηΙαδηια,
1370 5183 1478 5228 etc.
1509 5175 1780 5228 Accurata
1834 5193 1942 5230 non

380 5252 481 5298 est.
503 5244 764 5314 expositio
789 5261 962 5314 eaque
983 5247 1252 5299 duntaxat
1275 5246 1499 5314 exponit
1533 5245 1940 5313 phantasmata,

379 5313 856 5388 «lineamentibus,
878 5313 1396 5388 etumelancbolicis
1432 5315 1946 5388 do_t'_tttientibusqtte

380 5384 726 5455 contingunt,
755 5390 814 5432 ut
839 5385 1073 5451 explicat
1099 5385 1413 5439 Nemesius.
1454 5384 1574 5437 Alia
1608 5401 1743 5440 vero
1767 5384 1947 5455 phan-

383 5456 618 5500 tasmata
647 5448 930 5525 dicuntur,
966 5468 1088 5520 qua:
1138 5469 1390 5525 rerumja
1439 5455 1701 5510 sensibus
1756 5448 1942 5525 perce—

381 5519 1252 5608 PF?)‘P¥:,_E'E?§E:'€%_§29‘2mi
1310 5523 1440 5608 due!
1495 5519 1772 5608 ιιυίερῑπιιῖ
1823 5543 1944 5608 res.

381 5532 613 5597 ptarunr
658 5532 922 5641 imagines
967 5532 1130 5585 sunt,
1174 5532 1252 5576 uti
1310 5532 1440 5578 dum
1495 5532 1772 5596 quispiam
1833 5543 1944 5592 res,

380 5603 521 5654 quas
545 5587 671 5641 ohm
703 5587 754 5667 vi
799 5587 842 5667 it
869 5593 1635 5667 quantumcunquedissitas,
1669 5596 1944 5667 imagina-

381 5653 527 5713 tione
560 5663 764 5712 versat.
799 5653 923 5714 llaec
975 5665 1154 5716 autem
1198 5653 1279 5718 ab'
1295 5663 1552 5734 objectis,
1597 5653 1720 5737 qua:
1749 5653 1944 5738 imagi-

2055 5184 2277 5257 natione
2313 5190 2515 5257 percipi
2569 5201 2829 5257 possunt,
2876 5203 3020 5252 sumi
3072 5194 3443 5249 certissimum
3501 5203 3626 5253 est:

2051 5256 3225 5335 iureabsqueejusmodiphantastnatibus
3260 5264 3466 5335 nullam
3514 5267 3631 5323 {ii-ri

2053 5326 2484 5405 itttelleCLiOItett)
2514 5339 2568 5383 et
2611 5326 3215 5405 cogitationetn‘tlocet
3261 5332 3634 5405 Philosophus

2052 5396 2147 5473 lib.
2177 5412 2238 5451 ιιι
2271 5397 2346 5473 De
2385 5401 2591 5464 anima,
2622 5396 2745 5471 cap.
2785 5405 2837 5465 7,
2865 5405 2944 5454 th.
2981 5403 3050 5455 ὅθ
3097 5411 3150 5457 et
3195 5418 3344 5472 seqq.
3391 5396 3633 5473 Aliquod

2054 5467 2226 5535 igitur
2284 5470 2610 5538 phantasma
2661 5467 2767 5531 est.
2805 5473 2948 5540 quod
2993 5487 3080 5540 res
3112 5479 3173 5525 ut
3215 5467 3345 5526 sunt
3385 5467 3632 5538 exhibet,

2053 5553 2234 5618 neque
2267 5554 2486 5618 semper
2504 5550 2591 5593 est
2620 5539 2852 5618 vacuum
2895 5539 3172 5606 quoddam
3197 5545 3252 5598 et
3270 5543 3458 5612 inane,
3484 5549 3631 5618 quod

2056 5608 2340 5678 objectum
2371 5609 2532 5664 aliter
2557 5624 2621 5664 ac
2652 5617 2736 5664 est
2769 5618 3148 5680 repraesentet.
