4116 6150
466 261 572 320 955

1655 259 1715 321 S.
1748 261 2069 323 IOANNIS
2104 259 2534 331 DAMASCENI

3632 273 3740 339 936

465 350 577 438 est,
597 369 943 440 interiectum
993 371 1255 443 spatium,
1288 377 1343 427 et
1403 385 1694 427 numerum
1714 371 1795 438 ‘7;
1846 380 2054 427 motum

2163 372 2255 439 θος
2284 376 2475 444 αὐτοῦ,
2508 378 2602 431 καὶ
2633 378 2691 432 ab
2718 380 2928 452 σχῆμα,
2961 382 3055 435 καὶ
3099 375 3193 437 τὸν
3228 385 3392 437 τόπον
3424 384 3556 439 ἔνθα
3595 390 3751 447 ἐστὶν

464 480 686 537 quoque
715 473 771 520 et
798 466 1076 536 quietem;
1111 479 1463 536 asperumne,
1503 480 1573 521 an
1603 466 1777 532 Leve;
1814 465 2059 536 planum,

463 572 534 612 an
578 556 843 627 inaequale
871 572 886 622 ;
911 564 1133 610 acutum
1167 598 1183 623 ,
1220 571 1289 610 an
1345 556 1607 612 obtusum
1646 570 1662 620 ;
1695 567 1760 610 ac
1814 554 2057 626 denique

464 649 638 720 ipsius
669 662 989 718 compagem
1025 655 1080 704 et
1106 648 1555 714 consistentiam,
1581 660 1713 701 num
1740 660 1918 717 aquea
1961 648 2059 715 sit,

462 753 531 790 an
580 743 783 803 terrea,
823 734 929 790 hoc
958 743 1044 791 est
1070 734 1316 802 humida,
1345 744 1440 791 aut
1459 735 1630 792 sicca.

532 915 692 972 Solus
722 916 877 971 homo
898 924 950 970 et
991 916 1152 970 simia
1182 930 1339 970 aures
1376 931 1480 970 non
1508 924 1730 971 movent.
1767 946 1834 957 —
1854 915 2062 971 Secun-

461 1006 566 1062 dus
596 1019 801 1062 sensus
858 1015 945 1062 est
989 1005 1237 1073 auditus,
1265 1020 1377 1077 quo
1411 1021 1580 1063 voces
1626 1019 1693 1062 ac
1726 1005 1850 1062 soni
1881 1005 2060 1076 perci-

461 1101 712 1170 piuntur.
740 1098 1047 1155 ilic-autem
1072 1114 1272 1158 sensus
1286 1100 1566 1171 dignoscit
1584 1114 1777 1156 eorum
1802 1112 2057 1164 acumen,

458 1197 514 1245 et
546 1188 897 1259 gravitatem,
941 1177 1259 1255 laevitatem,
1291 1197 1349 1245 et
1379 1190 1754 1261 asperitatem,
1784 1196 1842 1245 et
1869 1189 2059 1243 altitu-

459 1282 672 1337 dinem.
702 1281 879 1351 lpsius
927 1296 1136 1349 organa
1182 1291 1317 1336 sunt
1347 1281 1500 1338 nervi
1544 1281 1800 1337 mollese
1829 1279 2058 1335 cerebro

458 1372 636 1438 ducti,
666 1381 833 1442 atque
874 1372 1090 1425 aurium
1129 1380 1434 1427 structura.
1491 1370 1667 1427 Porro
1695 1385 1762 1426 ex
1798 1362 2058 1425 omnibus

460 1461 854 1529 animantibus,
887 1460 1043 1516 solus
1072 1460 1263 1529 homo,
1295 1469 1350 1518 et
1380 1459 1543 1516 simia
1571 1474 1742 1516 aures
1787 1473 1902 1514 non
1936 1472 2057 1514 mo-

457 1562 611 1610 vent.

526 1642 747 1703 Tertius
765 1660 964 1703 sensus
991 1653 1079 1702 est
1104 1643 1341 1701 olfactus
1371 1661 1387 1712 ;
1416 1642 1514 1715 qui
1556 1642 1784 1715 quidem
1816 1643 2050 1700 naribus

2166 466 2260 521 καὶ
2287 466 2563 541 διάστημα
2604 471 2668 524 τὸ
2706 472 2937 542 μεταξὺ,
2964 473 3060 526 καὶ
3107 474 3200 529 τὸν
3237 475 3493 547 ἀριθμὸν,
3526 477 3742 549 κίνησίν

2162 574 2246 623 τε,
2269 559 2363 612 καὶ
2395 562 2612 626 στάσιν,
2647 563 2828 617 καὶτὸ
2847 564 3045 635 τραχὺ,
3078 565 3175 618 καὶ
3202 565 3363 632 λεῖον,
3396 567 3491 620 καὶ
3513 568 3741 639 ὁμαλὸν,

2163 652 2258 705 καὶ
2289 652 2611 731 ἀνώμαλον,
2635 657 2732 710 καὶ
2776 655 2839 710 τδ
2884 656 3000 722 όξύ,
3027 658 3126 712 καὶ
3157 658 3221 712 τὸ
3248 648 3456 729 ἀμϐλὺ,
3495 656 3593 716 καὶ
3640 663 3741 733 τὴν

2163 733 2446 801 σύστασιν,
2496 741 2610 793 εἴτε
2648 738 2925 813 ὑδατώδης
2963 742 3145 810 Δἐστὶν,
3194 743 3229 815 ἦ
3268 742 3487 816 γεώδης
3508 785 3523 810 ,
3572 746 3743 817 ἤγουν

2165 826 2329 898 ὑγρὰ,
2347 828 2385 897 ἢ
2411 828 2573 900 ξηρά·
3221 842 3224 846 ‘
3256 914 3257 917 γ
3479 846 3493 854 ·

2231 920 2473 991 Δευτέρα
2504 921 2760 994 αἴσθησίς
2815 926 2967 977 ἐστιν
2999 924 3160 995 ἀκοὴ.
3216 923 3327 978 τῶν
3377 925 3593 994 φωνῶν,
3645 928 3740 981 καὶ

2157 1011 2268 1067 τῶν
2294 1013 2483 1082 ψόφων
2515 1009 2654 1070 οὖσα
2692 1015 3008 1089 αἰσθητικὴ.
3053 1016 3422 1086 Διαγινώσκει
3457 1017 3517 1071 δὲ
3553 1019 3740 1073 ἀὐτῶν

2157 1099 2257 1170 τὴν
2287 1098 2545 1171 ὀξύτητα,
2585 1104 2682 1157 κα)⁹
2730 1105 2830 1175 τὴν
2864 1104 3170 1177 βαρύτητα,
3212 1105 3469 1178 λειότητα
3512 1124 3595 1174 τε,
3646 1110 3741 1163 καὶ

2162 1191 2415 1263 μέγεθος.
2444 1194 2690 1266 Ὄργανα
2716 1195 2983 1269 δὲαύτῆς,
3014 1198 3083 1252 τὰ
3112 1197 3283 1268 νεῦρα
3314 1199 3410 1252 τοῦ
3436 1201 3739 1271 ἐγκεφάλου

2157 1282 2227 1336 τὰ
2278 1284 2518 1353 μαλακὰ,
2550 1287 2646 1340 καὶ⁵
2674 1287 2786 1341 τῶν
2813 1285 2968 1342 ὤτων
3014 1290 3048 1360 ὴ
3098 1290 3450 1361 κατασκευή·
3486 1291 3649 1363 μόνος
3679 1293 3740 1349 δὲ

2156 1372 2442 1449 ἄνθρωπος
2468 1376 2567 1430 καὶ
2593 1376 2827 1451 πίθηκος
2859 1382 2922 1435 οὐ
2945 1378 3157 1437 κινοῦσι
3184 1385 3252 1437 τὰ
3275 1371 3415 1440 ὦτα.

2225 1645 2397 1722 Τρίτη
2432 1644 2710 1717 αἴσθησις,
2759 1644 3060 1718 δσφρησις“
3109 1642 3233 1719 ἥτις
3274 1646 3486 1717 γίνεται
3522 1641 3622 1720 μὲν
3650 1643 3738 1704 διὰ

463 1735 625 1809 185.
662 1748 895 1809 vapores
936 1734 1006 1791 ad
1035 1735 1330 1791 cerebrum
1378 1733 1759 1791 deferentibus
1796 1732 2050 1802 edicitur,

2153 1739 2261 1795 τῶν
2274 1717 2455 1813 ’ῥινῶν
2487 1717 2935 1810 ἀναπεμπουσῶν
2956 1741 3084 1804 τοὺς
3098 1717 3307 1810 ἀτμοὺς
3335 1740 3430 1794 ἐπὶ
3458 1717 3552 1795 τὸν
3581 1742 3744 1811 ἐγκέ-

458 1838 515 1886 et
550 1828 621 1884 ad
667 1837 948 1885 extremas
979 1828 1319 1883 anteriorum
1367 1825 1583 1883 cerebri
1619 1826 2052 1883 ventriculorum

2153 1825 2324 1896 φαλον
2339 1840 2354 1855 ⁸
2390 1827 2711 1897 περαίνεται
2736 1826 2795 1880 δὲ
2818 1827 2900 1891 είς
2923 1827 2993 1882 τὰ
3012 1827 3228 1896 πέρατα
3254 1827 3363 1881 τῶν
3388 1829 3740 1901 ἐμπροσθίων

460 1928 635 1974 metas
670 1921 1014 1974 terminatur.
1060 1915 1306 1987 Vapores
1338 1923 1523 1972 autem
1571 1916 1760 1983 sentit,
1786 1924 1845 1972 et
1872 1914 2053 1987 perci-

2158 1915 2377 1972 κοιλιῶν
2406 1917 2500 1970 τοῦ
2526 1917 2853 1987 ἐγκεφάλου.
2877 1918 3034 1972 Ἐστι
3066 1917 3126 1972 δὲ
3156 1917 3480 1992 αἰσθητικὴ,
3520 1920 3741 1991 ἀντιλη-

459 2010 540 2082 pit
573 2008 835 2066 olfactus.
888 2006 1166 2079 Vaporum
1205 2002 1387 2078 porro”
1428 2006 1537 2062 boc
1572 2006 2053 2077 generalissimum

2154 2008 2324 2080 πτικὴ
2347 2008 2458 2062 τῶν
2483 2008 2676 2080 ἀτμῶν
2699 2024 2716 2042 ο
2740 2008 2852 2063 τῶν
2878 2009 2937 2064 δὲ
2966 2010 3161 2081 ἀτμῶν
3184 2011 3218 2081 ἠ
3249 2013 3595 2085 γενικωτάτη
3623 2014 3743 2067 δια-

458 2100 761 2159 discrimen
797 2108 904 2166 est,
928 2108 990 2155 ut
1033 2098 1174 2156 alios
1208 2113 1430 2165 suaves,
1469 2098 1609 2155 alios
1649 2098 1872 2165 fetidos,
1913 2098 2054 2155 alios

2153 2101 2298 2173 φορά
2325 2102 2475 2154 ἐστιν
2500 2101 2700 2156 εὐωδία
2722 2101 2818 2156 καὶ⁵
2842 2101 3099 2167 δυσωδία,
3121 2101 3218 2156 καὶ
3232 2101 3296 2155 τὸ
3324 2098 3494 2172 μέσον
3510 2104 3734 2175 τούτων,

459 2194 698 2265 denique
722 2207 827 2249 nec
851 2207 1072 2259 suaves,
1093 2206 1197 2247 nec
1223 2191 1483 2248 insuaves
1503 2205 1629 2246 esse
1656 2190 2050 2262 intelligamus.

459 2285 547 2343 Fit
577 2294 759 2341 autem
783 2284 921 2340 odor
947 2285 1157 2350 suavis,
1175 2296 1299 2339 cum
1322 2282 1584 2339 humores
1607 2281 1700 2353 qui
1728 2280 2053 2351 corporibus

460 2380 672 2443 insunt,
708 2377 879 2449 probe
904 2374 1114 2433 fuerint
1146 2368 1381 2432 excocti.
1410 2373 1571 2442 Quod
1599 2375 1650 2430 si
1697 2372 2054 2429 mediocriter

459 2472 733 2528 duntaxat
761 2471 904 2526 cocti
927 2472 1064 2540 sint,
1093 2468 1275 2525 media
1307 2483 1530 2541 quoque
1568 2466 1675 2522 erit
1697 2480 1889 2523 eorum
1931 2465 2051 2521 dis-

458 2566 686 2637 positio.
735 2565 832 2620 Sin
869 2577 1052 2620 autem
1112 2560 1261 2617 infra
1311 2560 1777 2624 mediocritatem,
1809 2565 1907 2613 aut
1941 2558 2053 2614 ulla

458 2656 687 2711 omnino
708 2656 891 2711 coctio
928 2653 1228 2720 exstiterit,
1262 2651 1463 2709 fetidus
1485 2651 1624 2708 odor
1649 2648 1943 2705 adlabitur.

529 2746 778 2812 Quartus
812 2758 1010 2801 sensus
1054 2752 1142 2800 est
1171 2750 1388 2816 gustus,
1427 2755 1540 2812 quo
1593 2753 1824 2812 sapores
1880 2739 2053 2811 perci-

461 2836 711 2906 piuntur,
744 2837 860 2892 sive
895 2835 1230 2892 sentiuntur.
1265 2833 1441 2905 Hujus
1478 2846 1688 2904 organa
1747 2838 1904 2895 sunt,
1945 2830 2049 2886 lin-

461 2941 589 2996 gua,
624 2937 680 2997 et
721 2928 1023 2998 praesertim
1055 2934 1301 2983 extrema
1328 2926 1503 2997 ipsius
1538 2938 1668 2996 pars
1701 2924 1818 2980 sive
1839 2923 2047 2993 cuspis,

459 3028 515 3076 ct
553 3020 797 3112 palatum
815 3018 988 3112 (quod
1006 3018 1465 3112 nonnulliGraece
1481 3025 1680 3112 vocant
1699 3019 2045 3112 οὐράνισκον,
2073 3049 2122 3112 c

459 3111 628 3166 veluti
659 3110 1004 3176 caliculum)
1052 3111 1109 3165 in
1155 3111 1358 3182 quibus
1392 3109 1550 3165 nervi
1597 3110 1678 3165 illi
1734 3111 2046 3180 exporrecti

458 3205 611 3264 sunt,
641 3196 736 3268 qui
788 3212 818 3252 a
847 3197 1079 3253 cerebro
1112 3196 1462 3262 deferuntur,
1499 3197 1753 3267 partique
1785 3195 1867 3251 illi
1924 3197 2046 3251 ani-

459 3304 583 3355 mae,
614 3303 738 3360 quae
758 3289 1319 3361 principatumtenet,
1351 3289 1482 3360 quid
1504 3298 1825 3361 perceptum
1854 3290 2045 3356 fuerit,

456 3381 657 3452 quisve
683 3396 885 3438 sensus
909 3381 1211 3449 exstiterit,
1248 3380 1496 3437 referunt
1528 3380 1598 3438 ⁸⁸.
1642 3380 1765 3436 Jam
1791 3396 1924 3437 vero
1956 3397 2047 3437 sa-

460 3485 656 3544 porum
704 3473 1024 3545 qualitates,
1070 3487 1195 3544 quaa
1223 3473 1528 3544 gustabiles
1560 3472 1929 3544 appellantur,
1967 3473 2050 3527 hae

459 3572 591 3621 sunt
631 3564 885 3633 dulcedo,
929 3566 1259 3633 acrimonia,
1308 3564 1572 3630 aciditas,
1618 3566 1915 3630 acerbitas,
1951 3581 2049 3621 au-

460 3661 706 3721 steritas,
749 3660 1085 3727 amaritudo,
1121 3658 1365 3728 salsedo,
1391 3658 1692 3731 pinguedo,
1728 3659 2044 3713 viscositas.

460 3751 587 3808 Ista
613 3751 884 3823 siquidem
923 3753 1224 3824 qualitates
1281 3761 1447 3822 gustu
1479 3751 1907 3823 dignoscantur.
1951 3749 2050 3805 Ast

457 3858 619 3915 aqua,
638 3842 995 3915 quantum‘ad
1028 3843 1151 3901 illas
1175 3841 1494 3913 qualitates,
1522 3841 1739 3912 saporis
1759 3841 1940 3895 omnis
1957 3854 2051 3894 ex-

461 3950 587 4005 pers
607 3942 694 3990 est
719 3952 735 3990 :
764 3934 970 3989 nullam
1006 3933 1153 3988 enim
1185 3933 1510 4005 qualitatum
1541 3932 1726 3988 habet.
1766 3929 2050 3987 Acerbitas

460 4004 641 4081 autem
683 4023 824 4080 nihil
872 4021 1021 4079 aliud
1070 4032 1180 4089 est,
1239 4023 1349 4078 nisi
1380 4004 1651 4083 intensior
1700 4018 1952 4091 quaedam
1994 4026 2051 4076 et

461 4116 777 4174 redundans
807 4113 1101 4171 acerbitas.

2152 2190 2183 2245 δ
2211 2191 2351 2263 μήτε
2378 2191 2580 2257 εὐῶδές
2607 2193 2743 2258 ἐστι,
2767 2193 2907 2263 μήτε
2933 2181 3194 2256 δυσῶδες,
3212 2193 3434 2247 Γίνεται
3454 2193 3510 2247 δὲ
3538 2194 3730 2248 εὐωδία

2151 2283 2262 2339 τῶν
2287 2283 2473 2357 ὑγρῶν
2515 2283 2625 2339 τῶν
2661 2286 2720 2338 ἐν
2771 2286 2886 2348 τοῖς
2924 2283 3173 2357 σώμασιν
3214 2285 3462 2358 ἀκριϐῶς
3499 2286 3732 2356 πεφθέν-

2152 2390 2282 2432 των.
2311 2376 2515 2441 Μέσως
2541 2376 2602 2431 δὲ
2634 2376 2778 2448 μέση
2820 2377 3083 2442 διάθεσις.
3119 2377 3559 2451 Καταδεέστερον
3581 2376 3665 2450 δὲ,
3694 2377 3737 2454 ἢ

2154 2468 2294 2542 μηδὲ
2325 2469 2466 2535 ὅλως
2489 2471 2832 2542 πεφθέντων,
2858 2471 2893 2543 ἡ
2920 2469 3159 2526 δυσωδὶα
3182 2470 3410 2542 γίνεται.

2221 2744 2475 2815 Τετάρτῃ
2518 2740 2796 2814 αἴσθησις,
2831 2741 2866 2813 ἡ
2901 2739 3125 2813 γεῦσιςο
3155 2740 3275 2795 ἔστι
3306 2737 3365 2794 δὲ
3395 2738 3509 2796 τῶν
3544 2738 3743 2814 χυμῶν

2151 2836 2540 2909 ἀντιληπτικὴ,
2569 2833 2739 2906 ἤγουν
2789 2832 3109 2904 αἰσθητικὴ.
3139 2833 3396 2905 Ὄργανα
3439 2832 3498 2887 δὲ
3537 2833 3736 2905 αὐτῆς,

2150 2930 2185 3002 ἡ
2242 2927 2487 2997 γλῶσσα,
2543 2925 2640 2979 καὶ
2698 2923 2908 2997 ταύτης
2967 2922 3132 2979 πλέον
3182 2924 3244 2977 τὸ
3299 2924 3502 2996 ἄκρον,
3556 2926 3654 2979 καὶ
3700 2927 3737 2998 ἡ

2151 3019 2399 3091 ὑπερῷα,
2427 3020 2496 3091 ἣν
2533 3016 2762 3073 καλοῦσί
2810 3022 2956 3081 τινες
3001 3015 3365 3090 οὐρανίσκον·
3400 3018 3462 3072 ὲν
3507 3013 3589 3083 οἷς
3621 3018 3738 3072 ἔστι

2148 3113 2219 3167 τὰ
2245 3111 2305 3179 ἐξ
2352 3110 2662 3181 ἐγκεφάλου
2711 3108 2994 3184 φερόμενα
3042 3108 3235 3180 νεῦρα,
3275 3106 3734 3179 πεπλατυσμένα,

2152 3205 2246 3258 καὶ
2297 3202 2712 3272 ἀπαγγέλλοντα
2774 3199 2855 3271 τῷ
2905 3198 3221 3272 ἡγεμονικῷ
3266 3198 3366 3271 τὴν
3429 3200 3738 3272 γενομένην

2149 3292 2460 3363 ἀντίληψιν,
2493 3292 2662 3363 ἧγουν
2704 3290 2979 3362 αἴσθησιν.
3008 3291 3074 3342 Δί
3114 3289 3173 3342 δὲ
3217 3285 3547 3359 καλούμεναι
3599 3306 3735 3358 γευ-

2151 3384 2335 3438 στικαὶ
2361 3383 2650 3454 ποιότητες
2668 3381 2779 3436 τῶν
2804 3379 3020 3452 χυμῶν,
3042 3379 3181 3434 εἰσὶν
3207 3373 3393 3435 αὗταιο
3422 3377 3732 3451 γλυκύτης,

2146 3475 2436 3548 δριμύτης,
2472 3473 2694 3544 ὀξύτης,
2732 3472 3100 3545 στρυφνότης,
3134 3470 3499 3543 αὐστηρότης,
3532 3471 3737 3542 πικρό-

2147 3584 2270 3639 της,
2289 3566 2629 3638 ἁλμυρότης,
2646 3564 2976 3637 λιπαρότης,
3010 3563 3360 3636 γλισχρότης.
3387 3562 3736 3635 Τούτωνίγάρ

2149 3661 2298 3714 ἐστιν
2318 3659 2353 3731 ἡ
2383 3658 2574 3729 γεῦσις
2606 3655 2976 3737 διαγνωρτική
2994 3671 3007 3684 ·
3041 3654 3103 3709 τὸ
3135 3655 3196 3710 δὲ
3224 3654 3370 3726 ὕδωρ
3398 3653 3590 3710 ἄποιόν
3617 3655 3733 3709 ἔστι

2151 3749 2293 3805 κατὰ
2318 3747 2524 3813 ταύτας
2572 3747 2674 3813 τὰς
2722 3748 3019 3820 ποιότητας
3040 3762 3057 3779 ’
3106 3746 3369 3818 οὐδεμίαν
3400 3745 3511 3818 γὰρ
3552 3746 3734 3802 αὐτῶν

2149 3840 2287 3913 ἔχει.
2324 3841 2391 3895 Ἦ
2434 3840 2494 3896 δὲ
2545 3841 2911 3912 στρυφνότης,
2955 3838 3213 3903 ἐπίτασις
3250 3839 3348 3894 καὶ
3391 3837 3734 3910 πλεονασμός

2149 3941 2268 3995 ἔστι
2294 3939 2396 4012 τῆς
2422 3937 2854 4011 αὐστηρότητος.

530 4210 769 4276 Quintus
795 4219 996 4263 sensus
1019 4213 1202 4260 tactus
1228 4209 1336 4267 est,
1368 4202 1463 4274 qui
1481 4202 1655 4258 etiam
1683 4203 1903 4261 cunctis
1929 4203 2051 4259 ani-

2226 4204 2460 4275 Πέμπτη
2486 4200 2740 4272 αἴσθησίς
2766 4202 2915 4254 ἐστιν
2945 4202 2979 4272 ή
3010 4198 3144 4272 ἁφὴ,
3169 4198 3293 4271 ἥτις
3313 4198 3419 4269 ,καὶ
3441 4199 3595 4271 κοινή
3615 4201 3732 4254 ἐστι

462 4303 742 4357 ιιιειιιιίιωε
786 4297 1102 4356 communis
1159 4305 1246 4351 est
1303 4294 1372 4350 “.
1436 4293 1670 4352 Exsistit
1710 4303 1895 4352 autem
1934 4296 2049 4363 ille,

2153 4295 2371 4350 πάντων
2402 4294 2513 4348 τῶν
2557 4294 2748 4359 ζώων·
2782 4293 2905 4363 ἥτις
2937 4293 3151 4362 γίνεται
3185 4292 3251 4346 ὲκ
3280 4290 3378 4345 τοῦ
3426 4292 3731 4361 ἐγκεφάλου

460 4410 628 4466 opera
676 4407 971 4449 nervorum
1003 4406 1035 4446 e
1066 4389 1296 4446 cerebro
1346 4386 1404 4443 in
1460 4386 1780 4444 universum
1839 4402 2045 4458 corpus

2153 4386 2521 4458 πεμπομένων
2565 4385 2675 4440 τῶν
2726 4384 2934 4454 νεύρων
2980 4386 3062 4448 εἰς
3114 4384 3236 4439 ὅλον
3277 4384 3343 4438 τὸ
3394 4384 3577 4455 σῶμα.
3643 4384 3733 4437 Διὸ

461 4487 783 4543 ctl‘usorum.
816 4484 895 4539 Ex
927 4498 1038 4553 quo
1072 4482 1131 4536 iit
1177 4492 1236 4536 ut
1264 4489 1436 4535 totum
1464 4493 1690 4548 corpus,
1725 4487 1891 4549 atque
1905 4477 2045 4533 adeo

2153 4480 2242 4535 καὶ
2297 4477 2418 4533 ὅλον
2474 4477 2536 4532 τὸ
2595 4477 2778 4547 σῶμα,
2835 4475 3136 4546 ἁλλὰεκαὶ
3168 4476 3278 4537 ,τὰ
3347 4474 3484 4530 ἄλλα
3548 4473 3735 4545 alcon-

465 4577 675 4647 reliqua
721 4573 998 4631 sentiendi
1030 4587 1259 4643 organa,
1309 4587 1533 4627 sensum
1565 4578 1749 4627 tactus
1785 4571 2043 4627 habeant.

2153 4576 2335 4646 τήρια,
2367 4571 2467 4644 τὴν
2501 4572 2602 4643 τῆς
2626 4570 2773 4641 ἁφῆς
2796 4569 3016 4642 ἔχουσιν
3041 4571 3299 4639 αἴσθησιν
3316 4586 3333 4601 ο
3365 4568 3680 4623 ὑπόκεινται
3704 4566 3734 4606 ιι

466 4665 653 4722 'l‘actui
683 4678 852 4734 porro
896 4663 1135 4719 subsunt
1179 4662 1421 4717 calidum
1481 4667 1539 4716 et
1570 4660 1853 4731 frigidum,
1884 4662 2049 4717 molle

2153 4666 2204 4721 se
2233 4667 2300 4736 τῇ
2338 4664 2451 4735 ἁφῇ
2476 4662 2538 4716 τδ
2567 4661 2770 4733 θερμὸν
2796 4661 2894 4717 καὶ
2919 4660 3128 4733 ψυχρόν
3145 4677 3161 4691 ο
3185 4660 3249 4715 τό
3274 4676 3336 4714 τε
3364 4657 3605 4730 μαλακὸν
3634 4657 3734 4710 καὶ

464 4766 523 4813 et
575 4756 799 4816 durum,
855 4763 1043 4819 tenax,
1087 4751 1349 4821 rigidum,
1419 4766 1584 4823 grave
1634 4760 1693 4807 et
1734 4751 1870 4807 leve.
1920 4750 2051 4806 Haec

2154 4753 2414 4825 σκληρὸν,
2445 4751 2542 4806 καὶ
2569 4750 2827 4823 γλισχρὸν
2854 4750 2952 4805 καὶ
3000 4752 3242 4822 κραυρδν
3266 4761 3316 4817 ο,
3361 4747 3498 4821 βαρύ
3539 4764 3601 4800 τε
3636 4748 3736 4801 καὶ

463 4845 611 4902 enim
654 4844 774 4901 solo
801 4849 946 4897 tactu
989 4850 1423 4913 cognoscuntur.
1481 4839 1622 4896 Sunt
1652 4849 1835 4897 autem
1882 4842 2054 4897 tactui

2156 4843 2395 4914 κοῦφον*
2454 4843 2543 4898 διὰ
2590 4843 2759 4914 μόνης
2807 4842 2919 4915 γὰρ
2969 4844 3115 4915 ἁφῆς
3150 4844 3326 4897 ταῦτα
3369 4838 3733 4913 γνωρίζεται·

462 4943 520 4993 et
534 4935 675 4992 visui
694 4933 1031 5000 communia,
1055 4947 1310 5003 asperum
1337 4939 1394 4988 et
1428 4932 1597 4999 laeve;
1627 4932 1836 4987 siccum
1868 4942 1923 4988 et
1951 4933 2053 4989 lm-

2162 4936 2318 4990 κοινὰ
2348 4936 2406 4990 δὲ
2431 4935 2577 5008 ἁφῆς
2615 4936 2709 4991 καὶ
2726 4935 2924 5007 ὄψεως,
2948 4937 3010 4990 τό
3033 4953 3095 4991 τε
3133 4934 3327 5006 τραχὺ,
3354 4931 3450 4986 καὶ
3480 4931 3648 4997 λεῖον,
3676 4934 3740 4988 τό

466 5026 672 5083 midum
705 5044 716 5090 ;
753 5040 1002 5083 crassum
1033 5032 1091 5081 et
1130 5033 1317 5090 tenue,
1376 5037 1601 5079 sursum
1638 5038 1703 5079 ac
1752 5023 2048 5092 deorsum;

2156 5045 2217 5082 τε
2248 5027 2411 5100 ξηρὸν
2435 5028 2531 5082 καὶ
2569 5028 2759 5099 ὐγρὸν,
2784 5027 2934 5099 παχύ
2960 5045 3019 5082 τε
3043 5030 3139 5081 καὶ
3158 5024 3377 5090 λεπτδν,
3411 5022 3528 5079 ἄνω
3555 5040 3619 5077 τε
3644 5026 3741 5077 καὶ

464 5122 620 5178 locus
650 5134 870 5192 quoque
901 5134 966 5174 ac
998 5115 1313 5189 magnitudo
1355 5114 1376 5186 (
1403 5115 1451 5170 si
1484 5114 1703 5185 quidem
1758 5123 1911 5171 tanta
1954 5116 2049 5184 sit,

2159 5120 2333 5185 κάτω,
2371 5121 2466 5176 καὶ⁵
2496 5122 2526 5176 ό
2563 5122 2749 5189 τόπος,
2782 5121 2878 5176 καὶ
2903 5120 2964 5176 τὸ
2996 5118 3249 5192 μέγεθος,
3276 5119 3407 5174 ὅταν
3442 5115 3534 5189 εἴη
3559 5115 3738 5170 τοιοῦ·

534 5256 577 5288 ⁸⁷
620 5255 836 5315 Nemes.
865 5271 985 5327 cap.
1020 5228 1110 5321 “ll.
1184 5252 1231 5286 ⁸⁸
1261 5251 1481 5308 Nemus.
1509 5265 1634 5324 cap.
1665 5251 1718 5309 9.
1795 5255 1839 5286 “
1868 5251 2086 5311 Nemes.
2144 5272 2269 5328 cap.
2317 5257 2371 5312 8.

1767 5414 2004 5471 VABUE
2044 5414 2454 5475 LECTIONES.

547 5550 574 5592 δ
608 5550 717 5629 Reg
740 5554 1043 5629 ’,5,μοοιιι.
1082 5555 1133 5629 ,Ξ
1166 5553 1470 5629 ὑπόκειται.
1513 5560 1558 5629 ,ἐ
1596 5548 1755 5605 Edita
1787 5551 1883 5604 καὶ
1910 5550 2075 5629 ξηρόν
2099 5553 2486 5629 καὶ-κραῦρον.
2513 5554 2589 5608 Ita
2622 5553 2776 5629 Regii
2813 5554 2968 5629 multi
2994 5561 3048 5608 et
3078 5555 3323 5629 Colbcrt.
3359 5556 3516 5629 abest
3551 5551 3732 5629 ξηρόν,

475 5621 531 5707 in
560 5621 709 5707 cod.’
737 5624 799 5707 S._
839 5626 969 5707 Ιιίι.Δ
997 5634 1054 5680 et
1078 5625 1263 5707 Regiis
1296 5623 1420 5707 aliis
1444 5640 1461 5689 ;
1490 5622 1758 5707 itemque
1802 5623 1945 5703 apud
1985 5621 2315 5677 'Netnesiuiu
2344 5641 2356 5674 ι
2380 5621 2436 5678 et
2463 5634 2632 5707 recte.
2666 5621 2765 5707 llic
2786 5626 2938 5707 enim
2970 5641 3153 5707 sermo
3182 5638 3267 5683 est
3287 5628 3355 5682 de
3377 5621 3736 5698 qualitatibus

478 5692 550 5762 is,
573 5705 696 5762 qua:
722 5694 839 5748 solo
865 5701 1014 5747 tactu
1041 5692 1454 5765 percipiuntur:
1480 5696 1559 5750 ait
1587 5692 1777 5745 siccum
1815 5696 1933 5749 visu
1964 5707 2183 5762 quoque
2217 5695 2592 5764 cognoscitur,
2632 5704 2689 5750 ut
2723 5693 2866 5750 infra
2901 5704 3142 5753 notatur.
