4116 6150
326 375 430 437 937

1407 362 1505 428 DE
1535 361 1713 428 FIDE
1742 353 2209 426 OR’I‘HODOXA
2243 353 2388 423 LIB.
2426 361 2510 422 ΙΙ.

3498 357 3602 420 938

326 483 491 540 τονδ.
528 479 604 542 th;
634 474 774 531 κατὰ
809 472 938 546 μίαν
964 473 1271 546 προσϐολὴν
1311 475 1413 543 τῆς
1450 473 1597 542 ἁφῆς
1642 472 1910 544 περιλαμ-

2015 476 2075 523 ut
2109 484 2216 524 uno
2244 477 2426 525 tactus
2456 467 2688 539 appulsu
2708 468 3099 538 comprehendi
3128 470 3303 540 possit
3327 467 3346 539 )
3369 467 3601 522 densum

326 572 615 627 σάνεσθαιο
664 567 764 624 καὶ
801 567 865 620 τὸ
906 566 1114 620 πυκνόν
1152 583 1211 618 τε
1277 563 1374 619 καὶ
1397 564 1459 617 τὸ
1504 563 1694 634 μανὸν,
1735 564 1906 632 ἣγουν

326 663 541 735 ἀραιὸν,
600 659 785 714 καὶτὸ
836 658 1193 728 στρόγγυλον,
1238 657 1369 710 ὅταν
1416 657 1500 726 εῐη
1551 656 1769 726 μικρὸν,
1814 654 1908 707 καὶ

325 749 601 808 eumve
640 751 918 821 σχήματα.
960 748 1193 817 Ὁμοίως
1217 746 1275 799 δὲ
1314 746 1410 800 καὶ
1453 745 1549 798 τοῦ
1575 746 1906 816 πλησιάζον-

2009 563 2161 623 item,
2213 569 2269 616 et
2312 575 2520 624 rarum,
2572 574 2670 615 seu
2708 558 3025 631 fungosum,
3060 568 3228 629 atque
3281 557 3602 625 rotundum,
3685 602 3689 607 .

2008 654 2054 707 si
2084 652 2399 706 modoillud
2424 651 2684 721 exiguum
2710 652 2784 706 sit
2818 668 2832 718 ;
2860 652 3089 723 aliaeque
3118 650 3309 707 itidem
3334 651 3603 708 nonnul’a!

2011 747 2216 819 ﬁgurze.
2254 746 2399 813 Quin
2433 747 2715 801 memorias
2743 762 2969 819 quoque
3007 759 3062 803 et
3109 750 3467 820 cogitationis
3509 750 3606 804 ad-

326 860 418 908 τος
449 842 704 914 σώματος
736 840 1076 905 αἰσθάνεται,
1120 840 1220 892 σὺν
1258 840 1328 908 τῇ
1370 838 1558 909 μνήμῃ
1593 837 1670 903 δὲ,
1709 838 1804 890 καὶ
1838 838 1907 907 τῇ

2015 841 2277 910 iumento,
2309 850 2514 909 corpus
2541 839 2911 910 propinquum
2945 840 3138 896 sentit.
3188 840 3281 896 Sic
3308 856 3601 895 numerum

323 933 537 1005 διανοίᾳ
553 950 570 965 ο
601 930 863 993 ὡσαύτως
883 929 939 983 δὲ
965 929 1060 983 καὶ
1095 927 1333 998 ἀριθμοῦ
1368 927 1534 998 μέχρι
1554 926 1695 996 δύοῆ
1717 925 1904 997 τριῶν,

326 1028 424 1082 καὶ
459 1023 666 1079 τούτων
692 1021 928 1094 μικρῶν,
959 1020 1055 1075 καὶ
1089 1020 1289 1092 ῥαδίως
1322 1018 1907 1091 περιλαμϐανομένων.

328 1117 548 1171 Τούτων
571 1116 631 1171 δὲ
661 1114 866 1186 μᾶλλον
893 1112 992 1183 τῆς
1024 1113 1170 1185 ἁφῆς
1207 1113 1242 1184 ἡ
1280 1113 1475 1184 ὅρασις
1507 1111 1909 1183 ἀντιλαμϐάνε-

326 1225 439 1263 ται.

399 1300 523 1373 Χρὴ
555 1300 875 1370 γινώσκειν,
910 1301 987 1363 ώς
1023 1301 1255 1355 ἕκαστον
1297 1297 1406 1352 τῶν
1444 1298 1622 1353 ἄλλων
1648 1298 1909 1368 αίσθητη-

333 1396 469 1465 ρίων
508 1393 735 1448 διπλοῦν
775 1396 805 1447 ὁ
837 1392 1183 1464 Δημιουργὸς
1218 1389 1643 1455 κατεσκεύασεν,
1686 1390 1777 1444 ἵνα
1813 1390 1909 1443 τοῦ

329 1486 454 1547 ἑνὸς
485 1484 880 1555 βλαπτομένου,
907 1485 971 1538 τὸ
996 1484 1185 1554 ἕτερον
1212 1483 1522 1555 ἀναπληροῖ
1564 1482 1664 1553 τὴν
1696 1482 1908 1554 χρείαν.

328 1575 435 1631 Δύο
462 1578 575 1648 γὰρ
626 1576 964 1646 ὀφθαλμοὺς,
993 1576 1089 1629 καὶ
1139 1573 1235 1629 δύο
1259 1569 1397 1641 ὦτα,
1437 1574 1533 1627 καὶ
1578 1572 1673 1627 δύο
1705 1571 1910 1643 πόρους

330 1668 432 1738 τῆς
463 1667 628 1736 ῥινὸς,
657 1667 870 1721 καὶδύο
910 1666 1199 1736 γλώσσας·
1248 1665 1365 1720 ἀλλ’
1405 1667 1464 1719 ὲν
1513 1666 1629 1729 τοῖς
1661 1665 1762 1735 μὲν
1804 1664 1911 1717 τῶν

330 1757 488 1821 ζώων
536 1757 893 1829 διῃρημένας,
947 1756 1023 1821 ὡς
1052 1759 1113 1811 ὲν
1157 1758 1272 1819 τοῖς
1310 1756 1536 1825 ὕφεσινο
1586 1757 1643 1808 ὲν
1682 1758 1797 1819 τοῖς
1832 1755 1909 1821 δὲ,

333 1849 636 1919 ἠνωμένας,
665 1849 741 1912 ὡς
792 1852 851 1903 ἐν
874 1848 1151 1922 ἀνθρώπῳ
1183 1866 1201 1881 ·
1254 1849 1351 1902 καὶ
1391 1847 1490 1919 τὴν
1541 1847 1599 1900 δὲ
1652 1847 1820 1918 ἁφὴν,
1852 1850 1910 1902 ἐν

331 1941 442 2010 ὅλῳ
491 1940 567 2011 τῷ
613 1939 847 2011 σώματι,
879 1940 1023 2012 πλὴν
1050 1941 1272 2005 ὀστέων,
1307 1941 1404 1993 καὶ
1426 1938 1658 2010 νεύρων,
1704 1938 1911 2009 ὀνύχων

330 2047 391 2083 τε
450 2031 544 2083 καὶ
586 2029 856 2099 κεράτων,
907 2032 1003 2085 καὶ
1046 2030 1277 2103 τριχῶν,
1316 2030 1413 2083 καὶ
1446 2028 1781 2097 συνδέσμων,
1817 2033 1913 2085 καὶ

333 2121 512 2175 ἄλλων
538 2116 717 2177 τινῶν
738 2120 1019 2175 τοιούτων.

404 2303 525 2375 Χρὴ
559 2301 873 2371 γινώσκειν,
900 2302 984 2357 ὅτι
1019 2303 1053 2374 ἡ
1086 2302 1210 2372 ὄψις
1251 2302 1375 2357 κατ’
1404 2298 1621 2366 εὐθείας
1650 2307 1916 2376 γραμμάς

333 2395 472 2467 ὁρᾷ·
496 2398 531 2466 ἡ
568 2398 626 2450 δὲ
649 2396 939 2467 ύσφρησις,
975 2396 1069 2450 καὶ
1102 2394 1263 2466 ἀκοὴ,
1295 2396 1357 2448 ού
1397 2398 1517 2448 κατ’
1556 2396 1772 2449 εὐθεῖαν
1815 2396 1913 2465 μό-

332 2501 443 2549 νον,
468 2485 603 2539 ἀλλὰ
628 2479 989 2555 πανταχόθεν.
1034 2484 1102 2538 Ἥ
1125 2484 1182 2537 δὲ
1205 2481 1337 2555 ἁφὴ,
1363 2486 1458 2537 καὶ
1488 2485 1522 2554 ἠ
1561 2483 1771 2552 γεῦσις,
1795 2482 1916 2537 οὐδὲ

333 2574 457 2627 κατ’
490 2574 740 2642 εὐθεῖαν,
794 2576 917 2631 οὐδὲ
966 2574 1307 2647 πανταχόθεν
1359 2574 1738 2646 γνωρίζουσιν,
1769 2575 1908 2630 ἀλλὰ

332 2664 457 2718 τότε
507 2664 691 2733 μόνον,
740 2665 870 2719 ὅταν
901 2665 1085 2729 αὐτοῖς
1115 2663 1458 2736 πλησιάζωσι
1493 2666 1604 2730 τοῖς
1652 2664 1802 2728 ίδίοις
1830 2670 1922 2723 αε-

338 2755 572 2826 σθητοῖς.

851 2930 1102 2989 ΚΕΦΔΛ.
1132 2933 1212 2987 ιο
1242 2933 1407 3007 [an].

766 3024 907 3092 Περὶ
939 3024 1046 3078 τοῦ
1086 3022 1491 3091 diuvant-moi}.

411 3114 520 3167 Τοῦ
546 3114 601 3168 δὲ
631 3114 970 3185 διανοητικοῦ
1000 3115 1139 3168 εἰσιν
1159 3114 1223 3169 αῖ
1244 3131 1303 3167 τε
1323 3116 1554 3186 κρίσεις,
1586 3117 1680 3169 καὶ
1700 3116 1755 3170 at
1785 3118 1914 3184 συγ-
1939 3142 1983 3201 c

334 3204 684 3268 καταθέσεις,
705 3204 800 3258 καὶ
821 3204 879 3257 αἱ
906 3203 1078 3274 ὁρμαὶ
1106 3205 1164 3256 αἱ
1194 3202 1333 3274 πρὸς
1353 3203 1452 3275 τὴν
1480 3204 1703 3276 πρᾶξιν,
1741 3207 1835 3259 καὶ
1856 3208 1912 3259 αἱ

334 3296 605 3368 ἀφορμαὶ,
633 3296 729 3348 καὶ
757 3296 813 3349 αί
843 3292 1135 3364 ἀποφυγαὶ
1168 3294 1270 3364 τῆς
1302 3293 1553 3365 πράξεως
1574 3311 1587 3325 ·
1627 3295 1809 3359 ίδικῶς
1834 3296 1911 3363 δὲ,

335 3389 479 3441 αἵτε
497 3386 709 3457 νοήσεις
729 3387 840 3439 τῶν
863 3385 1087 3456 νοητῶν,
1115 3384 1212 3439 καὶ
1241 3387 1298 3440 αἱ
1331 3386 1545 3457 ἀρεταὶ,
1569 3386 1663 3439 παὶ
1692 3388 1915 3458 ἐπιστῆ-

339 3496 464 3549 μαι,
492 3479 586 3533 καὶ
613 3478 724 3532 τῶν
765 3478 972 3549 τεχνῶν
1020 3480 1069 3530 ol
1098 3478 1269 3545 λόγοι,
1298 3478 1395 3531 καὶ
1431 3479 1492 3530 τὸ
1547 3477 1910 3549 βουλευτικὸν,

337 3571 434 3625 καὶ
464 3571 525 3623 τὸ
554 3571 959 3641 προαιρετικὸν.
1006 3569 1179 3623 Τοῦτο
1213 3570 1271 3622 δέ
1326 3571 1444 3622 ἐστι
1489 3569 1551 3623 τὸ
1575 3571 1669 3623 καὶ
1690 3570 1779 3625 διὰ
1805 3570 1915 3623 τῶν

322 3662 560 3731 ὀνείρων
591 3660 845 3725 θεσπίζον
874 3664 1005 3732 ἡμῖν
1030 3661 1093 3715 τὸ
1126 3661 1339 3732 μέλλον,
1373 3662 1553 3731 ἥνπερ
1582 3661 1752 3731 μόνην
1779 3662 1914 3734 ἁλη-

337 3752 408 3821 θῆ
460 3753 718 3823 μαντείαν
766 3755 816 3805 οἱ
872 3752 1231 3823 Πυθαγόρειοι
1268 3752 1519 3820 λέγουσιν
1573 3749 1713 3805 εἶναι
1736 3792 1751 3817 ,
1803 3755 1916 3817 τοῖς

350 3842 625 3911 Ἑϐραίοις
651 3842 1138 3915 ἀκολουθήσαντες.
1177 3844 1448 3913 Ὄργανον
1478 3843 1535 3896 δὲ
1567 3844 1662 3896 καὶ
1699 3843 1912 3908 τούτου,

336 3932 374 4001 ἡ
406 3930 545 4002 μέση
566 3930 743 3985 κοιλία
765 3929 859 3985 τοῦ
881 3931 1207 4003 ἐγκεφάλου,
1241 3932 1337 3984 καὶ
1359 3930 1421 3984 τὸ
1442 3930 1670 4001 ψυχικὸν
1702 3931 1916 4003 πνεῦμα

336 4021 399 4073 τὸ
426 4021 484 4075 ὲν
512 4022 673 4093 αὐτῇ.
1653 4015 1660 4021 ’

835 4194 1086 4248 usus.
1130 4194 1193 4247 ιιι
1245 4192 1411 4266 {AN}.

698 4286 837 4354 Περὶ
890 4284 995 4338 τοῦ
1041 4286 1545 4353 μνημονευτικοῦ.
1746 4320 1773 4340 ο

336 4402 341 4403 ν
409 4369 485 4428 Τὸ
510 4376 566 4429 δὲ
597 4376 1031 4452 μνημονευτιιιόν
1051 4380 1167 4431 ἐστι
1191 4378 1413 4449 μνήμης
1436 4380 1530 4431 καὶ
1558 4380 1919 4452 ἀναμνήσεως

2008 943 2230 1001 quoque
2255 928 2632 999 persentiscit,
2667 926 2971 984 dummodo
3017 929 3319 996 hinarium,
3371 939 3466 984 aut
3502 938 3609 985 tcr-

2011 1024 2229 1077 narium
2261 1036 2371 1077 non
2407 1021 2674 1085 excedat,
2715 1034 3030 1093 parvosque
3058 1021 3391 1091 huiusmodi
3419 1038 3607 1079 nume-

2010 1120 2124 1177 ros,
2153 1110 2247 1182 qui
2275 1125 2439 1165 manu
2486 1110 2645 1166 facile
2699 1111 3095 1182 comprehendi
3145 1113 3380 1182 possint.
3417 1112 3607 1179 Quan-

2010 1212 2174 1274 quam
2202 1203 2300 1258 hos
2331 1202 2508 1272 magis
2530 1202 2685 1258 visus
2715 1202 3099 1273 apprehendit,
3132 1219 3299 1274 quam
3326 1212 3529 1260 tactus.

2083 1294 2306 1349 Gemina
2332 1310 2581 1350 sensuum
2600 1310 2805 1365 organa
2827 1299 2924 1348 cur
2951 1295 3103 1350 nobis
3138 1297 3336 1351 indita.
3366 1325 3439 1337 --
3468 1295 3607 1351 Illud

2014 1386 2303 1444 sciendum
2338 1394 2445 1454 est,
2481 1386 2653 1442 Deum
2685 1387 2894 1442 idcirco
2914 1395 3111 1442 caetera
3138 1388 3321 1442 omnia
3345 1403 3607 1443 sensuum

2015 1492 2220 1549 organa
2248 1477 2465 1548 gemina
2498 1477 2789 1543 struxisse,
2834 1486 2913 1541 ut,
2950 1478 2997 1533 si
3057 1493 3227 1532 unum
3284 1478 3607 1534 labefactari

2013 1568 2325 1639 contigerit,
2352 1567 2585 1623 alterum
2619 1568 2797 1638 ip'sius
2829 1576 3031 1624 munus
3060 1569 3297 1640 expleat.
3348 1569 3609 1640 Duplices

2014 1661 2161 1715 enim
2210 1661 2404 1715 oculos
2460 1659 2735 1725 condidit,
2789 1659 3040 1731 duplices
3092 1670 3301 1728 aures,
3361 1663 3609 1731 duplices

2016 1751 2237 1805 narium
2265 1757 2507 1817 meatus,
2549 1758 2605 1806 et
2630 1750 2848 1822 linguas
2892 1751 3140 1822 duplices
3173 1771 3190 1818 ;
3226 1762 3349 1823 quae
3401 1754 3457 1807 in
3480 1753 3606 1821 qui-

2016 1844 2252 1900 busdam
2274 1843 2650 1899 animantibus
2677 1844 2868 1900 divisae
2904 1847 3056 1909 sunt,
3102 1855 3161 1901 ut
3209 1845 3266 1899 in
3307 1843 3607 1915 anguibus,

2014 1935 2069 1989 in
2106 1935 2230 1991 aliis
2254 1940 2437 1991 autem
2487 1932 2805 2005 conjuncta,
2836 1945 2900 1991 ut
2949 1935 3005 1990 in
3066 1936 3311 1993 homine.
3370 1936 3603 1991 Tactum

2015 2034 2199 2082 autem
2218 2033 2337 2082 toto
2360 2032 2596 2097 curpore
2612 2024 2852 2093 diffudit,
2871 2028 3114 2097 exceptis
3131 2028 3375 2092 ossibus,
3396 2029 3610 2095 nervis,

2014 2116 2316 2188 unguibus,
2348 2116 2637 2181 cornibus,
2677 2116 2829 2187 pilis,
2886 2118 3164 2188 iuncturis
3212 2118 3267 2175 et
3319 2118 3443 2174 aliis
3477 2120 3605 2190 qui-

2016 2206 2249 2263 busdam
2289 2206 2626 2278 huiusmodi.
3186 2224 3187 2227 ‘

2088 2297 2288 2354 Sensus
2324 2307 2381 2352 ut
2403 2298 2607 2369 objecta
2641 2298 2957 2370 perdpiant.
2990 2329 3060 2342 -—
3091 2299 3250 2372 185
3284 2301 3426 2357 illud
3457 2314 3598 2372 quo-

2016 2406 2125 2462 que
2158 2392 2303 2448 scire
2343 2391 2583 2447 alienum
2641 2408 2754 2449 non
2800 2392 2993 2461 fuerit,
3021 2392 3205 2449 Visum
3263 2393 3416 2450 recta
3468 2394 3610 2449 linea

2018 2490 2269 2552 cernere,
2298 2483 2547 2539 auditum
2590 2492 2645 2541 et
2676 2484 2940 2540 olfactum
2975 2500 3085 2541 non
3134 2494 3286 2541 recta
3318 2485 3610 2552 duntaxat,

2019 2576 2116 2631 sed
2183 2571 2555 2646 undecunque
2641 2575 2863 2646 objecta
2929 2569 3213 2632 sensibilia
3289 2576 3609 2647 percipere:

2019 2672 2233 2720 tactum
2253 2672 2386 2720 vero
2411 2672 2467 2721 et
2516 2670 2797 2734 gustatum
2859 2674 3212 2736 nequaquam
3258 2672 3409 2721 recta
3442 2664 3610 2729 linea,

2018 2771 2120 2812 nec
2165 2755 2536 2828 undecunque
2562 2758 2789 2822 sentire,
2820 2758 2915 2814 sed
2941 2767 3055 2812 tum
3086 2757 3350 2829 denique,
3376 2756 3598 2827 quando

2019 2846 2319 2904 sensilibus
2354 2847 2471 2905 suis
2496 2840 2746 2918 proxime
2779 2846 3159 2904 admoventur.

2628 2934 2784 2992 CAP.
2817 2935 2961 2992 XIX.

2594 3026 2667 3081 De
2690 3027 3027 3097 cogitatione.

2125 3116 2408 3189 Cogitandi
2449 3117 2548 3171 vis.
2583 3117 2853 3173 Divinatio
2895 3121 2949 3173 in
2993 3119 3211 3174 somnis.
3252 3148 3321 3159 —
3355 3118 3436 3172 Ad
3486 3124 3607 3172 eam

2017 3216 2252 3279 partem,
2293 3209 2349 3263 in
2399 3222 2507 3278 qua
2552 3209 2815 3281 cogitatio
2843 3219 2949 3275 est,
2986 3210 3287 3281 generatim
3329 3209 3610 3279 pertinent

2014 3297 2246 3368 judicia,
2269 3310 2556 3361 assensus,
2597 3299 2837 3370 impetus
2866 3300 2933 3355 ad
2963 3298 3255 3371 agendum,
3288 3307 3342 3353 et
3366 3298 3607 3353 declina—

2019 3388 2218 3454 tiones,
2251 3400 2315 3444 ac
2353 3388 2495 3460 fuga:
2528 3390 2599 3445 ab
2631 3392 2867 3447 actione.
2902 3390 3198 3462 Speciatim
3247 3394 3429 3444 autem
3472 3404 3608 3445 con-

2020 3476 2382 3533 siderationes
2405 3492 2593 3533 earum
2626 3490 2807 3535 rerum
2840 3496 2963 3551 quae
2995 3476 3397 3551 intelliguntur,
3436 3480 3610 3534 virtu-

2020 3578 2208 3637 tesque
2232 3574 2287 3621 et
2316 3568 2639 3638 diSCiplinae,
2672 3570 2873 3623 artium
2915 3572 3179 3648 rationes,
3201 3570 3526 3626 deliberatio
3554 3580 3611 3625 et

2018 3658 2294 3713 electio".
2324 3657 2468 3725 Quin
2516 3661 2630 3714 haec
2659 3674 2880 3730 quoque
2910 3675 3039 3732 pars
3075 3663 3475 3718 durmientibus
3506 3680 3607 3719 no-

2018 3748 2107 3803 bis
2122 3756 2351 3803 eventus
2381 3748 2596 3803 futuros
2615 3748 2979 3817 vaticinatur;
3008 3765 3172 3820 quam
3197 3751 3419 3821 quidem
3442 3768 3607 3809 unam

2019 3835 2391 3908 Pythagorici,
2422 3837 2481 3892 in
2512 3838 2616 3911 hoc
2642 3836 2903 3893 Hebraeos
2933 3840 3130 3903 secuti,
3164 3846 3348 3894 veram
3393 3840 3575 3894 divina
3594 3870 3611 3880 -

2021 3930 2221 3983 tionem
2249 3942 2373 3982 esse
2401 3937 2646 3984 censent.
2682 3927 2859 3999 Hujus
2886 3931 3052 3998 porro
3080 3938 3351 4000 crgauum
3378 3939 3465 3986 est
3496 3948 3607 3986 me-

2019 4020 2145 4073 dius
2192 4019 2401 4074 cerebri
2445 4020 2809 4088 ventriculus,
2844 4021 3183 4092 spiritusque
3228 4022 3482 4077 animalis
3511 4021 3603 4091 qui

2022 4110 2076 4163 in
2106 4124 2171 4166 eo
2203 4100 2369 4166 est".

2646 4203 2952 4259 usp.xx.
3613 4192 3642 4221 ‘

2604 4293 2679 4347 De
2708 4296 2987 4348 memoria.

2134 4383 2400 4439 Memoria
2442 4384 2699 4452 tte/initio.
2728 4381 2895 4437 —Vis
2946 4383 3035 4435 illa
3077 4386 3183 4450 qua
3228 4380 3602 4449 meminimus,

337 4467 510 4521 αῐτιόν
544 4478 570 4507 ο
598 4483 658 4519 τε
688 4466 782 4519 καὶ
814 4450 1057 4537 ταμεῖον.
1094 4468 1297 4539 Μνήμη
1327 4469 1436 4540 γάρ
1478 4471 1593 4523 ἐστι
1645 4450 1914 4538 φαντασία

2015 4484 2098 4530 est
2144 4475 2421 4528 memoriae
2462 4450 2516 4527 et
2559 4471 2958 4528 recordationis
2996 4484 3161 4526 causa
3195 4478 3252 4527 et
3282 4475 3605 4542 promptuav

336 4557 875 4629 ἐγκαταλελειμμένη
909 4559 1019 4612 ἀπό
1055 4576 1200 4622 τινος
1232 4561 1533 4632 αἰσθήσεώς
1561 4579 1618 4615 τε
1664 4563 1758 4616 καὶ
1787 4564 1913 4633 νοή-

340 4664 480 4713 σεως
514 4649 536 4688 ί
562 4652 681 4704 κατ’
707 4649 988 4720 ἐνέργειαν
1018 4652 1370 4722 φαινομένης,
1418 4653 1451 4722 ἢ
1484 4654 1726 4724 σωτηρία
1756 4657 1781 4695 ε
1831 4657 1916 4709 αἰ-

340 4737 586 4809 σθήσεώς
612 4757 671 4793 τε
690 4741 787 4792 καὶ
800 4740 1061 4809 νοήσεως.
1096 4741 1160 4793 Ἦ
1174 4741 1284 4809 γὰρ
1300 4741 1450 4812 ψυχὴ
1469 4744 1579 4795 τῶν
1605 4745 1704 4814 μὲν
1734 4747 1919 4816 αίσθηε

340 4829 452 4884 τιῖιν
500 4830 591 4885 διὰ
643 4831 754 4885 τῶν
802 4830 1174 4902 αἰσθητηρίων
1219 4834 1699 4905 ἀντιλαμϐάνεται,
1748 4840 1918 4908 ήγουν

339 4919 681 4987 αἰσθάνεται,
734 4922 1064 4990 καὶγίνεται
1112 4923 1271 4988 δόξαι
1303 4926 1413 4979 τῶν
1460 4926 1516 4979 δὲ
1544 4927 1769 4997 νοητῶν,
1826 4927 1915 4981 διὰ

2010 4570 2176 4622 rium.
2208 4565 2304 4620 Est
2336 4566 2481 4621 enim
2518 4564 2801 4626 memoria,
2848 4564 3064 4632 Species
3094 4567 3150 4619 et
3200 4564 3381 4635 iinago
3414 4564 3481 4619 ab
3508 4565 3607 4618 ali-

2014 4674 2121 4729 quo
2144 4672 2334 4720 sensu,
2370 4656 2681 4725 mentisque
2704 4656 2941 4717 actione,
2989 4664 3111 4724 quae
3157 4662 3285 4713 actu
3332 4670 3601 4726 apparue-

2015 4749 2108 4811 rit,
2152 4747 2358 4803 reliCta.
2393 4746 2510 4811 Vel,
2552 4747 2631 4802 rei
2683 4760 2851 4802 sensu
2877 4752 2931 4801 ct
2957 4744 3305 4817 cogitatione
3335 4757 3606 4817 percepta:

2018 4838 2453 4892 conScrvatio‘".
2502 4837 2719 4893 Etenim
2773 4852 2897 4892 cum
2949 4839 3131 4892 anima
3178 4840 3464 4895 sensibilia
3509 4855 3609 4911 per

2024 4938 2285 4983 sensuum
2330 4940 2534 4997 organa
2591 4927 2843 4998 percipit,
2891 4936 2987 4984 seu
3059 4931 3251 4997 sentit,
3289 4930 3348 4984 tit
3366 4929 3604 5001 opinio:

417 5068 464 5112 θ’
487 5080 697 5139 Nemea.
728 5097 848 5154 cap.
877 5082 963 5137 11.
1038 5084 1083 5114 ⁷¹
1135 5072 1271 5140 Vide
1310 5066 1652 5157 Greg.Nyss.
1693 5084 1769 5139 De
1810 5083 1911 5154 Opi

2015 5100 2129 5139 om.
2166 5098 2217 5139 c.
2252 5085 2340 5140 15.
2416 5084 2702 5143 "Nemes.
2738 5102 2862 5159 cap.
2895 5087 2985 5142 ιδ.

1634 5238 1866 5297 VARUS
1904 5228 2307 5299 LECTIONES.

417 5393 443 5433 ἀ
470 5391 627 5467 Multi
661 5394 789 5453 cod.
826 5392 932 5466 εἴη,
963 5393 1224 5467 τοιοῦτος.
1256 5394 1455 5453 NOStef
1481 5407 1537 5451 et
1588 5396 1732 5467 apud
1791 5394 2105 5453 Nemeniuin

342 5463 624 5538 {Regiis},
659 5480 869 5538 necnon
899 5463 1041 5534 apud
1080 5465 1409 5538 ANernesium
1439 5469 1567 5520 ὅταν
1591 5463 1640 5538 ᾖ⁷
1663 5468 1878 5538 μικρόν.

343 5532 505 5588 Colb.
535 5532 571 5585 Ξ
598 5542 652 5588 et
682 5536 741 5587 ὃ.
775 5534 881 5587 llil.
932 5532 1034 5589 nec
1078 5536 1230 5605 legit.
1292 5537 1461 5591 Vetus
1490 5532 1721 5605 interpr.

2193 5396 2453 5454 τοιοῦτον.
2480 5396 2573 5455 Sic
2612 5393 2755 5455 infra
2788 5399 2842 5454 in
2874 5396 3091 5460 eodem,
3128 5399 3183 5453 in
3214 5396 3339 5453 cod.
3376 5398 3460 5453 S.‘
3492 5398 3602 5457 Hil.

1979 5479 2001 5507 ε
2037 5468 2100 5522 ﬂ.
2307 5472 2549 5543 ἀγγεῖον.
2636 5471 2655 5508 ί
2684 5469 2856 5543 Deest
2887 5472 2990 5543 nat
3012 5472 3270 5543 νοήσεως,
3304 5468 3358 5521 in
3464 5470 3601 5543 Reg.

1805 5552 1868 5609 ec
1904 5544 1991 5609 cst
2041 5539 2181 5609 apud
2217 5538 2557 5609 Nemesium,
2604 5538 2697 5609 qui
2730 5538 3158 5609 descriptionem
3197 5539 3439 5609 hanciab
3472 5538 3600 5599 Ori-

344 5618 489 5676 gene
514 5614 799 5676 mutuatus
838 5614 945 5676 est,
980 5608 1037 5676 ut
1066 5610 1299 5676 testatur
1343 5606 1479 5676 Reg.
1535 5605 1660 5661 cod.
1708 5606 1870 5671 5109,
1920 5608 1975 5661 in
2002 5605 2113 5674 quo
2140 5607 2378 5662 Nemesii
2416 5609 2554 5663 liber
2589 5605 2845 5662 habetur.
2918 5605 2951 5645 ε
2988 5606 3143 5660 Edita
3167 5616 3221 5662 et
3250 5608 3408 5662 multi
3441 5611 3599 5665 codiu

342 5672 445 5750 σεε
466 5672 668 5727 habent
703 5673 907 5750 σωρεία
934 5691 947 5725 :
981 5673 1063 5725 sic
1084 5684 1241 5750 vetus
1280 5672 1507 5744 interpr.
1564 5676 1770 5750 posuit,
1821 5672 2171 5750 cantet-uano.
2197 5676 2381 5750 Faber
2430 5694 2584 5750 vero,
2605 5676 2987 5750 conﬁrmatio;
3008 5676 3157 5747 quod
3183 5681 3361 5750 magis
3386 5683 3600 5739 accedit

347 5742 418 5797 ad
443 5756 629 5798 vocem
660 5742 1292 5811 σωτηρία,εοηεενυαιίο.
1324 5742 1489 5813 quam
1509 5742 1651 5815 apud
1674 5743 1989 5802 Nemesium
2032 5748 2231 5820 reperi,
2262 5748 2318 5800 in
2352 5748 2479 5802 cod.
2513 5746 2572 5801 S.
2605 5742 2799 5802 llil.‘et
2825 5746 2971 5804 aliis.

675 5840 941 5896 ΡΑτιιυι..
981 5835 1089 5894 Gn.
1130 5833 1333 5897 XCIV.

3198 5840 3275 5901 30
