4116 6150
359 367 462 432 941

1435 361 1534 422 DE
1571 357 1751 420 FIDE
1779 345 2252 415 ORTHODOXA
2291 347 2440 408 LIB.
2470 349 2555 408 II.

2459 213 2467 236 ἑ
2492 221 2533 238 1--

3517 336 3626 404 942

362 484 576 554 κίνησις
586 477 778 546 ἄλογος
788 475 889 546 τῆς
907 473 1107 548 ψυχῆς,
1120 475 1186 530 δι’
1208 473 1478 545 ὑπόληψιν
1493 471 1663 527 καλοῦ
1683 471 1718 542 ἢ
1743 466 1936 524 κακοῦ.

2055 482 2141 538 Vel
2163 481 2268 536 alio
2296 479 2463 535 modo
2490 497 2504 535 :
2529 476 2720 534 Passio
2752 483 2835 531 est
2859 472 3258 530 irrationabilis
3299 482 3481 530 motus
3513 473 3633 528 ani-

373 573 441 626 Ἦ
467 570 566 642 μὲν
588 563 682 623 οὖν
715 567 986 639 ὑπόληψις
1011 567 1108 621 τοῦ
1137 567 1304 621 καλοῦ
1329 565 1426 636 τὴν
1451 563 1746 634 ἐπιθυμίαν
1774 560 1934 614 κινεῖ*

359 667 394 734 ἡ
423 663 480 716 δὲ
517 659 614 716 τοῦ
643 659 816 714 κα.κοῦ
854 658 1119 730 ὑπόληψις
1147 659 1240 712 τὸν
1288 656 1480 727 θυμόν.
1517 654 1592 708 Τὸ
1623 654 1680 708 δὲ
1704 651 1938 721 γενικδν,

360 754 530 824 ἦγουν
553 751 731 805 κοινὸν
755 749 946 815 πάθος,
977 749 1149 813 οὕτως
1176 748 1416 820 ὁρίζεται
1434 763 1448 777 ⁸
1495 745 1668 807 πάθος
1708 742 1828 798 ἔστι
1852 741 1938 794 κι-

361 858 519 914 νησις
546 843 604 894 ἐν
633 840 807 911 ἑτέρῳ
836 840 896 907 ἐξ
928 839 1140 910 ἑτέρου.
1185 839 1465 910 Ἐνὲργεια
1499 836 1556 894 δέ
1581 838 1696 889 ἐστι
1725 833 1941 904 κίνησις

359 935 649 1005 δραστική.
673 931 973 1001 Δραστικδν
1027 931 1084 985 δὲ
1115 931 1332 999 λέγεται
1362 929 1424 984 τὸ
1446 928 1508 995 ἐξ
1536 926 1732 982 ἑαυτοῦ
1757 922 1939 980 κινού-

365 1040 527 1098 μενον
549 1041 565 1058 ⁸
599 1023 769 1087 οὕτως
820 1023 918 1076 καὶ
956 1025 985 1076 ό
1036 1021 1207 1094 θυμὸς
1265 1023 1515 1093 ἐνέργεια
1561 1021 1665 1092 μέν
1700 1022 1816 1073 ἐστι
1845 1015 1942 1070 τοῦ

364 1113 700 1186 θυμοειδοῦς,
732 1114 906 1178 πάθος
930 1115 1009 1182 δὲ,
1034 1114 1144 1168 τῶν
1173 1114 1267 1168 δύο
1289 1115 1476 1186 μερῶν·
1496 1115 1592 1185 τῆς
1614 1112 1817 1184 ψυχῆς,
1848 1111 1943 1164 καὶ

367 1207 590 1278 προσέτι
613 1205 814 1270 παντὸς
841 1205 935 1259 τοῦ
967 1205 1238 1278 σώματος,
1267 1207 1394 1260 ὅταν
1419 1206 1524 1259 ὑπὸ
1549 1203 1723 1276 θυμοῦ
1755 1202 1942 1274 βιαίως

364 1299 564 1370 ἄγηται
612 1299 750 1370 πρὸς
773 1297 872 1361 τὰς
912 1297 1158 1369 πράξεις.
1193 1296 1284 1362 Ἐξ
1325 1298 1511 1367 ἐτέρου
1543 1295 1653 1366 γὰρ
1687 1297 1744 1350 ἐν
1771 1294 1944 1365 ἑτέρῳ

364 1392 588 1462 γέγονεν
605 1393 639 1461 ἡ
662 1389 896 1460 κίνησις,
918 1388 1055 1458 ὅπερ
1080 1387 1302 1457 λέγεται
1339 1385 1534 1450 πάθος.

437 1482 546 1536 Καὶ
574 1481 694 1534 καθ’
724 1481 910 1549 ἕτερον
936 1480 994 1533 δὲ
1034 1480 1235 1551 τρόπον
1287 1481 1322 1549 ή
1361 1478 1614 1549 ἐνέργεια
1657 1476 1829 1540 πάθος
1855 1474 1945 1528 λέ-

365 1589 544 1641 γεται.
597 1571 875 1640 Ἐνὲργεια
907 1571 1008 1641 μὲν
1035 1571 1142 1641 γάρ
1176 1570 1294 1622 ἐστι
1351 1568 1496 1623 κατὰ
1524 1567 1686 1638 φύσιν
1707 1567 1940 1636 κίνησις,

369 1664 541 1726 πάθος
566 1664 643 1730 δὲ,
675 1665 826 1734 παρὰ
853 1663 1014 1733 φύσιν
1041 1679 1054 1694 ⁸
1080 1662 1224 1716 κατὰ
1259 1661 1448 1716 τοῦτον
1479 1661 1577 1732 μὲν
1625 1655 1717 1714 οὖν
1739 1659 1830 1713 τὸν
1856 1659 1944 1711 λό-

367 1773 468 1827 γον
499 1758 534 1827 ἡ
562 1755 811 1826 ἐνέργεια
843 1754 1015 1818 πάθος
1054 1754 1306 1823 λέγεται,
1339 1755 1469 1808 ὅταν
1495 1755 1570 1824 μὴ
1609 1752 1752 1812 κατὰ
1782 1750 1946 1819 φύσιν

2046 587 2149 626 ma:
2175 570 2247 624 ob
2277 568 2406 623 boni
2445 568 2532 623 vel
2590 565 2720 621 mali
2787 564 3125 635 opinionem.
3171 560 3462 616 Enimvero
3503 560 3632 626 boni
3699 552 3707 560 ’

2046 659 2232 730 Opinio
2253 658 2611 729 cupiditatem
2637 665 2818 712 movet
2838 678 2852 722 ς
2880 657 3009 711 mali
3028 663 3217 711 autem
3239 655 3446 726 opinio,
3471 656 3633 710 iram.

2045 757 2115 806 At
2152 765 2285 806 vero
2307 751 2363 805 in
2403 765 2602 822 genere
2631 756 2686 805 et
2712 748 3079 836 communiter
3111 742 3298 815 passio
3329 747 3410 801 sic
3439 745 3633 802 delini-

2046 849 2136 898 tur
2170 861 2186 898 :
2215 842 2408 898 Passio
2447 851 2532 898 est
2564 848 2745 897 motus
2771 855 2839 897 ex
2871 841 2978 896 alio
3013 839 3068 894 in
3105 840 3232 895 alio.
3263 838 3423 893 Actio
3455 846 3633 894 autem

2046 942 2132 990 est
2159 944 2342 990 motus
2369 919 2580 989 efficax.
2603 931 2810 986 Eﬂicax
2839 945 3002 1002 porro
3024 931 3248 998 dicitur,
3276 931 3422 1002 quod
3456 946 3522 985 ex
3548 945 3638 985 se-

2046 1026 2166 1098 ipso
2190 1035 2460 1081 movetur.
2505 1023 2597 1083 Sic
2627 1024 2886 1079 nimirum
2931 1024 3034 1090 ira,
3085 1025 3228 1079 actio
3265 1023 3513 1095 quaedam
3553 1030 3639 1077 est

2047 1117 2220 1189 partis
2249 1116 2567 1181 irascentis,
2606 1116 2793 1187 passio
2832 1124 3014 1172 autem
3047 1127 3150 1184 est,
3191 1117 3481 1186 utriusque
3514 1115 3637 1170 ani-

2049 1225 2153 1266 mas
2190 1210 2382 1281 partis,
2441 1211 2720 1281 totiusque
2758 1212 3032 1281 corporis,
3061 1225 3187 1266 cum
3247 1209 3313 1265 ad
3337 1208 3340 1210 ⁷
3367 1211 3638 1281 agendum

2050 1303 2118 1357 ab
2143 1303 2225 1357 ira
2259 1317 2359 1373 per
2385 1303 2496 1357 vim
2525 1302 2780 1358 trahitur.
2815 1301 2969 1358 Tunc
2998 1303 3144 1356 enim
3177 1316 3242 1356 ex
3291 1300 3400 1355 alio
3433 1301 3491 1354 in
3533 1299 3640 1355 alio

2050 1380 2244 1446 motus.
2275 1392 2373 1458 lit;
2406 1391 2459 1445 id
2493 1390 2638 1461 quod
2670 1392 2854 1461 passio
2887 1400 3258 1460 nuncupatur.

2158 1483 2314 1537 Idem
2343 1493 2518 1536 motus
2547 1491 2608 1535 ut
2633 1483 2813 1551 passio
2840 1492 2889 1537 et
2916 1485 3078 1536 actio.
3103 1513 3173 1521 —
3193 1482 3336 1547 Quin
3372 1482 3477 1536 alio
3507 1495 3644 1552 quo-

2049 1587 2158 1643 que
2179 1573 2342 1628 modo
2373 1572 2519 1626 actio
2539 1571 2744 1626 dicitur
2773 1573 2978 1642 passio.
3003 1572 3164 1627 Actio
3186 1573 3332 1626 enim
3357 1581 3538 1626 motus
3561 1580 3645 1626 est

2050 1676 2261 1723 natura)
2305 1671 2742 1730 consentaneus;
2776 1664 2983 1734 passio,
3029 1672 3214 1719 motus
3251 1671 3448 1732 praeter
3482 1671 3642 1716 natu-

2051 1748 2358 1810 ram.'Haec
2386 1755 2555 1826 igitur
2587 1755 2798 1810 ratione
2824 1755 2968 1810 actio
3012 1755 3286 1825 passionis
3321 1769 3521 1809 nomen
3547 1754 3646 1808 ob-

369 1849 608 1920 κινῆται,
632 1847 742 1901 εἴτε
768 1848 828 1912 ἐξ
850 1847 1069 1913 ἑαυτοῦ,
1096 1847 1208 1901 εἴτε
1239 1848 1298 1914 ἐξ
1325 1847 1536 1917 ἐτέρου.
1561 1846 1674 1916 Τῆς
1697 1842 1792 1898 οὖν
1817 1860 1946 1914 καρ-

2055 1850 2203 1914 tinet,
2252 1864 2376 1905 cum
2418 1857 2572 1903 motu
2625 1858 2837 1904 natura:
2884 1849 3245 1920 repugnantis
3289 1849 3486 1912 cietur,
3527 1849 3645 1901 sive

371 1941 490 2005 διας
533 1945 566 2014 ή
609 1942 708 2012 μὲν
751 1941 894 1996 κατὰ
936 1941 1224 2011 σφυγμοὺς
1273 1939 1487 2010 κίνησις
1543 1937 1746 2010 φυσικὴ
1787 1933 1943 2003 οὖσα,

372 2031 622 2101 ὲνέργειά
647 2032 797 2084 ἐστιν
823 2045 838 2061 ⁸
875 2030 911 2101 ὴ
939 2029 997 2083 δὲ
1025 2030 1170 2086 κατὰ
1212 2029 1340 2091 τοὺς
1382 2028 1652 2099 παλμοὺς,
1708 2027 1948 2098 ἄμετρος

367 2118 525 2190 οὖσα,
550 2123 643 2177 καὶ
673 2124 736 2177 ob
765 2122 907 2177 κατὰ
942 2122 1104 2192 φύσιν
1171 2121 1350 2186 πάθος.
1376 2122 1513 2188 ἐστὶ,
1543 2120 1637 2175 καὶ
1662 2121 1761 2174 οὐκ
1793 2119 1947 2189 ἐνέρ-

370 2233 518 2288 γεια.

442 2483 520 2537 Οὑ
545 2485 695 2537 πᾶσα
715 2483 773 2537 δι
797 2483 1013 2553 κίνησις
1049 2480 1145 2536 τοῦ
1191 2481 1520 2553 παθητικοῦ,
1553 2480 1727 2544 πάθος
1768 2481 1950 2536 καλεῖ-

371 2591 484 2639 ται,
508 2574 622 2628 ἀλλ’
651 2576 707 2627 αἱ
741 2575 1121 2646 σφοδρότεραι,
1156 2576 1250 2629 καὶ
1298 2578 1379 2640 εἰς
1431 2575 1685 2648 αἴσθησιν
1725 2574 1952 2645 προσαί-

375 2681 600 2720 νουσαι⁸
635 2666 691 2718 αἱ
742 2665 852 2738 γὰρ
896 2665 1113 2737 μικραὶ,
1145 2667 1240 2719 καὶ
1279 2665 1692 2737 ἀνεπαίσθητοι,
1740 2666 1953 2719 οὐδέπω

375 2753 527 2827 πάθη
559 2755 665 2808 εἰσι
685 2769 698 2786 ⁸
726 2755 808 2808 δεῖ
860 2755 970 2826 γὰρ
995 2755 1140 2826 ἔχειν
1191 2757 1250 2809 τὸ
1292 2756 1484 2823 πάθος,
1507 2757 1604 2814 καὶ
1627 2757 1689 2811 τὸ
1724 2757 1954 2828 μέγεθος

374 2845 673 2914 ἀξιόλογονο
697 2847 779 2900 διὸ
803 2848 1124 2918 πρόσκειται
1144 2847 1224 2918 τῷ
1259 2849 1371 2919 ὅρῳ
1402 2849 1499 2904 τοῦ
1532 2850 1761 2914 πάθους,
1795 2851 1953 2920 κίνη-

377 2954 466 2999 σις
491 2937 722 3006 αῑσθητή
742 2953 755 2968 ⁸
807 2939 863 2990 αι
893 2939 1002 3008 γὰρ
1034 2939 1231 3010 μικραὶ
1285 2941 1548 3010 κινήσεις,
1597 2941 1953 2996 λανθάνουσαι

375 3026 480 3096 τὴν
502 3025 774 3096 αῐσθησιν,
807 3027 868 3079 οὐ
902 3028 1118 3081 ποιοῦσι
1139 3029 1200 3081 τὸ
1233 3029 1423 3093 πάθος.

449 3286 572 3358 Χρὴ
603 3287 911 3356 γινώσκειν,
941 3289 1020 3345 ὅτι
1071 3292 1104 3361 ἡ
1150 3291 1395 3364 ἡμετέρα
1433 3295 1578 3367 ψυχὴ
1624 3296 1809 3362 διττὰς
1843 3298 1956 3371 ἔχει

375 3379 479 3442 τὰς
507 3379 784 3451 δυνάμεις,
837 3383 938 3448 τὰς
964 3384 1064 3455 μὲν
1113 3391 1439 3456 γνωστικὰς,
1485 3390 1584 3453 τὰς
1610 3391 1667 3445 δὲ
1698 3393 1955 3458 ζωτικάς.

380 3469 495 3524 Καὶ
521 3473 822 3538 γνωστικαὶ
853 3473 952 3543 μέν
979 3476 1086 3530 εισι
1143 3477 1290 3545 νοῦς,
1320 3479 1556 3546 διάνοια,
1578 3481 1724 3549 δόξα,
1755 3501 1959 3552 φαντα-

383 3562 499 3626 σία,
535 3561 821 3633 αἴσθησις·
848 3566 1080 3631 ζωτικαὶ
1101 3569 1182 3635 δὲ,
1211 3571 1382 3642 ἦγουν
1421 3574 1725 3643 ὀρεκτικαὶ,
1762 3574 1959 3646 βούλη-

385 3669 470 3716 σις
516 3654 610 3706 καὶ
655 3657 994 3729 προαιρεσις.
1033 3660 1146 3714 ’Ὶνα
1184 3661 1240 3715 δὲ
1271 3668 1604 3737 σαφέστερον
1645 3668 1869 3738 γένηται
1898 3667 1961 3720 τὸ

383 3743 698 3814 λεγόμενον,
751 3747 1237 3821 λεπτολογήσωμεν
1273 3755 1344 3808 τὰ
1396 3759 1522 3827 περὶ
1570 3759 1774 3813 τούτων
1800 3772 1815 3788 ⁹
1865 3758 1962 3812 καὶ

383 3833 604 3904 πρῶτον
635 3839 763 3908 περὶ
786 3839 896 3892 τῶν
923 3843 1239 3908 γνωστικῶν
1264 3846 1529 3918 εἴπωμεν.

457 4115 593 4185 Περὶ
641 4115 739 4185 μὲν
784 4113 878 4171 οὖν
937 4124 1240 4186 φαντασίας
1273 4125 1358 4180 καὶ
1401 4126 1708 4198 αἰσθήσεως
1762 4131 1964 4198 ἱκανῶς

383 4200 486 4271 ἤδη
516 4203 573 4253 ὲν
608 4205 719 4266 τοῖς
765 4206 1216 4278 προλελεγμένοις
1246 4212 1492 4282 εἴρηται..
1515 4217 1616 4270 Διὰ
1646 4219 1746 4288 τῆς
1771 4221 1964 4291 αἰσθή-

385 4307 529 4355 σεως
555 4293 733 4348 τοίνυν
753 4297 813 4348 ὲν
838 4299 903 4368 τῇ
932 4297 1078 4370 ψυχῇ
1099 4300 1414 4357 συνίσταται
1440 4305 1630 4373 πάθος,
1665 4307 1694 4360 ὃ
1718 4310 1963 4367 καλεῖται

384 4385 692 4450 φαντασία·
727 4387 791 4439 ὲκ
842 4387 901 4440 δὲ
963 4392 1263 4458 φαντασίας
1316 4394 1524 4462 γίνεται
1572 4397 1717 4463 δόξα.
1754 4397 1888 4454 Εῐτα
1929 4405 1964 4474 ὴ

381 4568 497 4621 εἴτε
525 4570 744 4642 ψευδὴς,
781 4575 957 4644 κρίνει
993 4577 1056 4630 τὸ
1099 4578 1296 4648 ἀληθές
1319 4597 1334 4611 ⁸
1368 4581 1489 4635 ὅθεν
1514 4585 1609 4638 καὶ
1641 4586 1849 4641 διάνοια
1874 4589 1963 4642 λέ-

382 4676 540 4726 γεται
594 4665 704 4716 ἀπὸ
735 4664 831 4717 τοῦ
870 4666 1098 4720 διανοεῖν
1138 4671 1231 4723 καὶ
1259 4671 1575 4743 διακρίνειν.
1612 4676 1685 4728 Τὸ
1713 4673 1803 4731 οὖν
1841 4695 1965 4749 κρι-

381 4752 477 4805 θὲν
511 4754 646 4824 (85),
678 4757 770 4809 καὶ
799 4758 1014 4828 ὁρισθὲν
1041 4759 1260 4832 ἀληθὲς,
1305 4762 1428 4826 νοῦς
1456 4763 1693 4833 λέγεται.

467 5014 677 5082 ’Ἄλλως
704 5016 762 5073 δέ
792 5021 808 5060 1
835 5037 848 5052 ⁸
877 5021 998 5092 Χρὴ
1031 5020 1341 5090 γινώσκειν,
1365 5023 1501 5094 ὃτιή
1533 5025 1632 5096 μὲν
1653 5025 1844 5100 πρώτη
1876 5028 1969 5082 τοῦ

459 5194 504 5225 ⁷³
529 5193 668 5250 Max.
692 5197 858 5269 epist.
886 5197 912 5250 1
958 5197 1262 5256 ad-Marin.

2048 1942 2174 2012 quis
2199 1956 2267 1996 ex
2309 1941 2492 2010 seipso
2520 1952 2830 2009 moveatur,
2889 1942 3006 1998 sive
3045 1949 3198 1997 motu
3247 1940 3518 2010 impresso
3575 1938 3648 1993 ab

2049 2034 2178 2091 alio.
2205 2033 2271 2088 At
2293 2033 2524 2104 proinde
2549 2033 2732 2089 cordis
2765 2039 2969 2098 motus,
3000 2045 3112 2102 quo
3154 2032 3370 2086 arteriae
3413 2030 3646 2101 pulsan-

2050 2132 2162 2190 tur,
2193 2123 2464 2179 naturalis
2483 2137 2608 2178 cum
2641 2123 2732 2191 sit,
2766 2123 2912 2177 actio
2941 2121 3106 2178 etiam
3139 2129 3224 2176 cst
3254 2140 3267 2176 :
3298 2122 3392 2192 qui
3425 2135 3556 2176 vero
3579 2135 3648 2175 ex

2049 2212 2502 2285 palpitationibus
2525 2212 2722 2278 oritur,
2748 2212 2876 2283 quia
2909 2213 3129 2266 modum
3161 2212 3397 2275 excedit,
3433 2226 3534 2267 nec
3564 2216 3648 2266 est

2052 2314 2261 2360 natura
2303 2313 2748 2368 consentaneus,
2815 2305 3001 2375 passio
3112 2305 3302 2375 utique
3353 2311 3464 2370 est,
3536 2316 3647 2357 non

2050 2400 2214 2455 actio.
3434 2391 3439 2396 ’
3556 2415 3559 2418 ·

2120 2489 2230 2546 Nec
2245 2504 2377 2546 vero
2400 2497 2580 2546 motus
2611 2503 2823 2558 omnes,
2842 2488 2937 2559 qui
2955 2487 3008 2542 in
3039 2487 3250 2559 patibili
3276 2487 3471 2542 animae
3495 2495 3649 2558 parte

2049 2585 2378 2648 excitantur,
2395 2583 2684 2654 passiones
2697 2591 2990 2637 vocantur:
3007 2595 3194 2635 verum
3209 2579 3244 2633 ii
3259 2580 3646 2649 duntaxat,qui

2053 2673 2498 2729 vehementiores
2525 2682 2676 2735 sunt,
2704 2679 2870 2742 atque
2895 2671 2968 2726 ad
2995 2683 3218 2726 sensum
3253 2686 3426 2740 usque
3454 2685 3648 2741 perve-

2053 2764 2242 2818 niunt.
2269 2763 2438 2819 Leves
2466 2764 2612 2818 enim
2655 2771 2862 2828 motus,
2888 2770 2942 2818 et
2966 2763 3060 2832 qui
3111 2777 3275 2817 sensu
3318 2777 3426 2816 non
3471 2759 3650 2832 perci-

2053 2853 2304 2922 piuntur,
2335 2853 2620 2922 passiones
2645 2867 2754 2916 non
2778 2859 2927 2908 sunt.
2951 2851 3202 2922 Alicujus
3219 2851 3367 2907 enim
3397 2865 3648 2906 momen-

2055 2943 2095 2998 ti
2128 2942 2560 3014 magnitudinem
2594 2943 2795 2998 habere
2821 2944 3006 3013 passio
3036 2943 3215 2999 debet.
3250 2942 3406 2999 Unde
3436 2943 3490 2997 in
3521 2959 3646 3012 pas-

2053 3034 2229 3090 sionis
2285 3035 2604 3089 deﬁnitione
2656 3034 2901 3090 additum
2939 3046 3044 3100 est,
3093 3044 3267 3089 motus
3329 3035 3596 3088 sensibilis
3627 3051 3645 3088 :

2057 3125 2186 3197 quia
2230 3124 2382 3196 parvi
2417 3131 2598 3180 motus
2622 3138 2723 3179 nec
2748 3124 3038 3181 sensibiles
3074 3124 3383 3193 passionem
3413 3135 3521 3174 non
3563 3121 3648 3174 fa-

2060 3217 2234 3272 ciunt.
2857 3236 2866 3244 -
2933 3207 2940 3214 ’

2137 3307 2297 3380 187
2351 3308 2597 3376 Duplices
2639 3307 2834 3362 animi:
2863 3306 3170 3375 facultates,
3209 3301 3556 3372 cognoscendi
3597 3309 3648 3356 et

2059 3399 2441 3469 appetendi.-—-
2478 3398 2617 3455 Illud
2675 3413 2845 3470 porro
2895 3396 3198 3452 notandum
3237 3393 3487 3463 duplices
3525 3408 3650 3448 esse

2059 3489 2256 3544 animm
2305 3498 2507 3544 nostras
2535 3491 2681 3546 vires
2711 3531 2726 3556 ,
2759 3490 2898 3546 alias
2947 3490 3002 3542 in
3044 3486 3366 3559 cegnitione
3410 3486 3646 3555 positas.

2059 3581 2268 3638 alteras
2299 3581 2520 3638 vitales.
2553 3581 2714 3639 Vires
2750 3583 2805 3637 in
2859 3579 3182 3652 cognitione
3230 3577 3446 3649 positae,
3509 3589 3649 3634 sunt

2060 3685 2238 3737 mens,
2271 3672 2557 3743 cogitatio,
2608 3672 2821 3744 opinio,
2869 3671 3212 3743 imaginatio,
3245 3685 3466 3725 sensus.
3501 3669 3650 3723 Vita-

2060 3762 2164 3827 les,
2196 3778 2293 3818 seu
2323 3771 2666 3834 appetentes,
2715 3763 2968 3818 voluntas
2996 3770 3052 3818 et
3102 3761 3319 3817 electio.
3365 3759 3434 3816 Ut
3469 3771 3653 3816 autem

2061 3852 2358 3910 dilucidius
2399 3853 2497 3908 ﬂat
2522 3852 2667 3924 quod
2696 3853 2956 3918 dicimus,
3003 3867 3103 3924 age
3134 3851 3202 3908 de
3245 3850 3333 3906 his
3373 3851 3654 3906 facultati-

2060 3944 2164 3999 bus
2210 3944 2526 4000 accuratius
2567 3943 2953 3999 disseramus:
2989 3955 3065 3996 ac
3095 3942 3272 4010 primo
3311 3941 3429 3996 loco
3475 3940 3541 3996 de
3585 3941 3653 3996 iis

2063 4049 2184 4104 quae
2218 4036 2272 4089 in
2299 4034 2618 4106 cognitione
2648 4043 2961 4097 versantur,
3004 4047 3193 4088 sermo
3231 4033 3327 4086 sit.

2135 4125 2198 4182 Et
2235 4125 2458 4196 quidem
2495 4126 2565 4181 de
2611 4124 3010 4195 imaginatione
3051 4133 3108 4178 et
3144 4137 3314 4178 sensu
3365 4121 3500 4174 satis
3542 4120 3653 4188 iam

2073 4216 2336 4286 superius
2394 4214 2602 4270 dictum
2633 4222 2738 4270 est.
2769 4213 2875 4268 Per
2908 4227 3130 4270 sensum
3166 4214 3348 4280 itaque
3377 4210 3434 4264 in
3468 4209 3656 4262 animo

2065 4306 2338 4363 conﬂatur
2369 4322 2428 4360 ea
2457 4308 2666 4376 passio,
2692 4320 2814 4374 quae
2851 4302 3174 4372 imaginatio
3200 4301 3542 4354 nominatur.
3576 4299 3658 4352 Ex

2067 4401 2464 4471 imaginatione
2525 4398 2708 4453 oritur
2748 4396 2983 4466 opinio:
3021 4401 3139 4448 tum
3188 4392 3472 4462 cogitatio,
3537 4392 3658 4462 opi-
3753 4462 3756 4464 γ

380 4477 591 4575 διάνοια
630 4481 969 4575 άνακρίνασα
1000 4485 1098 4556 τὴν
1147 4488 1306 4556 δόξαν
1329 4530 1344 4555 ,
1395 4493 1506 4545 εἴτε
1540 4493 1746 4567 ἀληθής
1787 4497 1950 4565 ἐστιν1

2067 4492 2287 4545 nionem
2339 4488 2677 4558 expendens,
2731 4501 2932 4541 verane
2985 4484 3097 4548 sit,
3129 4498 3198 4538 an
3266 4482 3405 4539 falsa
3460 4501 3475 4538 :

3541 4491 3658 4537 tum

2073 4583 2291 4638 demum
2323 4579 2470 4649 quod
2516 4594 2703 4632 verum
2743 4585 2828 4631 est
2878 4575 3128 4646 judicat,
3169 4575 3240 4628 ob
3279 4574 3446 4644 idque
3491 4573 3660 4628 etiam

2073 4673 2262 4728 Graec
2291 4670 2526 4735 διάνοια,
2570 4669 2808 4734 dicitur,
2858 4667 2968 4720 ἀπὸ
3009 4665 3104 4718 τοῦ
3136 4666 3404 4730 διανοεῖν,
3449 4665 3502 4718 id
3552 4672 3660 4727 est,

2076 4763 2146 4818 ab
2183 4776 2249 4817 eo
2291 4760 2440 4830 quod
2469 4757 2785 4815 considerat
2826 4765 2881 4811 et
2918 4755 3204 4812 discernit.
3257 4754 3480 4810 Domum
3514 4753 3662 4823 quod

2076 4847 2390 4915 decretum,
2433 4861 2736 4915 verumque
2767 4844 3053 4900 deﬁnitum
3082 4852 3188 4913 est,
3219 4845 3534 4899 intellectus
3560 4857 3663 4896 no-

2082 4938 2324 4993 minatur
2347 4938 2417 4993 ⁷³.

2150 5026 2248 5084 Vel
2283 5031 2392 5085 alio
2424 5028 2607 5084 modo.
2645 5025 2945 5083 Sciendum
2977 5032 3065 5081 est
3097 5023 3246 5098 quod
3282 5025 3456 5097 prima
3511 5035 3661 5075 men-

1657 5308 1888 5363 VARIIE
1929 5307 2337 5366 LECTIONES.
3233 5354 3237 5359 .

469 5404 489 5476 i_
523 5401 684 5460 Deest
731 5405 788 5459 δὲ
843 5407 900 5461 in
927 5407 1108 5463 editis.
1138 5405 1313 5463 Faber
1367 5405 1532 5463 vertit
1570 5424 1583 5460 :
1615 5403 1719 5460 Sed
1747 5414 1796 5460 et
1829 5405 1884 5457 id
1911 5421 2063 5459 nosse
2091 5413 2308 5473 oportet.
2344 5401 2435 5467 Sic
2471 5403 2690 5460 videtur
2719 5406 2916 5476 legisse
2972 5411 3033 5458 ut
3089 5403 3143 5458 in
3209 5400 3276 5453 ιι.
3327 5398 3486 5465 3451,
3519 5397 3660 5455 ἀλλὰ

383 5473 522 5543 χρή·

1907 5563 2138 5619 NOTAE.

463 5650 586 5726 (83)
605 5655 675 5710 Τὸ
697 5651 814 5712 οὖν
838 5654 1065 5726 κριθὲν.
1114 5654 1346 5725 Denique
1394 5656 1448 5709 id
1487 5657 1625 5726 quod
1674 5657 1961 5722 decretum,

384 5724 710 5796 etc._Altera
736 5728 855 5796 haec
883 5734 967 5796 est
995 5725 1134 5788 νοὸς,
1179 5724 1389 5796 mentis,
1417 5724 1684 5796 acceptio,
1716 5741 1823 5794 qua
1856 5729 1966 5781 nti-

369 5804 461 5852 tur
496 5791 706 5850 Paulus
748 5795 862 5850 lad
908 5795 1160 5850 Corinth.
1203 5810 1240 5860 ι,
1285 5794 1380 5849 ubi
1403 5809 1500 5851 eos
1542 5791 1878 5852 adhortatur
1906 5803 1966 5850 ut

2076 5659 2188 5731 sint
2213 5658 2458 5730 perfecti,
2505 5658 2562 5714 ὲν
2593 5659 2670 5731 τῷ
2703 5657 2851 5727 αὐτῷ
2883 5655 2985 5728 νοῒ,
3016 5655 3073 5712 in
3103 5653 3279 5713 eodem
3309 5669 3462 5708 sensu
3486 5661 3537 5709 et
3569 5670 3662 5709 ωε

2075 5729 2190 5784 dem
2217 5731 2500 5785 sententia.
