2058 3075
256 111 310 153 θιι

855 115 885 144 S.
902 115 1061 146 JOANNIS
1082 118 1299 154 DAMASCENI

1837 123 1889 156 948

294 165 351 193 Nec
366 165 393 192 in
404 165 503 194 Chriin
515 166 617 193 anima.
637 181 670 185 —
689 165 761 198 Quin
776 174 810 194 nc
828 168 854 195 in
868 169 970 198 Christi
986 171 1048 205 qui-

1136 173 1206 199 οὔτε
1226 173 1254 200 δὲ
1266 174 1313 201 ἐπὶ
1325 175 1375 210 τῆς
1389 173 1436 201 τοῦ
1451 175 1554 211 Κυρίου
1568 173 1660 211 ψυχῆς
1676 184 1766 211 φαμεν
1787 176 1890 214 βουλὴν

255 210 317 238 dem
344 210 436 237 anima
453 210 681 239 deliberationem
702 215 750 239 aut
774 212 938 241 electionem
967 216 1049 250 poni-

253 265 334 284 mus:
352 263 442 291 neque
456 255 529 283 enim
547 256 704 290 ignorantia
724 257 878 287 laborabat.
902 259 972 287 Nam
998 262 1049 289 etsi

252 301 390 338 ejusmodi
409 306 536 329 naturam
561 302 690 342 habebat,
713 311 797 338 quam
821 304 978 333 futurorum
999 314 1049 334 co-

252 348 342 382 gnitio
371 346 478 382 lugeret
499 356 506 375 :
524 351 615 375 tamen
644 349 679 376 ob
706 350 879 384 personalem
900 358 963 379 cum
994 351 1050 380 Deo

253 393 345 421 Verbo
364 395 506 426 unionem,
522 402 614 422 rerum
637 396 761 423 omnium
785 397 944 432 cognitione
960 398 1049 432 polle-

252 441 300 468 bat
320 451 325 468 :
345 440 422 476 quod
442 440 553 475 quidem
573 449 626 468 non
647 442 754 477 gratiae,
771 443 819 470 sed
846 444 997 478 personali,
1020 450 1051 472 ut

253 486 360 514 dictum
377 491 432 520 est,
451 486 546 514 unioni
563 487 742 515 tribuendum
764 494 809 516 est
824 489 858 517 ⁷⁸.
881 489 955 518 Idem
976 491 1049 518 enim

253 532 324 568 ipse,
338 536 364 560 et
380 532 464 565 Deus,
479 537 508 560 et
525 533 608 560 homo
622 537 692 565 erat,
719 541 752 561 ac
777 535 895 569 proinde
922 537 1051 563 volunta-

253 583 321 609 tem.
337 586 399 614 quae
411 586 444 606 ex
461 578 598 606 sententia
614 583 667 612 est,
686 587 742 607 non
761 580 889 608 habebat.
910 580 1050 610 Naturalis

254 624 366 659 quidem
383 628 410 652 et
432 625 548 659 simplex
570 625 697 652 voluntas
710 645 717 658 ,
733 633 793 660 qua:
809 626 837 653 in
854 628 983 656 omnibus
1000 628 1050 656 bo-

254 669 360 696 minum
373 670 501 705 personis
516 677 642 705 peraeque
657 670 858 703 consideratur,
878 671 930 706 ipsi
944 673 1049 700 inerat:

255 719 387 742 caeterum
414 716 591 748 sententiam,
608 715 636 742 id
651 719 704 748 est,
723 722 779 742 rem
798 723 879 751 quam
898 718 989 749 vellet,
1009 718 1050 746 di-

255 762 326 787 vinae
345 761 478 788 voluntati
495 761 665 788 contrariam
677 783 684 795 ,
701 765 729 788 et
743 769 757 788 a
774 761 868 789 divina
885 770 935 790 sua
951 764 1050 791 volun-

256 810 313 834 tate
336 807 466 840 alienam,
494 812 590 836 sancta
619 807 705 842 ipsius
726 808 819 835 anima
845 816 901 836 non
927 809 1048 838 admisit.

255 851 400 880 Sententia
431 853 533 888 quippe
561 840 707 880 una—cum
734 854 863 888 personis
889 855 1047 890 discrepat,
1063 840 1088 871 Β

255 902 440 933 praeterquam
453 899 480 926 in
493 903 590 927 sancta
605 904 631 927 et
642 899 775 934 simplici,
787 901 1052 936 compositionisque

256 949 289 970 ac
307 942 456 971 divisionis
482 947 596 979 experte
626 944 731 972 deitate
741 945 773 972 ⁷⁹.
806 944 864 972 lllic
885 945 971 979 enim,
987 946 1052 981 quia

256 995 382 1023 personae
401 989 478 1016 nulla
491 989 600 1017 ratione
622 989 805 1023 dirimuntur,
822 997 874 1018 nec
895 990 963 1018 illud
977 991 1052 1027 quod

256 1034 286 1061 in
300 1035 470 1062 voluntatem
482 1035 567 1068 cadit,
585 1035 775 1071 distinguitur.
794 1037 883 1071 Atque
908 1037 965 1064 illic
988 1038 1052 1072 qui-

257 1080 330 1112 dem,
362 1081 495 1116 quoniam
526 1088 581 1108 una
608 1081 761 1117 eademque
784 1086 827 1110 est
858 1086 967 1117 natura,
997 1091 1053 1111 una

258 1133 372 1161 quoque
384 1131 427 1155 est
439 1127 576 1155 naturalis
586 1127 726 1155 voluntas.
744 1128 784 1155 Ac
796 1136 904 1161 rursus,
922 1129 986 1164 quia
1001 1137 1053 1157 nec

257 1180 384 1209 personae
398 1172 493 1200 divelli
515 1176 643 1208 possunt,
669 1181 754 1201 unum
779 1182 887 1209 quoque
905 1175 1054 1203 voluntatis

256 1218 415 1253 subjectum
428 1221 482 1251 est,
497 1223 525 1246 et
541 1226 595 1246 una
610 1218 760 1256 eademque
774 1219 859 1246 trium
873 1227 1053 1255 personarum

258 1265 356 1291 motio.
370 1263 399 1291 In
411 1263 573 1292 hominibus
584 1272 660 1297 vero,
672 1265 802 1300 quoniam
818 1272 872 1292 una
885 1270 985 1293 natura
999 1270 1052 1300 est,

258 1317 314 1337 una
328 1310 412 1337 etiam
431 1315 473 1337 est
488 1311 616 1347 voluntas
639 1310 787 1337 naturalis.
804 1309 938 1343 Quoniam
955 1319 1054 1339 rursus

258 1354 405 1389 disiunctae
425 1361 554 1389 personae
569 1359 644 1387 sunt,
660 1361 691 1384 ac
707 1354 778 1387 loco,
794 1357 822 1381 et
837 1358 970 1389 tempore,
988 1363 1053 1383 lec-

257 1406 314 1427 non
329 1399 403 1426 circa
419 1406 463 1427 res
475 1398 629 1432 aﬂectione,
646 1399 763 1434 aliisque
784 1399 911 1434 plurimis
928 1399 1004 1427 inter
1023 1407 1053 1428 se

260 1446 432 1479 discrepant,
446 1452 507 1472 eam
522 1445 557 1472 ob
570 1452 681 1473 causam
695 1445 813 1473 diversae
829 1453 940 1480 quoque
957 1446 1053 1473 volun-

258 1494 330 1517 tates
345 1494 422 1523 sunt,
434 1494 464 1517 et
480 1490 634 1518 sententiae.
651 1490 753 1518 Verum
769 1491 797 1519 in
822 1490 939 1518 Domino
955 1496 1053 1520 nostro

257 1534 322 1562 Jcsu
343 1535 466 1567 Christo,
491 1536 622 1570 quoniam
647 1535 763 1571 diversze
784 1540 891 1563 naturae
915 1540 991 1568 sunt.
1006 1537 1052 1563 di-

257 1588 346 1608 versae
362 1587 471 1615 quoque
486 1584 552 1607 sunt
568 1580 725 1609 voluntates
739 1581 883 1609 naturales
896 1581 1052 1609 divinitatis

258 1630 286 1653 et
313 1625 505 1659 humanitatis,
526 1625 584 1653 sive
602 1626 713 1654 volendi
739 1626 893 1655 facultates.
917 1626 970 1654 Sed
988 1627 1052 1662 quia

259 1673 371 1713 mia-est
395 1678 524 1707 persona,
547 1680 619 1700 unus
643 1673 755 1707 volens,
775 1680 859 1699 unum
885 1680 996 1707 quoque
1011 1677 1053 1700 est

258 1717 410 1745 voluntatis
440 1717 608 1752 subjectum,
640 1724 730 1745 unave
756 1718 898 1746 sententiae
925 1718 1053 1747 voluntas
1071 1725 1099 1748 et
1124 1722 1288 1758 arbitraria;

1100 216 1117 251 ἢ
1134 218 1296 254 προαίρεσιν
1307 227 1315 235 ·
1334 219 1364 246 οὐ
1379 219 1434 255 γὰρ
1444 217 1518 254 εἶχεν
1529 220 1652 254 ἄγνοιαν.
1667 221 1699 247 Et
1713 220 1769 257 γὰρ
1780 222 1829 249 καὶ
1842 224 1892 257 τῆς

1100 263 1251 299 ἀγνοούσης
1268 264 1303 291 τὰ
1321 265 1453 300 μέλλοντα
1465 265 1575 300 φύσεως
1591 264 1642 302 ἦν,
1658 266 1716 293 ἀλλ’
1733 267 1810 302 ὅμως
1829 268 1891 295 καθ’

1100 307 1251 335 ὑπόστασιν
1267 309 1398 336 ἐνωθεῖσα
1412 310 1472 345 Θεῷ
1485 310 1575 346 Λόγῳ,
1591 306 1704 338 ’ίιάντων
1725 311 1776 347 τὴν
1791 312 1892 346 γνῶσιν

1100 351 1190 388 εῖχεν,
1210 355 1240 381 οὐ
1254 355 1364 390 χάριτι,
1384 356 1461 389 ἀλλ’,
1484 357 1522 388 ὡς
1541 358 1669 392 εἴρηται,
1695 358 1739 384 διὰ
1760 359 1810 393 τὴν
1830 360 1891 385 καθ’

1102 398 1253 427 ὑπόστασιν
1279 401 1387 428 ἕνωσιν.
1409 401 1438 428 '0
1463 402 1545 433 αὐτὸς
1569 403 1624 436 γὰρ
1645 400 1679 437 ἧν
1693 404 1741 429 καὶ
1759 403 1826 435 Θεὸς
1844 404 1892 430 καὶ

1101 445 1246 480 ἄνθρωπος
1258 456 1265 462 '
1281 447 1321 474 διὸ
1336 447 1396 474 οὐδὲ
1410 448 1549 482 γνωμικὸν
1562 447 1618 482 εἶχε
1635 448 1744 483 θέλημα
1757 457 1764 464 ·
1781 449 1891 484 Θέλησιν

1103 491 1152 527 μὲν
1169 492 1224 527 γὰρ
1239 490 1297 528 εἶχε
1317 493 1366 528 τὴν
1386 495 1515 528 φυσικὴν,
1533 494 1582 528 τὴν
1598 494 1696 529 ἁπλῆν,
1721 495 1772 529 τὴν
1793 496 1822 521 ὲν
1837 495 1890 521 πά-

1102 545 1165 568 σαις
1175 538 1235 568 ταῖς
1249 538 1415 565 ὑποστάσεσι
1428 538 1482 565 τῶν
1494 538 1645 573 ἀνθρώπων
1659 539 1760 573 ὁμοίως
1772 539 1893 574 θεωρου-

1102 579 1186 615 μένην
1199 589 1206 596 “
1223 581 1273 616 τὴν
1290 582 1320 608 δὲ
1337 583 1463 618 γνώμην,
1477 583 1560 617 ἤγουν
1572 583 1601 609 τὸ
1618 583 1739 617 θελητὸν,
1755 584 1805 610 οὐκ
1820 582 1891 619 εἶχεν

1100 624 1117 660 ἡ
1137 625 1202 659 ἁγία
1217 625 1300 652 αὑτοῦ
1317 626 1402 662 ψυχὴ,
1415 628 1537 654 ἐναντίον
1553 628 1600 654 τοῦ
1616 628 1689 654 Gelon
1711 628 1794 655 αὑτοῦ
1815 629 1892 663 θελή-

1102 679 1187 706 ματος
1198 668 1216 704 ,’
1227 672 1288 699 οὐδὲ
1304 672 1369 699 ἄλλο
1384 673 1460 708 παρὰ
1482 674 1511 700 τὸ
1529 674 1600 700 θεῖον
1616 674 1698 701 αὐτοῦ
1716 674 1831 709 θέλημα.
1857 676 1891 702 Ἦ

1100 716 1157 752 γὰρ
1176 717 1273 753 γνώμη
1304 718 1498 754 συνδιαιρεῖται
1521 721 1581 751 ταῖς
1608 720 1791 752 ὑποστάσεσι,
1820 721 1892 755 πλὴν

1100 763 1150 797 τῆς
1167 763 1266 797 ἁγίας,
1281 765 1329 790 καὶ
1342 764 1442 800 ἁπλῆς,
1459 766 1505 791 καὶ
1520 766 1678 798 ἀσυνθέτου,
1704 766 1750 792 καὶ
1772 766 1893 801 ἀδιαιρέ-

1101 817 1148 835 του
1175 808 1315 844 θεότητος.
1338 810 1413 836 Ἐκεῖ
1438 811 1491 845 γὰρ
1513 812 1567 837 τῶν
1593 812 1768 838 ὑποστάσεων
1788 812 1825 846 μὴ
1853 813 1892 844 είς

1104 854 1175 881 ἆπαν
1188 854 1383 890 διαιρουμένων
1396 857 1442 882 καὶ
1458 856 1648 891 διισταμένων,
1664 858 1724 883 οὐδὲ
1739 857 1769 883 τὸ
1782 857 1892 892 θελητὺν

1102 900 1257 935 διαιρεῖται.
1275 901 1364 928 Κάκεῖ
1381 902 1444 937 μὲν,
1466 903 1558 938 ἐπειδὴ
1587 904 1634 938 μία
1656 904 1754 937 φύσις,
1783 905 1830 939 μία
1847 905 1892 931 καὶ

1103 946 1120 981 ἡ
1143 947 1246 982 φυσικὴ
1266 946 1386 982 θέλησις.
1422 948 1530 983 Ἐπειδὴ
1556 949 1585 975 δὲ
1611 950 1657 975 καὶ
1676 950 1704 975 αι
1728 950 1892 981 ὑποστάσεις

1102 992 1260 1019 ἁδιάστατοί
1277 994 1357 1027 εἰσιν,
1373 994 1403 1020 ἐν
1422 995 1469 1021 καὶ
1484 995 1514 1020 τὸ
1530 995 1641 1029 θελητδν
1655 1016 1662 1028 ,
1681 995 1729 1022 καὶ
1751 995 1799 1030 μία
1816 997 1833 1031 ὴ
1850 996 1892 1021 κί-

1103 1045 1181 1072 νησις
1196 1037 1251 1065 τῶν
1270 1038 1356 1073 τριῶν
1370 1039 1557 1066 ὑποστάσεων.
1590 1040 1650 1066 Ἐπὶ
1667 1040 1695 1066 δὲ
1713 1041 1768 1067 τῶν
1788 1040 1892 1075 ἀνθρώ-

1104 1090 1183 1115 πων,
1199 1083 1295 1119 ἐπειδὴ
1320 1084 1336 1119 ἠ
1353 1084 1403 1118 μὲν
1420 1085 1501 1119 φύσις
1520 1085 1584 1119 μία,
1608 1085 1656 1119 μία
1682 1086 1730 1112 καὶ
1752 1087 1769 1121 ἡ
1789 1085 1890 1120 φυσικὴ

1105 1127 1214 1162 θέλησις
1233 1137 1240 1144 ·
1264 1126 1358 1165 ἐπειδὴ
1384 1130 1412 1156 δὲ
1444 1131 1471 1156 αἱ
1500 1131 1664 1163 ὑποστάσεις
1689 1132 1891 1167 κεχωρισμέναι

1103 1173 1169 1205 εἰσὶ,
1190 1174 1238 1201 καὶ
1253 1174 1431 1211 διεστήκασιν
1447 1176 1580 1211 ἀλλήλων,
1600 1178 1670 1204 κατά
1690 1187 1718 1204 τε
1733 1178 1824 1211 τόπον,
1843 1178 1893 1204 καὶ

1103 1220 1200 1254 χρόνον
1211 1239 1219 1253 ,
1238 1221 1286 1248 καὶ
1300 1221 1350 1256 τὴν
1363 1222 1432 1257 πρὸς
1449 1223 1485 1249 τὰ
1508 1223 1660 1258 πράγματα
1684 1224 1820 1257 διάθεσιν,
1845 1224 1894 1250 καὶ

1103 1265 1185 1300 ἕτερα
1200 1267 1325 1300 πλεῖστα,
1339 1268 1435 1296 τούτου
1453 1270 1545 1296 ἕνεκεν
1560 1270 1675 1305 διάφορα
1692 1270 1727 1296 τὰ
1738 1270 1893 1305 θελήματα,

1104 1311 1151 1337 καὶ
1174 1312 1201 1338 αἱ
1228 1312 1349 1347 γνῶμαι.
1373 1314 1435 1340 Ἐπὶ
1459 1315 1486 1340 δὲ
1511 1316 1558 1341 τοῦ
1575 1316 1679 1350 Κυρίου
1700 1316 1781 1350 ἡμῶν
1804 1316 1894 1351 Ἰησοῦ

1103 1357 1235 1391 Χριστοῦ,
1258 1358 1354 1392 ἐπειδὴ
1369 1359 1422 1394 μὲν
1443 1360 1566 1396 διάφοροι
1592 1362 1618 1387 αἱ
1639 1362 1744 1395 φύσεις,
1771 1362 1894 1397 διάφοροι

1103 1402 1151 1428 καὶ
1164 1403 1193 1428 αἱ
1208 1401 1333 1438 θελήσεις
1348 1405 1375 1431 αι
1388 1405 1502 1438 φυσικαὶ
1519 1406 1568 1440 τῆς
1584 1407 1666 1434 αὑτοῦ
1687 1407 1822 1442 θεότητος,
1844 1407 1893 1433 καὶ

1103 1447 1154 1482 τῆς
1172 1448 1256 1475 αὑτοῦ
1272 1448 1493 1485 ἀνθρωπότητος,
1509 1452 1595 1485 ἦγουν
1611 1453 1640 1477 αἱ
1656 1452 1798 1487 Θελητιχαὶ
1814 1451 1894 1479 δυνά-

1105 1502 1177 1528 μεις.
1199 1494 1310 1528 Ἐπειδὴ
1324 1494 1353 1522 δὲ
1370 1495 1422 1530 μία
1436 1497 1452 1530 ἡ
1474 1497 1634 1529 ὑπόστασις,
1655 1499 1703 1524 καὶ
1717 1496 1757 1529 εἷς
1769 1498 1783 1524 ὁ
1797 1498 1892 1530 θέλων,

1103 1539 1134 1565 ἓν
1150 1540 1199 1566 καὶ
1229 1540 1261 1567 τδ
1286 1540 1434 1576 θελητὸν-ι,
1458 1542 1543 1576 ἤγουν
1563 1543 1594 1569 τὸ
1619 1544 1759 1578 γνωμικὸν
1778 1544 1893 1578 θέλημα.

1102 1585 1152 1620 τῆς
1173 1585 1349 1622 ἀνθρωπίνης
1366 1587 1451 1615 αὑτοῦ
1475 1588 1619 1622 θελήσεως,
1638 1589 1775 1623 ἑπομένης
1792 1588 1897 1625 δηλαδὴ

1103 1633 1136 1667 τῇ
1154 1632 1215 1668 θείᾳ
1229 1633 1312 1660 αὐτοῦ
1339 1633 1465 1670 θελήσει,
1493 1635 1540 1661 καὶ
1565 1634 1649 1661 ταῦτα
1669 1634 1817 1669 Θελούσης,
1843 1634 1862 1660 ἃ
1878 1634 1896 1668 ἡ

1104 1676 1164 1703 θεία
1177 1678 1258 1713 ἦθελε
1275 1679 1385 1715 θέλησις
1400 1680 1489 1707 θέλειν
1503 1680 1596 1715 αὑτήν.

1331 1725 1450 1753 humana
1489 1726 1593 1753 scilicet
1629 1726 1770 1754 voluntate
1795 1726 1897 1754 divinae

259 1764 350 1799 ipsius
365 1763 501 1791 voluntati
521 1764 742 1799 obtemperante,
759 1768 787 1791 et
801 1771 833 1791 ea
856 1763 976 1797 volente,
989 1771 1051 1799 qua:
1070 1765 1164 1796 divina
1183 1769 1270 1805 ipsius
1284 1770 1413 1800 voluntas
1431 1772 1521 1806 ipsum
1536 1772 1734 1799 volebatvelle.

297 1809 446 1839 Sciendum
470 1814 562 1838 autem
585 1815 637 1843 est,
656 1810 732 1839 aliud
751 1818 814 1838 esse
829 1810 940 1846 θέλησιν
952 1831 960 1844 ,
978 1811 1053 1839 aliud

257 1847 403 1891 βούλησιν,
425 1855 501 1885 aliud
518 1855 548 1883 τὸ
563 1855 690 1892 θελητδν,
707 1856 782 1884 aliud
805 1857 836 1883 τὸ
860 1857 1014 1892 τελητικὺν,
1026 1861 1054 1885 et

257 1901 337 1937 aliud
353 1902 400 1928 τδν
411 1901 542 1935 θέλοντας
564 1902 702 1938 siquidem
718 1902 841 1938 Θέλησις,
857 1908 899 1931 est
916 1904 974 1937 ipsa
987 1904 1054 1930 sim-

260 1947 324 1982 plex
349 1947 458 1975 volendi
487 1948 617 1981 facultas;
633 1947 773 1983 βούλησις,
793 1952 836 1976 est
854 1948 944 1976 delira
968 1948 1052 1975 alicui

262 1993 304 2021 rei
316 1993 453 2026 voluntas;
467 1993 589 2028 θελητὸν,
608 1996 651 2021 est
668 1993 817 2021 voluntatis
828 1993 994 2027 subjectum,
1005 2000 1054 2021 seu

262 2038 330 2066 illud
345 2039 417 2074 quod
435 2040 572 2066 volumus.
593 2039 717 2073 Exempli
742 2047 784 2071 gr.
805 2043 931 2065 movetur
950 2039 1056 2073 appeti—

263 2089 320 2118 tus,
338 2085 372 2113 ad
394 2085 507 2114 cibum:
525 2084 643 2120 simplex
666 2085 718 2115 iste
739 2084 876 2111 naturalis
898 2084 1055 2120 appetitus,

262 2135 306 2159 est
344 2130 455 2166 θέλησις
481 2140 488 2157 :
519 2129 574 2158 cibi
607 2135 700 2157 autem
724 2129 875 2165 appetitio,
905 2129 1054 2165 βούλησιςὶ

263 2175 323 2211 ipse
339 2175 429 2208 cibus,
453 2175 484 2202 τὺ
507 2175 632 2211 θελητόν·
651 2175 792 2210 θελητικὺν
816 2182 881 2203 vero
901 2175 967 2203 illud
983 2175 1057 2211 quod

1141 1816 1203 1850 Χρὴ
1217 1816 1245 1843 δὲ
1260 1817 1417 1852 γινώσκειν,
1430 1818 1468 1849 ὡς
1482 1818 1574 1853 ἕτερον
1592 1818 1641 1853 μέν
1656 1818 1758 1853 ὲστινή
1774 1816 1895 1852 θέλησις,

1106 1862 1201 1898 ἕτερον
1219 1863 1248 1889 δὲ
1263 1863 1280 1898 ἠ
1304 1862 1450 1899 βούλησις·
1474 1864 1567 1898 ἕτερον
1593 1864 1622 1890 δὲ
1648 1864 1678 1889 τὺ
1700 1863 1829 1898 Θελητδν,
1847 1863 1896 1889 καὶ

1106 1907 1199 1942 ἕτερον
1213 1907 1244 1934 τὸ
1263 1907 1420 1942 θελητικὺν,
1446 1909 1493 1935 καὶ
1514 1910 1607 1944 ἕτερον
1630 1910 1644 1934 ὸ
1665 1908 1760 1935 θέλων.
1782 1908 1897 1943 Θέλησις

1108 1952 1159 1987 μὲν
1175 1952 1229 1988 γάρ
1253 1952 1328 1979 ἐστιν
1353 1953 1422 1989 αὐτὴ
1441 1954 1458 1987 ἠ
1485 1954 1556 1987 ἁπλῆ
1583 1953 1698 1988 δύναμις
1721 1952 1768 1979 τοῦ
1794 1953 1894 1979 θέλειν.

1107 1997 1242 2033 Βοὺλησις
1253 1998 1293 2032 δὲ,
1306 1999 1323 2033 ἡ
1334 1998 1399 2033 περί
1414 2008 1441 2026 τι
1459 1998 1578 2033 θέλησις.
1594 1998 1713 2032 Θελητὸν
1729 1998 1768 2029 δὲ,
1784 1998 1815 2024 τὸ
1832 1998 1897 2024 ὑπο-

1108 2043 1233 2078 κείμενον
1247 2046 1281 2079 τῇ
1300 2044 1409 2080 θελήσει
1423 2045 1550 2079 πρᾶγμα,
1567 2045 1650 2078 ἤγουν
1664 2043 1677 2069 a
1692 2043 1806 2077 Θέλομεν
1819 2051 1825 2058 ·
1841 2041 1896 2070 οἷον

1109 2090 1224 2116 κινεῖται
1239 2090 1256 2124 ἡ
1269 2089 1359 2125 ὄρεξις
1374 2089 1442 2124 πρὸς
1458 2089 1560 2124 βρῶσιν
1574 2097 1581 2104 ·
1597 2090 1612 2123 ἡ
1630 2088 1680 2123 μὲν
1692 2089 1784 2120 ἁπλῶς
1796 2088 1895 2123 ὄρεξις,

1109 2135 1206 2171 λογικὴ
1218 2136 1329 2171 θέλησίς
1342 2136 1411 2162 ἐστι.
1426 2134 1574 2169 Θελητικὺν
1589 2135 1618 2160 δὲ
1632 2135 1661 2160 τὺ
1675 2134 1737 2169 ἔχον
1752 2134 1802 2169 τὴν
1816 2134 1897 2169 Θελη-

1111 2181 1189 2217 τικὴν
1201 2182 1328 2217 δύναμιν,
1345 2179 1401 2209 οἷον
1413 2182 1428 2208 ὁ
1443 2181 1596 2217 ἄνθρωπος.
1614 2180 1706 2207 Θέλων
1724 2180 1769 2213 δὲ,
1784 2180 1866 2211 αὐτὸς
1883 2180 1897 2206 6

263 2220 397 2248 facultate
412 2220 521 2249 valendi
536 2220 684 2256 praditum
699 2225 752 2253 est.
775 2224 806 2248 ut
831 2220 917 2254 homo
938 2230 946 2249 :
972 2220 1052 2248 cem

1111 2226 1280 2263 κεχρημένος
1297 2228 1331 2262 τῇ
1346 2226 1465 2262 θελήσει-

265 2265 393 2301 denique,
409 2274 456 2295 seu
473 2266 579 2298 volens,
597 2266 621 2293 is
635 2265 684 2300 qui
698 2265 840 2293 voluntate
855 2265 951 2292 utitur.

300 2311 342 2337 Ad
364 2311 421 2339 haec
444 2311 648 2340 observandum
661 2315 715 2345 est,
734 2311 889 2346 θελήματος
909 2311 1054 2343 vocabulo,

301 2369 324 2384 "
349 2367 420 2396 Max.
436 2367 506 2394 Dial.
522 2375 582 2394 cum
598 2367 698 2402 Pyrrh.

1145 2308 1191 2334 Δεῖ
1207 2306 1234 2333 δὲ
1248 2306 1347 2333 εἰδέναι
1358 2305 1429 2342 ’(86),
1454 2304 1493 2337 ὥς
1511 2304 1541 2331 ea
1556 2303 1674 2340 θέλημα.
1696 2284 1761 2331 ima
1780 2302 1830 2337 μὲν
1845 2301 1897 2337 τὴν

746 2367 768 2384 τ’
790 2366 854 2395 Vitl.
870 2366 921 2395 inf.
938 2366 988 2394 lib.
1013 2374 1055 2399 ιιι,
1079 2373 1142 2399 cap.
1162 2365 1207 2392 Η.

904 2412 1025 2441 νΑιιιΕ
1047 2410 1251 2440 LECTIONES.

306 2461 314 2481 ι
330 2460 402 2488 ΕιΙίι.
420 2460 564 2495 θελητικδν
578 2470 584 2488 :
596 2461 643 2488 sed
661 2468 695 2488 ex
709 2468 841 2489 mss.cum
861 2460 952 2488 Fabro
978 2460 1041 2495 lego
1067 2459 1192 2495 θεληξτδν,
1217 2457 1292 2495 quod
1308 2457 1444 2485 Maximus
1461 2459 1500 2483 ait
1527 2462 1589 2495 esse
1612 2452 1748 2489 γνωμικὸν
1771 2450 1896 2487 θέλημα,

267 2497 428 2525 voluntatem
439 2491 614 2523 ex'ssiuentia
627 2505 637 2523 :
652 2501 694 2524 est
708 2496 783 2524 enim
800 2496 827 2523 id
840 2495 914 2531 quod
941 2491 1087 2528 volumus;
1103 2491 1257 2530 θελητικδν,
1277 2498 1321 2521 est
1336 2496 1433 2520 natura
1445 2498 1501 2527 qua
1518 2491 1657 2518 volumus.

1021 2569 1136 2599 ΝΟΤᾹΞ.

268 2622 568 2659 versari_ccnsc_atu_r._
589 2621 672 2659 Favet
696 2623 812 2659 sauricum
836 2619 969 2650 Thomas,
983 2619 1059 2659 ’,ς-2,

270 2662 366 2691 quaest.
381 2657 427 2694 M,
443 2664 458 2683 a
466 2656 488 2694 Α
504 2656 538 2683 ad
554 2656 581 2688 2,
598 2655 644 2694 ubi
660 2662 693 2682 ex
719 2654 890 2683 Damasceno
912 2653 1059 2694 consilium

269 2689 326 2718 non
341 2699 403 2719 esse
422 2692 448 2718 in
466 2690 521 2718 Deo
542 2690 654 2722 asserit,
670 2695 801 2724 quatenus
819 2693 858 2716 est
875 2689 1007 2724 appetitu;
1022 2689 1062 2714 in-

270 2726 426 2760 quisitum;
445 2727 542 2753 adesse
571 2732 636 2752 vero
655 2723 787 2759 quantum
805 2724 840 2751 ad
866 2723 1059 2760 certitudinem

267 2759 376 2795 iudicii.
395 2761 462 2787 Nam
481 2761 533 2787 hoc
546 2759 692 2795 posteriori
712 2761 805 2795 sensu'
819 2763 926 2787 veteres
939 2759 1061 2795 pbiloso:

270 2794 341 2829 pilos
366 2795 497 2827 Basilius,
520 2792 595 2822 hom.
618 2795 631 2821 1
662 2795 690 2821 in
717 2793 848 2822 Hexaem.
862 2792 997 2828 coarguit,
1013 2792 1060 2827 qui

270 2829 367 2856 orbem
387 2829 590 2864 ἀπροαιρέτως,
610 2831 662 2857 sive
680 2829 834 2866 voluntatis
856 2829 979 2856 electione
994 2836 1062 2863 pra:-

1108 2622 1221 2644 uertente
1245 2616 1349 2644 factum
1377 2616 1498 2643 aiebant.
1523 2613 1613 2641 Priori
1627 2619 1706 2646 vero,
1719 2610 1821 2639 Noster
1837 2616 1899 2646 eum

1109 2652 1229 2688 Maxuno
1251 2656 1333 2688 negat
1351 2648 1638 2688 in_ltuma_na_C_hristi
1654 2644 1754 2688 natura
1769 2644 1900 2688 πρριιίρε-

1110 2696 1163 2718 σιν.
1182 2680 1344 2717 ριειιὶοηὲηι,
1360 2686 1454 2713 fuisse.
1477 2684 1530 2712 Sed
1546 2684 1579 2711 de
1594 2683 1647 2711 h'oc
1664 2682 1730 2709 alibi
1742 2680 1798 2709 suo
1809 2680 1881 2707 loco.

1146 2722 1202 2758 (86)
1221 2722 1274 2752 Δεῖ
1293 2721 1340 2758 δὲ.
1353 2720 1482 2758 ειδένιιιτλ
1495 2718 1705 2758 Observandum
1723 2722 1829 2758 quoque!
1849 2717 1900 2758 est.

1110 2753 1229 2785 Maximo
1245 2765 1299 2784 non
1315 2756 1423 2790 placet,
1443 2753 1765 2790 estqua,_voluntatem,
1784 2756 1900 2790 proco:

1110 2793 1172 2820 dem
1183 2785 1331 2826 aliquando
1342 2785 1430 2826 accipi
1442 2798 1474 2818 ac
1488 2785 1612 2826 θὲλητδν,
1629 2787 1656 2815 id
1669 2786 1746 2826 quod
1756 2785 1899 2826 uoluntatis

1111 2818 1241 2861 ottjeutun't
1257 2818 1307 2860 est,
1322 2818 1451 2861 quodque
1467 2818 1585 2854 barbara
1599 2818 1666 2852 voce
1676 2818 1776 2849 'nostri
1791 2818 1899 2846 volitant
