3996 6166
259 291 349 362 953

1300 292 1397 352 DE
1435 293 1616 353 FIDE
1652 293 2116 355 ORTIIODOXA
2153 295 2302 355 LIB.
2345 296 2422 356 II.

2119 159 2237 169 ‘--.'.

3389 291 3566 357 954~

261 403 592 478 νομιζόμενον
623 403 679 456 δὲ
701 401 977 467 ἀκούσιον,
1008 400 1066 453 ὲν
1098 397 1296 470 πράξει
1324 401 1430 455 τινί
1460 402 1604 466 ἐστι,
1629 399 1809 454 πολλοὶ

1916 403 2039 457 dam
2081 411 2320 472 positum
2372 411 2483 469 est,
2520 411 2575 459 et
2625 403 2760 460 illud
2793 408 2940 476 quod
2981 403 3350 462 voluntarium
3382 417 3494 456 non

259 497 306 551 δί
340 513 498 561 τινες,
541 495 639 547 καὶ
684 492 746 545 τὸ
788 491 959 554 ὅντως
997 491 1256 544 ἀκούσιον
1279 530 1295 556 ,
1344 492 1406 544 οὐ
1454 492 1616 561 μόνον
1644 493 1704 546 ὲν
1734 491 1814 562 τῷ

260 587 473 656 πάσχειν
497 626 512 651 ,
543 584 680 647 ἀλλὰ
714 583 812 637 καὶ
871 584 930 640 ὲν
980 582 1059 653 τῷ
1109 583 1370 652 πράττειν
1414 583 1654 637 τίθενται
1677 626 1692 651 ,
1737 585 1819 638 δεῖ

257 679 305 732 δὲ
330 676 550 741 εἰδέναι,
581 671 909 745 ὅτισπρᾶξίς
945 675 1093 734 ἐστιν
1136 673 1391 744 ἐνέργεια
1435 674 1651 746 λογική.
1683 675 1818 739 Ταῖς

256 769 305 824 δὲ
327 766 590 838 πράξεσιν
631 764 822 818 ἕπεται
853 763 1074 827 ἔπαινος
1096 803 1112 829 ,
1154 763 1188 834 ἢ
1223 763 1388 833 ψόγος
1414 781 1428 796 ⁶
1482 766 1576 819 καὶ
1619 766 1677 820 αἰ
1711 767 1816 836 μὲν

257 859 423 913 αὐτῶν
449 857 571 928 μεθ’
599 855 816 926 ἡδονῆς,
853 857 912 909 αἱ
959 855 1017 910 δὲ
1057 855 1213 926 μετὰ.
1229 855 1406 928 λύπης
1435 857 1770 928 πράττονται
1795 874 1811 890 ο

257 949 340 1002 καὶ
365 949 423 1002 αἰ
450 946 550 1018 μὲν
575 951 600 981 ο
634 945 816 1000 αὐτῶν
844 947 983 1000 εἰσιν
1019 946 1242 1016 αἱρεταὶ
1277 946 1357 1017 τῷ
1401 948 1716 1018 πράττοντι,
1755 951 1813 1003 αἰ

255 1037 306 1092 δὲ
334 1035 566 1106 φευκταί
589 1051 604 1065 ο
631 1034 744 1090 τῶν
769 1034 829 1089 δὲ
863 1034 1116 1108 αἱρετῶν,
1144 1037 1200 1089 αἰ
1232 1034 1333 1107 μὲν
1373 1036 1460 1090 ἀεὶ
1490 1038 1727 1108 αἱρεταὶ,
1757 1041 1813 1092 αἰ

254 1127 308 1182 δὶ
346 1126 489 1181 κατά
543 1142 668 1180 τινα
715 1126 925 1198 χρόνον.
972 1125 1204 1197 Ὁμοίως
1251 1127 1350 1181 καὶ
1387 1126 1498 1182 τῶν
1541 1127 1808 1197 φευκτῶν.

255 1215 356 1271 Καὶ
407 1215 571 1271 πάλιν
598 1255 614 1283 ,
663 1215 722 1269 αἰ
755 1214 857 1285 μὲν
892 1215 1004 1269 τῶν
1053 1214 1310 1287 πράξεων
1363 1214 1638 1271 ὲλεοῦνται
1660 1256 1676 1282 ,
1717 1217 1814 1270 καὶ

255 1306 576 1377 συγγνώμης
620 1303 899 1372 ἀξιοῦνται
925 1347 940 1373 ,
980 1307 1037 1358 αἰ
1081 1304 1140 1358 δὲ
1173 1304 1493 1376 μισοῦνται,
1524 1306 1621 1359 καὶ
1652 1306 1814 1360 κολά-

253 1396 446 1461 ζονται.
479 1395 572 1468 Τῷ
610 1395 712 1466 μὶν
762 1389 856 1450 οὖν
889 1394 1124 1466 ἑκουσίῳ
1181 1395 1400 1458 πάντως
1458 1393 1815 1448 ἐπακολουθεῖ

252 1487 481 1551 ἔπαινος,
520 1487 554 1559 ἢ
591 1486 784 1557 ψόγος,
818 1477 917 1540 καὶ
942 1486 1004 1540 τὸ
1055 1484 1400 1555 μεθ”ἡδονῆς
1447 1485 1808 1556 πράττεσθαι,

252 1578 421 1634 καὶτὸ
447 1576 672 1647 αἱρετὰς
746 1573 889 1632 εἶναι
914 1575 1015 1641 τάς
1045 1576 1275 1645 πράξεις
1305 1575 1417 1638 τοῖς
1455 1575 1808 1646 πράττουσιν,

251 1670 281 1739 ἢ
306 1669 412 1736 ἀεὶ,
439 1669 473 1740 ἢ
498 1669 642 1737 τότε,
689 1670 780 1723 ὅτε
809 1668 1164 1740 πράττονται.
1193 1665 1284 1737 Τῷ
1325 1666 1384 1721 δὲ
1427 1667 1669 1740 ἀκουσίῳ
1687 1709 1704 1736 ,
1750 1670 1813 1724 τὸ

1918 507 2042 548 esse
2077 503 2359 558 censetur,
2389 495 2443 549 in
2478 497 2712 566 quadam
2753 499 2917 553 etiam
2947 498 3168 552 actione
3205 493 3492 557 consistit;

1919 585 2079 639 multi
2105 599 2238 641 vero
2270 585 2403 640 illud
2435 602 2659 656 quoque
2702 588 2852 659 quod
2893 603 3086 660 reapse
3113 601 3227 642 non
3268 593 3352 640 est
3397 598 3494 637 vo.

1917 675 2237 739 luntarium,
2279 691 2389 730 non
2430 677 2484 731 in
2534 679 2795 748 patiendo
2828 680 3032 743 solum,
3080 678 3176 734 sed
3220 676 3385 731 etiam
3436 675 3492 726 in

1918 767 2128 836 agendo
2156 769 2503 822 constituunt
2539 787 2552 822 :
2587 765 2814 825 omnino
2861 772 3006 826 seire
3042 777 3283 840 oportet,
3318 753 3494 820 actio-

1915 873 2042 913 nem
2081 873 2205 914 esse
2232 859 2610 928 operationem
2644 875 2772 914 cum
2805 861 3022 914 ratione
3050 858 3278 913 editam.
3312 855 3495 910 Actio-

1917 961 2018 1004 nes
2059 963 2227 1018 porro
2280 949 2402 1005 laus
2460 949 2712 1019 sequitur
2769 958 2864 1004 aut
2914 949 3281 1019 vituperium;
3327 955 3494 1017 atque

1917 1038 2164 1094 actiones
2199 1038 2353 1108 ipsae,
2387 1040 2585 1108 partim
2617 1053 2742 1093 cum
2769 1039 3075 1107 voluptate,
3116 1037 3313 1106 partim
3365 1052 3492 1092 cum

1915 1141 2155 1184 mmrore
2210 1128 2382 1196 ﬁunt;
2441 1129 2753 1199 partimque
2812 1128 2943 1183 item
3003 1127 3180 1197 agenti
3232 1113 3492 1195 acceptae.

1914 1216 2117 1286 partim
2163 1217 2354 1274 invisae
2402 1227 2533 1275 sunt
2565 1235 2579 1274 :
2612 1217 2863 1288 quinimo
2894 1217 3058 1273 exiis
3087 1232 3208 1287 quae
3253 1215 3495 1286 acceptae

1915 1317 2066 1374 sunt,
2112 1309 2234 1364 aliae
2273 1324 2491 1380 semper
2518 1309 2784 1374 arrident,
2820 1309 2943 1364 alia:
2983 1306 3314 1378 quandoque
3349 1307 3494 1361 dun-

1916 1407 2067 1454 taxat
2096 1417 2112 1456 :
2150 1399 2204 1454 id
2235 1401 2382 1472 quod
2417 1400 2485 1456 de
2519 1401 2630 1455 illis
2657 1401 2822 1457 etiam
2855 1414 2978 1471 quae
3022 1405 3154 1454 sunt
3203 1397 3494 1468 fugiendae,

1913 1491 2076 1546 debet
2128 1491 2382 1562 intelligi.
2444 1489 2662 1547 ltursus
2713 1492 2994 1546 actionum
3055 1489 3176 1544 alia:
3223 1487 3494 1558 ejusmodi

1915 1587 2065 1645 sunt,
2113 1581 2170 1636 in
2205 1581 2406 1650 quibus
2433 1582 2607 1638 veniae
2649 1593 2706 1638 et
2739 1581 3131 1637 misericordia:
3186 1581 3341 1635 locus
3381 1579 3493 1644 sit;

1915 1671 2038 1725 alia;
2079 1670 2208 1725 odio
2240 1678 2393 1736 sunt,
2442 1680 2499 1726 et
2548 1671 2822 1741 supplicio
2858 1669 3237 1724 vindicantur.
3271 1668 3336 1720 Et
3370 1666 3496 1737 qni-

252 1737 608 1831 συγγνώμης,
663 1760 698 1830 ἢ
767 1737 951 1825 ἐλέους
1008 1758 1334 1825 ἀξιοῦσθαι,
1399 1759 1497 1814 καὶ
1543 1759 1606 1813 τδ
1640 1737 1813 1830 ’μετά

1916 1759 2042 1816 dem
2075 1760 2226 1829 quod
2268 1737 2664 1817 voluntarium
2692 1770 2800 1829 est,
2848 1760 3078 1818 omnino
3115 1758 3201 1813 vel
3255 1757 3494 1822 laudem,

250 1851 417 1922 λύπης
465 1851 838 1922 πράττεσθαι,
884 1851 980 1905 καί
1007 1851 1070 1904 τὸ
1095 1852 1170 1922 μὴ
1202 1845 1344 1904 εἶναι
1381 1849 1605 1919 αἱρετὰς
1625 1893 1640 1917 ,
1678 1853 1813 1922 μηδὲ

1917 1853 2006 1909 vel
2034 1853 2368 1924 vituperium
2401 1860 2665 1918 meretur,
2700 1853 2990 1925 agiturque
3019 1865 3144 1909 cum
3172 1851 3492 1920 voluptate:

247 1940 311 1994 δι’
359 1941 555 1996 ἑαυτοῦ
581 1997 584 2000 ,
608 1940 785 1996 τελεῖν
830 1940 892 1996 τὸ
953 1941 1331 2012 πραττόμενον
1356 1979 1370 2004 ,
1425 1941 1475 1994 εἰ
1547 1941 1644 1994 καί
1693 1939 1813 2010 βιά-

1919 1945 2152 2016 insuper
2197 1944 2469 2009 actiones,
2513 1945 2626 2001 illis
2649 1945 2744 2015 qui
2780 1953 2972 2015 agunt,
3013 1943 3099 1998 vel
3133 1935 3348 2011 semper
3400 1953 3495 1993 ac-

247 2033 409 2096 ζοιτο·
1921 2041 2100 2104 cepta:
2147 2043 2300 2101 sunt,
2330 2034 2420 2092 vel
2457 2043 2590 2090 tum'
2621 2034 2816 2091 saltem
2850 2031 3072 2103 quando
3103 2031 3262 2085 ﬁunt.
3289 2029 3496 2084 Contra

245 2121 298 2175 id
328 2120 476 2191 quod
511 2105 882 2180 voluntarium
927 2135 1039 2177 non
1074 2129 1186 2188 est,
1231 2127 1326 2175 aut
1358 2120 1541 2185 venia,
1571 2127 1668 2174 aut
1710 2119 2072 2179 miseratione
2105 2122 2338 2194 dignum
2375 2130 2483 2188 est,
2547 2137 2652 2178 nec
2719 2123 2842 2178 sine
2915 2134 3154 2176 maerore
3207 2126 3490 2189 patratur:

243 2225 497 2285 praeterea
525 2216 709 2288 agenti
737 2224 965 2287 accepta
995 2230 1109 2275 non
1131 2223 1218 2272 est
1247 2214 1412 2283 actio,
1446 2221 1636 2286 utpote
1654 2228 1819 2286 quam
1857 2231 1968 2273 non
1998 2233 2029 2273 a
2063 2219 2248 2289 seipso
2284 2217 2554 2289 perﬁciat,
2598 2217 2817 2274 tametsi
2860 2231 2956 2287 per
2986 2215 3095 2270 vim
3131 2213 3198 2269 ab
3261 2227 3327 2269 eo
3398 2227 3496 2267 ex-

243 2317 582 2378 torqueatur.
1305 2341 1308 2344 ~

306 2398 413 2455 Τοῦ
443 2398 500 2452 δὲ
523 2399 779 2456 ἀκουσίου
814 2399 874 2452 τὸ
916 2398 1016 2468 μέν
1054 2400 1171 2452 ἐστι
1232 2396 1374 2452 κατά
1407 2397 1550 2467 βίαν,
1577 2397 1639 2450 τὸ
1660 2397 1718 2452 δὲ
1743 2397 1812 2452 δι’

241 2495 494 2564 ἄγνοιαν
546 2489 690 2544 κατά
724 2488 848 2559 βίαν
892 2488 1030 2560 μὲν,
1070 2489 1200 2542 ὅταν
1237 2488 1271 2558 ἡ
1332 2486 1592 2557 ποιητικὴ
1641 2486 1810 2558 ἁρχὴ,

239 2587 404 2662 ἧγουν
437 2581 622 2646 αἰτία,
663 2578 863 2646 ἔξωθέν
893 2579 1044 2633 ἐστιν
1071 2616 1085 2643 ,
1127 2578 1295 2649 ἡγουν
1325 2578 1454 2631 ὅταν
1500 2577 1590 2647 ὑφ’
1621 2578 1812 2649 ἐτέρου

241 2672 576 2747 βιαζώμεθα,
614 2669 736 2742 μηδ’
758 2670 894 2733 ὅλως
938 2668 1276 2739 πειθόμενοι,
1320 2669 1456 2740 μηδὲ
1490 2667 1815 2738 συμϐαλλώ-

243 2769 382 2840 μεθα
409 2767 530 2822 κατ’
551 2763 759 2825 οἰκείαν
786 2763 985 2834 ὁρμὴν,
1009 2761 1144 2834 μηδὲ
1171 2761 1310 2825 ὅλως
1340 2762 1810 2832 συμπράττωμεν,

237 2859 272 2927 ἢ
300 2857 366 2910 δι’
409 2853 618 2909 ἑαυτῶν
653 2852 714 2906 τὸ
754 2851 976 2922 βιασθὲν
1001 2851 1243 2922 ποιῶμεν
1265 2869 1280 2884 ο
1319 2852 1348 2905 ὃ
1378 2852 1474 2906 καὶ
1505 2849 1814 2925 ὁριζόμενοι

237 2963 420 3018 φαμεν
444 2963 459 2977 ·
504 2941 762 2997 ἀκούσιόν
803 2945 975 3006 ἐστιν,
1023 2935 1085 2996 οὗ
1117 2942 1152 3012 ἡ
1191 2942 1336 3013 ἀρχὴ
1375 2941 1598 3007 ἔξωθεν,
1647 2941 1816 3013 μηδὲν

237 3031 686 3106 συμϐαλλομένου
732 3031 853 3086 κατ’
879 3030 1089 3086 οἰκείαν
1117 3031 1296 3102 ὁρμὴν
1341 3030 1438 3084 τοῦ
1471 3031 1810 3100 βιασθέντος.

1991 2391 2039 2446 Ν
2044 2409 2110 2448 on
2132 2394 2492 2449 voluntarium
2505 2407 2598 2461 per
2613 2393 2736 2460 vim,
2758 2407 2850 2462 per
2867 2391 3496 2462 ignorantiam—Porro

1912 2497 2026 2539 non
2037 2482 2430 2548 voluntarium,
2451 2482 2534 2537 vel
2551 2497 2648 2554 per
2661 2481 2769 2536 vim
2791 2481 2870 2548 ﬁt,
2889 2482 2973 2537 vel
2993 2496 3090 2551 per
3106 2481 3493 2551 ignorantiam.

1912 2571 2016 2628 Per
2028 2573 2136 2628 vim
2149 2572 2392 2643 quidem,
2411 2572 2540 2627 dum
2558 2571 2886 2643 principium
2902 2585 3158 2640 operans,
3176 2578 3498 2628 extraneum

1913 2672 2031 2733 est;
2058 2672 2118 2720 ut
2147 2678 2275 2720 cum
2324 2665 2393 2720 ab
2427 2663 2560 2730 alio,
2588 2663 2728 2718 nihil
2761 2663 2884 2732 ejus
2917 2663 3275 2718 suasionibus
3302 2663 3494 2728 illecti,

1911 2767 2012 2824 per
2047 2753 2155 2807 vim
2196 2753 2514 2824 adigimur:
2551 2768 2654 2810 nec
2701 2768 2804 2808 nos
2847 2760 3106 2808 conatum
3157 2753 3350 2819 ullum,
3401 2761 3498 2818 aut

1912 2844 2196 2914 quidpiam
2224 2845 2528 2914 adjumenti
2561 2843 2866 2909 aﬂ'erimus,
2900 2852 2960 2898 ut
2991 2859 3088 2915 per
3122 2845 3406 2913 uosipsos,
3441 2843 3498 2898 id

1912 2934 2062 3004 quod
2097 2933 2150 2988 vi
2178 2935 2530 3004 exprimitur,
2561 2933 2834 2989 faciamus
2853 2934 2919 2990 “.
2954 2933 3068 2989 Hoc
3099 2941 3284 2989 autem
3321 2949 3498 3006 genus

1913 3025 1995 3080 sic
2053 3023 2389 3081 deﬁnimus:
2423 3041 2531 3080 non
2587 3025 2960 3095 voluntarium
3006 3025 3143 3082 illud
3179 3032 3288 3090 est,
3336 3025 3500 3095 cujus

247 3092 450 3196 Ἀρχὴν
587 3117 768 3190 φαμὲν
792 3159 809 3183 ,
858 3117 957 3188 τὴν
987 3092 1280 3188 ποιητικῆξο
1307 3092 1512 3171 αἰτίαν.
1545 3118 1618 3170 Τὸ
1643 3118 1701 3170 δὲ
1747 3117 1813 3170 δι’

1916 3114 2250 3185 principium
2284 3117 2633 3172 extrinsecus
2677 3122 2784 3181 est,
2826 3092 2966 3169 nibil
2997 3122 3196 3184 suopte
3241 3092 3498 3167 motu'ad

231 3216 457 3284 ἄγνοιαν
495 3209 755 3266 ἀκούσιον
811 3207 982 3272 ἐστὶν,
1015 3207 1145 3260 ὅταν
1179 3207 1256 3278 μὴ
1295 3207 1450 3260 αὐτοὶ
1490 3207 1813 3278 παρέχωμεν

1920 3208 2190 3261 actionem
2229 3205 2548 3262 conferente
2595 3206 2714 3274 illo,
2768 3206 2928 3276 192
2973 3206 3064 3260 cui
3113 3204 3198 3260 vis
3247 3203 3496 3266 aﬁ‘ertur.

229 3307 414 3362 αἰτίαν
458 3304 560 3374 τῆς
603 3300 850 3370 ἀγνοίας,
897 3298 1012 3353 ἀλλ’
1059 3297 1203 3352 οὕτω
1237 3298 1443 3368 συμϐῇ.
1479 3297 1546 3350 Εἰ
1571 3298 1680 3369 γὰρ
1713 3315 1812 3368 με-

229 3397 378 3451 θύων
417 3411 504 3458 τις
547 3393 707 3464 φόνον
748 3391 986 3460 ποιήσει,
1018 3387 1232 3456 άγνοῶν
1263 3388 1363 3457 μὲν
1403 3386 1716 3457 ἐφόνευσεν,
1748 3387 1812 3440 οὐ

230 3485 343 3558 μὴν
366 3483 638 3548 άκουσίως
663 3496 680 3512 ο
731 3480 832 3551 τὴν
870 3478 981 3550 γὰρ
1025 3477 1210 3531 αἰτίαν
1236 3475 1338 3546 τῆς
1365 3476 1613 3545 ἀγνοίας,
1647 3477 1815 3546 ἧγουν

224 3576 332 3646 τὴν
361 3573 574 3645 μέθην,
605 3569 770 3633 αὐτὸς
808 3567 1068 3639 ἔπραξεν.
1110 3565 1174 3620 Εἰ
1218 3565 1274 3619 δέ
1321 3581 1407 3629 τις
1451 3565 1511 3621 ἐν
1547 3564 1627 3636 τῷ
1683 3582 1814 3618 συν-

226 3663 356 3733 ἠθει
407 3661 563 3732 τόπῳ
615 3657 891 3726 τοξεύων,
958 3655 1052 3710 τὸν
1123 3654 1337 3726 πατέρα
1386 3654 1664 3726 παριόντα
1713 3656 1815 3708 άπ-

223 3756 462 3819 έκτεινε,
493 3751 561 3806 δι’
581 3750 805 3820 ἄγνοιαν
825 3747 1044 3818 λέγεται
1078 3744 1352 3810 ἀκουσίως
1385 3743 1547 3806 τοῦτο
1574 3762 1811 3819 πεποιη-

221 3846 410 3902 κέναι.

223 3935 503 4006 quispiam
527 3931 582 3988 in
606 3946 730 3988 eum
769 3945 930 4001 quem
963 3936 1329 3986 consueverat
1354 3927 1538 3984 locum
1571 3929 1803 3999 sagittas
1831 3933 2082 4003 mittens,
2113 3944 2539 4008 praetereuntem
2574 3946 2787 4009 patrem

214 4029 358 4084 tiam
388 4024 604 4080 facinus
629 4023 736 4077 hoc
757 4021 926 4076 invite
956 4029 1211 4091 patrasse
1241 4018 1466 4074 dicitur.

295 4114 408 4167 Τοῦ
449 4108 544 4168 οὖν
593 4110 853 4165 ἀκουσίου
912 4107 1093 4163 διττοῦ
1141 4108 1295 4171 ὄντος
1316 4147 1333 4174 ,
1390 4107 1487 4162 τοῦ
1523 4107 1623 4179 μὲν
1657 4110 1800 4168 κατὰ

217 4206 357 4277 βίαν
377 4243 392 4270 ,
429 4202 522 4256 τοῦ
556 4203 615 4255 δὲ
664 4201 732 4254 δι’
760 4201 987 4269 ἄγνοιαν
1010 4237 1027 4263 ,
1072 4199 1136 4254 τὸ
1167 4199 1420 4254 ἑκούσιον
1467 4201 1802 4272 ἀμφοτέροις

213 4295 555 4352 ἀντίκειται.
591 4291 753 4345 Ἐστι
776 4291 886 4361 γάρ
922 4289 1192 4352 ἑκοῦσιον,
1222 4289 1286 4342 τδ
1317 4289 1455 4361 μήτε
1487 4290 1630 4345 κατὰ
1657 4291 1802 4362 βίαν,

215 4387 372 4460 μήτε
401 4385 466 4438 δι’
513 4383 737 4452 ἄγνοιαν
773 4381 1082 4454 γινόμενον.
1121 4380 1404 4434 Έκούσιον
1429 4381 1609 4436 τοίνυν
1633 4383 1804 4450 ἐστὶν,

209 4472 284 4535 οὗ
323 4478 362 4548 ἡ
402 4474 548 4546 ἀρχὴ
569 4513 584 4538 ,
616 4471 900 4526 τουτέστιν
941 4473 975 4541 ἡ
1008 4471 1194 4534 αἰτία,
1224 4473 1284 4525 ὲν
1326 4472 1507 4542 ἑαυτῷ
1545 4473 1716 4527 εἰδότι
1737 4473 1810 4526 τὰ

208 4570 354 4626 καθ’
399 4567 609 4622 ἕκαστα
634 4603 649 4629 ,
685 4563 752 4617 δι’
793 4556 907 4629 ὧν,
957 4563 1053 4618 καί⁵
1092 4565 1150 4616 ὲν
1196 4557 1280 4628 οἷς
1332 4565 1366 4635 ἡ
1400 4565 1634 4636 πρᾶξις
1668 4564 1808 4619 Καθ’

208 4664 435 4717 ἕκαστα
479 4658 540 4714 et
589 4661 737 4712 ἐστιν
762 4695 778 4722 ,
822 4654 859 4709 ἃ
899 4655 1150 4715 καλεῖται
1198 4654 1368 4734 παρὰ..
1400 4659 1514 4721 τοῖς
1543 4657 1803 4728 ῥήτορσιν

212 4750 597 4824 περιστατικά
658 4748 823 4820 μόρια
846 4763 864 4780 ο
917 4739 1031 4799 οἷον
1055 4787 1071 4812 ,
1107 4745 1236 4820 τίς,
1285 4747 1454 4817 ἤγουν
1493 4749 1523 4801 ὁ
1555 4747 1775 4818 πράξας
1799 4763 1815 4779 ⁸

210 4841 373 4905 τίνα,
400 4843 566 4912 ἧγουν
587 4839 680 4894 τὸν
708 4837 971 4894 παθόντα*
1001 4834 1078 4900 τί,
1103 4835 1274 4907 ἧγουν
1293 4837 1427 4895 αὐτὸ
1449 4836 1512 4889 τὸ
1537 4837 1806 4909 πραχθὲν,

210 4931 391 5000 τυχὸν
419 4931 676 5001 ἐφόνευσε
696 4946 710 4961 ο
759 4929 867 4983 τίνι
888 4967 906 4994 ,
938 4931 1109 5002 ἧγουν
1157 4927 1410 5008 ὀργᾴνῳο
1446 4927 1551 4987 ποῦ
1576 4971 1592 4996 ,
1645 4929 1815 4999 ἤγουν

211 5023 386 5093 τόπῳ
407 5041 422 5056 ·
460 5026 612 5091 πότε,
654 5025 822 5095 ἤγουν
860 5025 920 5078 ὲν
952 5024 1092 5095 ποίῳ
1130 5024 1310 5094 χρόνῳ
1331 5037 1347 5054 ⁸
1375 5021 1514 5087 πῶς,
1553 5023 1584 5076 ὁ
1609 5021 1814 5092 τρόπος

211 5117 331 5188 τῆς
361 5115 642 5184 πράξεωςο
673 5117 762 5172 διὰ
798 5117 873 5185 τί,
899 5117 1067 5195 ἤγουν
1111 5114 1200 5169 διά
1231 5114 1396 5168 ποίαν
1429 5114 1631 5169 αἰτίαν.

1912 3295 2019 3352 Per
2052 3297 2388 3367 principium
2423 3306 2630 3366 autem,
2674 3313 2900 3355 causam
2949 3295 3276 3353 eﬁicientem
3324 3292 3500 3364 signi-

1915 3385 2166 3441 ﬁcamus.
2191 3387 2262 3441 At
2291 3402 2420 3443 vero
2449 3402 2560 3443 non
2602 3388 2974 3460 voluntarium
3013 3387 3075 3442 ﬁt
3098 3400 3199 3458 per
3232 3385 3498 3455 ignoran-

1911 3477 2070 3544 tiam,
2111 3492 2238 3532 cum
2277 3493 2380 3535 nos
2416 3479 2742 3551 ignorantiae
2769 3493 2995 3536 causam
3029 3492 3140 3534 non
3167 3477 3497 3548 praebemus,

1917 3567 2013 3622 sed
2066 3581 2204 3624 casu
2252 3583 2343 3624 res
2377 3569 2454 3624 ita
2505 3569 2799 3642 contingit.
2850 3569 3068 3637 Etenim
3095 3569 3174 3640 ,εξ
3219 3567 3497 3639 quispiam

1909 3659 2102 3716 ebrius
2126 3659 2330 3716 caedem
2362 3663 2719 3732 perpetrarit,
2751 3664 2963 3720 inscius
2987 3663 3211 3735 quidem
3247 3677 3368 3717 eam
3399 3660 3499 3714 ad-

1910 3749 2082 3818 misit,
2115 3759 2170 3806 at
2200 3767 2311 3807 non
2343 3768 2576 3823 prorsus
2610 3756 2782 3810 invite
2813 3755 2881 3809 3’.
2916 3754 3244 3826 Ignorantiae
3292 3752 3500 3823 quippe

1907 3855 2156 3910 causam,
2209 3844 2532 3901 ebrietatem
2591 3845 2826 3907 scilicet,
2882 3846 3000 3917 ipse
3048 3843 3362 3900 accersivit.
3401 3839 3500 3896 Sin

2854 3937 3170 4008 peremerit,
3204 3937 3275 3993 ob
3324 3934 3492 3990 insci-

1985 4105 2572 4174 Voluntarium.—Non
2589 4112 2960 4168 voluntarium
2980 4114 3146 4183 igitur
3157 4113 3353 4181 duplex
3369 4127 3495 4166 cum

1909 4197 2004 4262 sit,
2057 4199 2291 4254 alterum
2313 4211 2540 4272 propter
2562 4203 2697 4269 vim,
2719 4203 2951 4258 alterum
2982 4210 3208 4272 propter
3239 4203 3496 4269 ignoran-

1911 4291 2064 4357 tiam,
2095 4293 2316 4361 utrique
2342 4294 2718 4348 voluntarium
2742 4293 3058 4363 opponitur.
3077 4290 3212 4346 Illud
3229 4293 3375 4346 enim
3399 4307 3494 4347 vo-

1911 4383 2215 4438 luntarium
2231 4393 2336 4450 est,
2352 4385 2498 4455 quod
2518 4401 2620 4440 nec
2637 4401 2734 4455 per
2746 4387 2878 4449 vim,
2896 4399 2996 4439 nec
3018 4384 3492 4454 perignorantiam

1913 4474 2148 4533 efﬁcitur
2178 4475 2248 4528 ⁸⁸.
2281 4475 2651 4541 Quamobrem
2678 4474 3050 4528 voluntarium
3081 4474 3305 4542 dicitur,
3332 4476 3492 4546 cujus

1912 4563 2268 4633 principium,
2298 4563 2416 4618 sive
2443 4576 2633 4630 causa,
2660 4562 2718 4615 in
2748 4561 2871 4631 ipso
2899 4568 2984 4616 est
3009 4562 3102 4632 qui
3125 4563 3255 4633 agit,
3291 4570 3349 4618 ut
3376 4563 3494 4633 ipse

1908 4659 2108 4708 noscat
2135 4652 2320 4708 omnia
2372 4651 2694 4722 singulatim
2718 4691 2734 4717 ,
2777 4665 2875 4719 per
2912 4666 3035 4721 quae
3082 4640 3228 4707 actio
3257 4653 3490 4722 geritur,

1907 4745 2044 4800 etin
2087 4743 2292 4815 quibus
2335 4750 2627 4799 versatur:
2669 4759 2792 4813 qua:
2819 4743 3043 4814 quidem
3089 4743 3323 4814 singula,
3363 4744 3491 4800 rhe-

1907 4845 2058 4890 tores
2085 4832 2543 4890 circumstantias
2564 4835 2876 4906 appellant;
2903 4841 3057 4905 puta,
3079 4835 3226 4904 quis,
3250 4836 3352 4891 hoc
3379 4844 3488 4903 est,

1907 4925 2004 4981 ille
2033 4925 2131 4995 qui
2158 4924 2292 4981 fecit
2326 4944 2341 4982 :
2377 4941 2563 4998 quem,
2605 4942 2702 4982 seu
2754 4943 2878 4983 eum
2918 4927 3014 4998 qui
3045 4941 3342 4997 perpessus
3366 4935 3486 4992 est;

1915 5017 2072 5087 quid,
2104 5017 2158 5074 id
2190 5025 2299 5087 est,
2332 5017 2440 5074 hoc
2489 5020 2633 5089 quod
2669 5019 2875 5076 factum
2921 5027 3028 5085 est,
3074 5027 3266 5089 utputa
3318 5018 3487 5072 inter-

1916 5110 2087 5179 fecit;
2123 5125 2255 5181 quo,
2305 5111 2517 5168 scilicet
2569 5113 2979 5179 instrumento;
3036 5110 3151 5176 ubi,
3208 5110 3325 5165 sive
3375 5120 3488 5176 quo

211 5210 284 5268 in
317 5209 478 5274 loco;
525 5207 761 5276 quando.
809 5208 863 5263 id
900 5218 1000 5266 est.
1045 5220 1151 5275 quo
1197 5215 1478 5276 tempore;
1510 5204 1813 5277 quomodo,
1853 5218 2032 5274 quove
2077 5213 2244 5276 pacto
2289 5201 2426 5261 illud
2480 5203 2631 5276 egit;
2665 5218 2862 5276 quare,
2908 5217 3006 5263 seu
3080 5215 3190 5273 qua
3270 5197 3485 5254 illectus

209 5313 424 5357 causa.

301 5410 352 5445 “
373 5406 597 5466 Nemes.
619 5423 670 5465 c.
693 5407 783 5464 '50.
833 5411 900 5470 ,⁸³
929 5405 1148 5496 Nemes.
1184 5425 1235 5470 c.
1260 5413 1352 5467 51.
1428 5410 1474 5443 ⁸⁸
1499 5407 1718 5466 Nemes.
1743 5425 1793 5465 c.
1814 5407 1904 5464 52.

1490 5539 1726 5596 VARle
1769 5536 2172 5598 LECTIONES.

297 5663 329 5692 ο
365 5650 514 5729 ﬁdit.
541 5647 671 5720 γὰρ,
696 5647 750 5705 in
784 5655 1014 5721 utroque
1042 5655 1176 5712 loco.
1202 5655 1330 5713 Mss.
1359 5665 1411 5714 et
1439 5655 1658 5715 Nemes.
1691 5655 1811 5726 μέν.
