4116 6150
542 300 650 363 959

1699 289 1757 348 S.
1789 286 2110 349 JOANNIS
2143 283 2574 348 DAMASCENI

2276 165 2310 177 η.

3697 271 3799 335 960

544 412 652 468 sita
683 412 834 471 sunt,
865 419 986 476 quas
1030 404 1264 460 liberum
1289 412 1292 414 ‘
1317 402 1481 459 nobis
1527 409 1611 458 est
1662 402 1874 470 facere,
1904 403 1988 458 vel
2019 416 2125 456 non

2230 395 2452 462 ὲλέγετο
2498 391 2872 462 πράττεσθαι,
2909 390 3008 458 τῆς
3065 384 3318 459 πράξεως
3363 384 3465 476 οὐκ
3507 385 3676 454 οὔσης
3719 385 3804 456 ἐφ’

544 499 762 560 facere;
794 495 898 550 hoc
925 504 1028 558 est,
1066 507 1129 548 ea
1157 491 1343 547 omnia
1373 507 1499 562 quas
1521 492 1670 547 ultro
1690 500 1745 546 et
1771 500 1970 562 sponte
1999 491 2120 560 agi-

543 605 668 643 mus
694 588 895 657 (neque
921 583 1066 640 enim
1099 597 1161 638 ea
1199 589 1396 652 sponte
1430 597 1462 636 a
1507 582 1669 637 nobis
1703 583 1822 637 ﬁeri
1871 580 2122 637 diceren-

541 689 653 743 tur,
679 678 725 731 si
751 675 898 730 actio
927 675 981 727 in
1007 679 1201 728 nostro
1217 672 1448 726 arbitrio
1478 671 1703 726 minime
1727 672 1904 741 posita
1929 669 2116 738 esset):

543 782 654 822 uno
683 765 872 829 verbo,
897 778 962 819 ea
990 764 1176 819 omnia
1206 779 1352 833 quaz,
1397 763 1484 816 vel
1517 761 1754 825 laudem,
1791 762 1877 817 vel
1905 761 2121 830 vitupe-

541 855 810 911 rationem
869 852 1150 919 all‘erunt,
1203 859 1258 907 et
1295 851 1365 906 ob
1414 864 1537 920 quae
1589 850 1737 918 leges
1786 857 1840 902 et
1887 846 2121 902 consilia

541 946 766 1000 dantur.
797 943 1029 1014 Proprie
1077 951 1261 998 autem
1299 941 1357 996 in
1407 947 1602 996 nostra
1645 946 1920 1010 potestate
1969 944 2118 998 sunt,

540 1050 885 1105 quaecunque
933 1035 1003 1089 ad
1059 1033 1300 1088 animam
1353 1031 1658 1101 pertinent,
1707 1037 1764 1085 et
1806 1029 1876 1085 de
1921 1029 2122 1098 quibus

541 1128 949 1182 consultamus.
985 1124 1292 1180 Consilium
1329 1137 1496 1193 porro
1545 1123 1694 1176 circa
1733 1136 1798 1176 ea
1846 1129 2119 1183 versatur,

541 1231 662 1287 quae
687 1230 942 1285 peraeque
980 1215 1036 1267 in
1068 1221 1358 1281 utramque
1401 1219 1612 1281 partem
1644 1214 1966 1280 contingere
1995 1225 2124 1280 pos-

543 1313 692 1360 sunt.
743 1303 1006 1372 Peraeque
1037 1309 1220 1357 autem
1256 1301 1585 1371 contingens
1633 1300 1769 1354 illud
1816 1309 1922 1365 est,
1975 1301 2122 1370 quod

541 1405 597 1450 et
641 1395 823 1466 ipsum
878 1408 1199 1464 possumus,
1234 1399 1290 1449 et
1329 1391 1478 1462 quod
1523 1391 1574 1446 ei
1625 1391 1922 1461 opponitur
1955 1408 1971 1444 :
2001 1389 2123 1459 ejus

541 1501 676 1542 vero
697 1485 892 1542 electio
924 1499 1094 1554 penes
1123 1491 1359 1539 mentem
1391 1489 1637 1538 nostram
1669 1489 1794 1549 est;
1825 1481 1940 1536 haec
1975 1481 2122 1535 enim

543 1575 776 1631 actionis
808 1574 1143 1644 principium
1181 1581 1286 1630 est.
1335 1570 1394 1628 ln
1438 1572 1598 1628 nobis
1646 1572 1817 1643 igitur
1865 1571 1982 1627 haec
2017 1573 2122 1627 sita

544 1673 695 1729 sunt,
729 1680 851 1736 quae
900 1665 1169 1720 alterutro
1203 1663 1367 1721 modo
1395 1673 1628 1734 possunt
1675 1663 1920 1726 evenire,
1949 1663 2120 1729 velut,

2225 485 2390 554 ἡμῖν·
2427 482 2521 535 καὶ
2553 480 2763 543 ἁπλῶς,
2790 475 2871 562 οἷς
2912 478 3106 532 ἒπεται
3147 476 3316 544 ψόγος
3356 473 3391 545 ἢ
3421 474 3668 539 ἔπαινος,
3712 476 3806 528 καὶ

2222 575 2307 642 ἐφ’
2331 568 2411 636 οἷς
2441 573 2558 624 ἐστι
2593 569 2878 641 προτροπὴ
2906 569 2999 622 καὶ
3023 567 3209 636 νόμος.
3227 565 3448 635 κυρίως
3473 565 3532 618 δὲ
3557 567 3644 634 ἀφ’
3675 568 3805 637 ἡμῖν

2222 665 2341 718 ἐστι
2371 663 2440 716 τὰ
2470 662 2727 732 ψυχικάιι
2767 661 2966 727 πάντα,
3005 659 3099 718 καὶ
3130 656 3259 727 περὶ
3283 648 3360 711 ὧν
3389 655 3764 726 βουλευόμεθα
3789 675 3801 690 ·

2223 758 2256 827 η
2295 757 2354 808 δὲ
2389 754 2554 824 βουλὴ
2598 755 2708 808 τῶν
2741 752 2937 822 ὲπίσης
2969 748 3337 819 ἐνδεχομένων
3364 747 3536 801 ἐστίν.
3577 748 3804 818 Ἐπίσης

2221 849 2279 903 δὲ
2313 847 2663 919 ἐνδεχόμενόν
2709 848 2878 911 ἐστιν,
2919 844 2947 896 ὃ
2993 843 3128 896 αὐτό
3157 859 3216 895 τε
3252 841 3557 912 δυνάμεθα,
3605 842 3702 896 καὶ
3743 845 3807 897 τὸ

2222 940 2604 1009 ἀντικείμενον
2634 936 2782 1005 αὺτῷ
2807 953 2820 966 ·
2849 936 3090 988 ποιεῖται
3131 934 3188 986 δὲ
3228 932 3424 984 τούτου
3452 933 3552 1002 τὴν
3594 933 3806 1003 αἰρεσιν

2219 1033 2251 1084 ὁ
2280 1030 2404 1093 νοῦς
2433 1033 2462 1083 ὁ
2503 1030 2774 1100 ἡμέτερος
2793 1044 2804 1055 ·
2843 1026 2940 1080 καὶ
2984 1016 3142 1087 οὗτός
3169 1025 3318 1076 ἐστιν
3357 1023 3501 1092 ἀρχὴ
3530 1023 3801 1093 πράξεως.

2223 1122 2408 1176 Ταῦτα
2437 1122 2621 1174 τοίνυν
2667 1119 2786 1172 ἐστὶ
2808 1117 2876 1171 τὰ
2907 1118 2992 1185 ἐφ’
3027 1117 3181 1186 ἡμῖν,
3232 1114 3305 1166 τὰ
3359 1113 3561 1184 ἐπίσης
3599 1113 3806 1184 ἐνδεχό-

2227 1230 2366 1284 μενα
2385 1230 2400 1244 ο
2439 1207 2552 1266 οἷον
2585 1211 2650 1264 τὸ
2678 1210 2952 1265 κινεῖσθαι
2983 1209 3076 1262 καὶ
3102 1208 3170 1260 τὸ
3199 1209 3274 1277 μὴ
3309 1207 3603 1273 κινεῖσθαι,
3633 1209 3808 1277 όρμᾷν

2225 1305 2319 1357 καὶ
2354 1305 2430 1373 μὴ
2455 1303 2655 1374 όρμᾷν,
2694 1299 2990 1372 ὀρέγεσθαι
3011 1298 3120 1352 τῶν
3159 1298 3234 1368 μὴ
3259 1297 3578 1364 ἀναγκαίων
3607 1297 3703 1349 καὶ
3734 1297 3808 1366 μὴ

2223 1392 2535 1463 ὀρέγεσθαι,
2565 1390 2861 1461 ψεύδεσθαι
2891 1387 2986 1442 καὶ
3019 1387 3096 1458 μὴ
3122 1386 3439 1461 ψεύδεσθαι,
3474 1385 3676 1438 διδόναι
3711 1386 3809 1439 καὶ

2227 1484 2302 1554 μὴ
2363 1484 2587 1547 διδόναι,
2640 1483 2857 1552 χαίρειν
2907 1478 2994 1548 ἐφ’
3048 1473 3131 1541 οἷς
3193 1477 3275 1529 δεῖ
3304 1477 3398 1530 καὶ
3456 1477 3530 1547 μὴ
3582 1476 3802 1545 χαίρειν

2223 1574 2448 1644 ὁμοίως,
2487 1574 2582 1631 καὶ
2604 1573 2690 1641 ἐφ’
2723 1569 2807 1634 οἷς
2845 1573 2908 1624 ού
2937 1571 3038 1638 Osi,
3075 1570 3170 1624 καὶ
3199 1570 3300 1626 ὅσα
3349 1567 3595 1636 τοιαῦτα,
3627 1571 3688 1622 ἑν
3716 1563 3802 1632 οἷς

2225 1667 2343 1720 ἐστι
2375 1666 2445 1720 τὰ
2468 1666 2570 1736 τῆς
2604 1664 2828 1735 ἀρετῆς,
2859 1662 2958 1716 καὶ
2991 1661 3062 1716 τὰ
3093 1662 3195 1732 τῆς
3227 1663 3428 1724 κακίας
3467 1661 3628 1732 ἔργα.
3663 1660 3806 1714 Τού-

543 1756 775 1822 moveri,
803 1763 860 1810 et
890 1769 1000 1810 non
1036 1755 1284 1822 moveri;
1341 1755 1587 1819 incitari,
1625 1763 1680 1810 et
1729 1769 1840 1810 non
1874 1756 2117 1822 incitari;

2229 1775 2330 1811 των
2361 1757 2470 1828 γάρ
2501 1758 2676 1826 ἐσμεν
2703 1752 3068 1821 αύτεξούσιοι.
3105 1751 3230 1805 Τῶν
3259 1752 3312 1805 δὲ
3347 1752 3553 1820 ὲπίσης
3599 1752 3810 1821 ὲνδεχο-

543 1856 798 1915 appetere
837 1861 963 1916 quae
1007 1847 1321 1903 necessaria
1370 1862 1482 1902 non
1541 1853 1695 1912 sunt,
1734 1855 1790 1902 et
1825 1860 1933 1901 non
1963 1861 2130 1916 appe—

543 1945 696 2001 tere;
728 1936 970 2002 mentiri,
998 1944 1055 1992 et
1085 1952 1197 1992 non
1221 1936 1481 2003 mentiri;
1515 1937 1784 2001 tribuere,
1805 1945 1862 1992 et
1884 1951 1997 1991 non
2027 1936 2128 1990 tri-

2231 1848 2408 1919 μένων
2453 1847 2562 1900 εἰσὶ
2588 1847 2682 1900 καὶ
2709 1846 2768 1900 αἱ
2802 1845 2990 1916 τέχναι
3016 1859 3032 1875 ο
3064 1845 3151 1913 ἐφ’
3177 1845 3310 1914 ἡμῖν
3335 1843 3448 1915 γάρ
3473 1844 3596 1896 ἐστι
3625 1843 3810 1913 μετελ-

2229 1939 2346 1993 θεῖν
2375 1940 2446 2009 ἢν
2478 1937 2547 1992 ἂν
2575 1937 2916 2008 θελήσωμεν,
2943 1937 3041 1992 καὶ
3073 1934 3149 2006 μὴ
3185 1934 3490 2005 μετελθεῖν.

542 2026 742 2094 buere;
770 2027 1012 2098 gaudere
1036 2026 1166 2082 dum
1195 2027 1472 2092 convenit,
1500 2035 1555 2082 et
1571 2027 1824 2082 similiter
1851 2043 1964 2083 non
1993 2027 2258 2098 gaudere,
2290 2039 2347 2086 et
2377 2029 2469 2085 ubi
2501 2045 2614 2084 non
2645 2027 2928 2093 convenit,
2997 2033 3311 2096 caeteraque
3377 2023 3681 2092 ejusmodi,
3751 2025 3809 2080 in

544 2117 746 2186 quibus
777 2118 1003 2172 virtutis
1033 2126 1088 2172 et
1126 2116 1244 2172 vitii
1289 2132 1520 2174 munera
1551 2127 1864 2174 versantur.
1911 2118 2119 2174 Horum
2145 2122 2292 2176 enim
2345 2137 2516 2192 penes
2554 2136 2659 2176 nos
2681 2121 2853 2176 libera
2883 2128 2970 2174 est
3031 2126 3298 2189 potestas.
3337 2116 3489 2173 Inter
3555 2132 3618 2173 ea
3689 2131 3809 2188 qua:

544 2221 800 2276 peraeque
831 2206 888 2262 in
917 2214 1208 2276 utramque
1249 2214 1460 2278 partem
1510 2211 1834 2278 contingere
1879 2219 2136 2282 possunt,
2176 2220 2326 2270 artes
2360 2219 2746 2270 numerantur.
2789 2209 2962 2269 Penes
2996 2225 3099 2268 nos
3125 2209 3272 2266 enim
3303 2218 3390 2266 est
3445 2224 3540 2266 eas
3598 2209 3802 2274 colere,

545 2305 601 2354 et
628 2313 739 2352 non
769 2299 974 2354 colere.

617 2386 1036 2443 Observandum
1068 2399 1251 2463 autem
1276 2399 1383 2458 est,
1421 2405 1614 2449 eorum
1651 2406 1776 2462 quae
1813 2393 1918 2450 sub
1951 2395 2127 2451 actio-

546 2492 671 2532 nem
708 2474 932 2543 cadunt,
957 2478 1278 2534 electionem
1309 2481 1533 2551 quidem
1569 2496 1787 2552 semper
1825 2484 1882 2538 in
1935 2494 2126 2540 nostra

547 2568 818 2632 potestate
863 2576 1030 2619 esse:
1059 2573 1318 2620 caeterum
1367 2567 1638 2623 actionem
1685 2584 1830 2641 sape
1875 2571 2129 2644 impediri

548 2663 700 2709 certa
731 2655 964 2724 quadam
993 2655 1362 2713 Providentiae
1399 2659 1613 2716 ratione
1639 2660 1707 2715 ”.

1136 2743 1288 2799 CAP.
1322 2744 1536 2807 XXV".

617 2834 794 2898 Ouam
823 2833 886 2890 ob
916 2850 1135 2891 causam
1161 2836 1327 2892 libero
1359 2839 1586 2895 arbitrio
1613 2841 1830 2911 praditi
1861 2843 2048 2898 simus.
2121 2917 2129 2924 .

619 2989 836 3054 Creata,
867 2998 1054 3060 suapte
1086 3002 1282 3048 natura
1313 2994 1616 3050 mutabilia.
1645 2996 1888 3053 Libertas
1915 2997 2126 3053 arbitrii

550 3081 750 3134 rationi
786 3098 1016 3137 annexa.
1055 3081 1227 3137 Nulla
1253 3085 1309 3138 in
1340 3083 1509 3140 brutis
1533 3087 1749 3141 arbitrii
1781 3087 2020 3144 libertas.
2055 3117 2125 3131 -—

546 3171 918 3238 Quamobrem
956 3188 1067 3228 una
1101 3189 1228 3228 cum
1264 3175 1498 3241 ratione,
1546 3176 1762 3232 arbitrii
1801 3192 2021 3250 quoque
2057 3180 2125 3234 li-

2296 2392 2421 2464 Χρὴ
2448 2391 2506 2445 δὲ
2539 2389 2857 2460 γινώσκειν,
2893 2389 2971 2453 ὡς
3007 2390 3041 2460 ἡ
3093 2389 3195 2460 μὲν
3233 2389 3444 2459 αἵρεσις
3492 2387 3596 2439 τῶν
3646 2403 3794 2457 πρα-

2227 2482 2374 2539 κτῶν
2395 2492 2423 2522 V
2451 2483 2540 2563 ἀεὶ
2573 2483 2660 2550 ἐφ’
2692 2482 2829 2551 ἡμῖν
2870 2480 3023 2533 ἐστιν
3045 2497 3060 2512 υ
3097 2480 3131 2549 ἠ
3177 2479 3236 2532 δὲ
3291 2477 3490 2548 πρᾶξις
3542 2477 3809 2546 πολλάκις

2225 2575 2516 2641 κωλύεται,
2546 2573 2690 2629 κατά
2708 2589 2834 2628 τινα
2865 2579 3071 2645 τρόπον
3105 2571 3205 2642 τῆς
3235 2570 3388 2633 θείας
3420 2572 3696 2667 προνοίας.

2703 2743 2955 2797 ΚΕΦΑΛ.
3001 2743 3106 2796 KZ'
3143 2739 3328 2813 [MA'].

2229 2837 2371 2907 Περὶ
2400 2836 2528 2902 τοῦ,
2554 2835 2653 2890 διὰ
2679 2835 2864 2890 ποίαν
2899 2836 3102 2890 αἰτίαν
3139 2833 3525 2897 αὐτεξούσια
3567 2837 3811 2905 γεγόνα-

2927 2921 3067 2973 μεν.

2299 2999 2486 3070 Φαμὲν
2515 2999 2696 3052 τοίνυν
2736 2996 2942 3060 εὐθέως
2990 2994 3066 3066 τῷ
3104 2993 3309 3064 λογικῷ
3364 2995 3812 3068 συνεισέρχεσθαι

2234 3089 2296 3142 τδ
2326 3086 2672 3152 αὐτεξούσιον
2695 3102 2742 3155 ι,
2775 3086 2871 3142 καὶ
2913 3087 3026 3149 τοῖς
3077 3086 3362 3154 γεννητοῖς
3397 3086 3815 3154 συμπεφυκέναι

2234 3179 2542 3258 μεταῦολὴν
2595 3179 2691 3235 καὶ
2742 3179 2975 3250 τροπήν.
3028 3176 3146 3231 Πᾶν
3202 3175 3313 3247 γὰρ
3353 3176 3654 3246 γεννητὸν,
3715 3183 3820 3234 καὶ

544 3261 814 3317 bertatem
850 3264 1112 3321 accedere
1139 3264 1377 3322 dicimus
1414 3264 1503 3337 [ac
1532 3268 1734 3323 creatis
1755 3269 1922 3325 rebus
1950 3280 2125 3326 muta-

2230 3272 2465 3342 τρεπτόν
2491 3273 2659 3326 ἐστιν.
2690 3263 2793 3323 Ὧν
2831 3270 2940 3341 γὰρ
2974 3270 3009 3340 ἡ
3047 3268 3188 3341 ἀρχὴ
3235 3266 3332 3336 τῆς
3380 3267 3652 3334 γενέσεως
3699 3268 3825 3322 ἀπὸ

545 3351 754 3408 tionem
789 3353 1017 3409 omnino
1054 3356 1405 3431 congenitam
1447 3355 1619 3428 esse].
1669 3357 1946 3429 Quidquid
1984 3361 2128 3416 enim

547 3450 792 3497 creatum
831 3450 936 3506 est,
994 3444 1288 3500 mutationi
1340 3461 1562 3517 quoque
1615 3447 1908 3518 subjicitur
1936 3450 2002 3502 ’⁸.
2047 3448 2127 3506 Si-

548 3533 772 3602 quidem
829 3550 1063 3604 quorum
1126 3538 1411 3608 generatio
1459 3554 1489 3593 a
1553 3541 1857 3597 mutatione
1915 3542 2130 3622 initium

548 3625 726 3691 duxit,
767 3641 831 3681 ea
868 3643 1090 3699 quoque
1141 3630 1426 3686 mutabilia
1459 3647 1582 3688 esse
1608 3634 1987 3693 necessarium
2022 3643 2127 3691 est.

548 3713 648 3769 Est
676 3724 856 3772 autem
887 3718 1141 3784 mutatio,
1176 3734 1302 3775 cum
1329 3721 1463 3792 quid
1489 3737 1556 3778 ex
1579 3723 1752 3779 nihilo
1778 3724 2121 3795 producitur,

552 3812 716 3874 atque
754 3822 819 3862 ex
847 3807 1094 3878 subjecta
1126 3811 1357 3866 materia
1388 3812 1669 3884 quidpiam
1702 3814 1850 3876 aliud
1875 3814 2127 3869 efﬁcitur.

548 3893 620 3948 Et
667 3896 884 3965 quidem
929 3913 992 3954 ea
1027 3913 1148 3970 quae
1194 3903 1376 3956 anima
1422 3912 1637 3970 carent,
1689 3905 1933 3976 itemque
1969 3905 2131 3960 bruta

549 3986 851 4043 animantia
878 3989 1036 4059 juxta
1080 4006 1378 4061 corporeus
1427 3994 1572 4060 illos,
1615 4011 1756 4064 quos
1803 3997 2131 4052 memoravi—

549 4091 696 4145 mus,
732 4080 927 4136 modos
957 4081 1324 4137 immutantur
1355 4101 1369 4140 :
1402 4086 1753 4140 rationabilia
1782 4095 1984 4152 autem,
2041 4102 2131 4142 ra-

549 4169 699 4224 tione
721 4170 1010 4226 electionis
1037 4189 1050 4226 :
1077 4186 1202 4226 nam
1238 4173 1472 4230 facultas
1512 4176 1800 4232 rationais
1836 4178 2037 4246 partim
2074 4178 2130 4232 in

547 4260 1037 4330 contemplatione,
1081 4262 1284 4332 partim
1333 4265 1390 4318 in
1442 4265 1660 4321 actione
1691 4276 1963 4323 versatur.
2001 4268 2132 4334 Qua:

550 4351 606 4406 in
636 4353 1104 4422 contemplatione
1140 4353 1424 4420 consistit,
1449 4371 1540 4411 res
1569 4365 1628 4411 ut
1655 4371 1713 4413 se
1740 4357 1962 4424 habent,
1991 4372 2128 4412 con-

548 4441 778 4497 siderat.
810 4442 904 4497 llla
933 4459 1064 4499 vero
1091 4445 1145 4502 in
1176 4445 1394 4501 actione
1421 4449 1598 4517 posita
1630 4456 1736 4513 est,
1763 4464 1884 4519 qua:
1913 4451 2132 4505 consul-

547 4541 652 4598 tat,
680 4542 736 4589 et
765 4535 931 4592 rebus
969 4537 1196 4607 agendis
1247 4546 1454 4594 rectam
1491 4539 1759 4594 rationem
1798 4543 2127 4610 praescribit.

2231 3361 2439 3431 τροπῆς
2471 3357 2696 3430 ἠρξατο,
2731 3357 2946 3429 ἀνάγκη
2974 3355 3146 3412 ταῦτα
3169 3353 3381 3426 τρεπτὰ
3412 3349 3573 3408 εἶναι.
3607 3356 3826 3428 Τροπὴ

2230 3448 2287 3502 δέ
2309 3450 2448 3513 ἐστι,
2486 3450 2548 3502 τὸ
2584 3451 2648 3502 ἐκ
2685 3449 2759 3520 μὴ
2788 3449 2960 3504 ὄντων
3002 3450 3084 3510 είς
3136 3445 3197 3508 τὸ
3240 3441 3380 3502 εἶναι
3428 3446 3826 3517 παραχθῆναι,

2233 3539 2331 3591 καὶ
2355 3539 2417 3592 τὸ
2449 3538 2509 3604 ἐξ
2537 3537 3076 3610 ύποκειμένηςμΰλης
3119 3537 3308 3608 ἕτερόν
3337 3555 3392 3589 τι
3427 3537 3706 3606 γενέσθαι.
3731 3538 3828 3592 Τὰ

2235 3631 2336 3700 μὲν
2367 3625 2459 3684 οὖν
2489 3632 2672 3703 ἀψυχα
2700 3632 2798 3685 καὶ
2831 3630 3004 3699 ἄλογα
3036 3629 3336 3701 τρέπονται
3375 3629 3516 3683 κατὰ
3541 3629 3642 3692 τὰς
3674 3645 3827 3701 προ-

2231 3723 2532 3792 ειρημένας
2583 3722 2908 3793 σωματικὰς
2953 3720 3305 3785 ἀλλοιώσεις,
3357 3722 3428 3774 τὰ
3483 3721 3542 3775 δὲ
3591 3719 3822 3790 λογικὰ,

2235 3813 2381 3866 κατά
2442 3815 2781 3886 προαίρεσιν.
2829 3815 2937 3868 Τοῦ
2991 3813 3099 3883 γὰρ
3156 3811 3376 3880 λογνκοῦ
3437 3813 3497 3865 τὸ
3543 3812 3643 3882 μέν
3692 3815 3826 3874 ἐστι

2232 3900 2587 3972 θεωρητικὸν,
2619 3901 2680 3955 τὸ
2718 3903 2775 3956 δὲ
2820 3901 3150 3975 πρακτικόν.
3191 3901 3537 3971 θεωρητικὸν
3593 3901 3718 3970 μὲν,
3760 3903 3828 3954 τὸ

2231 3992 2530 4046 κατανοοῦν
2562 3992 2638 4060 ᾡς
2671 3992 2786 4064 ἔχει
2837 3993 2907 4046 τὰ
2940 3992 3100 4046 ὄντα·
3139 3991 3446 4063 πρακτικὸν
3476 3992 3555 4057 δὲ,
3591 3993 3650 4044 τὸ
3681 3992 3826 4062 βου-

2230 4083 2500 4150 λευτικὸν,
2523 4083 2585 4138 τὸ
2611 4083 2793 4155 ὁρίζον
2817 4087 2932 4148 τοῖς
2957 4087 3225 4155 πρακτοῖς
3251 4093 3279 4132 3’
3303 4084 3395 4136 τὸν
3419 4083 3578 4153 ὀρθὸν
3620 4083 3790 4152 λόγον
3808 4101 3822 4114 °

2232 4177 2328 4229 καὶ
2357 4174 2585 4230 καλοῦσι
2614 4176 2676 4229 τὸ
2707 4177 2802 4247 μὲν
2827 4175 3181 4247 θεωρητικὸν,
3218 4175 3366 4240 νοῦν,
3399 4175 3460 4228 τὸ
3487 4176 3543 4228 δὲ
3577 4191 3826 4246 πρακτι-

2231 4266 2347 4332 κὸν,
2383 4265 2704 4335 λόγονονκαὶ
2743 4266 2804 4320 τὸ
2855 4266 2961 4340 μὲν.
2989 4265 3348 4336 θεωρητικὸν,
3400 4266 3615 4334 σοφίαν,
3645 4266 3713 4318 τὸ
3754 4267 3822 4322 δὲ

2231 4356 2560 4426 πρακτικὸν,
2590 4357 2873 4426 φρόνησιν.
2918 4358 3035 4419 Πᾶς
3083 4352 3176 4409 οὖν
3210 4357 3238 4410 ὁ
3281 4355 3697 4426 βουλευόμενος,
3741 4357 3828 4421 ὡς

2232 4448 2318 4501 ἐπ’
2359 4447 2508 4516 αὑτῷ
2539 4447 2638 4516 τῆς
2669 4447 2940 4518 αἱρέσεως
2984 4445 3152 4516 οὔσης
3187 4445 3297 4500 τῶν
3335 4445 3650 4516 πρακτέων,
3685 4447 3826 4516 βου-

2234 4537 2473 4605 λεύεται,
2512 4538 2598 4592 ἵνα
2645 4539 2707 4591 τὸ
2744 4536 3046 4608 προκριθὲν
3105 4537 3168 4589 ὲκ
3200 4536 3301 4606 τῆς
3349 4537 3547 4607 βουλῆς
3595 4537 3829 4606 ἕληται,

550 4623 720 4693 Atqui
771 4633 984 4694 partem
1054 4627 1202 4681 illam
1263 4643 1385 4698 quae
1439 4632 1888 4700 contemplationi
1947 4642 2125 4700 vacat,

2235 4631 2330 4686 καὶ
2359 4630 2615 4699 ἑλόμενος
2649 4629 2834 4702 πράξῃ
2854 4649 2866 4660 ·
2901 4633 2950 4683 εί
2995 4629 3051 4682 δὲ
3075 4627 3256 4696 τοῦτο,
3289 4628 3349 4692 ἐξ
3392 4629 3639 4698 ἀνάγκης
3667 4646 3835 4700 παρ-

549 4720 791 4768 mentem
818 4726 1172 4785 nuncupant;
1201 4733 1323 4788 qua:
1365 4735 1498 4775 vero
1556 4721 1782 4787 actioni,
1834 4724 2124 4781 rationem.

549 4801 630 4854 Ac
683 4817 900 4868 rursus,
965 4805 1116 4860 illam
1167 4809 1515 4876 sapientiam,
1569 4810 1732 4866 istam
1781 4812 2130 4882 prudentiam

553 4889 854 4958 appellant.
904 4891 1180 4958 Quocirca
1234 4897 1492 4968 quisquis
1544 4903 1843 4969 consultat,
1902 4906 2131 4975 perinde

552 4979 854 5048 consultat,
895 4991 1154 5053 tanquam
1181 5000 1364 5040 rerum
1399 4990 1732 5058 agendarum
1751 5008 1920 5064 penes
1947 4997 2128 5067 ipsum

553 5075 800 5138 potestas
839 5070 934 5137 sit,
969 5079 1032 5126 ut
1077 5071 1239 5142 195
1281 5073 1431 5143 quod
1458 5090 1527 5130 ex
1563 5081 1972 5139 consultatione
2014 5099 2133 5140 me-

556 5160 664 5218 lius
722 5161 904 5220 visum
960 5161 1152 5228 fuerit,
1205 5163 1312 5220 hoc
1360 5165 1562 5237 eligat;
1596 5176 1654 5225 et
1708 5186 1834 5228 cum
1886 5174 2134 5245 elegerit,

631 5340 675 5373 '°
696 5337 915 5396 Nemes.
947 5354 998 5398 c.
1030 5341 1122 5397 37.
1197 5343 1240 5375 ἰ
1273 5343 1497 5403 Nemes.
1517 5363 1567 5404 c.
1598 5348 1688 5404 tl.

2240 4722 2533 4791 υφίσταται
2564 4723 2641 4794 τῷ
2670 4722 2875 4793 λογικῷ
2917 4723 2980 4776 τὸ
3030 4721 3381 4786 αὐτεξούσιον
3412 4737 3426 4752 ο
3463 4720 3494 4790 ἢ
3554 4720 3660 4788 γὰρ
3710 4721 3836 4776 οὐκ

2235 4812 2390 4866 ἔσται
2419 4812 2660 4881 λογικὸν,
2692 4814 2725 4885 ἢ
2758 4815 2979 4881 λογικὸν
3011 4813 3092 4880 ὃν,
3128 4812 3321 4883 κύριον
3349 4803 3497 4865 ἔσται
3529 4810 3834 4881 πράξεων,

2235 4905 2332 4958 καὶ
2363 4905 2731 4972 αὐτεξούσιον.
2754 4905 2916 4959 Ὅθεν
2951 4906 3045 4959 καὶ
3075 4906 3145 4960 τὰ
3173 4905 3339 4972 ἄλογα
3372 4902 3470 4955 οὐκ
3499 4901 3641 4955 εἰσὶν
3674 4905 3836 4958 αὐτ-

2239 4995 2491 5062 εξούσιαο
2519 4997 2745 5065 ἄγονται
2766 4998 2877 5068 γὰρ
2907 4997 3108 5068 μᾶλλον
3157 4997 3262 5050 ὑπὸ
3285 4995 3384 5066 τῆς
3401 4993 3640 5063 φύσεως,
3669 4996 3789 5064 ἥπε
3799 5015 3838 5068 ρ

2232 5087 2466 5156 ἄγουσιο
2518 5088 2602 5142 διὸ
2652 5087 2776 5142 οὐδὲ
2834 5088 3182 5157 ἀντιλέγουσι
3231 5090 3298 5159 τῇ
3355 5088 3561 5156 φυσικῇ
3611 5086 3834 5154 ὀρέξει,

2235 5175 2352 5229 ἀλλ’
2373 5176 2492 5244 αμα
2533 5176 2806 5250 ὁρεχθῶσί
2829 5192 3000 5244 τινος,
3031 5174 3247 5246 ὁρμῶσι
3278 5174 3419 5246 πρὸς
3450 5173 3551 5245 τὴν
3591 5166 3831 5245 πρᾶξιν.

1831 5433 2067 5488 VARle
2107 5435 2516 5494 LECTIONES.

627 5519 913 5610 ῗ-Ῑξς-ῗξτξι
937 5524 1036 5610 ’τῆ-ς
1066 5525 1263 5610 ιῙξυχῆςι
1289 5526 1486 5610 Melius
1519 5527 1746 5610 ψυχικᾲ,
1766 5541 1888 5610 (μιξε
1926 5535 2122 5609 contra
2147 5532 2377 5610 φυσικὰ,
2407 5539 2568 5586 antea
2593 5532 2872 5610 distinxit.
2946 5544 2974 5572 ν
2997 5533 3212 5610 Nemes.
3250 5529 3564 5610 πρακτέων.
3639 5525 3840 5610 {llaec

562 5592 834 5704 ξ’Ἢξξῇῖίι
863 5591 1227 5704 θείωδθίῖδίῂξ
1257 5611 1323 5650 εκ
1353 5591 1628 5661 Νθωθέἱόξ
1664 5591 1738 5652 ut
1783 5591 1921 5653 ratio
1955 5591 2261 5670 assignetur
2325 5591 2428 5656 cur
2462 5611 2714 5661 creatura
2768 5603 2984 5662 ratione
3018 5603 3246 5704 ppdita
3284 5591 3445 5660 liberi
3474 5599 3545 5654 sit
3575 5597 3834 5689 arbitrii.

768 5672 787 5704 1
819 5674 900 5704 cm
966 5701 977 5704 _
1015 5679 1196 5704 πηιιντ
1230 5681 1326 5704 mp,

562 5661 590 5700 γ
631 5655 787 5712 Multi
819 5660 980 5716 codd.
1015 5663 1328 5730 πρακτέοις.
