4116 6150
345 362 449 429 9.61

1374 360 1471 419 DE
1504 360 1680 419 FIDE
1717 358 2180 419 ORTHODOXA
2212 357 2359 418 LIB.
2403 358 2483 418 II.

3501 365 3605 429 962

354 472 413 524 ὐ
439 474 494 527 δὲ
513 470 818 542 ἄνθρωπος,
854 469 1070 538 λογικὸς
1110 469 1207 534 ὢν,
1235 470 1357 537 ἀγει
1395 469 1599 537 μᾶλλον
1618 466 1716 537 τὴν
1736 466 1913 535 φύσιν,

2026 471 2386 534 exsequatur.
2426 462 2583 530 Quod
2614 479 2737 519 cum
2769 466 2844 521 ita
2883 466 2977 536 sit,
3006 467 3218 523 arbitrii
3257 470 3482 527 libertas
3513 490 3603 527 ra—

340 568 487 634 ἢπερ
513 564 707 630 ἄγεται
730 578 742 590 ·
785 561 867 614 διὸ
894 563 989 615 καὶ
1030 561 1384 630 ὀρεγόμενος,
1419 559 1579 629 εἴπερ
1608 558 1807 621 ἐθέλοι,
1832 557 1923 621 ὲξ-

2022 554 2160 608 tioni
2202 556 2413 608 adnexa
2464 554 2541 609 sit
2586 569 2813 610 necesse
2842 566 2945 611 est.
2979 559 3087 611 Aut
3126 560 3271 613 enim
3320 562 3606 618 rationalis

338 654 529 707 ουσίαν
570 652 686 722 ἔχει
719 652 1069 722 ἀναχαιτίσαι
1108 651 1209 721 τὴν
1236 651 1439 721 ὄρεξιν,
1471 651 1503 720 ἢ
1557 649 1913 719 ἀκολουθῆσαι

2023 662 2130 701 non
2160 647 2266 701 erit
2294 647 2480 714 homo,
2505 654 2601 700 aut
2635 647 2680 701 si
2708 648 3019 714 rationalis,
3055 650 3338 705 actionum
3378 663 3604 707 suarum

338 746 499 814 αὐτῇ.
531 744 695 797 Ὅθεν
744 742 814 795 τὰ
852 742 954 811 μὲν
1004 742 1197 807 ἄλογα,
1247 740 1369 793 οὐδὲ
1414 739 1753 802 ἐπαινεῖται,
1797 736 1913 789 οὐδέ

2021 738 2280 793 dominus
2323 738 2450 793 erit.
2492 736 2649 792 Unde
2677 739 2843 792 etiam
2897 740 3059 794 bruta
3105 742 3317 796 arbitrii
3349 744 3606 799 libertate

337 837 605 905 ψέγεται·
637 835 668 886 ό
695 833 751 887 δὲ
780 834 1091 903 ἄνθρωπος,
1120 831 1216 886 καὶ
1251 832 1581 894 ἐπαινεῖται,
1626 829 1723 881 καὶ
1755 827 1923 897 ψέγε-

336 945 425 981 ται
453 937 499 979 ³.

2019 837 2230 883 carent.
2261 829 2305 881 Α
2338 837 2533 882 natura
2559 829 2704 884 enim
2731 837 2969 899 aguntur
2991 832 3186 901 magis,
3216 840 3377 903 qnam
3415 846 3602 906 agant:

2020 934 2083 974 ac
2096 919 2326 990 proinde
2354 933 2455 975 nec
2480 919 2715 973 naturali
2740 920 2961 989 quidem
2989 924 3252 992 appetitui
3275 936 3603 997 repugnant,

338 1025 431 1081 sed
461 1020 866 1093 quamprimum
897 1015 1107 1087 aliquid
1140 1016 1522 1087 appetiverint,
1558 1015 1613 1069 in
1644 1014 1919 1068 actionem
1958 1022 2150 1069 ruunt.
2204 1012 2382 1068 Homo
2424 1020 2639 1078 contra,
2689 1027 2815 1067 cum
2861 1014 2935 1069 sit
3004 1016 3238 1072 rationis
3304 1021 3602 1091 particeps,

338 1128 591 1172 naturam
629 1114 810 1185 potius
862 1111 1038 1173 ducit,
1075 1126 1240 1182 quam
1277 1109 1348 1166 ab
1396 1126 1460 1165 ea
1508 1110 1764 1165 ducatur.
1796 1107 1922 1174 Quo
1974 1109 2057 1173 ﬁt,
2091 1116 2151 1163 ut
2180 1109 2346 1164 etiam
2394 1124 2519 1163 cum
2574 1108 2781 1179 aliquid
2858 1110 3082 1180 appetit,
3133 1112 3218 1166 vel
3300 1115 3602 1184 appetitum

336 1210 703 1279 comprimere
731 1215 921 1277 queat,
964 1207 1011 1262 si
1048 1206 1206 1272 velit,
1253 1207 1340 1260 vel
1365 1207 1444 1260 illi
1489 1207 1739 1277 obsequi.
1776 1205 1937 1273 Quod
1974 1206 2138 1261 etiam
2167 1206 2223 1258 in
2255 1218 2426 1260 causa
2465 1213 2551 1259 est
2593 1219 2695 1258 cur
2720 1204 2879 1260 bruta
2903 1205 3202 1262 animantia
3232 1223 3334 1265 nec
3375 1210 3603 1266 lauden-

337 1308 447 1365 tur,
484 1314 585 1354 nec
618 1299 1043 1369 vituperentur;
1082 1300 1246 1353 homo
1276 1309 1471 1354 contra
1509 1309 1563 1356 et
1590 1302 1751 1357 laude
1800 1300 2089 1363 adiciatur,
2120 1306 2175 1354 et
2201 1298 2495 1369 vitupcrio.

409 1392 530 1463 Χρὴ
558 1394 875 1461 γινώσκειν,
904 1395 987 1447 ὅτι
1012 1395 1060 1446 οί
1082 1393 1324 1473 ἄγγελοι,
1356 1395 1565 1464 λογικοὶ
1591 1396 1766 1462 ὄντες,
1792 1397 1923 1449 αὐτ-

338 1486 572 1551 εξούσιοι
605 1484 933 1555 ὑπάρχουσι,
994 1485 1091 1537 καὶ
1139 1485 1213 1549 ὡς
1264 1489 1499 1553 κτιστοὶ,
1530 1490 1627 1541 καὶ
1670 1488 1914 1558 τρεπτοί.

339 1579 453 1631 Καὶ
485 1576 687 1642 ἔδειξεν
719 1578 747 1629 ό
795 1576 894 1646 μὲν
938 1575 1206 1641 διάϐολος,
1258 1577 1465 1645 ἀγαθὸς
1510 1578 1617 1631 ὑπὸ
1661 1578 1759 1631 τοῦ
1807 1581 1915 1650 Δη-

343 1667 607 1739 μιουργοῦ
661 1667 975 1738 γενόμενος,
1033 1667 1398 1733 αὐτεξουσίως
1451 1669 1510 1723 δὲ
1554 1671 1657 1741 τῆς
1711 1672 1917 1734 κακίας

336 1760 569 1831 εὑρετὴς
598 1757 838 1827 γεγονὼς
858 1799 872 1823 ,
907 1760 1003 1812 καὶ
1042 1761 1099 1813 αἱ
1130 1761 1226 1813 σὺν
1264 1761 1413 1830 αὑτῷ
1439 1761 1549 1832 (92)
1592 1765 1912 1835 ἀποστατή-

339 1867 504 1905 σασαι
533 1862 559 1890 ι
598 1849 883 1920 δυνάμεις,
912 1850 1080 1919 ἧγουν
1138 1852 1189 1903 ot
1243 1850 1520 1926 δαίμονες,
1552 1854 1620 1907 τὰ
1659 1854 1715 1907 δὲ
1749 1854 1914 1909 λοιπά

336 1939 596 2009 τάγματα
623 1938 734 1992 τῶν
759 1938 1029 2007 ἀγγέλων,
1063 1939 1122 1992 ὲν
1147 1938 1222 2009 τῷ
1253 1938 1444 2010 ἀγαθῷ
1463 1940 1842 2011 διαμείναντα.

812 2240 1064 2296 ΚΕΦΑΛ.
1108 2243 1223 2297 KH’
1263 2242 1446 2318 [MB’].

748 2357 888 2425 Περὶ
918 2357 1038 2413 τῶν
1067 2361 1179 2414 οὐκ
1206 2359 1299 2429 ἐφ’
1330 2360 1496 2430 ἡμῖν.

405 2472 529 2528 Τῶν
572 2471 629 2526 δὲ
667 2472 768 2527 οὐκ
806 2474 895 2543 ἐφ’
948 2476 1106 2546 ἡμῖν,
1144 2476 1215 2529 τά
1263 2476 1363 2546 μὲν
1406 2479 1471 2530 ὲκ
1514 2476 1635 2530 τῶν
1665 2477 1748 2545 ἐφ’
1782 2479 1913 2549 ἡμῖν

336 2564 448 2635 ἔχει
484 2565 581 2628 τὰς
614 2564 811 2635 ἀρχὰς,
845 2566 963 2636 ἦτοι
996 2567 1094 2630 τὰς
1123 2568 1327 2633 αἰτίας,
1356 2568 1639 2621 τουτέστιν
1668 2570 1725 2623 αί
1751 2569 1911 2640 ἀμοι-

335 2655 428 2710 ϐαὶ
459 2656 570 2709 τῶν
595 2656 848 2727 πράξεων
881 2657 1064 2728 ἡμῶν,
1102 2659 1162 2711 ὲν
1202 2676 1264 2712 τε
1321 2659 1401 2730 τῷ
1436 2659 1693 2731 παρόντι,
1732 2662 1828 2716 καὶ
1855 2664 1913 2715 ὲν

332 2746 413 2817 τῷ
448 2748 699 2817 μέλλοντι
744 2748 933 2813 αίῶνι,
970 2749 1042 2802 τὰ
1073 2748 1131 2802 δὲ
1182 2750 1347 2805 λοιπά
1396 2752 1576 2807 πάντα
1616 2753 1717 2823 τῆς
1762 2753 1914 2818 θείας

334 2837 534 2908 βουλῆς
576 2837 897 2909 ἐξήρτηται.
937 2839 1004 2892 Ἥ
1043 2839 1144 2909 μὲν
1172 2842 1283 2912 γὰρ
1317 2843 1533 2910 γένεσις
1562 2842 1805 2911 πάντων,
1847 2846 1913 2898 ὲκ

331 2930 430 2983 τοῦ
475 2929 631 2991 Θεοῦ,
678 2932 712 3000 ἡ
745 2930 802 2983 δὲ
846 2930 1043 3001 φθορὰ,
1097 2931 1186 2985 διὰ
1222 2932 1324 3004 τὴν
1374 2933 1653 3005 ἡμετέραν
1710 2937 1912 2991 κακίαν

334 3020 636 3093 ὲπεισήχθη
670 3021 809 3092 πρὸς
842 3021 1116 3092 τιμωρίαν
1161 3023 1261 3076 καὶ
1297 3024 1600 3093 ὠφέλειαν
1632 3026 1765 3090 Θεὸς
1803 3027 1913 3099 γὰρ

331 3110 566 3165 θάνατον
603 3113 701 3166 οὐκ
749 3113 1031 3182 ἐποίησεν,
1065 3113 1188 3166 οὐδὲ
1231 3113 1497 3185 τέρπεται
1543 3115 1631 3169 ἐπ’
1667 3117 1914 3190 ἀπωλείᾳ

331 3199 556 3265 ζώντων
576 3219 589 3232 ·
626 3202 696 3255 δι’
722 3202 1016 3274 ἀνθρώπου
1062 3204 1121 3257 δὲ
1166 3204 1374 3275 μᾶλλον
1402 3208 1431 3259 ό
1473 3206 1724 3275 θάνατος,
1752 3225 1914 3262 τουτ-

333 3292 451 3346 έστι
476 3292 578 3362 τῆς
622 3292 797 3363 Ἀδὰμ
835 3293 1227 3366 παραϐάσεως,
1262 3295 1465 3365 ὁμοίως
1493 3296 1589 3350 καὶ
1636 3299 1695 3350 at
1728 3296 1915 3352 λοιπαὶ¹

330 3382 618 3454 τιμωρίαι.
642 3383 725 3437 Τὰ
753 3384 811 3437 δὲ
839 3383 1004 3439 λοιπά
1034 3386 1214 3440 πάντα
1246 3387 1325 3457 τῷ
1351 3386 1471 3458 Θεῷ
1491 3388 1809 3445 ἀναθετέον.
1839 3390 1914 3443 Ἥ

331 3491 391 3527 τε
426 3474 536 3547 γὰρ
567 3475 786 3544 γένεσις
848 3477 1009 3547 ήμῶν
1039 3476 1145 3547 τῆς
1186 3477 1589 3551 δημιουργικῆς
1614 3480 1782 3536 αὐτοῦ
1819 3482 1911 3537 δυο

329 3566 553 3637 νάμεὼς
582 3570 729 3621 ἐστι·
761 3568 856 3622 καὶ
884 3569 918 3640 ἡ
964 3568 1218 3641 διαμονή,
1245 3572 1345 3642 τῆς
1387 3574 1719 3643 ωνεκτικῆς
1746 3572 1912 3627 δυνά-

335 3674 483 3727 μεως
513 3658 678 3712 αὑτοῦ
701 3674 716 3689 ⁶
760 3659 857 3714 καὶ
894 3660 929 3730 ἡ
953 3660 1310 3732 κυσέρνησις,
1345 3662 1443 3715 καὶ
1489 3664 1760 3733 σωτηρία,
1810 3664 1915 3734 τῆς

330 3748 707 3819 προνοητικῆς
754 3748 920 3802 αὐτοῦ
969 3749 1254 3820 δυνάμεως
1277 3767 1294 3783 ν
1332 3751 1427 3804 καὶ
1471 3752 1506 3822 ἡ
1549 3752 1660 3807 τῶν
1686 3752 1913 3822 ἀγαθῶν

329 3838 524 3891 αἰωνία
554 3837 880 3905 ἀπόλαυσις,
924 3839 1023 3908 τῆς
1056 3838 1403 3909 ἀγαθότητος
1433 3840 1623 3907 αὐτοῦ,
1667 3842 1782 3904 τοῖς
1811 3858 1915 3909 φυ-

328 3928 591 3982 λάσσουσι
647 3928 709 3980 τὸ
766 3928 912 3982 κατά
965 3927 1150 3997 φύσιν,
1178 3929 1264 3997 ἐφ’
1303 3923 1348 3997 ᾧ
1393 3930 1489 3984 καὶ
1535 3929 1908 4002 ὲπλάσθημεν.

342 4016 561 4088 Ἐπειδὴ
592 4017 651 4070 δέ
682 4034 833 4081 τινες
878 4017 1224 4086 ἀντιλέγουσι
1277 4020 1345 4089 τῇ
1377 4019 1629 4091 προνοίᾳ,
1663 4020 1910 4090 εἴπωμεν

328 4107 516 4161 λοιπὸν
549 4107 707 4175 ὀλίγα
733 4108 763 4147 1³
793 4107 889 4161 καὶ
919 4108 1053 4177 περὶ
1080 4107 1363 4177 προνοίας.

2099 1394 2288 1464 Angeli
2327 1393 2501 1457 liberi,
2532 1401 2584 1447 et
2627 1395 2930 1460 mutabiles,
2964 1410 3069 1466 qua
3110 1397 3295 1450 creati.
3323 1428 3392 1436 —
3416 1398 3605 1453 Scien-

2025 1483 2154 1538 dum
2209 1490 2316 1549 est,
2356 1483 2604 1553 angelos,
2639 1491 2829 1555 utpote
2866 1486 3079 1541 ratione
3121 1487 3404 1556 praeditos,
3447 1489 3604 1543 liberi

2023 1573 2239 1628 arbitrii
2293 1588 2438 1639 esse,
2488 1587 2553 1626 ac
2604 1587 2713 1642 qua
2773 1575 2988 1629 ratione
3024 1576 3191 1630 creati
3241 1584 3391 1641 sunt,
3422 1586 3602 1631 muta-

2022 1664 2158 1718 tioni
2200 1679 2423 1735 quoque
2454 1663 2722 1719 obnoxios
2778 1680 2924 1720 esse.
2978 1666 3146 1734 ldque
3197 1666 3408 1735 liquido
3443 1681 3601 1722 mon-

2019 1755 2218 1810 stravit
2248 1755 2526 1818 diabolus,
2568 1754 2683 1824 qui,
2719 1770 2844 1810 cum
2893 1770 2923 1809 a
2964 1756 3226 1811 Creatore
3257 1757 3434 1813 bonus
3466 1772 3601 1813 con-

2015 1848 2166 1902 ditus
2202 1854 2370 1911 esset,
2406 1845 2578 1901 libera
2610 1853 2884 1915 potestate
2912 1846 3041 1900 mali
3073 1846 3330 1902 inventor
3361 1851 3600 1912 exstitit.

2018 1936 2365 2005 virtutesque
2401 1937 2629 2006 insuper
2658 1937 2785 2003 illae,
2816 1952 2939 2007 quae
2965 1950 3073 1991 una
3108 1954 3231 1993 cum
3270 1938 3391 2008 ipso
3422 1955 3451 1993 a
3492 1942 3603 1995 Deo

2017 2030 2358 2098 defecerunt,
2412 2042 2544 2100 puta
2582 2031 2883 2094 dazmones,
2944 2046 3068 2086 cum
3119 2033 3325 2104 reliqua
3375 2035 3598 2105 angelo-

2018 2137 2136 2176 rum
2176 2124 2392 2194 agmina
2436 2123 2490 2176 in
2524 2122 2668 2177 bono
2703 2123 3070 2193 perstiterint.

2593 2250 2750 2307 CAP.
2791 2250 3031 2306 XXVIII.

2085 2360 2164 2416 De
2184 2361 2253 2415 iis
2281 2375 2399 2430 qua!
2424 2361 2480 2413 in
2524 2368 2712 2414 nostra
2739 2368 3001 2428 potestate
3030 2361 3210 2429 posita
3240 2378 3345 2415 non
3378 2373 3525 2418 sunt.

2086 2475 2130 2526 Α
2165 2472 2270 2527 Deo
2301 2472 2419 2527 solo
2463 2473 2687 2540 pendent
2760 2488 2877 2542 qua:
2912 2475 3191 2541 potestatis
3244 2485 3438 2529 nostra?
3494 2493 3597 2531 non

2016 2562 2481 2619 sunt—Eorum
2546 2571 2750 2627 autem,
2810 2578 2933 2634 quae
3001 2564 3056 2618 in
3119 2572 3311 2621 nostro
3365 2568 3598 2621 arbitrio

2016 2654 2243 2710 minime
2290 2653 2397 2709 sita
2445 2660 2598 2718 sunt,
2649 2652 2754 2707 alia
2795 2666 2862 2707 ex
2895 2648 2963 2707 ii's
3012 2668 3135 2723 qua:
3169 2653 3384 2709 arbitrii
3416 2658 3595 2711 nostri

2016 2754 2184 2810 sunt,
2235 2746 2505 2816 originem
2546 2759 2644 2801 seu
2692 2758 2917 2800 causam
2966 2744 3191 2810 habent,
3233 2746 3425 2815 quales
3463 2755 3595 2801 sunt

2015 2836 2295 2892 actionum
2353 2846 2674 2893 nostrarum
2730 2835 3150 2914 retributiones,
3188 2846 3303 2891 tum
3362 2838 3417 2890 in
3452 2852 3595 2906 prae-

2017 2928 2179 2990 senti,
2211 2935 2328 2981 tum
2359 2928 2416 2983 in
2442 2925 2632 2982 futuro
2666 2939 2783 2980 :evo
2815 2944 2829 2979 :
2885 2925 2993 2979 alia
3019 2940 3152 2981 vero
3185 2928 3372 2981 omnia
3400 2943 3466 2983 ex
3500 2927 3595 2984 Dei

2015 3017 2298 3073 voluntate
2343 3016 2606 3087 pendent.
2658 3013 2873 3070 Etenim
2932 3029 3119 3071 rerum
3155 3016 3399 3071 omnium
3438 3026 3596 3074 ortus
3644 3069 3652 3079 ,

2016 3120 2047 3160 a
2086 3105 2198 3162 Deo
2226 3114 2351 3175 est;
2402 3114 2459 3161 at
2496 3105 2783 3176 corruptio
2814 3106 2887 3161 ob
2932 3108 3181 3161 nostram
3231 3107 3492 3162 malitiam
3526 3109 3597 3164 ad

1938 3173 1982 3233 (ἶ
2013 3207 2262 3255 nostram
2285 3173 2502 3265 poenam
2514 3173 3245 3256 simuletutilitatemlnvccta
3260 3196 3384 3252 fuit.
3450 3198 3593 3253 Deus

2012 3288 2216 3357 quippe
2251 3296 2476 3343 mortem
2527 3303 2631 3341 non
2678 3286 2825 3355 fecit,
2872 3301 2967 3340 nec
3003 3286 3299 3340 delectatur
3326 3288 3380 3341 in
3415 3290 3597 3356 perdi-

2013 3379 2151 3433 tione
2187 3378 2468 3433 viventium
2494 3378 2540 3411 "
2576 3394 2590 3431 :
2624 3378 2757 3449 quin
2811 3377 2999 3447 potius
3054 3392 3153 3447 per
3207 3378 3508 3446 hominem,
3538 3380 3593 3434 id

2008 3479 2093 3526 est
2141 3484 2238 3541 per
2282 3470 2479 3525 Adami
2533 3468 3058 3540 transgressionem,
3091 3482 3264 3534 mors,
3291 3476 3347 3524 et
3380 3468 3591 3540 reliqua

2009 3562 2139 3618 item
2176 3562 2449 3633 supplicia
2503 3560 2713 3616 inﬂicta
2749 3568 2901 3618 sunt.
2932 3561 3144 3615 Caetera
3187 3567 3371 3615 autem
3406 3561 3589 3616 omnia

2006 3653 2064 3707 in
2094 3651 2266 3706 Deum
2315 3650 2515 3706 referri
2552 3650 2774 3705 debent.
2829 3648 2968 3702 Nam
2998 3656 3054 3703 et
3092 3659 3252 3704 ortus
3304 3657 3493 3705 noster
3520 3651 3589 3705 ad

2006 3742 2333 3799 creatricem
2366 3741 2488 3813 ejus
2533 3741 2834 3811 potentiam
2890 3746 3146 3809 spectat;
3208 3740 3587 3803 incolumitas.

2004 3834 2072 3888 ad
2107 3833 2572 3889 conservatricem
2598 3848 2613 3897 ;
2659 3832 2988 3901 gubernatio
3016 3840 3071 3885 et
3100 3830 3274 3897 salus,
3313 3831 3383 3885 ad
3414 3832 3589 3886 virtu-

2003 3932 2113 3980 tem
2142 3924 2401 3980 omnibus
2430 3922 2753 3994 providendi
2777 3939 2793 3989 ;
2825 3922 2943 3993 ipsa
2961 3923 3198 3993 denique
3220 3924 3584 3994 sempiterno-

2003 4031 2127 4071 rum
2176 4018 2298 4087 ipsa
2328 4016 2602 4071 bonorum
2660 4014 2965 4084 possessio,
3001 4029 3125 4085 qua:
3187 4016 3314 4071 illos
3369 4025 3579 4078 manet,

2004 4109 2102 4179 qui
2165 4107 2225 4163 id
2279 4106 2429 4178 quod
2479 4112 2691 4161 natura:
2742 4115 3177 4162 consentaneum
3245 4116 3330 4161 est
3381 4106 3580 4174 (cujus

328 4212 529 4270 nempe
555 4215 726 4257 causa
790 4200 998 4256 conditi
1053 4200 1283 4271 sumus)
1324 4208 1538 4258 sartum
1592 4207 1909 4271 tectumque
1947 4200 2338 4268 custodierint,
2371 4199 2551 4271 ipsius
2599 4197 2833 4253 bonitati
2888 4193 3215 4254 a'scribcnda
3277 4202 3384 4252 est.
3434 4194 3582 4260 Quo-

327 4293 479 4349 niam
511 4308 639 4349 vero
664 4294 914 4350 nonnulli
939 4293 1347 4352 Providentiam
1378 4304 1603 4366 negant,
1631 4309 1732 4366 age
1754 4310 1904 4352 nunc
1941 4296 2013 4353 de
2035 4311 2100 4353 ea
2133 4296 2472 4353 disseramus
2503 4294 2718 4365 paucis.

401 4470 449 4502 ⁹²
492 4470 627 4540 Sap.
652 4485 692 4536 I,
720 4468 789 4526 I3

1621 4534 1859 4591 VARIE
1882 4532 2292 4592 LECTIONES.

404 4626 585 4702 {Haec
631 4627 921 4702 Δἱιι-Ιῖτρξῃ.
962 4626 1536 4702 et_quibus_dam__mss.
1564 4626 1779 4683 omissa
1816 4634 1967 4684 sunt.
2046 4638 2073 4667 ει
2112 4623 2279 4680 Basil.
2307 4625 2708 4698 ἀποστήσασαι.
2745 4626 2876 4684 Mss.
2904 4628 3289 4683 ἀποστατικαί.
3368 4627 3395 4667 δ
3430 4628 3583 4702 Regii

327 4695 387 4767 9,
416 4694 570 4754 Colb.
622 4698 675 4765 1,
717 4696 774 4753 S.
808 4696 915 4752 Hil.
936 4704 991 4757 et
1014 4690 1167 4753 Ncm.
1200 4694 1340 4749 εἴπω
1359 4694 1535 4764 ὀλίγα.

1828 4868 2061 4927 NOTAE.

399 4964 662 5039 (92)UKal
693 4969 753 5020 al
780 4960 896 5021 οὖν
924 4963 1114 5039 αὐτῷ.
1151 4962 1494 5039 Yirtutesque
1517 4965 1651 5039 illas,
1681 4974 1799 5039 etc._
1823 4963 1901 5020 De
1930 4969 1977 5025 ι)
2005 4962 2364 5039 subducenda,
2398 4964 2831 5039 contemplationi
2868 4967 3073 5039 Deoque
3110 4985 3166 5024 se
3207 4971 3471 5034 dedidere,
3505 4975 3599 5039 lue

326 5033 647 5106 virtutibus
684 5051 808 5106 quae
850 5049 881 5088 a
924 5033 1038 5089 Deo
1082 5033 1442 5106 defecerunt,
1482 5034 1901 5104 intelligendum

324 5106 568 5161 arbitror
604 5102 939 5165 Nemesium,
982 5119 1148 5174 quem
1204 5104 1294 5158 hic
1330 5102 1532 5159 Noster
1569 5102 1777 5171 passim
1806 5120 1905 5159 ex-

328 5175 577 5244 scripsit,
615 5176 703 5230 ubi
730 5177 810 5230 ait
838 5188 853 5227 :
902 5174 1135 5228 Rursum
1169 5184 1486 5229 naturarum
1519 5190 1638 5243 qua:
1678 5174 1903 5228 materia

327 5254 540 5319 vacant,
570 5245 681 5298 illm
729 5248 1029 5319 qutecirca
1076 5255 1275 5319 terram
1327 5252 1796 5319 versantur,chm
1839 5245 1903 5299 ob

327 5315 630 5370 societatem
654 5331 814 5384 quam
844 5314 1033 5368 habent
1064 5330 1180 5368 cum
1214 5314 1534 5384 hominibus,
1557 5314 1711 5367 rebus
1739 5329 1904 5384 agen-

327 5387 414 5437 dis
445 5383 813 5453 applicantur,
861 5384 1061 5454 μᾶλλόν
1103 5385 1222 5454 ἐστι
1274 5384 1384 5454 τῶν
1421 5383 1597 5438 ἀλλων
1644 5383 1898 5453 τρεπταί,

328 5452 535 5509 mter-is
580 5465 699 5507 sunt
730 5452 1114 5507 mutabiliores.
1170 5452 1305 5507 Nam
1337 5453 1406 5509 de
1444 5454 1651 5508 sanctis
1682 5452 1908 5522 angelis

330 5524 658 5593 subiungit:
698 5525 829 5590 Qua
882 5539 999 5593 vero
1046 5532 1256 5577 naturae
1303 5539 1415 5577 sum
1452 5523 1787 5585 excellentia,
1834 5523 1904 5575 ad

329 5593 503 5647 Deum
524 5592 780 5662 propenso
804 5592 977 5646 studio
1005 5594 1217 5658 propius
1248 5595 1525 5656 accedunt,
1542 5594 1757 5661 ejusque
1776 5609 1905 5646 con-

331 5664 673 5729 templatione
700 5664 877 5731 felices
912 5670 1053 5722 sunt,
1085 5677 1147 5713 ac
1185 5662 1240 5712 in
1269 5664 1493 5727 seipaaa,
1515 5665 1620 5715 imo
1651 5664 1707 5715 in
1731 5662 1901 5715 Deum

328 5732 505 5787 solum
547 5730 844 5798 convenre,
880 5749 912 5785 a
961 5730 1113 5785 rebus
1155 5730 1372 5800 agendis
1410 5740 1459 5786 et
1500 5748 1533 5787 α
1582 5734 1805 5788 materia
1847 5748 1902 5787 se

2005 5033 2370 5108 immutabilea
2394 5043 2628 5092 manent.
2655 5034 2860 5108 Libera:
2886 5033 3094 5108 quidem
3124 5041 3410 5095 voluntatis
3437 5051 3580 5105 sunt,

2005 5119 2112 5173 qua
2165 5104 2372 5181 ratio-ne
2417 5113 2666 5181 utuntur,
2715 5107 2778 5159 οὐ
2815 5104 2918 5178 μὲν
2972 5111 3307 5181 τρεπόμεναι
3353 5110 3441 5181 διὰ
3485 5113 3585 5174 τὰς

2006 5173 2416 5244 προειρημένας
2444 5174 2648 5241 αίτίας,
2681 5192 2786 5230 non
2816 5173 3023 5233 'tamen'
3048 5173 3325 5232 rnuiantur
3348 5179 3410 5231 ob
3456 5173 3587 5231 cau-

2005 5242 2096 5297 sas
2124 5242 2257 5317 quas
2288 5242 2635 5317 adduximus.
2664 5244 2914 5317 Denique
2956 5256 3319 5317 utrorumque
3360 5248 3585 5317 angelo-

2006 5312 2141 5366 rum
2184 5312 2486 5368 discrimen
2525 5312 3013 5386 consimili‘modo
3044 5312 3306 5386 explicat,
3349 5312 3587 5370 dicendo

2006 5396 2118 5436 non
2156 5396 2352 5438 omnes
2397 5384 2624 5453 angelos
2650 5386 2935 5439 mutabilis
2962 5401 3085 5441 esse
3116 5384 3459 5451 ‘voluntatis,
3489 5389 3583 5442 sed

2006 5466 2104 5506 eos
2130 5453 2329 5525 solum,
2366 5454 2459 5525 qui
2491 5454 2590 5522 τῆς
2622 5455 2760 5525 πρὸς
2786 5454 2855 5506 τὰ
2887 5455 2999 5508 ἄνω
3052 5455 3145 5506 καὶ
3185 5454 3273 5506 τὸν
3308 5454 3441 5507 Θεὸν
3468 5458 3586 5525 σχέ·

2006 5536 2144 5584 σεως
2174 5523 2807 5592 ἀποχωρήσαντεςζειιιη
2843 5538 3156 5589 propensum
3207 5540 3331 5592 erga
3362 5541 3443 5578 res
3489 5523 3582 5579 su-

2002 5605 2193 5664 perna;
2230 5590 2514 5664 Deumque
2535 5594 2769 5645 studium
2802 5592 3109 5664 abjecerint,
3148 5590 3415 5662 ῥέψαντες
3447 5595 3583 5664 πρὸς

2002 5661 2072 5712 τὰ
2117 5661 2286 5725 κάτω,
2323 5662 2391 5713 ad
2432 5662 2690 5728 inferiora
2736 5661 2990 5730 vergendo
3030 5661 3204 5718 rerum
3232 5661 3578 5720 terrenarum
3650 5696 3651 5699 η

2007 5730 2248 5796 cupidine
2275 5739 2544 5785 arserunt.
