4116 6150
505 317 630 386 ’975

1731 316 1794 374 S.
1833 312 2156 376 JOANNIS
2187 314 2611 377 DAMASCENI

3697 323 3793 388 V16

521 451 694 506 quam
725 441 830 498 est,
864 432 969 487 nisi
1020 444 1272 486 recessus
1315 445 1344 483 a
1404 429 1572 496 bono,
1631 433 1794 486 veluti
1854 431 2089 487 tenebrae

2191 482 2193 487 .
2220 447 2312 493 τος
2341 431 2432 484 τοῦ
2461 432 2638 500 φωτός
2672 433 2820 486 ἐστιν
2844 433 3210 507 ἀναχώρησις.
3231 435 3503 502 Μένοντες
3527 431 3620 492 οὖν
3641 439 3698 492 ὲν
3718 443 3793 507 τῷ

521 541 771 582 recessus
792 539 821 578 a
853 524 990 578 luce.
1015 523 1093 576 Ac
1112 520 1340 592 proinde
1374 522 1427 576 in
1462 529 1609 577 statu
1632 532 1847 580 naturae
1876 539 2110 580 consen-

532 629 694 674 taneo
730 624 1038 678 manentes,
1095 613 1151 668 in
1201 613 1406 668 virtute
1445 629 1640 670 sumus
1673 634 1684 668 :
1720 616 1790 670 ab
1827 631 1894 671 eo
1932 624 2112 670 autem

520 719 688 771 statu,
714 707 818 760 hoc
849 713 934 760 est
962 719 990 757 a
1015 704 1219 759 virtute
1239 703 1613 770 deﬂectentes,
1654 705 1709 760 in
1762 706 1815 762 id
1846 706 1990 777 quod
2015 720 2114 760 na-

509 807 656 854 turae
681 804 950 867 repugnat
979 796 1288 867 vitiumque
1318 797 1578 855 labimur.

589 912 751 982 200
772 909 1104 965 Poenitentia
1144 917 1232 964 est
1268 910 1337 965 ab
1383 925 1451 966 eo
1478 911 1626 981 quod
1677 920 1889 968 naturae
1917 913 2112 969 adver-

517 1014 693 1068 satur,
722 1003 788 1056 ad
840 1003 892 1056 id
953 1002 1100 1072 quod
1146 1001 1251 1071 ipsi
1315 1002 1646 1058 conveniens
1696 1011 1802 1067 est,
1867 1013 2030 1074 atque
2081 1019 2112 1059 a

517 1097 739 1151 diabolo
761 1095 829 1149 ad
861 1094 1052 1159 Deum,
1084 1108 1181 1163 per
1217 1093 1463 1163 pizevitae
1488 1093 1754 1160 studium,
1788 1095 2113 1166 laboresque

508 1203 815 1257 regressuo.

596 1299 768 1354 Ilomo
816 1298 1085 1352 masculus
1117 1297 1384 1354 conditus.
1421 1328 1492 1338 -—
1515 1297 1674 1355 Hunc
1711 1299 1899 1370 itaque
1933 1301 2113 1357 homi-

519 1406 640 1444 nem
667 1407 914 1446 summus
941 1390 1031 1444 ille
1061 1389 1255 1460 Opifex
1289 1391 1595 1446 masculum
1647 1392 1910 1455 condidit,
1965 1393 2110 1447 divi-

518 1497 645 1536 nam
681 1482 729 1538 ei
772 1484 1003 1552 gratiam
1036 1497 1191 1536 suam
1241 1483 1584 1552 impertiens,
1619 1497 1786 1553 seque
1840 1498 1935 1552 per
1989 1500 2107 1540 eam

525 1574 634 1643 ipsi
670 1574 1088 1628 communicans
1122 1592 1136 1627 :
1168 1589 1277 1644 quo
1327 1573 1530 1628 factum
1563 1583 1667 1638 est,
1712 1582 1771 1629 ut
1803 1575 1856 1628 in
1903 1590 2109 1631 morem

515 1665 815 1735 prophetae,
849 1666 1247 1730 animantibus,
1288 1666 1456 1720 veluti
1491 1667 1780 1736 mancipiis
1804 1667 1908 1720 sibi
1946 1667 2110 1734 datis,

2217 521 2360 575 κατὰ
2390 523 2572 591 φύσιν,
2603 526 2659 576 ἐν
2687 527 2754 596 τῇ
2791 527 2958 596 ἀρετῇ
2991 527 3160 599 ἐσμεν
3196 544 3211 557 ο
3236 528 3580 594 ἐκκλίνοντες
3617 530 3674 584 δὲ
3698 533 3787 586 τοῦ

2216 611 2358 665 κατά
2387 612 2568 682 φύσιν,
2593 615 2762 685 ἤγουν
2783 615 2849 669 ὲκ
2872 617 2970 687 τῆς
3002 619 3226 690 ἀρετῆς,
3257 621 3338 683 είς
3358 620 3420 674 τὸ
3445 622 3600 692 παρὰ
3632 623 3789 691 φύσιν

2215 704 2514 775 ἐρχόμεθα,
2542 707 2636 760 καὶ
2681 708 2740 761 ἐν
2783 710 2850 780 τῇ
2890 711 3060 780 κακίᾳ
3087 710 3371 782 γινόμεθα.

2284 909 2561 962 Μετάνοια
2582 911 2729 962 ἐστιν
2755 910 2820 962 ὲκ
2849 909 2942 963 τοῦ
2966 908 3119 982 παρὰ
3146 909 3308 980 φύσιν
3330 911 3411 974 εἰς
3439 911 3498 964 ca
3525 912 3666 966 κατὰ
3696 915 3788 982 φύ-

2216 1017 2319 1065 σιν,
2350 1001 2444 1054 καὶ
2464 1001 2531 1054 ὲκ
2559 1000 2652 1054 τοῦ
2678 1000 2926 1055 διαϐόλου
2957 1003 3098 1073 πρὸς
3125 1001 3218 1056 τὸν
3243 1001 3378 1056 Θεδν
3414 1004 3696 1069 ἐπάνοδος,
3723 1006 3788 1059 δι’

2214 1093 2507 1165 ἀσκήσεως
2536 1094 2630 1147 καὶ
2659 1093 2863 1149 πόνων.

2284 1298 2486 1353 Τοῦτον
2507 1298 2689 1353 τοίνυν
2709 1297 2800 1352 τὸν
2833 1289 3121 1370 ἄνθρωπον
3145 1299 3174 1352 ὀ
3213 1299 3558 1370 Δημιουργὸς
3587 1301 3788 1373 ἇρῤενα
3882 1319 3885 1322 ’

2213 1389 2608 1456 κατεσκεύασε,
2643 1391 2907 1461 μεταδοὺς
2936 1389 3086 1460 αὐτῷ
3115 1391 3214 1460 τῆς
3263 1391 3458 1444 ἑαυτοῦ
3494 1390 3644 1455 θείας
3686 1395 3786 1463 χά-

2216 1503 2382 1557 ριτος,
2412 1484 2508 1539 καὶ
2567 1487 2624 1538 ὲν
2671 1483 2927 1554 κοινωνίᾳ
2981 1483 3178 1537 ἑαυτοῦ
3231 1483 3321 1537 διὰ
3368 1483 3570 1553 ταύτης
3619 1485 3786 1538 αὑτὸν

2213 1577 2583 1648 ποιησάμενος
2622 1591 2636 1604 ·
2668 1575 2790 1629 ὅθεν
2837 1575 2930 1628 καὶ
2984 1574 3085 1646 τὴν
3136 1573 3246 1628 τῶν
3297 1574 3451 1638 ζώων
3490 1575 3786 1644 ὀνομασίαν

2213 1667 2590 1741 προφητικῶς,
2619 1668 2695 1732 ὡς
2727 1666 2925 1720 δούλων
2957 1664 3106 1735 αὐτῷ
3144 1664 3432 1729 δοθέντων,
3454 1664 3788 1728 δεσποτικῶς

516 1759 671 1813 lierili
709 1759 940 1829 quadam
976 1760 1303 1814 auctoritate
1329 1760 1550 1814 nomina
1605 1759 1944 1828 imposuerit.
1979 1761 2089 1814 Nan

2216 1761 2530 1831 ἐποιήσατο.
2577 1759 2714 1813 Κατ’
2768 1758 2952 1811 εἰκόνα
3001 1757 3111 1828 γὰρ
3145 1755 3280 1810 Θεοῦ
3327 1755 3546 1824 λογικός
3580 1773 3662 1822 τε,
3696 1757 3788 1809 καὶ

505 1865 635 1902 cum
661 1849 727 1903 ad
775 1851 1065 1920 imaginem
1122 1849 1218 1903 Dei
1251 1851 1508 1904 conditus
1553 1858 1720 1912 esset,
1770 1859 1828 1903 ut
1863 1850 2100 1918 ratione,

517 1942 897 2011 intelligentia,
922 1953 974 1996 et
1005 1942 1220 1996 arbitrii
1289 1941 1541 1996 libertate
1597 1941 1844 2011 polleret,
1907 1942 2104 1997 merito

515 2034 744 2100 proinde
777 2034 878 2102 ipsi
911 2049 1090 2088 rerum
1113 2032 1356 2087 onmium
1387 2041 1728 2088 terrenarum
1758 2033 2102 2102 principatus

515 2141 544 2177 ιι
574 2125 852 2178 communi
883 2125 1128 2179 omnium
1167 2124 1375 2194 Opifice
1398 2137 1452 2180 et
1485 2124 1715 2180 Domino
1743 2125 2099 2181 concreditus

513 2227 617 2272 est.

584 2325 989 2396 Creatafemina
1023 2328 1094 2380 ad
1116 2327 1330 2382 humani
1382 2329 1587 2399 generis
1639 2338 1806 2383 morte
1852 2328 2097 2383 damnati

515 2419 751 2487 futuram
803 2421 1255 2489 propagationem.
1288 2447 1355 2460 —-
1391 2419 1665 2486 Quoniam
1723 2429 1906 2477 autem
1959 2419 2104 2476 Deus

518 2510 863 2580 praescientia
904 2526 1004 2565 sua
1052 2521 1301 2576 noverat,
1360 2511 1498 2577 fore,
1539 2519 1600 2566 ut
1657 2512 1750 2568 ille
1795 2513 2104 2582 impositam

519 2601 625 2655 sibi
650 2601 819 2672 legem
842 2602 1090 2668 violaret,
1109 2611 1273 2672 atque
1293 2603 1347 2657 in
1370 2603 1778 2673 corruptionem
1804 2604 2104 2662 laberetur.

519 2682 732 2745 idcirco
761 2692 1015 2746 feminam
1067 2693 1170 2762 ipsi
1223 2693 1482 2761 similem,
1543 2694 1980 2765 adjutricemque
2035 2710 2103 2750 ex

515 2783 641 2854 ipso
709 2785 1046 2854 procreavit:
1108 2784 1454 2854 adjutricem,
1509 2786 1769 2856 inquam,
1815 2796 1874 2840 ut
1927 2801 2101 2858 genus

514 2874 814 2929 humanum
855 2891 950 2944 per
981 2877 1388 2947 generationem
1425 2878 1581 2947 301
1612 2893 1678 2932 ex
1740 2879 2096 2934 successione

513 2975 958 3020 conservaretur.
1011 2965 1219 3020 Etenim
1249 2967 1427 3036 prima
1457 2967 1715 3023 formatio
1746 2966 1960 3022 factura
2008 2967 2095 3022 di-

2213 1852 2419 1923 νοερδς,
2453 1851 2550 1903 καὶ
2583 1848 2931 1917 αὐτεξούσιος
2956 1848 3266 1919 γενόμενος,
3299 1848 3526 1910 εἰκότως
3555 1847 3656 1918 τὴν
3682 1847 3787 1900 τῶν

2153 2021 2171 2032 1
2212 1944 2474 2012 ἐπιγείων
2509 1941 2685 2013 ἀρχὴν
2717 1940 3082 2013 ἐνεχειρίζετο
3127 1938 3232 1992 ὑπὸ
3264 1936 3360 1992 τοῦ
3403 1936 3590 1992 κοινοῦ
3614 1939 3782 1994 suav.

2208 2055 2316 2092 των
2345 2033 2690 2110 Δημιουργοῦ
2717 2050 2778 2087 τε
2807 2032 2902 2088 καὶ
2926 2031 3223 2086 Δεσπότου.

2277 2323 2450 2388 Εἰδὼς
2480 2324 2538 2378 δὲ
2584 2323 2613 2376 δ
2655 2321 3012 2394 προγνώστης
3045 2322 3155 2392 (99)
3181 2321 3316 2385 Θεὸς
3338 2361 3354 2386 ,
3386 2321 3465 2386 ὡς
3501 2323 3558 2376 ὲν
3598 2340 3777 2395 παρα-

2205 2417 2364 2473 ϐάσει
2396 2418 2703 2487 γενήσεται,
2735 2415 2830 2468 καὶ
2849 2416 2913 2484 τῇ
2944 2413 3120 2484 φθορᾷ
3141 2412 3783 2486 ὑποκείσεται,ὲποίησεν

2206 2509 2267 2574 ἐξ
2298 2508 2463 2562 αὐτοῦ
2495 2507 2652 2576 θῆλυ,
2680 2505 2874 2577 βοηθὸν
2901 2504 3049 2576 αὐτῷ
3080 2504 3203 2558 κατ’
3240 2504 3405 2558 αὐτόν
3433 2521 3449 2537 ·
3483 2505 3676 2576 βοηθὸν
3704 2507 3782 2572 δὲ,

2207 2601 2347 2672 πρὸς
2387 2599 2488 2670 τὴν
2526 2598 2616 2652 διὰ
2654 2599 2964 2668 γεννήσεως
3003 2596 3146 2668 μετὰ
3175 2596 3276 2668 τὴν
3329 2597 3646 2668 παράϐασιν
3689 2599 3785 2658 τοῦ

2208 2692 2399 2761 γένους
2431 2693 2494 2744 ἐκ
2543 2690 2796 2761 διαδοχῆς
2837 2688 3118 2746 σύστασιν.
3167 2691 3231 2744 Ἢ
3260 2689 3370 2764 γὰρ
3419 2693 3610 2764 πρώτη
3644 2695 3786 2750 πλά-

2207 2801 2312 2847 σις,
2343 2783 2557 2852 γένεσις
2605 2781 2821 2851 λέγεται
2849 2822 2862 2845 ,
2890 2782 2985 2836 καὶ
3027 2783 3088 2836 οὐ
3133 2783 3410 2852 γέννησις.
3432 2785 3650 2848 Γένεσις
3678 2786 3786 2855 μὲν

2204 2877 2314 2947 γάρ
2343 2878 2512 2939 ἐστιν,
2539 2877 2572 2947 ή
2604 2877 2668 2930 ὲκ
2693 2875 2827 2928 Θεοῦ
2863 2875 3055 2946 πρώτη
3090 2875 3290 2940 πλάσις
3317 2893 3332 2907 ·
3363 2876 3612 2947 γέννησις
3631 2877 3710 2942 δὲ,
3745 2879 3785 2950 ἡ

2205 2968 2270 3020 ἐκ
2323 2966 2620 3038 καταδίκης
2663 2965 2756 3019 τοῦ
2791 2965 3054 3034 θανάτου,
3087 2967 3176 3021 διὰ
3221 2967 3323 3038 τὴν
3364 2967 3677 3040 παράὸασιν
3725 2971 3788 3034 ἐξ

513 3057 681 3120 citur,
713 3073 818 3111 non
848 3058 1151 3128 generatio.
1180 3057 1412 3113 Factura
1459 3060 1604 3113 enim
1659 3067 1747 3113 est
1779 3057 1955 3128 prima
2003 3073 2089 3124 ea,

2199 3057 2448 3129 ἀλλήλων
2477 3057 2722 3128 διαδοχή.

513 3162 634 3220 quae
667 3145 773 3202 Deo
800 3154 1026 3202 auctore
1066 3150 1300 3214 exstitit,
1341 3150 1579 3206 hominis
1630 3148 1909 3205 formatio.
1967 3147 2258 3206 Generatio
2296 3159 2502 3216 autem,
2538 3134 2824 3205 sucéessio
2855 3156 2962 3215 est,
2993 3164 3101 3220 qua
3142 3150 3214 3206 ob
3234 3153 3427 3208 mortis
3455 3154 3790 3211 sententiam

512 3241 609 3296 alii
633 3257 700 3296 ex
723 3242 847 3296 aliis
864 3257 1251 3314 propagamur.

582 3354 741 3408 Hunc
774 3368 942 3428 porro
991 3353 1136 3410 Deus
1172 3355 1215 3386 ⁸³
1269 3355 1324 3409 in
1373 3357 1634 3426 paradiso
1677 3366 1785 3413 tam
1835 3331 2098 3432 spiritdli,

583 3529 631 3562 “
656 3528 816 3600 Nyss.
843 3529 922 3585 De
975 3531 1105 3600 opif.
1148 3546 1270 3603 cap.
1303 3532 1396 3588 ΞΟ.

2278 3355 2482 3411 Τοῦτον
2504 3353 2656 3409 ἔθετο
2675 3355 2735 3410 ἐν
2761 3357 2839 3428 τῷ
2873 3359 3207 3430 παραδείσῳ,
3259 3359 3336 3430 τῷ
3371 3377 3430 3415 τε
3467 3361 3644 3432 νοητῷ
3680 3365 3795 3415 καὶ

2014 3660 2252 3719 ΝΟΤΛΕ.

509 3762 759 3831 ignorans
812 3760 1025 3831 fecerat.
1075 3760 1235 3818 Unde
1276 3759 1567 3827 Petavius,
1599 3761 1719 3831 lib.‘
1747 3772 1977 3831 tx,jcap.
2016 3759 2068 3831 5,

513 3829 803 3901 postquam
852 3829 1208 3901 Vasquesium
1253 3841 1306 3886 et
1357 3833 1517 3898 alios,
1567 3831 1663 3900 qui
1709 3829 1968 3901 homines
2007 3829 2072 3882 ad

505 3900 743 3970 primam
799 3899 1026 3970 gratiam
1089 3902 1158 3955 ob
1215 3917 1500 3957 assensum
1560 3899 1805 3970 futurum
1847 3899 1971 3970 eligi
2009 3913 2073 3953 ex

508 3966 902 4038 Chrysostoino
945 3971 1263 4035 intulerant,
1292 3972 1413 4025 ideo
1441 3969 1762 4033 confutavit,
1789 3966 2080 4038 quia‘san-

511 4036 636 4092 ctus
658 4039 854 4093 doetor
889 4042 941 4093 in
979 4056 1103 4109 cap.
1136 4056 1192 4093 lx
1226 4041 1293 4109 ad
1326 4039 1484 4093 Rom.
1525 4041 1769 4109 adnotet,
1791 4036 1948 4109 vasa_
1972 4036 2080 4109 ele-

508 4109 713 4163 ctionis
747 4106 1121 4173 constitui,eo
1145 4108 1293 4176 quod
1323 4111 1462 4163 Deus
1487 4116 1596 4160 tam
1634 4107 1768 4161 illud
1799 4106 2082 4175 provideat

507 4179 654 4248 quod
709 4179 954 4248 ipsorum
998 4179 1279 4232 voluntate
1332 4177 1619 4233 confertur
1654 4190 1865 4248 ,rquam
1925 4190 2079 4230 suam

507 4245 885 4318 gratiam'rqua
922 4247 1044 4302 illos
1075 4249 1322 4318 adjuvat,
1353 4255 1412 4318 ut
1447 4247 1803 4318 perpusillum
1836 4245 2080 4318 ipsorum

505 4316 771 4371 voluntati
802 4327 856 4371 et
879 4317 1253 4380 consensioni,
1285 4316 1452 4372 totum
1507 4317 1695 4386 gratim
1729 4316 2039 4386 ascribatur
2061 4353 2076 4378 ,

2181 3759 2365 3842 ctione
2401 3757 2502 3842 viri
2553 3772 2680 3842 cum
2725 3772 2896 3840 uxore
2944 3761 3491 3842 prOpagaretur;_lta
3544 3774 3788 3823 censent

2183 3829 2328 3904 inter
2367 3827 2506 3904 alios
2549 3827 2886 3904 Athanasius
2944 3827 3016 3904 in_
3047 3827 3197 3904 psal.
3221 3848 3306 3904 L_;
3345 3831 3787 3904 Chrysostomus

2186 3900 2336 3971 born.
2373 3897 2442 3971 i8
2474 3900 2529 3971 in
2564 3896 2740 3966 Gen.;
2774 3895 2936 3971 Nyss.
2980 3895 3064 3955 De
3086 3903 3214 3971 opif.
3261 3895 3402 3955 liam.
3455 3895 3595 3970 'Quia
3645 3920 3786 3959 vero

2188 3966 2332 4022 Deus
2373 3968 2650 4022 hominem
2687 3966 2907 4024 nonnisi
2944 3966 3182 4026 muliere
3218 3966 3494 4028 suadente
3517 3966 3785 4028 defectu-

2187 4052 2309 4111 rum
2355 4038 2648 4111 praescivit,
2686 4038 2930 4111 inquirat
2963 4041 3156 4104 lector,
3187 4043 3413 4111 quinam
3451 4042 3650 4098 isthaec
3684 4059 3784 4098 co-

2191 4108 2455 4180 haereant.
2481 4107 2648 4161 Plane
2671 4107 2928 4180 doctores
2977 4107 3356 4180 antiqui,cum
3413 4125 3443 4164 a
3478 4113 3647 4166 novis
3684 4114 3787 4168 do-

2188 4176 2383 4249 ctrinis
2418 4184 2697 4249 caverent,
2733 4176 3128 4248 majorumque'
3147 4182 3343 4249 placita
3391 4183 3783 4236 venerabundi

2187 4245 2846 4320 colligere_nt,dtodsva_ra',
2873 4255 2925 4302 et
2955 4245 3472 4320 secum'pugnantia
3515 4252 3786 4320 quando-

2189 4331 2296 4383 que
2329 4317 2708 4387 iscripserunt.
2752 4316 2819 4370 Ut
2863 4332 2997 4371 vero
3039 4318 3106 4373 de
3141 4316 3548 4387 conjunctione
3575 4322 3691 4375 viri
3728 4330 3783 4376 et

507 4387 824 4460 sulijung‘it:
853 4386 954 4442 Sed
977 4403 1068 4460 nec
1088 4389 1156 4440 ad
1181 4403 1316 4460 eam,
1335 4403 1491 4454 quam
1516 4385 1708 4440 uocant
1735 4385 2080 4460 conditiona-
2110 4404 2155 4459 ι)
2184 4386 2819 4460 u_xoris__i_ta_sentirent,_
2842 4387 2897 4440 in
2934 4388 3128 4460 primis
3166 4385 3390 4460 adducti
3421 4397 3552 4443 sunt
3571 4428 3590 4450 ,
3625 4392 3779 4460 quod

505 4454 646 4527 tam,
676 4454 952 4511 scientiam
1013 4459 1132 4512 licet
1167 4455 1756 4527 confugere,rtanquam
1795 4454 1938 4507 haud
1983 4454 2078 4508 ab-

505 4525 679 4595 solute
699 4527 938 4595 futurum
974 4528 1219 4595 affectum
1247 4525 1382 4580 hunc
1410 4526 1575 4579 animi
1612 4525 1907 4594 meritaque
1935 4539 2076 4595 prar-_

505 4593 885 4657 uiderit’Deus,
909 4593 1113 4650 sedita
1145 4597 1390 4660 demum,
1421 4597 1469 4649 si
1515 4593 1865 4648 necessariam
1919 4595 1988 4647 ad
2023 4593 2077 4646 id

505 4679 652 4732 opem
680 4666 911 4733 conferre
939 4666 1237 4720 decreverit.
1264 4665 1472 4719 Etenim
1516 4662 1924 4734 Chrysostomus
1945 4662 2078 4734 πρό·
2123 4672 2130 4678 ”

499 4748 721 4804 γνωσιν,
753 4735 1134 4800 ρνίεδείεηῑὶαηι
1154 4735 1433 4804 ejusmodi,
1458 4749 1522 4788 ea:
1544 4733 1848 4804 quaeritur
1866 4733 2077 4797 electio,

505 4800 806 4873 absolutam
835 4818 946 4856 esse
985 4800 1272 4871 signiﬁcat,
1303 4820 1364 4856 ac
1423 4804 1500 4858 rei
1533 4800 1703 4873 liaud_
1719 4803 1878 4873 aliter
1917 4818 2075 4873 quam

494 4871 775 4941 praesentis
803 4873 1203 4941 exsistentisque
1235 4873 1500 4936 notitiam,
1532 4881 1638 4928 etc.
1664 4871 1908 4926 Tandem
1930 4871 2074 4926 'con-

503 4937 679 5013 cludit
699 4957 722 5013 :A
747 4937 920 5010 Igitur
953 4937 1195 5013 absotuta
1221 4953 1296 4995 est
1324 4945 1428 4996 ista
1466 4942 1830 5013 cognitio,_cui
1857 4957 1938 4995 res
1952 4941 2077 5013 __ab-

503 5011 674 5082 solute
701 5011 906 5082 latura,
933 5021 981 5066 et
1020 5011 1177 5065 veluti
1210 5013 1330 5082 jam
1373 5009 1602 5081 prwséns
1646 5009 2074 5082 objiciturtﬂzec

501 5081 789 5149 confirmat
812 5080 1182 5137 Damascenus
1211 5079 1353 5136 infra
1374 5079 1479 5137 'lib.
1516 5097 1591 5149 tv,
1623 5097 1674 5136 c.
1705 5081 1802 5145 22,
1831 5088 1886 5136 et
1922 5079 2095 5149 Dial.-

501 5161 647 5204 cont.
697 5148 930 5205 Manio/1.
963 5152 1213 5208 Canones
1259 5147 1648 5207 Africanorttm
1689 5159 1884 5205 contra
1922 5147 2075 5204 Pela-

499 5221 692 5292 gianos
753 5221 1161 5292 amplectuntur
1225 5221 1532 5278 Orientales
1565 5259 1579 5285 ,
1614 5226 1672 5275 ut
1717 5219 1922 5292 ﬁdere
1988 5226 2074 5274 est

500 5288 626 5343 can.
653 5289 707 5362 2_
735 5288 926 5360 synodi
959 5291 1267 5362 Trullanae,
1300 5307 1401 5346 nec
1441 5305 1550 5362 non
1589 5288 1736 5362 apud
1787 5289 2072 5344 Balsamo-

500 5371 649 5422 nem,
673 5358 965 5426 Zonaram,
998 5360 1318 5425 Blastarem,
1352 5369 1406 5415 et
1435 5361 1594 5416 alios.

2182 4456 2324 4508 citra
2371 4454 2694 4524 libidinem,
2734 4456 2894 4523 cujus
2935 4454 3105 4511 Adam
3157 4458 3421 4512 immunis
3469 4454 3780 4524 eram—eam

2181 4539 2290 4577 non
2325 4538 2487 4596 posse
2519 4523 2636 4577 ﬁeri
2669 4533 2929 4592 putarent
2959 4526 3247 4596 :quinimo
3289 4536 3466 4580 ratum
3495 4523 3783 4583 baberent

2179 4594 2402 4647 nonnisi
2437 4601 2665 4662 peccato
2709 4610 2828 4648 eam
2857 4594 3152 4650 exarsisse.
3189 4595 3345 4652 Unde
3374 4597 3526 4651 inter
3552 4596 3782 4651 Massa-

2178 4663 2455 4736 lianorum
2493 4677 2717 4736 errores
2743 4664 3171 4736 bicirecitatur,
3204 4665 3343 4736 quod
3393 4666 3669 4719 Adamum
3717 4668 3781 4719 in

2174 4733 2429 4804 paradiso
2479 4732 2623 4804 nullo
2659 4733 2894 4789 libidinis
2934 4745 3068 4804 testu
3114 4732 3450 4804 congressum
3487 4736 3779 4790 dicerent.

2175 4800 2446 4873 Caeterum
2502 4801 2784 4873 Nyssenus
2833 4814 2888 4859 et
2940 4803 3141 4859 Noster
3195 4800 3509 4859 concedunt
3569 4805 3786 4861 modos

2175 4872 2316 4944 alios
2353 4873 2464 4926 Deo
2501 4871 2895 4944 nen'defuisse
2946 4875 3198 4928 humanae
3243 4873 3448 4944 speciei
3498 4875 3787 4941 multipli-

2175 4941 2385 5015 candge,
2400 4944 2445 4996 si
2468 4943 2807 5015 innocentia:_
2820 4952 3006 5015 status
3030 4941 3326 4998 mansisset
3348 4945 3539 5015 ;_velu_t
3564 4959 3786 5015 nempe

2175 5011 2495 5082 angelorum
2552 5011 2958 5082 multitudinem
3020 5015 3298 5082 produxit.
3359 5013 3440 5068 Ita
3503 5011 3785 5068 futurum

2176 5077 2346 5152 fuisse
2375 5081 2714 5152 Athanasius
2750 5080 2927 5137 Minor
2975 5077 3188 5147 cénset,
3219 5090 3418 5152 quaest.
3450 5082 3521 5138 50
3550 5085 3631 5138 ad
3670 5085 3786 5137 An-

2172 5149 2418 5225 tiochum
2439 5166 2452 5202 :
2475 5151 2760 5221 subiungit
2783 5155 2978 5225 tamen
3004 5149 3270 5222 quosdam
3293 5153 3594 5225 aestimare,
3632 5153 3785 5225 quod

2172 5234 2290 5272 cum
2324 5219 2464 5273 Deus
2520 5219 2722 5292 marem
2770 5219 3122 5292 ferninamque
3171 5223 3501 5292 condiderit,
3533 5219 3674 5278 hinc
3722 5224 3788 5277 ιι-

2171 5297 2328 5356 queat
2377 5303 2496 5341 eum
2535 5291 2762 5360 uoluisse
2785 5291 2874 5344 διὰ
2928 5291 3399 5360 σπερματοποιῖας
3421 5332 3435 5355 ,
3463 5291 3784 5345 humanum

2171 5373 2332 5424 genus
2372 5358 2673 5425 constitui,
2715 5377 2875 5431 neque
2916 5361 2970 5431 id
3017 5358 3136 5430 ﬁeri
3189 5362 3279 5414 διὰ
3319 5363 3641 5431 παρακοῆς,
3683 5375 3787 5429 per

573 5427 682 5496 (99)
723 5430 910 5497 Εἰδὼς
954 5430 1022 5484 δὲ
1051 5434 1084 5485 ό
1118 5430 1528 5501 προγνώστῃς.
1574 5428 1840 5496 Quoniam
1888 5434 2068 5481 autem

2191 5437 2444 5501 ieccatum
2473 5466 2488 5492 ,
2514 5445 2606 5482 seu
2634 5427 3053 5501 cunr'tibidine',
3087 5431 3180 5486 sed
3223 5447 3340 5486 cum
3379 5427 3601 5486 Iionore.
3656 5427 3785 5486 Hoc

500 5493 673 5557 Deus,
693 5508 798 5552 etc.
823 5493 1123 5556 Commune
1157 5493 1271 5556 'hoc
1297 5509 1383 5556 est
1421 5493 1739 5554 Graecorum
1772 5504 2068 5560 assertum,

504 5562 670 5638 _l)eum
731 5566 936 5623 idcirco
988 5571 1271 5626 mulierem
1313 5568 1668 5635 condidisse,
1717 5571 1844 5638 quia
1894 5582 2070 5637 genus

501 5633 817 5710 humanum,
835 5638 1036 5710 inflicta
1069 5651 1288 5710 propter
1313 5639 1520 5710 Adami
1549 5633 1829 5710 peccatum
1860 5633 2065 5710 morte,

501 5704 906 5773 quamprimum
939 5704 1186 5764 deletum'
1215 5710 1281 5763 iri
1327 5704 1670 5775 prazviderat,
1703 5707 1805 5763 nisi
1834 5707 2068 5777 c0njun-

2171 5499 2452 5583 approbat.
2469 5508 2698 5583 sanctus
2719 5498 2959 5583 T‘homas
2985 5515 3001 5554 ι
3033 5508 3190 5583 part.
3208 5511 3405 5583 quaest.
3439 5501 3527 5564 98,
3548 5501 3741 5583 ιιι-ιβ
3766 5515 3782 5564 ;

2171 5567 2539 5650 imo_Marius_
2569 5568 2842 5650 Mercator
2898 5571 2953 5650 in
2993 5567 3484 5650 subnotat-mnibus
3536 5571 3616 5650 ad
3670 5569 3785 5625 Ju—

2171 5635 2303 5690 liani
2337 5636 2599 5705 capitula,
2629 5647 2684 5693 et
2710 5639 3073 5710 Augustinus,
3105 5641 3202 5698 lib.
3235 5639 3313 5696 De
3354 5649 3503 5708 nupt.
3534 5649 3590 5694 et
3639 5657 3787 5696 con-

2171 5721 2291 5776 cup.
2325 5720 2446 5778 cap.
2491 5705 2578 5777 i5,
2606 5715 2656 5763 el
2687 5709 2842 5766 alibi.

2170 5721 2291 5776 cup.
2325 5721 2446 5777 cap.
2491 5721 2578 5777 ιο,
2606 5721 2656 5763 el
2687 5721 2842 5766 aunt.
