4116 6150
383 310 492 376 977

1441 309 1540 368 DE
1573 308 1747 368 FIDE
1776 305 2239 367 ORTHODOXA
2268 307 2416 366 LIB.
2443 307 2524 366 II.

3521 310 3628 373 978

374 423 456 495 τῷ
477 421 719 492 αίσθητῷ
744 437 756 451 ”
787 420 846 473 ὲν
876 419 975 490 μὲν
1000 417 1110 489 γάρ
1133 417 1211 489 τῷ
1252 418 1494 490 αἰσθητῷ
1524 420 1615 473 ἐπὶ
1636 419 1739 488 γῆς
1767 429 1794 456 ιι
1831 434 1937 470 σω-

2056 430 2202 486 ιιιεηι
2226 433 2492 488 corporeo
2513 421 2840 477 collocarat:
2863 421 3130 491 siquidem
3157 422 3210 476 in
3236 436 3521 491 corporeo,
3538 426 3630 492 qui

380 511 627 584 ματικῶς
681 509 1058 580 διαιτώμενος,
1089 508 1340 579 ψυχικῶς
1381 511 1495 572 τοῖς
1544 508 1800 578 ἀγγέλοις
1827 525 1954 589 συν-

377 602 762 672 ανεστρέφετο,
823 600 976 664 θείας
1003 600 1266 672 γεωργῶν
1306 600 1536 662 ἐννοίας,
1591 600 1687 652 καὶ
1727 599 1956 663 ταύταις

377 693 710 764 τρεφόμενος
734 709 750 722 ο
779 690 983 762 γυμνὸς
1005 693 1072 762 τῇ
1100 691 1382 760 ἁπλότητι,
1405 690 1498 742 καὶ
1515 689 1625 760 ζωῇ
1649 692 1714 760 τῇ
1735 691 1949 759 ἀτέχνῳ

378 784 514 856 πρὸς
539 782 700 852 μόνον
721 783 811 837 τὸν
837 781 1180 852 Δημιουργδν
1199 780 1295 834 διά
1341 779 1450 834 τῶν
1480 780 1800 849 κτισμάτων
1825 782 1959 835 ἀνα-

377 875 632 944 γόμενος,
652 873 751 928 καὶ
789 875 851 942 τῇ
878 873 1045 926 αὐτοῦ
1071 872 1276 944 θεωρίᾳ
1301 870 1692 942 ὲνηδυνόμενός
1726 887 1810 936 τε,
1861 870 1956 924 καὶ

379 965 814 1036 εὐφραινόμενος
844 980 887 1018 ο.

465 1054 684 1126 Ἐπειδὴ
707 1053 888 1108 τοίνυν
925 1053 1089 1108 αὑτὸν
1119 1053 1453 1125 αύτεξουσίῳ
1496 1055 1764 1128 θελήματι
1799 1072 1956 1125 φυσι-

382 1146 492 1210 κῶς
517 1145 920 1216 κατεκόσμησε,
954 1145 1138 1199 δίδωσι
1169 1147 1330 1216 νόμον
1363 1147 1532 1218 αὐτῷ.
1559 1149 1633 1220 μὴ
1654 1146 1954 1217 γεύσασθαι

379 1235 477 1290 τοῦ
507 1235 666 1302 ξύλου
705 1235 805 1304 τῆς
843 1233 1120 1302 γνώσεως.
1167 1235 1303 1306 Περὶ
1330 1230 1390 1290 οὗ
1458 1235 1616 1300 ξύλου
1663 1237 1955 1307 αύταρκῶς

380 1329 441 1381 ὲν
454 1326 534 1397 τῷ
560 1327 689 1396 περὶ
715 1324 1050 1396 παραδείσου
1089 1325 1388 1396 κεφαλαίῳ,
1433 1325 1576 1378 κατά
1601 1341 1665 1393 γε
1695 1327 1794 1398 τὴν
1817 1329 1954 1396 ήμε-

381 1417 553 1488 τέραν
576 1419 622 1468 εί
631 1417 880 1488 ρήκαμεν
903 1415 1154 1485 δύναμιν.
1187 1415 1404 1486 Ταύτην
1438 1416 1538 1486 τὴν
1562 1416 1781 1486 ἐντολὴν
1806 1417 1955 1488 αὐτῷ

381 1507 618 1568 δίδωσιν,
640 1505 1130 1574 ἐπαγγειλάμενος,
1183 1505 1259 1569 ὡς
1308 1507 1357 1558 εί
1394 1506 1494 1575 μὲν
1516 1506 1742 1577 φυλάξοι
1772 1507 1831 1559 τὸ
1857 1508 1956 1577 τῆς

381 1595 560 1666 ψυχῆς
606 1593 844 1665 ἀξίωμα,
910 1593 986 1665 τῷ
1027 1595 1173 1666 λόγῳ
1230 1595 1328 1666 τὴν
1371 1596 1527 1666 νίκην
1591 1597 1786 1659 διδοὺς,
1834 1597 1955 1648 ὲπι-

393 1684 682 1754 γινώσκων
742 1683 836 1739 τὸν
857 1685 1141 1750 κτίσαντα,
1195 1686 1291 1739 καὶ
1345 1687 1539 1740 τούτου
1575 1686 1862 1756 φυλάττων
1892 1687 1954 1739 τὸ

2059 510 2113 563 in
2145 518 2291 565 terra
2316 520 2453 578 erat,
2509 521 2774 583 quantum
2811 513 2878 568 ad
2909 528 3108 583 corpus
3132 514 3360 582 degens,
3415 515 3634 582 spirita-

2058 599 2182 653 liter
2219 615 2342 654 cum
2383 603 2592 672 angelis
2624 605 2972 668 versabatur,
3013 604 3228 659 divinas
3260 606 3626 674 cogitationes

2056 691 2335 754 excoleris,
2369 693 2572 762 quibus
2589 695 2836 750 alebatur
2860 714 2873 749 :
2901 695 3084 750 nudus
3110 697 3181 750 ob
3203 696 3633 764 simplicitatem,

2055 781 2335 854 vitamque
2385 786 2612 840 minime
2642 785 2900 852 fucatam,
2939 795 3103 857 atque
3131 787 3196 840 ad
3257 787 3434 842 solum
3479 801 3642 839 crea-

2055 877 2227 926 torem
2254 885 2352 941 per
2374 887 2461 928 res
2495 873 2565 928 ab
2587 888 2652 928 eo
2676 873 2928 929 conditas
2949 890 3264 944 assurgens,
3297 875 3472 944 ipsius
3503 891 3636 929 cnn-

2057 961 2425 1028 templationis
2454 961 2732 1031 voluptate
2756 962 3157 1032 iucundissime
3184 963 3492 1017 fruebatur.

2130 1051 2372 1108 Hominis
2397 1054 2450 1107 in
2481 1039 2738 1121 paradiso
2781 1064 2952 1108 status
2981 1063 3030 1109 et
3060 1057 3238 1110 ruina.
3267 1085 3338 1095 -—
3368 1054 3634 1122 Quoniam

2057 1144 2239 1215 itaque
2268 1144 2411 1200 Deus
2439 1161 2587 1212 eum,
2619 1155 2886 1215 quantum
2920 1146 2986 1200 ad
3015 1155 3266 1200 naturam
3298 1147 3372 1200 ita
3401 1161 3638 1201 exorna»

2056 1248 2229 1303 verat,
2263 1244 2322 1290 ut
2369 1237 2541 1291 libera
2579 1237 2862 1292 voluntate
2914 1238 3174 1308 prteditus
3205 1247 3372 1303 esset,
3421 1238 3563 1291 hanc
3586 1237 3637 1291 ei

2057 1326 2226 1395 legem
2251 1327 2455 1388 sanxit,
2484 1342 2551 1381 ne
2578 1327 2647 1382 de
2684 1327 2933 1382 scientia:
2967 1328 3111 1398 ligno
3145 1335 3424 1393 gustaret:
3446 1328 3510 1381 de
3530 1342 3637 1396 quo

2056 1417 2280 1484 quidem
2341 1415 2490 1485 ligno
2522 1417 2576 1470 in
2621 1417 2800 1486 capite
2867 1417 2934 1470 de
2968 1417 3224 1486 paradiso
3276 1431 3372 1486 pro
3416 1415 3638 1469 modulo

2057 1517 2245 1560 nostro
2275 1507 2408 1561 satis
2445 1507 2719 1561 diximus:
2753 1508 2854 1560 hoc
2887 1522 3050 1575 porro
3078 1508 3392 1561 mandatum
3425 1506 3474 1560 ei
3501 1522 3641 1574 pra:-

2058 1598 2349 1653 scribendo
2380 1599 2657 1667 pollicitus
2685 1608 2773 1652 est
2796 1597 2930 1662 lore,
2950 1607 3009 1651 ut
3031 1599 3076 1651 si
3103 1601 3296 1652 animae
3316 1597 3637 1665 dignitatem

2059 1691 2131 1743 ita
2181 1689 2529 1752 custodisset,
2566 1696 2623 1742 ut
2655 1688 2937 1742 victoriam
2974 1689 3177 1742 rationi
3213 1689 3558 1748 conciliaret.
3585 1696 3642 1741 et

385 1777 736 1850 πρόσταγμα,
767 1777 868 1846 τῆς
895 1777 1064 1831 ἀϊδίου
1104 1777 1319 1847 μεθέξει
1372 1780 1798 1850 μακαριότητος,
1851 1783 1946 1834 καὶ

2056 1781 2236 1852 agnito
2265 1779 2552 1844 Creatore,
2575 1787 2904 1850 praeceptum
2929 1779 3049 1848 ejus
3079 1780 3419 1846 observaret,
3437 1788 3636 1834 aeterna

385 1866 611 1939 ζήσεται
641 1869 720 1931 είς
756 1867 850 1921 τὸν
877 1866 1068 1932 αἰῶνα,
1102 1869 1366 1938 κρείττων
1385 1869 1614 1925 θανάτου
1638 1874 1948 1942 γενόμενος·

385 1959 436 2010 εί
467 1957 524 2010 δέ
547 1975 608 2026 γε
633 1959 727 2012 καὶ
763 1959 862 2029 τὴν
887 1959 1069 2028 ψυχὴν
1100 1959 1360 2026 ὑποτάξει
1406 1960 1485 2031 τῷ
1514 1961 1750 2031 σώματι,
1778 1965 1869 2016 καὶ
1887 1963 1957 2016 τὰ

386 2047 480 2102 τοῦ
514 2047 765 2126 σωματος
796 2052 1130 2122 προτιμήσει
1155 2051 1388 2122 τερπνὰ,
1423 2052 1521 2124 τὴν
1552 2054 1762 2107 οίκείαν
1789 2053 1957 2125 τιμὴν

385 2138 684 2208 ἀγνοήσας,
718 2139 814 2192 καὶ
842 2142 953 2202 τοῖς
989 2141 1242 2211 ἀνοήτοις
1277 2143 1673 2212 παρεικασθεὶς
1711 2145 1953 2216 κτήνεσι,

386 2225 482 2279 τοῦ
513 2227 876 2298 πεποιηκότος
909 2227 1007 2298 τὴν
1033 2229 1266 2299 ζεύγλην
1293 2231 1747 2302 ἀποσεισάμενος,
1779 2235 1874 2288 καὶ
1897 2233 1957 2286 τὸ

387 2315 532 2370 θεῖον
552 2317 718 2371 αὑτοῦ
752 2317 998 2387 παριδὼν
1025 2319 1328 2390 ἐπίταγμα,
1367 2321 1582 2391 Θανάτῳ
1615 2321 1765 2376 ἔσται
1793 2324 1959 2399 ὑπεύ-

389 2407 566 2471 θυνος,
596 2407 690 2462 καὶ
716 2407 912 2481 φθορᾷ,
955 2409 1052 2464 καὶ
1085 2410 1232 2482 πόνῳ
1287 2410 1824 2485 καθυποόληθήσεται
1866 2415 1958 2469 τὸν

387 2498 736 2566 ταλαίπωρον
763 2499 939 2554 ἕλκων
972 2501 1108 2571 βίον.
1151 2501 1226 2556 Οὐ
1261 2501 1369 2574 γάρ
1394 2499 1460 2574 ἦν
1503 2503 1774 2568 λυσιτελὲς
1798 2507 1955 2560 ἀπεί-

393 2606 588 2659 ραστον
625 2590 706 2644 ἔτι
739 2593 1096 2662 τυγχάνοντα,
1122 2594 1217 2650 καὶ
1245 2593 1506 2665 ἀδόκιμον
1538 2606 1586 2661 Ρ,
1610 2597 1712 2667 τῆς
1741 2597 1957 2670 ἀφθαρ-

391 2679 515 2742 σίας
549 2684 756 2750 τυχεῖν,
805 2682 894 2735 ίνα
933 2683 1009 2754 μὴ
1034 2686 1114 2747 είς
1155 2683 1327 2754 τῦφον
1371 2687 1589 2760 ἐμπέσῃ
1643 2688 1738 2741 καί⁵
1781 2692 1956 2761 κρῖμα

388 2768 483 2821 τοῦ
531 2770 817 2824 διαϐόλουο
877 2774 1086 2840 ἐκεῖνος
1116 2776 1224 2846 γάρ
1273 2777 1360 2831 διά
1383 2778 1444 2832 τὸ
1487 2779 1786 2849 ἄφθαρτον,
1817 2782 1956 2852 μετὰ

389 2860 488 2932 τὴν
535 2863 601 2916 ἐκ
651 2863 1022 2934 προαιρέσεως
1075 2865 1368 2935 ἔκπτωσιν,
1430 2870 1532 2940 τὴν
1585 2873 1644 2925 έν
1687 2872 1765 2942 τῷ
1801 2873 1956 2943 κακῷ

391 2952 804 3036 ἀμεταμέλητον
825 2953 972 3024 ἔσχε,
1002 2957 1097 3009 καὶ
1114 2957 1382 3028 ἄτρεπτον
1399 2962 1703 3032 παγιότητα
1726 2981 1740 2995 ο
1769 2963 1953 3036 ὥσπερ

392 3035 459 3092 αὖ
494 3040 656 3094 πάλιν
673 3042 766 3095 καὶ
793 3043 843 3095 oi
876 3044 1122 3114 ἄγγελοι,
1158 3049 1296 3119 μετά
1331 3051 1429 3121 τὴν
1480 3054 1544 3106 ὲκ
1582 3035 1953 3126 προαιρέσεως

2055 1871 2393 1928 beatitudine
2437 1871 2733 1934 frueretur,
2770 1880 3056 1940 morteque
3083 1870 3334 1939 superior
3378 1869 3635 1933 evadens,

2053 1965 2108 2018 in
2138 1979 2300 2018 omne
2335 1978 2509 2017 aevum
2542 1963 2749 2018 viveret
2783 1978 2798 2016 :
2838 1963 2922 2017 sin
2958 1971 3140 2015 autem
3175 1962 3441 2016 honorem
3474 1975 3636 2014 suum

2057 2054 2237 2108 minus
2259 2053 2592 2122 intelligens,
2649 2067 2713 2105 ac
2748 2051 3012 2122 iumentis
3049 2051 3439 2120 insipientibus
3485 2065 3636 2105 com-

2056 2150 2280 2212 paratus
2303 2142 2368 2208 ",
2397 2155 2630 2198 excusso
2647 2139 2961 2195 Conditoris
2996 2139 3147 2210 iugo,
3177 2139 3638 2206 sanctissimeque

2057 2231 2430 2303 ipsiusedicto
2470 2232 2738 2302 neglecto,
2768 2230 3009 2284 animum
3082 2230 3304 2298 corpori
3358 2229 3634 2288 subderct.

2057 2324 2418 2394 corporisque
2439 2323 2748 2392 voluptates
2795 2320 3041 2392 potiores
3091 2321 3336 2385 haberet,
3389 2321 3554 2373 morti
3583 2329 3639 2373 et

2057 2415 2401 2486 corruptioni
2469 2414 2623 2469 ﬁeret
2682 2412 2993 2477 obnoxius,
3048 2412 3412 2480 miseramque
3469 2411 3636 2465 vitam

2057 2507 2304 2570 trahens,
2331 2505 2620 2562 laborandi
2639 2504 2952 2560 necessitati
2977 2503 3344 2573 subjiceretur
3364 2504 3428 2556 “’.
3453 2502 3642 2573 Neque

2057 2598 2203 2653 enim
2256 2599 2331 2652 illi
2369 2605 2575 2653 tentato
2606 2596 2884 2662 nondum,
2916 2609 3016 2650 nec
3046 2595 3332 2666 explorato
3362 2594 3640 2648 immorta-

2057 2690 2266 2744 litatem
2297 2688 2529 2760 adipisci
2564 2687 2931 2752 conducebat,
2965 2702 3033 2742 ne
3063 2685 3120 2740 in
3173 2685 3514 2756 superbiam.
3553 2686 3640 2740 in-

2057 2796 2163 2852 que
2197 2779 2399 2834 diaboli
2426 2779 2692 2849 judicium
2740 2777 3029 2832 incideret.
3060 2777 3194 2830 Nam
3231 2777 3653 2838 immortalitas...

2058 2871 2276 2943 quaille
2315 2871 2580 2942 praeditus
2613 2878 2752 2935 erat,
2795 2868 2999 2936 eﬂ'ecit,
3031 2875 3092 2922 ut
3138 2875 3434 2938 postquam
3464 2868 3638 2923 libera

2059 2963 2342 3016 voluntate
2401 2963 2591 3032 lapsus
2639 2969 2765 3025 est,
2809 2959 3204 3014 immutabilem
3254 2957 3536 3029 deinceps.
3587 2966 3652 3012 et

2063 3051 2395 3124 paenitentia:
2421 3060 2699 3121 expertem
2731 3051 2787 3106 in
2820 3050 2963 3104 malo
2986 3049 3298 3104 ﬁrmitatem
3348 3048 3640 3112 habuerit;

389 3130 489 3200 τῆς
517 3131 720 3203 ἀρετῆς
750 3133 1002 3206 ἐκλογὴν,
1042 3136 1142 3206 τὴν
1169 3140 1228 3193 ὲν
1259 3139 1335 3211 τῷ
1367 3141 1516 3213 καλῷ
1543 3143 1632 3198 διὰ
1664 3145 1762 3216 τῆς
1790 3146 1949 3217 χάρι-

2059 3144 2520 3216 quemadmodum
2579 3158 2773 3199 rursus
2833 3141 3008 3212 angeli
3071 3150 3196 3210 post
3274 3140 3657 3195 voluntariam.

388 3237 479 3284 τος
503 3223 902 3298 ἀμετακίνητον
933 3227 1164 3300 ἵδρυσιν.

463 3495 612 3549 Ἔδει
650 3499 830 3553 τοίνυν
858 3502 1123 3574 πρότερον
1180 3505 1579 3576 δοκιμασθέντα
1607 3508 1699 3562 τὸν
1750 3510 1960 3582 ἄνθρω-

390 3601 492 3638 πον
512 3601 528 3618 ο
551 3587 690 3658 ἀνὴρ
718 3588 827 3658 γάρ
861 3591 1214 3662 ἀπείραστος,
1241 3595 1519 3668 ἀδόκιμος,
1554 3599 1771 3664 οὐδενὸς
1795 3601 1955 3670 λόγου

390 3676 540 3742 ἀξιος
566 3689 624 3728 ιι·
660 3681 756 3734 καὶ
776 3683 843 3752 τῇ
871 3684 1039 3755 πείρᾳ
1086 3685 1172 3738 διὰ
1207 3686 1306 3756 τῆς
1337 3690 1622 3759 τηρήσεως
1665 3692 1767 3761 τῆς
1817 3694 1958 3746 ἐντο-

388 3765 488 3837 λῆς
513 3769 893 3837 τελειωθέντα,
921 3773 1065 3828 οῦτω
1107 3775 1207 3848 τὴν
1243 3777 1573 3850 ἀφθαρσίαν,
1630 3782 1830 3853 ἀρετῆς
1866 3800 1957 3836 κο-

393 3859 652 3929 μίσασθαι
679 3861 928 3918 ἔπαθλον.
985 3866 1164 3930 Μέσος
1193 3869 1302 3940 γάρ
1331 3871 1464 3924 Θεοῦ
1521 3873 1616 3927 καί
1643 3873 1776 3944 ὕλης
1801 3875 1956 3943 γενύ-

392 3965 574 4017 μενος,
601 3951 692 4006 διὰ
723 3954 823 4024 μὲν
846 3955 944 4026 τῆς
973 3959 1257 4028 τηρήσεως
1285 3961 1384 4032 τῆς
1409 3963 1653 4034 ἐντολῆς,
1692 3966 1832 4036 μετὰ
1856 3967 1956 4038 τὴν

389 4040 709 4114 ἀπαλλαγὴν
736 4045 834 4113 τῆς
862 4045 1000 4116 πρὸς
1020 4047 1090 4100 τά
1118 4048 1246 4103 ὄντα
1267 4053 1501 4123 φυσικῆς
1525 4055 1785 4122 σχέσεως,
1818 4058 1955 4112 ένω-

389 4129 504 4196 θεὶς
532 4133 609 4202 τῷ
635 4134 755 4205 Θεῷ
775 4135 896 4188 καθ’
924 4135 1059 4202 ἕξιν,
1093 4138 1192 4209 τήν
1208 4142 1336 4210 περὶ⁹
1367 4141 1428 4194 τὸ
1460 4143 1622 4196 καλὸν
1650 4148 1955 4218 παγιότητα

389 4221 688 4291 λαμὸάνειν
725 4226 1127 4298 ἀμετακίνητον
1153 4229 1345 4300 ἔμελλε
1367 4248 1381 4262 ·
1415 4232 1501 4286 διά
1523 4234 1580 4288 δὲ
1618 4236 1718 4307 τῆς
1778 4256 1956 4308 παρα-

375 4310 605 4378 ⁴ϐάσεως
664 4317 801 4388 πρὸς
847 4320 946 4388 τὴν
1005 4319 1138 4390 ὓλην
1192 4323 1396 4392 μᾶλλον
1436 4325 1699 4396 κινηθεὶς,
1727 4330 1955 4402 καὶτῆς

391 4405 555 4461 αὐτοῦ
623 4408 821 4474 αίτίας,
851 4410 945 4465 τοῦ
971 4412 1108 4466 Θεοῦ
1140 4415 1304 4485 φημὶ,
1329 4417 1653 4484 ἀποσπάσας
1679 4421 1771 4474 τὸν
1807 4422 1951 4489 νοῦν,

389 4498 457 4566 τῇ
491 4497 666 4569 φθορᾷ
693 4503 1189 4571 προσοικειοῦσθαι,
1235 4508 1327 4562 καὶ
1366 4509 1608 4581 παθητὸς
1655 4513 1778 4567 ἀντὶ
1807 4515 1956 4568 ἀπα-

391 4584 540 4651 θοῦς,
576 4591 672 4644 καὶ⁹
693 4591 884 4664 θνητὸς
927 4595 1048 4649 ἀντὶ
1101 4598 1371 4654 ἀθανάτου
1409 4603 1676 4670 γίνεσθαι,
1711 4607 1805 4659 καὶ
1831 4624 1957 4662 συν-

389 4675 655 4748 δυασμοῦ,
697 4683 793 4736 καὶ
844 4686 1077 4756 ῥευστῆς
1125 4693 1432 4762 γεννήσεως
1483 4696 1815 4762 ἐπιδέεσθαι,
1862 4701 1957 4754 καὶ

387 4770 456 4840 τῇ
484 4769 668 4839 έφέσει
697 4775 800 4844 τῆς
838 4773 1003 4846 ζωῆς,
1039 4778 1147 4832 τῶν
1175 4782 1274 4850 μὲν
1297 4783 1489 4853 ἡδέων,
1531 4787 1607 4850 ὡς
1641 4788 1800 4858 δῆθεν
1823 4791 1952 4844 ταύ-

2060 3234 2278 3290 virtutis
2311 3233 2632 3289 electionem
2675 3231 2860 3288 divina
2903 3230 3076 3300 gratia
3117 3231 3173 3284 in
3223 3230 3370 3284 bono
3421 3228 3494 3281 ita
3545 3227 3636 3279 ﬁxi

2059 3323 2397 3394 stabilitique
2425 3330 2576 3392 sunt,
2612 3329 2672 3378 ut
2693 3322 2762 3378 ab
2789 3337 2854 3378 eo
2892 3320 3208 3377 nullatenus
3240 3319 3354 3389 jam
3377 3316 3636 3371 dimoveri

2059 3423 2280 3485 queant.

2129 3505 2366 3574 Injuncti
2386 3506 2591 3560 Adamo
2611 3506 2856 3575 pra'cepli
2885 3520 3070 3558 causa.
3092 3531 3160 3543 —-
3179 3500 3328 3571 Optts
3345 3508 3462 3554 erat
3479 3499 3642 3568 igitur

2059 3606 2118 3652 ut
2143 3597 2306 3652 homo
2325 3599 2558 3668 primum
2581 3599 2976 3668 exploraretur,
2994 3595 3120 3664 quia
3147 3594 3232 3648 vir
3252 3608 3358 3648 non
3384 3591 3640 3661 probatus

2057 3706 2156 3746 nec
2185 3699 2445 3754 tentatus,
2481 3689 2687 3744 nullius
2724 3690 2987 3759 pretiiest
3037 3690 3122 3754 ¹⁶;
3162 3700 3373 3756 suoque
3421 3685 3646 3754 expert.

2061 3790 2248 3837 mento
2292 3795 2388 3850 per
2432 3781 2686 3850 praecepti
2728 3779 3162 3836 observationem
3206 3775 3480 3847 perfectus
3511 3788 3643 3827 eva-

2055 3872 2211 3935 dens,
2245 3871 2323 3926 sic
2356 3871 2572 3926 demum
2616 3885 2715 3940 pro
2751 3869 2970 3924 virtutis
3007 3867 3226 3938 prtemio
3260 3862 3642 3920 immortalita-

2055 3969 2162 4016 tem
2194 3969 2640 4031 consequeretur.
2685 3958 2821 4012 Nam
2853 3973 2975 4013 cum
3035 3955 3204 4011 Deum
3264 3954 3425 4017 inter,
3476 3959 3642 4014 mate-

2056 4052 2303 4121 riamque
2343 4051 2520 4106 media
2553 4042 3048 4120 quadam'ratione
3091 4045 3424 4100 constitutus
3472 4053 3639 4101 esset.

2055 4146 2130 4199 ita
2153 4153 2499 4217 comparatus
2522 4153 2660 4210 erat,
2684 4155 2762 4208 ut,
2783 4145 2828 4200 si
2853 4144 3071 4214 quidem
3095 4141 3350 4196 mandato
3368 4137 3639 4207 paruisset

2055 4237 2243 4292 relicta
2276 4238 2512 4292 naturali
2562 4253 2659 4292 sua
2693 4252 2820 4307 erga
2849 4251 2936 4291 res
2969 4242 3182 4289 creatas
3211 4227 3636 4286 necessitudine,

2057 4327 2164 4384 Deo
2208 4330 2518 4384 arctissima
2551 4327 2833 4384 affectione
2869 4325 3175 4394 copulatus,
3211 4318 3542 4374 immobilem
3585 4317 3657 4370 itt.

2056 4419 2203 4473 bono
2233 4419 2541 4473 ﬁrmitatem
2587 4425 2908 4485 accepturus
2941 4420 3084 4468 esset
3116 4430 3128 4464 :
3163 4411 3248 4466 sin
3304 4417 3508 4470 autem,
3555 4408 3640 4460 di-

2060 4509 2184 4562 vina
2208 4509 2323 4578 lege
2359 4509 2574 4572 violata,
2612 4509 2666 4562 in
2699 4522 2786 4561 res
2835 4505 3072 4558 materiae
3122 4502 3413 4556 immersas
3455 4498 3640 4568 prola-

2055 4615 2209 4669 psus,
2242 4609 2478 4655 mentem
2501 4615 2531 4654 a
2559 4599 2668 4654 Deo
2697 4606 2922 4652 auctore
2950 4611 3050 4651 suo
3067 4591 3447 4653 abstraxisset,
3475 4588 3656 4664 202-

2053 4691 2458 4760 corruptionem
2524 4689 2628 4744 sibi
2683 4692 3012 4751 accerseret,
3075 4683 3361 4750 factusque
3404 4692 3502 4749 pro
3534 4678 3638 4730 im-

2053 4782 2296 4852 passibili
2338 4781 2638 4852 passibilis,
2665 4791 2718 4835 et
2747 4795 2846 4850 pro
2871 4776 3166 4834 immortali
3204 4772 3472 4834 mortalis,
3501 4784 3636 4823 con-

388 4875 492 4928 την
512 4863 904 4930 συνιστώντων,
947 4867 1266 4940 ἀντέχεσθαι
1285 4889 1298 4904 ο
1346 4875 1481 4941 πρὸς
1510 4875 1567 4928 δὲ
1600 4878 1725 4940 τοὺς
1747 4878 1954 4933 τούτων

2056 4873 2200 4944 iugio
2228 4873 2481 4943 ﬂuxaque
2507 4872 2856 4942 generatione
2879 4885 3015 4940 opus
3044 4868 3269 4924 haberet
3293 4883 3307 4930 ;
3331 4879 3439 4935 quo
3467 4861 3634 4920 ﬁeret.

391 4954 880 5025 προμηθουμένους
903 4958 1000 5028 τὴν
1025 4961 1282 5032 στέρησιν
1314 4965 1484 5029 ἀδεῶς
1513 4968 1916 5037 ἀπεχθάνεσθαι
1935 4988 1949 5001 ο

389 5041 488 5130 καὶ
514 5041 613 5114 τὴν
639 5045 740 5114 μὲν
786 5046 972 5116 ἔφεσιν
1025 5050 1089 5103 ὲκ
1114 5050 1250 5105 Θεοῦ
1281 5055 1419 5125 πρὸς
1468 5056 1568 5127 τὴν
1600 5058 1754 5130 ῦλην,
1786 5062 1879 5115 τὸν
1899 5061 1956 5115 δὲ

392 5126 583 5199 θυμὸν,
614 5133 680 5186 έκ
715 5133 810 5188 τοῦ
848 5138 948 5208 τῆς
975 5139 1248 5211 σωτηρίας
1281 5143 1452 5208 ὅντως
1481 5126 1947 5219 ἐχθροῦ-μεταφέ-

2057 4972 2114 5018 ut
2143 4965 2213 5022 ob
2251 4967 2376 5019 vitae
2407 4962 2760 5027 desiderium,
2819 4961 3160 5016 delectabilia
3217 4956 3458 5027 quidem,
3493 4953 3639 5005 velut

2056 5070 2175 5110 eam
2220 5055 2428 5112 tuentis
2463 5055 2888 5124 amplexaretur,
2927 5067 3023 5107 eos
3051 5063 3183 5106 vero
3237 5047 3329 5118 qui
3362 5047 3476 5099 haec
3531 5039 3634 5095 sibi

2055 5150 2268 5220 eripere
2323 5148 2624 5214 studerent,
2689 5144 2954 5217 pertinaci
3007 5142 3134 5198 odio
3168 5139 3392 5194 haberet
3427 5151 3442 5200 ;
3474 5141 3636 5200 atque

466 5302 510 5335 “
537 5302 895 5375 Psai.xt.vnt,
942 5311 1027 5368 l5.
1109 5314 1152 5346 ⁸⁸
1184 5315 1201 5369 l
1232 5314 1372 5372 Tim.
1405 5321 1563 5385 ttt,8.
1646 5321 1689 5355 “
1729 5324 1916 5379 Eccle.
1975 5341 2163 5392 xxxiv,
2202 5329 2288 5382 ll.

1660 5474 1896 5532 VARUE
1938 5477 2232 5536 LECTION
2243 5480 2346 5535 ES.

460 5605 487 5684 τι
521 5596 663 5684 ﬁdit.
698 5601 900 5684 Ycron.
935 5603 1110 5684 iigéﬁl-
1141 5607 1263 5676 γῆς.
1313 5617 1365 5684 _°
1391 5610 1587 5684 Noster
1609 5613 2023 5684 σεμνυνόμενος.
2106 5625 2130 5664 ιι
2158 5615 2222 5667 R.
2251 5615 2285 5666 ε).
2310 5614 2698 5684 ἀδοκίμαστον).
2777 5621 2802 5660 τι
2827 5607 3176 5663 l’arcntltesis
3219 5607 3320 5663 ista
3384 5605 3532 5659 abest
3578 5603 3632 5654 in

387 5671 649 5729 omnibus
696 5672 863 5730 ferme
894 5671 1285 5753 codicibus,:et
1312 5679 1366 5736 itt
1398 5671 1856 5742 translationibus
1891 5671 2194 5755 Burgundii
2221 5694 2273 5740 et
2306 5671 2486 5740 Fabri:
