4116 6150
415 251 514 320 981

1448 259 1542 322 DE
1567 261 1745 322 FIDE
1784 261 2249 325 ORTHODOXA
2287 266 2432 326 LIB.
2477 268 2590 327 IlI.
3559 266 3668 330 982

1520 600 1882 690 LIBER
1975 601 2537 692 TERTIUS.

910 969 1159 1023 ΚΕΦΑΛ.
1207 971 1262 1022 A’
1308 968 1494 1041 [ME'].

2759 962 2910 1018 CAP.
2957 964 2994 1019 1.

2013 1011 2060 1064 Α

409 1107 545 1175 Περὶ
579 1106 688 1175 τῆς
729 1107 893 1175 θείας
953 1105 1317 1172 οἰκονομίας,
1363 1107 1461 1175 καί
1513 1106 1646 1174 περὶ
1689 1105 1799 1173 τῆς
1840 1106 1990 1175 πρὸς

2097 1105 2168 1159 De
2188 1104 2371 1159 divina
2415 1103 2806 1172 dispensatione
2839 1105 3108 1172 nostrique
3132 1102 3508 1170 sollicitudine,
3531 1116 3582 1159 et
3611 1106 3675 1158 de

479 1174 646 1246 ἡμᾶς
666 1174 1050 1246 κηδεμονίας,
1081 1177 1178 1230 καὶ
1205 1175 1316 1244 τῆς
1341 1174 1512 1245 ἡμῶν
1539 1177 1838 1246 σωτηρίας
1871 1174 1916 1231 έ,

2670 1183 2854 1227 nostra
2900 1174 3090 1228 salute.
3516 1199 3520 1203 ·

479 1291 668 1362 Ταύτῃ
693 1291 874 1344 τοίνυν
899 1292 965 1362 τῇ
1001 1289 1275 1362 προσϐολῇ
1296 1289 1392 1344 τοῦ
1432 1290 1746 1363 ἀρχεκάκου
1795 1290 1986 1361 δαίμο-

405 1402 494 1447 νος
547 1381 906 1437 δελεασθέντα
950 1381 1042 1435 τὸν
1097 1380 1407 1450 ἄνθρωπον,
1469 1381 1565 1436 καὶ
1611 1380 1712 1452 τὴν
1752 1379 1847 1434 τοῦ
1881 1381 1989 1450 Δηο

412 1473 681 1546 μιουργοῦ
719 1473 936 1544 ἐντολὴν
977 1473 1053 1544 μὴ
1098 1472 1434 1543 φυλάξαντα,
1480 1473 1577 1526 καὶ
1630 1471 1989 1543 γυμνωθέντα

408 1567 506 1636 τῆς
530 1567 771 1637 χάριτος,
811 1565 906 1619 καὶ
939 1566 1038 1636 τὴν
1067 1565 1204 1635 πρὸς
1238 1565 1372 1619 Θεὸν
1391 1565 1709 1637 παρρησίαν
1736 1564 1989 1618 ἀπεκδυ-

411 1658 672 1726 σάμενον,
709 1657 806 1712 καὶ
859 1657 1240 1712 σκεπασθέντα
1289 1659 1356 1728 τῇ
1394 1658 1489 1712 τοῦ
1542 1657 1818 1730 μοχθηροῦ
1873 1657 1988 1726 βίον

407 1749 752 1820 τραχύτητι·
778 1749 938 1803 τοῦτο
959 1748 1069 1820 γὰρ
1107 1749 1175 1803 τὰ
1191 1747 1367 1817 φύλλα
1402 1748 1479 1821 (2)
1519 1752 1621 1819 τῆς
1667 1749 1858 1820 συκῆς·
1897 1749 1990 1802 καὶ

411 1839 810 1912 περιϐληθέντα
838 1839 937 1911 τὴν
957 1841 1245 1910 νέκρωσιν,
1275 1839 1396 1911 ἦτοι
1419 1840 1522 1910 τὴν
1554 1840 1858 1910 θνητότητα
1895 1839 1990 1893 καὶ

412 1930 700 2000 παχύτητα
728 1929 828 1999 τῆς
860 1929 1066 2000 σαρκός
1095 1947 1111 1962 ·
1133 1929 1294 1983 τοῦτο
1322 1929 1434 2000 γὰρ
1471 1932 1504 2000 ἠ
1555 1930 1663 1984 τῶν
1703 1930 1990 2002 δερμάτων

411 2021 710 2090 ἁμφίασις·
745 2018 958 2075 καὶτοῦ
987 2020 1318 2091 παραδείσου
1372 2018 1515 2074 κατὰ
1557 2019 1657 2091 τὴν
1704 2019 1800 2074 τοῦ
1851 2019 1989 2074 Θεοῦ

412 2112 810 2183 δικαιοκρισίαν
839 2113 1100 2182 γεγονότα
1132 2112 1429 2184 ἐξόριστον,
1460 2112 1553 2167 καὶ
1582 2111 1796 2182 θανάτῳ
1825 2112 1991 2168 κατά-υ

415 2220 620 2274 κριτον,
651 2204 747 2258 καὶ
774 2203 952 2274 φθορᾷ
982 2203 1314 2274 ὑποχείριον,
1341 2203 1402 2256 οὐ
1444 2202 1702 2274 παρεῖδεν
1730 2214 1752 2242 ³
1781 2204 1810 2256 6
1849 2219 1988 2273 συμ-

417 2296 618 2368 παθής,
635 2297 664 2350 6
699 2295 762 2349 τὸ
787 2291 928 2350 εἶναι
963 2296 1109 2360 δοὺς,
1134 2295 1310 2350 καὶτὸ
1333 2292 1395 2348 εὖ
1422 2290 1566 2349 εἶναι
1599 2295 1986 2366 χαρισάμενος·

2176 1287 2377 1342 Violatt’
2409 1288 2854 1356 prwvaricatt‘one
2877 1288 3011 1342 Adw
3032 1288 3197 1343 divini
3244 1293 3482 1346 mandati
3506 1309 3675 1362 prona.

2086 1379 2192 1439 Dei
2231 1382 2285 1434 in
2335 1380 2542 1436 homine
2591 1380 2882 1436 revocando
2917 1383 3228 1438 oeconomia.
3252 1413 3323 1424 —
3353 1384 3468 1440 lloc
3497 1387 3678 1455 itaque

2089 1473 2357 1528 daemonis
2416 1475 2682 1528 malorum
2776 1475 3021 1530 auctoris
3098 1477 3311 1532 assultu
3390 1477 3677 1548 deceptum

2091 1564 2388 1628 hominem,
2441 1565 2740 1635 violatique
2795 1564 3112 1621 Conditoris
3170 1570 3432 1638 praecepti
3481 1585 3664 1632 reum,

2087 1663 2143 1711 et
2171 1657 2345 1725 gratia
2395 1656 2679 1722 nudatum,
2727 1658 2823 1726 qui
2861 1668 3024 1712 exuta
3083 1675 3191 1728 qua
3251 1662 3491 1728 pollebat
3525 1665 3671 1731 apud

2091 1746 2258 1804 Deum
2319 1747 2536 1812 ﬁducia,
2607 1763 2915 1804 erumnosze
2983 1752 3107 1805 vitae
3163 1755 3674 1823 asperitate,‘quam

2089 1837 2220 1893 folia
2252 1837 2388 1894 ﬁcus
2415 1839 2457 1870 "
2483 1837 2819 1907 signiﬁcant,
2855 1841 3152 1896 obvolutus
3188 1843 3389 1906 fuerat,
3429 1853 3484 1899 et
3525 1861 3674 1898 mor-

2089 1928 2319 1984 talitatis
2347 1930 2639 1998 carnisque
2660 1931 2909 1986 crassitie
2924 1932 3084 2003 203
3105 1945 3414 2004 coopertus,
3443 1944 3501 1990 ut
3533 1951 3680 1991 mor-

2089 2029 2307 2075 tuarum
2335 2020 2557 2089 pellium
2582 2023 2780 2077 vestitu
2805 2022 3150 2094 designatum
3183 2027 3286 2080 fuit
3315 2028 3683 2097 :quidemum

2085 2110 2240 2182 justo
2275 2109 2364 2165 Dei
2395 2110 2606 2180 judicio
2635 2127 2666 2166 e
2697 2111 2956 2182 paradiso
3003 2116 3418 2182 exterminatus,
3471 2118 3681 2172 inﬂicta

2093 2212 2268 2258 morte
2288 2203 2628 2272 corruptioni
2662 2203 2840 2259 factus
2870 2204 3047 2260 fuerat
3077 2206 3369 2272 obnoxius,
3396 2207 3543 2262 hunc
3587 2221 3684 2264 ne-

2090 2306 2368 2362 quaquam
2415 2301 2744 2360 aspernatus
2775 2302 2883 2358 est,
2935 2294 3252 2352 misericors
3309 2297 3422 2360 ille,
3456 2299 3549 2367 qui
3607 2299 3680 2364 ei,

412 2388 549 2443 ἀλλὰ
606 2388 824 2452 πολλοῖς
878 2387 1146 2459 πρότερον
1201 2387 1652 2458 παιδαγωγήσας,
1712 2387 1806 2440 καὶ
1852 2386 1989 2457 πρὸς

2097 2391 2204 2438 tum
2227 2393 2288 2438 ut
2309 2392 2476 2451 esset,
2500 2391 2617 2439 tum
2643 2393 2704 2439 ut
2725 2386 2864 2441 bene
2884 2396 3028 2442 esset
3051 2387 3280 2457 largitus
3296 2397 3417 2443 erat
3451 2409 3464 2443 :
3493 2405 3679 2444 verum

413 2480 752 2552 ἐπιστροφὴν
775 2479 1038 2545 καλέσας,
1071 2478 1241 2549 στόνῳ
1261 2477 1356 2532 καὶ
1374 2479 1584 2549 τρόμῳ,
1607 2477 1800 2542 ὕδατος
1827 2495 1994 2532 κατα-

413 2572 663 2644 κλυσμῷ,
700 2572 797 2626 καὶ
830 2571 1032 2636 παντὸς
1049 2569 1144 2625 τοῦ
1170 2570 1360 2638 γένους
1393 2570 1591 2642 μικροῦ
1613 2571 1722 2624 δεῖν
1746 2569 1993 2624 πανωλε-

413 2664 568 2737 θρίᾳ,
602 2664 862 2735 συγχύσει
889 2664 984 2718 καὶ
1015 2663 1282 2734 διαιρέσει
1300 2662 1412 2717 τῶν
1438 2661 1721 2731 γλωσσῶν,
1748 2660 1995 2731 ἀγγέλων

414 2757 728 2828 ἱπιστασίςι,
761 2755 972 2809 πόλεων
999 2754 1605 2826 ὲμπρησμῷ,τυπικαῖς
1624 2754 1993 2825 θεοφανείαις,

415 2847 697 2918 πολέμοις,
729 2844 932 2909 νίκαις,
957 2846 1166 2916 ἥτταις,
1204 2846 1455 2916 σημείοις
1487 2846 1582 2900 καὶ
1611 2845 1825 2916 τέρασι,
1875 2863 1997 2901 ποι-

418 2938 600 3000 κίλαις
629 2938 914 3006 δυνάμεσι,
942 2937 1115 3007 νόμῳ.
1158 2938 1488 3008 προφήταις,
1524 2938 1593 2990 δι’
1623 2931 1698 2992 ὧν
1742 2938 1804 2990 τὺ
1830 2955 1998 2991 σπου-

420 3024 718 3095 δαζόμενον
757 3019 850 3095 ἦν,
881 3025 916 3095 ἡ
950 3025 1048 3094 τῆς
1079 3023 1359 3094 ἁμαρτίας
1387 3023 1688 3094 ἀναίρεσις,
1727 3025 1996 3095 πολυσχε-

419 3117 527 3179 ὂῶς
555 3121 575 3155 ⁸
613 3117 888 3188 χεθείσης,
923 3117 1022 3170 καὶ
1071 3117 1634 3188 καταδουλωσαμένης
1667 3117 1758 3170 τὸν
1785 3117 1998 3188 ἄνθρω-

421 3225 544 3275 πον,
577 3208 674 3264 καὶ
706 3208 816 3261 πᾶν
846 3202 984 3271 cibo;
1013 3207 1212 3270 κακίας
1259 3205 1717 3277 ὲπισωρευσάσης
1749 3205 1828 3277 τῷ
1879 3207 1997 3278 βίῳ,

380 3369 382 3371 ν
421 3300 515 3356 καὶ
545 3301 579 3370 ἡ
618 3300 757 3370 πρὸς
785 3300 847 3353 τὸ
907 3294 968 3353 εὖ
1015 3294 1156 3354 εἶναι
1183 3332 1186 3334 ~
1215 3297 1309 3352 τοῦ
1359 3297 1655 3371 ἀνθρώπου
1703 3300 1960 3364 ἐπάνοδος
1983 3315 1998 3332 ·

420 3391 610 3464 ἐπειδὴ
637 3392 706 3446 δι’
759 3389 1036 3463 ἁμαρτίας
1084 3391 1114 3444 ό
1145 3389 1374 3453 θάνατος
1407 3390 1488 3452 είς
1511 3387 1604 3443 τὸν
1652 3388 1858 3460 κόσμον
1886 3392 2001 3444 είσ-

421 3482 606 3553 ἦλθεν,
657 3481 850 3552 ὥσπερ
894 3498 948 3534 τι
1003 3480 1194 3552 θηρίον
1215 3479 1407 3551 ἄγριον
1439 3479 1534 3535 καὶ
1579 3481 1878 3552 ἀνήμερον,
1912 3481 2002 3535 τὸν

422 3575 764 3648 ἀνθρώπινον
787 3573 1189 3645 λυμαινόμενος
1219 3572 1333 3643 βίον
1355 3588 1369 3602 ·
1402 3571 1512 3625 ἔδει
1547 3572 1606 3626 δὲ
1627 3572 1720 3626 τὸν
1777 3573 2003 3644 λυτροῦ-

426 3667 549 3721 σθαι
582 3667 845 3738 μέλλοντα
871 3665 1260 3736 ἀναμάρτητον
1295 3659 1454 3729 εἶναι,
1484 3663 1578 3716 καὶ
1609 3664 1681 3734 μὴ
1696 3663 1774 3736 τῷ
1789 3663 2002 3736 Θανάτῳ

423 3760 513 3815 διὰ
555 3759 659 3831 τῆς
712 3760 990 3830 ἁμαρτίας
1055 3755 1379 3818 ὑπεύθυνον,
1421 3755 1502 3809 ἐτι
1540 3755 1598 3810 δὲ
1635 3755 1998 3826 νευρωθῆναι,

423 3851 525 3906 καὶ
550 3846 1002 3917 ἁνακαινισθῆναι
1052 3847 1152 3918 τὴν
1191 3845 1378 3915 φύσιν,
1419 3846 1516 3899 καὶ
1541 3845 1689 3916 ἔργω
1717 3846 1998 3914 παιδαγω-

426 3941 685 4012 γηθῆναι,
707 3937 1131 4008 καὶδιδαχθῆναι
1161 3937 1366 4007 ἀρετῆς
1392 3935 1532 4002 ὁδὸν,
1556 3936 1653 4007 τῆς
1679 3936 1778 4006 μὲν
1801 3936 2005 4008 φθορᾶς

428 4033 771 4102 ἀπάγουσαν,
820 4030 960 4100 πρὸς
1007 4029 1067 4082 δὲ
1114 4027 1214 4099 τὴν
1245 4024 1391 4098 ζωὴν
1421 4026 1519 4098 τὴν
1582 4026 1803 4081 αἰώνιον
1843 4028 2009 4099 ποδη-

427 4122 670 4195 γοῦσαν·
728 4122 915 4187 τέλος,
947 4120 1009 4173 τὸ
1062 4120 1210 4191 μέγα
1271 4121 1402 4189 περῖ⁹
1435 4119 1600 4173 αὐτὸν
1648 4122 1750 4190 τῆς
1796 4120 2007 4189 -φιλαν-

429 4216 680 4290 θρωπίας
708 4214 1046 4268 ινδείκνυται
1072 4211 1330 4280 πέλαγος.
1363 4211 1535 4274 Αὐτὸς
1548 4211 1658 4283 γὰρ
1686 4213 1715 4265 6
1748 4213 2010 4284 δημιουρ-

425 4309 526 4378 γός
560 4324 621 4361 τε
643 4307 738 4361 καὶ
772 4305 979 4378 Κύριος
1015 4304 1116 4377 τὴν
1149 4303 1288 4376 ὑπὲρ
1322 4301 1416 4357 τοῦ
1451 4303 1657 4358 οἰκείου
1690 4303 2011 4375 πλάσματος

428 4400 752 4472 ἀναδέχεται
790 4397 967 4470 πάλην
993 4409 1045 4465 ιι,
1101 4396 1198 4452 καὶ
1226 4396 1375 4468 ἔργῳ
1406 4395 1726 4460 διδάσκαλος
1751 4395 1966 4465 γίνεται
1990 4412 2004 4426 ·

429 4494 524 4548 καὶ
546 4491 738 4563 ἐπειδὴ
761 4490 1018 4562 θεότητος
1045 4488 1219 4542 ἑλπίδι
1239 4491 1266 4542 6
1288 4488 1483 4560 ἐχθρὸς
1511 4486 1758 4552 δελεάζει
1786 4488 1877 4541 τὸν
1908 4489 2005 4542 άν-

504 4587 545 4619 "
578 4585 719 4642 Gen.
781 4585 937 4645 "1,7.
1016 4583 1061 4615 “'
1085 4580 1224 4637 Gen.
1255 4597 1331 4643 vi,
1358 4582 1445 4635 13.
1525 4579 1718 4636 “Gen.
1748 4597 1824 4647 xl,
1849 4582 1903 4635 7.

431 4673 495 4723 ιι,
524 4657 616 4712 τι.
693 4654 738 4689 ³³
782 4654 948 4724 Greg.
982 4652 1115 4707 Νη.
1143 4659 1286 4708 orat.
1324 4652 1392 4706 l2
1413 4659 1468 4708 et
1501 4650 1592 4706 58.

2015 4582 2061 4615 ²⁰
2085 4580 2222 4636 Gen.
2255 4577 2462 4644 xvul,l
2496 4591 2650 4647 seqq.

2091 2487 2218 2528 cum
2251 2473 2440 2529 multis
2478 2482 2606 2530 ante
2662 2476 2840 2531 modis
2891 2479 3214 2549 castigatum
3275 2479 3344 2533 ad
3404 2480 3680 2535 meliorem

2091 2562 2307 2634 frugem
2341 2574 2596 2620 vocasset
2627 2581 2643 2632 ;
2677 2580 2773 2636 per
2813 2567 3071 2637 gemitum
3101 2568 3336 2632 scilicet,
3383 2577 3438 2624 et
3481 2581 3687 2624 tremo-

2095 2669 2233 2719 rem,
2267 2669 2367 2724 per
2386 2670 2651 2725 aquarum
2681 2657 2943 2726 illuviem,
2974 2674 3039 2713 ac
3075 2660 3244 2715 totius
3279 2659 3449 2716 ferme
3469 2661 3688 2730 generis

2095 2744 2322 2800 humani
2365 2746 2644 2802 interitum
2680 2748 2744 2815 ³³,
2801 2764 2897 2819 per
2936 2750 3244 2820 linguarum
3301 2753 3684 2808 confusionem

2095 2851 2163 2893 ne
2212 2837 2540 2892 divisionem
2574 2839 2637 2903 “,
2686 2855 2782 2909 per
2835 2842 3153 2910 angelorum
3191 2845 3568 2914 prazl‘ecturam
3613 2843 3682 2908 '°,

2097 2941 2196 2997 per
2217 2928 2505 2985 civitatum
2546 2930 3024 3002 conﬂagrationem
3053 2936 3129 3000 e",
3160 2949 3254 3005 per
3280 2938 3493 3007 typicos
3517 2952 3685 3005 appa-

2099 3015 2269 3070 rentis
2293 3015 2386 3070 Dei
2420 3027 2766 3086 prospectus,
2815 3035 2911 3089 per
2934 3022 3098 3085 bella,
3157 3025 3437 3088 victorias,
3478 3024 3685 3090 clades,

2099 3109 2278 3180 signa,
2314 3117 2367 3165 et
2408 3119 2682 3180 portenta,
2705 3113 3000 3184 variasque
3033 3117 3268 3171 virtutes
3299 3133 3315 3182 ;
3362 3132 3460 3185 per
3512 3117 3683 3186 legem

2099 3211 2153 3257 et
2173 3202 2469 3272 prophetas
2497 3219 2514 3269 ;
2543 3218 2637 3274 per
2669 3220 2791 3274 quae
2814 3208 2999 3260 omnia
3050 3207 3102 3261 id
3132 3207 3419 3275 agebatur,
3453 3215 3512 3259 ut
3557 3221 3684 3275 pec-

2096 3303 2247 3355 cato.
2272 3294 2418 3363 quod
2449 3295 2599 3352 varie
2627 3298 2916 3366 serpendo,
2947 3299 3219 3352 hominem
3253 3297 3685 3367 mancipaverat,

2101 3383 2424 3454 nullumque
2475 3401 2583 3441 non
2642 3389 2771 3442 mali
2823 3403 2996 3458 genus
3058 3389 3262 3443 umndo
3302 3389 3604 3451 invexerat,
3657 3406 3689 3443 e

2103 3471 2284 3528 medio
2336 3474 2578 3540 sublato,
2641 3477 2848 3534 homini
2895 3480 2960 3533 ad
2997 3480 3208 3534 beatam
3266 3480 3428 3533 vitam
3481 3479 3687 3534 reditus

2105 3571 2310 3634 pateret
2347 3568 2646 3635 :quoniam
2677 3583 2824 3624 mors
2865 3585 2962 3639 per
2988 3577 3270 3640 peccatum
3314 3570 3597 3624 introierat
3632 3569 3685 3623 in
3777 3561 3784 3567 ’

2107 3655 2370 3710 mundmn
2402 3661 2468 3722 υ,
2495 3659 2621 3714 ferae
2649 3661 2940 3730 cujusdam
2977 3661 3150 3717 instar
3175 3661 3538 3732 immanisque
3569 3663 3687 3716 bel-

2109 3746 2232 3811 luae,
2265 3746 2506 3805 hominis
2547 3751 2713 3806 vitam
2741 3751 3036 3818 infestans,
3063 3753 3349 3823 oportebat
3377 3767 3508 3808 vero
3538 3769 3685 3819 eum,

2105 3838 2200 3906 qui
2228 3837 2610 3911 Redemptoris
2633 3858 2860 3901 munere
2891 3844 3186 3901 iuncturus
3227 3853 3364 3912 erat,
3397 3860 3426 3898 a
3465 3855 3690 3915 peccato

2104 3944 2336 4000 prorsus
2368 3933 2610 3990 alienum
2639 3951 2784 4002 esse,
2825 3952 2927 3992 nec
2953 3937 3162 4007 peccati
3193 3952 3359 3993 causa
3392 3937 3687 3994 obnoxium

2107 4023 2267 4076 morti
2297 4041 2312 4090 ;
2352 4023 2579 4095 insuper
2607 4028 2854 4084 roborari
2900 4029 3305 4100 instaurarique
3338 4037 3613 4092 naturam,
3639 4037 3692 4081 et

2105 4126 2272 4182 opere
2296 4115 2415 4185 ipso
2458 4119 2688 4198 erudiri,
2728 4120 3062 4192 edocerique
3089 4121 3310 4176 virtutis
3362 4121 3527 4184 viam,
3570 4135 3691 4188 qua:

2105 4214 2230 4256 eum
2279 4205 2349 4259 ab
2385 4205 2611 4263 interitu
2643 4211 2974 4277 revocando,
3003 4211 3069 4265 ad
3103 4218 3361 4264 aeternam
3389 4208 3554 4261 vitam
3586 4209 3692 4262 du-

2106 4305 2294 4351 ceret:
2329 4299 2409 4352 sic
2458 4302 2642 4370 itaque
2687 4301 2907 4357 tandem
2937 4301 3131 4368 ingens
3176 4312 3289 4354 suae
3329 4311 3458 4367 erga
3511 4297 3687 4367 ipsum

2116 4388 2510 4444 benevolentiae
2541 4391 2765 4460 pelagus
2796 4391 3036 4446 ostendit
3067 4391 3134 4444 “.
3168 4389 3288 4459 Ipse
3313 4388 3459 4442 enim
3495 4389 3689 4442 condi.

2114 4490 2202 4537 tor
2225 4497 2291 4537 ac
2320 4482 2582 4538 Dominus
2609 4498 2710 4553 pro
2750 4482 3007 4553 ﬁgmento
3048 4496 3151 4536 suo
3197 4481 3400 4534 luctam
3438 4481 3688 4550 suscipit,

2766 4574 3106 4640 “Gemma,
3148 4573 3354 4642 iseqq.
3466 4572 3513 4603 ³¹
3553 4572 3682 4643 Sap.

1733 4744 1965 4802 VARUS
2002 4743 2412 4800 LECTIONES.

527 4855 549 4883 τ
581 4844 638 4899 In
670 4843 994 4915 Regiocod.
1025 4840 1194 4915 5445,
1231 4841 1637 4915 satis_recenti,_
1655 4856 1775 4915 quae
1807 4850 2115 4915 sequuntur
2143 4841 2464 4915 Damasceni
2495 4836 2699 4915 capita,
2735 4836 2803 4915 ab
2830 4835 3094 4915 his“qu
3126 4835 3466 4915 praecedunt,
3496 4835 3576 4915 sic
3605 4849 3691 4913 sec

431 4926 720 4987 parantur,
752 4905 816 4967 ἷιι
849 4913 1109 4987 librarius
1146 4918 1318 4987 totum
1352 4911 1548 4964 librum
1599 4905 1802 4987 lie/ide
1835 4905 2152 4975 orthodoxa,
2191 4911 2245 4964 in
2279 4908 2420 4987 duas
2448 4905 2643 4987 saltem
2685 4914 2870 4987 partes
2891 4905 3262 4987 dividendum
3309 4922 3434 4987 esse
3495 4905 3688 4987 existi-

435 4974 686 5050 inaverit,
707 4974 950 5052 quarum
979 4982 1139 5052 "prior
1163 4980 1230 5052 de
1258 4979 1380 5052 Deo
1393 4995 1525 5052 uno,
1571 4974 1743 5052 trino,
1790 4989 2061 5052 creatore,
2101 4974 2156 5035 et
2185 4980 2468 5052 proyjsore
2508 4986 2643 5052 agat
2661 4994 2678 5052 ;_
2689 4974 2994 5052 posterior,
3039 4976 3106 5052 de
3135 4974 3314 5052 Verbo
3363 4977 3660 5052 incantato
3673 5013 3688 5036 ,

436 5063 739 5119 senatore,
763 5063 818 5108 et
842 5052 1049 5120 judice.

434 5125 578 5179 2926
631 5139 697 5179 ex
743 5119 1020 5179 emendat.
1075 5119 1291 5185 πλάσιν,

436 5195 618 5252 induti
643 5209 770 5250 cum
797 5193 1017 5248 diabolo
1047 5192 1197 5248 lucta
1221 5190 1578 5247 describitur.

1127 5061 1150 5089 ⁸
1178 5050 1316 5105 Cod.
1347 5049 1406 5104 S.
1443 5040 1550 5104 Hii.
1580 5060 1633 5105 et
1677 5040 1770 5105 alii
1815 5040 2067 5106 nonnulli
2125 5040 2419 5118 περιεῖδεν.
2505 5049 2522 5085 ι
2557 5040 2717 5118 Ral,—
2749 5046 2907 5101 Colb.
2942 5040 3346 5118 ίπολυσχεδῶς
3385 5061 3467 5096 τε.
3541 5052 3569 5080 ιι
3621 5040 3688 5095 Β.

1331 5135 1494 5191 quam
1549 5119 1843 5177 lectionem
1893 5121 2168 5191 expressit
2197 5115 2372 5176 Faber
2391 5117 2800 5188 plasmationem
2828 5117 3076 5185 suscepit.
3112 5115 3276 5170 verbi
3311 5124 3490 5168 tamen
3523 5124 3691 5164 carne

1873 5319 1876 5322 '
1944 5302 2152 5359 NOTIE
2166 5341 2178 5360 .

514 5421 592 5490 (ε)
628 5419 808 5474 Τοῦτο

443 5487 759 5558 Theologus
802 5496 944 5558 orat.
985 5488 1054 5540 '58
1083 5495 1138 5541 et
1160 5487 1250 5558 ιε,
1291 5487 1373 5558 ait
1413 5506 1426 5541 :
1485 5487 1744 5558 Pollicem
1811 5488 2016 5558 tunicas

862 5419 971 5487 τὰρ
1004 5417 1077 5472 τὰ
1110 5417 1335 5486 φύλλα.
1365 5417 1541 5484 Quam
1582 5416 1738 5484 folia,
1779 5426 1884 5472 etc.
1922 5417 2020 5472 Sic
2117 5432 2216 5486 que
2238 5422 2287 5487 et
2315 5413 2585 5487 solidam;
2617 5412 2738 5487 scil.
2772 5417 2832 5466 ut
2887 5409 3093 5487 aliquid
3125 5407 3345 5487 Origepi
3379 5405 3690 5487 indulgeat.

2118 5476 2532 5554 ὖθιυιὶᾘγεεθη
2549 5499 2613 5536 us
2669 5480 2824 5554 Orat.
2868 5476 3067 5554 cate—oh.
3127 5476 3246 5548 cap:
3275 5479 3335 5554 _8.
3379 5476 3690 5532 Metlto’dius

447 5548 799 5637 i_nduit,iow;
827 5557 928 5626 τὴν
967 5548 1278 5637 παχυτέραν
1314 5557 1515 5637 σάρκα,
1543 5558 1636 5610 καὶ⁴
1670 5557 2022 5637 θνητὴν,¹καὶ
2122 5555 2265 5637 apud
2298 5548 2566 5634 Epiphan.
2606 5550 2830 5637 pellium
2851 5635 2859 5637 ξ
2881 5548 3451 5637 ιιοηιξιιο-νεξιρότητια,
3490 5557 3691 5602 morta-

447 5631 764 5695 ἀντίτυπον,
798 5625 1007 5684 carnem
1040 5625 1286 5695 fortassis
1320 5625 1663 5695 crassiorem,
1717 5625 2023 5684 nioftalem-

2125 5618 2321 5679 litatem
2344 5618 2673 5688 'ca'rnis,nOn
2707 5633 2926 5675 carnem
2957 5618 3132 5687 ipsam
3171 5618 3440 5689 intelligit.
