  <div class='ocr_page' id='page_1' title='image "/cluster/home/n/w/nwhite01/storage/ocr_20150623/94/mdp.39015008918610/499.png"; bbox 0 0 3996 6166; ppageno 0'>
   <div class='ocr_carea' id='block_1_1' title="bbox 428 233 537 295">
    <p class='ocr_par' dir='ltr' id='par_1_1' title="bbox 428 233 537 295">
     <span class='ocr_line' id='line_1_1' title="bbox 428 233 537 295; baseline 0 0"><span class='ocrx_word' id='word_1_1' title='bbox 428 233 537 295; x_wconf 79' lang='lat'><strong>983</strong></span> 
     </span>
    </p>
   </div>
   <div class='ocr_carea' id='block_1_2' title="bbox 1614 233 2494 298">
    <p class='ocr_par' dir='ltr' id='par_1_2' title="bbox 1614 233 2494 298">
     <span class='ocr_line' id='line_1_2' title="bbox 1614 233 2494 298; baseline 0.005 -4"><span class='ocrx_word' id='word_1_2' title='bbox 1614 235 1678 295; x_wconf 90' lang='lat' dir='ltr'><strong>S.</strong></span> <span class='ocrx_word' id='word_1_3' title='bbox 1710 233 2028 296; x_wconf 80' lang='lat' dir='ltr'><strong>JOANNIS</strong></span> <span class='ocrx_word' id='word_1_4' title='bbox 2065 236 2494 298; x_wconf 80' lang='lat' dir='ltr'><strong>DAMASCENI</strong></span> 
     </span>
    </p>
   </div>
   <div class='ocr_carea' id='block_1_3' title="bbox 3601 216 3744 284">
    <p class='ocr_par' dir='ltr' id='par_1_3' title="bbox 3601 216 3744 284">
     <span class='ocr_line' id='line_1_3' title="bbox 3601 216 3744 284; baseline -0.028 0"><span class='ocrx_word' id='word_1_5' title='bbox 3601 216 3744 284; x_wconf 53' lang='lat'><strong>934</strong></span> 
     </span>
    </p>
   </div>
   <div class='ocr_carea' id='block_1_4' title="bbox 427 329 2013 418">
    <p class='ocr_par' dir='ltr' id='par_1_4' title="bbox 427 340 2008 416">
     <span class='ocr_line' id='line_1_4' title="bbox 427 340 2008 416; baseline 0.003 -21"><span class='ocrx_word' id='word_1_6' title='bbox 427 344 660 414; x_wconf 74' lang='lat' dir='ltr'><strong>ipsoque</strong></span> <span class='ocrx_word' id='word_1_7' title='bbox 691 343 1013 416; x_wconf 83' lang='lat' dir='ltr'><strong>magistrum</strong></span> <span class='ocrx_word' id='word_1_8' title='bbox 1044 340 1158 412; x_wconf 85' lang='lat' dir='ltr'><strong>agit</strong></span> <span class='ocrx_word' id='word_1_9' title='bbox 1195 356 1380 413; x_wconf 79' lang='lat' dir='ltr'><strong>opere.</strong></span> <span class='ocrx_word' id='word_1_10' title='bbox 1420 341 1499 397; x_wconf 87' lang='lat' dir='ltr'><strong>Ac</strong></span> <span class='ocrx_word' id='word_1_11' title='bbox 1527 342 1789 412; x_wconf 87' lang='lat' dir='ltr'><strong>quoniam</strong></span> <span class='ocrx_word' id='word_1_12' title='bbox 1831 343 2008 399; x_wconf 86' lang='lat' dir='ltr'><strong>hostis</strong></span> 
     </span>
    </p>
   </div>
   <div class='ocr_carea' id='block_1_5' title="bbox 2117 329 3737 418">
    <p class='ocr_par' dir='ltr' id='par_1_5' title="bbox 2117 329 3737 418">
     <span class='ocr_line' id='line_1_5' title="bbox 2117 329 3737 418; baseline -0.01 -20"><span class='ocrx_word' id='word_1_13' title='bbox 2117 346 2347 418; x_wconf 84' lang='grc' dir='ltr'>θρωπον,</span> <span class='ocrx_word' id='word_1_14' title='bbox 2379 344 2583 418; x_wconf 87' lang='grc' dir='ltr'>σαρκὸς</span> <span class='ocrx_word' id='word_1_15' title='bbox 2606 343 2813 416; x_wconf 82' lang='grc' dir='ltr'>προὸλή</span> <span class='ocrx_word' id='word_1_16' title='bbox 2825 357 2952 413; x_wconf 84' lang='grc' dir='ltr'>ματι</span> <span class='ocrx_word' id='word_1_17' title='bbox 2981 337 3317 402; x_wconf 76' lang='grc' dir='ltr'><strong>δελεάζεται,</strong></span> <span class='ocrx_word' id='word_1_18' title='bbox 3352 331 3457 387; x_wconf 73' lang='grc' dir='ltr'>καὶ</span> <span class='ocrx_word' id='word_1_19' title='bbox 3481 329 3737 385; x_wconf 81' lang='grc' dir='ltr'>δείκνυ-</span> 
     </span>
    </p>
   </div>
   <div class='ocr_carea' id='block_1_6' title="bbox 426 435 2010 508">
    <p class='ocr_par' dir='ltr' id='par_1_6' title="bbox 426 435 2010 508">
     <span class='ocr_line' id='line_1_6' title="bbox 426 435 2010 508; baseline -0.001 -18"><span class='ocrx_word' id='word_1_20' title='bbox 426 451 527 508; x_wconf 80' lang='lat' dir='ltr'><strong>spe</strong></span> <span class='ocrx_word' id='word_1_21' title='bbox 569 435 876 493; x_wconf 72' lang='lat' dir='ltr'><strong>divinitatis</strong></span> <span class='ocrx_word' id='word_1_22' title='bbox 920 435 1198 491; x_wconf 83' lang='lat' dir='ltr'><strong>hominem</strong></span> <span class='ocrx_word' id='word_1_23' title='bbox 1254 435 1572 505; x_wconf 87' lang='lat' dir='ltr'><strong>pellexerat,</strong></span> <span class='ocrx_word' id='word_1_24' title='bbox 1606 436 1725 506; x_wconf 91' lang='lat' dir='ltr'><strong>ipse</strong></span> <span class='ocrx_word' id='word_1_25' title='bbox 1763 435 2010 490; x_wconf 78' lang='lat' dir='ltr'><strong>vicissim</strong></span> 
     </span>
    </p>
   </div>
   <div class='ocr_carea' id='block_1_7' title="bbox 427 525 2012 599">
    <p class='ocr_par' dir='ltr' id='par_1_7' title="bbox 427 525 2012 599">
     <span class='ocr_line' id='line_1_7' title="bbox 427 525 2012 599; baseline -0.003 -15"><span class='ocrx_word' id='word_1_26' title='bbox 427 528 647 599; x_wconf 80' lang='lat' dir='ltr'><strong>objecta</strong></span> <span class='ocrx_word' id='word_1_27' title='bbox 665 544 832 584; x_wconf 89' lang='lat' dir='ltr'><strong>carne</strong></span> <span class='ocrx_word' id='word_1_28' title='bbox 865 528 1012 582; x_wconf 91' lang='lat' dir='ltr'><strong>velut</strong></span> <span class='ocrx_word' id='word_1_29' title='bbox 1036 541 1165 582; x_wconf 86' lang='lat' dir='ltr'><strong>esca</strong></span> <span class='ocrx_word' id='word_1_30' title='bbox 1204 529 1426 598; x_wconf 89' lang='lat' dir='ltr'><strong>capitur</strong></span> <span class='ocrx_word' id='word_1_31' title='bbox 1458 544 1474 581; x_wconf 91' lang='lat'><strong>:</strong></span> <span class='ocrx_word' id='word_1_32' title='bbox 1505 527 1778 597; x_wconf 79' lang='lat' dir='ltr'><strong>simulque</strong></span> <span class='ocrx_word' id='word_1_33' title='bbox 1793 525 2012 590; x_wconf 69' lang='lat' dir='ltr'><strong>divinae,</strong></span> 
     </span>
    </p>
   </div>
   <div class='ocr_carea' id='block_1_8' title="bbox 428 615 2014 688">
    <p class='ocr_par' dir='ltr' id='par_1_8' title="bbox 428 615 2014 688">
     <span class='ocr_line' id='line_1_8' title="bbox 428 615 2014 688; baseline -0.003 -14"><span class='ocrx_word' id='word_1_34' title='bbox 428 634 556 674; x_wconf 84' lang='lat' dir='ltr'><strong>cum</strong></span> <span class='ocrx_word' id='word_1_35' title='bbox 575 617 848 673; x_wconf 90' lang='lat' dir='ltr'><strong>.bonitatis</strong></span> <span class='ocrx_word' id='word_1_36' title='bbox 865 625 920 672; x_wconf 91' lang='lat' dir='ltr'><strong>et</strong></span> <span class='ocrx_word' id='word_1_37' title='bbox 943 617 1245 688; x_wconf 66' lang='lat' dir='ltr'><strong>sapientiai,</strong></span> <span class='ocrx_word' id='word_1_38' title='bbox 1272 625 1386 672; x_wconf 91' lang='lat' dir='ltr'><strong>tum</strong></span> <span class='ocrx_word' id='word_1_39' title='bbox 1415 617 1646 687; x_wconf 66' lang='lat' dir='ltr'><strong>iustitia:</strong></span> <span class='ocrx_word' id='word_1_40' title='bbox 1672 626 1726 672; x_wconf 94' lang='lat' dir='ltr'><strong>et</strong></span> <span class='ocrx_word' id='word_1_41' title='bbox 1759 615 2014 686; x_wconf 70' lang='lat' dir='ltr'><strong>potentiae</strong></span> 
     </span>
    </p>
   </div>
   <div class='ocr_carea' id='block_1_9' title="bbox 426 705 2011 778">
    <p class='ocr_par' dir='ltr' id='par_1_9' title="bbox 426 705 2011 778">
     <span class='ocr_line' id='line_1_9' title="bbox 426 705 2011 778; baseline -0.004 -14"><span class='ocrx_word' id='word_1_42' title='bbox 426 708 705 778; x_wconf 77' lang='lat' dir='ltr'><strong>specimen</strong></span> <span class='ocrx_word' id='word_1_43' title='bbox 738 706 942 762; x_wconf 85' lang='lat' dir='ltr'><strong>editur.</strong></span> <span class='ocrx_word' id='word_1_44' title='bbox 968 706 1103 762; x_wconf 86' lang='lat' dir='ltr'><strong>Nam</strong></span> <span class='ocrx_word' id='word_1_45' title='bbox 1142 707 1362 764; x_wconf 79' lang='lat' dir='ltr'><strong>bonitas</strong></span> <span class='ocrx_word' id='word_1_46' title='bbox 1410 707 1633 778; x_wconf 86' lang='lat' dir='ltr'><strong>quidem</strong></span> <span class='ocrx_word' id='word_1_47' title='bbox 1661 707 1790 761; x_wconf 89' lang='lat' dir='ltr'><strong>hinc</strong></span> <span class='ocrx_word' id='word_1_48' title='bbox 1812 705 2011 773; x_wconf 82' lang='lat' dir='ltr'><strong>elucet,</strong></span> 
     </span>
    </p>
   </div>
   <div class='ocr_carea' id='block_1_10' title="bbox 425 797 2014 869">
    <p class='ocr_par' dir='ltr' id='par_1_10' title="bbox 425 797 2014 869">
     <span class='ocr_line' id='line_1_10' title="bbox 425 797 2014 869; baseline -0.002 -16"><span class='ocrx_word' id='word_1_49' title='bbox 425 797 572 869; x_wconf 91' lang='lat' dir='ltr'><strong>quod</strong></span> <span class='ocrx_word' id='word_1_50' title='bbox 605 797 847 868; x_wconf 92' lang='lat' dir='ltr'><strong>ﬁgmenti</strong></span> <span class='ocrx_word' id='word_1_51' title='bbox 888 799 975 853; x_wconf 90' lang='lat' dir='ltr'><strong>sui</strong></span> <span class='ocrx_word' id='word_1_52' title='bbox 1005 798 1434 854; x_wconf 80' lang='lat' dir='ltr'><strong>imbecillitatem</strong></span> <span class='ocrx_word' id='word_1_53' title='bbox 1481 813 1591 854; x_wconf 92' lang='lat' dir='ltr'><strong>non</strong></span> <span class='ocrx_word' id='word_1_54' title='bbox 1621 797 1890 868; x_wconf 80' lang='lat' dir='ltr'><strong>despexit,</strong></span> <span class='ocrx_word' id='word_1_55' title='bbox 1916 797 2014 852; x_wconf 84' lang='lat' dir='ltr'><strong>sed</strong></span> 
     </span>
    </p>
   </div>
   <div class='ocr_carea' id='block_1_11' title="bbox 428 886 2014 959">
    <p class='ocr_par' dir='ltr' id='par_1_11' title="bbox 428 886 2014 959">
     <span class='ocr_line' id='line_1_11' title="bbox 428 886 2014 959; baseline -0.001 -17"><span class='ocrx_word' id='word_1_56' title='bbox 428 887 564 958; x_wconf 87' lang='lat' dir='ltr'><strong>lapsi</strong></span> <span class='ocrx_word' id='word_1_57' title='bbox 589 887 763 942; x_wconf 80' lang='lat' dir='ltr'><strong>vicem</strong></span> <span class='ocrx_word' id='word_1_58' title='bbox 797 886 992 953; x_wconf 81' lang='lat' dir='ltr'><strong>doluit,</strong></span> <span class='ocrx_word' id='word_1_59' title='bbox 1027 888 1188 958; x_wconf 88' lang='lat' dir='ltr'><strong>eique</strong></span> <span class='ocrx_word' id='word_1_60' title='bbox 1213 903 1434 943; x_wconf 87' lang='lat' dir='ltr'><strong>manum</strong></span> <span class='ocrx_word' id='word_1_61' title='bbox 1468 889 1712 959; x_wconf 78' lang='lat' dir='ltr'><strong>porrexit</strong></span> <span class='ocrx_word' id='word_1_62' title='bbox 1747 907 1760 942; x_wconf 88' lang='lat'><strong>:</strong></span> <span class='ocrx_word' id='word_1_63' title='bbox 1791 888 2014 958; x_wconf 87' lang='lat' dir='ltr'><strong>justitia</strong></span> 
     </span>
    </p>
   </div>
   <div class='ocr_carea' id='block_1_12' title="bbox 427 977 2016 1052">
    <p class='ocr_par' dir='ltr' id='par_1_12' title="bbox 427 977 2016 1052">
     <span class='ocr_line' id='line_1_12' title="bbox 427 977 2016 1052; baseline 0.001 -18"><span class='ocrx_word' id='word_1_64' title='bbox 427 979 581 1042; x_wconf 84' lang='lat' dir='ltr'><strong>item,</strong></span> <span class='ocrx_word' id='word_1_65' title='bbox 615 977 762 1050; x_wconf 92' lang='lat' dir='ltr'><strong>quod</strong></span> <span class='ocrx_word' id='word_1_66' title='bbox 796 980 944 1034; x_wconf 88' lang='lat' dir='ltr'><strong>victo</strong></span> <span class='ocrx_word' id='word_1_67' title='bbox 989 979 1236 1045; x_wconf 89' lang='lat' dir='ltr'><strong>homine,</strong></span> <span class='ocrx_word' id='word_1_68' title='bbox 1270 995 1379 1035; x_wconf 93' lang='lat' dir='ltr'><strong>non</strong></span> <span class='ocrx_word' id='word_1_69' title='bbox 1415 995 1511 1051; x_wconf 91' lang='lat' dir='ltr'><strong>per</strong></span> <span class='ocrx_word' id='word_1_70' title='bbox 1557 981 1726 1036; x_wconf 89' lang='lat' dir='ltr'><strong>alium</strong></span> <span class='ocrx_word' id='word_1_71' title='bbox 1781 988 2016 1052; x_wconf 83' lang='lat' dir='ltr'><strong>tyranno</strong></span> 
     </span>
    </p>
   </div>
   <div class='ocr_carea' id='block_1_13' title="bbox 424 1069 2017 1142">
    <p class='ocr_par' dir='ltr' id='par_1_13' title="bbox 424 1069 2017 1142">
     <span class='ocr_line' id='line_1_13' title="bbox 424 1069 2017 1142; baseline 0.004 -19"><span class='ocrx_word' id='word_1_72' title='bbox 424 1069 712 1125; x_wconf 71' lang='lat' dir='ltr'><strong>victoriam</strong></span> <span class='ocrx_word' id='word_1_73' title='bbox 779 1077 1109 1142; x_wconf 78' lang='lat' dir='ltr'><strong>extorquet,</strong></span> <span class='ocrx_word' id='word_1_74' title='bbox 1163 1085 1267 1127; x_wconf 92' lang='lat' dir='ltr'><strong>nec</strong></span> <span class='ocrx_word' id='word_1_75' title='bbox 1315 1071 1370 1126; x_wconf 87' lang='lat' dir='ltr'><strong>vi</strong></span> <span class='ocrx_word' id='word_1_76' title='bbox 1429 1071 1704 1127; x_wconf 84' lang='lat' dir='ltr'><strong>hominem</strong></span> <span class='ocrx_word' id='word_1_77' title='bbox 1759 1085 1789 1126; x_wconf 87' lang='lat' dir='ltr'><strong>a</strong></span> <span class='ocrx_word' id='word_1_78' title='bbox 1843 1080 2017 1130; x_wconf 88' lang='lat' dir='ltr'><strong>morte</strong></span> 
     </span>
    </p>
   </div>
   <div class='ocr_carea' id='block_1_14' title="bbox 423 1163 2017 1235">
    <p class='ocr_par' dir='ltr' id='par_1_14' title="bbox 423 1163 2017 1235">
     <span class='ocr_line' id='line_1_14' title="bbox 423 1163 2017 1235; baseline 0.001 -17"><span class='ocrx_word' id='word_1_79' title='bbox 423 1163 588 1233; x_wconf 84' lang='lat' dir='ltr'><strong>eripit</strong></span> <span class='ocrx_word' id='word_1_80' title='bbox 613 1181 627 1230; x_wconf 90' lang='lat'><strong>;</strong></span> <span class='ocrx_word' id='word_1_81' title='bbox 657 1163 754 1220; x_wconf 83' lang='lat' dir='ltr'><strong>sed</strong></span> <span class='ocrx_word' id='word_1_82' title='bbox 784 1179 945 1234; x_wconf 90' lang='lat' dir='ltr'><strong>quem</strong></span> <span class='ocrx_word' id='word_1_83' title='bbox 969 1179 1115 1220; x_wconf 83' lang='lat' dir='ltr'><strong>mors</strong></span> <span class='ocrx_word' id='word_1_84' title='bbox 1135 1164 1264 1218; x_wconf 91' lang='lat' dir='ltr'><strong>olim</strong></span> <span class='ocrx_word' id='word_1_85' title='bbox 1296 1171 1520 1235; x_wconf 90' lang='lat' dir='ltr'><strong>propter</strong></span> <span class='ocrx_word' id='word_1_86' title='bbox 1563 1175 1849 1235; x_wconf 90' lang='lat' dir='ltr'><strong>peccatum</strong></span> <span class='ocrx_word' id='word_1_87' title='bbox 1900 1179 2017 1220; x_wconf 82' lang='lat' dir='ltr'><strong>ser-</strong></span> 
     </span>
    </p>
   </div>
   <div class='ocr_carea' id='block_1_15' title="bbox 425 1253 2018 1328">
    <p class='ocr_par' dir='ltr' id='par_1_15' title="bbox 425 1253 2018 1328">
     <span class='ocr_line' id='line_1_15' title="bbox 425 1253 2018 1328; baseline 0.004 -22"><span class='ocrx_word' id='word_1_88' title='bbox 425 1253 583 1308; x_wconf 80' lang='lat' dir='ltr'><strong>vituli</strong></span> <span class='ocrx_word' id='word_1_89' title='bbox 644 1268 759 1309; x_wconf 71' lang='lat' dir='ltr'><strong>sua:</strong></span> <span class='ocrx_word' id='word_1_90' title='bbox 805 1253 1112 1317; x_wconf 83' lang='lat' dir='ltr'><strong>addixerat,</strong></span> <span class='ocrx_word' id='word_1_91' title='bbox 1170 1255 1317 1310; x_wconf 84' lang='lat' dir='ltr'><strong>hunc</strong></span> <span class='ocrx_word' id='word_1_92' title='bbox 1360 1255 1542 1312; x_wconf 87' lang='lat' dir='ltr'><strong>bonus</strong></span> <span class='ocrx_word' id='word_1_93' title='bbox 1585 1257 1677 1312; x_wconf 89' lang='lat' dir='ltr'><strong>ille</strong></span> <span class='ocrx_word' id='word_1_94' title='bbox 1719 1256 2018 1328; x_wconf 76' lang='lat' dir='ltr'><strong>iustusque</strong></span> 
     </span>
    </p>
   </div>
   <div class='ocr_carea' id='block_1_16' title="bbox 427 1343 2013 1418">
    <p class='ocr_par' dir='ltr' id='par_1_16' title="bbox 427 1343 2013 1418">
     <span class='ocr_line' id='line_1_16' title="bbox 427 1343 2013 1418; baseline 0.003 -22"><span class='ocrx_word' id='word_1_95' title='bbox 427 1343 690 1400; x_wconf 81' lang='lat' dir='ltr'><strong>victorem</strong></span> <span class='ocrx_word' id='word_1_96' title='bbox 724 1360 946 1402; x_wconf 87' lang='lat' dir='ltr'><strong>rursum</strong></span> <span class='ocrx_word' id='word_1_97' title='bbox 999 1345 1173 1414; x_wconf 72' lang='lat' dir='ltr'><strong>fecit;</strong></span> <span class='ocrx_word' id='word_1_98' title='bbox 1207 1347 1466 1418; x_wconf 86' lang='lat' dir='ltr'><strong>quodque</strong></span> <span class='ocrx_word' id='word_1_99' title='bbox 1524 1349 1673 1404; x_wconf 85' lang='lat' dir='ltr'><strong>nulla</strong></span> <span class='ocrx_word' id='word_1_100' title='bbox 1730 1357 1850 1404; x_wconf 85' lang='lat' dir='ltr'><strong>arte</strong></span> <span class='ocrx_word' id='word_1_101' title='bbox 1896 1345 2013 1402; x_wconf 83' lang='lat' dir='ltr'><strong>ﬁeri</strong></span> 
     </span>
    </p>
   </div>
   <div class='ocr_carea' id='block_1_17' title="bbox 427 1434 2012 1508">
    <p class='ocr_par' dir='ltr' id='par_1_17' title="bbox 427 1434 2012 1508">
     <span class='ocr_line' id='line_1_17' title="bbox 427 1434 2012 1508; baseline 0.001 -19"><span class='ocrx_word' id='word_1_102' title='bbox 427 1445 594 1508; x_wconf 84' lang='lat' dir='ltr'><strong>posse</strong></span> <span class='ocrx_word' id='word_1_103' title='bbox 649 1434 956 1500; x_wconf 81' lang='lat' dir='ltr'><strong>videbatur,</strong></span> <span class='ocrx_word' id='word_1_104' title='bbox 1010 1435 1190 1492; x_wconf 85' lang='lat' dir='ltr'><strong>simile</strong></span> <span class='ocrx_word' id='word_1_105' title='bbox 1239 1437 1436 1493; x_wconf 84' lang='lat' dir='ltr'><strong>similis</strong></span> <span class='ocrx_word' id='word_1_106' title='bbox 1495 1451 1662 1507; x_wconf 82' lang='lat' dir='ltr'><strong>Opera</strong></span> <span class='ocrx_word' id='word_1_107' title='bbox 1718 1437 2012 1492; x_wconf 81' lang='lat' dir='ltr'><strong>liberavit:</strong></span> 
     </span>
    </p>
   </div>
   <div class='ocr_carea' id='block_1_18' title="bbox 385 1525 2014 1598">
    <p class='ocr_par' dir='ltr' id='par_1_18' title="bbox 385 1525 2014 1598">
     <span class='ocr_line' id='line_1_18' title="bbox 385 1525 2014 1598; baseline -0.001 -14"><span class='ocrx_word' id='word_1_108' title='bbox 385 1569 399 1594; x_wconf 85' lang='lat'><strong><em>.</em></strong></span> <span class='ocrx_word' id='word_1_109' title='bbox 427 1525 699 1595; x_wconf 79' lang='lat' dir='ltr'><strong>sapientia</strong></span> <span class='ocrx_word' id='word_1_110' title='bbox 728 1525 983 1597; x_wconf 83' lang='lat' dir='ltr'><strong>denique,</strong></span> <span class='ocrx_word' id='word_1_111' title='bbox 1012 1525 1158 1598; x_wconf 90' lang='lat' dir='ltr'><strong>quod</strong></span> <span class='ocrx_word' id='word_1_112' title='bbox 1185 1528 1260 1582; x_wconf 86' lang='lat' dir='ltr'><strong>rei</strong></span> <span class='ocrx_word' id='word_1_113' title='bbox 1316 1542 1579 1598; x_wconf 87' lang='lat' dir='ltr'><strong>perquam</strong></span> <span class='ocrx_word' id='word_1_114' title='bbox 1611 1527 1820 1582; x_wconf 80' lang='lat' dir='ltr'><strong>difﬁcili</strong></span> <span class='ocrx_word' id='word_1_115' title='bbox 1878 1542 2014 1582; x_wconf 88' lang='lat' dir='ltr'><strong>con-</strong></span> 
     </span>
    </p>
   </div>
   <div class='ocr_carea' id='block_1_19' title="bbox 2115 423 3742 508">
    <p class='ocr_par' dir='ltr' id='par_1_19' title="bbox 2115 423 3742 508">
     <span class='ocr_line' id='line_1_19' title="bbox 2115 423 3742 508; baseline -0.012 -15"><span class='ocrx_word' id='word_1_116' title='bbox 2115 455 2202 492; x_wconf 87' lang='grc' dir='ltr'><strong>ται</strong></span> <span class='ocrx_word' id='word_1_117' title='bbox 2227 439 2342 508; x_wconf 76' lang='grc' dir='ltr'>ἅμα</span> <span class='ocrx_word' id='word_1_118' title='bbox 2367 439 2428 491; x_wconf 89' lang='grc' dir='ltr'><strong>τὸ</strong></span> <span class='ocrx_word' id='word_1_119' title='bbox 2457 436 2662 503; x_wconf 85' lang='grc' dir='ltr'>ἀγαθὸν</span> <span class='ocrx_word' id='word_1_120' title='bbox 2713 436 2808 490; x_wconf 70' lang='grc' dir='ltr'>καὶ</span> <span class='ocrx_word' id='word_1_121' title='bbox 2841 433 2900 486; x_wconf 86' lang='grc' dir='ltr'><strong>τὸ</strong></span> <span class='ocrx_word' id='word_1_122' title='bbox 2941 431 3127 500; x_wconf 88' lang='grc' dir='ltr'>σοφὸν,</span> <span class='ocrx_word' id='word_1_123' title='bbox 3161 429 3224 481; x_wconf 85' lang='grc' dir='ltr'><strong>τὸ</strong></span> <span class='ocrx_word' id='word_1_124' title='bbox 3281 425 3507 480; x_wconf 83' lang='grc' dir='ltr'>δίκαιόν</span> <span class='ocrx_word' id='word_1_125' title='bbox 3529 440 3594 476; x_wconf 91' lang='grc' dir='ltr'><strong>τε</strong></span> <span class='ocrx_word' id='word_1_126' title='bbox 3625 423 3742 475; x_wconf 76' lang='grc' dir='ltr'>καὶ</span> 
     </span>
    </p>
   </div>
   <div class='ocr_carea' id='block_1_20' title="bbox 2113 513 3738 595">
    <p class='ocr_par' dir='ltr' id='par_1_20' title="bbox 2113 513 3738 595">
     <span class='ocr_line' id='line_1_20' title="bbox 2113 513 3738 595; baseline -0.011 -13"><span class='ocrx_word' id='word_1_127' title='bbox 2113 531 2175 582; x_wconf 87' lang='grc' dir='ltr'><strong>τὸ</strong></span> <span class='ocrx_word' id='word_1_128' title='bbox 2195 529 2420 583; x_wconf 84' lang='grc' dir='ltr'>δυνατὸν</span> <span class='ocrx_word' id='word_1_129' title='bbox 2441 527 2534 582; x_wconf 84' lang='grc' dir='ltr'><strong>τοῦ</strong></span> <span class='ocrx_word' id='word_1_130' title='bbox 2556 525 2692 580; x_wconf 91' lang='grc' dir='ltr'>Θεοῦ</span> <span class='ocrx_word' id='word_1_131' title='bbox 2719 543 2732 555; x_wconf 94' lang='grc'><strong>·</strong></span> <span class='ocrx_word' id='word_1_132' title='bbox 2766 525 2826 577; x_wconf 86' lang='grc' dir='ltr'><strong>τὸ</strong></span> <span class='ocrx_word' id='word_1_133' title='bbox 2852 523 2950 595; x_wconf 80' lang='grc' dir='ltr'>μὲν</span> <span class='ocrx_word' id='word_1_134' title='bbox 2978 519 3200 589; x_wconf 79' lang='grc' dir='ltr'>ἀγαθὸν,</span> <span class='ocrx_word' id='word_1_135' title='bbox 3217 520 3302 571; x_wconf 76' lang='grc' dir='ltr'>ὅτι</span> <span class='ocrx_word' id='word_1_136' title='bbox 3329 517 3397 570; x_wconf 86' lang='grc' dir='ltr'><strong>οὑ</strong></span> <span class='ocrx_word' id='word_1_137' title='bbox 3429 513 3738 585; x_wconf 70' lang='grc' dir='ltr'>παρεῖδεν</span> 
     </span>
    </p>
   </div>
   <div class='ocr_carea' id='block_1_21' title="bbox 2113 603 3737 688">
    <p class='ocr_par' dir='ltr' id='par_1_21' title="bbox 2113 603 3737 688">
     <span class='ocr_line' id='line_1_21' title="bbox 2113 603 3737 688; baseline -0.012 -14"><span class='ocrx_word' id='word_1_138' title='bbox 2113 619 2208 674; x_wconf 87' lang='grc' dir='ltr'><strong>τοῦ</strong></span> <span class='ocrx_word' id='word_1_139' title='bbox 2242 618 2444 673; x_wconf 75' lang='grc' dir='ltr'><strong>οἰκείου</strong></span> <span class='ocrx_word' id='word_1_140' title='bbox 2475 619 2793 688; x_wconf 80' lang='grc' dir='ltr'><strong>πλάσματος</strong></span> <span class='ocrx_word' id='word_1_141' title='bbox 2831 615 2930 684; x_wconf 78' lang='grc' dir='ltr'>τὴν</span> <span class='ocrx_word' id='word_1_142' title='bbox 2959 611 3263 673; x_wconf 83' lang='grc' dir='ltr'>ἀσθένειαν,</span> <span class='ocrx_word' id='word_1_143' title='bbox 3307 606 3429 662; x_wconf 83' lang='grc' dir='ltr'>ἀλλ’</span> <span class='ocrx_word' id='word_1_144' title='bbox 3463 603 3737 671; x_wconf 76' lang='grc' dir='ltr'>ἐσπλαγ-</span> 
     </span>
    </p>
   </div>
   <div class='ocr_carea' id='block_1_22' title="bbox 2115 694 3732 781">
    <p class='ocr_par' dir='ltr' id='par_1_22' title="bbox 2115 694 3732 781">
     <span class='ocr_line' id='line_1_22' title="bbox 2115 694 3732 781; baseline -0.012 -16"><span class='ocrx_word' id='word_1_145' title='bbox 2115 710 2308 781; x_wconf 84' lang='grc' dir='ltr'>χνίσθη</span> <span class='ocrx_word' id='word_1_146' title='bbox 2345 710 2432 762; x_wconf 73' lang='grc' dir='ltr'><strong>ἐπ’</strong></span> <span class='ocrx_word' id='word_1_147' title='bbox 2470 707 2618 778; x_wconf 82' lang='grc' dir='ltr'>αὐτῷ</span> <span class='ocrx_word' id='word_1_148' title='bbox 2649 705 2888 767; x_wconf 88' lang='grc' dir='ltr'>πεσόντι,</span> <span class='ocrx_word' id='word_1_149' title='bbox 2913 702 3008 756; x_wconf 74' lang='grc' dir='ltr'>καὶ</span> <span class='ocrx_word' id='word_1_150' title='bbox 3034 703 3190 771; x_wconf 85' lang='grc' dir='ltr'>χεῖρα</span> <span class='ocrx_word' id='word_1_151' title='bbox 3219 697 3426 768; x_wconf 77' lang='grc' dir='ltr'>ὤρεξε·</span> <span class='ocrx_word' id='word_1_152' title='bbox 3476 695 3542 748; x_wconf 85' lang='grc' dir='ltr'><strong>τὸ</strong></span> <span class='ocrx_word' id='word_1_153' title='bbox 3598 694 3666 746; x_wconf 80' lang='grc' dir='ltr'><strong>δὲ</strong></span> <span class='ocrx_word' id='word_1_154' title='bbox 3701 700 3732 730; x_wconf 74' lang='grc' dir='ltr'><strong><em>ι</em></strong></span> 
     </span>
    </p>
   </div>
   <div class='ocr_carea' id='block_1_23' title="bbox 2114 785 3736 868">
    <p class='ocr_par' dir='ltr' id='par_1_23' title="bbox 2114 785 3736 868">
     <span class='ocr_line' id='line_1_23' title="bbox 2114 785 3736 868; baseline -0.012 -14"><span class='ocrx_word' id='word_1_155' title='bbox 2114 802 2344 866; x_wconf 86' lang='grc' dir='ltr'>δίκαιον,</span> <span class='ocrx_word' id='word_1_156' title='bbox 2370 801 2453 854; x_wconf 83' lang='grc' dir='ltr'>ὅτι</span> <span class='ocrx_word' id='word_1_157' title='bbox 2479 796 2767 868; x_wconf 84' lang='grc' dir='ltr'>ἀνθρώπου</span> <span class='ocrx_word' id='word_1_158' title='bbox 2813 792 3154 865; x_wconf 78' lang='grc' dir='ltr'><strong>ἡττηθέντος,</strong></span> <span class='ocrx_word' id='word_1_159' title='bbox 3189 791 3290 859; x_wconf 83' lang='grc' dir='ltr'><strong>οὑχ</strong></span> <span class='ocrx_word' id='word_1_160' title='bbox 3319 789 3519 859; x_wconf 72' lang='grc' dir='ltr'>ἕτερον</span> <span class='ocrx_word' id='word_1_161' title='bbox 3562 785 3736 838; x_wconf 81' lang='grc' dir='ltr'>ποιεῖ</span> 
     </span>
    </p>
   </div>
   <div class='ocr_carea' id='block_1_24' title="bbox 2115 875 3726 962">
    <p class='ocr_par' dir='ltr' id='par_1_24' title="bbox 2115 875 3726 962">
     <span class='ocr_line' id='line_1_24' title="bbox 2115 875 3726 962; baseline -0.011 -17"><span class='ocrx_word' id='word_1_162' title='bbox 2115 893 2336 962; x_wconf 80' lang='grc' dir='ltr'>νικῆσαι</span> <span class='ocrx_word' id='word_1_163' title='bbox 2359 891 2451 944; x_wconf 86' lang='grc' dir='ltr'><strong>τὸν</strong></span> <span class='ocrx_word' id='word_1_164' title='bbox 2489 889 2776 960; x_wconf 84' lang='grc' dir='ltr'>τύραννον,</span> <span class='ocrx_word' id='word_1_165' title='bbox 2819 885 2939 938; x_wconf 79' lang='grc' dir='ltr'>οὐδὲ</span> <span class='ocrx_word' id='word_1_166' title='bbox 2970 882 3062 953; x_wconf 73' lang='grc' dir='ltr'>βία</span> <span class='ocrx_word' id='word_1_167' title='bbox 3077 879 3383 951; x_wconf 69' lang='grc' dir='ltr'>ἐξαρπάζει</span> <span class='ocrx_word' id='word_1_168' title='bbox 3407 876 3510 932; x_wconf 90' lang='grc' dir='ltr'><strong>τοῦ</strong></span> <span class='ocrx_word' id='word_1_169' title='bbox 3537 875 3726 929; x_wconf 77' lang='grc' dir='ltr'>θανά-</span> 
     </span>
    </p>
   </div>
   <div class='ocr_carea' id='block_1_25' title="bbox 2113 971 3729 1053">
    <p class='ocr_par' dir='ltr' id='par_1_25' title="bbox 2113 971 3729 1053">
     <span class='ocr_line' id='line_1_25' title="bbox 2113 971 3729 1053; baseline -0.011 -15"><span class='ocrx_word' id='word_1_170' title='bbox 2113 1002 2205 1038; x_wconf 91' lang='grc' dir='ltr'><strong>του</strong></span> <span class='ocrx_word' id='word_1_171' title='bbox 2234 985 2327 1037; x_wconf 89' lang='grc' dir='ltr'><strong>τὸν</strong></span> <span class='ocrx_word' id='word_1_172' title='bbox 2359 982 2667 1053; x_wconf 75' lang='grc' dir='ltr'>ἄνθρωπον,</span> <span class='ocrx_word' id='word_1_173' title='bbox 2715 977 2830 1033; x_wconf 81' lang='grc' dir='ltr'>ἀλλ’</span> <span class='ocrx_word' id='word_1_174' title='bbox 2865 977 2923 1030; x_wconf 82' lang='grc' dir='ltr'>ὃν</span> <span class='ocrx_word' id='word_1_175' title='bbox 2969 976 3140 1030; x_wconf 87' lang='grc' dir='ltr'>πάλαι</span> <span class='ocrx_word' id='word_1_176' title='bbox 3163 974 3250 1027; x_wconf 79' lang='grc' dir='ltr'>διὰ</span> <span class='ocrx_word' id='word_1_177' title='bbox 3277 973 3380 1037; x_wconf 77' lang='grc' dir='ltr'><strong>τὰς</strong></span> <span class='ocrx_word' id='word_1_178' title='bbox 3415 971 3729 1043; x_wconf 84' lang='grc' dir='ltr'>ἁμαρτίας</span> 
     </span>
    </p>
   </div>
   <div class='ocr_carea' id='block_1_26' title="bbox 2115 1061 3731 1134">
    <p class='ocr_par' dir='ltr' id='par_1_26' title="bbox 2115 1061 3731 1134">
     <span class='ocr_line' id='line_1_26' title="bbox 2115 1061 3731 1134; baseline -0.009 -5"><span class='ocrx_word' id='word_1_179' title='bbox 2115 1074 2542 1129; x_wconf 80' lang='grc' dir='ltr'><strong>καταδουλοῦται</strong></span> <span class='ocrx_word' id='word_1_180' title='bbox 2590 1075 2618 1126; x_wconf 99' lang='lat'><strong>6</strong></span> <span class='ocrx_word' id='word_1_181' title='bbox 2655 1071 2905 1134; x_wconf 86' lang='grc' dir='ltr'>θάνατος,</span> <span class='ocrx_word' id='word_1_182' title='bbox 2943 1067 3136 1121; x_wconf 86' lang='grc' dir='ltr'>τοῦτον</span> <span class='ocrx_word' id='word_1_183' title='bbox 3159 1067 3189 1118; x_wconf 89' lang='lat'><strong>6</strong></span> <span class='ocrx_word' id='word_1_184' title='bbox 3235 1064 3468 1132; x_wconf 84' lang='grc' dir='ltr'>ἀγαθὸς,</span> <span class='ocrx_word' id='word_1_185' title='bbox 3498 1061 3608 1116; x_wconf 73' lang='grc' dir='ltr'>καὶ</span> <span class='ocrx_word' id='word_1_186' title='bbox 3640 1062 3731 1115; x_wconf 77' lang='grc' dir='ltr'><strong>δί-</strong></span> 
     </span>
    </p>
   </div>
   <div class='ocr_carea' id='block_1_27' title="bbox 2113 1155 3728 1239">
    <p class='ocr_par' dir='ltr' id='par_1_27' title="bbox 2113 1155 3728 1239">
     <span class='ocr_line' id='line_1_27' title="bbox 2113 1155 3728 1239; baseline -0.01 -15"><span class='ocrx_word' id='word_1_187' title='bbox 2113 1167 2542 1239; x_wconf 76' lang='grc' dir='ltr'>καιος,νικητήν</span> <span class='ocrx_word' id='word_1_188' title='bbox 2594 1166 2756 1219; x_wconf 82' lang='grc' dir='ltr'>πάλιν</span> <span class='ocrx_word' id='word_1_189' title='bbox 2804 1162 3094 1232; x_wconf 86' lang='grc' dir='ltr'>πεποίηκε,</span> <span class='ocrx_word' id='word_1_190' title='bbox 3140 1160 3235 1213; x_wconf 73' lang='grc' dir='ltr'>καὶ</span> <span class='ocrx_word' id='word_1_191' title='bbox 3264 1157 3343 1227; x_wconf 83' lang='grc' dir='ltr'>τῷ</span> <span class='ocrx_word' id='word_1_192' title='bbox 3387 1156 3571 1226; x_wconf 80' lang='grc' dir='ltr'>ὁμοίῳ</span> <span class='ocrx_word' id='word_1_193' title='bbox 3621 1155 3728 1208; x_wconf 76' lang='grc' dir='ltr'><strong>τὸν</strong></span> 
     </span>
    </p>
   </div>
   <div class='ocr_carea' id='block_1_28' title="bbox 2113 1247 3727 1329">
    <p class='ocr_par' dir='ltr' id='par_1_28' title="bbox 2113 1247 3727 1329">
     <span class='ocr_line' id='line_1_28' title="bbox 2113 1247 3727 1329; baseline -0.01 -15"><span class='ocrx_word' id='word_1_194' title='bbox 2113 1261 2296 1329; x_wconf 75' lang='grc' dir='ltr'>ὅμοιον</span> <span class='ocrx_word' id='word_1_195' title='bbox 2317 1258 2648 1319; x_wconf 79' lang='grc' dir='ltr'>ἀνεσώσατο,</span> <span class='ocrx_word' id='word_1_196' title='bbox 2683 1257 2819 1325; x_wconf 83' lang='grc' dir='ltr'>ὅπερ</span> <span class='ocrx_word' id='word_1_197' title='bbox 2855 1253 3060 1321; x_wconf 73' lang='grc' dir='ltr'>ἄπορον</span> <span class='ocrx_word' id='word_1_198' title='bbox 3081 1247 3172 1321; x_wconf 80' lang='grc' dir='ltr'>ἦν,</span> <span class='ocrx_word' id='word_1_199' title='bbox 3199 1250 3260 1302; x_wconf 89' lang='grc' dir='ltr'><strong>τὸ</strong></span> <span class='ocrx_word' id='word_1_200' title='bbox 3296 1249 3351 1301; x_wconf 73' lang='grc' dir='ltr'><strong>δὲ</strong></span> <span class='ocrx_word' id='word_1_201' title='bbox 3385 1247 3582 1316; x_wconf 72' lang='grc' dir='ltr'>σοφὸν,</span> <span class='ocrx_word' id='word_1_202' title='bbox 3630 1247 3727 1298; x_wconf 79' lang='grc' dir='ltr'>ὅτι</span> 
     </span>
    </p>
   </div>
   <div class='ocr_carea' id='block_1_29' title="bbox 2114 1337 3725 1417">
    <p class='ocr_par' dir='ltr' id='par_1_29' title="bbox 2114 1337 3725 1417">
     <span class='ocr_line' id='line_1_29' title="bbox 2114 1337 3725 1417; baseline -0.006 -18"><span class='ocrx_word' id='word_1_203' title='bbox 2114 1342 2240 1417; x_wconf 80' lang='grc' dir='ltr'>εὗρε</span> <span class='ocrx_word' id='word_1_204' title='bbox 2262 1346 2358 1399; x_wconf 85' lang='grc' dir='ltr'><strong>τοῦ</strong></span> <span class='ocrx_word' id='word_1_205' title='bbox 2383 1345 2588 1415; x_wconf 83' lang='grc' dir='ltr'>ἀπόρου</span> <span class='ocrx_word' id='word_1_206' title='bbox 2627 1345 2784 1399; x_wconf 83' lang='grc' dir='ltr'>λύσιν</span> <span class='ocrx_word' id='word_1_207' title='bbox 2811 1341 3293 1412; x_wconf 80' lang='grc' dir='ltr'>εὐπρεπεστάτην.</span> <span class='ocrx_word' id='word_1_208' title='bbox 3323 1337 3565 1408; x_wconf 78' lang='grc' dir='ltr'>Εὑδοκίᾳ</span> <span class='ocrx_word' id='word_1_209' title='bbox 3592 1337 3725 1405; x_wconf 80' lang='grc' dir='ltr'><strong>γὰρ</strong></span> 
     </span>
    </p>
   </div>
   <div class='ocr_carea' id='block_1_30' title="bbox 2114 1431 3722 1509">
    <p class='ocr_par' dir='ltr' id='par_1_30' title="bbox 2114 1431 3722 1509">
     <span class='ocr_line' id='line_1_30' title="bbox 2114 1431 3722 1509; baseline -0.007 -17"><span class='ocrx_word' id='word_1_210' title='bbox 2114 1439 2211 1492; x_wconf 91' lang='grc' dir='ltr'><strong>τοῦ</strong></span> <span class='ocrx_word' id='word_1_211' title='bbox 2233 1437 2370 1492; x_wconf 90' lang='grc' dir='ltr'>Θεοῦ</span> <span class='ocrx_word' id='word_1_212' title='bbox 2399 1439 2493 1491; x_wconf 72' lang='grc' dir='ltr'>καὶ</span> <span class='ocrx_word' id='word_1_213' title='bbox 2529 1438 2762 1509; x_wconf 84' lang='grc' dir='ltr'>Πατρὸς,</span> <span class='ocrx_word' id='word_1_214' title='bbox 2802 1439 2831 1490; x_wconf 88' lang='lat'><strong>6</strong></span> <span class='ocrx_word' id='word_1_215' title='bbox 2873 1433 3166 1507; x_wconf 78' lang='grc' dir='ltr'>μονογενὴς</span> <span class='ocrx_word' id='word_1_216' title='bbox 3195 1433 3347 1498; x_wconf 76' lang='grc' dir='ltr'>Υἱὸς,</span> <span class='ocrx_word' id='word_1_217' title='bbox 3384 1431 3483 1483; x_wconf 77' lang='grc' dir='ltr'>καὶ</span> <span class='ocrx_word' id='word_1_218' title='bbox 3524 1431 3722 1498; x_wconf 81' lang='grc' dir='ltr'>Λόγος</span> 
     </span>
    </p>
   </div>
   <div class='ocr_carea' id='block_1_31' title="bbox 2113 1520 3718 1597">
    <p class='ocr_par' dir='ltr' id='par_1_31' title="bbox 2113 1520 3718 1597">
     <span class='ocr_line' id='line_1_31' title="bbox 2113 1520 3718 1597; baseline -0.006 -15"><span class='ocrx_word' id='word_1_219' title='bbox 2113 1530 2208 1584; x_wconf 90' lang='grc' dir='ltr'><strong>τοῦ</strong></span> <span class='ocrx_word' id='word_1_220' title='bbox 2237 1530 2396 1593; x_wconf 85' lang='grc' dir='ltr'>Θεοῦ,</span> <span class='ocrx_word' id='word_1_221' title='bbox 2420 1530 2514 1583; x_wconf 78' lang='grc' dir='ltr'>καὶ</span> <span class='ocrx_word' id='word_1_222' title='bbox 2547 1529 2700 1597; x_wconf 82' lang='grc' dir='ltr'>Θεὸς,</span> <span class='ocrx_word' id='word_1_223' title='bbox 2726 1531 2754 1582; x_wconf 91' lang='lat'><strong>6</strong></span> <span class='ocrx_word' id='word_1_224' title='bbox 2787 1527 2861 1580; x_wconf 85' lang='grc' dir='ltr'>ὣν</span> <span class='ocrx_word' id='word_1_225' title='bbox 2882 1528 2962 1589; x_wconf 82' lang='grc' dir='ltr'><strong>είς</strong></span> <span class='ocrx_word' id='word_1_226' title='bbox 2981 1525 3075 1579; x_wconf 88' lang='grc' dir='ltr'><strong>τὸν</strong></span> <span class='ocrx_word' id='word_1_227' title='bbox 3103 1523 3304 1576; x_wconf 80' lang='grc' dir='ltr'>κόλπον</span> <span class='ocrx_word' id='word_1_228' title='bbox 3325 1521 3425 1575; x_wconf 83' lang='grc' dir='ltr'><strong>τοῦ</strong></span> <span class='ocrx_word' id='word_1_229' title='bbox 3441 1520 3587 1574; x_wconf 89' lang='grc' dir='ltr'>Θεοῦ</span> <span class='ocrx_word' id='word_1_230' title='bbox 3609 1523 3718 1574; x_wconf 74' lang='grc' dir='ltr'>καὶ</span> 
     </span>
    </p>
   </div>
   <div class='ocr_carea' id='block_1_32' title="bbox 427 1611 2013 1690">
    <p class='ocr_par' dir='ltr' id='par_1_32' title="bbox 427 1614 2013 1680">
     <span class='ocr_line' id='line_1_32' title="bbox 427 1614 2013 1680; baseline 0.004 -13"><span class='ocrx_word' id='word_1_231' title='bbox 427 1614 876 1680; x_wconf 71' lang='lat' dir='ltr'><strong>gruentissimum</strong></span> <span class='ocrx_word' id='word_1_232' title='bbox 909 1616 1117 1672; x_wconf 85' lang='lat' dir='ltr'><strong>exitum</strong></span> <span class='ocrx_word' id='word_1_233' title='bbox 1169 1617 1378 1672; x_wconf 80' lang='lat' dir='ltr'><strong>invenit</strong></span> <span class='ocrx_word' id='word_1_234' title='bbox 1418 1617 1486 1673; x_wconf 67' lang='grc'><strong>’³.</strong></span> <span class='ocrx_word' id='word_1_235' title='bbox 1527 1617 1740 1672; x_wconf 87' lang='lat' dir='ltr'><strong>Etenim</strong></span> <span class='ocrx_word' id='word_1_236' title='bbox 1806 1616 1901 1672; x_wconf 87' lang='lat' dir='ltr'><strong>Dei</strong></span> <span class='ocrx_word' id='word_1_237' title='bbox 1951 1631 2013 1673; x_wconf 91' lang='lat' dir='ltr'><strong>ac</strong></span> 
     </span>
    </p>
   </div>
   <div class='ocr_carea' id='block_1_33' title="bbox 2117 1611 3718 1690">
    <p class='ocr_par' dir='ltr' id='par_1_33' title="bbox 2117 1611 3718 1690">
     <span class='ocr_line' id='line_1_33' title="bbox 2117 1611 3718 1690; baseline -0.006 -17"><span class='ocrx_word' id='word_1_238' title='bbox 2117 1619 2351 1690; x_wconf 86' lang='grc' dir='ltr'>Πατρὸς,</span> <span class='ocrx_word' id='word_1_239' title='bbox 2382 1618 2710 1688; x_wconf 79' lang='grc' dir='ltr'>ὀὸμοούσιος</span> <span class='ocrx_word' id='word_1_240' title='bbox 2758 1617 2834 1686; x_wconf 84' lang='grc' dir='ltr'><strong>τῷ</strong></span> <span class='ocrx_word' id='word_1_241' title='bbox 2864 1616 3062 1685; x_wconf 65' lang='lat' dir='ltr'><strong>Bai-pl,</strong></span> <span class='ocrx_word' id='word_1_242' title='bbox 3089 1614 3184 1666; x_wconf 72' lang='grc' dir='ltr'>καὶ</span> <span class='ocrx_word' id='word_1_243' title='bbox 3235 1611 3312 1682; x_wconf 83' lang='grc' dir='ltr'>τῷ</span> <span class='ocrx_word' id='word_1_244' title='bbox 3345 1612 3490 1680; x_wconf 82' lang='grc' dir='ltr'>ἁγίῳ</span> <span class='ocrx_word' id='word_1_245' title='bbox 3523 1612 3718 1665; x_wconf 81' lang='grc' dir='ltr'><strong>[1νεύ-</strong></span> 
     </span>
    </p>
   </div>
   <div class='ocr_carea' id='block_1_34' title="bbox 426 1683 2013 1782">
    <p class='ocr_par' dir='ltr' id='par_1_34' title="bbox 426 1705 2012 1782">
     <span class='ocr_line' id='line_1_34' title="bbox 426 1705 2012 1782; baseline 0.003 -22"><span class='ocrx_word' id='word_1_246' title='bbox 426 1705 608 1762; x_wconf 80' lang='lat' dir='ltr'><strong>Patris</strong></span> <span class='ocrx_word' id='word_1_247' title='bbox 643 1708 1044 1782; x_wconf 71' lang='lat' dir='ltr'><strong>benevolentia,</strong></span> <span class='ocrx_word' id='word_1_248' title='bbox 1073 1709 1389 1779; x_wconf 84' lang='lat' dir='ltr'><strong>unigenitus</strong></span> <span class='ocrx_word' id='word_1_249' title='bbox 1411 1709 1585 1766; x_wconf 85' lang='lat' dir='ltr'><strong>Filius</strong></span> <span class='ocrx_word' id='word_1_250' title='bbox 1615 1723 1680 1765; x_wconf 90' lang='lat' dir='ltr'><strong>ac</strong></span> <span class='ocrx_word' id='word_1_251' title='bbox 1718 1709 1886 1777; x_wconf 81' lang='lat' dir='ltr'><strong>Deus,</strong></span> <span class='ocrx_word' id='word_1_252' title='bbox 1917 1709 2012 1780; x_wconf 92' lang='lat' dir='ltr'><strong>qui</strong></span> 
     </span>
    </p>
   </div>
   <div class='ocr_carea' id='block_1_35' title="bbox 2117 1683 3714 1782">
    <p class='ocr_par' dir='ltr' id='par_1_35' title="bbox 2117 1683 3714 1782">
     <span class='ocr_line' id='line_1_35' title="bbox 2117 1683 3714 1782; baseline -0.004 -19"><span class='ocrx_word' id='word_1_253' title='bbox 2117 1683 2270 1782; x_wconf 73' lang='grc' dir='ltr'>ματί,</span> <span class='ocrx_word' id='word_1_254' title='bbox 2297 1683 2345 1763; x_wconf 24' lang='lat'><em>6‘</em></span> <span class='ocrx_word' id='word_1_255' title='bbox 2369 1683 2716 1781; x_wconf 79' lang='grc' dir='ltr'>προαιώνιος,</span> <span class='ocrx_word' id='word_1_256' title='bbox 2772 1683 2818 1760; x_wconf 33' lang='lat'><em>6&#39;</em></span> <span class='ocrx_word' id='word_1_257' title='bbox 2847 1683 3112 1775; x_wconf 77' lang='grc' dir='ltr'>ἄναρχος,</span> <span class='ocrx_word' id='word_1_258' title='bbox 3141 1705 3170 1756; x_wconf 87' lang='grc' dir='ltr'>ὁ</span> <span class='ocrx_word' id='word_1_259' title='bbox 3198 1705 3257 1756; x_wconf 76' lang='grc' dir='ltr'>ὲν</span> <span class='ocrx_word' id='word_1_260' title='bbox 3282 1705 3426 1772; x_wconf 76' lang='grc' dir='ltr'>ἀρχῇ</span> <span class='ocrx_word' id='word_1_261' title='bbox 3455 1702 3561 1765; x_wconf 80' lang='grc' dir='ltr'>ὢν,</span> <span class='ocrx_word' id='word_1_262' title='bbox 3603 1705 3714 1757; x_wconf 79' lang='grc' dir='ltr'>καὶ</span> 
     </span>
    </p>
   </div>
   <div class='ocr_carea' id='block_1_36' title="bbox 429 1795 2015 1869">
    <p class='ocr_par' dir='ltr' id='par_1_36' title="bbox 429 1795 2015 1869">
     <span class='ocr_line' id='line_1_36' title="bbox 429 1795 2015 1869; baseline 0.001 -17"><span class='ocrx_word' id='word_1_263' title='bbox 429 1796 485 1852; x_wconf 87' lang='lat' dir='ltr'><strong>in</strong></span> <span class='ocrx_word' id='word_1_264' title='bbox 512 1795 609 1852; x_wconf 88' lang='lat' dir='ltr'><strong>Dei</strong></span> <span class='ocrx_word' id='word_1_265' title='bbox 641 1811 705 1853; x_wconf 88' lang='lat' dir='ltr'><strong>ac</strong></span> <span class='ocrx_word' id='word_1_266' title='bbox 733 1795 915 1856; x_wconf 84' lang='lat' dir='ltr'><strong>Patris</strong></span> <span class='ocrx_word' id='word_1_267' title='bbox 951 1799 1076 1855; x_wconf 86' lang='lat' dir='ltr'><strong>sinu</strong></span> <span class='ocrx_word' id='word_1_268' title='bbox 1109 1807 1226 1855; x_wconf 88' lang='lat' dir='ltr'><strong>erat</strong></span> <span class='ocrx_word' id='word_1_269' title='bbox 1265 1800 1353 1865; x_wconf 80' lang='lat'><strong>&quot;;</strong></span> <span class='ocrx_word' id='word_1_270' title='bbox 1387 1799 1500 1864; x_wconf 85' lang='lat' dir='ltr'><strong>ille,</strong></span> <span class='ocrx_word' id='word_1_271' title='bbox 1557 1799 1805 1869; x_wconf 90' lang='lat' dir='ltr'><strong>inquam,</strong></span> <span class='ocrx_word' id='word_1_272' title='bbox 1865 1799 2015 1869; x_wconf 84' lang='lat' dir='ltr'><strong>ejus-</strong></span> 
     </span>
    </p>
   </div>
   <div class='ocr_carea' id='block_1_37' title="bbox 428 1886 2016 1961">
    <p class='ocr_par' dir='ltr' id='par_1_37' title="bbox 428 1886 2016 1961">
     <span class='ocr_line' id='line_1_37' title="bbox 428 1886 2016 1961; baseline 0.002 -18"><span class='ocrx_word' id='word_1_273' title='bbox 428 1886 553 1943; x_wconf 83' lang='lat' dir='ltr'><strong>dem</strong></span> <span class='ocrx_word' id='word_1_274' title='bbox 585 1902 650 1944; x_wconf 81' lang='lat' dir='ltr'><strong>ac</strong></span> <span class='ocrx_word' id='word_1_275' title='bbox 676 1887 837 1946; x_wconf 85' lang='lat' dir='ltr'><strong>Pater</strong></span> <span class='ocrx_word' id='word_1_276' title='bbox 865 1901 1202 1961; x_wconf 80' lang='lat' dir='ltr'><strong>sanctusque</strong></span> <span class='ocrx_word' id='word_1_277' title='bbox 1232 1890 1470 1961; x_wconf 85' lang='lat' dir='ltr'><strong>Spiritus</strong></span> <span class='ocrx_word' id='word_1_278' title='bbox 1521 1891 1846 1946; x_wconf 70' lang='lat' dir='ltr'><strong>substantiae</strong></span> <span class='ocrx_word' id='word_1_279' title='bbox 1874 1908 1889 1958; x_wconf 92' lang='lat'><strong>;</strong></span> <span class='ocrx_word' id='word_1_280' title='bbox 1924 1891 2016 1946; x_wconf 89' lang='lat' dir='ltr'><strong>ille</strong></span> 
     </span>
    </p>
   </div>
   <div class='ocr_carea' id='block_1_38' title="bbox 426 1979 2016 2054">
    <p class='ocr_par' dir='ltr' id='par_1_38' title="bbox 426 1979 2016 2054">
     <span class='ocr_line' id='line_1_38' title="bbox 426 1979 2016 2054; baseline 0.003 -19"><span class='ocrx_word' id='word_1_281' title='bbox 426 1979 578 2035; x_wconf 87' lang='lat' dir='ltr'><strong>omni</strong></span> <span class='ocrx_word' id='word_1_282' title='bbox 610 1994 726 2036; x_wconf 62' lang='lat' dir='ltr'><strong>aevo</strong></span> <span class='ocrx_word' id='word_1_283' title='bbox 763 1981 1064 2052; x_wconf 87' lang='lat' dir='ltr'><strong>antiquior,</strong></span> <span class='ocrx_word' id='word_1_284' title='bbox 1104 1981 1194 2037; x_wconf 90' lang='lat' dir='ltr'><strong>ille</strong></span> <span class='ocrx_word' id='word_1_285' title='bbox 1227 1983 1500 2052; x_wconf 86' lang='lat' dir='ltr'><strong>principio</strong></span> <span class='ocrx_word' id='word_1_286' title='bbox 1535 1998 1732 2039; x_wconf 83' lang='lat' dir='ltr'><strong>carens</strong></span> <span class='ocrx_word' id='word_1_287' title='bbox 1761 2001 1777 2049; x_wconf 91' lang='lat'><strong>;</strong></span> <span class='ocrx_word' id='word_1_288' title='bbox 1811 1985 2016 2054; x_wconf 86' lang='lat' dir='ltr'><strong>quique</strong></span> 
     </span>
    </p>
   </div>
   <div class='ocr_carea' id='block_1_39' title="bbox 427 2065 2016 2143">
    <p class='ocr_par' dir='ltr' id='par_1_39' title="bbox 427 2065 2016 2143">
     <span class='ocr_line' id='line_1_39' title="bbox 427 2065 2016 2143; baseline 0.006 -22"><span class='ocrx_word' id='word_1_289' title='bbox 427 2065 488 2122; x_wconf 81' lang='lat' dir='ltr'><strong>in</strong></span> <span class='ocrx_word' id='word_1_290' title='bbox 519 2069 790 2140; x_wconf 86' lang='lat' dir='ltr'><strong>principio</strong></span> <span class='ocrx_word' id='word_1_291' title='bbox 818 2081 960 2137; x_wconf 87' lang='lat' dir='ltr'><strong>erat,</strong></span> <span class='ocrx_word' id='word_1_292' title='bbox 1007 2082 1059 2128; x_wconf 91' lang='lat' dir='ltr'><strong>et</strong></span> <span class='ocrx_word' id='word_1_293' title='bbox 1116 2073 1259 2142; x_wconf 87' lang='lat' dir='ltr'><strong>apud</strong></span> <span class='ocrx_word' id='word_1_294' title='bbox 1304 2073 1475 2129; x_wconf 89' lang='lat' dir='ltr'><strong>Deum</strong></span> <span class='ocrx_word' id='word_1_295' title='bbox 1541 2085 1596 2130; x_wconf 93' lang='lat' dir='ltr'><strong>et</strong></span> <span class='ocrx_word' id='word_1_296' title='bbox 1653 2077 1895 2143; x_wconf 83' lang='lat' dir='ltr'><strong>Patrem,</strong></span> <span class='ocrx_word' id='word_1_297' title='bbox 1951 2090 2016 2130; x_wconf 88' lang='lat' dir='ltr'><strong>ac</strong></span> 
     </span>
    </p>
   </div>
   <div class='ocr_carea' id='block_1_40' title="bbox 431 2153 2013 2232">
    <p class='ocr_par' dir='ltr' id='par_1_40' title="bbox 431 2153 2013 2232">
     <span class='ocr_line' id='line_1_40' title="bbox 431 2153 2013 2232; baseline 0.006 -23"><span class='ocrx_word' id='word_1_298' title='bbox 431 2153 576 2212; x_wconf 83' lang='lat' dir='ltr'><strong>Deus</strong></span> <span class='ocrx_word' id='word_1_299' title='bbox 599 2165 716 2212; x_wconf 86' lang='lat' dir='ltr'><strong>erat</strong></span> <span class='ocrx_word' id='word_1_300' title='bbox 747 2174 765 2224; x_wconf 84' lang='lat'><strong>;</strong></span> <span class='ocrx_word' id='word_1_301' title='bbox 799 2158 888 2214; x_wconf 90' lang='lat' dir='ltr'><strong>ille</strong></span> <span class='ocrx_word' id='word_1_302' title='bbox 917 2159 1156 2226; x_wconf 88' lang='lat' dir='ltr'><strong>demum,</strong></span> <span class='ocrx_word' id='word_1_303' title='bbox 1191 2161 1284 2231; x_wconf 91' lang='lat' dir='ltr'><strong>qui</strong></span> <span class='ocrx_word' id='word_1_304' title='bbox 1321 2162 1377 2216; x_wconf 92' lang='lat' dir='ltr'><strong>in</strong></span> <span class='ocrx_word' id='word_1_305' title='bbox 1435 2161 1611 2218; x_wconf 81' lang='lat' dir='ltr'><strong>forma</strong></span> <span class='ocrx_word' id='word_1_306' title='bbox 1663 2163 1753 2218; x_wconf 90' lang='lat' dir='ltr'><strong>Dei</strong></span> <span class='ocrx_word' id='word_1_307' title='bbox 1804 2173 1922 2219; x_wconf 82' lang='lat' dir='ltr'><strong>erat</strong></span> <span class='ocrx_word' id='word_1_308' title='bbox 1945 2167 2013 2232; x_wconf 82' lang='lat'><strong>“,</strong></span> 
     </span>
    </p>
   </div>
   <div class='ocr_carea' id='block_1_41' title="bbox 429 2244 2014 2320">
    <p class='ocr_par' dir='ltr' id='par_1_41' title="bbox 429 2244 2014 2320">
     <span class='ocr_line' id='line_1_41' title="bbox 429 2244 2014 2320; baseline 0.007 -21"><span class='ocrx_word' id='word_1_309' title='bbox 429 2244 705 2304; x_wconf 88' lang='lat' dir='ltr'><strong>inclinans</strong></span> <span class='ocrx_word' id='word_1_310' title='bbox 731 2248 903 2306; x_wconf 72' lang='lat' dir='ltr'><strong>cmlos</strong></span> <span class='ocrx_word' id='word_1_311' title='bbox 955 2250 1285 2319; x_wconf 84' lang='lat' dir='ltr'><strong>descendit;</strong></span> <span class='ocrx_word' id='word_1_312' title='bbox 1319 2252 1423 2308; x_wconf 87' lang='lat' dir='ltr'><strong>hoc</strong></span> <span class='ocrx_word' id='word_1_313' title='bbox 1471 2261 1577 2320; x_wconf 91' lang='lat' dir='ltr'><strong>est,</strong></span> <span class='ocrx_word' id='word_1_314' title='bbox 1618 2252 2014 2310; x_wconf 86' lang='lat' dir='ltr'><strong>sublimitatem</strong></span> 
     </span>
    </p>
   </div>
   <div class='ocr_carea' id='block_1_42' title="bbox 428 2338 2013 2417">
    <p class='ocr_par' dir='ltr' id='par_1_42' title="bbox 428 2338 2013 2417">
     <span class='ocr_line' id='line_1_42' title="bbox 428 2338 2013 2417; baseline 0.006 -25"><span class='ocrx_word' id='word_1_315' title='bbox 428 2353 608 2405; x_wconf 81' lang='lat' dir='ltr'><strong>suam,</strong></span> <span class='ocrx_word' id='word_1_316' title='bbox 647 2338 702 2394; x_wconf 91' lang='lat' dir='ltr'><strong>in</strong></span> <span class='ocrx_word' id='word_1_317' title='bbox 736 2355 842 2411; x_wconf 89' lang='lat' dir='ltr'><strong>qua</strong></span> <span class='ocrx_word' id='word_1_318' title='bbox 895 2343 1045 2398; x_wconf 85' lang='lat' dir='ltr'><strong>nulla</strong></span> <span class='ocrx_word' id='word_1_319' title='bbox 1075 2343 1237 2399; x_wconf 87' lang='lat' dir='ltr'><strong>cadat</strong></span> <span class='ocrx_word' id='word_1_320' title='bbox 1265 2345 1525 2414; x_wconf 82' lang='lat' dir='ltr'><strong>abjcctio,</strong></span> <span class='ocrx_word' id='word_1_321' title='bbox 1588 2346 1739 2401; x_wconf 90' lang='lat' dir='ltr'><strong>nulla</strong></span> <span class='ocrx_word' id='word_1_322' title='bbox 1787 2345 2013 2417; x_wconf 89' lang='lat' dir='ltr'><strong>depres-</strong></span> 
     </span>
    </p>
   </div>
   <div class='ocr_carea' id='block_1_43' title="bbox 433 2431 2014 2508">
    <p class='ocr_par' dir='ltr' id='par_1_43' title="bbox 433 2431 2014 2508">
     <span class='ocr_line' id='line_1_43' title="bbox 433 2431 2014 2508; baseline 0.001 -20"><span class='ocrx_word' id='word_1_323' title='bbox 433 2431 594 2488; x_wconf 79' lang='lat' dir='ltr'><strong>sione</strong></span> <span class='ocrx_word' id='word_1_324' title='bbox 624 2431 958 2502; x_wconf 81' lang='lat' dir='ltr'><strong>deprimens,</strong></span> <span class='ocrx_word' id='word_1_325' title='bbox 988 2435 1043 2491; x_wconf 89' lang='lat' dir='ltr'><strong>in</strong></span> <span class='ocrx_word' id='word_1_326' title='bbox 1067 2451 1352 2508; x_wconf 74' lang='lat' dir='ltr'><strong>servorum</strong></span> <span class='ocrx_word' id='word_1_327' title='bbox 1398 2451 1624 2493; x_wconf 88' lang='lat' dir='ltr'><strong>suorum</strong></span> <span class='ocrx_word' id='word_1_328' title='bbox 1647 2451 1806 2493; x_wconf 89' lang='lat' dir='ltr'><strong>usum</strong></span> <span class='ocrx_word' id='word_1_329' title='bbox 1845 2452 1905 2494; x_wconf 88' lang='lat' dir='ltr'><strong>se</strong></span> <span class='ocrx_word' id='word_1_330' title='bbox 1927 2438 2014 2491; x_wconf 86' lang='lat' dir='ltr'><strong>in-</strong></span> 
     </span>
    </p>
   </div>
   <div class='ocr_carea' id='block_1_44' title="bbox 429 2522 2016 2596">
    <p class='ocr_par' dir='ltr' id='par_1_44' title="bbox 429 2522 2016 2596">
     <span class='ocr_line' id='line_1_44' title="bbox 429 2522 2016 2596; baseline 0.004 -19"><span class='ocrx_word' id='word_1_331' title='bbox 429 2522 620 2588; x_wconf 89' lang='lat' dir='ltr'><strong>clinat,</strong></span> <span class='ocrx_word' id='word_1_332' title='bbox 657 2522 928 2592; x_wconf 79' lang='lat' dir='ltr'><strong>ejusmodi</strong></span> <span class='ocrx_word' id='word_1_333' title='bbox 958 2525 1121 2594; x_wconf 88' lang='lat' dir='ltr'><strong>plane</strong></span> <span class='ocrx_word' id='word_1_334' title='bbox 1160 2526 1539 2592; x_wconf 89' lang='lat' dir='ltr'><strong>inclinatione,</strong></span> <span class='ocrx_word' id='word_1_335' title='bbox 1563 2541 1686 2596; x_wconf 72' lang='lat' dir='ltr'><strong>qua-</strong></span> <span class='ocrx_word' id='word_1_336' title='bbox 1717 2541 1817 2582; x_wconf 91' lang='lat' dir='ltr'><strong>nec</strong></span> <span class='ocrx_word' id='word_1_337' title='bbox 1833 2526 2016 2583; x_wconf 81' lang='lat' dir='ltr'><strong>verbis</strong></span> 
     </span>
    </p>
   </div>
   <div class='ocr_carea' id='block_1_45' title="bbox 425 2610 2012 2687">
    <p class='ocr_par' dir='ltr' id='par_1_45' title="bbox 425 2610 2012 2687">
     <span class='ocr_line' id='line_1_45' title="bbox 425 2610 2012 2687; baseline 0.004 -21"><span class='ocrx_word' id='word_1_338' title='bbox 425 2610 686 2681; x_wconf 84' lang='lat' dir='ltr'><strong>exprimi,</strong></span> <span class='ocrx_word' id='word_1_339' title='bbox 717 2627 818 2668; x_wconf 88' lang='lat' dir='ltr'><strong>nec</strong></span> <span class='ocrx_word' id='word_1_340' title='bbox 861 2623 1041 2670; x_wconf 90' lang='lat' dir='ltr'><strong>mente</strong></span> <span class='ocrx_word' id='word_1_341' title='bbox 1095 2615 1489 2686; x_wconf 91' lang='lat' dir='ltr'><strong>comprehendi</strong></span> <span class='ocrx_word' id='word_1_342' title='bbox 1539 2624 1705 2686; x_wconf 87' lang='lat' dir='ltr'><strong>queat</strong></span> <span class='ocrx_word' id='word_1_343' title='bbox 1737 2617 1757 2687; x_wconf 93' lang='lat'>(</span> <span class='ocrx_word' id='word_1_344' title='bbox 1785 2616 1838 2670; x_wconf 92' lang='lat' dir='ltr'><strong>id</strong></span> <span class='ocrx_word' id='word_1_345' title='bbox 1865 2616 2012 2672; x_wconf 85' lang='lat' dir='ltr'><strong>enim</strong></span> 
     </span>
    </p>
   </div>
   <div class='ocr_carea' id='block_1_46' title="bbox 426 2700 2005 2779">
    <p class='ocr_par' dir='ltr' id='par_1_46' title="bbox 426 2700 2005 2779">
     <span class='ocr_line' id='line_1_46' title="bbox 426 2700 2005 2779; baseline 0.002 -21"><span class='ocrx_word' id='word_1_346' title='bbox 426 2700 708 2758; x_wconf 75' lang='lat' dir='ltr'><strong>descensus</strong></span> <span class='ocrx_word' id='word_1_347' title='bbox 745 2704 1014 2760; x_wconf 77' lang='lat' dir='ltr'><strong>vocabulo</strong></span> <span class='ocrx_word' id='word_1_348' title='bbox 1053 2705 1439 2778; x_wconf 82' lang='lat' dir='ltr'><strong>signiﬁcatur),</strong></span> <span class='ocrx_word' id='word_1_349' title='bbox 1464 2707 1670 2778; x_wconf 90' lang='lat' dir='ltr'><strong>quique</strong></span> <span class='ocrx_word' id='word_1_350' title='bbox 1696 2707 1838 2763; x_wconf 86' lang='lat' dir='ltr'><strong>Deus</strong></span> <span class='ocrx_word' id='word_1_351' title='bbox 1877 2722 2005 2779; x_wconf 84' lang='lat' dir='ltr'><strong>per-</strong></span> 
     </span>
    </p>
   </div>
   <div class='ocr_carea' id='block_1_47' title="bbox 429 2795 2015 2868">
    <p class='ocr_par' dir='ltr' id='par_1_47' title="bbox 429 2795 2015 2868">
     <span class='ocr_line' id='line_1_47' title="bbox 429 2795 2015 2868; baseline 0.003 -18"><span class='ocrx_word' id='word_1_352' title='bbox 429 2795 612 2852; x_wconf 75' lang='lat' dir='ltr'><strong>fectus</strong></span> <span class='ocrx_word' id='word_1_353' title='bbox 638 2803 781 2860; x_wconf 88' lang='lat' dir='ltr'><strong>erat,</strong></span> <span class='ocrx_word' id='word_1_354' title='bbox 819 2797 1096 2868; x_wconf 81' lang='lat' dir='ltr'><strong>perfectus</strong></span> <span class='ocrx_word' id='word_1_355' title='bbox 1131 2797 1296 2855; x_wconf 91' lang='lat' dir='ltr'><strong>homo</strong></span> <span class='ocrx_word' id='word_1_356' title='bbox 1350 2800 1432 2866; x_wconf 88' lang='lat' dir='ltr'><strong>ﬁt,</strong></span> <span class='ocrx_word' id='word_1_357' title='bbox 1471 2815 1738 2856; x_wconf 84' lang='lat' dir='ltr'><strong>novorum</strong></span> <span class='ocrx_word' id='word_1_358' title='bbox 1769 2801 2015 2856; x_wconf 90' lang='lat' dir='ltr'><strong>omnium</strong></span> 
     </span>
    </p>
   </div>
   <div class='ocr_carea' id='block_1_48' title="bbox 426 2888 2014 2963">
    <p class='ocr_par' dir='ltr' id='par_1_48' title="bbox 426 2888 2014 2963">
     <span class='ocr_line' id='line_1_48' title="bbox 426 2888 2014 2963; baseline 0.004 -21"><span class='ocrx_word' id='word_1_359' title='bbox 426 2888 666 2944; x_wconf 72' lang='lat' dir='ltr'><strong>maxime</strong></span> <span class='ocrx_word' id='word_1_360' title='bbox 696 2903 898 2944; x_wconf 81' lang='lat' dir='ltr'><strong>novum</strong></span> <span class='ocrx_word' id='word_1_361' title='bbox 931 2890 1001 2952; x_wconf 85' lang='lat'><strong>&quot;,</strong></span> <span class='ocrx_word' id='word_1_362' title='bbox 1045 2889 1160 2945; x_wconf 93' lang='lat' dir='ltr'><strong>imo</strong></span> <span class='ocrx_word' id='word_1_363' title='bbox 1205 2891 1350 2959; x_wconf 90' lang='lat' dir='ltr'><strong>quod</strong></span> <span class='ocrx_word' id='word_1_364' title='bbox 1381 2907 1548 2946; x_wconf 92' lang='lat' dir='ltr'><strong>unum</strong></span> <span class='ocrx_word' id='word_1_365' title='bbox 1577 2891 1741 2963; x_wconf 59' lang='lat'><strong>205</strong></span> <span class='ocrx_word' id='word_1_366' title='bbox 1767 2891 1872 2947; x_wconf 88' lang='lat' dir='ltr'><strong>sub</strong></span> <span class='ocrx_word' id='word_1_367' title='bbox 1892 2891 2014 2948; x_wconf 86' lang='lat' dir='ltr'><strong>sole</strong></span> 
     </span>
    </p>
   </div>
   <div class='ocr_carea' id='block_1_49' title="bbox 2114 1792 3712 1872">
    <p class='ocr_par' dir='ltr' id='par_1_49' title="bbox 2114 1792 3712 1872">
     <span class='ocr_line' id='line_1_49' title="bbox 2114 1792 3712 1872; baseline -0.006 -17"><span class='ocrx_word' id='word_1_368' title='bbox 2114 1802 2252 1872; x_wconf 89' lang='grc' dir='ltr'>πρὸς</span> <span class='ocrx_word' id='word_1_369' title='bbox 2273 1801 2364 1854; x_wconf 88' lang='grc' dir='ltr'><strong>τὸν</strong></span> <span class='ocrx_word' id='word_1_370' title='bbox 2395 1800 2526 1853; x_wconf 87' lang='grc' dir='ltr'>Θεὸν</span> <span class='ocrx_word' id='word_1_371' title='bbox 2552 1800 2645 1852; x_wconf 62' lang='grc' dir='ltr'><strong>καὶ⁸</strong></span> <span class='ocrx_word' id='word_1_372' title='bbox 2692 1798 2914 1868; x_wconf 80' lang='grc' dir='ltr'>Πατέρα</span> <span class='ocrx_word' id='word_1_373' title='bbox 2963 1796 3060 1861; x_wconf 82' lang='grc' dir='ltr'>ὢν,</span> <span class='ocrx_word' id='word_1_374' title='bbox 3113 1795 3210 1850; x_wconf 78' lang='grc' dir='ltr'>καὶ</span> <span class='ocrx_word' id='word_1_375' title='bbox 3251 1795 3386 1856; x_wconf 88' lang='grc' dir='ltr'>Θεὸς</span> <span class='ocrx_word' id='word_1_376' title='bbox 3429 1792 3531 1856; x_wconf 80' lang='grc' dir='ltr'>ὢν,</span> <span class='ocrx_word' id='word_1_377' title='bbox 3568 1795 3600 1847; x_wconf 89' lang='lat'><strong>6</strong></span> <span class='ocrx_word' id='word_1_378' title='bbox 3644 1795 3712 1846; x_wconf 73' lang='grc' dir='ltr'>ὲν</span> 
     </span>
    </p>
   </div>
   <div class='ocr_carea' id='block_1_50' title="bbox 2117 1887 3707 1964">
    <p class='ocr_par' dir='ltr' id='par_1_50' title="bbox 2117 1887 3707 1964">
     <span class='ocr_line' id='line_1_50' title="bbox 2117 1887 3707 1964; baseline -0.006 -18"><span class='ocrx_word' id='word_1_379' title='bbox 2117 1895 2298 1962; x_wconf 75' lang='grc' dir='ltr'>μορφῇ</span> <span class='ocrx_word' id='word_1_380' title='bbox 2326 1890 2462 1964; x_wconf 78' lang='grc' dir='ltr'>Θεοῦ</span> <span class='ocrx_word' id='word_1_381' title='bbox 2491 1890 2771 1960; x_wconf 83' lang='grc' dir='ltr'><strong>ὑπάρχων,</strong></span> <span class='ocrx_word' id='word_1_382' title='bbox 2799 1890 2986 1952; x_wconf 77' lang='grc' dir='ltr'>κλίνας</span> <span class='ocrx_word' id='word_1_383' title='bbox 3013 1887 3278 1958; x_wconf 79' lang='grc' dir='ltr'>οὐρανοὺς</span> <span class='ocrx_word' id='word_1_384' title='bbox 3321 1888 3664 1956; x_wconf 78' lang='grc' dir='ltr'>κατέρχεται</span> <span class='ocrx_word' id='word_1_385' title='bbox 3695 1901 3707 1916; x_wconf 93' lang='grc'><strong>·</strong></span> 
     </span>
    </p>
   </div>
   <div class='ocr_carea' id='block_1_51' title="bbox 2111 1978 3704 2049">
    <p class='ocr_par' dir='ltr' id='par_1_51' title="bbox 2111 1978 3704 2049">
     <span class='ocr_line' id='line_1_51' title="bbox 2111 1978 3704 2049; baseline -0.004 -13"><span class='ocrx_word' id='word_1_386' title='bbox 2111 1983 2378 2048; x_wconf 85' lang='grc' dir='ltr'>τουτέστι,</span> <span class='ocrx_word' id='word_1_387' title='bbox 2411 1982 2472 2036; x_wconf 79' lang='grc' dir='ltr'><strong>τὸ</strong></span> <span class='ocrx_word' id='word_1_388' title='bbox 2517 1982 2885 2036; x_wconf 80' lang='grc' dir='ltr'>ἀταπείνωτον</span> <span class='ocrx_word' id='word_1_389' title='bbox 2913 1980 3078 2033; x_wconf 84' lang='grc' dir='ltr'>αὑτοῦ</span> <span class='ocrx_word' id='word_1_390' title='bbox 3122 1979 3255 2049; x_wconf 78' lang='grc' dir='ltr'>ὕψος</span> <span class='ocrx_word' id='word_1_391' title='bbox 3300 1978 3704 2042; x_wconf 84' lang='grc' dir='ltr'>ἀταπεινώτως</span> 
     </span>
    </p>
   </div>
   <div class='ocr_carea' id='block_1_52' title="bbox 2113 2067 3697 2141">
    <p class='ocr_par' dir='ltr' id='par_1_52' title="bbox 2113 2067 3697 2141">
     <span class='ocr_line' id='line_1_52' title="bbox 2113 2067 3697 2141; baseline -0.007 -13"><span class='ocrx_word' id='word_1_392' title='bbox 2113 2074 2478 2139; x_wconf 84' lang='grc' dir='ltr'>ταπεινώσας,</span> <span class='ocrx_word' id='word_1_393' title='bbox 2533 2072 2962 2141; x_wconf 78' lang='grc' dir='ltr'>συγκαταϐαίνει</span> <span class='ocrx_word' id='word_1_394' title='bbox 3007 2073 3120 2133; x_wconf 84' lang='grc' dir='ltr'>τοῖς</span> <span class='ocrx_word' id='word_1_395' title='bbox 3187 2067 3381 2122; x_wconf 76' lang='grc' dir='ltr'>ἑαυτοῦ</span> <span class='ocrx_word' id='word_1_396' title='bbox 3412 2069 3632 2131; x_wconf 81' lang='grc' dir='ltr'>δούλοις</span> <span class='ocrx_word' id='word_1_397' title='bbox 3661 2078 3697 2117; x_wconf 70' lang='grc'><em>1</em></span> 
     </span>
    </p>
   </div>
   <div class='ocr_carea' id='block_1_53' title="bbox 2117 2157 3682 2234">
    <p class='ocr_par' dir='ltr' id='par_1_53' title="bbox 2117 2157 3682 2234">
     <span class='ocr_line' id='line_1_53' title="bbox 2117 2157 3682 2234; baseline -0.009 -13"><span class='ocrx_word' id='word_1_398' title='bbox 2117 2165 2520 2234; x_wconf 73' lang='grc' dir='ltr'>συγκαταϐασιν</span> <span class='ocrx_word' id='word_1_399' title='bbox 2540 2162 2816 2233; x_wconf 81' lang='grc' dir='ltr'>ἀφραστόν</span> <span class='ocrx_word' id='word_1_400' title='bbox 2847 2179 2907 2214; x_wconf 89' lang='grc' dir='ltr'><strong>τε</strong></span> <span class='ocrx_word' id='word_1_401' title='bbox 2938 2160 3031 2213; x_wconf 73' lang='grc' dir='ltr'>καὶ</span> <span class='ocrx_word' id='word_1_402' title='bbox 3079 2159 3458 2228; x_wconf 80' lang='grc' dir='ltr'>ἀκατάληπτον</span> <span class='ocrx_word' id='word_1_403' title='bbox 3478 2173 3495 2191; x_wconf 77' lang='grc' dir='ltr'><strong>ο</strong></span> <span class='ocrx_word' id='word_1_404' title='bbox 3523 2157 3682 2208; x_wconf 80' lang='grc' dir='ltr'>τοῦτο</span> 
     </span>
    </p>
   </div>
   <div class='ocr_carea' id='block_1_54' title="bbox 2115 2250 3674 2330">
    <p class='ocr_par' dir='ltr' id='par_1_54' title="bbox 2115 2250 3674 2330">
     <span class='ocr_line' id='line_1_54' title="bbox 2115 2250 3674 2330; baseline -0.006 -19"><span class='ocrx_word' id='word_1_405' title='bbox 2115 2259 2224 2330; x_wconf 88' lang='grc' dir='ltr'><strong>γάρ</strong></span> <span class='ocrx_word' id='word_1_406' title='bbox 2253 2258 2404 2329; x_wconf 84' lang='grc' dir='ltr'>δηλοῖ</span> <span class='ocrx_word' id='word_1_407' title='bbox 2435 2259 2470 2328; x_wconf 86' lang='grc' dir='ltr'><strong>ή</strong></span> <span class='ocrx_word' id='word_1_408' title='bbox 2501 2256 2804 2319; x_wconf 79' lang='grc' dir='ltr'>κατάϐασις</span> <span class='ocrx_word' id='word_1_409' title='bbox 2827 2271 2841 2285; x_wconf 89' lang='grc'><strong>·</strong></span> <span class='ocrx_word' id='word_1_410' title='bbox 2891 2255 2986 2307; x_wconf 71' lang='grc' dir='ltr'><strong>καὶ</strong></span> <span class='ocrx_word' id='word_1_411' title='bbox 3026 2253 3157 2316; x_wconf 84' lang='grc' dir='ltr'>Θεὸς</span> <span class='ocrx_word' id='word_1_412' title='bbox 3193 2252 3271 2306; x_wconf 84' lang='grc' dir='ltr'>ὣν</span> <span class='ocrx_word' id='word_1_413' title='bbox 3326 2251 3534 2312; x_wconf 78' lang='grc' dir='ltr'>τέλειος,</span> <span class='ocrx_word' id='word_1_414' title='bbox 3577 2250 3674 2303; x_wconf 77' lang='grc' dir='ltr'>ἀν-</span> 
     </span>
    </p>
   </div>
   <div class='ocr_carea' id='block_1_55' title="bbox 2116 2343 3682 2422">
    <p class='ocr_par' dir='ltr' id='par_1_55' title="bbox 2116 2343 3682 2422">
     <span class='ocr_line' id='line_1_55' title="bbox 2116 2343 3682 2422; baseline -0.006 -19"><span class='ocrx_word' id='word_1_415' title='bbox 2116 2351 2337 2422; x_wconf 86' lang='grc' dir='ltr'>θρωπος</span> <span class='ocrx_word' id='word_1_416' title='bbox 2365 2348 2565 2411; x_wconf 80' lang='grc' dir='ltr'>τέλειος</span> <span class='ocrx_word' id='word_1_417' title='bbox 2592 2349 2824 2415; x_wconf 88' lang='grc' dir='ltr'>γίνεται,</span> <span class='ocrx_word' id='word_1_418' title='bbox 2856 2346 2952 2399; x_wconf 75' lang='grc' dir='ltr'>καὶ</span> <span class='ocrx_word' id='word_1_419' title='bbox 3007 2345 3338 2398; x_wconf 78' lang='grc' dir='ltr'>ἐπιτελεῖται</span> <span class='ocrx_word' id='word_1_420' title='bbox 3370 2343 3426 2396; x_wconf 86' lang='grc' dir='ltr'><strong>τὸ</strong></span> <span class='ocrx_word' id='word_1_421' title='bbox 3458 2344 3682 2396; x_wconf 73' lang='grc' dir='ltr'>πάντων</span> 
     </span>
    </p>
   </div>
   <div class='ocr_carea' id='block_1_56' title="bbox 2115 2431 3690 2506">
    <p class='ocr_par' dir='ltr' id='par_1_56' title="bbox 2115 2431 3690 2506">
     <span class='ocr_line' id='line_1_56' title="bbox 2115 2431 3690 2506; baseline -0.007 -13"><span class='ocrx_word' id='word_1_422' title='bbox 2115 2439 2318 2494; x_wconf 84' lang='grc' dir='ltr'>καινῶν</span> <span class='ocrx_word' id='word_1_423' title='bbox 2343 2437 2676 2499; x_wconf 84' lang='grc' dir='ltr'>καινότατον,</span> <span class='ocrx_word' id='word_1_424' title='bbox 2710 2437 2772 2490; x_wconf 90' lang='grc' dir='ltr'><strong>τὸ</strong></span> <span class='ocrx_word' id='word_1_425' title='bbox 2823 2437 2981 2506; x_wconf 88' lang='grc' dir='ltr'>μόνον</span> <span class='ocrx_word' id='word_1_426' title='bbox 3031 2434 3218 2487; x_wconf 88' lang='grc' dir='ltr'>καινὸν</span> <span class='ocrx_word' id='word_1_427' title='bbox 3273 2433 3378 2486; x_wconf 83' lang='grc' dir='ltr'><strong>ὑπὸ</strong></span> <span class='ocrx_word' id='word_1_428' title='bbox 3420 2432 3479 2484; x_wconf 87' lang='grc' dir='ltr'><strong>τὸ</strong></span> <span class='ocrx_word' id='word_1_429' title='bbox 3503 2431 3690 2500; x_wconf 68' lang='grc' dir='ltr'>ἣλιον,</span> 
     </span>
    </p>
   </div>
   <div class='ocr_carea' id='block_1_57' title="bbox 2115 2523 3694 2602">
    <p class='ocr_par' dir='ltr' id='par_1_57' title="bbox 2115 2523 3694 2602">
     <span class='ocr_line' id='line_1_57' title="bbox 2115 2523 3694 2602; baseline -0.009 -15"><span class='ocrx_word' id='word_1_430' title='bbox 2115 2535 2184 2588; x_wconf 83' lang='grc' dir='ltr'>δι’</span> <span class='ocrx_word' id='word_1_431' title='bbox 2212 2527 2271 2587; x_wconf 74' lang='grc' dir='ltr'><strong>οῦ</strong></span> <span class='ocrx_word' id='word_1_432' title='bbox 2291 2534 2324 2602; x_wconf 88' lang='grc' dir='ltr'><strong>ή</strong></span> <span class='ocrx_word' id='word_1_433' title='bbox 2352 2532 2579 2602; x_wconf 75' lang='grc' dir='ltr'>ἄπειρος</span> <span class='ocrx_word' id='word_1_434' title='bbox 2615 2529 2709 2582; x_wconf 91' lang='grc' dir='ltr'><strong>τοῦ</strong></span> <span class='ocrx_word' id='word_1_435' title='bbox 2735 2528 2868 2582; x_wconf 89' lang='grc' dir='ltr'>Θεοῦ</span> <span class='ocrx_word' id='word_1_436' title='bbox 2910 2525 3272 2598; x_wconf 76' lang='grc' dir='ltr'>ἐμφανίζεται</span> <span class='ocrx_word' id='word_1_437' title='bbox 3317 2525 3569 2594; x_wconf 84' lang='grc' dir='ltr'>δύναμις.</span> <span class='ocrx_word' id='word_1_438' title='bbox 3621 2523 3694 2575; x_wconf 79' lang='grc' dir='ltr'>Τί</span> 
     </span>
    </p>
   </div>
   <div class='ocr_carea' id='block_1_58' title="bbox 2115 2614 3701 2695">
    <p class='ocr_par' dir='ltr' id='par_1_58' title="bbox 2115 2614 3701 2695">
     <span class='ocr_line' id='line_1_58' title="bbox 2115 2614 3701 2695; baseline -0.007 -17"><span class='ocrx_word' id='word_1_439' title='bbox 2115 2623 2226 2695; x_wconf 87' lang='grc' dir='ltr'><strong>γὰρ</strong></span> <span class='ocrx_word' id='word_1_440' title='bbox 2249 2623 2434 2694; x_wconf 79' lang='grc' dir='ltr'>μεῖζον</span> <span class='ocrx_word' id='word_1_441' title='bbox 2454 2619 2550 2674; x_wconf 88' lang='grc' dir='ltr'><strong>τοῦ</strong></span> <span class='ocrx_word' id='word_1_442' title='bbox 2571 2619 2827 2688; x_wconf 80' lang='grc' dir='ltr'>γενέσθαι</span> <span class='ocrx_word' id='word_1_443' title='bbox 2866 2620 2958 2671; x_wconf 86' lang='grc' dir='ltr'><strong>τὸν</strong></span> <span class='ocrx_word' id='word_1_444' title='bbox 2995 2617 3129 2671; x_wconf 82' lang='grc' dir='ltr'>Θεὸν</span> <span class='ocrx_word' id='word_1_445' title='bbox 3161 2615 3479 2686; x_wconf 75' lang='grc' dir='ltr'>ἀνθρωπονς</span> <span class='ocrx_word' id='word_1_446' title='bbox 3519 2614 3635 2666; x_wconf 71' lang='grc' dir='ltr'><strong>Καὶ</strong></span> <span class='ocrx_word' id='word_1_447' title='bbox 3666 2615 3701 2667; x_wconf 85' lang='grc' dir='ltr'><strong>ὁ</strong></span> 
     </span>
    </p>
   </div>
   <div class='ocr_carea' id='block_1_59' title="bbox 2114 2706 3700 2785">
    <p class='ocr_par' dir='ltr' id='par_1_59' title="bbox 2114 2706 3700 2785">
     <span class='ocr_line' id='line_1_59' title="bbox 2114 2706 3700 2785; baseline -0.008 -15"><span class='ocrx_word' id='word_1_448' title='bbox 2114 2718 2286 2784; x_wconf 87' lang='grc' dir='ltr'>Λόγος</span> <span class='ocrx_word' id='word_1_449' title='bbox 2314 2713 2451 2785; x_wconf 78' lang='grc' dir='ltr'>σὰρξ</span> <span class='ocrx_word' id='word_1_450' title='bbox 2482 2713 2767 2783; x_wconf 79' lang='grc' dir='ltr'>ἀτρέπτως</span> <span class='ocrx_word' id='word_1_451' title='bbox 2792 2710 3033 2779; x_wconf 74' lang='grc' dir='ltr'>ἐγένετο,</span> <span class='ocrx_word' id='word_1_452' title='bbox 3062 2711 3126 2762; x_wconf 80' lang='grc' dir='ltr'>ὲκ</span> <span class='ocrx_word' id='word_1_453' title='bbox 3163 2708 3481 2778; x_wconf 78' lang='grc' dir='ltr'>[Ινεύματος</span> <span class='ocrx_word' id='word_1_454' title='bbox 3530 2706 3700 2774; x_wconf 81' lang='grc' dir='ltr'>ἁγίου</span> 
     </span>
    </p>
   </div>
   <div class='ocr_carea' id='block_1_60' title="bbox 2115 2798 3699 2876">
    <p class='ocr_par' dir='ltr' id='par_1_60' title="bbox 2115 2798 3699 2876">
     <span class='ocr_line' id='line_1_60' title="bbox 2115 2798 3699 2876; baseline -0.007 -13"><span class='ocrx_word' id='word_1_455' title='bbox 2115 2808 2211 2863; x_wconf 74' lang='grc' dir='ltr'>καὶ</span> <span class='ocrx_word' id='word_1_456' title='bbox 2245 2807 2465 2876; x_wconf 77' lang='grc' dir='ltr'>Μαρίας</span> <span class='ocrx_word' id='word_1_457' title='bbox 2487 2805 2587 2874; x_wconf 86' lang='grc' dir='ltr'>τῆς</span> <span class='ocrx_word' id='word_1_458' title='bbox 2620 2803 2781 2872; x_wconf 83' lang='grc' dir='ltr'>ἁγίας</span> <span class='ocrx_word' id='word_1_459' title='bbox 2821 2800 3205 2872; x_wconf 80' lang='grc' dir='ltr'>’Λειπαρθένου</span> <span class='ocrx_word' id='word_1_460' title='bbox 3243 2800 3339 2852; x_wconf 80' lang='grc' dir='ltr'>καὶ</span> <span class='ocrx_word' id='word_1_461' title='bbox 3391 2798 3699 2852; x_wconf 77' lang='grc' dir='ltr'>Θεοτόκουο</span> 
     </span>
    </p>
   </div>
   <div class='ocr_carea' id='block_1_61' title="bbox 2114 2887 3700 2968">
    <p class='ocr_par' dir='ltr' id='par_1_61' title="bbox 2114 2887 3700 2968">
     <span class='ocr_line' id='line_1_61' title="bbox 2114 2887 3700 2968; baseline -0.008 -16"><span class='ocrx_word' id='word_1_462' title='bbox 2114 2899 2210 2952; x_wconf 79' lang='grc' dir='ltr'>καὶ</span> <span class='ocrx_word' id='word_1_463' title='bbox 2237 2896 2464 2968; x_wconf 86' lang='grc' dir='ltr'>μεσίτης</span> <span class='ocrx_word' id='word_1_464' title='bbox 2493 2893 2628 2947; x_wconf 78' lang='grc' dir='ltr'>Θεοῦ</span> <span class='ocrx_word' id='word_1_465' title='bbox 2660 2892 2756 2947; x_wconf 75' lang='grc' dir='ltr'>καὶ</span> <span class='ocrx_word' id='word_1_466' title='bbox 2782 2890 3086 2962; x_wconf 82' lang='grc' dir='ltr'>ἀνθρώπων</span> <span class='ocrx_word' id='word_1_467' title='bbox 3114 2888 3470 2960; x_wconf 77' lang='grc' dir='ltr'>χρηματίζει,</span> <span class='ocrx_word' id='word_1_468' title='bbox 3487 2889 3515 2940; x_wconf 86' lang='grc' dir='ltr'>ὁ</span> <span class='ocrx_word' id='word_1_469' title='bbox 3531 2887 3700 2955; x_wconf 82' lang='grc' dir='ltr'>μόνος</span> 
     </span>
    </p>
   </div>
   <div class='ocr_carea' id='block_1_62' title="bbox 429 2979 2013 3072">
    <p class='ocr_par' dir='ltr' id='par_1_62' title="bbox 429 2979 2012 3052">
     <span class='ocr_line' id='line_1_62' title="bbox 429 2979 2012 3052; baseline 0.003 -19"><span class='ocrx_word' id='word_1_470' title='bbox 429 2992 632 3034; x_wconf 87' lang='lat' dir='ltr'><strong>novum</strong></span> <span class='ocrx_word' id='word_1_471' title='bbox 673 2987 782 3048; x_wconf 87' lang='lat' dir='ltr'><strong>est,</strong></span> <span class='ocrx_word' id='word_1_472' title='bbox 813 2979 1194 3052; x_wconf 87' lang='lat' dir='ltr'><strong>inﬁnitamque</strong></span> <span class='ocrx_word' id='word_1_473' title='bbox 1250 2981 1345 3037; x_wconf 89' lang='lat' dir='ltr'><strong>Dei</strong></span> <span class='ocrx_word' id='word_1_474' title='bbox 1399 2983 1695 3052; x_wconf 87' lang='lat' dir='ltr'><strong>potentiam</strong></span> <span class='ocrx_word' id='word_1_475' title='bbox 1749 2983 2012 3038; x_wconf 86' lang='lat' dir='ltr'><strong>declarat.</strong></span> 
     </span>
    </p>
   </div>
   <div class='ocr_carea' id='block_1_63' title="bbox 2117 2979 3700 3072">
    <p class='ocr_par' dir='ltr' id='par_1_63' title="bbox 2119 2979 3700 3061">
     <span class='ocr_line' id='line_1_63' title="bbox 2119 2979 3700 3061; baseline -0.008 -17"><span class='ocrx_word' id='word_1_476' title='bbox 2119 2989 2522 3061; x_wconf 84' lang='grc' dir='ltr'>φιλάνθρωπος,</span> <span class='ocrx_word' id='word_1_477' title='bbox 2577 2985 2678 3038; x_wconf 80' lang='grc' dir='ltr'>οὐκ</span> <span class='ocrx_word' id='word_1_478' title='bbox 2728 2985 2792 3038; x_wconf 79' lang='grc' dir='ltr'>ὲκ</span> <span class='ocrx_word' id='word_1_479' title='bbox 2830 2983 3136 3054; x_wconf 79' lang='grc' dir='ltr'>θελήματος</span> <span class='ocrx_word' id='word_1_480' title='bbox 3184 2981 3282 3051; x_wconf 78' lang='lat'><strong>(3),</strong></span> <span class='ocrx_word' id='word_1_481' title='bbox 3308 2981 3343 3050; x_wconf 76' lang='grc' dir='ltr'><strong>ἢ</strong></span> <span class='ocrx_word' id='word_1_482' title='bbox 3373 2979 3700 3050; x_wconf 71' lang='grc' dir='ltr'>ἐπιθυμίας,</span> 
     </span>
    </p>
   </div>
   <div class='ocr_carea' id='block_1_64' title="bbox 425 3065 2013 3155">
    <p class='ocr_par' dir='ltr' id='par_1_64' title="bbox 425 3065 2013 3142">
     <span class='ocr_line' id='line_1_64' title="bbox 425 3065 2013 3142; baseline 0.003 -20"><span class='ocrx_word' id='word_1_483' title='bbox 425 3065 568 3136; x_wconf 81' lang='lat' dir='ltr'><strong>Quid</strong></span> <span class='ocrx_word' id='word_1_484' title='bbox 598 3068 745 3124; x_wconf 89' lang='lat' dir='ltr'><strong>enim</strong></span> <span class='ocrx_word' id='word_1_485' title='bbox 797 3070 1004 3139; x_wconf 86' lang='lat' dir='ltr'><strong>majus,</strong></span> <span class='ocrx_word' id='word_1_486' title='bbox 1055 3086 1219 3142; x_wconf 90' lang='lat' dir='ltr'><strong>quam</strong></span> <span class='ocrx_word' id='word_1_487' title='bbox 1285 3071 1455 3128; x_wconf 89' lang='lat' dir='ltr'><strong>Deum</strong></span> <span class='ocrx_word' id='word_1_488' title='bbox 1513 3072 1793 3128; x_wconf 79' lang='lat' dir='ltr'><strong>hominem</strong></span> <span class='ocrx_word' id='word_1_489' title='bbox 1846 3072 2013 3128; x_wconf 73' lang='lat' dir='ltr'><strong>ﬁeri?</strong></span> 
     </span>
    </p>
   </div>
   <div class='ocr_carea' id='block_1_65' title="bbox 2117 3065 3700 3155">
    <p class='ocr_par' dir='ltr' id='par_1_65' title="bbox 2117 3071 3700 3155">
     <span class='ocr_line' id='line_1_65' title="bbox 2117 3071 3700 3155; baseline -0.008 -20"><span class='ocrx_word' id='word_1_490' title='bbox 2117 3084 2143 3155; x_wconf 71' lang='grc' dir='ltr'>ἢ</span> <span class='ocrx_word' id='word_1_491' title='bbox 2199 3077 2492 3148; x_wconf 76' lang='grc' dir='ltr'>συναφείας</span> <span class='ocrx_word' id='word_1_492' title='bbox 2531 3077 2742 3146; x_wconf 78' lang='grc' dir='ltr'>ἀνδρὸς,</span> <span class='ocrx_word' id='word_1_493' title='bbox 2795 3075 2830 3145; x_wconf 82' lang='grc' dir='ltr'><strong>ἢ</strong></span> <span class='ocrx_word' id='word_1_494' title='bbox 2881 3075 3188 3144; x_wconf 80' lang='grc' dir='ltr'>γεννήσεως</span> <span class='ocrx_word' id='word_1_495' title='bbox 3222 3071 3497 3142; x_wconf 77' lang='grc' dir='ltr'>ὲνηδόνου,</span> <span class='ocrx_word' id='word_1_496' title='bbox 3533 3072 3596 3123; x_wconf 81' lang='grc' dir='ltr'>ὲν</span> <span class='ocrx_word' id='word_1_497' title='bbox 3621 3073 3700 3151; x_wconf 72' lang='grc' dir='ltr'><strong>τῇ</strong></span> 
     </span>
    </p>
   </div>
   <div class='ocr_carea' id='block_1_66' title="bbox 425 3156 2013 3244">
    <p class='ocr_par' dir='ltr' id='par_1_66' title="bbox 425 3156 2013 3234">
     <span class='ocr_line' id='line_1_66' title="bbox 425 3156 2013 3234; baseline 0.006 -21"><span class='ocrx_word' id='word_1_498' title='bbox 425 3156 695 3225; x_wconf 78' lang='lat' dir='ltr'><strong>Quocirca</strong></span> <span class='ocrx_word' id='word_1_499' title='bbox 738 3156 978 3218; x_wconf 79' lang='lat' dir='ltr'><strong>Verbum</strong></span> <span class='ocrx_word' id='word_1_500' title='bbox 1017 3177 1150 3219; x_wconf 88' lang='lat' dir='ltr'><strong>caro</strong></span> <span class='ocrx_word' id='word_1_501' title='bbox 1199 3163 1409 3234; x_wconf 84' lang='lat' dir='ltr'><strong>absque</strong></span> <span class='ocrx_word' id='word_1_502' title='bbox 1446 3163 1556 3219; x_wconf 88' lang='lat' dir='ltr'><strong>ulla</strong></span> <span class='ocrx_word' id='word_1_503' title='bbox 1608 3165 1916 3220; x_wconf 89' lang='lat' dir='ltr'><strong>mutatione</strong></span> <span class='ocrx_word' id='word_1_504' title='bbox 1944 3166 2013 3222; x_wconf 83' lang='lat' dir='ltr'><strong>de</strong></span> 
     </span>
    </p>
   </div>
   <div class='ocr_carea' id='block_1_67' title="bbox 2117 3156 3702 3244">
    <p class='ocr_par' dir='ltr' id='par_1_67' title="bbox 2117 3165 3702 3244">
     <span class='ocr_line' id='line_1_67' title="bbox 2117 3165 3702 3244; baseline -0.006 -16"><span class='ocrx_word' id='word_1_505' title='bbox 2117 3172 2366 3244; x_wconf 83' lang='grc' dir='ltr'>ἀχράντῳ</span> <span class='ocrx_word' id='word_1_506' title='bbox 2399 3171 2584 3240; x_wconf 80' lang='grc' dir='ltr'>μήτρᾳ</span> <span class='ocrx_word' id='word_1_507' title='bbox 2615 3169 2716 3238; x_wconf 86' lang='grc' dir='ltr'>τῆς</span> <span class='ocrx_word' id='word_1_508' title='bbox 2778 3167 3057 3236; x_wconf 83' lang='grc' dir='ltr'>Παρθένου</span> <span class='ocrx_word' id='word_1_509' title='bbox 3100 3165 3448 3234; x_wconf 75' lang='grc' dir='ltr'>συλληφθεὶς,</span> <span class='ocrx_word' id='word_1_510' title='bbox 3483 3165 3603 3219; x_wconf 83' lang='grc' dir='ltr'>ἀλλ’</span> <span class='ocrx_word' id='word_1_511' title='bbox 3629 3165 3702 3218; x_wconf 73' lang='grc' dir='ltr'>ἐκ</span> 
     </span>
    </p>
   </div>
   <div class='ocr_carea' id='block_1_68' title="bbox 429 3249 2016 3327">
    <p class='ocr_par' dir='ltr' id='par_1_68' title="bbox 429 3249 2016 3327">
     <span class='ocr_line' id='line_1_68' title="bbox 429 3249 2016 3327; baseline 0.006 -24"><span class='ocrx_word' id='word_1_512' title='bbox 429 3249 638 3320; x_wconf 81' lang='lat' dir='ltr'><strong>Spiritu</strong></span> <span class='ocrx_word' id='word_1_513' title='bbox 669 3260 885 3317; x_wconf 86' lang='lat' dir='ltr'><strong>sancto,</strong></span> <span class='ocrx_word' id='word_1_514' title='bbox 921 3260 979 3309; x_wconf 91' lang='lat' dir='ltr'><strong>et</strong></span> <span class='ocrx_word' id='word_1_515' title='bbox 1041 3261 1234 3310; x_wconf 88' lang='lat' dir='ltr'><strong>sancta</strong></span> <span class='ocrx_word' id='word_1_516' title='bbox 1285 3254 1454 3310; x_wconf 77' lang='lat' dir='ltr'><strong>Maria</strong></span> <span class='ocrx_word' id='word_1_517' title='bbox 1509 3270 1726 3327; x_wconf 84' lang='lat' dir='ltr'><strong>semper</strong></span> <span class='ocrx_word' id='word_1_518' title='bbox 1791 3255 2016 3327; x_wconf 75' lang='lat' dir='ltr'><strong>Virgine</strong></span> 
     </span>
    </p>
   </div>
   <div class='ocr_carea' id='block_1_69' title="bbox 428 3338 2014 3417">
    <p class='ocr_par' dir='ltr' id='par_1_69' title="bbox 428 3338 2014 3417">
     <span class='ocr_line' id='line_1_69' title="bbox 428 3338 2014 3417; baseline 0.005 -23"><span class='ocrx_word' id='word_1_519' title='bbox 428 3338 932 3411; x_wconf 84' lang='lat' dir='ltr'><strong>DeiqueGenitrice</strong></span> <span class='ocrx_word' id='word_1_520' title='bbox 984 3343 1192 3401; x_wconf 86' lang='lat' dir='ltr'><strong>factum</strong></span> <span class='ocrx_word' id='word_1_521' title='bbox 1213 3353 1342 3412; x_wconf 88' lang='lat' dir='ltr'><strong>est;</strong></span> <span class='ocrx_word' id='word_1_522' title='bbox 1401 3345 1608 3417; x_wconf 87' lang='lat' dir='ltr'><strong>Deique</strong></span> <span class='ocrx_word' id='word_1_523' title='bbox 1659 3357 1712 3403; x_wconf 90' lang='lat' dir='ltr'><strong>et</strong></span> <span class='ocrx_word' id='word_1_524' title='bbox 1733 3347 2014 3403; x_wconf 90' lang='lat' dir='ltr'><strong>hominum</strong></span> 
     </span>
    </p>
   </div>
   <div class='ocr_carea' id='block_1_70' title="bbox 428 3430 2010 3534">
    <p class='ocr_par' dir='ltr' id='par_1_70' title="bbox 428 3430 2010 3534">
     <span class='ocr_line' id='line_1_70' title="bbox 428 3430 2010 3534; baseline 0.013 -50"><span class='ocrx_word' id='word_1_525' title='bbox 428 3430 694 3534; x_wconf 80' lang='lat' dir='ltr'><strong>mediator</strong></span> <span class='ocrx_word' id='word_1_526' title='bbox 721 3439 966 3508; x_wconf 84' lang='lat' dir='ltr'><strong>exsistit,</strong></span> <span class='ocrx_word' id='word_1_527' title='bbox 997 3445 1148 3502; x_wconf 81' lang='lat' dir='ltr'><strong>solus</strong></span> <span class='ocrx_word' id='word_1_528' title='bbox 1181 3446 1273 3502; x_wconf 90' lang='lat' dir='ltr'><strong>ille</strong></span> <span class='ocrx_word' id='word_1_529' title='bbox 1311 3447 1368 3501; x_wconf 93' lang='lat' dir='ltr'><strong>in</strong></span> <span class='ocrx_word' id='word_1_530' title='bbox 1415 3447 1666 3504; x_wconf 88' lang='lat' dir='ltr'><strong>homines</strong></span> <span class='ocrx_word' id='word_1_531' title='bbox 1727 3448 2010 3520; x_wconf 88' lang='lat' dir='ltr'><strong>benignis-</strong></span> 
     </span>
    </p>
   </div>
   <div class='ocr_carea' id='block_1_71' title="bbox 426 3533 2006 3608">
    <p class='ocr_par' dir='ltr' id='par_1_71' title="bbox 426 3533 2006 3608">
     <span class='ocr_line' id='line_1_71' title="bbox 426 3533 2006 3608; baseline 0.01 -32"><span class='ocrx_word' id='word_1_532' title='bbox 426 3533 629 3588; x_wconf 84' lang='lat' dir='ltr'><strong>simus,</strong></span> <span class='ocrx_word' id='word_1_533' title='bbox 677 3541 786 3584; x_wconf 84' lang='lat' dir='ltr'><strong>non</strong></span> <span class='ocrx_word' id='word_1_534' title='bbox 815 3545 882 3586; x_wconf 88' lang='lat' dir='ltr'><strong>ex</strong></span> <span class='ocrx_word' id='word_1_535' title='bbox 922 3533 1228 3601; x_wconf 81' lang='lat' dir='ltr'><strong>voluntate,</strong></span> <span class='ocrx_word' id='word_1_536' title='bbox 1268 3544 1364 3592; x_wconf 89' lang='lat' dir='ltr'><strong>aut</strong></span> <span class='ocrx_word' id='word_1_537' title='bbox 1418 3552 1482 3593; x_wconf 88' lang='lat' dir='ltr'><strong>ex</strong></span> <span class='ocrx_word' id='word_1_538' title='bbox 1539 3539 2006 3608; x_wconf 85' lang='lat' dir='ltr'><strong>concupiscentia,</strong></span> 
     </span>
    </p>
   </div>
   <div class='ocr_carea' id='block_1_72' title="bbox 2111 3255 3697 3334">
    <p class='ocr_par' dir='ltr' id='par_1_72' title="bbox 2111 3255 3697 3334">
     <span class='ocr_line' id='line_1_72' title="bbox 2111 3255 3697 3334; baseline -0.006 -16"><span class='ocrx_word' id='word_1_539' title='bbox 2111 3263 2432 3334; x_wconf 83' lang='grc' dir='ltr'>Πνεύματος</span> <span class='ocrx_word' id='word_1_540' title='bbox 2473 3261 2650 3328; x_wconf 86' lang='grc' dir='ltr'>ἁγίου,</span> <span class='ocrx_word' id='word_1_541' title='bbox 2679 3258 2890 3328; x_wconf 72' lang='grc' dir='ltr'>καὶτῆς</span> <span class='ocrx_word' id='word_1_542' title='bbox 2917 3257 3140 3330; x_wconf 82' lang='grc' dir='ltr'>πρώτης</span> <span class='ocrx_word' id='word_1_543' title='bbox 3193 3255 3289 3308; x_wconf 87' lang='grc' dir='ltr'><strong>τοῦ</strong></span> <span class='ocrx_word' id='word_1_544' title='bbox 3333 3256 3507 3325; x_wconf 81' lang='grc' dir='ltr'>Ἀδὰμ</span> <span class='ocrx_word' id='word_1_545' title='bbox 3533 3255 3697 3324; x_wconf 77' lang='grc' dir='ltr'>γενέ-</span> 
     </span>
    </p>
   </div>
   <div class='ocr_carea' id='block_1_73' title="bbox 2114 3346 3692 3421">
    <p class='ocr_par' dir='ltr' id='par_1_73' title="bbox 2114 3346 3692 3421">
     <span class='ocr_line' id='line_1_73' title="bbox 2114 3346 3692 3421; baseline -0.006 -13"><span class='ocrx_word' id='word_1_546' title='bbox 2114 3373 2253 3418; x_wconf 88' lang='grc' dir='ltr'>σεως</span> <span class='ocrx_word' id='word_1_547' title='bbox 2276 3369 2290 3384; x_wconf 87' lang='grc'><strong>·</strong></span> <span class='ocrx_word' id='word_1_548' title='bbox 2317 3353 2413 3408; x_wconf 69' lang='grc' dir='ltr'>καὶ</span> <span class='ocrx_word' id='word_1_549' title='bbox 2445 3352 2655 3421; x_wconf 88' lang='grc' dir='ltr'>γίνεται</span> <span class='ocrx_word' id='word_1_550' title='bbox 2683 3350 2925 3418; x_wconf 82' lang='grc' dir='ltr'>ὑπήκοος</span> <span class='ocrx_word' id='word_1_551' title='bbox 2944 3348 3023 3418; x_wconf 83' lang='grc' dir='ltr'><strong>τῷ</strong></span> <span class='ocrx_word' id='word_1_552' title='bbox 3043 3348 3237 3418; x_wconf 74' lang='grc' dir='ltr'>Πατρὶ.</span> <span class='ocrx_word' id='word_1_553' title='bbox 3258 3346 3339 3418; x_wconf 82' lang='grc' dir='ltr'><strong>τῷ</strong></span> <span class='ocrx_word' id='word_1_554' title='bbox 3361 3348 3483 3400; x_wconf 84' lang='grc' dir='ltr'>καθ’</span> <span class='ocrx_word' id='word_1_555' title='bbox 3513 3348 3692 3416; x_wconf 75' lang='grc' dir='ltr'>ἡμᾶς.</span> 
     </span>
    </p>
   </div>
   <div class='ocr_carea' id='block_1_74' title="bbox 2114 3438 3698 3516">
    <p class='ocr_par' dir='ltr' id='par_1_74' title="bbox 2114 3438 3698 3516">
     <span class='ocr_line' id='line_1_74' title="bbox 2114 3438 3698 3516; baseline -0.008 -15"><span class='ocrx_word' id='word_1_556' title='bbox 2114 3448 2210 3503; x_wconf 78' lang='grc' dir='ltr'>καὶ</span> <span class='ocrx_word' id='word_1_557' title='bbox 2231 3448 2290 3513; x_wconf 75' lang='grc' dir='ltr'><strong>ἐξ</strong></span> <span class='ocrx_word' id='word_1_558' title='bbox 2313 3445 2469 3516; x_wconf 85' lang='grc' dir='ltr'>ήμῶν</span> <span class='ocrx_word' id='word_1_559' title='bbox 2493 3442 2891 3512; x_wconf 86' lang='grc' dir='ltr'>προολήμματι</span> <span class='ocrx_word' id='word_1_560' title='bbox 2934 3441 3034 3511; x_wconf 81' lang='grc' dir='ltr'><strong>τὴν</strong></span> <span class='ocrx_word' id='word_1_561' title='bbox 3083 3438 3356 3510; x_wconf 77' lang='grc' dir='ltr'>ἡμετέραν</span> <span class='ocrx_word' id='word_1_562' title='bbox 3401 3438 3698 3508; x_wconf 77' lang='grc' dir='ltr'>παρακοήν</span> 
     </span>
    </p>
   </div>
   <div class='ocr_carea' id='block_1_75' title="bbox 2117 3521 3694 3608">
    <p class='ocr_par' dir='ltr' id='par_1_75' title="bbox 2117 3521 3694 3608">
     <span class='ocr_line' id='line_1_75' title="bbox 2117 3521 3694 3608; baseline -0.008 -17"><span class='ocrx_word' id='word_1_563' title='bbox 2117 3521 2372 3608; x_wconf 77' lang='grc' dir='ltr'>ἰώμενος,</span> <span class='ocrx_word' id='word_1_564' title='bbox 2413 3536 2510 3588; x_wconf 74' lang='grc' dir='ltr'>καὶ</span> <span class='ocrx_word' id='word_1_565' title='bbox 2533 3534 2900 3604; x_wconf 84' lang='grc' dir='ltr'>ὑπόγραμμος</span> <span class='ocrx_word' id='word_1_566' title='bbox 2943 3532 3075 3601; x_wconf 84' lang='grc' dir='ltr'>ἡμῖν</span> <span class='ocrx_word' id='word_1_567' title='bbox 3102 3529 3349 3599; x_wconf 82' lang='grc' dir='ltr'>ὑπακοῆς</span> <span class='ocrx_word' id='word_1_568' title='bbox 3377 3528 3694 3599; x_wconf 87' lang='grc' dir='ltr'>γινόμενος,</span> 
     </span>
    </p>
   </div>
   <div class='ocr_carea' id='block_1_76' title="bbox 427 3618 2013 3700">
    <p class='ocr_par' dir='ltr' id='par_1_76' title="bbox 427 3618 2006 3700">
     <span class='ocr_line' id='line_1_76' title="bbox 427 3618 2006 3700; baseline 0.013 -35"><span class='ocrx_word' id='word_1_569' title='bbox 427 3618 524 3667; x_wconf 86' lang='lat' dir='ltr'><strong>aut</strong></span> <span class='ocrx_word' id='word_1_570' title='bbox 553 3626 852 3688; x_wconf 80' lang='lat' dir='ltr'><strong>congressu</strong></span> <span class='ocrx_word' id='word_1_571' title='bbox 875 3625 1001 3693; x_wconf 74' lang='lat' dir='ltr'><strong>viri,</strong></span> <span class='ocrx_word' id='word_1_572' title='bbox 1037 3637 1130 3682; x_wconf 81' lang='lat' dir='ltr'><strong>aut</strong></span> <span class='ocrx_word' id='word_1_573' title='bbox 1163 3630 1520 3699; x_wconf 76' lang='lat' dir='ltr'><strong>generatione</strong></span> <span class='ocrx_word' id='word_1_574' title='bbox 1558 3645 1683 3684; x_wconf 86' lang='lat' dir='ltr'><strong>cum</strong></span> <span class='ocrx_word' id='word_1_575' title='bbox 1722 3630 2006 3700; x_wconf 84' lang='lat' dir='ltr'><strong>voluptate</strong></span> 
     </span>
    </p>
   </div>
   <div class='ocr_carea' id='block_1_77' title="bbox 2117 3618 3182 3700">
    <p class='ocr_par' dir='ltr' id='par_1_77' title="bbox 2117 3623 3182 3700">
     <span class='ocr_line' id='line_1_77' title="bbox 2117 3623 3182 3700; baseline -0.006 -18"><span class='ocrx_word' id='word_1_576' title='bbox 2117 3624 2180 3700; x_wconf 74' lang='grc' dir='ltr'>ἧς</span> <span class='ocrx_word' id='word_1_577' title='bbox 2207 3628 2366 3690; x_wconf 74' lang='grc' dir='ltr'>ἐκτὸς</span> <span class='ocrx_word' id='word_1_578' title='bbox 2401 3627 2502 3680; x_wconf 84' lang='grc' dir='ltr'><strong>οὑκ</strong></span> <span class='ocrx_word' id='word_1_579' title='bbox 2535 3625 2652 3678; x_wconf 76' lang='grc' dir='ltr'>ἔστι</span> <span class='ocrx_word' id='word_1_580' title='bbox 2682 3623 2956 3694; x_wconf 86' lang='grc' dir='ltr'>σωτηρίας</span> <span class='ocrx_word' id='word_1_581' title='bbox 2987 3625 3182 3693; x_wconf 78' lang='grc' dir='ltr'>τυχεῖν.</span> 
     </span>
    </p>
   </div>
   <div class='ocr_carea' id='block_1_78' title="bbox 426 3708 3681 3794">
    <p class='ocr_par' dir='ltr' id='par_1_78' title="bbox 426 3708 3681 3794">
     <span class='ocr_line' id='line_1_78' title="bbox 426 3708 3681 3794; baseline -0.004 -16"><span class='ocrx_word' id='word_1_582' title='bbox 426 3708 744 3780; x_wconf 73' lang='lat' dir='ltr'><strong>conjuncta,</strong></span> <span class='ocrx_word' id='word_1_583' title='bbox 774 3715 830 3769; x_wconf 91' lang='lat' dir='ltr'><strong>in</strong></span> <span class='ocrx_word' id='word_1_584' title='bbox 860 3716 1186 3776; x_wconf 86' lang='lat' dir='ltr'><strong>intemerato</strong></span> <span class='ocrx_word' id='word_1_585' title='bbox 1206 3721 1450 3794; x_wconf 79' lang='lat' dir='ltr'><strong>Virginis</strong></span> <span class='ocrx_word' id='word_1_586' title='bbox 1476 3733 1634 3780; x_wconf 90' lang='lat' dir='ltr'><strong>utero</strong></span> <span class='ocrx_word' id='word_1_587' title='bbox 1675 3732 1998 3794; x_wconf 89' lang='lat' dir='ltr'><strong>conceptus,</strong></span> <span class='ocrx_word' id='word_1_588' title='bbox 2038 3723 2134 3779; x_wconf 87' lang='lat' dir='ltr'><strong>sed</strong></span> <span class='ocrx_word' id='word_1_589' title='bbox 2161 3723 2228 3777; x_wconf 90' lang='lat' dir='ltr'><strong>de</strong></span> <span class='ocrx_word' id='word_1_590' title='bbox 2257 3721 2469 3792; x_wconf 89' lang='lat' dir='ltr'><strong>Spiritu</strong></span> <span class='ocrx_word' id='word_1_591' title='bbox 2506 3731 2698 3776; x_wconf 87' lang='lat' dir='ltr'><strong>sancto</strong></span> <span class='ocrx_word' id='word_1_592' title='bbox 2726 3734 2792 3774; x_wconf 90' lang='lat' dir='ltr'><strong>ac</strong></span> <span class='ocrx_word' id='word_1_593' title='bbox 2825 3719 3004 3789; x_wconf 88' lang='lat' dir='ltr'><strong>prima</strong></span> <span class='ocrx_word' id='word_1_594' title='bbox 3083 3718 3168 3772; x_wconf 87' lang='lat' dir='ltr'><strong>illa</strong></span> <span class='ocrx_word' id='word_1_595' title='bbox 3225 3715 3417 3769; x_wconf 80' lang='lat' dir='ltr'><strong>Adami</strong></span> <span class='ocrx_word' id='word_1_596' title='bbox 3465 3715 3681 3783; x_wconf 83' lang='lat' dir='ltr'><strong>produ-</strong></span> 
     </span>
    </p>
   </div>
   <div class='ocr_carea' id='block_1_79' title="bbox 427 3799 3673 3886">
    <p class='ocr_par' dir='ltr' id='par_1_79' title="bbox 427 3799 3673 3886">
     <span class='ocr_line' id='line_1_79' title="bbox 427 3799 3673 3886; baseline 0.001 -30"><span class='ocrx_word' id='word_1_597' title='bbox 427 3799 636 3870; x_wconf 88' lang='lat' dir='ltr'><strong>ctione,</strong></span> <span class='ocrx_word' id='word_1_598' title='bbox 663 3803 833 3874; x_wconf 83' lang='lat' dir='ltr'><strong>ﬁtque</strong></span> <span class='ocrx_word' id='word_1_599' title='bbox 861 3805 1012 3862; x_wconf 81' lang='lat' dir='ltr'><strong>Patri</strong></span> <span class='ocrx_word' id='word_1_600' title='bbox 1041 3812 1330 3880; x_wconf 87' lang='lat' dir='ltr'><strong>obediens,</strong></span> <span class='ocrx_word' id='word_1_601' title='bbox 1360 3822 1418 3868; x_wconf 92' lang='lat' dir='ltr'><strong>ut</strong></span> <span class='ocrx_word' id='word_1_602' title='bbox 1449 3829 1550 3885; x_wconf 82' lang='lat' dir='ltr'><strong>per</strong></span> <span class='ocrx_word' id='word_1_603' title='bbox 1609 3816 1663 3871; x_wconf 92' lang='lat' dir='ltr'><strong>id</strong></span> <span class='ocrx_word' id='word_1_604' title='bbox 1689 3816 1837 3886; x_wconf 86' lang='lat' dir='ltr'><strong>quod</strong></span> <span class='ocrx_word' id='word_1_605' title='bbox 1904 3812 2084 3869; x_wconf 87' lang='lat' dir='ltr'><strong>simile</strong></span> <span class='ocrx_word' id='word_1_606' title='bbox 2119 3813 2280 3869; x_wconf 90' lang='lat' dir='ltr'><strong>nobis</strong></span> <span class='ocrx_word' id='word_1_607' title='bbox 2337 3828 2402 3868; x_wconf 84' lang='lat' dir='ltr'><strong>ex</strong></span> <span class='ocrx_word' id='word_1_608' title='bbox 2457 3813 2618 3867; x_wconf 88' lang='lat' dir='ltr'><strong>nobis</strong></span> <span class='ocrx_word' id='word_1_609' title='bbox 2673 3810 2995 3880; x_wconf 87' lang='lat' dir='ltr'><strong>assumpsit,</strong></span> <span class='ocrx_word' id='word_1_610' title='bbox 3051 3804 3413 3861; x_wconf 81' lang='lat' dir='ltr'><strong>inobedientiae</strong></span> <span class='ocrx_word' id='word_1_611' title='bbox 3459 3812 3673 3859; x_wconf 66' lang='lat' dir='ltr'><strong>nostra</strong></span> 
     </span>
    </p>
   </div>
   <div class='ocr_carea' id='block_1_80' title="bbox 429 3896 3282 3981">
    <p class='ocr_par' dir='ltr' id='par_1_80' title="bbox 429 3896 3282 3981">
     <span class='ocr_line' id='line_1_80' title="bbox 429 3896 3282 3981; baseline -0 -29"><span class='ocrx_word' id='word_1_612' title='bbox 429 3896 781 3966; x_wconf 83' lang='lat' dir='ltr'><strong>medicinam,</strong></span> <span class='ocrx_word' id='word_1_613' title='bbox 805 3901 1077 3973; x_wconf 84' lang='lat' dir='ltr'><strong>nobisque</strong></span> <span class='ocrx_word' id='word_1_614' title='bbox 1106 3907 1454 3975; x_wconf 68' lang='lat' dir='ltr'><strong>obedientiat,</strong></span> <span class='ocrx_word' id='word_1_615' title='bbox 1487 3911 1606 3965; x_wconf 88' lang='lat' dir='ltr'><strong>sine</strong></span> <span class='ocrx_word' id='word_1_616' title='bbox 1635 3925 1746 3981; x_wconf 90' lang='lat' dir='ltr'><strong>qua</strong></span> <span class='ocrx_word' id='word_1_617' title='bbox 1773 3907 2012 3966; x_wconf 87' lang='lat' dir='ltr'><strong>obtineri</strong></span> <span class='ocrx_word' id='word_1_618' title='bbox 2052 3907 2200 3965; x_wconf 88' lang='lat' dir='ltr'><strong>salus</strong></span> <span class='ocrx_word' id='word_1_619' title='bbox 2234 3923 2344 3963; x_wconf 87' lang='lat' dir='ltr'><strong>non</strong></span> <span class='ocrx_word' id='word_1_620' title='bbox 2392 3914 2592 3977; x_wconf 88' lang='lat' dir='ltr'><strong>potest,</strong></span> <span class='ocrx_word' id='word_1_621' title='bbox 2621 3906 2904 3974; x_wconf 80' lang='lat' dir='ltr'><strong>exemplar</strong></span> <span class='ocrx_word' id='word_1_622' title='bbox 2935 3917 3042 3960; x_wconf 89' lang='lat' dir='ltr'><strong>sese</strong></span> <span class='ocrx_word' id='word_1_623' title='bbox 3085 3899 3282 3969; x_wconf 66' lang='lat' dir='ltr'><strong>praebea</strong></span> 
     </span>
    </p>
   </div>
   <div class='ocr_carea' id='block_1_81' title="bbox 1106 3999 1361 4058">
    <p class='ocr_par' dir='ltr' id='par_1_81' title="bbox 1106 3999 1361 4058">
     <span class='ocr_line' id='line_1_81' title="bbox 1106 3999 1361 4058; baseline 0.016 -5"><span class='ocrx_word' id='word_1_624' title='bbox 1106 3999 1263 4055; x_wconf 75' lang='lat' dir='ltr'><strong>CAP.</strong></span> <span class='ocrx_word' id='word_1_625' title='bbox 1294 4001 1361 4058; x_wconf 90' lang='grc'><strong>11.</strong></span> 
     </span>
    </p>
   </div>
   <div class='ocr_carea' id='block_1_82' title="bbox 3287 3895 3387 3951">
    <p class='ocr_par' dir='ltr' id='par_1_82' title="bbox 3287 3895 3387 3951">
     <span class='ocr_line' id='line_1_82' title="bbox 3287 3895 3387 3951; baseline -0.01 0"><span class='ocrx_word' id='word_1_626' title='bbox 3287 3895 3387 3951; x_wconf 71' lang='grc'><strong>1⁸⁸.</strong></span> 
     </span>
    </p>
   </div>
   <div class='ocr_carea' id='block_1_83' title="bbox 2631 3993 3187 4070">
    <p class='ocr_par' dir='ltr' id='par_1_83' title="bbox 2631 3993 3187 4070">
     <span class='ocr_line' id='line_1_83' title="bbox 2631 3993 3187 4070; baseline -0.013 -16"><span class='ocrx_word' id='word_1_627' title='bbox 2631 4001 2885 4054; x_wconf 78' lang='grc' dir='ltr'>ΚΕΦΑΛ.</span> <span class='ocrx_word' id='word_1_628' title='bbox 2913 3998 2964 4052; x_wconf 70' lang='grc' dir='ltr'><strong>δ’</strong></span> <span class='ocrx_word' id='word_1_629' title='bbox 2996 3993 3187 4070; x_wconf 60' lang='lat' dir='ltr'><strong>[Msa]</strong></span> 
     </span>
    </p>
   </div>
   <div class='ocr_carea' id='block_1_84' title="bbox 429 4079 2013 4169">
    <p class='ocr_par' dir='ltr' id='par_1_84' title="bbox 429 4084 2013 4169">
     <span class='ocr_line' id='line_1_84' title="bbox 429 4084 2013 4169; baseline 0.006 -28"><span class='ocrx_word' id='word_1_630' title='bbox 429 4084 711 4150; x_wconf 69' lang='lat' dir='ltr'><strong>Quomodo</strong></span> <span class='ocrx_word' id='word_1_631' title='bbox 757 4097 1064 4169; x_wconf 68' lang='lat' dir='ltr'><strong>conceptum</strong></span> <span class='ocrx_word' id='word_1_632' title='bbox 1120 4093 1192 4146; x_wconf 81' lang='lat' dir='ltr'><strong>sit</strong></span> <span class='ocrx_word' id='word_1_633' title='bbox 1243 4092 1494 4169; x_wconf 69' lang='lat' dir='ltr'><strong>Verbum,</strong></span> <span class='ocrx_word' id='word_1_634' title='bbox 1522 4099 1666 4151; x_wconf 83' lang='lat' dir='ltr'><strong>etde</strong></span> <span class='ocrx_word' id='word_1_635' title='bbox 1710 4095 1885 4150; x_wconf 83' lang='lat' dir='ltr'><strong>diuina</strong></span> <span class='ocrx_word' id='word_1_636' title='bbox 1911 4096 2013 4166; x_wconf 75' lang='lat' dir='ltr'><strong>ejut</strong></span> 
     </span>
    </p>
   </div>
   <div class='ocr_carea' id='block_1_85' title="bbox 2117 4079 3694 4169">
    <p class='ocr_par' dir='ltr' id='par_1_85' title="bbox 2123 4079 3694 4169">
     <span class='ocr_line' id='line_1_85' title="bbox 2123 4079 3694 4169; baseline -0.009 -22"><span class='ocrx_word' id='word_1_637' title='bbox 2123 4093 2262 4161; x_wconf 80' lang='grc' dir='ltr'>Περὶ</span> <span class='ocrx_word' id='word_1_638' title='bbox 2295 4091 2402 4146; x_wconf 86' lang='grc' dir='ltr'><strong>τοῦ</strong></span> <span class='ocrx_word' id='word_1_639' title='bbox 2429 4088 2786 4169; x_wconf 36' lang='grc' dir='ltr'>τρόπουΑτῇς</span> <span class='ocrx_word' id='word_1_640' title='bbox 2825 4087 3188 4169; x_wconf 61' lang='grc' dir='ltr'>σολλῄψεως</span> <span class='ocrx_word' id='word_1_641' title='bbox 3231 4079 3336 4169; x_wconf 69' lang='grc' dir='ltr'><strong>τοῦ</strong></span> <span class='ocrx_word' id='word_1_642' title='bbox 3381 4083 3581 4152; x_wconf 76' lang='grc' dir='ltr'>Λόγου</span> <span class='ocrx_word' id='word_1_643' title='bbox 3637 4093 3694 4150; x_wconf 73' lang='grc' dir='ltr'>ι,</span> 
     </span>
    </p>
   </div>
   <div class='ocr_carea' id='block_1_86' title="bbox 1033 4161 1421 4218">
    <p class='ocr_par' dir='ltr' id='par_1_86' title="bbox 1033 4161 1421 4218">
     <span class='ocr_line' id='line_1_86' title="bbox 1033 4161 1421 4218; baseline 0.005 -2"><span class='ocrx_word' id='word_1_644' title='bbox 1033 4161 1421 4218; x_wconf 77' lang='lat' dir='ltr'><strong>incarnatione.</strong></span> 
     </span>
    </p>
   </div>
   <div class='ocr_carea' id='block_1_87' title="bbox 498 4248 2026 4326">
    <p class='ocr_par' dir='ltr' id='par_1_87' title="bbox 498 4248 2026 4326">
     <span class='ocr_line' id='line_1_87' title="bbox 498 4248 2026 4326; baseline 0.006 -21"><span class='ocrx_word' id='word_1_645' title='bbox 498 4248 701 4310; x_wconf 72' lang='lat' dir='ltr'><strong>Missus</strong></span> <span class='ocrx_word' id='word_1_646' title='bbox 729 4263 815 4311; x_wconf 83' lang='lat' dir='ltr'><strong>est</strong></span> <span class='ocrx_word' id='word_1_647' title='bbox 857 4254 1005 4310; x_wconf 87' lang='lat' dir='ltr'><strong>enim</strong></span> <span class='ocrx_word' id='word_1_648' title='bbox 1037 4255 1267 4326; x_wconf 79' lang='lat' dir='ltr'><strong>angelus</strong></span> <span class='ocrx_word' id='word_1_649' title='bbox 1295 4255 1511 4314; x_wconf 90' lang='lat' dir='ltr'><strong>Domini</strong></span> <span class='ocrx_word' id='word_1_650' title='bbox 1542 4259 1609 4314; x_wconf 84' lang='lat' dir='ltr'><strong>ad</strong></span> <span class='ocrx_word' id='word_1_651' title='bbox 1648 4258 1876 4313; x_wconf 85' lang='lat' dir='ltr'><strong>Mariam</strong></span> <span class='ocrx_word' id='word_1_652' title='bbox 1908 4258 2026 4314; x_wconf 80' lang='lat' dir='ltr'><strong>Vir.</strong></span> 
     </span>
    </p>
   </div>
   <div class='ocr_carea' id='block_1_88' title="bbox 427 4340 2013 4421">
    <p class='ocr_par' dir='ltr' id='par_1_88' title="bbox 427 4340 2013 4421">
     <span class='ocr_line' id='line_1_88' title="bbox 427 4340 2013 4421; baseline 0.009 -29"><span class='ocrx_word' id='word_1_653' title='bbox 427 4340 638 4410; x_wconf 79' lang='lat' dir='ltr'><strong>ginem.</strong></span> <span class='ocrx_word' id='word_1_654' title='bbox 661 4358 728 4400; x_wconf 87' lang='lat' dir='ltr'><strong>ex</strong></span> <span class='ocrx_word' id='word_1_655' title='bbox 753 4344 1014 4403; x_wconf 87' lang='lat' dir='ltr'><strong>Davidico</strong></span> <span class='ocrx_word' id='word_1_656' title='bbox 1038 4363 1237 4419; x_wconf 78' lang='lat' dir='ltr'><strong>genere</strong></span> <span class='ocrx_word' id='word_1_657' title='bbox 1257 4351 1546 4405; x_wconf 87' lang='lat' dir='ltr'><strong>eriundam</strong></span> <span class='ocrx_word' id='word_1_658' title='bbox 1569 4352 1634 4406; x_wconf 79' lang='lat'><strong>”.</strong></span> <span class='ocrx_word' id='word_1_659' title='bbox 1672 4351 2013 4421; x_wconf 78' lang='lat' dir='ltr'><strong>Manifestum</strong></span> 
     </span>
    </p>
   </div>
   <div class='ocr_carea' id='block_1_89' title="bbox 2117 4340 3126 4421">
    <p class='ocr_par' dir='ltr' id='par_1_89' title="bbox 2123 4341 3126 4418">
     <span class='ocr_line' id='line_1_89' title="bbox 2123 4341 3126 4418; baseline 0.001 -16"><span class='ocrx_word' id='word_1_660' title='bbox 2123 4347 2424 4418; x_wconf 84' lang='grc' dir='ltr'>Παρθένον,</span> <span class='ocrx_word' id='word_1_661' title='bbox 2477 4347 2541 4400; x_wconf 81' lang='grc' dir='ltr'>ὲκ</span> <span class='ocrx_word' id='word_1_662' title='bbox 2599 4343 2896 4412; x_wconf 77' lang='grc' dir='ltr'>Δασιτικῆς</span> <span class='ocrx_word' id='word_1_663' title='bbox 2949 4341 3126 4411; x_wconf 81' lang='grc' dir='ltr'>φυλῆς</span> 
     </span>
    </p>
   </div>
   <div class='ocr_carea' id='block_1_90' title="bbox 425 4436 2016 4511">
    <p class='ocr_par' dir='ltr' id='par_1_90' title="bbox 425 4436 2016 4511">
     <span class='ocr_line' id='line_1_90' title="bbox 425 4436 2016 4511; baseline 0.008 -26"><span class='ocrx_word' id='word_1_664' title='bbox 425 4440 506 4486; x_wconf 76' lang='lat' dir='ltr'><strong>est</strong></span> <span class='ocrx_word' id='word_1_665' title='bbox 531 4436 674 4492; x_wconf 84' lang='lat' dir='ltr'><strong>enim</strong></span> <span class='ocrx_word' id='word_1_666' title='bbox 702 4438 841 4507; x_wconf 81' lang='lat' dir='ltr'><strong>quod</strong></span> <span class='ocrx_word' id='word_1_667' title='bbox 866 4454 932 4493; x_wconf 79' lang='lat' dir='ltr'><strong>ea:</strong></span> <span class='ocrx_word' id='word_1_668' title='bbox 963 4437 1112 4494; x_wconf 72' lang='lat' dir='ltr'><strong>Iuda</strong></span> <span class='ocrx_word' id='word_1_669' title='bbox 1143 4450 1289 4497; x_wconf 83' lang='lat' dir='ltr'><strong>ortus</strong></span> <span class='ocrx_word' id='word_1_670' title='bbox 1329 4443 1398 4496; x_wconf 79' lang='lat' dir='ltr'><strong>sit</strong></span> <span class='ocrx_word' id='word_1_671' title='bbox 1435 4442 1686 4499; x_wconf 82' lang='lat' dir='ltr'><strong>Dominus</strong></span> <span class='ocrx_word' id='word_1_672' title='bbox 1718 4454 1915 4511; x_wconf 81' lang='lat' dir='ltr'><strong>noster,</strong></span> <span class='ocrx_word' id='word_1_673' title='bbox 1949 4460 2016 4498; x_wconf 73' lang='lat' dir='ltr'><strong>ex</strong></span> 
     </span>
    </p>
   </div>
   <div class='ocr_carea' id='block_1_91' title="bbox 426 4528 2015 4606">
    <p class='ocr_par' dir='ltr' id='par_1_91' title="bbox 426 4528 2015 4606">
     <span class='ocr_line' id='line_1_91' title="bbox 426 4528 2015 4606; baseline 0.009 -29"><span class='ocrx_word' id='word_1_674' title='bbox 426 4540 531 4595; x_wconf 74' lang='lat' dir='ltr'><strong>qua</strong></span> <span class='ocrx_word' id='word_1_675' title='bbox 556 4528 700 4581; x_wconf 74' lang='lat' dir='ltr'><strong>tribu</strong></span> <span class='ocrx_word' id='word_1_676' title='bbox 732 4531 910 4586; x_wconf 77' lang='lat' dir='ltr'><strong>nullus</strong></span> <span class='ocrx_word' id='word_1_677' title='bbox 953 4532 1117 4588; x_wconf 79' lang='lat' dir='ltr'><strong>altari</strong></span> <span class='ocrx_word' id='word_1_678' title='bbox 1147 4544 1342 4602; x_wconf 64' lang='lat' dir='ltr'><strong>priest-0</strong></span> <span class='ocrx_word' id='word_1_679' title='bbox 1376 4535 1500 4604; x_wconf 78' lang='lat' dir='ltr'><strong>fuit,</strong></span> <span class='ocrx_word' id='word_1_680' title='bbox 1552 4536 2015 4606; x_wconf 87' lang='lat' dir='ltr'><strong>quemadmodum</strong></span> 
     </span>
    </p>
   </div>
   <div class='ocr_carea' id='block_1_92' title="bbox 428 4611 2012 4696">
    <p class='ocr_par' dir='ltr' id='par_1_92' title="bbox 428 4611 2012 4696">
     <span class='ocr_line' id='line_1_92' title="bbox 428 4611 2012 4696; baseline 0.01 -33"><span class='ocrx_word' id='word_1_681' title='bbox 428 4611 650 4671; x_wconf 86' lang='lat' dir='ltr'><strong>divinus</strong></span> <span class='ocrx_word' id='word_1_682' title='bbox 700 4617 998 4686; x_wconf 84' lang='lat' dir='ltr'><strong>Apostolus</strong></span> <span class='ocrx_word' id='word_1_683' title='bbox 1038 4622 1266 4676; x_wconf 88' lang='lat' dir='ltr'><strong>tradidit</strong></span> <span class='ocrx_word' id='word_1_684' title='bbox 1295 4623 1383 4678; x_wconf 77' lang='lat' dir='ltr'><strong>“z</strong></span> <span class='ocrx_word' id='word_1_685' title='bbox 1426 4625 1494 4679; x_wconf 89' lang='lat' dir='ltr'><strong>de</strong></span> <span class='ocrx_word' id='word_1_686' title='bbox 1539 4641 1643 4696; x_wconf 88' lang='lat' dir='ltr'><strong>qua</strong></span> <span class='ocrx_word' id='word_1_687' title='bbox 1681 4641 1741 4680; x_wconf 89' lang='lat' dir='ltr'><strong>re</strong></span> <span class='ocrx_word' id='word_1_688' title='bbox 1783 4639 2012 4680; x_wconf 86' lang='lat' dir='ltr'><strong>accura-</strong></span> 
     </span>
    </p>
   </div>
   <div class='ocr_carea' id='block_1_93' title="bbox 2374 4157 3433 4228">
    <p class='ocr_par' dir='ltr' id='par_1_93' title="bbox 2374 4157 3433 4228">
     <span class='ocr_line' id='line_1_93' title="bbox 2374 4157 3433 4228; baseline -0.01 -13"><span class='ocrx_word' id='word_1_689' title='bbox 2374 4157 2474 4215; x_wconf 70' lang='grc' dir='ltr'>καὶ</span> <span class='ocrx_word' id='word_1_690' title='bbox 2507 4160 2618 4228; x_wconf 80' lang='grc' dir='ltr'>τῆς</span> <span class='ocrx_word' id='word_1_691' title='bbox 2643 4159 2806 4224; x_wconf 79' lang='grc' dir='ltr'>θείας</span> <span class='ocrx_word' id='word_1_692' title='bbox 2831 4157 3018 4212; x_wconf 83' lang='grc' dir='ltr'>αὐτοῦ</span> <span class='ocrx_word' id='word_1_693' title='bbox 3061 4157 3433 4222; x_wconf 80' lang='grc' dir='ltr'>σαρκώσεως.</span> 
     </span>
    </p>
   </div>
   <div class='ocr_carea' id='block_1_94' title="bbox 2197 4245 3705 4323">
    <p class='ocr_par' dir='ltr' id='par_1_94' title="bbox 2197 4245 3705 4323">
     <span class='ocr_line' id='line_1_94' title="bbox 2197 4245 3705 4323; baseline -0.006 -15"><span class='ocrx_word' id='word_1_694' title='bbox 2197 4253 2466 4323; x_wconf 80' lang='grc' dir='ltr'>Ἀγγελος</span> <span class='ocrx_word' id='word_1_695' title='bbox 2483 4252 2591 4322; x_wconf 83' lang='grc' dir='ltr'>γὰρ</span> <span class='ocrx_word' id='word_1_696' title='bbox 2621 4251 2827 4322; x_wconf 83' lang='grc' dir='ltr'>Κυρίου</span> <span class='ocrx_word' id='word_1_697' title='bbox 2875 4248 3155 4318; x_wconf 83' lang='grc' dir='ltr'>ἀπεστάλη</span> <span class='ocrx_word' id='word_1_698' title='bbox 3221 4245 3358 4318; x_wconf 75' lang='grc' dir='ltr'>πρὸς</span> <span class='ocrx_word' id='word_1_699' title='bbox 3390 4245 3491 4317; x_wconf 79' lang='grc' dir='ltr'>τὴν</span> <span class='ocrx_word' id='word_1_700' title='bbox 3536 4245 3705 4315; x_wconf 79' lang='grc' dir='ltr'>ἁγίαν</span> 
     </span>
    </p>
   </div>
   <div class='ocr_carea' id='block_1_95' title="bbox 3191 4339 3702 4410">
    <p class='ocr_par' dir='ltr' id='par_1_95' title="bbox 3191 4339 3702 4410">
     <span class='ocr_line' id='line_1_95' title="bbox 3191 4339 3702 4410; baseline 0 -18"><span class='ocrx_word' id='word_1_701' title='bbox 3191 4352 3218 4380; x_wconf 70' lang='grc'>⁸</span> <span class='ocrx_word' id='word_1_702' title='bbox 3276 4339 3671 4410; x_wconf 77' lang='grc' dir='ltr'>καταγομένην</span> <span class='ocrx_word' id='word_1_703' title='bbox 3691 4357 3702 4368; x_wconf 89' lang='grc'>·</span> 
     </span>
    </p>
   </div>
   <div class='ocr_carea' id='block_1_96' title="bbox 2128 4435 3710 4511">
    <p class='ocr_par' dir='ltr' id='par_1_96' title="bbox 2128 4435 3710 4511">
     <span class='ocr_line' id='line_1_96' title="bbox 2128 4435 3710 4511; baseline -0.006 -14"><span class='ocrx_word' id='word_1_704' title='bbox 2128 4443 2442 4511; x_wconf 77' lang='grc' dir='ltr'>Πρόδηλον</span> <span class='ocrx_word' id='word_1_705' title='bbox 2463 4439 2574 4508; x_wconf 73' lang='grc' dir='ltr'>γὰρ</span> <span class='ocrx_word' id='word_1_706' title='bbox 2596 4439 2676 4504; x_wconf 85' lang='grc' dir='ltr'>ὼς</span> <span class='ocrx_word' id='word_1_707' title='bbox 2702 4438 2770 4502; x_wconf 78' lang='grc' dir='ltr'><strong>ἐξ</strong></span> <span class='ocrx_word' id='word_1_708' title='bbox 2795 4437 2989 4492; x_wconf 79' lang='grc' dir='ltr'>Ἰούδα</span> <span class='ocrx_word' id='word_1_709' title='bbox 3011 4435 3427 4490; x_wconf 75' lang='grc' dir='ltr'>ἀνατέταλκεν</span> <span class='ocrx_word' id='word_1_710' title='bbox 3445 4438 3477 4488; x_wconf 84' lang='grc' dir='ltr'><em>ὁ</em></span> <span class='ocrx_word' id='word_1_711' title='bbox 3495 4436 3710 4502; x_wconf 82' lang='grc' dir='ltr'>Κύριος</span> 
     </span>
    </p>
   </div>
   <div class='ocr_carea' id='block_1_97' title="bbox 2124 4523 3711 4600">
    <p class='ocr_par' dir='ltr' id='par_1_97' title="bbox 2124 4523 3711 4600">
     <span class='ocr_line' id='line_1_97' title="bbox 2124 4523 3711 4600; baseline -0.004 -15"><span class='ocrx_word' id='word_1_712' title='bbox 2124 4529 2315 4600; x_wconf 74' lang='grc' dir='ltr'>ἡμῶν,</span> <span class='ocrx_word' id='word_1_713' title='bbox 2347 4530 2416 4594; x_wconf 75' lang='grc' dir='ltr'><strong>ἐξ</strong></span> <span class='ocrx_word' id='word_1_714' title='bbox 2447 4525 2523 4599; x_wconf 84' lang='grc' dir='ltr'>ἧς</span> <span class='ocrx_word' id='word_1_715' title='bbox 2555 4527 2760 4598; x_wconf 73' lang='grc' dir='ltr'>φυλῆς</span> <span class='ocrx_word' id='word_1_716' title='bbox 2807 4526 3007 4591; x_wconf 75' lang='grc' dir='ltr'>οὐδεὶς</span> <span class='ocrx_word' id='word_1_717' title='bbox 3061 4524 3459 4592; x_wconf 80' lang='grc' dir='ltr'>προσέσχηκε</span> <span class='ocrx_word' id='word_1_718' title='bbox 3499 4523 3584 4588; x_wconf 79' lang='grc' dir='ltr'>τῷ</span> <span class='ocrx_word' id='word_1_719' title='bbox 3609 4528 3711 4578; x_wconf 86' lang='grc' dir='ltr'>θυ-</span> 
     </span>
    </p>
   </div>
   <div class='ocr_carea' id='block_1_98' title="bbox 2123 4609 3710 4690">
    <p class='ocr_par' dir='ltr' id='par_1_98' title="bbox 2123 4609 3710 4690">
     <span class='ocr_line' id='line_1_98' title="bbox 2123 4609 3710 4690; baseline -0.008 -12"><span class='ocrx_word' id='word_1_720' title='bbox 2123 4624 2477 4690; x_wconf 80' lang='grc' dir='ltr'>σιαστηρίῳ,</span> <span class='ocrx_word' id='word_1_721' title='bbox 2545 4620 2619 4684; x_wconf 85' lang='grc' dir='ltr'>ὡς</span> <span class='ocrx_word' id='word_1_722' title='bbox 2665 4622 2708 4673; x_wconf 77' lang='grc' dir='ltr'><strong>ὸ</strong></span> <span class='ocrx_word' id='word_1_723' title='bbox 2735 4620 2876 4680; x_wconf 86' lang='grc' dir='ltr'>θεῖος</span> <span class='ocrx_word' id='word_1_724' title='bbox 2924 4617 3026 4686; x_wconf 76' lang='grc' dir='ltr'>ἔφη</span> <span class='ocrx_word' id='word_1_725' title='bbox 3068 4615 3430 4676; x_wconf 83' lang='grc' dir='ltr'>Ἀπόστολος·</span> <span class='ocrx_word' id='word_1_726' title='bbox 3488 4614 3617 4685; x_wconf 67' lang='grc' dir='ltr'>περὶ</span> <span class='ocrx_word' id='word_1_727' title='bbox 3649 4609 3710 4667; x_wconf 76' lang='grc' dir='ltr'><strong>οῦ</strong></span> 
     </span>
    </p>
   </div>
   <div class='ocr_carea' id='block_1_99' title="bbox 426 4702 2013 4786">
    <p class='ocr_par' dir='ltr' id='par_1_99' title="bbox 426 4702 2013 4775">
     <span class='ocr_line' id='line_1_99' title="bbox 426 4702 2013 4775; baseline 0.005 -11"><span class='ocrx_word' id='word_1_728' title='bbox 426 4702 540 4764; x_wconf 88' lang='lat' dir='ltr'><strong>tius</strong></span> <span class='ocrx_word' id='word_1_729' title='bbox 579 4713 767 4775; x_wconf 87' lang='lat' dir='ltr'><strong>postea</strong></span> <span class='ocrx_word' id='word_1_730' title='bbox 827 4709 1184 4767; x_wconf 84' lang='lat' dir='ltr'><strong>disseremus.</strong></span> <span class='ocrx_word' id='word_1_731' title='bbox 1231 4714 1330 4768; x_wconf 88' lang='lat' dir='ltr'><strong>Cui</strong></span> <span class='ocrx_word' id='word_1_732' title='bbox 1384 4717 1548 4770; x_wconf 89' lang='lat' dir='ltr'><strong>etiam</strong></span> <span class='ocrx_word' id='word_1_733' title='bbox 1607 4717 1791 4772; x_wconf 59' lang='lat' dir='ltr'><strong>lentum</strong></span> <span class='ocrx_word' id='word_1_734' title='bbox 1844 4716 2013 4772; x_wconf 75' lang='lat' dir='ltr'><strong>ferent</strong></span> 
     </span>
    </p>
   </div>
   <div class='ocr_carea' id='block_1_100' title="bbox 2117 4702 3714 4786">
    <p class='ocr_par' dir='ltr' id='par_1_100' title="bbox 2137 4702 3714 4786">
     <span class='ocr_line' id='line_1_100' title="bbox 2137 4702 3714 4786; baseline -0.007 -17"><span class='ocrx_word' id='word_1_735' title='bbox 2137 4715 2366 4786; x_wconf 78' lang='grc' dir='ltr'>ὕστερον</span> <span class='ocrx_word' id='word_1_736' title='bbox 2389 4712 2622 4784; x_wconf 77' lang='grc' dir='ltr'>ἐροῦμεν</span> <span class='ocrx_word' id='word_1_737' title='bbox 2667 4709 2958 4780; x_wconf 79' lang='grc' dir='ltr'>ἀκριὸἐστε</span> <span class='ocrx_word' id='word_1_738' title='bbox 2969 4702 3164 4779; x_wconf 50' lang='grc' dir='ltr'>ρονῖῌ</span> <span class='ocrx_word' id='word_1_739' title='bbox 3182 4707 3211 4746; x_wconf 75' lang='lat' dir='ltr'><strong>b</strong></span> <span class='ocrx_word' id='word_1_740' title='bbox 3241 4707 3338 4759; x_wconf 79' lang='grc' dir='ltr'>καὶ</span> <span class='ocrx_word' id='word_1_741' title='bbox 3359 4705 3714 4774; x_wconf 78' lang='grc' dir='ltr'>εὐαγγελιζό-</span> 
     </span>
    </p>
   </div>
   <div class='ocr_carea' id='block_1_101' title="bbox 427 4817 2000 4920">
    <p class='ocr_par' dir='ltr' id='par_1_101' title="bbox 427 4817 2000 4920">
     <span class='ocr_line' id='line_1_101' title="bbox 535 4817 2000 4902; baseline 0.008 -30"><span class='ocrx_word' id='word_1_742' title='bbox 535 4817 769 4887; x_wconf 68' lang='grc' dir='ltr'><strong>¹⁴Ονθει.</strong></span> <span class='ocrx_word' id='word_1_743' title='bbox 803 4819 966 4890; x_wconf 79' lang='lat' dir='ltr'><strong>Nyss.</strong></span> <span class='ocrx_word' id='word_1_744' title='bbox 998 4821 1151 4881; x_wconf 86' lang='lat' dir='ltr'><strong>Orat.</strong></span> <span class='ocrx_word' id='word_1_745' title='bbox 1197 4827 1406 4882; x_wconf 86' lang='lat' dir='ltr'><strong>cathec.</strong></span> <span class='ocrx_word' id='word_1_746' title='bbox 1449 4844 1570 4899; x_wconf 86' lang='lat' dir='ltr'><strong>cap.</strong></span> <span class='ocrx_word' id='word_1_747' title='bbox 1617 4831 1688 4887; x_wconf 79' lang='lat'><strong>‘20</strong></span> <span class='ocrx_word' id='word_1_748' title='bbox 1733 4840 1786 4887; x_wconf 90' lang='lat' dir='ltr'><strong>et</strong></span> <span class='ocrx_word' id='word_1_749' title='bbox 1845 4847 2000 4902; x_wconf 78' lang='lat' dir='ltr'><strong>seqq.</strong></span> 
     </span>
     <span class='ocr_line' id='line_1_102' title="bbox 427 4885 1904 4920; baseline 0 0"><span class='ocrx_word' id='word_1_750' title='bbox 427 4885 475 4920; x_wconf 71' lang='grc' dir='ltr'>ιο</span> <span class='ocrx_word' id='word_1_751' title='bbox 503 4885 674 4920; x_wconf 59' lang='lat' dir='ltr'><strong>an&quot;...</strong></span> <span class='ocrx_word' id='word_1_752' title='bbox 739 4888 810 4920; x_wconf 76' lang='lat' dir='ltr'><strong>n.</strong></span> <span class='ocrx_word' id='word_1_753' title='bbox 841 4891 982 4920; x_wconf 73' lang='grc' dir='ltr'><strong>,ηιηι</strong></span> <span class='ocrx_word' id='word_1_754' title='bbox 1036 4893 1133 4920; x_wconf 50' lang='grc' dir='ltr'>λλ..</span> <span class='ocrx_word' id='word_1_755' title='bbox 1206 4895 1410 4920; x_wconf 72' lang='lat' dir='ltr'><strong>ni.-.:-._-</strong></span> <span class='ocrx_word' id='word_1_756' title='bbox 1532 4899 1713 4920; x_wconf 69' lang='lat' dir='ltr'><strong>.as___</strong></span> <span class='ocrx_word' id='word_1_757' title='bbox 1769 4917 1783 4920; x_wconf 91' lang='lat'><em>_</em></span> <span class='ocrx_word' id='word_1_758' title='bbox 1836 4901 1904 4920; x_wconf 75' lang='lat' dir='ltr'><strong>no</strong></span> 
     </span>
    </p>
   </div>
   <div class='ocr_carea' id='block_1_102' title="bbox 495 4885 1428 4953">
    <p class='ocr_par' dir='ltr' id='par_1_102' title="bbox 495 4885 1428 4953">
     <span class='ocr_line' id='line_1_103' title="bbox 495 4885 1428 4953; baseline 0.012 -12"><span class='ocrx_word' id='word_1_759' title='bbox 495 4885 700 4943; x_wconf 81' lang='lat' dir='ltr'><strong>Athan.</strong></span> <span class='ocrx_word' id='word_1_760' title='bbox 724 4885 810 4944; x_wconf 71' lang='lat' dir='ltr'><strong>De</strong></span> <span class='ocrx_word' id='word_1_761' title='bbox 838 4885 1000 4945; x_wconf 71' lang='lat' dir='ltr'><strong>salut.</strong></span> <span class='ocrx_word' id='word_1_762' title='bbox 1032 4893 1154 4949; x_wconf 80' lang='lat' dir='ltr'><strong>adv.</strong></span> <span class='ocrx_word' id='word_1_763' title='bbox 1205 4895 1428 4953; x_wconf 77' lang='lat' dir='ltr'><strong>Christi.</strong></span> 
     </span>
    </p>
   </div>
   <div class='ocr_carea' id='block_1_103' title="bbox 2106 4818 3740 4891">
    <p class='ocr_par' dir='ltr' id='par_1_103' title="bbox 2106 4818 3740 4891">
     <span class='ocr_line' id='line_1_104' title="bbox 2106 4818 3740 4891; baseline -0.007 -7"><span class='ocrx_word' id='word_1_764' title='bbox 2106 4829 2154 4862; x_wconf 81' lang='lat'><strong>&quot;</strong></span> <span class='ocrx_word' id='word_1_765' title='bbox 2187 4827 2346 4883; x_wconf 78' lang='lat' dir='ltr'><strong>Joan.</strong></span> <span class='ocrx_word' id='word_1_766' title='bbox 2399 4842 2438 4887; x_wconf 90' lang='lat' dir='ltr'><strong>I,</strong></span> <span class='ocrx_word' id='word_1_767' title='bbox 2488 4825 2574 4880; x_wconf 80' lang='lat' dir='ltr'><strong>i8.</strong></span> <span class='ocrx_word' id='word_1_768' title='bbox 2650 4824 2698 4855; x_wconf 79' lang='lat'><strong>&quot;</strong></span> <span class='ocrx_word' id='word_1_769' title='bbox 2735 4821 2974 4891; x_wconf 89' lang='lat' dir='ltr'><strong>Philipp.</strong></span> <span class='ocrx_word' id='word_1_770' title='bbox 3014 4834 3076 4887; x_wconf 81' lang='grc' dir='ltr'><strong>ιι,</strong></span> <span class='ocrx_word' id='word_1_771' title='bbox 3114 4819 3167 4874; x_wconf 87' lang='lat'><strong>6.</strong></span> <span class='ocrx_word' id='word_1_772' title='bbox 3243 4820 3290 4852; x_wconf 79' lang='lat'><strong>&quot;’</strong></span> <span class='ocrx_word' id='word_1_773' title='bbox 3329 4818 3517 4875; x_wconf 89' lang='lat' dir='ltr'><strong>Eccle.</strong></span> <span class='ocrx_word' id='word_1_774' title='bbox 3568 4835 3609 4884; x_wconf 82' lang='grc' dir='ltr'><strong>ι,</strong></span> <span class='ocrx_word' id='word_1_775' title='bbox 3656 4821 3740 4876; x_wconf 76' lang='grc'><strong>10.</strong></span> 
     </span>
    </p>
   </div>
   <div class='ocr_carea' id='block_1_104' title="bbox 1532 4898 2478 4964">
    <p class='ocr_par' dir='ltr' id='par_1_104' title="bbox 1532 4898 2478 4964">
     <span class='ocr_line' id='line_1_105' title="bbox 1532 4898 2478 4964; baseline -0.003 -12"><span class='ocrx_word' id='word_1_776' title='bbox 1532 4902 1576 4933; x_wconf 68' lang='grc'><strong>’⁸</strong></span> <span class='ocrx_word' id='word_1_777' title='bbox 1604 4899 1738 4957; x_wconf 91' lang='lat' dir='ltr'><strong>Luc.</strong></span> <span class='ocrx_word' id='word_1_778' title='bbox 1767 4917 1807 4964; x_wconf 84' lang='grc' dir='ltr'><strong>ι,</strong></span> <span class='ocrx_word' id='word_1_779' title='bbox 1836 4898 1938 4957; x_wconf 57' lang='lat'><strong>26.</strong></span> <span class='ocrx_word' id='word_1_780' title='bbox 1964 4898 1973 4902; x_wconf 66' lang='grc'><strong>⁷</strong></span> <span class='ocrx_word' id='word_1_781' title='bbox 2004 4902 2050 4934; x_wconf 76' lang='grc'><strong>³⁸</strong></span> <span class='ocrx_word' id='word_1_782' title='bbox 2071 4899 2233 4955; x_wconf 84' lang='lat' dir='ltr'><strong>Hebr.</strong></span> <span class='ocrx_word' id='word_1_783' title='bbox 2265 4914 2361 4962; x_wconf 82' lang='lat' dir='ltr'><strong>vn,</strong></span> <span class='ocrx_word' id='word_1_784' title='bbox 2391 4898 2478 4950; x_wconf 74' lang='grc' dir='ltr'>Η.</span> 
     </span>
    </p>
   </div>
   <div class='ocr_carea' id='block_1_105' title="bbox 1695 5009 2365 5067">
    <p class='ocr_par' dir='ltr' id='par_1_105' title="bbox 1695 5009 2365 5067">
     <span class='ocr_line' id='line_1_106' title="bbox 1695 5009 2365 5067; baseline -0.004 -1"><span class='ocrx_word' id='word_1_785' title='bbox 1695 5012 1928 5067; x_wconf 67' lang='lat' dir='ltr'><strong>VARIAE</strong></span> <span class='ocrx_word' id='word_1_786' title='bbox 1963 5009 2254 5067; x_wconf 82' lang='lat' dir='ltr'><strong>LECTION</strong></span> <span class='ocrx_word' id='word_1_787' title='bbox 2264 5009 2365 5063; x_wconf 86' lang='lat' dir='ltr'><strong>ES.</strong></span> 
     </span>
    </p>
   </div>
   <div class='ocr_carea' id='block_1_106' title="bbox 499 5094 1373 5168">
    <p class='ocr_par' dir='ltr' id='par_1_106' title="bbox 499 5094 1373 5168">
     <span class='ocr_line' id='line_1_107' title="bbox 499 5094 1373 5168; baseline 0.007 -20"><span class='ocrx_word' id='word_1_788' title='bbox 499 5104 526 5168; x_wconf 63' lang='grc' dir='ltr'><em>ξ</em></span> <span class='ocrx_word' id='word_1_789' title='bbox 565 5094 799 5168; x_wconf 79' lang='lat' dir='ltr'><strong>Quidam</strong></span> <span class='ocrx_word' id='word_1_790' title='bbox 828 5097 1045 5154; x_wconf 88' lang='lat' dir='ltr'><strong>codices</strong></span> <span class='ocrx_word' id='word_1_791' title='bbox 1081 5099 1373 5168; x_wconf 80' lang='grc' dir='ltr'>περιεῖδεν.</span> 
     </span>
    </p>
   </div>
   <div class='ocr_carea' id='block_1_107' title="bbox 1450 5089 3719 5163">
    <p class='ocr_par' dir='ltr' id='par_1_107' title="bbox 1450 5089 3719 5163">
     <span class='ocr_line' id='line_1_108' title="bbox 1450 5089 3719 5163; baseline -0.007 -8"><span class='ocrx_word' id='word_1_792' title='bbox 1450 5115 1477 5142; x_wconf 73' lang='grc' dir='ltr'><strong><em>κ</em></strong></span> <span class='ocrx_word' id='word_1_793' title='bbox 1509 5102 1666 5155; x_wconf 82' lang='lat' dir='ltr'><strong>Deest</strong></span> <span class='ocrx_word' id='word_1_794' title='bbox 1700 5105 1758 5157; x_wconf 83' lang='grc' dir='ltr'><strong>δὲ</strong></span> <span class='ocrx_word' id='word_1_795' title='bbox 1782 5107 1836 5158; x_wconf 86' lang='lat' dir='ltr'><strong>in</strong></span> <span class='ocrx_word' id='word_1_796' title='bbox 1869 5106 1999 5159; x_wconf 85' lang='lat' dir='ltr'><strong>odit.</strong></span> <span class='ocrx_word' id='word_1_797' title='bbox 2077 5114 2106 5154; x_wconf 69' lang='grc' dir='ltr'><em>γ</em></span> <span class='ocrx_word' id='word_1_798' title='bbox 2142 5103 2301 5155; x_wconf 76' lang='lat' dir='ltr'><strong>Deest</strong></span> <span class='ocrx_word' id='word_1_799' title='bbox 2330 5102 2383 5154; x_wconf 86' lang='lat' dir='ltr'><strong>in</strong></span> <span class='ocrx_word' id='word_1_800' title='bbox 2415 5099 2576 5155; x_wconf 84' lang='lat' dir='ltr'><strong>editis</strong></span> <span class='ocrx_word' id='word_1_801' title='bbox 2626 5094 3052 5163; x_wconf 78' lang='grc' dir='ltr'>συγκαταδαίνει</span> <span class='ocrx_word' id='word_1_802' title='bbox 3101 5094 3231 5163; x_wconf 69' lang='grc' dir='ltr'>τοῖς</span> <span class='ocrx_word' id='word_1_803' title='bbox 3278 5089 3452 5142; x_wconf 81' lang='grc' dir='ltr'>αὐτοῦ</span> <span class='ocrx_word' id='word_1_804' title='bbox 3485 5091 3719 5163; x_wconf 67' lang='grc' dir='ltr'>δούλοις.</span> 
     </span>
    </p>
   </div>
   <div class='ocr_carea' id='block_1_108' title="bbox 431 5160 3711 5239">
    <p class='ocr_par' dir='ltr' id='par_1_108' title="bbox 431 5160 3711 5239">
     <span class='ocr_line' id='line_1_109' title="bbox 431 5160 3711 5239; baseline -0.003 -15"><span class='ocrx_word' id='word_1_805' title='bbox 431 5172 453 5198; x_wconf 73' lang='grc'>³</span> <span class='ocrx_word' id='word_1_806' title='bbox 590 5160 976 5239; x_wconf 22' lang='lat' dir='ltr'><strong>i546|7etcod.</strong></span> <span class='ocrx_word' id='word_1_807' title='bbox 1007 5169 1067 5239; x_wconf 12' lang='lat' dir='ltr'><strong>iS.</strong></span> <span class='ocrx_word' id='word_1_808' title='bbox 1122 5160 1230 5222; x_wconf 76' lang='grc' dir='ltr'>[ιύ.</span> <span class='ocrx_word' id='word_1_809' title='bbox 1255 5170 1349 5222; x_wconf 88' lang='grc' dir='ltr'><strong>τοῦ</strong></span> <span class='ocrx_word' id='word_1_810' title='bbox 1379 5170 1514 5224; x_wconf 83' lang='grc' dir='ltr'>Θεοῦ</span> <span class='ocrx_word' id='word_1_811' title='bbox 1539 5173 1738 5239; x_wconf 80' lang='grc' dir='ltr'>Λόγου.</span> <span class='ocrx_word' id='word_1_812' title='bbox 1761 5173 1854 5228; x_wconf 88' lang='lat' dir='ltr'><strong>Sic</strong></span> <span class='ocrx_word' id='word_1_813' title='bbox 1881 5174 2056 5228; x_wconf 87' lang='lat' dir='ltr'><strong>Faber</strong></span> <span class='ocrx_word' id='word_1_814' title='bbox 2086 5173 2185 5226; x_wconf 85' lang='lat' dir='ltr'><strong>Dei</strong></span> <span class='ocrx_word' id='word_1_815' title='bbox 2223 5170 2397 5225; x_wconf 86' lang='lat' dir='ltr'><strong>Verbi.</strong></span> <span class='ocrx_word' id='word_1_816' title='bbox 2472 5182 2498 5210; x_wconf 68' lang='grc' dir='ltr'><strong>δ</strong></span> <span class='ocrx_word' id='word_1_817' title='bbox 2528 5167 2664 5222; x_wconf 75' lang='lat' dir='ltr'><strong>Cod.</strong></span> <span class='ocrx_word' id='word_1_818' title='bbox 2695 5160 2754 5219; x_wconf 90' lang='lat' dir='ltr'><strong>S.</strong></span> <span class='ocrx_word' id='word_1_819' title='bbox 2786 5165 2892 5218; x_wconf 84' lang='lat' dir='ltr'><strong>liii.</strong></span> <span class='ocrx_word' id='word_1_820' title='bbox 2924 5173 2976 5218; x_wconf 87' lang='lat' dir='ltr'><strong>et</strong></span> <span class='ocrx_word' id='word_1_821' title='bbox 3001 5163 3096 5216; x_wconf 79' lang='lat' dir='ltr'><strong>alii</strong></span> <span class='ocrx_word' id='word_1_822' title='bbox 3126 5162 3283 5214; x_wconf 88' lang='lat' dir='ltr'><strong>multi</strong></span> <span class='ocrx_word' id='word_1_823' title='bbox 3313 5163 3379 5213; x_wconf 83' lang='grc' dir='ltr'>ὲκ</span> <span class='ocrx_word' id='word_1_824' title='bbox 3408 5160 3711 5214; x_wconf 76' lang='grc' dir='ltr'>Δαυῖτικοῦ</span> 
     </span>
    </p>
   </div>
   <div class='ocr_carea' id='block_1_109' title="bbox 432 5232 1188 5310">
    <p class='ocr_par' dir='ltr' id='par_1_109' title="bbox 432 5232 1188 5310">
     <span class='ocr_line' id='line_1_110' title="bbox 432 5232 1188 5310; baseline 0.009 -26"><span class='ocrx_word' id='word_1_825' title='bbox 432 5232 621 5299; x_wconf 83' lang='grc' dir='ltr'>φύλου.</span> <span class='ocrx_word' id='word_1_826' title='bbox 685 5237 714 5277; x_wconf 69' lang='grc' dir='ltr'><strong>ι)</strong></span> <span class='ocrx_word' id='word_1_827' title='bbox 737 5238 890 5293; x_wconf 89' lang='lat' dir='ltr'><strong>Multi</strong></span> <span class='ocrx_word' id='word_1_828' title='bbox 918 5238 1078 5296; x_wconf 90' lang='lat' dir='ltr'><strong>codd.</strong></span> <span class='ocrx_word' id='word_1_829' title='bbox 1100 5239 1188 5310; x_wconf 73' lang='grc' dir='ltr'>ἥν.</span> 
     </span>
    </p>
   </div>
   <div class='ocr_carea' id='block_1_110' title="bbox 1939 5333 2173 5392">
    <p class='ocr_par' dir='ltr' id='par_1_110' title="bbox 1939 5333 2173 5392">
     <span class='ocr_line' id='line_1_111' title="bbox 1939 5333 2173 5392; baseline 0.026 -6"><span class='ocrx_word' id='word_1_830' title='bbox 1939 5333 2173 5392; x_wconf 52' lang='lat' dir='ltr'><strong>NOTAE.</strong></span> 
     </span>
    </p>
   </div>
   <div class='ocr_carea' id='block_1_111' title="bbox 505 5413 3730 5497">
    <p class='ocr_par' dir='ltr' id='par_1_111' title="bbox 505 5413 3730 5497">
     <span class='ocr_line' id='line_1_112' title="bbox 505 5413 3730 5497; baseline -0.003 -29"><span class='ocrx_word' id='word_1_831' title='bbox 505 5415 710 5497; x_wconf 67' lang='lat' dir='ltr'><strong>(.3)be</strong></span> <span class='ocrx_word' id='word_1_832' title='bbox 745 5425 816 5480; x_wconf 73' lang='grc' dir='ltr'><em>ἐκ</em></span> <span class='ocrx_word' id='word_1_833' title='bbox 871 5426 1229 5497; x_wconf 51' lang='grc' dir='ltr'><strong>θελήματος.</strong></span> <span class='ocrx_word' id='word_1_834' title='bbox 1291 5425 1412 5482; x_wconf 69' lang='lat' dir='ltr'><strong>Non</strong></span> <span class='ocrx_word' id='word_1_835' title='bbox 1441 5442 1506 5481; x_wconf 54' lang='lat' dir='ltr'><strong>ex</strong></span> <span class='ocrx_word' id='word_1_836' title='bbox 1533 5425 1842 5497; x_wconf 15' lang='grc' dir='ltr'><strong>λυοιυηιηεε.</strong></span> <span class='ocrx_word' id='word_1_837' title='bbox 1892 5423 2002 5482; x_wconf 54' lang='grc' dir='ltr'><strong>με,</strong></span> <span class='ocrx_word' id='word_1_838' title='bbox 2057 5444 2061 5448; x_wconf 47' lang='grc' dir='ltr'>ν</span> <span class='ocrx_word' id='word_1_839' title='bbox 2106 5426 2306 5497; x_wconf 32' lang='lat' dir='ltr'><strong>fuerat.</strong></span> <span class='ocrx_word' id='word_1_840' title='bbox 2339 5421 2648 5497; x_wconf 58' lang='lat' dir='ltr'><strong>Nysscnus,</strong></span> <span class='ocrx_word' id='word_1_841' title='bbox 2674 5417 2890 5497; x_wconf 42' lang='lat' dir='ltr'><strong>Cat-ccli.</strong></span> <span class='ocrx_word' id='word_1_842' title='bbox 2913 5429 3061 5497; x_wconf 26' lang='lat' dir='ltr'><strong>cap:</strong></span> <span class='ocrx_word' id='word_1_843' title='bbox 3096 5413 3186 5473; x_wconf 72' lang='lat'><strong>16.</strong></span> <span class='ocrx_word' id='word_1_844' title='bbox 3232 5413 3562 5497; x_wconf 46' lang='lat' dir='ltr'><strong>bominun’r</strong></span> <span class='ocrx_word' id='word_1_845' title='bbox 3597 5430 3730 5495; x_wconf 56' lang='lat' dir='ltr'><strong>pro.</strong></span> 
     </span>
    </p>
   </div>
   <div class='ocr_carea' id='block_1_112' title="bbox 434 5482 3732 5566">
    <p class='ocr_par' dir='ltr' id='par_1_112' title="bbox 434 5482 3732 5566">
     <span class='ocr_line' id='line_1_113' title="bbox 434 5482 3732 5566; baseline 0.001 -30"><span class='ocrx_word' id='word_1_846' title='bbox 434 5482 831 5566; x_wconf 77' lang='lat' dir='ltr'><strong>demptorema</strong></span> <span class='ocrx_word' id='word_1_847' title='bbox 863 5482 1088 5566; x_wconf 55' lang='lat' dir='ltr'><strong>peccato</strong></span> <span class='ocrx_word' id='word_1_848' title='bbox 1120 5482 1420 5553; x_wconf 66' lang='lat' dir='ltr'><strong>immunem</strong></span> <span class='ocrx_word' id='word_1_849' title='bbox 1467 5495 1653 5566; x_wconf 73' lang='lat' dir='ltr'><strong>fuisse</strong></span> <span class='ocrx_word' id='word_1_850' title='bbox 1672 5493 1852 5566; x_wconf 80' lang='lat' dir='ltr'><strong>docet,</strong></span> <span class='ocrx_word' id='word_1_851' title='bbox 1877 5498 2002 5566; x_wconf 89' lang='lat' dir='ltr'><strong>quia</strong></span> <span class='ocrx_word' id='word_1_852' title='bbox 2103 5482 2592 5566; x_wconf 62' lang='lat' dir='ltr'><strong>creationi&#39;vitium</strong></span> <span class='ocrx_word' id='word_1_853' title='bbox 2636 5485 2947 5566; x_wconf 54' lang='lat' dir='ltr'><strong>admisceri</strong></span> <span class='ocrx_word' id='word_1_854' title='bbox 2991 5482 3091 5549; x_wconf 83' lang='lat' dir='ltr'><strong>ait,</strong></span> <span class='ocrx_word' id='word_1_855' title='bbox 3153 5483 3286 5563; x_wconf 78' lang='lat' dir='ltr'><strong>quia</strong></span> <span class='ocrx_word' id='word_1_856' title='bbox 3331 5499 3448 5566; x_wconf 70' lang='lat' dir='ltr'><strong>non</strong></span> <span class='ocrx_word' id='word_1_857' title='bbox 3509 5482 3732 5566; x_wconf 47' lang='lat' dir='ltr'><strong>ﬁt;sine</strong></span> 
     </span>
    </p>
   </div>
   <div class='ocr_carea' id='block_1_113' title="bbox 434 5563 2000 5638">
    <p class='ocr_par' dir='ltr' id='par_1_113' title="bbox 434 5563 2000 5638">
     <span class='ocr_line' id='line_1_114' title="bbox 434 5563 2000 5638; baseline 0.006 -28"><span class='ocrx_word' id='word_1_858' title='bbox 434 5564 675 5638; x_wconf 36' lang='lat' dir='ltr'><strong>efﬁngi”</strong></span> <span class='ocrx_word' id='word_1_859' title='bbox 705 5570 758 5614; x_wconf 89' lang='lat' dir='ltr'><strong>et</strong></span> <span class='ocrx_word' id='word_1_860' title='bbox 789 5563 989 5638; x_wconf 68' lang='lat' dir='ltr'><strong>[ciiiina</strong></span> <span class='ocrx_word' id='word_1_861' title='bbox 1025 5569 1247 5638; x_wconf 86' lang='lat' dir='ltr'><strong>genitus</strong></span> <span class='ocrx_word' id='word_1_862' title='bbox 1276 5585 1385 5626; x_wconf 87' lang='lat' dir='ltr'><strong>non</strong></span> <span class='ocrx_word' id='word_1_863' title='bbox 1414 5577 1520 5629; x_wconf 84' lang='lat' dir='ltr'><strong>est.</strong></span> <span class='ocrx_word' id='word_1_864' title='bbox 1562 5564 1658 5638; x_wconf 65' lang='lat' dir='ltr'><strong>sed,</strong></span> <span class='ocrx_word' id='word_1_865' title='bbox 1690 5564 1758 5619; x_wconf 83' lang='lat' dir='ltr'><strong>de</strong></span> <span class='ocrx_word' id='word_1_866' title='bbox 1793 5563 2000 5638; x_wconf 73' lang='lat' dir='ltr'><strong>Spiritu</strong></span> 
     </span>
    </p>
   </div>
   <div class='ocr_carea' id='block_1_114' title="bbox 2104 5552 3726 5628">
    <p class='ocr_par' dir='ltr' id='par_1_114' title="bbox 2104 5552 3726 5628">
     <span class='ocr_line' id='line_1_115' title="bbox 2104 5552 3726 5628; baseline -0.001 -17"><span class='ocrx_word' id='word_1_867' title='bbox 2104 5563 2352 5623; x_wconf 78' lang='lat' dir='ltr'><strong>libidine,</strong></span> <span class='ocrx_word' id='word_1_868' title='bbox 2392 5573 2540 5628; x_wconf 62' lang='lat' dir='ltr'><strong>qua:</strong></span> <span class='ocrx_word' id='word_1_869' title='bbox 2592 5557 2808 5628; x_wconf 72' lang='lat' dir='ltr'><strong>proprie</strong></span> <span class='ocrx_word' id='word_1_870' title='bbox 2828 5553 3036 5628; x_wconf 75' lang='grc' dir='ltr'>πάθος,</span> <span class='ocrx_word' id='word_1_871' title='bbox 3093 5553 3279 5620; x_wconf 77' lang='lat' dir='ltr'><strong>passio</strong></span> <span class='ocrx_word' id='word_1_872' title='bbox 3306 5552 3555 5628; x_wconf 67' lang='lat' dir='ltr'><strong>dicitur,</strong></span> <span class='ocrx_word' id='word_1_873' title='bbox 3584 5557 3726 5628; x_wconf 71' lang='grc' dir='ltr'>ὅπερ</span> 
     </span>
    </p>
   </div>
   <div class='ocr_carea' id='block_1_115' title="bbox 433 5623 3491 5710">
    <p class='ocr_par' dir='ltr' id='par_1_115' title="bbox 433 5623 3491 5710">
     <span class='ocr_line' id='line_1_116' title="bbox 433 5623 3491 5710; baseline -0.001 -29"><span class='ocrx_word' id='word_1_874' title='bbox 433 5625 663 5687; x_wconf 67' lang='grc' dir='ltr'><strong>διιιειο;</strong></span> <span class='ocrx_word' id='word_1_875' title='bbox 700 5641 766 5682; x_wconf 82' lang='lat' dir='ltr'><strong>eo</strong></span> <span class='ocrx_word' id='word_1_876' title='bbox 792 5631 902 5689; x_wconf 85' lang='lat' dir='ltr'><strong>fere</strong></span> <span class='ocrx_word' id='word_1_877' title='bbox 960 5623 1121 5695; x_wconf 53' lang='lat' dir='ltr'><strong>modo</strong></span> <span class='ocrx_word' id='word_1_878' title='bbox 1177 5623 1294 5710; x_wconf 20' lang='lat' dir='ltr'><strong>quo.</strong></span> <span class='ocrx_word' id='word_1_879' title='bbox 1326 5623 1536 5710; x_wconf 73' lang='lat' dir='ltr'><strong>primus</strong></span> <span class='ocrx_word' id='word_1_880' title='bbox 1579 5634 1745 5689; x_wconf 80' lang='lat' dir='ltr'><strong>Adam</strong></span> <span class='ocrx_word' id='word_1_881' title='bbox 1789 5623 2004 5692; x_wconf 64' lang='lat' dir='ltr'><strong>efﬁctus</strong></span> <span class='ocrx_word' id='word_1_882' title='bbox 2103 5634 2273 5687; x_wconf 84' lang='grc' dir='ltr'>κακία</span> <span class='ocrx_word' id='word_1_883' title='bbox 2297 5623 2466 5691; x_wconf 63' lang='grc' dir='ltr'>ἐστὶν,</span> <span class='ocrx_word' id='word_1_884' title='bbox 2491 5623 2614 5693; x_wconf 71' lang='grc' dir='ltr'><strong>(μείὲ</strong></span> <span class='ocrx_word' id='word_1_885' title='bbox 2637 5623 2765 5678; x_wconf 78' lang='lat' dir='ltr'><strong>nihil</strong></span> <span class='ocrx_word' id='word_1_886' title='bbox 2792 5625 2859 5677; x_wconf 78' lang='lat' dir='ltr'><strong>sit</strong></span> <span class='ocrx_word' id='word_1_887' title='bbox 2883 5632 3244 5692; x_wconf 78' lang='lat' dir='ltr'><strong>prwterquam</strong></span> <span class='ocrx_word' id='word_1_888' title='bbox 3268 5623 3491 5679; x_wconf 82' lang='lat' dir='ltr'><strong>vitium.</strong></span> 
     </span>
    </p>
   </div>
  </div>
