4116 6150
364 335 469 400 997
1398 331 1499 395 DE
1518 327 1701 393 FIDE
1733 319 2201 388 ORTHODOXA
2237 318 2383 380 LIB.
2425 318 2541 379 III.
3490 310 3621 376 993

367 452 628 508 dicimus.
661 450 839 524 lpSius
862 449 1012 506 enim
1044 454 1257 505 natum
1289 460 1392 519 per
1424 443 1766 518 hypos'tasim
1799 438 2156 510 copulantur,
2232 442 2293 487 ut
2332 448 2456 504 quae
2486 446 2650 524 unam
2677 430 3048 503 compositam
3141 429 3482 506 bypostasim
3529 431 3631 485 hs-

370 547 566 612 beant,
590 523 751 615 cujus
778 544 996 600 ratione
1018 554 1134 597 tum
1159 556 1190 595 a
1216 540 1381 594 Patre
1409 547 1465 593 et
1493 536 1703 608 Spiritu
1725 540 1942 600 sancto,
1980 537 2099 585 tum
2130 543 2162 583 a
2195 534 2371 582 matre
2399 537 2455 580 et
2485 523 2647 579 nobis
2678 524 2883 579 differt.

880 635 1135 691 ΚΕΦΑΛ.
1164 633 1218 687 4'
1239 631 1431 706 [ψη.

2688 616 2841 671 CAP.
2877 615 2972 673 ιγ.

548 730 690 801 Περὶ
718 729 827 784 τοῦ
857 729 1085 797 τρόπου
1100 726 1214 795 τῆς
1242 705 1606 788 ἀντιδόσεως
1639 719 1775 793 (15).

2123 708 2201 763 De
2224 708 2382 762 modo
2409 715 2607 761 mutate
2630 706 3124 761 communicationis
3153 705 3557 775 proprietatum.

443 828 568 880 Ὅτι
606 796 706 895 μὲν
738 816 834 876 οὖν
868 796 1061 891 ἔτερόν
1091 820 1239 871 ἐστιν
1268 816 1447 880 οὐσία,
1487 816 1677 885 ἕτερον
1710 811 1954 865 ὑπόστα-

2126 799 2364 854 Nomina
2422 800 2726 852 communia
2766 806 2816 852 et
2856 799 3096 867 propria,
3145 826 3214 837 —
3253 796 3409 863 Quod
3464 810 3631 869 porro

377 935 485 984 σις,
516 891 835 976 πλειστάκις
876 912 1206 983 εἰρήκαμεν,
1229 909 1325 963 καὶ
1350 909 1490 979 ὃτιή
1529 907 1628 978 μὲν
1669 904 1849 968 οὐσία,
1892 901 1956 955 τὸ

2079 891 2205 947 iliud
2242 891 2315 946 sit
2341 891 2681 953 substantia,
2710 898 2764 943 et
2795 891 2945 945 aliud
2974 891 3311 962 hypostasis,
3348 891 3631 947 multoties

378 1008 565 1064 κοινὸν
588 1006 684 1060 καὶ
718 1003 1072 1076 περιεκτικὸν
1102 1000 1255 1066 εἶδος.
1269 1002 1381 1055 τῶν
1418 999 1679 1071 ὁμοειδῶν
1719 996 1957 1051 ὑποστά-

2079 1003 2088 1039 ι
2119 984 2281 1040 nobis
2313 983 2523 1038 dictum
2552 991 2638 1039 est
2666 1001 2680 1039 :
2728 984 3007 1054 quodque,
3052 984 3367 1040 substantia
3401 986 3517 1039 sive
3545 1000 3634 1040 es-

380 1117 520 1156 σεων
548 1097 827 1170 σημαίνει,
852 1092 988 1159 οἷον,
1019 1095 1175 1159 Θεός,
1209 1094 1519 1165 ἄνθρωπος,
1558 1094 1592 1163 ἡ
1622 1091 1680 1144 δὲ
1721 1089 1959 1143 ὑπόστα-

2079 1076 2258 1139 ιοηιὶα,
2285 1090 2636 1130 communem
2692 1079 2959 1146 speciem,
3013 1076 3376 1146 ejusdemque
3425 1077 3632 1149 speciei

382 1208 485 1257 σις,
516 1166 720 1261 ἄτομον
751 1187 922 1259 δηλοῖ.
947 1189 1066 1258 ἦτοι
1096 1187 1333 1256 Πατέρα,
1358 1185 1507 1245 Υἱὸν,
1539 1182 1763 1254 Πνεῦμα
1783 1184 1955 1249 ἅγιον,
2060 1181 2330 1261 Personas
2412 1166 2877 1236 compleﬂenlem
2928 1257 2941 1261 ᾳ
2964 1167 3289 1261 signiﬁcem,
3322 1178 3387 1261 ut
3465 1169 3633 1261 Deus.

382 1257 872 1353 Πέτρονξῐιαῦλον.
909 1257 1106 1329 Ἰστέον
1125 1276 1329 1341 τοίνυν,
1357 1276 1438 1340 ὅτι
1476 1274 1538 1327 τὸ
1573 1272 1671 1343 μὲν
1699 1271 1801 1343 τῆς
1843 1270 1960 1324 θεό-
2060 1257 2263 1353 Ιξοηιοῖ
2292 1271 2556 1353 Persona“
2575 1264 2760 1311 amem
2809 1257 3634 1353 id”hypostamsindividuum

380 1344 541 1441 τητος
569 1344 665 1425 καὶ
689 1372 788 1441 τῆς
820 1368 1239 1440 ἁνθρωπότητος
1267 1366 1440 1438 δνομα
1461 1365 1569 1420 τῶν
1591 1364 1811 1429 οὐσιῶν,
1843 1364 1960 1435 ἢτοι

2079 1346 2308 1413 lenotet,
2345 1354 2478 1417 puta
2522 1345 2768 1411 Patrem,
2811 1344 3037 1413 Filium,
3085 1356 3141 1404 et
3175 1349 3440 1419 Spiritum
3501 1366 3635 1406 san-

380 1436 493 1517 τῶν
550 1436 766 1532 φύσεών
820 1436 937 1513 ἑστι
983 1436 1393 1530 παρα-στατικὸν
1430 1471 1444 1484 ·
1500 1455 1562 1508 τὸ
1601 1454 1658 1508 δὲ
1705 1452 1837 1515 Θεός
1866 1451 1962 1505 καὶ

2079 1448 2233 1502 :tum,
2287 1438 2538 1503 Petrum,
2602 1436 2856 1493 Paulum.
2906 1438 3278 1506 Quamobrem
3333 1441 3642 1497 observan-

384 1529 691 1629 ἄνθρωπος,
748 1553 847 1608 καὶ
892 1553 986 1606 ἐπὶ
1036 1552 1137 1622 τῆς
1187 1549 1405 1619 φύσεως
1457 1548 1735 1611 τάττεται,
1772 1545 1961 1615 ὥσπερ

2079 1530 2193 1585 lum
2229 1539 2334 1596 est,
2360 1530 2509 1601 quod
2554 1529 2862 1586 divinitatis
2906 1537 2965 1586 et
3005 1532 3368 1588 humanitatis
3412 1547 3639 1597 nomen,

385 1620 513 1702 ὅταν
544 1656 572 1697 1³
610 1646 881 1715 λίγωμεν,
903 1642 1040 1706 Θεός
1070 1620 1219 1695 εστιν
1252 1639 1632 1710 ἀκατάληπτος
1656 1637 1835 1701 οὐσία,
1870 1636 1965 1689 καὶ

2079 1622 2409 1677 substantias
2470 1620 2590 1676 sive
2651 1627 2886 1676 naturas
2941 1621 3263 1691 signiﬁcat:
3316 1630 3372 1677 at
3437 1636 3644 1678 nomen

382 1739 466 1792 ὅτι
488 1732 567 1799 εἷς
592 1734 725 1796 Θεός
752 1714 769 1763 έ
794 1731 1131 1802 λαμὸάνεται
1172 1729 1253 1793 δὲ,
1307 1729 1401 1783 καὶ¹
1444 1728 1537 1781 ἐπὶ
1575 1726 1687 1780 τῶν
1730 1724 1966 1781 ὑποστά-

2079 1714 2212 1770 Deus
2247 1728 2312 1768 ac
2343 1714 2531 1780 homo,
2582 1720 2701 1767 tum
2736 1714 2805 1768 de
2847 1720 3043 1767 natura
3072 1720 3394 1783 usurpatur,
3423 1721 3484 1767 ut
3514 1727 3644 1767 eum

388 1846 551 1891 σεων,
576 1828 655 1890 ὡς
678 1824 774 1880 τοῦ
802 1823 1176 1896 μερικωτέρου
1208 1820 1501 1892 δεχομένου
1537 1820 1599 1873 τὸ
1616 1817 1712 1871 τοῦ
1745 1815 1966 1871 καθολι-

2079 1806 2325 1871 licimus,
2380 1807 2524 1861 Deus
2565 1811 2650 1862 est
2696 1803 3010 1860 substantia
3039 1804 3524 1873 incomprehensa,
3561 1812 3644 1871 et,

388 1919 632 1991 κωτὲρου
669 1895 969 1987 ὅνομα,ώς
997 1915 1125 1969 ὅταν
1152 1913 1316 1984 φησὶν
1351 1914 1384 1984 ἡ
1407 1912 1599 1983 Γραφή
1623 1927 1636 1941 ·
1665 1910 1768 1964 Διὰ
1794 1907 1965 1963 τοῦτο

2079 1913 2213 1953 unus
2246 1906 2331 1952 est
2367 1895 2547 1962 Deus;
2576 1905 2689 1950 tum
2742 1897 2908 1950 etiam
2944 1896 3012 1951 de
3047 1896 3324 1967 personis,
3356 1905 3639 1966 quatenus

1048 1967 1191 2072 Θεόξι
1212 1967 1350 2058 ὸνου.
1372 1967 1670 2072 ιἰέοὺιίὰρ
1712 2001 1805 2054 τὸν
1849 2002 1962 2053 Πα-

2079 1988 2205 2043 illud
2238 1988 2384 2058 quod
2440 1987 2841 2058 particularius
2883 1995 2992 2050 est,
3023 1986 3145 2056 ejus
3176 2002 3377 2042 nomen
3407 1985 3648 2057 suscipit

388 2102 524 2173 τέρα
544 2102 637 2155 καὶ
667 2101 760 2154 τὸν
782 2099 911 2151 Υῐὸν
948 2098 1186 2168 ἐδήλωσε
1205 2113 1220 2129 θ
1244 2100 1341 2150 καὶ
1367 2094 1443 2158 ὡς
1463 2094 1591 2147 ὅταν
1616 2092 1767 2161 λέγει
1791 2109 1803 2121 ·
1825 2094 1964 2145 Ἀν-

2070 2080 2219 2151 quod
2264 2087 2353 2135 est
2431 2079 2769 2151 generalius,
2830 2088 2886 2132 ut
2935 2093 3065 2133 cum
3126 2078 3418 2147 Scriptura
3461 2078 3643 2134 dicit:

390 2168 621 2259 θρωπός
657 2202 749 2255 τις
795 2184 876 2259 ἦν
926 2188 996 2241 ἐν
1041 2186 1202 2257 χώρᾳ
1260 2184 1336 2254 τῇ
1382 2181 1688 2239 Αὐσιτιδι·
1729 2181 1821 2235 τὸν
1849 2179 1962 2252 γὰρ

2079 2172 2364 2244 Propterea
2388 2172 2541 2226 unxit
2572 2180 2621 2225 te
2666 2169 2834 2238 Deus,
2869 2169 3011 2224 Deus
3041 2178 3161 2224 tuus
3193 2171 3265 2224 ⁵³.
3299 2168 3468 2225 Vides
3497 2171 3645 2224 enim

404 2282 525 2337 Ἰὼὸ
549 2282 710 2354 μόνον
741 2280 1033 2352 ἐδήλωσεν.

460 2554 587 2609 Ἐπὶ
609 2547 704 2608 οὖν
727 2551 823 2607 τοῦ
849 2549 1059 2623 Κυρίου
1084 2550 1243 2621 ἡμῶν
1271 2546 1452 2618 Ἰησοῦ
1482 2542 1745 2616 Χριστοῦ,
1772 2542 1966 2616 ἐπειδὴ

390 2648 487 2702 δύο
504 2646 604 2718 μὲν
629 2646 727 2707 τὰς
746 2646 935 2714 φύσεις
955 2640 1319 2712 γινώσκομεν,
1354 2639 1485 2710 μίαν
1514 2637 1573 2692 δὲ
1607 2636 1706 2707 τὴν
1727 2634 1966 2689 ὑπόστα-

396 2757 482 2793 σιν
508 2738 571 2803 ἐξ
593 2735 939 2809 ἁμφωτέρων
964 2734 1240 2799 σύνθετον,
1270 2733 1359 2785 ὅτε
1387 2730 1486 2802 μὲν
1505 2728 1605 2792 τὰς
1626 2726 1819 2797 φύσεις
1839 2729 1971 2782 ἀνα-

395 2832 709 2905 θεωροῦμεν
733 2872 750 2897 ,
812 2829 1042 2901 θεότητα
1091 2827 1185 2881 καὶ
1220 2825 1618 2896 ἀνθρωπότητα
1672 2820 1970 2891 καλοῦμεν,

393 2926 485 2977 ὅτε
515 2924 574 2976 δὲ
604 2924 706 2993 τὴν
740 2925 805 2975 ὲκ
844 2921 955 2975 τῶν
1005 2919 1221 2989 φύσεων
1254 2917 1604 2972 συντεθεῖσαν
1646 2913 1969 2976 ὑπόστασιν,

396 3012 529 3065 ποτε
553 3010 654 3082 μὶν
681 3013 748 3064 ἐκ
777 3010 874 3064 τοῦ
905 3008 1316 3079 συναμφοτέρου
1348 3006 1583 3078 Χριστὸν
1606 3002 1970 3074 ὀνομάζομεν,

396 3103 492 3157 καὶ
514 3102 669 3165 Θεὸν,
720 3102 815 3155 καὶ
866 3099 1157 3170 ἄνθρωπον
1195 3100 1339 3152 κατὰ
1373 3096 1574 3151 ταυτὸν
1596 3106 1650 3159 1,
1704 3095 1798 3148 καὶ
1840 3091 1975 3146 Θεὸν

396 3190 841 3264 σεσαρκωμὲνον,
877 3191 1010 3245 ποτὲ
1027 3190 1087 3245 δὲ
1110 3190 1169 3257 ἐξ
1192 3190 1310 3252 ἑνὸς
1327 3187 1436 3241 τῶν
1460 3185 1666 3257 μερῶν,
1700 3184 1834 3239 Θεὸν
1880 3183 1978 3253 μό-

394 3298 507 3345 νον,
544 3282 638 3336 atat
663 3282 791 3335 Υὶὸν
822 3280 919 3335 τοῦ
951 3280 1110 3346 Θεοῦ,
1173 3281 1269 3335 καὶ
1299 3277 1590 3349 ἄνθρωπον
1652 3274 1837 3346 μόνον,
1880 3271 1979 3326 καὶ

398 3375 527 3429 Υιὸν
563 3374 890 3447 ἀνθρώπουο
934 3374 1035 3429 καὶ
1054 3374 1185 3427 ποτε
1211 3374 1309 3445 μὲν
1338 3376 1403 3427 ὲκ
1445 3371 1555 3428 τῶν
1602 3367 1827 3439 ὑψηλῶν
1883 3363 1979 3435 μό-

399 3483 510 3533 νον,
536 3467 668 3521 ποτε
692 3467 749 3522 δὲ
784 3469 849 3523 ὲκ
872 3467 985 3521 τῶν
1004 3467 1279 3521 ταπεινῶν
1306 3466 1467 3537 μόνον
1493 3480 1509 3497 ο
1543 3458 1627 3527 εἷς
1641 3462 1753 3532 γάρ
1777 3462 1925 3514 ἐστιν
1952 3461 1981 3514 ὁ

400 3560 624 3617 κάκεῖνο
651 3561 747 3615 καὶ
770 3560 932 3615 τοῦτο
960 3560 1166 3631 ὁμοίως
1211 3560 1476 3630 ὑπάρχων
1506 3573 1524 3590 ο
1550 3555 1615 3610 τὸ
1651 3555 1753 3626 μὲν
1780 3551 1856 3607 ὢν
1886 3552 1977 3606 ἀεὶ

372 3640 375 3641 ⁷
400 3651 655 3715 ἀναιτίως
683 3653 747 3705 ὲκ
776 3650 1012 3724 Πατρὸς,
1039 3651 1101 3706 τὸ
1128 3650 1185 3705 δὲ
1209 3650 1503 3721 γενόμενος
1525 3645 1756 3718 ὕστερον
1781 3644 1872 3698 διὰ
1886 3660 1980 3714 φι-

400 3741 774 3814 λανθρωπιαν.

472 4014 717 4083 Θεότητα
741 4013 844 4084 μὲν
859 4006 955 4066 οὖν
979 4011 1251 4080 λέγοντες,
1277 4011 1340 4065 οὐ
1384 4007 1835 4080 κατονομάζομεν
1880 4008 1974 4061 αὔ-

400 4107 500 4176 τῆς
516 4106 586 4160 τὰ
609 4106 710 4174 τῆς
736 4104 1156 4175 ἁνθρωπότητος
1184 4101 1471 4172 ἰδιώματα.
1530 4100 1608 4153 Οὐ
1638 4101 1751 4169 γὰρ
1798 4098 1979 4169 φαμὲν

406 4194 640 4267 θεότητα
664 4192 933 4266 παθητὴν,
969 4194 1005 4264 ἢ
1036 4193 1264 4264 κτιστήν
1293 4208 1306 4222 ·
1336 4190 1465 4245 οὔτε
1505 4190 1563 4243 δὲ
1593 4191 1694 4260 τῆς
1750 4188 1975 4260 σαρκὸς,

402 4285 523 4357 ﬂeor.
559 4284 660 4355 τῆς
692 4284 1115 4355 άνθρωπότητος
1136 4278 1554 4350 κατηγοροῦμεν
1614 4277 1683 4330 τὰ
1719 4276 1822 4346 τῆς
1856 4275 1977 4330 θεό-

400 4393 565 4446 τητος
593 4374 864 4445 ἰδιώματα
883 4390 897 4404 α
930 4374 991 4427 οὐ
1018 4374 1125 4445 γὰρ
1148 4373 1329 4443 φαμὲν
1360 4373 1567 4442 σάρκα,
1610 4371 1732 4441 ἦτοι
1762 4368 1977 4440 ἀνθρω-

405 4467 618 4539 πότητα
642 4468 920 4523 ἄκτιστον.
954 4465 1080 4519 Ἐπὶ
1108 4464 1165 4518 δὲ
1193 4464 1294 4534 τῆς
1324 4461 1697 4527 ὑποστάσεως,
1755 4461 1861 4516 κᾶν
1916 4462 1981 4513 ἐκ

402 4560 494 4616 τοῦ
518 4558 953 4629 συναμφοτέρου,
985 4556 1086 4611 κᾶν
1115 4555 1176 4621 ἐξ
1218 4556 1338 4619 ἑνὸς
1389 4555 1498 4609 τῶν
1546 4553 1732 4625 μερῶν
1773 4552 1981 4624 ταύτην

2072 2263 2163 2319 hic
2221 2264 2447 2317 Patrem
2493 2267 2549 2316 et
2592 2259 2796 2315 Filium
2842 2258 3148 2329 designari.
3196 2258 3262 2313 Et
3291 2274 3491 2314 rursus
3518 2273 3645 2315 eum

2072 2359 2150 2414 ait
2176 2374 2189 2410 :
2226 2355 2398 2409 Homo
2431 2353 2651 2419 quidam
2680 2362 2797 2408 erat
2827 2353 2884 2407 in
2919 2363 3067 2407 terra
3092 2351 3337 2407 Ausitide
3361 2351 3443 2405 ἐς
3467 2351 3647 2408 solum

2069 2448 2219 2506 enim
2245 2445 2350 2501 Job
2372 2446 2623 2501 iudicare
2653 2444 2851 2501 voluit.

2147 2536 2351 2591 Eorum
2376 2536 2431 2590 in
2463 2535 2677 2591 Christo
2730 2552 2883 2591 usus.
2906 2536 3139 2606 --Ergo
3186 2535 3243 2590 in
3276 2534 3509 2590 Domino
3545 2550 3652 2590 no-

2074 2638 2194 2686 stro
2214 2626 2347 2683 Jesu
2383 2627 2628 2692 Christo,
2665 2628 2929 2698 quoniam
2959 2625 3105 2684 duas
3141 2629 3364 2699 quidem
3397 2635 3652 2690 naturas.

2077 2729 2134 2776 at
2168 2734 2336 2774 unam
2368 2717 2644 2773 duntaxat
2683 2732 2976 2789 personam
3009 2735 3076 2776 ex
3110 2732 3344 2788 utraque
3372 2721 3655 2792 composi-

2078 2817 2191 2864 tam
2257 2809 2638 2875 agnoscimus,
2714 2821 2840 2863 cum
2915 2817 3147 2866 naturas
3204 2811 3651 2878 consideramus,

2076 2898 2425 2955 divinitatem
2479 2907 2535 2954 et
2606 2897 3005 2955 humanitatem
3076 2903 3456 2972 appellamus;
3525 2918 3651 2958 eum

2078 3002 2212 3045 vero
2239 3000 2531 3058 personam
2567 3002 2635 3041 ex
2678 2989 2894 3044 naturis
2938 2993 3329 3061 compositam,
3376 2993 3656 3050 interdum

2081 3080 2152 3135 ab
2191 3086 2430 3150 utroque
2474 3078 2757 3135 Christum
2810 3082 3184 3149 nominamus,
3244 3083 3525 3156 Deumque
3574 3086 3657 3141 si-

2081 3170 2196 3224 mul
2218 3177 2272 3224 et
2299 3168 2601 3234 hominem,
2636 3177 2691 3224 et
2730 3167 2899 3225 Deum
2942 3171 3329 3238 inearnatum;
3376 3174 3659 3229 interdum

2084 3276 2280 3317 rursus
2316 3260 2386 3315 ab
2412 3274 2524 3314 una
2566 3266 2724 3330 parte
2771 3259 2943 3316 Deum
2993 3263 3195 3328 solum,
3225 3273 3274 3317 et
3306 3261 3401 3317 Dei
3429 3261 3661 3329 Filium,

2082 3352 2468 3422 hominemque
2528 3353 2730 3417 solum,
2793 3362 2960 3423 atque
3012 3352 3256 3408 hominis
3288 3352 3532 3420 Filium;
3592 3368 3665 3410 ac

2080 3458 2279 3499 rursus
2328 3443 2652 3513 aliquando,
2716 3458 2747 3498 a
2809 3444 3145 3499 sublimibus
3197 3445 3497 3511 duntaxat,
3556 3444 3662 3501 ali-

2077 3535 2301 3608 quando
2351 3536 2484 3590 item
2533 3535 2604 3590 ab
2660 3535 2971 3591 humilibus
3021 3543 3264 3589 tantum.
3315 3533 3472 3590 Unus
3505 3535 3653 3590 enim

2078 3639 2183 3691 est,
2212 3629 2306 3699 qui
2349 3635 2404 3683 et
2453 3627 2558 3683 hoc
2600 3634 2656 3681 et
2695 3625 2834 3680 illud
2885 3641 3142 3697 peraeque
3168 3633 3272 3690 est,
3304 3641 3540 3696 quorum
3575 3630 3659 3681 εἰς

2078 3727 2258 3775 terum
2291 3734 2358 3774 ex
2393 3716 2555 3773 Patre
2586 3718 2797 3773 nullius
2831 3732 3009 3772 causa
3043 3732 3267 3788 semper
3307 3719 3542 3781 exstitit,
3573 3720 3660 3772 ala

2078 3822 2256 3869 terum
2288 3821 2470 3866 autem
2516 3819 2707 3874 postea
2743 3826 2843 3881 pro
2892 3825 2995 3866 sua
3037 3824 3168 3881 erga
3202 3811 3457 3867 homines
3487 3811 3658 3866 bene-

2078 3902 2322 3957 volentia
2355 3901 2534 3956 factus
2568 3909 2652 3956 est
2684 3901 2751 3955 ⁵⁸.

2151 3992 2351 4061 Nullus
2376 3994 2599 4048 alterum
2638 3992 3139 4047 communicationis
3169 3991 3318 4046 locus
3346 3990 3404 4045 in
3427 3990 3509 4045 his
3543 4004 3660 4061 qua

2080 4095 2300 4141 naturas
2329 4085 2655 4155 signiﬁcant,
2692 4084 2783 4139 sed
2813 4085 2872 4139 in
2895 4085 2963 4137 iis
3000 4099 3120 4153 quc
3143 4098 3445 4152 personam.
3473 4109 3544 4121 —
3572 4080 3662 4133 Di-

2080 4177 2367 4232 viuitatem
2418 4177 2607 4247 itaque
2637 4177 3014 4239 nominantes,
3066 4189 3129 4228 ea
3157 4188 3278 4242 quae
3330 4170 3660 4230 humanitati

2080 4269 2301 4338 propria
2327 4276 2479 4334 sunt,
2538 4267 2641 4336 ipsi
2683 4266 2913 4320 minime
2945 4264 3323 4332 assignamus.
3354 4260 3470 4314 Non
3504 4260 3658 4314 enim

2081 4357 2396 4427 passibilem
2429 4364 2788 4411 autcreatam
2815 4354 3074 4408 deitatem
3103 4350 3364 4405 dicimus.
3388 4347 3500 4404 Nec
3529 4364 3659 4404 rure

2080 4460 2178 4503 sus
2208 4444 2384 4509 carni,
2418 4444 2534 4499 sive
2564 4440 2918 4503 humanitati,
2948 4454 3014 4493 ea
3055 4438 3354 4493 tribuimus
3377 4453 3501 4507 quae
3533 4436 3657 4492 dei-

2080 4537 2179 4592 tati
2205 4535 2428 4605 proprie
2470 4532 2830 4590 conveniunt.
2872 4529 3073 4600 Neque
3091 4530 3239 4585 enim
3268 4544 3513 4597 carnem,
3539 4530 3662 4586 sive

402 4622 785 4719 ὀνομάσωμεν,
813 4622 1142 4718 ἀμφοτέρων
1179 4644 1288 4697 τῶν
1322 4622 1559 4713 φύσεων-
1591 4622 1661 4695 τά
1713 4622 1975 4711 ἰδιώματα

2083 4627 2509 4692 humanitatem,
2562 4625 2866 4680 increatam
2916 4622 3178 4678 dicimus.
3229 4624 3296 4677 At
3343 4637 3475 4678 vero
3524 4636 3659 4677 eum

405 4738 544 4809 αὐτῇ
570 4738 906 4807 ὲπιτίθεμεν.
937 4736 1044 4788 Καὶ
1081 4734 1192 4805 γὰρ
1218 4736 1247 4788 ὁ
1277 4733 1533 4805 Χριστὸς,
1580 4732 1718 4802 ὅπερ
1757 4732 1875 4786 ιστὶ
1916 4730 1978 4784 τὸ

406 4828 839 4900 συναμφότερον,
872 4826 967 4879 καὶ
998 4824 1151 4888 Θεὸς,
1176 4824 1274 4878 καὶ
1299 4822 1585 4894 ἄνθρωπος
1614 4821 1858 4890 λέγεται,
1879 4820 1977 4874 καὶ

404 4918 621 4983 κτιστὸς
650 4919 747 4972 καὶ
780 4918 1061 4984 άκτιστος,
1087 4915 1183 4969 καὶ
1208 4913 1450 4985 παθητὸς
1487 4916 1584 4967 καὶ
1606 4913 1855 4983 ἀπαθής
1878 4912 1977 4968 καὶ

404 5010 535 5063 ὅταν
564 5010 625 5077 ἐξ
648 5008 767 5072 ἐνὸς
788 5008 898 5061 τῶν
932 5007 1139 5081 μερῶν,
1165 5006 1299 5070 Υἱὸς
1328 5004 1488 5070 Θεοῦ,
1537 5005 1634 5058 καὶ
1686 5003 1821 5065 Θεὸς
1860 5004 1977 5057 ὀνο-

409 5097 673 5169 μάζηται,
714 5096 930 5168 δέχεται
981 5096 1050 5150 τὰ
1074 5095 1196 5167 ιτῆς
1230 5092 1709 5164 συνυφεστηκυίας
1758 5092 1975 5161 φύσεως

410 5187 701 5261 ιδιώματα,
726 5188 847 5260 ἦτοι
882 5189 983 5260 τῆς
1012 5185 1235 5256 σαρκὸς,
1268 5184 1404 5250 Θεὸς
1433 5183 1680 5255 παθητὸς
1710 5181 1977 5254 ὀνομαζό-

481 5370 525 5403 "
552 5366 704 5424 Psal.
729 5380 875 5434 xuv,
930 5364 984 5422 8.
1084 5364 1131 5398 “
1162 5360 1269 5421 Job
1315 5363 1343 5418 ἰ
1368 5398 1385 5427 ,
1416 5363 1471 5418 i.

2082 4719 2151 4776 de
2178 4731 2413 4788 persona
2465 4728 2650 4771 sermo
2671 4720 2783 4781 est,
2834 4714 2951 4771 sive
2992 4712 3062 4768 ab
3104 4721 3344 4783 utraque
3387 4722 3544 4784 parte
3578 4713 3660 4769 si-

2084 4809 2223 4875 titul,
2238 4808 2357 4865 sive
2372 4808 2441 4863 ab
2465 4807 2642 4862 altera
2657 4815 2877 4860 tantum
2901 4820 3022 4860 eam
3050 4805 3413 4876 appellemus,
3444 4806 3656 4860 utrius-

2083 4917 2193 4973 que
2222 4909 2434 4957 naturae
2484 4899 2854 4969 proprietates
2905 4897 3013 4969 ipsi
3048 4897 3406 4967 imponimus.
3440 4896 3659 4951 Etenim

2083 4992 2340 5049 Christus
2376 4990 2533 5061 (qua:
2558 5004 2663 5044 vos
2704 4996 3004 5059 utrumque
3031 4987 3195 5057 210
3229 4982 3661 5057 complectitur)

2084 5093 2140 5139 et
2166 5083 2311 5139 Deus
2348 5090 2404 5138 et
2449 5081 2617 5137 homo
2663 5080 2889 5142 dicitur.
2932 5088 2985 5134 et
3019 5088 3242 5135 creatus
3267 5086 3322 5132 et
3351 5076 3658 5138 increatus,

2084 5185 2138 5233 et
2167 5175 2450 5247 passibilis
2475 5184 2530 5231 et
2557 5173 2946 5246 impassibilis.
2965 5170 3103 5227 Cum
3128 5170 3239 5241 jam
3265 5168 3335 5223 ab
3364 5181 3469 5221 una
3499 5172 3663 5233 parte

1579 5362 1628 5395 "
1655 5360 1822 5431 Cres.
1870 5356 2007 5414 Naz.
2047 5364 2189 5413 orat.
2226 5356 2321 5412 35.

1700 5509 1933 5568 VARUE
1979 5506 2387 5566 LECTIONES.

478 5661 503 5689 °
530 5651 687 5725 ﬁdit.
725 5649 1041 5725 ὑπέμεινεν.
1113 5659 1143 5703 P
1169 5649 1305 5707 Cod.
1340 5648 1403 5707 S.
1430 5647 1543 5707 Hii.
1584 5656 1641 5708 et
1673 5647 1769 5705 alii
1788 5645 2015 5721 quidam
2051 5643 2277 5701 ὁπόταν.

409 5722 600 5781 αὐτόν.

2383 5635 2649 5695 ιιῦοά.8.
2690 5633 2803 5690 liii.
2833 5633 2955 5689 κατ’
2988 5631 3173 5687 αὑτὸν.
3212 5632 3274 5688 li.
3313 5633 3339 5689 ι
3375 5632 3519 5688 κατὰ
3567 5628 3663 5689 τὸν
