4072 6146
529 325 637 389 999

1687 315 1747 374 S.
1787 313 2107 375 JOANNIS
2144 313 2580 374 DAMASCENI

3637 311 3766 377 1000

525 437 706 494 Filius
745 435 865 501 Dei,
890 441 948 491 et
972 433 1116 488 Deus
1139 436 1516 499 nuncupatur,
1551 427 1861 499 conjunctae
1891 443 1956 484 ac
1995 444 2091 483 una

2211 445 2389 498 μενος,
2419 431 2514 482 ml.
2529 428 2740 500 Κύριος
2767 431 2866 500 τῆς
2881 427 3039 499 δόξης
3071 427 3494 499 ἐσταυρωμένος
3517 427 3610 481 ὀὑ
3643 430 3770 485 καθὸ

527 528 884 586 subsistentis
931 533 1164 585 natura),
1215 522 1320 576 hoc
1365 528 1450 576 est
1487 519 1694 585 carnis,
1726 520 2097 589 proprietates

524 619 744 688 recipit,
773 623 834 670 ut
862 623 916 669 et
954 613 1097 668 Deus
1144 611 1425 682 passibilis
1457 611 1794 672 nominetur,
1828 619 1883 664 et
1914 609 2098 664 Domi-

523 725 634 766 nus
685 707 874 778 gloriae
920 706 1220 760 cruciﬁxus
1281 704 1498 758 dicatur
1523 702 1614 755 ’σε
1668 717 1778 756 non
1808 716 1915 771 qua
1955 699 2100 757 Deus

522 808 630 867 est,
659 800 755 855 sed
782 814 890 869 qua
924 798 1068 853 idem
1095 797 1215 866 ipse
1257 795 1421 851 simul
1453 801 1536 848 est
1562 794 1747 848 homo.
1783 792 2099 862 Eodemque

2199 519 2351 587 Θεὸς,
2386 520 2522 573 άλλά
2560 521 2697 574 καθὸ
2725 522 2822 574 καὶ
2839 520 3127 590 ἄνθρωπος
3181 519 3211 570 ό
3253 517 3416 581 αὑτός
3443 534 3460 550 ο
3503 520 3601 573 καὶ
3645 522 3770 576 ὅταν

2200 609 2486 680 ἄνθρωπος
2513 651 2529 676 ,
2561 613 2659 665 καὶ
2712 611 2840 676 Υἱὸς
2889 609 3181 681 ἀνθρώπου
3226 608 3585 678 ὀνομάζηται,
3630 613 3770 682 δέχε-

2199 719 2292 755 ται
2320 706 2388 756 τὰ
2412 707 2510 773 τῆς
2535 703 2688 766 θείας
2709 703 2924 772 φύσεως
2969 700 3257 772 ἰδιώματα,
3311 702 3408 754 ml
3457 702 3767 773 αὐχήματα,

2202 794 2415 848 παιδίον
2443 795 2793 866 προαιώνιον,
2851 794 3141 865 ἄνθρωπος
3187 794 3423 864 ἄναρχος
3452 809 3466 822 ⁸
3529 795 3590 847 οὑ
3640 796 3770 850 καθὸ

521 889 708 954 modo,
738 905 864 944 cum
901 889 1064 944 homo
1104 899 1160 943 et
1203 887 1348 942 ﬁlius
1378 885 1620 940 hominis
1646 885 1975 954 appellatur,
2014 884 2091 938 di-

2201 887 2434 951 παιδίον,
2458 888 2552 940 καὶ
2585 887 2891 956 ἄνθρωπος,
2925 886 3065 940 ἀλλά
3098 886 3237 940 καθὸ
3265 887 3400 950 Θεὸς
3431 886 3508 939 ὢν
3531 889 3767 957 προαιὼ-

521 983 665 1037 vina:
690 982 948 1038 essentia;
991 979 1361 1051 proprietates
1390 984 1446 1032 et
1479 985 1804 1030 ornamenta
1838 976 2096 1044 suscipit.

520 1071 666 1128 Puer
693 1074 839 1129 enim
883 1073 1032 1128 omni
1084 1086 1201 1126 aevo
1252 1071 1534 1140 antiquior
1582 1068 1810 1132 dicitur,
1853 1073 1906 1120 et
1937 1066 2099 1120 homo

521 1165 665 1219 initii
705 1180 942 1236 expers:
979 1179 1090 1219 non
1128 1163 1182 1216 id
1215 1162 1432 1232 quidem
1484 1174 1591 1229 qua
1635 1159 1852 1213 ratione
1886 1171 2022 1227 puer
2043 1163 2100 1212 et

523 1255 689 1311 homo
713 1264 821 1321 est,
871 1255 966 1311 sed
996 1270 1104 1325 qua
1135 1254 1280 1309 Deus
1317 1251 1534 1308 sreculis
1566 1250 1816 1304 anterior
1840 1263 1964 1303 cum
2008 1262 2097 1302 es-

520 1357 626 1415 set,
653 1349 720 1401 ad
752 1356 1058 1402 extremum
1108 1347 1289 1400 factus
1330 1352 1416 1398 est
1455 1358 1611 1413 puer.
1659 1343 1838 1411 Atque
1881 1341 1971 1393 hic
2009 1345 2096 1394 est

517 1438 632 1507 jam
683 1440 913 1493 alternae
956 1437 1481 1492 communicationis
1528 1433 1726 1489 modus
1750 1472 1765 1498 ,
1791 1432 1924 1486 dum
1957 1445 2094 1484 una-

521 1546 754 1602 quaeque
796 1540 1019 1598 natura,
1061 1546 1125 1586 ea
1161 1546 1284 1600 quae
1320 1530 1424 1584 sibi
1469 1527 1693 1598 propria
1745 1533 1896 1589 sunt,
1933 1523 2094 1578 alteri

519 1626 918 1704 communicat,
971 1633 1263 1695 propterea
1297 1624 1444 1694 quod
1492 1624 1684 1678 eadem
1717 1630 1803 1677 est
1831 1622 2096 1690 liyposta-

2174 993 2330 1041 -νιος,
2368 978 2595 1046 γέγονεν
2625 980 2715 1032 ἐπ’
2747 979 2996 1049 ἐσχάτων
3021 977 3254 1033 παιδίον.
3303 977 3416 1031 Kal
3450 971 3604 1040 οὗτός
3625 979 3767 1033 ἐστιν

2195 1069 2444 1140 ὁτρόπος
2475 1070 2577 1139 τῆς
2616 1071 2956 1135 ἀντιδόσεως,
2995 1071 3264 1142 ἑκατέρας
3309 1071 3526 1137 φύσεως
3572 1069 3765 1123 ἀντιδι-

2194 1159 2392 1230 δούσης
2436 1164 2503 1231 τῇ
2564 1162 2728 1232 ἑτέρᾳ
2767 1161 2836 1214 τὰ
2888 1162 2995 1215 ίδια
3031 1161 3117 1214 διὰ
3150 1161 3250 1232 τὴν
3294 1162 3395 1232 τῆς
3422 1161 3767 1226 ὑποστάσεως

2192 1253 2521 1322 ταυτότητά,
2554 1254 2650 1305 καὶ
2682 1255 2782 1323 τὴν
2817 1255 2898 1316 είς
2922 1253 3127 1323 ἄλληλα
3159 1253 3340 1305 αὐτῶν
3371 1251 3765 1322 περιχώρησιν.

2193 1344 2353 1397 Κατά
2400 1344 2557 1397 τοῦτο
2581 1345 2860 1414 δυνάμεθα
2886 1347 3059 1398 εἰπεῖν
3093 1346 3224 1416 περὶ
3263 1345 3501 1414 Χριστοῦ
3529 1361 3545 1376 ’
3584 1340 3768 1410 Οὗτος

2192 1438 2226 1489 ὀ
2257 1435 2402 1501 Θεὸς
2426 1435 2612 1504 ἡμῶν,
2653 1437 2752 1489 ἐπὶ
2782 1437 2892 1502 τῆς
2923 1436 3036 1506 γῆς
3057 1436 3244 1504 ὤφθη,
3282 1436 3523 1501 καὶτοῖς
3543 1435 3768 1503 ἀνθρώ-

2192 1541 2328 1592 ποις
2357 1525 2828 1595 συνανεστράςοη
2851 1537 2895 1564 τ’
2929 1529 3047 1591 ml,
3063 1526 3124 1580 '0
3145 1526 3241 1582 ἄνθ
3252 1543 3430 1595 ρωπος
3440 1522 3592 1588 οὗτος
3614 1526 3769 1580 ἀκτι-

2195 1620 2318 1681 στός
2343 1619 2481 1682 ἐστι,
2518 1618 2612 1671 καὶ
2635 1619 2872 1690 ἀπαθὴς,
2907 1621 3004 1673 καὶ
3027 1620 3464 1691 ἀπερίγραπτος.

520 1713 622 1776 sis,
653 1723 711 1768 et
737 1717 806 1770 ob
852 1726 1097 1770 mutuam
1148 1731 1336 1770 earum
1386 1716 1810 1770 immeationem.
1857 1714 1975 1778 Qua
2002 1712 2216 1767 ratione
2261 1711 2328 1765 de
2377 1711 2595 1766 Christo
2624 1712 2810 1766 dicere
2853 1713 3014 1768 nobis
3079 1714 3241 1768 licet:
3309 1715 3412 1770 Hic
3472 1713 3616 1768 Deus
3680 1727 3770 1768 πο·

519 1813 629 1856 ster
659 1806 716 1858 in
746 1815 889 1860 terra
916 1807 1055 1860 visus
1084 1816 1183 1872 est,
1205 1815 1255 1860 et
1276 1821 1394 1860 cum
1424 1805 1727 1860 hominibus
1757 1813 2093 1859 conversatus
2124 1813 2201 1858 est
2243 1804 2310 1857 ⁸⁷.
2342 1803 2427 1870 Ει,
2468 1804 2559 1858 hic
2596 1803 2760 1858 homo
2811 1806 3094 1860 increatus
3131 1810 3238 1870 est,
3276 1811 3334 1860 et
3389 1804 3766 1879 impassibilis,

517 1908 576 1954 et
608 1898 1156 1966 incircumscriptus.

1182 1984 1338 2040 CAP.
1369 1983 1437 2038 Ἴ.

943 2076 1021 2130 De
1061 2093 1276 2130 numero
1327 2085 1667 2130 naturarum.

589 2166 948 2221 Personarum
980 2167 1033 2220 in
1066 2166 1200 2233 Deo,
1231 2176 1549 2220 naturarum
1587 2168 1643 2220 in
1672 2165 1883 2221 Christo
1909 2181 2092 2220 nume-

515 2273 632 2312 rus.
663 2255 798 2311 Unio
824 2273 1098 2310 numerum
1128 2273 1234 2312 non
1263 2258 1422 2312 tollit.
1442 2257 1794 2312 —Cmterum
1821 2258 1888 2320 ⁸⁸,
1919 2258 2088 2313 veluti

517 2359 684 2400 unam
718 2346 772 2398 in
820 2345 1114 2399 Divinitate
1159 2352 1416 2399 naturam
1463 2344 1815 2411 conﬁtemur,
1849 2352 1962 2399 tres
1989 2359 2088 2399 au-

515 2446 627 2492 tem
660 2451 928 2507 personas
979 2451 1106 2490 vere
1136 2435 1476 2491 exsistentes
1525 2435 1801 2500 dicimus;
1837 2444 2004 2503 atque
2026 2450 2089 2489 ea

517 2526 738 2597 quidem
771 2527 958 2582 omnia
1005 2541 1128 2597 quae
1157 2527 1434 2582 naturalia
1473 2526 1910 2596 essentialiaque
1935 2534 2087 2593 sunt,

515 2635 646 2676 esse
695 2619 971 2688 simplicia
1027 2618 1475 2689 pronuntiamus,
1538 2633 1903 2688 personarum
1957 2632 2089 2672 vero

516 2709 819 2765 discrimen
862 2709 918 2762 in
958 2709 1095 2764 solis
1143 2707 1323 2762 tribus
1365 2707 1826 2777 proprietatibus,
1875 2708 2090 2764 scilicet

516 2798 665 2868 quod
704 2813 848 2852 unus
880 2799 1000 2854 sine
1048 2812 1220 2853 causa
1263 2798 1338 2852 sit
1363 2806 1420 2852 et
1463 2797 1644 2862 Pater,
1698 2799 1891 2853 altera
1922 2813 2088 2855 causa

513 2898 574 2944 et
602 2889 798 2956 Filius,
838 2890 982 2944 alter
1032 2889 1162 2945 item
1209 2903 1242 2942 a
1277 2903 1445 2946 causa
1499 2897 1553 2945 et
1606 2890 1936 2960 procedens,
1964 2905 2089 2945 esse

515 2980 756 3050 positum
788 2981 1166 3050 agnoscimus,
1202 2987 1262 3033 ut
1298 2980 1368 3034 ab
1393 2981 1626 3035 invicem
1659 2995 1761 3035 nec
1796 2979 2087 3044 excedere,

515 3083 619 3123 nec
649 3068 894 3139 disjungi
927 3076 1171 3140 queant;
1205 3069 1457 3139 quinimo
1486 3070 1629 3124 inter
1659 3084 1720 3124 se
1751 3070 1920 3124 unita:
1951 3069 2084 3135 sint,

515 3158 752 3228 aliaque
802 3159 945 3215 alias
999 3159 1139 3213 citra
1188 3159 1575 3215 confusionem
1628 3161 1930 3230 pervadant
1961 3179 1975 3216 :
2004 3168 2086 3228 ut,

513 3245 765 3316 inquam,
828 3261 926 3303 eas
981 3248 1206 3326 quidem
1276 3249 1429 3304 nulla
1495 3249 1823 3307 confusione
1878 3253 2086 3318 unitas,

513 3339 778 3407 quoniam
811 3347 926 3396 tres
977 3323 1132 3404 sunt,
1172 3341 1392 3395 tametsi
1418 3342 1618 3408 unitae;
1651 3358 1839 3397 verum
1877 3352 1933 3398 et
1957 3317 2088 3400 abs;
2113 3317 2158 3376 θ

513 3443 620 3498 que
662 3429 1007 3500 seiunctione
1039 3430 1312 3486 discretas
1350 3433 1698 3503 (quanquam
1731 3435 1878 3490 enim
1937 3453 2089 3506 quae-

513 3519 649 3574 libet
681 3521 900 3576 illarum
932 3535 1032 3591 per
1075 3537 1138 3578 se
1171 3522 1452 3591 subsistit,
1497 3525 1612 3579 sive
1639 3526 1888 3594 perfecta
1910 3528 2088 3600 hypo-

515 3613 686 3672 stasis
714 3621 820 3678 est,
863 3630 1133 3686 suamque
1183 3619 1605 3688 proprietatem,
1651 3623 1757 3678 hoc
1807 3633 1894 3680 est
1942 3625 2090 3681 exsi-

515 3706 732 3760 stentiae
777 3706 999 3761 modum
1053 3708 1334 3779 disparem
1382 3711 1588 3778 habet;
1632 3723 1687 3768 at
1725 3718 1981 3772 essentiae
2003 3726 2090 3772 ta-

514 3807 662 3858 men,
691 3797 1136 3867 naturaliumque
1179 3802 1576 3871 proprietatum
1605 3805 1818 3860 ratione
1856 3808 2091 3876 conjun-

513 3893 739 3954 guntur,
777 3896 830 3940 et
873 3902 938 3942 co
973 3889 1120 3957 quod
1151 3905 1182 3944 a
1223 3909 1458 3962 persona
1515 3896 1698 3950 Patris
1744 3913 1857 3952 non
1911 3899 2089 3956 divel-

515 3975 724 4043 luntur,
758 3993 859 4032 nec
895 3980 1192 4048 excedunt,
1225 3983 1437 4038 idcirco
1472 3984 1617 4040 Deus
1650 4001 1815 4051 unus,
1850 3998 1904 4042 et
1935 3998 2086 4058 sunt,

512 4074 570 4124 et
602 4066 895 4140 dicuntur)
927 4073 1239 4127 :consimili
1273 4074 1438 4129 modo
1469 4076 1525 4129 in
1556 4076 1745 4130 divina
1768 4087 1823 4132 et
1856 4095 2084 4147 arcana,

509 4172 850 4231 omnemque
885 4162 1087 4216 mentis
1135 4166 1310 4218 aciem
1356 4174 1411 4219 et
1453 4176 1673 4234 captum
1716 4182 2087 4239 exsuperante

513 4248 610 4304 Dei
652 4248 818 4306 Verbi
871 4259 928 4306 et
960 4252 1175 4307 Domini
1227 4254 1403 4309 nostri
1449 4253 1582 4310 Jesu
1627 4256 1858 4324 Christi,
1925 4263 2087 4319 unius

512 4350 724 4398 sanctae
773 4343 1062 4400 Trinitatis
1111 4346 1424 4418 hypostasis
1489 4348 1894 4416 incarnatione,
1947 4354 2086 4411 duas

512 4431 734 4500 quidem
779 4445 1027 4500 naturas,
1084 4436 1328 4492 divinam
1390 4438 1604 4494 scilicet
1659 4448 1715 4495 et
1762 4441 2084 4510 humanam,

514 4537 622 4577 una
652 4525 910 4592 coivisse,
939 4536 993 4583 et
1021 4535 1326 4584 secundum
1374 4529 1714 4602 hypostasim
1748 4535 1933 4592 unitas
1964 4552 2087 4593 esse

2683 1979 2932 2034 ΚΕΦΛΛ.
2970 1981 3046 2034 E'.
3093 1958 3272 2053 [me].
3340 2013 3344 2016 -

2545 2069 2684 2138 Περὶ
2710 2069 2960 2138 ἀριθμοῦ
3006 2071 3125 2126 τῶν
3149 2075 3415 2142 φύσεων.

2265 2160 2477 2230 Ὠσπερ
2505 2160 2562 2213 δὲ
2592 2163 2686 2214 ἐπὶ
2713 2164 2812 2232 τῆς
2844 2163 3116 2232 θεότητος,
3161 2164 3290 2234 μίαν
3322 2166 3420 2235 μὲν
3451 2166 3613 2235 φύσιν
3639 2171 3759 2240 όμο-

2191 2249 2483 2321 λογοῦμεν,
2505 2255 2654 2323 τρεῖς
2699 2254 2757 2307 δὲ
2783 2255 3110 2317 ὑποστάσεις
3141 2255 3261 2308 κατ’
3313 2258 3570 2328 ἀλήθειαν
3597 2260 3757 2327 οὔσας

2193 2342 2392 2411 φαμὲν,
2425 2343 2520 2396 καὶ
2554 2343 2733 2398 πάντα
2755 2345 2855 2414 μὲν
2878 2344 2948 2398 τὰ
2975 2347 3181 2414 φυσικά
3207 2349 3301 2402 καὶ
3337 2349 3586 2422 οὑσιώδη,
3614 2354 3762 2409 ἁπλᾶ

2192 2451 2393 2504 φαμεν,
2423 2435 2522 2505 τὴν
2548 2435 2606 2488 δὲ
2639 2436 2902 2507 διαφορὰν
2950 2436 3058 2489 τῶν
3095 2437 3448 2494 ὑποστάσεων
3475 2443 3531 2494 ὲν
3573 2445 3764 2512 μόναις

2190 2528 2312 2589 ταῖς
2339 2528 2518 2597 τρισὶν
2551 2527 2798 2598 ἰδιότησι,
2837 2531 2904 2599 τῇ
2932 2529 3158 2599 ἀναιτίῳ
3182 2530 3278 2582 καὶ
3302 2537 3542 2605 πατρικῇ
3577 2537 3676 2589 καὶ
3700 2540 3763 2608 τῇ

2189 2620 2406 2689 αἰτιατῇ
2444 2618 2539 2671 ml
2588 2623 2760 2692 υἱῖκῇ,
2788 2621 2884 2673 καὶ
2909 2623 2977 2691 τῇ
3014 2621 3232 2693 αἱτιατῇ
3271 2622 3368 2675 καὶ
3395 2625 3707 2700 ὲκπορευτῇ
3743 2637 3765 2692 ε

2190 2709 2624 2780 ὲπιγινώσκομεν
2645 2728 2658 2741 ·
2692 2713 3114 2781 ἀνεκφοιτήτους
3154 2713 3214 2766 δὲ
3257 2715 3450 2784 αὑτάς,
3483 2719 3583 2772 καὶ
3609 2721 3768 2774 ἀδια-

2192 2799 2418 2863 στάτους
2448 2801 2713 2871 ἀλλήλων,
2769 2802 2865 2856 καὶ
2908 2803 3224 2873 ήνωμένας,
3263 2807 3358 2859 καὶ
3396 2809 3456 2862 ἐν
3505 2809 3768 2883 ἀλλήλαις

2189 2890 2515 2962 ἀσυγχὺτως
2543 2893 2961 2965 περιχωρούσας
3009 2895 3390 2968 ἑπιστάμεθα’
3425 2903 3518 2955 ml
3547 2905 3768 2974 ἡνωμέ-

2189 2999 2287 3046 νας
2318 2984 2417 3054 μὲν
2445 2985 2768 3055 ἀσυγχὺτως
2793 3005 2806 3018 ·
2845 2991 2995 3058 τρεῖς
3041 2993 3151 3064 γάρ
3193 2994 3357 3059 εἰσιν,
3401 2995 3452 3048 εί
3473 2997 3570 3049 ml
3597 2998 3768 3068 ἤνων-

2186 3092 2281 3129 ται
2302 3091 2316 3103 ·
2356 3076 2740 3149 διαιρουμένας
2773 3081 2830 3135 δὲ
2859 3083 3218 3149 ἀδιαστάτως.
3250 3087 3315 3140 Ei
3357 3088 3467 3158 γὰρ
3497 3091 3592 3142 ml
3639 3093 3768 3146 ὲκά-

2191 3184 2289 3237 στη
2335 3168 2458 3224 καθ’
2517 3171 2720 3242 ἑαυτὴν
2768 3174 3099 3247 ὑφέστηκεν,
3153 3177 3324 3248 ἤγουν
3377 3180 3558 3233 τελεία
3605 3183 3768 3237 ἐστὶν

2190 3259 2508 3328 ὑπόστασις,
2549 3264 2641 3317 ml
2685 3265 2784 3334 τὴν
2841 3267 3051 3322 οἰκείαν
3102 3269 3496 3341 ίδιότητα,,ἥτοι
3530 3273 3623 3325 τὸν
3659 3275 3766 3344 τῆς

2192 3353 2483 3426 ὑπάρξεως
2515 3358 2714 3427 τρόπον
2744 3359 2998 3431 διάφορον
3027 3361 3308 3432 κέκτηται,
3345 3363 3460 3416 ἀλλ’
3514 3366 3762 3434 ἠνωνται

2189 3448 2256 3516 τῇ
2288 3463 2347 3500 τε
2368 3448 2526 3520 οὐσία
2564 3449 2659 3503 καὶ
2701 3451 2814 3513 τοῖς
2849 3455 3100 3520 φυσικοῖς
3135 3453 3403 3525 ίδιώμασι,
3450 3455 3548 3508 καὶ
3573 3455 3656 3526 τῷ
3685 3457 3768 3528 μὴ

2190 3537 2515 3606 διίστασθαι,
2547 3541 2680 3610 μηδὲ
2695 3541 2954 3614 ὲκφοιτᾷν
2969 3545 3070 3614 τῆς
3097 3547 3366 3617 πατρικῆς
3388 3547 3767 3616 ὑποστάσεως,

2191 3631 2286 3682 m‘.
2317 3625 2396 3694 εἷς
2435 3632 2567 3697 Θεός
2597 3634 2704 3686 εἰσί
2725 3651 2808 3700 τε,
2834 3637 2928 3689 ml
2955 3635 3209 3704 λέγονται
3229 3638 3360 3693 ’στὸν
3377 3639 3540 3692 αὑτὸν
3565 3641 3769 3711 τρόπον

2191 3721 2286 3798 ml
2311 3723 2406 3775 ἐπὶ
2431 3723 2530 3794 τῆς
2559 3724 2709 3788 θείας
2734 3725 2829 3778 ml
2855 3727 3194 3799 ἀπορρήτου,
3231 3731 3328 3782 καὶ
3381 3730 3564 3784 πάντα
3615 3733 3767 3797 νοῦν,

2193 3813 2286 3867 καὶ
2311 3816 2616 3886 κατάληψιν
2645 3819 3021 3890 ὑπερεχούσης
3042 3823 3378 3894 οἰκονομίας,
3397 3823 3490 3877 τοῦ
3522 3826 3645 3890 ἐνὸς
3673 3826 3771 3897 τῆς

2189 3904 2352 3968 ἁγίας
2385 3907 2615 3975 Τριάδος
2647 3907 2781 3960 Θεοῦ
2820 3901 3016 3978 Λόγου,
3063 3913 3274 3982 Κυρίου
3299 3930 3360 3967 τε
3391 3914 3549 3984 ήμῶν
3593 3915 3771 3984 Ἰησοῦ

2188 3995 2451 4067 Χριστοῦ,
2477 3998 2570 4052 δύο
2606 3999 2704 4069 μὲν
2735 3999 2927 4069 φύσεις
2963 4002 3356 4074 ὁμολογοῦμεν,
3389 4004 3543 4060 θείαν
3587 4023 3650 4059 τε
3681 4008 3772 4060 ml

2187 4087 2534 4159 ἀνθρωπίνην
2565 4130 2580 4154 ,
2646 4092 3062 4162 συνεληλυθυίας
3145 4095 3440 4166 ἀλλήλαις,
3493 4098 3595 4150 ml
3648 4099 3770 4152 καθ’

2189 4177 2488 4232 ὑπόστασιν
2522 4180 2837 4246 ὲνωθείσας,
2875 4183 2972 4252 μία
3004 4183 3064 4237 δὲ
3103 4184 3205 4256 τὴν
3239 4185 3544 4239 ὑπόστασιν
3569 4188 3638 4240 ὲκ
3668 4187 3773 4239 τῶν

2189 4270 2404 4341 φύσεων
2435 4273 2896 4329 ἀποτελεσθεῖσαν
2944 4277 3202 4330 σύνθετον
3223 4294 3236 4309 ·
3271 4276 3548 4342 σώζεσθαι
3579 4279 3639 4333 δέ
3669 4296 3770 4346 φα-

2191 4379 2290 4433 μεν
2346 4363 2446 4428 τὰς
2493 4365 2587 4418 δύο
2639 4364 2851 4434 φύσεις,
2907 4368 3001 4422 καὶ
3045 4369 3185 4439 μετά
3235 4369 3332 4441 τὴν
3363 4369 3591 4434 ἕνωσιν,
3630 4371 3770 4440 ὲντῇ

2191 4456 2291 4526 μιᾷ
2327 4456 2568 4528 συνθὲτῳ
2620 4459 2937 4525 ὑποστάσει,
2983 4459 3150 4530 ἡγουν
3183 4462 3242 4514 ὲν
3273 4459 3351 4531 τῷ
3386 4461 3469 4514 ἐνὶ
3523 4462 3771 4534 Χριστῷ,

2189 4548 2286 4600 ml
2315 4547 2435 4601 κατ’
2487 4548 2746 4618 ἀλήθειαν
2794 4549 2967 4614 αὑτάς
3013 4547 3176 4614 εἶναι,
3210 4551 3306 4606 καὶ
3323 4551 3391 4605 τὰ
3419 4551 3639 4605 τούτων
3674 4571 3772 4620 φυ-

513 4614 842 4672 conﬁtemur
876 4619 943 4683 ⁵ο,
991 4628 1052 4674 ut
1105 4638 1213 4675 una
1263 4623 1578 4694 hypostasis
1625 4632 1682 4680 et
1729 4641 1966 4695 persona
2018 4645 2084 4684 ex

2190 4637 2318 4691 σικὰ
2378 4614 2666 4709 ἰδιώματαο
2703 4641 2992 4711 ἡνωμένας
3044 4642 3232 4712 μέντοι
3277 4643 3634 4711 ἀσυγχύτως,
3685 4614 3776 4695 καὶ

514 4707 728 4764 naturis
757 4709 976 4765 duabus
1001 4715 1306 4782 composita
1346 4715 1503 4784 211
1539 4715 1687 4770 facta
1719 4717 1910 4774 fuerit.
1941 4721 2086 4777 Inte-

511 4811 642 4866 gras
677 4812 863 4865 porro,
896 4801 1062 4854 etiam
1093 4812 1216 4871 post
1256 4805 1589 4872 unitionem,
1636 4817 1863 4866 naturas
1894 4814 2084 4868 ambas

511 4883 570 4940 in
605 4898 713 4939 una
737 4888 1043 4957 composita
1065 4906 1325 4960 persona,
1361 4894 1468 4950 hoc
1501 4905 1587 4953 est
1616 4898 1672 4954 in
1698 4914 1808 4956 uno
1837 4900 2080 4965 Christo.

581 5038 630 5071 ⁸⁸
655 5035 675 5092 l
705 5036 834 5094 Cor.
880 5057 940 5108 ιι,
962 5039 1014 5098 8.
1078 5043 1124 5075 ⁵⁷
1159 5042 1394 5102 Barucb.
1427 5059 1511 5111 ιιι,
1541 5048 1632 5103 38.

2176 4728 2503 4800 ἀδιαιρέτως
2571 4731 2938 4803 διαφερούσας
2996 4750 3092 4799 τε,

3183 4736 3279 4789 καὶ
3331 4735 3772 4808 ἀριθμουμένας.

2182 4823 2293 4875 Kal
2323 4821 2514 4893 ὥσπερ
2543 4824 2598 4876 αἱ
2647 4827 2795 4894 τρεῖς
2826 4825 3155 4890 ὑποστάσεις
3213 4827 3312 4898 τῆς
3346 4828 3510 4894 άγίας
3542 4829 3776 4900 Τριάδος

2191 4913 2514 4984 ἀσυγχύτως
2538 4931 2598 4970 τε
2621 4915 2881 4987 ῆνωνται,
2913 4918 3011 4971 καὶ
3052 4919 3375 4991 ἀδιαιρέτως
3403 4919 3516 4990 (id)
3547 4921 3778 4993 διῄρην-

1734 5049 1780 5082 ⁸¹³
1804 5050 1999 5108 Leont.
2035 5057 2092 5112 in
2124 5076 2267 5131 resp.
2295 5061 2364 5116 ad
2405 5080 2612 5135 argum.
2648 5063 2828 5124 Sever.
2902 5069 2949 5100 ⁸⁹
2979 5066 3053 5125 Id.
3105 5068 3234 5126 ibid.

1799 5168 2035 5226 VARIIE
2079 5175 2487 5235 LECTIONES.

588 5245 766 5350 glaeie
979 5249 1282 5350 desunt
1317 5264 1936 5350 muss._prgaete_rqtiani‘in
1971 5265 2084 5318 RR.
2120 5267 2262 5350 ξι)ερ
2291 5223 2554 5350 et_2_;‘:27.
2586 5274 2705 5331 Non
2735 5276 2867 5344 legit
2915 5279 3341 5350 vetusinterpr.

3421 5293 3443 5320 ⁸
3473 5282 3638 5340 Colb.
3668 5284 3690 5338 1
3722 5293 3772 5338 et

514 5314 746 5427 {tegi}
782 5321 876 5372 ml.
897 5321 963 5390 τῇ
987 5324 1284 5396 αἰτιατικῇ,
1319 5327 1414 5378 ml.
1443 5314 1591 5399 υἱκῇ,
1627 5314 1722 5383 ml.
1759 5314 2524 5408 τῇιξξέπὸρέὸτῇῗῇἆϊητ
2540 5314 3775 5427 'n‘X5375',"27'§}&ce§353"29251

515 5401 730 5441 scimus.

2020 5493 2254 5555 ΝΟΤΛΕ.

585 5564 696 5634 (ιι)
726 5571 832 5642 _Kal
859 5572 1218 5642 ἁδιαιρέτως.
1256 5576 1324 5630 Et
1354 5595 1539 5633 rursus
1571 5583 1706 5636 citra
1746 5583 2080 5642 divisionem.

512 5632 769 5714 Occurrit
789 5632 1112 5708 argumento
1136 5632 1282 5714 quod
1319 5663 1348 5700 τι
1379 5632 1721 5705 Nestori-anis
1751 5632 2084 5712 ειέζιέἔίέἕόὲ

513 5699 814 5769 sulfuratos
835 5699 954 5764 e'sse
969 5699 1539 5786 obseruatVLeontiu‘s,‘
1550 5699 2081 5780 i‘c’t‘.’i’1}é}££i."&'£5

2190 5590 2299 5676 τῷν
2339 5594 2734 5676 ,μεστρριανῶν
2794 5601 3103 5676 κλέψαντεςΔ
3149 5603 3445 5676 ἀποροῦσιν
3490 5605 3632 5674 ἡμῖν
3679 5607 3774 5659 αὑ.

2189 5660 2309 5724 τάς.
2339 5660 2546 5719 8ιιῡάἱ1ἷ
2604 5660 2948 5743 liit_:__auctoi',
2981 5660 3427 5743 coniunctionem
3459 5660 3772 5742 quamlibet

2189 5747 2421 5790 numero
2453 5751 2559 5791 non
2612 5739 2752 5806 tolli,
2806 5743 3010 5814 quippe
3039 5739 3162 5799 cum
3205 5746 3433 5802 materia
3461 5739 3516 5801 et
3562 5743 3772 5816 ferina,
