  <div class='ocr_page' id='page_1' title='image "/cluster/home/n/w/nwhite01/storage/ocr_20150623/94/mdp.39015008918610/508.png"; bbox 0 0 3996 6166; ppageno 0'>
   <div class='ocr_carea' id='block_1_1' title="bbox 261 331 381 389">
    <p class='ocr_par' dir='ltr' id='par_1_1' title="bbox 261 331 381 389">
     <span class='ocr_line' id='line_1_1' title="bbox 261 331 381 389; baseline -0.025 0"><span class='ocrx_word' id='word_1_1' title='bbox 261 331 381 389; x_wconf 73' lang='grc'><strong>1001</strong></span> 
     </span>
    </p>
   </div>
   <div class='ocr_carea' id='block_1_2' title="bbox 1325 323 2465 389">
    <p class='ocr_par' dir='ltr' id='par_1_2' title="bbox 1325 323 2465 389">
     <span class='ocr_line' id='line_1_2' title="bbox 1325 323 2465 389; baseline 0.004 -5"><span class='ocrx_word' id='word_1_2' title='bbox 1325 325 1423 384; x_wconf 89' lang='lat' dir='ltr'><strong>DE</strong></span> <span class='ocrx_word' id='word_1_3' title='bbox 1456 325 1640 387; x_wconf 90' lang='lat' dir='ltr'><strong>FIDE</strong></span> <span class='ocrx_word' id='word_1_4' title='bbox 1670 323 2135 385; x_wconf 81' lang='lat' dir='ltr'><strong>ORTHODOXA</strong></span> <span class='ocrx_word' id='word_1_5' title='bbox 2174 325 2322 387; x_wconf 87' lang='lat' dir='ltr'><strong>LIB.</strong></span> <span class='ocrx_word' id='word_1_6' title='bbox 2352 326 2465 389; x_wconf 91' lang='lat' dir='ltr'><strong>III.</strong></span> 
     </span>
    </p>
   </div>
   <div class='ocr_carea' id='block_1_3' title="bbox 3374 334 3509 404">
    <p class='ocr_par' dir='ltr' id='par_1_3' title="bbox 3374 334 3509 404">
     <span class='ocr_line' id='line_1_3' title="bbox 3374 334 3509 404; baseline 0.037 -5"><span class='ocrx_word' id='word_1_7' title='bbox 3374 334 3509 404; x_wconf 67' lang='lat'><strong>1009</strong></span> 
     </span>
    </p>
   </div>
   <div class='ocr_carea' id='block_1_4' title="bbox 263 431 1824 519">
    <p class='ocr_par' dir='ltr' id='par_1_4' title="bbox 263 431 1824 519">
     <span class='ocr_line' id='line_1_4' title="bbox 263 431 1824 519; baseline -0.011 -19"><span class='ocrx_word' id='word_1_8' title='bbox 263 460 367 506; x_wconf 79' lang='grc' dir='ltr'>ται,</span> <span class='ocrx_word' id='word_1_9' title='bbox 425 438 523 493; x_wconf 78' lang='grc' dir='ltr'>καὶ</span> <span class='ocrx_word' id='word_1_10' title='bbox 566 431 954 507; x_wconf 76' lang='grc' dir='ltr'><strong>ἀριθμοῦνται,</strong></span> <span class='ocrx_word' id='word_1_11' title='bbox 991 434 1085 489; x_wconf 71' lang='grc' dir='ltr'><strong>καὶ</strong></span> <span class='ocrx_word' id='word_1_12' title='bbox 1127 434 1157 486; x_wconf 85' lang='grc' dir='ltr'>ὁ</span> <span class='ocrx_word' id='word_1_13' title='bbox 1207 433 1441 505; x_wconf 78' lang='grc' dir='ltr'>ἀριθμὸς</span> <span class='ocrx_word' id='word_1_14' title='bbox 1474 433 1824 519; x_wconf 30' lang='grc' dir='ltr'>διαίρεσινηῆ</span> 
     </span>
    </p>
   </div>
   <div class='ocr_carea' id='block_1_5' title="bbox 1927 431 3509 519">
    <p class='ocr_par' dir='ltr' id='par_1_5' title="bbox 1935 434 3509 509">
     <span class='ocr_line' id='line_1_5' title="bbox 1935 434 3509 509; baseline 0.008 -19"><span class='ocrx_word' id='word_1_15' title='bbox 1935 435 2145 490; x_wconf 88' lang='lat' dir='ltr'><strong>servari</strong></span> <span class='ocrx_word' id='word_1_16' title='bbox 2173 434 2434 501; x_wconf 86' lang='lat' dir='ltr'><strong>dicimus,</strong></span> <span class='ocrx_word' id='word_1_17' title='bbox 2465 449 2674 507; x_wconf 88' lang='lat' dir='ltr'><strong>easque</strong></span> <span class='ocrx_word' id='word_1_18' title='bbox 2699 451 2827 494; x_wconf 88' lang='lat' dir='ltr'><strong>vere</strong></span> <span class='ocrx_word' id='word_1_19' title='bbox 2856 451 2979 494; x_wconf 88' lang='lat' dir='ltr'><strong>esse</strong></span> <span class='ocrx_word' id='word_1_20' title='bbox 3009 452 3133 497; x_wconf 90' lang='lat' dir='ltr'><strong>cum</strong></span> <span class='ocrx_word' id='word_1_21' title='bbox 3165 443 3509 509; x_wconf 69' lang='lat' dir='ltr'><strong>naturalibus</strong></span> 
     </span>
    </p>
   </div>
   <div class='ocr_carea' id='block_1_6' title="bbox 262 526 1831 605">
    <p class='ocr_par' dir='ltr' id='par_1_6' title="bbox 262 526 1831 605">
     <span class='ocr_line' id='line_1_6' title="bbox 262 526 1831 605; baseline -0.011 -16"><span class='ocrx_word' id='word_1_22' title='bbox 262 530 604 601; x_wconf 82' lang='grc' dir='ltr'>διάστασιν,ἦ</span> <span class='ocrx_word' id='word_1_23' title='bbox 637 526 1018 598; x_wconf 76' lang='grc' dir='ltr'>ἀλλοτρίωσιν,</span> <span class='ocrx_word' id='word_1_24' title='bbox 1074 526 1168 579; x_wconf 78' lang='grc' dir='ltr'><strong>καὶ</strong></span> <span class='ocrx_word' id='word_1_25' title='bbox 1226 526 1493 595; x_wconf 85' lang='grc' dir='ltr'>διατομὴν</span> <span class='ocrx_word' id='word_1_26' title='bbox 1537 528 1597 579; x_wconf 83' lang='grc' dir='ltr'><strong>ὲν</strong></span> <span class='ocrx_word' id='word_1_27' title='bbox 1641 527 1831 605; x_wconf 66' lang='grc' dir='ltr'>αὐταῖς</span> 
     </span>
    </p>
   </div>
   <div class='ocr_carea' id='block_1_7' title="bbox 260 617 1834 695">
    <p class='ocr_par' dir='ltr' id='par_1_7' title="bbox 260 617 1834 695">
     <span class='ocr_line' id='line_1_7' title="bbox 260 617 1834 695; baseline -0.003 -16"><span class='ocrx_word' id='word_1_28' title='bbox 260 627 350 680; x_wconf 87' lang='grc' dir='ltr'><strong>οὐκ</strong></span> <span class='ocrx_word' id='word_1_29' title='bbox 403 623 729 695; x_wconf 74' lang='grc' dir='ltr'>ἐργάζεταιο</span> <span class='ocrx_word' id='word_1_30' title='bbox 787 619 885 673; x_wconf 74' lang='grc' dir='ltr'>ἕνα</span> <span class='ocrx_word' id='word_1_31' title='bbox 933 617 1043 689; x_wconf 82' lang='grc' dir='ltr'><strong>γὰρ</strong></span> <span class='ocrx_word' id='word_1_32' title='bbox 1089 618 1223 673; x_wconf 83' lang='grc' dir='ltr'>Θεὸν</span> <span class='ocrx_word' id='word_1_33' title='bbox 1260 620 1696 691; x_wconf 75' lang='grc' dir='ltr'>ἐπιγινωσκομεν</span> <span class='ocrx_word' id='word_1_34' title='bbox 1741 622 1834 675; x_wconf 83' lang='grc' dir='ltr'><strong>τὸν</strong></span> 
     </span>
    </p>
   </div>
   <div class='ocr_carea' id='block_1_8' title="bbox 259 708 1832 782">
    <p class='ocr_par' dir='ltr' id='par_1_8' title="bbox 259 708 1832 782">
     <span class='ocr_line' id='line_1_8' title="bbox 259 708 1832 782; baseline -0.003 -12"><span class='ocrx_word' id='word_1_35' title='bbox 259 715 494 782; x_wconf 79' lang='grc' dir='ltr'><strong>Πατέρα,</strong></span> <span class='ocrx_word' id='word_1_36' title='bbox 530 714 626 769; x_wconf 79' lang='grc' dir='ltr'>καὶ</span> <span class='ocrx_word' id='word_1_37' title='bbox 643 712 737 766; x_wconf 82' lang='grc' dir='ltr'><strong>τὸν</strong></span> <span class='ocrx_word' id='word_1_38' title='bbox 765 710 915 775; x_wconf 78' lang='grc' dir='ltr'>Υιὸν,</span> <span class='ocrx_word' id='word_1_39' title='bbox 949 709 1044 764; x_wconf 77' lang='grc' dir='ltr'><strong>καὶ</strong></span> <span class='ocrx_word' id='word_1_40' title='bbox 1073 708 1136 761; x_wconf 72' lang='grc' dir='ltr'>τὸ</span> <span class='ocrx_word' id='word_1_41' title='bbox 1163 710 1390 781; x_wconf 83' lang='grc' dir='ltr'>Πνεῦμα</span> <span class='ocrx_word' id='word_1_42' title='bbox 1418 711 1480 765; x_wconf 76' lang='grc' dir='ltr'>τὸ</span> <span class='ocrx_word' id='word_1_43' title='bbox 1512 711 1668 780; x_wconf 73' lang='grc' dir='ltr'>ἅγιον</span> <span class='ocrx_word' id='word_1_44' title='bbox 1688 730 1702 746; x_wconf 70' lang='grc'><strong><em>⁸</em></strong></span> <span class='ocrx_word' id='word_1_45' title='bbox 1741 714 1832 766; x_wconf 79' lang='grc' dir='ltr'>τὸν</span> 
     </span>
    </p>
   </div>
   <div class='ocr_carea' id='block_1_9' title="bbox 259 800 1833 877">
    <p class='ocr_par' dir='ltr' id='par_1_9' title="bbox 259 800 1833 877">
     <span class='ocr_line' id='line_1_9' title="bbox 259 800 1833 877; baseline -0.003 -15"><span class='ocrx_word' id='word_1_46' title='bbox 259 808 414 862; x_wconf 84' lang='grc' dir='ltr'>αὐτὸν</span> <span class='ocrx_word' id='word_1_47' title='bbox 463 805 688 877; x_wconf 85' lang='grc' dir='ltr'><strong>τρόπον,</strong></span> <span class='ocrx_word' id='word_1_48' title='bbox 744 804 839 859; x_wconf 82' lang='grc' dir='ltr'>καὶ</span> <span class='ocrx_word' id='word_1_49' title='bbox 890 802 951 857; x_wconf 78' lang='grc' dir='ltr'>αἱ</span> <span class='ocrx_word' id='word_1_50' title='bbox 993 800 1088 855; x_wconf 90' lang='grc' dir='ltr'><strong>τοῦ</strong></span> <span class='ocrx_word' id='word_1_51' title='bbox 1132 803 1376 874; x_wconf 76' lang='grc' dir='ltr'><strong>Χριστοῦ</strong></span> <span class='ocrx_word' id='word_1_52' title='bbox 1414 805 1627 876; x_wconf 83' lang='grc' dir='ltr'>φύσεις,</span> <span class='ocrx_word' id='word_1_53' title='bbox 1660 807 1709 860; x_wconf 83' lang='grc' dir='ltr'>εἰ</span> <span class='ocrx_word' id='word_1_54' title='bbox 1740 806 1833 861; x_wconf 82' lang='grc' dir='ltr'><strong>καὶ</strong></span> 
     </span>
    </p>
   </div>
   <div class='ocr_carea' id='block_1_10' title="bbox 256 895 1832 972">
    <p class='ocr_par' dir='ltr' id='par_1_10' title="bbox 256 895 1832 972">
     <span class='ocr_line' id='line_1_10' title="bbox 256 895 1832 972; baseline -0.005 -14"><span class='ocrx_word' id='word_1_55' title='bbox 256 902 511 972; x_wconf 70' lang='grc' dir='ltr'>ἥνωνται,</span> <span class='ocrx_word' id='word_1_56' title='bbox 538 896 655 951; x_wconf 83' lang='grc' dir='ltr'><strong>ἀλλ’</strong></span> <span class='ocrx_word' id='word_1_57' title='bbox 677 895 1004 966; x_wconf 85' lang='grc' dir='ltr'>ἀσυγχύτως</span> <span class='ocrx_word' id='word_1_58' title='bbox 1030 896 1302 966; x_wconf 66' lang='grc' dir='ltr'>ἤνωνταισ</span> <span class='ocrx_word' id='word_1_59' title='bbox 1346 899 1442 950; x_wconf 74' lang='grc' dir='ltr'><strong>καὶ</strong></span> <span class='ocrx_word' id='word_1_60' title='bbox 1489 898 1539 951; x_wconf 79' lang='lat' dir='ltr'><strong>si</strong></span> <span class='ocrx_word' id='word_1_61' title='bbox 1570 900 1631 953; x_wconf 81' lang='grc' dir='ltr'>ὲν</span> <span class='ocrx_word' id='word_1_62' title='bbox 1666 898 1832 970; x_wconf 77' lang='grc' dir='ltr'><strong>ἀλλή-</strong></span> 
     </span>
    </p>
   </div>
   <div class='ocr_carea' id='block_1_11' title="bbox 258 985 1830 1060">
    <p class='ocr_par' dir='ltr' id='par_1_11' title="bbox 258 985 1830 1060">
     <span class='ocr_line' id='line_1_11' title="bbox 258 985 1830 1060; baseline -0.003 -14"><span class='ocrx_word' id='word_1_63' title='bbox 258 992 367 1054; x_wconf 85' lang='grc' dir='ltr'>λαις</span> <span class='ocrx_word' id='word_1_64' title='bbox 394 985 823 1060; x_wconf 87' lang='grc' dir='ltr'>περιχωροῦσιν,</span> <span class='ocrx_word' id='word_1_65' title='bbox 848 987 988 1045; x_wconf 81' lang='grc' dir='ltr'>ἀλλὰ</span> <span class='ocrx_word' id='word_1_66' title='bbox 1018 987 1117 1058; x_wconf 74' lang='grc' dir='ltr'><strong>τὴν</strong></span> <span class='ocrx_word' id='word_1_67' title='bbox 1143 988 1224 1052; x_wconf 73' lang='grc' dir='ltr'>εἰς</span> <span class='ocrx_word' id='word_1_68' title='bbox 1249 988 1485 1060; x_wconf 78' lang='grc' dir='ltr'><strong>ἀλλήλας</strong></span> <span class='ocrx_word' id='word_1_69' title='bbox 1510 989 1719 1060; x_wconf 78' lang='grc' dir='ltr'>τροπήν</span> <span class='ocrx_word' id='word_1_70' title='bbox 1748 1005 1830 1053; x_wconf 84' lang='grc' dir='ltr'>τε,</span> 
     </span>
    </p>
   </div>
   <div class='ocr_carea' id='block_1_12' title="bbox 257 1076 1832 1152">
    <p class='ocr_par' dir='ltr' id='par_1_12' title="bbox 257 1076 1832 1152">
     <span class='ocr_line' id='line_1_12' title="bbox 257 1076 1832 1152; baseline -0.003 -17"><span class='ocrx_word' id='word_1_71' title='bbox 257 1083 344 1135; x_wconf 77' lang='grc' dir='ltr'>καὶ</span> <span class='ocrx_word' id='word_1_72' title='bbox 362 1077 668 1152; x_wconf 79' lang='grc' dir='ltr'>μεταϐολὴν</span> <span class='ocrx_word' id='word_1_73' title='bbox 696 1076 758 1130; x_wconf 82' lang='grc' dir='ltr'><strong>οὑ</strong></span> <span class='ocrx_word' id='word_1_74' title='bbox 795 1076 1131 1149; x_wconf 84' lang='grc' dir='ltr'>προσίενται.</span> <span class='ocrx_word' id='word_1_75' title='bbox 1157 1076 1419 1133; x_wconf 79' lang='grc' dir='ltr'>Φυλὰττει</span> <span class='ocrx_word' id='word_1_76' title='bbox 1449 1079 1558 1151; x_wconf 78' lang='grc' dir='ltr'>γὰρ</span> <span class='ocrx_word' id='word_1_77' title='bbox 1596 1078 1832 1147; x_wconf 78' lang='grc' dir='ltr'>ἑκατέρα</span> 
     </span>
    </p>
   </div>
   <div class='ocr_carea' id='block_1_13' title="bbox 255 1168 1833 1244">
    <p class='ocr_par' dir='ltr' id='par_1_13' title="bbox 255 1168 1833 1244">
     <span class='ocr_line' id='line_1_13' title="bbox 255 1168 1833 1244; baseline -0.001 -17"><span class='ocrx_word' id='word_1_78' title='bbox 255 1173 344 1244; x_wconf 84' lang='grc' dir='ltr'>τὴν</span> <span class='ocrx_word' id='word_1_79' title='bbox 377 1170 579 1240; x_wconf 78' lang='grc' dir='ltr'>ἑαυτῆς</span> <span class='ocrx_word' id='word_1_80' title='bbox 605 1169 843 1238; x_wconf 79' lang='grc' dir='ltr'>φυσικὴν</span> <span class='ocrx_word' id='word_1_81' title='bbox 880 1168 1124 1240; x_wconf 85' lang='grc' dir='ltr'>ἰδιότητα</span> <span class='ocrx_word' id='word_1_82' title='bbox 1167 1169 1570 1241; x_wconf 81' lang='grc' dir='ltr'>ἀμετάϐλητον.</span> <span class='ocrx_word' id='word_1_83' title='bbox 1610 1171 1703 1224; x_wconf 79' lang='grc' dir='ltr'>Διὸ</span> <span class='ocrx_word' id='word_1_84' title='bbox 1739 1172 1833 1225; x_wconf 75' lang='grc' dir='ltr'>καὶ</span> 
     </span>
    </p>
   </div>
   <div class='ocr_carea' id='block_1_14' title="bbox 255 1260 1826 1334">
    <p class='ocr_par' dir='ltr' id='par_1_14' title="bbox 255 1260 1826 1334">
     <span class='ocr_line' id='line_1_14' title="bbox 255 1260 1826 1334; baseline -0.001 -15"><span class='ocrx_word' id='word_1_85' title='bbox 255 1262 631 1334; x_wconf 80' lang='grc' dir='ltr'>ἀριθμοῦνται,</span> <span class='ocrx_word' id='word_1_86' title='bbox 684 1261 780 1315; x_wconf 77' lang='grc' dir='ltr'><strong>καὶ</strong></span> <span class='ocrx_word' id='word_1_87' title='bbox 804 1263 834 1314; x_wconf 91' lang='grc' dir='ltr'><strong>ό</strong></span> <span class='ocrx_word' id='word_1_88' title='bbox 876 1260 1110 1334; x_wconf 84' lang='grc' dir='ltr'>ἀριθμὸς</span> <span class='ocrx_word' id='word_1_89' title='bbox 1166 1261 1267 1317; x_wconf 81' lang='grc' dir='ltr'><strong>οὐκ</strong></span> <span class='ocrx_word' id='word_1_90' title='bbox 1301 1260 1511 1331; x_wconf 73' lang='grc' dir='ltr'>εἰσάγει</span> <span class='ocrx_word' id='word_1_91' title='bbox 1542 1260 1826 1334; x_wconf 79' lang='grc' dir='ltr'><strong>διαίρεσιν.</strong></span> 
     </span>
    </p>
   </div>
   <div class='ocr_carea' id='block_1_15' title="bbox 254 1349 1830 1425">
    <p class='ocr_par' dir='ltr' id='par_1_15' title="bbox 254 1349 1830 1425">
     <span class='ocr_line' id='line_1_15' title="bbox 254 1349 1830 1425; baseline -0.002 -17"><span class='ocrx_word' id='word_1_92' title='bbox 254 1349 344 1417; x_wconf 84' lang='grc' dir='ltr'><strong>Εἷς</strong></span> <span class='ocrx_word' id='word_1_93' title='bbox 369 1354 479 1425; x_wconf 87' lang='grc' dir='ltr'><strong>γάρ</strong></span> <span class='ocrx_word' id='word_1_94' title='bbox 504 1356 654 1409; x_wconf 74' lang='grc' dir='ltr'>ἐστιν</span> <span class='ocrx_word' id='word_1_95' title='bbox 680 1355 710 1407; x_wconf 90' lang='grc' dir='ltr'><strong>ό</strong></span> <span class='ocrx_word' id='word_1_96' title='bbox 737 1352 1000 1424; x_wconf 82' lang='grc' dir='ltr'>Χριστὸς,</span> <span class='ocrx_word' id='word_1_97' title='bbox 1030 1351 1089 1407; x_wconf 76' lang='grc' dir='ltr'>ἐν</span> <span class='ocrx_word' id='word_1_98' title='bbox 1131 1369 1192 1407; x_wconf 87' lang='grc' dir='ltr'><strong>τε</strong></span> <span class='ocrx_word' id='word_1_99' title='bbox 1219 1351 1438 1422; x_wconf 84' lang='grc' dir='ltr'>θεότητι</span> <span class='ocrx_word' id='word_1_100' title='bbox 1468 1353 1563 1407; x_wconf 80' lang='grc' dir='ltr'>καὶ</span> <span class='ocrx_word' id='word_1_101' title='bbox 1614 1351 1830 1423; x_wconf 84' lang='grc' dir='ltr'>ἀνορω-</span> 
     </span>
    </p>
   </div>
   <div class='ocr_carea' id='block_1_16' title="bbox 254 1442 1827 1516">
    <p class='ocr_par' dir='ltr' id='par_1_16' title="bbox 254 1442 1827 1516">
     <span class='ocr_line' id='line_1_16' title="bbox 254 1442 1827 1516; baseline 0.007 -18"><span class='ocrx_word' id='word_1_102' title='bbox 254 1444 443 1515; x_wconf 87' lang='grc' dir='ltr'>πότητι</span> <span class='ocrx_word' id='word_1_103' title='bbox 471 1444 708 1508; x_wconf 82' lang='grc' dir='ltr'>τέλειος·</span> <span class='ocrx_word' id='word_1_104' title='bbox 760 1445 790 1497; x_wconf 87' lang='grc' dir='ltr'><strong>ὁ</strong></span> <span class='ocrx_word' id='word_1_105' title='bbox 833 1444 946 1515; x_wconf 80' lang='grc' dir='ltr'><strong>γὰρ</strong></span> <span class='ocrx_word' id='word_1_106' title='bbox 995 1442 1255 1515; x_wconf 80' lang='grc' dir='ltr'>ἀριθμὸς,</span> <span class='ocrx_word' id='word_1_107' title='bbox 1314 1444 1377 1499; x_wconf 76' lang='grc' dir='ltr'><strong>οὗ</strong></span> <span class='ocrx_word' id='word_1_108' title='bbox 1422 1443 1827 1516; x_wconf 79' lang='grc' dir='ltr'>διαιρέσεως.ῆ</span> 
     </span>
    </p>
   </div>
   <div class='ocr_carea' id='block_1_17' title="bbox 253 1535 1830 1608">
    <p class='ocr_par' dir='ltr' id='par_1_17' title="bbox 253 1535 1830 1608">
     <span class='ocr_line' id='line_1_17' title="bbox 253 1535 1830 1608; baseline -0.001 -15"><span class='ocrx_word' id='word_1_109' title='bbox 253 1536 491 1601; x_wconf 80' lang='grc' dir='ltr'>ὲνώσεως</span> <span class='ocrx_word' id='word_1_110' title='bbox 533 1538 706 1601; x_wconf 75' lang='grc' dir='ltr'>αἴτιος</span> <span class='ocrx_word' id='word_1_111' title='bbox 753 1535 1024 1608; x_wconf 83' lang='grc' dir='ltr'>πέφυκεν,</span> <span class='ocrx_word' id='word_1_112' title='bbox 1085 1535 1223 1591; x_wconf 82' lang='grc' dir='ltr'>ἀλλὰ</span> <span class='ocrx_word' id='word_1_113' title='bbox 1258 1537 1359 1607; x_wconf 83' lang='grc' dir='ltr'>τῆς</span> <span class='ocrx_word' id='word_1_114' title='bbox 1388 1537 1687 1607; x_wconf 79' lang='grc' dir='ltr'>ποσότητος</span> <span class='ocrx_word' id='word_1_115' title='bbox 1721 1536 1830 1591; x_wconf 82' lang='grc' dir='ltr'>τῶν</span> 
     </span>
    </p>
   </div>
   <div class='ocr_carea' id='block_1_18' title="bbox 251 1625 1829 1701">
    <p class='ocr_par' dir='ltr' id='par_1_18' title="bbox 251 1625 1829 1701">
     <span class='ocr_line' id='line_1_18' title="bbox 251 1625 1829 1701; baseline -0.003 -19"><span class='ocrx_word' id='word_1_116' title='bbox 251 1628 662 1699; x_wconf 80' lang='grc' dir='ltr'><strong>ἀριθμουμένων</strong></span> <span class='ocrx_word' id='word_1_117' title='bbox 681 1626 1039 1701; x_wconf 79' lang='grc' dir='ltr'>σημαντικὸς,</span> <span class='ocrx_word' id='word_1_118' title='bbox 1053 1626 1163 1682; x_wconf 74' lang='grc' dir='ltr'>εἴτε</span> <span class='ocrx_word' id='word_1_119' title='bbox 1177 1627 1290 1696; x_wconf 78' lang='grc' dir='ltr'>ήνω</span> <span class='ocrx_word' id='word_1_120' title='bbox 1296 1625 1492 1696; x_wconf 86' lang='grc' dir='ltr'>μένων,</span> <span class='ocrx_word' id='word_1_121' title='bbox 1512 1625 1622 1682; x_wconf 69' lang='grc' dir='ltr'>εἴτε</span> <span class='ocrx_word' id='word_1_122' title='bbox 1642 1625 1829 1699; x_wconf 79' lang='grc' dir='ltr'>διῃρη-</span> 
     </span>
    </p>
   </div>
   <div class='ocr_carea' id='block_1_19' title="bbox 253 1717 1828 1792">
    <p class='ocr_par' dir='ltr' id='par_1_19' title="bbox 253 1717 1828 1792">
     <span class='ocr_line' id='line_1_19' title="bbox 253 1717 1828 1792; baseline 0 -20"><span class='ocrx_word' id='word_1_123' title='bbox 253 1720 455 1790; x_wconf 78' lang='grc' dir='ltr'>μένων·</span> <span class='ocrx_word' id='word_1_124' title='bbox 505 1719 809 1792; x_wconf 79' lang='grc' dir='ltr'>ήνωμένων</span> <span class='ocrx_word' id='word_1_125' title='bbox 852 1719 974 1790; x_wconf 82' lang='grc' dir='ltr'>μὲν,</span> <span class='ocrx_word' id='word_1_126' title='bbox 1015 1717 1092 1782; x_wconf 81' lang='grc' dir='ltr'>ὡς</span> <span class='ocrx_word' id='word_1_127' title='bbox 1131 1718 1214 1772; x_wconf 84' lang='grc' dir='ltr'>ὅτι</span> <span class='ocrx_word' id='word_1_128' title='bbox 1267 1720 1606 1789; x_wconf 67' lang='grc' dir='ltr'>πεντήκοντα</span> <span class='ocrx_word' id='word_1_129' title='bbox 1648 1718 1828 1783; x_wconf 78' lang='grc' dir='ltr'>λίθους</span> 
     </span>
    </p>
   </div>
   <div class='ocr_carea' id='block_1_20' title="bbox 249 1778 1901 1883">
    <p class='ocr_par' dir='ltr' id='par_1_20' title="bbox 249 1778 1901 1883">
     <span class='ocr_line' id='line_1_20' title="bbox 249 1778 1901 1883; baseline -0.001 -18"><span class='ocrx_word' id='word_1_130' title='bbox 249 1778 354 1882; x_wconf 64' lang='grc' dir='ltr'>ἐχει</span> <span class='ocrx_word' id='word_1_131' title='bbox 381 1814 410 1867; x_wconf 87' lang='grc' dir='ltr'><strong>ό</strong></span> <span class='ocrx_word' id='word_1_132' title='bbox 434 1778 795 1883; x_wconf 51' lang='grc' dir='ltr'>τοῖἕίοςρῦτος</span> <span class='ocrx_word' id='word_1_133' title='bbox 820 1826 834 1841; x_wconf 84' lang='lat'><strong>&#39;</strong></span> <span class='ocrx_word' id='word_1_134' title='bbox 852 1778 1223 1883; x_wconf 45' lang='grc' dir='ltr'>’διῃρημένων</span> <span class='ocrx_word' id='word_1_135' title='bbox 1276 1809 1355 1875; x_wconf 85' lang='grc' dir='ltr'><strong>δὲ,</strong></span> <span class='ocrx_word' id='word_1_136' title='bbox 1390 1778 1466 1874; x_wconf 68' lang='grc' dir='ltr'>(ῦς</span> <span class='ocrx_word' id='word_1_137' title='bbox 1508 1810 1593 1864; x_wconf 83' lang='grc' dir='ltr'><strong>ὅτι</strong></span> <span class='ocrx_word' id='word_1_138' title='bbox 1622 1778 1825 1882; x_wconf 54' lang='grc' dir='ltr'><strong>ιιτεντήζ</strong></span> <span class='ocrx_word' id='word_1_139' title='bbox 1859 1778 1901 1837; x_wconf 73' lang='grc' dir='ltr'><em>Β</em></span> 
     </span>
    </p>
   </div>
   <div class='ocr_carea' id='block_1_21' title="bbox 249 1898 1827 1971">
    <p class='ocr_par' dir='ltr' id='par_1_21' title="bbox 249 1898 1827 1971">
     <span class='ocr_line' id='line_1_21' title="bbox 249 1898 1827 1971; baseline -0.003 -14"><span class='ocrx_word' id='word_1_140' title='bbox 249 1917 408 1957; x_wconf 84' lang='grc' dir='ltr'>κοντα</span> <span class='ocrx_word' id='word_1_141' title='bbox 435 1901 576 1957; x_wconf 78' lang='grc' dir='ltr'>λίοοι</span> <span class='ocrx_word' id='word_1_142' title='bbox 604 1904 816 1956; x_wconf 84' lang='grc' dir='ltr'>κεῖνται</span> <span class='ocrx_word' id='word_1_143' title='bbox 848 1902 907 1954; x_wconf 74' lang='grc' dir='ltr'>ἐν</span> <span class='ocrx_word' id='word_1_144' title='bbox 937 1898 1017 1971; x_wconf 82' lang='grc' dir='ltr'><strong>τῷ</strong></span> <span class='ocrx_word' id='word_1_145' title='bbox 1044 1898 1217 1970; x_wconf 74' lang='grc' dir='ltr'>πεδίῳ</span> <span class='ocrx_word' id='word_1_146' title='bbox 1247 1898 1427 1971; x_wconf 79' lang='grc' dir='ltr'>τούτῳ</span> <span class='ocrx_word' id='word_1_147' title='bbox 1445 1917 1459 1933; x_wconf 79' lang='grc' dir='ltr'><strong><em>ο</em></strong></span> <span class='ocrx_word' id='word_1_148' title='bbox 1487 1900 1585 1956; x_wconf 73' lang='grc' dir='ltr'><strong>καὶ</strong></span> <span class='ocrx_word' id='word_1_149' title='bbox 1613 1902 1827 1971; x_wconf 68' lang='grc' dir='ltr'>ἡνωμέφ</span> 
     </span>
    </p>
   </div>
   <div class='ocr_carea' id='block_1_22' title="bbox 246 1991 1827 2065">
    <p class='ocr_par' dir='ltr' id='par_1_22' title="bbox 246 1991 1827 2065">
     <span class='ocr_line' id='line_1_22' title="bbox 246 1991 1827 2065; baseline -0.001 -18"><span class='ocrx_word' id='word_1_150' title='bbox 246 2008 349 2047; x_wconf 86' lang='grc' dir='ltr'><strong>νων</strong></span> <span class='ocrx_word' id='word_1_151' title='bbox 385 1993 508 2065; x_wconf 80' lang='grc' dir='ltr'>μὲν,</span> <span class='ocrx_word' id='word_1_152' title='bbox 533 1995 617 2048; x_wconf 84' lang='grc' dir='ltr'>ὅτι</span> <span class='ocrx_word' id='word_1_153' title='bbox 641 1993 734 2051; x_wconf 84' lang='grc' dir='ltr'><strong>δύο</strong></span> <span class='ocrx_word' id='word_1_154' title='bbox 761 1992 955 2065; x_wconf 85' lang='grc' dir='ltr'>φύσεις</span> <span class='ocrx_word' id='word_1_155' title='bbox 989 1992 1130 2047; x_wconf 71' lang='grc' dir='ltr'>εἰσὶν</span> <span class='ocrx_word' id='word_1_156' title='bbox 1160 1994 1219 2046; x_wconf 79' lang='grc' dir='ltr'>ὲν</span> <span class='ocrx_word' id='word_1_157' title='bbox 1247 1991 1325 2062; x_wconf 86' lang='grc' dir='ltr'><strong>τῷ</strong></span> <span class='ocrx_word' id='word_1_158' title='bbox 1364 1991 1620 2063; x_wconf 79' lang='grc' dir='ltr'><strong>ἄνθρακι,</strong></span> <span class='ocrx_word' id='word_1_159' title='bbox 1654 1991 1827 2063; x_wconf 80' lang='grc' dir='ltr'>πυρὸς</span> 
     </span>
    </p>
   </div>
   <div class='ocr_carea' id='block_1_23' title="bbox 245 2085 1825 2163">
    <p class='ocr_par' dir='ltr' id='par_1_23' title="bbox 245 2085 1825 2163">
     <span class='ocr_line' id='line_1_23' title="bbox 245 2085 1825 2163; baseline -0.001 -22"><span class='ocrx_word' id='word_1_160' title='bbox 245 2086 382 2156; x_wconf 81' lang='grc' dir='ltr'>λέγω</span> <span class='ocrx_word' id='word_1_161' title='bbox 409 2089 505 2144; x_wconf 79' lang='grc' dir='ltr'><strong>καὶ</strong></span> <span class='ocrx_word' id='word_1_162' title='bbox 546 2088 742 2154; x_wconf 76' lang='grc' dir='ltr'>ξύλουο</span> <span class='ocrx_word' id='word_1_163' title='bbox 789 2087 1144 2163; x_wconf 74' lang='grc' dir='ltr'>διῃρημένων</span> <span class='ocrx_word' id='word_1_164' title='bbox 1172 2086 1253 2152; x_wconf 81' lang='grc' dir='ltr'><strong>δὲ,</strong></span> <span class='ocrx_word' id='word_1_165' title='bbox 1301 2087 1385 2143; x_wconf 82' lang='grc' dir='ltr'><strong>ὅτι</strong></span> <span class='ocrx_word' id='word_1_166' title='bbox 1443 2089 1476 2158; x_wconf 82' lang='grc' dir='ltr'>ὴ</span> <span class='ocrx_word' id='word_1_167' title='bbox 1536 2085 1702 2155; x_wconf 84' lang='grc' dir='ltr'>φύσις</span> <span class='ocrx_word' id='word_1_168' title='bbox 1731 2085 1825 2140; x_wconf 87' lang='grc' dir='ltr'><strong>τοῦ</strong></span> 
     </span>
    </p>
   </div>
   <div class='ocr_carea' id='block_1_24' title="bbox 244 2179 1827 2253">
    <p class='ocr_par' dir='ltr' id='par_1_24' title="bbox 244 2179 1827 2253">
     <span class='ocr_line' id='line_1_24' title="bbox 244 2179 1827 2253; baseline 0.001 -22"><span class='ocrx_word' id='word_1_169' title='bbox 244 2180 415 2250; x_wconf 58' lang='grc' dir='ltr'>πυρός</span> <span class='ocrx_word' id='word_1_170' title='bbox 434 2181 600 2253; x_wconf 80' lang='grc' dir='ltr'>ἑτέρα</span> <span class='ocrx_word' id='word_1_171' title='bbox 618 2182 756 2247; x_wconf 73' lang='grc' dir='ltr'>ἐστὶ,</span> <span class='ocrx_word' id='word_1_172' title='bbox 793 2182 889 2234; x_wconf 75' lang='grc' dir='ltr'><strong>καὶ</strong></span> <span class='ocrx_word' id='word_1_173' title='bbox 919 2184 952 2250; x_wconf 73' lang='grc' dir='ltr'><strong>ἡ</strong></span> <span class='ocrx_word' id='word_1_174' title='bbox 975 2180 1071 2234; x_wconf 89' lang='grc' dir='ltr'><strong>τοῦ</strong></span> <span class='ocrx_word' id='word_1_175' title='bbox 1095 2180 1255 2247; x_wconf 77' lang='grc' dir='ltr'>ξύλου</span> <span class='ocrx_word' id='word_1_176' title='bbox 1279 2179 1446 2251; x_wconf 75' lang='grc' dir='ltr'>ἑτέρα</span> <span class='ocrx_word' id='word_1_177' title='bbox 1466 2195 1479 2211; x_wconf 83' lang='grc'><em>’</em></span> <span class='ocrx_word' id='word_1_178' title='bbox 1512 2179 1677 2235; x_wconf 81' lang='grc' dir='ltr'>ἄλλου</span> <span class='ocrx_word' id='word_1_179' title='bbox 1703 2179 1827 2250; x_wconf 85' lang='grc' dir='ltr'>τρό-</span> 
     </span>
    </p>
   </div>
   <div class='ocr_carea' id='block_1_25' title="bbox 244 2267 1826 2342">
    <p class='ocr_par' dir='ltr' id='par_1_25' title="bbox 244 2267 1826 2342">
     <span class='ocr_line' id='line_1_25' title="bbox 244 2267 1826 2342; baseline 0.001 -20"><span class='ocrx_word' id='word_1_180' title='bbox 244 2286 345 2323; x_wconf 86' lang='grc' dir='ltr'><strong>που</strong></span> <span class='ocrx_word' id='word_1_181' title='bbox 396 2269 665 2334; x_wconf 80' lang='grc' dir='ltr'>ὲνοῦντος,</span> <span class='ocrx_word' id='word_1_182' title='bbox 717 2272 812 2324; x_wconf 78' lang='grc' dir='ltr'>καὶ</span> <span class='ocrx_word' id='word_1_183' title='bbox 868 2269 1211 2342; x_wconf 75' lang='grc' dir='ltr'>διαιροῦντος</span> <span class='ocrx_word' id='word_1_184' title='bbox 1255 2270 1427 2336; x_wconf 81' lang='grc' dir='ltr'>αὐτὰ,</span> <span class='ocrx_word' id='word_1_185' title='bbox 1476 2270 1571 2322; x_wconf 76' lang='grc' dir='ltr'><strong>καὶ</strong></span> <span class='ocrx_word' id='word_1_186' title='bbox 1620 2269 1682 2322; x_wconf 86' lang='grc' dir='ltr'><strong>οὑ</strong></span> <span class='ocrx_word' id='word_1_187' title='bbox 1728 2267 1826 2323; x_wconf 82' lang='grc' dir='ltr'><strong>τοῦ</strong></span> 
     </span>
    </p>
   </div>
   <div class='ocr_carea' id='block_1_26' title="bbox 240 2359 1822 2433">
    <p class='ocr_par' dir='ltr' id='par_1_26' title="bbox 240 2359 1822 2433">
     <span class='ocr_line' id='line_1_26' title="bbox 240 2359 1822 2433; baseline 0.001 -18"><span class='ocrx_word' id='word_1_188' title='bbox 240 2359 497 2432; x_wconf 81' lang='grc' dir='ltr'>ἀριθμοῦ.</span> <span class='ocrx_word' id='word_1_189' title='bbox 539 2361 754 2433; x_wconf 83' lang='grc' dir='ltr'>’Ὠσπερ</span> <span class='ocrx_word' id='word_1_190' title='bbox 771 2362 951 2416; x_wconf 84' lang='grc' dir='ltr'>τοίνυν</span> <span class='ocrx_word' id='word_1_191' title='bbox 990 2361 1254 2416; x_wconf 86' lang='grc' dir='ltr'>ἀδύνατον</span> <span class='ocrx_word' id='word_1_192' title='bbox 1279 2360 1377 2424; x_wconf 82' lang='grc' dir='ltr'>τὰς</span> <span class='ocrx_word' id='word_1_193' title='bbox 1406 2363 1555 2431; x_wconf 86' lang='grc' dir='ltr'>τρεῖς</span> <span class='ocrx_word' id='word_1_194' title='bbox 1583 2360 1822 2417; x_wconf 81' lang='grc' dir='ltr'>ὑποστά-</span> 
     </span>
    </p>
   </div>
   <div class='ocr_carea' id='block_1_27' title="bbox 242 2446 1850 2532">
    <p class='ocr_par' dir='ltr' id='par_1_27' title="bbox 242 2446 1850 2532">
     <span class='ocr_line' id='line_1_27' title="bbox 242 2446 1850 2532; baseline -0.001 -24"><span class='ocrx_word' id='word_1_195' title='bbox 242 2470 353 2517; x_wconf 89' lang='grc' dir='ltr'>σεις</span> <span class='ocrx_word' id='word_1_196' title='bbox 395 2453 499 2532; x_wconf 76' lang='grc' dir='ltr'>τῆς</span> <span class='ocrx_word' id='word_1_197' title='bbox 558 2454 836 2528; x_wconf 83' lang='grc' dir='ltr'>θεότητος.</span> <span class='ocrx_word' id='word_1_198' title='bbox 866 2456 915 2508; x_wconf 76' lang='grc' dir='ltr'>εἰ</span> <span class='ocrx_word' id='word_1_199' title='bbox 964 2454 1060 2509; x_wconf 78' lang='grc' dir='ltr'>καὶ</span> <span class='ocrx_word' id='word_1_200' title='bbox 1099 2454 1336 2527; x_wconf 79' lang='grc' dir='ltr'>ἦνωνται</span> <span class='ocrx_word' id='word_1_201' title='bbox 1370 2452 1651 2524; x_wconf 75' lang='grc' dir='ltr'>ἀλλήλαις,</span> <span class='ocrx_word' id='word_1_202' title='bbox 1692 2446 1850 2523; x_wconf 65' lang='grc' dir='ltr'>μίαν</span> 
     </span>
    </p>
   </div>
   <div class='ocr_carea' id='block_1_28' title="bbox 241 2544 1822 2617">
    <p class='ocr_par' dir='ltr' id='par_1_28' title="bbox 241 2544 1822 2617">
     <span class='ocr_line' id='line_1_28' title="bbox 241 2544 1822 2617; baseline -0.003 -16"><span class='ocrx_word' id='word_1_203' title='bbox 241 2546 546 2601; x_wconf 79' lang='grc' dir='ltr'>ὑπόστασιν</span> <span class='ocrx_word' id='word_1_204' title='bbox 579 2547 759 2600; x_wconf 71' lang='grc' dir='ltr'>εἰπεῖν</span> <span class='ocrx_word' id='word_1_205' title='bbox 780 2547 867 2601; x_wconf 80' lang='grc' dir='ltr'>διὰ</span> <span class='ocrx_word' id='word_1_206' title='bbox 894 2546 956 2599; x_wconf 85' lang='grc' dir='ltr'>τὺ</span> <span class='ocrx_word' id='word_1_207' title='bbox 985 2547 1059 2617; x_wconf 82' lang='grc' dir='ltr'>μὴ</span> <span class='ocrx_word' id='word_1_208' title='bbox 1084 2545 1349 2617; x_wconf 87' lang='grc' dir='ltr'>σύγχυσιν</span> <span class='ocrx_word' id='word_1_209' title='bbox 1377 2546 1474 2600; x_wconf 81' lang='grc' dir='ltr'><strong>καὶ</strong></span> <span class='ocrx_word' id='word_1_210' title='bbox 1512 2544 1822 2615; x_wconf 81' lang='grc' dir='ltr'>ἀφανισμὸν</span> 
     </span>
    </p>
   </div>
   <div class='ocr_carea' id='block_1_29' title="bbox 236 2636 1823 2712">
    <p class='ocr_par' dir='ltr' id='par_1_29' title="bbox 236 2636 1823 2712">
     <span class='ocr_line' id='line_1_29' title="bbox 236 2636 1823 2712; baseline -0.001 -23"><span class='ocrx_word' id='word_1_211' title='bbox 236 2636 334 2708; x_wconf 85' lang='grc' dir='ltr'><strong>τῆς</strong></span> <span class='ocrx_word' id='word_1_212' title='bbox 366 2636 476 2690; x_wconf 85' lang='grc' dir='ltr'><strong>τῶν</strong></span> <span class='ocrx_word' id='word_1_213' title='bbox 505 2637 864 2695; x_wconf 78' lang='grc' dir='ltr'>ὑποστάσεων</span> <span class='ocrx_word' id='word_1_214' title='bbox 918 2637 1186 2712; x_wconf 83' lang='grc' dir='ltr'>διαφορᾶς</span> <span class='ocrx_word' id='word_1_215' title='bbox 1228 2636 1572 2707; x_wconf 80' lang='grc' dir='ltr'>ἐργάσασθαι</span> <span class='ocrx_word' id='word_1_216' title='bbox 1604 2637 1649 2703; x_wconf 68' lang='grc' dir='ltr'><strong>ί,</strong></span> <span class='ocrx_word' id='word_1_217' title='bbox 1679 2636 1823 2689; x_wconf 73' lang='grc' dir='ltr'>οὓτω</span> 
     </span>
    </p>
   </div>
   <div class='ocr_carea' id='block_1_30' title="bbox 236 2727 1822 2801">
    <p class='ocr_par' dir='ltr' id='par_1_30' title="bbox 236 2727 1822 2801">
     <span class='ocr_line' id='line_1_30' title="bbox 236 2727 1822 2801; baseline -0.002 -18"><span class='ocrx_word' id='word_1_218' title='bbox 236 2729 333 2783; x_wconf 79' lang='grc' dir='ltr'>καὶ</span> <span class='ocrx_word' id='word_1_219' title='bbox 363 2727 462 2790; x_wconf 77' lang='grc' dir='ltr'>τὰς</span> <span class='ocrx_word' id='word_1_220' title='bbox 482 2728 577 2784; x_wconf 87' lang='grc' dir='ltr'><strong>δύο</strong></span> <span class='ocrx_word' id='word_1_221' title='bbox 602 2729 799 2798; x_wconf 86' lang='grc' dir='ltr'>φύσεις</span> <span class='ocrx_word' id='word_1_222' title='bbox 828 2730 922 2784; x_wconf 80' lang='grc' dir='ltr'><strong>τοῦ</strong></span> <span class='ocrx_word' id='word_1_223' title='bbox 954 2730 1212 2801; x_wconf 81' lang='grc' dir='ltr'>Χριστοῦ,</span> <span class='ocrx_word' id='word_1_224' title='bbox 1235 2731 1335 2794; x_wconf 82' lang='grc' dir='ltr'>τὰς</span> <span class='ocrx_word' id='word_1_225' title='bbox 1362 2729 1487 2785; x_wconf 77' lang='grc' dir='ltr'>καθ’</span> <span class='ocrx_word' id='word_1_226' title='bbox 1521 2727 1822 2783; x_wconf 81' lang='grc' dir='ltr'>ὑπόστασιν</span> 
     </span>
    </p>
   </div>
   <div class='ocr_carea' id='block_1_31' title="bbox 237 2819 1815 2893">
    <p class='ocr_par' dir='ltr' id='par_1_31' title="bbox 237 2819 1815 2893">
     <span class='ocr_line' id='line_1_31' title="bbox 237 2819 1815 2893; baseline 0.001 -20"><span class='ocrx_word' id='word_1_227' title='bbox 237 2819 542 2890; x_wconf 78' lang='grc' dir='ltr'>ήνωμένας,</span> <span class='ocrx_word' id='word_1_228' title='bbox 573 2819 836 2876; x_wconf 88' lang='grc' dir='ltr'>ἀδύνατον</span> <span class='ocrx_word' id='word_1_229' title='bbox 868 2820 996 2891; x_wconf 76' lang='grc' dir='ltr'>μίαν</span> <span class='ocrx_word' id='word_1_230' title='bbox 1022 2821 1183 2891; x_wconf 86' lang='grc' dir='ltr'>φύσιν</span> <span class='ocrx_word' id='word_1_231' title='bbox 1206 2823 1405 2888; x_wconf 83' lang='grc' dir='ltr'>εἰπεῖν,</span> <span class='ocrx_word' id='word_1_232' title='bbox 1435 2820 1524 2877; x_wconf 64' lang='lat' dir='ltr'><strong>(va</strong></span> <span class='ocrx_word' id='word_1_233' title='bbox 1566 2821 1643 2893; x_wconf 80' lang='grc' dir='ltr'><strong>μὴ</strong></span> <span class='ocrx_word' id='word_1_234' title='bbox 1675 2821 1815 2890; x_wconf 86' lang='grc' dir='ltr'>ἀφα-</span> 
     </span>
    </p>
   </div>
   <div class='ocr_carea' id='block_1_32' title="bbox 237 2908 1817 2985">
    <p class='ocr_par' dir='ltr' id='par_1_32' title="bbox 237 2908 1817 2985">
     <span class='ocr_line' id='line_1_32' title="bbox 237 2908 1817 2985; baseline 0 -20"><span class='ocrx_word' id='word_1_235' title='bbox 237 2908 450 2976; x_wconf 78' lang='grc' dir='ltr'>νισμὸν,</span> <span class='ocrx_word' id='word_1_236' title='bbox 477 2911 570 2963; x_wconf 79' lang='grc' dir='ltr'><strong>καὶ</strong></span> <span class='ocrx_word' id='word_1_237' title='bbox 608 2909 892 2981; x_wconf 80' lang='grc' dir='ltr'>σύγχυσιν,</span> <span class='ocrx_word' id='word_1_238' title='bbox 938 2911 1035 2967; x_wconf 66' lang='grc' dir='ltr'><strong>κιαι)⁸</strong></span> <span class='ocrx_word' id='word_1_239' title='bbox 1092 2912 1434 2985; x_wconf 79' lang='grc' dir='ltr'>ἀνυπαρξίαν</span> <span class='ocrx_word' id='word_1_240' title='bbox 1477 2912 1576 2984; x_wconf 85' lang='grc' dir='ltr'><strong>τῆς</strong></span> <span class='ocrx_word' id='word_1_241' title='bbox 1631 2909 1817 2969; x_wconf 79' lang='grc' dir='ltr'>αὐτῶν</span> 
     </span>
    </p>
   </div>
   <div class='ocr_carea' id='block_1_33' title="bbox 236 3000 919 3071">
    <p class='ocr_par' dir='ltr' id='par_1_33' title="bbox 236 3000 919 3071">
     <span class='ocr_line' id='line_1_33' title="bbox 236 3000 919 3071; baseline 0.001 -17"><span class='ocrx_word' id='word_1_242' title='bbox 236 3000 502 3069; x_wconf 80' lang='grc' dir='ltr'>διαφορᾶς</span> <span class='ocrx_word' id='word_1_243' title='bbox 533 3000 919 3071; x_wconf 74' lang='grc' dir='ltr'>ἐργασώμεοα.</span> 
     </span>
    </p>
   </div>
   <div class='ocr_carea' id='block_1_34' title="bbox 1934 525 3508 600">
    <p class='ocr_par' dir='ltr' id='par_1_34' title="bbox 1934 525 3508 600">
     <span class='ocr_line' id='line_1_34' title="bbox 1934 525 3508 600; baseline 0.005 -21"><span class='ocrx_word' id='word_1_244' title='bbox 1934 525 2182 595; x_wconf 87' lang='lat' dir='ltr'><strong>ipsarum</strong></span> <span class='ocrx_word' id='word_1_245' title='bbox 2216 528 2655 597; x_wconf 69' lang='lat' dir='ltr'><strong>proprietatibus</strong></span> <span class='ocrx_word' id='word_1_246' title='bbox 2683 546 2697 585; x_wconf 86' lang='lat'><strong>:</strong></span> <span class='ocrx_word' id='word_1_247' title='bbox 2730 530 2863 600; x_wconf 88' lang='lat' dir='ltr'><strong>quia</strong></span> <span class='ocrx_word' id='word_1_248' title='bbox 2895 530 3153 589; x_wconf 82' lang='lat' dir='ltr'><strong>nimirum</strong></span> <span class='ocrx_word' id='word_1_249' title='bbox 3184 535 3325 591; x_wconf 91' lang='lat' dir='ltr'><strong>citra</strong></span> <span class='ocrx_word' id='word_1_250' title='bbox 3370 551 3508 597; x_wconf 80' lang='lat' dir='ltr'><strong>con.</strong></span> 
     </span>
    </p>
   </div>
   <div class='ocr_carea' id='block_1_35' title="bbox 1934 615 3507 689">
    <p class='ocr_par' dir='ltr' id='par_1_35' title="bbox 1934 615 3507 689">
     <span class='ocr_line' id='line_1_35' title="bbox 1934 615 3507 689; baseline 0.011 -17"><span class='ocrx_word' id='word_1_251' title='bbox 1934 615 2213 673; x_wconf 76' lang='lat' dir='ltr'><strong>fusionem</strong></span> <span class='ocrx_word' id='word_1_252' title='bbox 2254 619 2422 674; x_wconf 63' lang='lat' dir='ltr'><strong>unitas</strong></span> <span class='ocrx_word' id='word_1_253' title='bbox 2474 629 2630 686; x_wconf 92' lang='lat' dir='ltr'><strong>sunt,</strong></span> <span class='ocrx_word' id='word_1_254' title='bbox 2684 629 2740 675; x_wconf 87' lang='lat' dir='ltr'><strong>et</strong></span> <span class='ocrx_word' id='word_1_255' title='bbox 2771 636 2968 679; x_wconf 82' lang='lat' dir='ltr'><strong>rursus</strong></span> <span class='ocrx_word' id='word_1_256' title='bbox 3002 622 3142 679; x_wconf 88' lang='lat' dir='ltr'><strong>citra</strong></span> <span class='ocrx_word' id='word_1_257' title='bbox 3174 624 3507 689; x_wconf 83' lang='lat' dir='ltr'><strong>divisionem</strong></span> 
     </span>
    </p>
   </div>
   <div class='ocr_carea' id='block_1_36' title="bbox 1935 710 3508 786">
    <p class='ocr_par' dir='ltr' id='par_1_36' title="bbox 1935 710 3508 786">
     <span class='ocr_line' id='line_1_36' title="bbox 1935 710 3508 786; baseline 0.009 -21"><span class='ocrx_word' id='word_1_258' title='bbox 1935 710 2359 782; x_wconf 83' lang='lat' dir='ltr'><strong>distinguuntur</strong></span> <span class='ocrx_word' id='word_1_259' title='bbox 2400 719 2457 767; x_wconf 89' lang='lat' dir='ltr'><strong>et</strong></span> <span class='ocrx_word' id='word_1_260' title='bbox 2507 719 2889 769; x_wconf 91' lang='lat' dir='ltr'><strong>numerantur.</strong></span> <span class='ocrx_word' id='word_1_261' title='bbox 2940 713 3008 769; x_wconf 87' lang='lat' dir='ltr'><strong>Et</strong></span> <span class='ocrx_word' id='word_1_262' title='bbox 3040 718 3508 786; x_wconf 84' lang='lat' dir='ltr'><strong>quemadmodum</strong></span> 
     </span>
    </p>
   </div>
   <div class='ocr_carea' id='block_1_37' title="bbox 1934 801 3511 876">
    <p class='ocr_par' dir='ltr' id='par_1_37' title="bbox 1934 801 3511 876">
     <span class='ocr_line' id='line_1_37' title="bbox 1934 801 3511 876; baseline 0.01 -20"><span class='ocrx_word' id='word_1_263' title='bbox 1934 809 2048 859; x_wconf 89' lang='lat' dir='ltr'><strong>tres</strong></span> <span class='ocrx_word' id='word_1_264' title='bbox 2077 813 2283 859; x_wconf 67' lang='lat' dir='ltr'><strong>sancta:</strong></span> <span class='ocrx_word' id='word_1_265' title='bbox 2307 801 2599 859; x_wconf 81' lang='lat' dir='ltr'><strong>Trinitatis</strong></span> <span class='ocrx_word' id='word_1_266' title='bbox 2639 818 2891 876; x_wconf 79' lang='lat' dir='ltr'><strong>personae</strong></span> <span class='ocrx_word' id='word_1_267' title='bbox 2927 806 3006 862; x_wconf 89' lang='lat' dir='ltr'><strong>ita</strong></span> <span class='ocrx_word' id='word_1_268' title='bbox 3030 807 3153 866; x_wconf 82' lang='lat' dir='ltr'><strong>sine</strong></span> <span class='ocrx_word' id='word_1_269' title='bbox 3182 810 3511 872; x_wconf 83' lang='lat' dir='ltr'><strong>confusione</strong></span> 
     </span>
    </p>
   </div>
   <div class='ocr_carea' id='block_1_38' title="bbox 1936 895 3507 977">
    <p class='ocr_par' dir='ltr' id='par_1_38' title="bbox 1936 895 3507 977">
     <span class='ocr_line' id='line_1_38' title="bbox 1936 895 3507 977; baseline 0.007 -26"><span class='ocrx_word' id='word_1_270' title='bbox 1936 895 2105 954; x_wconf 80' lang='lat' dir='ltr'><strong>unitas</strong></span> <span class='ocrx_word' id='word_1_271' title='bbox 2137 904 2293 963; x_wconf 77' lang='lat' dir='ltr'><strong>sunt,</strong></span> <span class='ocrx_word' id='word_1_272' title='bbox 2330 903 2392 953; x_wconf 92' lang='lat' dir='ltr'><strong>ut</strong></span> <span class='ocrx_word' id='word_1_273' title='bbox 2416 907 2603 955; x_wconf 88' lang='lat' dir='ltr'><strong>tamen</strong></span> <span class='ocrx_word' id='word_1_274' title='bbox 2648 897 2772 955; x_wconf 84' lang='lat' dir='ltr'><strong>sine</strong></span> <span class='ocrx_word' id='word_1_275' title='bbox 2817 898 3097 958; x_wconf 79' lang='lat' dir='ltr'><strong>divisione</strong></span> <span class='ocrx_word' id='word_1_276' title='bbox 3154 901 3507 977; x_wconf 86' lang='lat' dir='ltr'><strong>distinguan-</strong></span> 
     </span>
    </p>
   </div>
   <div class='ocr_carea' id='block_1_39' title="bbox 1933 988 3507 1061">
    <p class='ocr_par' dir='ltr' id='par_1_39' title="bbox 1933 988 3507 1061">
     <span class='ocr_line' id='line_1_39' title="bbox 1933 988 3507 1061; baseline 0.007 -18"><span class='ocrx_word' id='word_1_277' title='bbox 1933 994 2026 1043; x_wconf 85' lang='lat' dir='ltr'><strong>tur</strong></span> <span class='ocrx_word' id='word_1_278' title='bbox 2055 994 2111 1043; x_wconf 87' lang='lat' dir='ltr'><strong>et</strong></span> <span class='ocrx_word' id='word_1_279' title='bbox 2139 996 2504 1045; x_wconf 88' lang='lat' dir='ltr'><strong>numerentur</strong></span> <span class='ocrx_word' id='word_1_280' title='bbox 2529 1005 2545 1056; x_wconf 87' lang='lat'><strong>;</strong></span> <span class='ocrx_word' id='word_1_281' title='bbox 2575 988 2707 1061; x_wconf 88' lang='lat' dir='ltr'><strong>quia</strong></span> <span class='ocrx_word' id='word_1_282' title='bbox 2755 1004 2956 1061; x_wconf 78' lang='lat' dir='ltr'><strong>nempe</strong></span> <span class='ocrx_word' id='word_1_283' title='bbox 2994 1007 3262 1051; x_wconf 89' lang='lat' dir='ltr'><strong>numerus</strong></span> <span class='ocrx_word' id='word_1_284' title='bbox 3293 1010 3396 1052; x_wconf 90' lang='lat' dir='ltr'><strong>nec</strong></span> <span class='ocrx_word' id='word_1_285' title='bbox 3417 997 3507 1053; x_wconf 57' lang='lat' dir='ltr'><strong>di»</strong></span> 
     </span>
    </p>
   </div>
   <div class='ocr_carea' id='block_1_40' title="bbox 1933 1076 3504 1152">
    <p class='ocr_par' dir='ltr' id='par_1_40' title="bbox 1933 1076 3504 1152">
     <span class='ocr_line' id='line_1_40' title="bbox 1933 1076 3504 1152; baseline 0.004 -19"><span class='ocrx_word' id='word_1_286' title='bbox 1933 1076 2226 1145; x_wconf 86' lang='lat' dir='ltr'><strong>visionem,</strong></span> <span class='ocrx_word' id='word_1_287' title='bbox 2264 1093 2368 1135; x_wconf 91' lang='lat' dir='ltr'><strong>nec</strong></span> <span class='ocrx_word' id='word_1_288' title='bbox 2414 1078 2867 1151; x_wconf 86' lang='lat' dir='ltr'><strong>disjunctionem,</strong></span> <span class='ocrx_word' id='word_1_289' title='bbox 2929 1094 3032 1138; x_wconf 84' lang='lat' dir='ltr'><strong>nec</strong></span> <span class='ocrx_word' id='word_1_290' title='bbox 3092 1082 3504 1152; x_wconf 85' lang='lat' dir='ltr'><strong>alienationem,</strong></span> 
     </span>
    </p>
   </div>
   <div class='ocr_carea' id='block_1_41' title="bbox 1933 1169 3509 1246">
    <p class='ocr_par' dir='ltr' id='par_1_41' title="bbox 1933 1169 3509 1246">
     <span class='ocr_line' id='line_1_41' title="bbox 1933 1169 3509 1246; baseline 0.006 -23"><span class='ocrx_word' id='word_1_291' title='bbox 1933 1183 2038 1225; x_wconf 91' lang='lat' dir='ltr'><strong>nec</strong></span> <span class='ocrx_word' id='word_1_292' title='bbox 2069 1169 2378 1226; x_wconf 91' lang='lat' dir='ltr'><strong>sectionem</strong></span> <span class='ocrx_word' id='word_1_293' title='bbox 2406 1169 2462 1224; x_wconf 92' lang='lat' dir='ltr'><strong>in</strong></span> <span class='ocrx_word' id='word_1_294' title='bbox 2508 1169 2645 1241; x_wconf 90' lang='lat' dir='ltr'><strong>ipsis</strong></span> <span class='ocrx_word' id='word_1_295' title='bbox 2681 1171 2814 1226; x_wconf 80' lang='lat' dir='ltr'><strong>facit</strong></span> <span class='ocrx_word' id='word_1_296' title='bbox 2841 1172 3049 1242; x_wconf 91' lang='lat' dir='ltr'><strong>(unum</strong></span> <span class='ocrx_word' id='word_1_297' title='bbox 3082 1174 3286 1246; x_wconf 87' lang='lat' dir='ltr'><strong>quippe</strong></span> <span class='ocrx_word' id='word_1_298' title='bbox 3314 1174 3509 1246; x_wconf 89' lang='lat' dir='ltr'><strong>Deum,</strong></span> 
     </span>
    </p>
   </div>
   <div class='ocr_carea' id='block_1_42' title="bbox 1932 1258 3506 1337">
    <p class='ocr_par' dir='ltr' id='par_1_42' title="bbox 1932 1258 3506 1337">
     <span class='ocr_line' id='line_1_42' title="bbox 1932 1258 3506 1337; baseline 0.006 -23"><span class='ocrx_word' id='word_1_299' title='bbox 1932 1258 2248 1328; x_wconf 88' lang='lat' dir='ltr'><strong>Patrem,et</strong></span> <span class='ocrx_word' id='word_1_300' title='bbox 2263 1260 2491 1327; x_wconf 86' lang='lat' dir='ltr'><strong>Filium,</strong></span> <span class='ocrx_word' id='word_1_301' title='bbox 2524 1272 2580 1317; x_wconf 89' lang='lat' dir='ltr'><strong>et</strong></span> <span class='ocrx_word' id='word_1_302' title='bbox 2608 1260 2876 1333; x_wconf 86' lang='lat' dir='ltr'><strong>Spiritum</strong></span> <span class='ocrx_word' id='word_1_303' title='bbox 2904 1270 3161 1319; x_wconf 88' lang='lat' dir='ltr'><strong>sanctum</strong></span> <span class='ocrx_word' id='word_1_304' title='bbox 3194 1265 3506 1337; x_wconf 84' lang='lat' dir='ltr'><strong>novimus):</strong></span> 
     </span>
    </p>
   </div>
   <div class='ocr_carea' id='block_1_43' title="bbox 1932 1354 3510 1429">
    <p class='ocr_par' dir='ltr' id='par_1_43' title="bbox 1932 1354 3510 1429">
     <span class='ocr_line' id='line_1_43' title="bbox 1932 1354 3510 1429; baseline 0.004 -19"><span class='ocrx_word' id='word_1_305' title='bbox 1932 1354 2008 1410; x_wconf 81' lang='lat' dir='ltr'><strong>ita</strong></span> <span class='ocrx_word' id='word_1_306' title='bbox 2034 1369 2257 1425; x_wconf 89' lang='lat' dir='ltr'><strong>quoque</strong></span> <span class='ocrx_word' id='word_1_307' title='bbox 2292 1354 2500 1412; x_wconf 89' lang='lat' dir='ltr'><strong>Christi</strong></span> <span class='ocrx_word' id='word_1_308' title='bbox 2527 1364 2760 1423; x_wconf 71' lang='lat' dir='ltr'><strong>natum,</strong></span> <span class='ocrx_word' id='word_1_309' title='bbox 2786 1356 3043 1429; x_wconf 80' lang='lat' dir='ltr'><strong>quamvis</strong></span> <span class='ocrx_word' id='word_1_310' title='bbox 3075 1357 3311 1415; x_wconf 84' lang='lat' dir='ltr'><strong>invicem</strong></span> <span class='ocrx_word' id='word_1_311' title='bbox 3344 1361 3510 1416; x_wconf 68' lang='lat' dir='ltr'><strong>unitas</strong></span> 
     </span>
    </p>
   </div>
   <div class='ocr_carea' id='block_1_44' title="bbox 1932 1443 3512 1522">
    <p class='ocr_par' dir='ltr' id='par_1_44' title="bbox 1932 1443 3512 1522">
     <span class='ocr_line' id='line_1_44' title="bbox 1932 1443 3512 1522; baseline 0.003 -22"><span class='ocrx_word' id='word_1_312' title='bbox 1932 1443 2063 1510; x_wconf 86' lang='lat' dir='ltr'><strong>sint,</strong></span> <span class='ocrx_word' id='word_1_313' title='bbox 2129 1451 2390 1499; x_wconf 83' lang='lat' dir='ltr'><strong>caeterum</strong></span> <span class='ocrx_word' id='word_1_314' title='bbox 2438 1445 2594 1499; x_wconf 88' lang='lat' dir='ltr'><strong>nulla</strong></span> <span class='ocrx_word' id='word_1_315' title='bbox 2644 1446 3017 1518; x_wconf 76' lang='lat' dir='ltr'><strong>confusione,</strong></span> <span class='ocrx_word' id='word_1_316' title='bbox 3085 1458 3140 1504; x_wconf 92' lang='lat' dir='ltr'><strong>et</strong></span> <span class='ocrx_word' id='word_1_317' title='bbox 3204 1449 3512 1522; x_wconf 84' lang='lat' dir='ltr'><strong>quamlibet</strong></span> 
     </span>
    </p>
   </div>
   <div class='ocr_carea' id='block_1_45' title="bbox 1932 1536 3510 1607">
    <p class='ocr_par' dir='ltr' id='par_1_45' title="bbox 1932 1536 3510 1607">
     <span class='ocr_line' id='line_1_45' title="bbox 1932 1536 3510 1607; baseline 0.002 -15"><span class='ocrx_word' id='word_1_318' title='bbox 1932 1536 2055 1593; x_wconf 85' lang='lat' dir='ltr'><strong>aliae</strong></span> <span class='ocrx_word' id='word_1_319' title='bbox 2083 1536 2223 1592; x_wconf 85' lang='lat' dir='ltr'><strong>alias</strong></span> <span class='ocrx_word' id='word_1_320' title='bbox 2265 1543 2574 1607; x_wconf 90' lang='lat' dir='ltr'><strong>permeent,</strong></span> <span class='ocrx_word' id='word_1_321' title='bbox 2626 1551 2737 1593; x_wconf 92' lang='lat' dir='ltr'><strong>non</strong></span> <span class='ocrx_word' id='word_1_322' title='bbox 2777 1546 2962 1596; x_wconf 90' lang='lat' dir='ltr'><strong>tamen</strong></span> <span class='ocrx_word' id='word_1_323' title='bbox 3004 1541 3428 1598; x_wconf 87' lang='lat' dir='ltr'><strong>conversionem</strong></span> <span class='ocrx_word' id='word_1_324' title='bbox 3456 1549 3510 1597; x_wconf 88' lang='lat' dir='ltr'><strong>et</strong></span> 
     </span>
    </p>
   </div>
   <div class='ocr_carea' id='block_1_46' title="bbox 1932 1627 3509 1691">
    <p class='ocr_par' dir='ltr' id='par_1_46' title="bbox 1932 1627 3509 1691">
     <span class='ocr_line' id='line_1_46' title="bbox 1932 1627 3509 1691; baseline 0.003 -9"><span class='ocrx_word' id='word_1_325' title='bbox 1932 1628 2460 1685; x_wconf 88' lang='lat' dir='ltr'><strong>transmutationem</strong></span> <span class='ocrx_word' id='word_1_326' title='bbox 2493 1627 2723 1684; x_wconf 87' lang='lat' dir='ltr'><strong>alterius</strong></span> <span class='ocrx_word' id='word_1_327' title='bbox 2750 1631 2804 1685; x_wconf 88' lang='lat' dir='ltr'><strong>in</strong></span> <span class='ocrx_word' id='word_1_328' title='bbox 2847 1631 3080 1686; x_wconf 85' lang='lat' dir='ltr'><strong>alteram</strong></span> <span class='ocrx_word' id='word_1_329' title='bbox 3107 1632 3410 1691; x_wconf 88' lang='lat' dir='ltr'><strong>admittunt</strong></span> <span class='ocrx_word' id='word_1_330' title='bbox 3440 1631 3509 1687; x_wconf 79' lang='lat'><strong>°°.</strong></span> 
     </span>
    </p>
   </div>
   <div class='ocr_carea' id='block_1_47' title="bbox 1933 1719 3512 1791">
    <p class='ocr_par' dir='ltr' id='par_1_47' title="bbox 1933 1719 3512 1791">
     <span class='ocr_line' id='line_1_47' title="bbox 1933 1719 3512 1791; baseline 0.003 -14"><span class='ocrx_word' id='word_1_331' title='bbox 1933 1719 2184 1790; x_wconf 88' lang='lat' dir='ltr'><strong>Utraque</strong></span> <span class='ocrx_word' id='word_1_332' title='bbox 2226 1719 2376 1772; x_wconf 87' lang='lat' dir='ltr'><strong>enim</strong></span> <span class='ocrx_word' id='word_1_333' title='bbox 2406 1719 2714 1775; x_wconf 85' lang='lat' dir='ltr'><strong>naturalem</strong></span> <span class='ocrx_word' id='word_1_334' title='bbox 2753 1721 3150 1791; x_wconf 86' lang='lat' dir='ltr'><strong>proprietatem</strong></span> <span class='ocrx_word' id='word_1_335' title='bbox 3202 1739 3357 1781; x_wconf 89' lang='lat' dir='ltr'><strong>suam</strong></span> <span class='ocrx_word' id='word_1_336' title='bbox 3409 1724 3512 1781; x_wconf 82' lang='lat' dir='ltr'><strong>im—</strong></span> 
     </span>
    </p>
   </div>
   <div class='ocr_carea' id='block_1_48' title="bbox 1932 1808 3506 1883">
    <p class='ocr_par' dir='ltr' id='par_1_48' title="bbox 1932 1808 3506 1883">
     <span class='ocr_line' id='line_1_48' title="bbox 1932 1808 3506 1883; baseline 0.003 -16"><span class='ocrx_word' id='word_1_337' title='bbox 1932 1819 2139 1867; x_wconf 85' lang='lat' dir='ltr'><strong>motam</strong></span> <span class='ocrx_word' id='word_1_338' title='bbox 2192 1818 2396 1866; x_wconf 88' lang='lat' dir='ltr'><strong>tuetur.</strong></span> <span class='ocrx_word' id='word_1_339' title='bbox 2450 1808 2594 1866; x_wconf 84' lang='lat' dir='ltr'><strong>Hinc</strong></span> <span class='ocrx_word' id='word_1_340' title='bbox 2646 1826 2866 1882; x_wconf 89' lang='lat' dir='ltr'><strong>quoque</strong></span> <span class='ocrx_word' id='word_1_341' title='bbox 2906 1813 2965 1866; x_wconf 83' lang='lat' dir='ltr'><strong>iit</strong></span> <span class='ocrx_word' id='word_1_342' title='bbox 3007 1822 3067 1868; x_wconf 92' lang='lat' dir='ltr'><strong>ut</strong></span> <span class='ocrx_word' id='word_1_343' title='bbox 3119 1825 3506 1883; x_wconf 87' lang='lat' dir='ltr'><strong>numerentur,</strong></span> 
     </span>
    </p>
   </div>
   <div class='ocr_carea' id='block_1_49' title="bbox 1930 1902 3510 1964">
    <p class='ocr_par' dir='ltr' id='par_1_49' title="bbox 1930 1902 3510 1964">
     <span class='ocr_line' id='line_1_49' title="bbox 1930 1902 3510 1964; baseline 0.002 -3"><span class='ocrx_word' id='word_1_344' title='bbox 1930 1917 2034 1961; x_wconf 88' lang='lat' dir='ltr'><strong>nec</strong></span> <span class='ocrx_word' id='word_1_345' title='bbox 2090 1912 2274 1959; x_wconf 86' lang='lat' dir='ltr'><strong>tamen</strong></span> <span class='ocrx_word' id='word_1_346' title='bbox 2334 1918 2600 1958; x_wconf 90' lang='lat' dir='ltr'><strong>numerus</strong></span> <span class='ocrx_word' id='word_1_347' title='bbox 2664 1902 2988 1961; x_wconf 82' lang='lat' dir='ltr'><strong>divisionem</strong></span> <span class='ocrx_word' id='word_1_348' title='bbox 3048 1905 3297 1963; x_wconf 86' lang='lat' dir='ltr'><strong>inducat.</strong></span> <span class='ocrx_word' id='word_1_349' title='bbox 3354 1906 3510 1964; x_wconf 82' lang='lat' dir='ltr'><strong>Unus</strong></span> 
     </span>
    </p>
   </div>
   <div class='ocr_carea' id='block_1_50' title="bbox 1933 1990 3510 2069">
    <p class='ocr_par' dir='ltr' id='par_1_50' title="bbox 1933 1990 3510 2069">
     <span class='ocr_line' id='line_1_50' title="bbox 1933 1990 3510 2069; baseline 0.004 -19"><span class='ocrx_word' id='word_1_350' title='bbox 1933 1992 2214 2065; x_wconf 84' lang='lat' dir='ltr'><strong>siquidem</strong></span> <span class='ocrx_word' id='word_1_351' title='bbox 2242 1990 2504 2047; x_wconf 77' lang='lat' dir='ltr'><strong>Christus</strong></span> <span class='ocrx_word' id='word_1_352' title='bbox 2530 2002 2637 2061; x_wconf 81' lang='lat' dir='ltr'><strong>est,</strong></span> <span class='ocrx_word' id='word_1_353' title='bbox 2683 2001 2793 2048; x_wconf 87' lang='lat' dir='ltr'><strong>tam</strong></span> <span class='ocrx_word' id='word_1_354' title='bbox 2825 1994 2880 2048; x_wconf 91' lang='lat' dir='ltr'><strong>in</strong></span> <span class='ocrx_word' id='word_1_355' title='bbox 2914 1994 3228 2062; x_wconf 84' lang='lat' dir='ltr'><strong>divinitate,</strong></span> <span class='ocrx_word' id='word_1_356' title='bbox 3258 2012 3423 2069; x_wconf 84' lang='lat' dir='ltr'><strong>quam</strong></span> <span class='ocrx_word' id='word_1_357' title='bbox 3454 2002 3510 2056; x_wconf 84' lang='lat' dir='ltr'><strong>in</strong></span> 
     </span>
    </p>
   </div>
   <div class='ocr_carea' id='block_1_51' title="bbox 1933 2082 3509 2155">
    <p class='ocr_par' dir='ltr' id='par_1_51' title="bbox 1933 2082 3509 2155">
     <span class='ocr_line' id='line_1_51' title="bbox 1933 2082 3509 2155; baseline 0 -12"><span class='ocrx_word' id='word_1_358' title='bbox 1933 2085 2281 2143; x_wconf 81' lang='lat' dir='ltr'><strong>immanitate</strong></span> <span class='ocrx_word' id='word_1_359' title='bbox 2356 2082 2660 2154; x_wconf 71' lang='lat' dir='ltr'><strong>perfectus.</strong></span> <span class='ocrx_word' id='word_1_360' title='bbox 2729 2082 2922 2155; x_wconf 82' lang='lat' dir='ltr'><strong>Neque</strong></span> <span class='ocrx_word' id='word_1_361' title='bbox 2966 2084 3111 2141; x_wconf 89' lang='lat' dir='ltr'><strong>enim</strong></span> <span class='ocrx_word' id='word_1_362' title='bbox 3163 2087 3380 2144; x_wconf 88' lang='lat' dir='ltr'><strong>numeri</strong></span> <span class='ocrx_word' id='word_1_363' title='bbox 3445 2102 3509 2143; x_wconf 82' lang='lat' dir='ltr'><strong>ea</strong></span> 
     </span>
    </p>
   </div>
   <div class='ocr_carea' id='block_1_52' title="bbox 1931 2174 3507 2250">
    <p class='ocr_par' dir='ltr' id='par_1_52' title="bbox 1931 2174 3507 2250">
     <span class='ocr_line' id='line_1_52' title="bbox 1931 2174 3507 2250; baseline 0.001 -16"><span class='ocrx_word' id='word_1_364' title='bbox 1931 2186 2135 2234; x_wconf 85' lang='lat' dir='ltr'><strong>natura</strong></span> <span class='ocrx_word' id='word_1_365' title='bbox 2184 2184 2292 2242; x_wconf 87' lang='lat' dir='ltr'><strong>est,</strong></span> <span class='ocrx_word' id='word_1_366' title='bbox 2351 2185 2415 2231; x_wconf 90' lang='lat' dir='ltr'><strong>ut</strong></span> <span class='ocrx_word' id='word_1_367' title='bbox 2462 2174 2789 2231; x_wconf 77' lang='lat' dir='ltr'><strong>divisionem</strong></span> <span class='ocrx_word' id='word_1_368' title='bbox 2840 2184 2936 2231; x_wconf 90' lang='lat' dir='ltr'><strong>aut</strong></span> <span class='ocrx_word' id='word_1_369' title='bbox 2985 2178 3247 2233; x_wconf 89' lang='lat' dir='ltr'><strong>unionem</strong></span> <span class='ocrx_word' id='word_1_370' title='bbox 3293 2178 3507 2250; x_wconf 78' lang='lat' dir='ltr'><strong>aﬂ&#39;erat,</strong></span> 
     </span>
    </p>
   </div>
   <div class='ocr_carea' id='block_1_53' title="bbox 1932 2268 3506 2341">
    <p class='ocr_par' dir='ltr' id='par_1_53' title="bbox 1932 2268 3506 2341">
     <span class='ocr_line' id='line_1_53' title="bbox 1932 2268 3506 2341; baseline -0.001 -14"><span class='ocrx_word' id='word_1_371' title='bbox 1932 2272 2027 2327; x_wconf 80' lang='lat' dir='ltr'><strong>sed</strong></span> <span class='ocrx_word' id='word_1_372' title='bbox 2082 2271 2447 2341; x_wconf 85' lang='lat' dir='ltr'><strong>quantitatem</strong></span> <span class='ocrx_word' id='word_1_373' title='bbox 2504 2268 2771 2322; x_wconf 77' lang='lat' dir='ltr'><strong>duntaxat</strong></span> <span class='ocrx_word' id='word_1_374' title='bbox 2812 2282 3002 2322; x_wconf 86' lang='lat' dir='ltr'><strong>carum</strong></span> <span class='ocrx_word' id='word_1_375' title='bbox 3050 2283 3234 2323; x_wconf 89' lang='lat' dir='ltr'><strong>rerum</strong></span> <span class='ocrx_word' id='word_1_376' title='bbox 3283 2284 3409 2339; x_wconf 63' lang='lat' dir='ltr'><strong>quae</strong></span> <span class='ocrx_word' id='word_1_377' title='bbox 3451 2271 3506 2326; x_wconf 88' lang='lat' dir='ltr'><strong>in</strong></span> 
     </span>
    </p>
   </div>
   <div class='ocr_carea' id='block_1_54' title="bbox 1898 2346 3505 2429">
    <p class='ocr_par' dir='ltr' id='par_1_54' title="bbox 1898 2346 3505 2429">
     <span class='ocr_line' id='line_1_54' title="bbox 1898 2346 3505 2429; baseline -0.002 -11"><span class='ocrx_word' id='word_1_378' title='bbox 1898 2346 1901 2349; x_wconf 51' lang='grc'><em>’</em></span> <span class='ocrx_word' id='word_1_379' title='bbox 1932 2376 2228 2419; x_wconf 87' lang='lat' dir='ltr'><strong>numerum</strong></span> <span class='ocrx_word' id='word_1_380' title='bbox 2262 2360 2490 2425; x_wconf 91' lang='lat' dir='ltr'><strong>cadunt,</strong></span> <span class='ocrx_word' id='word_1_381' title='bbox 2533 2357 2827 2429; x_wconf 82' lang='lat' dir='ltr'><strong>signiﬁcat,</strong></span> <span class='ocrx_word' id='word_1_382' title='bbox 2866 2358 2984 2413; x_wconf 84' lang='lat' dir='ltr'><strong>sive</strong></span> <span class='ocrx_word' id='word_1_383' title='bbox 3024 2356 3131 2413; x_wconf 85' lang='lat' dir='ltr'><strong>illae</strong></span> <span class='ocrx_word' id='word_1_384' title='bbox 3170 2358 3339 2413; x_wconf 76' lang='lat' dir='ltr'><strong>unita:</strong></span> <span class='ocrx_word' id='word_1_385' title='bbox 3373 2359 3505 2429; x_wconf 85' lang='lat' dir='ltr'><strong>sint,</strong></span> 
     </span>
    </p>
   </div>
   <div class='ocr_carea' id='block_1_55' title="bbox 1924 2448 3500 2521">
    <p class='ocr_par' dir='ltr' id='par_1_55' title="bbox 1924 2448 3500 2521">
     <span class='ocr_line' id='line_1_55' title="bbox 1924 2448 3500 2521; baseline -0.003 -10"><span class='ocrx_word' id='word_1_386' title='bbox 1924 2454 2041 2511; x_wconf 88' lang='lat' dir='ltr'><strong>sive</strong></span> <span class='ocrx_word' id='word_1_387' title='bbox 2068 2453 2257 2510; x_wconf 69' lang='lat' dir='ltr'><strong>divisas</strong></span> <span class='ocrx_word' id='word_1_388' title='bbox 2287 2471 2301 2507; x_wconf 94' lang='lat'>:</span> <span class='ocrx_word' id='word_1_389' title='bbox 2336 2451 2503 2507; x_wconf 79' lang='lat' dir='ltr'><strong>unitas</strong></span> <span class='ocrx_word' id='word_1_390' title='bbox 2538 2448 2786 2521; x_wconf 87' lang='lat' dir='ltr'><strong>quidem,</strong></span> <span class='ocrx_word' id='word_1_391' title='bbox 2825 2455 2886 2503; x_wconf 91' lang='lat' dir='ltr'><strong>ut</strong></span> <span class='ocrx_word' id='word_1_392' title='bbox 2921 2449 3071 2519; x_wconf 91' lang='lat' dir='ltr'><strong>quod</strong></span> <span class='ocrx_word' id='word_1_393' title='bbox 3094 2449 3500 2521; x_wconf 79' lang='lat' dir='ltr'><strong>quinquaginta</strong></span> 
     </span>
    </p>
   </div>
   <div class='ocr_carea' id='block_1_56' title="bbox 1924 2537 3508 2614">
    <p class='ocr_par' dir='ltr' id='par_1_56' title="bbox 1924 2537 3508 2614">
     <span class='ocr_line' id='line_1_56' title="bbox 1924 2537 3508 2614; baseline -0.001 -16"><span class='ocrx_word' id='word_1_394' title='bbox 1924 2543 2208 2614; x_wconf 88' lang='lat' dir='ltr'><strong>lapidibus</strong></span> <span class='ocrx_word' id='word_1_395' title='bbox 2256 2542 2347 2598; x_wconf 90' lang='lat' dir='ltr'><strong>hic</strong></span> <span class='ocrx_word' id='word_1_396' title='bbox 2400 2540 2584 2612; x_wconf 88' lang='lat' dir='ltr'><strong>paries</strong></span> <span class='ocrx_word' id='word_1_397' title='bbox 2638 2546 2892 2609; x_wconf 86' lang='lat' dir='ltr'><strong>constet;</strong></span> <span class='ocrx_word' id='word_1_398' title='bbox 2940 2537 3134 2597; x_wconf 63' lang='lat' dir='ltr'><strong>divisa“:</strong></span> <span class='ocrx_word' id='word_1_399' title='bbox 3192 2548 3400 2608; x_wconf 90' lang='lat' dir='ltr'><strong>autem,</strong></span> <span class='ocrx_word' id='word_1_400' title='bbox 3447 2550 3508 2599; x_wconf 89' lang='lat' dir='ltr'><strong>ut</strong></span> 
     </span>
    </p>
   </div>
   <div class='ocr_carea' id='block_1_57' title="bbox 1923 2629 3509 2705">
    <p class='ocr_par' dir='ltr' id='par_1_57' title="bbox 1923 2629 3509 2705">
     <span class='ocr_line' id='line_1_57' title="bbox 1923 2629 3509 2705; baseline -0.001 -18"><span class='ocrx_word' id='word_1_401' title='bbox 1923 2634 2070 2705; x_wconf 88' lang='lat' dir='ltr'><strong>quod</strong></span> <span class='ocrx_word' id='word_1_402' title='bbox 2105 2631 2513 2704; x_wconf 81' lang='lat' dir='ltr'><strong>quinquaginta</strong></span> <span class='ocrx_word' id='word_1_403' title='bbox 2557 2629 2770 2701; x_wconf 82' lang='lat' dir='ltr'><strong>lapides</strong></span> <span class='ocrx_word' id='word_1_404' title='bbox 2802 2629 2862 2684; x_wconf 88' lang='lat' dir='ltr'><strong>in</strong></span> <span class='ocrx_word' id='word_1_405' title='bbox 2896 2642 3096 2701; x_wconf 88' lang='lat' dir='ltr'><strong>campo</strong></span> <span class='ocrx_word' id='word_1_406' title='bbox 3139 2629 3400 2700; x_wconf 72' lang='lat' dir='ltr'><strong>iaceant:</strong></span> <span class='ocrx_word' id='word_1_407' title='bbox 3443 2646 3509 2686; x_wconf 87' lang='lat' dir='ltr'><strong>ac</strong></span> 
     </span>
    </p>
   </div>
   <div class='ocr_carea' id='block_1_58' title="bbox 1922 2714 3509 2794">
    <p class='ocr_par' dir='ltr' id='par_1_58' title="bbox 1922 2714 3509 2794">
     <span class='ocr_line' id='line_1_58' title="bbox 1922 2714 3509 2794; baseline 0.001 -14"><span class='ocrx_word' id='word_1_408' title='bbox 1922 2739 2149 2782; x_wconf 85' lang='lat' dir='ltr'><strong>rursum</strong></span> <span class='ocrx_word' id='word_1_409' title='bbox 2197 2725 2385 2790; x_wconf 67' lang='lat' dir='ltr'><strong>unitaa,</strong></span> <span class='ocrx_word' id='word_1_410' title='bbox 2442 2732 2502 2779; x_wconf 86' lang='lat' dir='ltr'><strong>ut</strong></span> <span class='ocrx_word' id='word_1_411' title='bbox 2544 2722 2693 2794; x_wconf 88' lang='lat' dir='ltr'><strong>quod</strong></span> <span class='ocrx_word' id='word_1_412' title='bbox 2737 2722 2794 2778; x_wconf 91' lang='lat' dir='ltr'><strong>in</strong></span> <span class='ocrx_word' id='word_1_413' title='bbox 2840 2714 3086 2779; x_wconf 83' lang='lat' dir='ltr'><strong>carbone</strong></span> <span class='ocrx_word' id='word_1_414' title='bbox 3118 2722 3244 2779; x_wconf 71' lang='lat' dir='ltr'><strong>dua:</strong></span> <span class='ocrx_word' id='word_1_415' title='bbox 3294 2734 3509 2781; x_wconf 83' lang='lat' dir='ltr'><strong>natura:</strong></span> 
     </span>
    </p>
   </div>
   <div class='ocr_carea' id='block_1_59' title="bbox 1927 2815 3508 2890">
    <p class='ocr_par' dir='ltr' id='par_1_59' title="bbox 1927 2815 3508 2890">
     <span class='ocr_line' id='line_1_59' title="bbox 1927 2815 3508 2890; baseline 0.001 -17"><span class='ocrx_word' id='word_1_416' title='bbox 1927 2817 2062 2883; x_wconf 86' lang='lat' dir='ltr'><strong>sint,</strong></span> <span class='ocrx_word' id='word_1_417' title='bbox 2091 2817 2237 2890; x_wconf 82' lang='lat' dir='ltr'><strong>ignis</strong></span> <span class='ocrx_word' id='word_1_418' title='bbox 2267 2817 2533 2872; x_wconf 89' lang='lat' dir='ltr'><strong>nimirum</strong></span> <span class='ocrx_word' id='word_1_419' title='bbox 2574 2826 2631 2872; x_wconf 88' lang='lat' dir='ltr'><strong>et</strong></span> <span class='ocrx_word' id='word_1_420' title='bbox 2671 2815 2833 2887; x_wconf 85' lang='lat' dir='ltr'><strong>ligni;</strong></span> <span class='ocrx_word' id='word_1_421' title='bbox 2874 2815 3132 2871; x_wconf 75' lang='lat' dir='ltr'><strong>discretae</strong></span> <span class='ocrx_word' id='word_1_422' title='bbox 3168 2831 3322 2886; x_wconf 87' lang='lat' dir='ltr'><strong>vero,</strong></span> <span class='ocrx_word' id='word_1_423' title='bbox 3358 2818 3508 2889; x_wconf 89' lang='lat' dir='ltr'><strong>quod</strong></span> 
     </span>
    </p>
   </div>
   <div class='ocr_carea' id='block_1_60' title="bbox 1925 2906 3508 2981">
    <p class='ocr_par' dir='ltr' id='par_1_60' title="bbox 1925 2906 3508 2981">
     <span class='ocr_line' id='line_1_60' title="bbox 1925 2906 3508 2981; baseline 0.001 -17"><span class='ocrx_word' id='word_1_424' title='bbox 1925 2909 2035 2965; x_wconf 90' lang='lat' dir='ltr'><strong>alia</strong></span> <span class='ocrx_word' id='word_1_425' title='bbox 2059 2909 2203 2981; x_wconf 80' lang='lat' dir='ltr'><strong>ignis</strong></span> <span class='ocrx_word' id='word_1_426' title='bbox 2225 2918 2426 2965; x_wconf 88' lang='lat' dir='ltr'><strong>natura</strong></span> <span class='ocrx_word' id='word_1_427' title='bbox 2456 2908 2550 2976; x_wconf 89' lang='lat' dir='ltr'><strong>sit,</strong></span> <span class='ocrx_word' id='word_1_428' title='bbox 2587 2907 2693 2963; x_wconf 91' lang='lat' dir='ltr'><strong>alia</strong></span> <span class='ocrx_word' id='word_1_429' title='bbox 2741 2906 2915 2980; x_wconf 83' lang='lat' dir='ltr'><strong>ligni;</strong></span> <span class='ocrx_word' id='word_1_430' title='bbox 2965 2907 3074 2964; x_wconf 92' lang='lat' dir='ltr'><strong>alio</strong></span> <span class='ocrx_word' id='word_1_431' title='bbox 3102 2924 3302 2981; x_wconf 89' lang='lat' dir='ltr'><strong>nempe</strong></span> <span class='ocrx_word' id='word_1_432' title='bbox 3343 2911 3508 2967; x_wconf 87' lang='lat' dir='ltr'><strong>modo</strong></span> 
     </span>
    </p>
   </div>
   <div class='ocr_carea' id='block_1_61' title="bbox 1924 2999 3506 3071">
    <p class='ocr_par' dir='ltr' id='par_1_61' title="bbox 1924 2999 3506 3071">
     <span class='ocr_line' id='line_1_61' title="bbox 1924 2999 3506 3071; baseline 0.002 -12"><span class='ocrx_word' id='word_1_433' title='bbox 1924 3002 2044 3059; x_wconf 71' lang='lat' dir='ltr'><strong>haec</strong></span> <span class='ocrx_word' id='word_1_434' title='bbox 2084 3000 2380 3071; x_wconf 86' lang='lat' dir='ltr'><strong>copulante</strong></span> <span class='ocrx_word' id='word_1_435' title='bbox 2427 3008 2484 3058; x_wconf 90' lang='lat' dir='ltr'><strong>et</strong></span> <span class='ocrx_word' id='word_1_436' title='bbox 2516 2999 2830 3063; x_wconf 88' lang='lat' dir='ltr'><strong>dividente,</strong></span> <span class='ocrx_word' id='word_1_437' title='bbox 2864 3014 2977 3056; x_wconf 91' lang='lat' dir='ltr'><strong>non</strong></span> <span class='ocrx_word' id='word_1_438' title='bbox 3021 3010 3210 3057; x_wconf 89' lang='lat' dir='ltr'><strong>autem</strong></span> <span class='ocrx_word' id='word_1_439' title='bbox 3252 3016 3506 3062; x_wconf 88' lang='lat' dir='ltr'><strong>numero.</strong></span> 
     </span>
    </p>
   </div>
   <div class='ocr_carea' id='block_1_62' title="bbox 234 3091 3504 3167">
    <p class='ocr_par' dir='ltr' id='par_1_62' title="bbox 234 3091 3504 3167">
     <span class='ocr_line' id='line_1_62' title="bbox 234 3091 3504 3167; baseline 0.002 -24"><span class='ocrx_word' id='word_1_440' title='bbox 234 3091 709 3163; x_wconf 81' lang='lat' dir='ltr'><strong>Quemadmodum</strong></span> <span class='ocrx_word' id='word_1_441' title='bbox 798 3092 969 3162; x_wconf 82' lang='lat' dir='ltr'><strong>igitur</strong></span> <span class='ocrx_word' id='word_1_442' title='bbox 1025 3092 1145 3149; x_wconf 83' lang='lat' dir='ltr'><strong>ﬁeri</strong></span> <span class='ocrx_word' id='word_1_443' title='bbox 1193 3094 1406 3166; x_wconf 89' lang='lat' dir='ltr'><strong>nequit,</strong></span> <span class='ocrx_word' id='word_1_444' title='bbox 1496 3103 1558 3151; x_wconf 91' lang='lat' dir='ltr'><strong>ut</strong></span> <span class='ocrx_word' id='word_1_445' title='bbox 1629 3105 1745 3153; x_wconf 83' lang='lat' dir='ltr'><strong>tres</strong></span> <span class='ocrx_word' id='word_1_446' title='bbox 1813 3092 2122 3167; x_wconf 69' lang='lat' dir='ltr'><strong>divinitatis</strong></span> <span class='ocrx_word' id='word_1_447' title='bbox 2174 3108 2463 3167; x_wconf 86' lang='lat' dir='ltr'><strong>personas,</strong></span> <span class='ocrx_word' id='word_1_448' title='bbox 2522 3093 2744 3149; x_wconf 87' lang='lat' dir='ltr'><strong>tametsi</strong></span> <span class='ocrx_word' id='word_1_449' title='bbox 2792 3092 2939 3149; x_wconf 85' lang='lat' dir='ltr'><strong>inter</strong></span> <span class='ocrx_word' id='word_1_450' title='bbox 2993 3108 3054 3151; x_wconf 82' lang='lat' dir='ltr'><strong>se</strong></span> <span class='ocrx_word' id='word_1_451' title='bbox 3099 3094 3304 3164; x_wconf 69' lang='lat' dir='ltr'><strong>juncta:</strong></span> <span class='ocrx_word' id='word_1_452' title='bbox 3349 3106 3504 3163; x_wconf 81' lang='lat' dir='ltr'><strong>sunt,</strong></span> 
     </span>
    </p>
   </div>
   <div class='ocr_carea' id='block_1_63' title="bbox 240 3184 3506 3258">
    <p class='ocr_par' dir='ltr' id='par_1_63' title="bbox 240 3184 3506 3258">
     <span class='ocr_line' id='line_1_63' title="bbox 240 3184 3506 3258; baseline 0.001 -18"><span class='ocrx_word' id='word_1_453' title='bbox 240 3198 402 3240; x_wconf 87' lang='lat' dir='ltr'><strong>unam</strong></span> <span class='ocrx_word' id='word_1_454' title='bbox 434 3199 728 3253; x_wconf 85' lang='lat' dir='ltr'><strong>personam</strong></span> <span class='ocrx_word' id='word_1_455' title='bbox 772 3184 1044 3253; x_wconf 82' lang='lat' dir='ltr'><strong>dicamus,</strong></span> <span class='ocrx_word' id='word_1_456' title='bbox 1098 3202 1168 3242; x_wconf 92' lang='lat' dir='ltr'><strong>ne</strong></span> <span class='ocrx_word' id='word_1_457' title='bbox 1205 3188 1411 3258; x_wconf 85' lang='lat' dir='ltr'><strong>alioqui</strong></span> <span class='ocrx_word' id='word_1_458' title='bbox 1447 3204 1811 3258; x_wconf 86' lang='lat' dir='ltr'><strong>personarum</strong></span> <span class='ocrx_word' id='word_1_459' title='bbox 1852 3188 2156 3244; x_wconf 89' lang='lat' dir='ltr'><strong>discrimen</strong></span> <span class='ocrx_word' id='word_1_460' title='bbox 2187 3186 2600 3244; x_wconf 78' lang='lat' dir='ltr'><strong>confundamus</strong></span> <span class='ocrx_word' id='word_1_461' title='bbox 2646 3193 2703 3242; x_wconf 90' lang='lat' dir='ltr'><strong>et</strong></span> <span class='ocrx_word' id='word_1_462' title='bbox 2744 3200 2776 3242; x_wconf 91' lang='lat' dir='ltr'><strong>e</strong></span> <span class='ocrx_word' id='word_1_463' title='bbox 2849 3184 3035 3242; x_wconf 91' lang='lat' dir='ltr'><strong>medio</strong></span> <span class='ocrx_word' id='word_1_464' title='bbox 3083 3186 3363 3253; x_wconf 86' lang='lat' dir='ltr'><strong>tollamus,</strong></span> <span class='ocrx_word' id='word_1_465' title='bbox 3431 3187 3506 3248; x_wconf 75' lang='lat' dir='ltr'><strong>ita</strong></span> 
     </span>
    </p>
   </div>
   <div class='ocr_carea' id='block_1_64' title="bbox 234 3274 3497 3372">
    <p class='ocr_par' dir='ltr' id='par_1_64' title="bbox 234 3274 3497 3372">
     <span class='ocr_line' id='line_1_64' title="bbox 234 3274 3497 3372; baseline 0.001 -44"><span class='ocrx_word' id='word_1_466' title='bbox 234 3288 340 3330; x_wconf 87' lang='lat' dir='ltr'><strong>nec</strong></span> <span class='ocrx_word' id='word_1_467' title='bbox 384 3274 503 3331; x_wconf 81' lang='lat' dir='ltr'><strong>tleri</strong></span> <span class='ocrx_word' id='word_1_468' title='bbox 552 3283 756 3346; x_wconf 89' lang='lat' dir='ltr'><strong>potest,</strong></span> <span class='ocrx_word' id='word_1_469' title='bbox 792 3283 853 3332; x_wconf 92' lang='lat' dir='ltr'><strong>ut</strong></span> <span class='ocrx_word' id='word_1_470' title='bbox 902 3275 1043 3333; x_wconf 87' lang='lat' dir='ltr'><strong>duas</strong></span> <span class='ocrx_word' id='word_1_471' title='bbox 1092 3276 1304 3334; x_wconf 86' lang='lat' dir='ltr'><strong>Christi</strong></span> <span class='ocrx_word' id='word_1_472' title='bbox 1340 3286 1572 3335; x_wconf 80' lang='lat' dir='ltr'><strong>naturas</strong></span> <span class='ocrx_word' id='word_1_473' title='bbox 1644 3281 1954 3335; x_wconf 85' lang='lat' dir='ltr'><strong>secundum</strong></span> <span class='ocrx_word' id='word_1_474' title='bbox 1994 3280 2337 3349; x_wconf 83' lang='lat' dir='ltr'><strong>bypostasim</strong></span> <span class='ocrx_word' id='word_1_475' title='bbox 2421 3279 2607 3336; x_wconf 85' lang='lat' dir='ltr'><strong>unitas</strong></span> <span class='ocrx_word' id='word_1_476' title='bbox 2657 3292 2826 3334; x_wconf 87' lang='lat' dir='ltr'><strong>unam</strong></span> <span class='ocrx_word' id='word_1_477' title='bbox 2907 3283 3164 3333; x_wconf 86' lang='lat' dir='ltr'><strong>naturam</strong></span> <span class='ocrx_word' id='word_1_478' title='bbox 3228 3276 3497 3372; x_wconf 55' lang='lat' dir='ltr'><strong>dicamus.</strong></span> 
     </span>
    </p>
   </div>
   <div class='ocr_carea' id='block_1_65' title="bbox 230 3366 2632 3445">
    <p class='ocr_par' dir='ltr' id='par_1_65' title="bbox 230 3366 2632 3445">
     <span class='ocr_line' id='line_1_65' title="bbox 230 3366 2632 3445; baseline 0.002 -22"><span class='ocrx_word' id='word_1_479' title='bbox 230 3382 304 3423; x_wconf 88' lang='lat' dir='ltr'><strong>ne</strong></span> <span class='ocrx_word' id='word_1_480' title='bbox 330 3366 631 3425; x_wconf 86' lang='lat' dir='ltr'><strong>discrimen</strong></span> <span class='ocrx_word' id='word_1_481' title='bbox 661 3384 857 3425; x_wconf 88' lang='lat' dir='ltr'><strong>earum</strong></span> <span class='ocrx_word' id='word_1_482' title='bbox 887 3370 1149 3426; x_wconf 89' lang='lat' dir='ltr'><strong>tollamus</strong></span> <span class='ocrx_word' id='word_1_483' title='bbox 1182 3379 1237 3424; x_wconf 89' lang='lat' dir='ltr'><strong>et</strong></span> <span class='ocrx_word' id='word_1_484' title='bbox 1266 3371 1695 3440; x_wconf 80' lang='lat' dir='ltr'><strong>confundamus,</strong></span> <span class='ocrx_word' id='word_1_485' title='bbox 1732 3380 1896 3444; x_wconf 87' lang='lat' dir='ltr'><strong>atque</strong></span> <span class='ocrx_word' id='word_1_486' title='bbox 1926 3373 1994 3429; x_wconf 92' lang='lat' dir='ltr'><strong>ad</strong></span> <span class='ocrx_word' id='word_1_487' title='bbox 2026 3372 2259 3428; x_wconf 88' lang='lat' dir='ltr'><strong>nihilum</strong></span> <span class='ocrx_word' id='word_1_488' title='bbox 2292 3371 2632 3445; x_wconf 86' lang='lat' dir='ltr'><strong>redigamus.</strong></span> 
     </span>
    </p>
   </div>
   <div class='ocr_carea' id='block_1_66' title="bbox 764 3460 1284 3537">
    <p class='ocr_par' dir='ltr' id='par_1_66' title="bbox 764 3460 1284 3537">
     <span class='ocr_line' id='line_1_66' title="bbox 764 3460 1284 3537; baseline 0.006 -22"><span class='ocrx_word' id='word_1_489' title='bbox 764 3462 1016 3520; x_wconf 80' lang='grc' dir='ltr'><strong>ΚΕΦΔΛ.</strong></span> <span class='ocrx_word' id='word_1_490' title='bbox 1059 3465 1117 3532; x_wconf 76' lang='lat' dir='ltr'><strong>q</strong></span> <span class='ocrx_word' id='word_1_491' title='bbox 1150 3460 1284 3537; x_wconf 88' lang='lat' dir='ltr'><strong>[N&#39;.]</strong></span> 
     </span>
    </p>
   </div>
   <div class='ocr_carea' id='block_1_67' title="bbox 230 3550 1814 3624">
    <p class='ocr_par' dir='ltr' id='par_1_67' title="bbox 230 3550 1814 3624">
     <span class='ocr_line' id='line_1_67' title="bbox 230 3550 1814 3624; baseline 0.001 -14"><span class='ocrx_word' id='word_1_492' title='bbox 230 3554 365 3610; x_wconf 85' lang='grc' dir='ltr'>Ὅτι</span> <span class='ocrx_word' id='word_1_493' title='bbox 391 3550 560 3609; x_wconf 82' lang='grc' dir='ltr'>πᾶσα</span> <span class='ocrx_word' id='word_1_494' title='bbox 581 3553 619 3621; x_wconf 79' lang='grc' dir='ltr'><em>ὴ</em></span> <span class='ocrx_word' id='word_1_495' title='bbox 647 3554 774 3608; x_wconf 82' lang='grc' dir='ltr'>θεία</span> <span class='ocrx_word' id='word_1_496' title='bbox 790 3553 979 3624; x_wconf 67' lang='grc' dir='ltr'>φύσις</span> <span class='ocrx_word' id='word_1_497' title='bbox 992 3553 1065 3624; x_wconf 58' lang='grc' dir='ltr'>ἐν</span> <span class='ocrx_word' id='word_1_498' title='bbox 1080 3552 1189 3623; x_wconf 78' lang='grc' dir='ltr'>μιᾷ</span> <span class='ocrx_word' id='word_1_499' title='bbox 1205 3554 1322 3608; x_wconf 83' lang='grc' dir='ltr'>τῶν</span> <span class='ocrx_word' id='word_1_500' title='bbox 1335 3553 1529 3624; x_wconf 78' lang='grc' dir='ltr'>αὐτῆς</span> <span class='ocrx_word' id='word_1_501' title='bbox 1544 3557 1814 3611; x_wconf 78' lang='grc' dir='ltr'>ὑποστά-</span> 
     </span>
    </p>
   </div>
   <div class='ocr_carea' id='block_1_68' title="bbox 300 3622 1815 3695">
    <p class='ocr_par' dir='ltr' id='par_1_68' title="bbox 300 3622 1815 3695">
     <span class='ocr_line' id='line_1_68' title="bbox 300 3622 1815 3695; baseline 0.001 -16"><span class='ocrx_word' id='word_1_502' title='bbox 300 3639 471 3695; x_wconf 14' lang='grc' dir='ltr'>σεωνᾲ</span> <span class='ocrx_word' id='word_1_503' title='bbox 507 3624 707 3695; x_wconf 67' lang='grc' dir='ltr'><strong>ήνώᾷη</strong></span> <span class='ocrx_word' id='word_1_504' title='bbox 742 3623 911 3693; x_wconf 75' lang='grc' dir='ltr'><strong>πάσῃ</strong></span> <span class='ocrx_word' id='word_1_505' title='bbox 960 3622 1038 3695; x_wconf 77' lang='grc' dir='ltr'>τῇ</span> <span class='ocrx_word' id='word_1_506' title='bbox 1080 3622 1429 3694; x_wconf 74' lang='grc' dir='ltr'><strong>ἀνθρωπίνῃ</strong></span> <span class='ocrx_word' id='word_1_507' title='bbox 1478 3622 1687 3693; x_wconf 62' lang='grc' dir='ltr'>φύσει,</span> <span class='ocrx_word' id='word_1_508' title='bbox 1714 3628 1815 3681; x_wconf 75' lang='grc' dir='ltr'>καὶ</span> 
     </span>
    </p>
   </div>
   <div class='ocr_carea' id='block_1_69' title="bbox 298 3693 782 3763">
    <p class='ocr_par' dir='ltr' id='par_1_69' title="bbox 298 3693 782 3763">
     <span class='ocr_line' id='line_1_69' title="bbox 298 3693 782 3763; baseline -0.004 -13"><span class='ocrx_word' id='word_1_509' title='bbox 298 3695 374 3750; x_wconf 85' lang='grc' dir='ltr'>οὐ</span> <span class='ocrx_word' id='word_1_510' title='bbox 392 3693 576 3763; x_wconf 76' lang='grc' dir='ltr'>μέρος</span> <span class='ocrx_word' id='word_1_511' title='bbox 591 3693 782 3763; x_wconf 77' lang='grc' dir='ltr'>μέρει.</span> 
     </span>
    </p>
   </div>
   <div class='ocr_carea' id='block_1_70' title="bbox 299 3783 1817 3861">
    <p class='ocr_par' dir='ltr' id='par_1_70' title="bbox 299 3783 1817 3861">
     <span class='ocr_line' id='line_1_70' title="bbox 299 3783 1817 3861; baseline 0.005 -24"><span class='ocrx_word' id='word_1_512' title='bbox 299 3783 383 3838; x_wconf 81' lang='grc' dir='ltr'><strong>Τὰ</strong></span> <span class='ocrx_word' id='word_1_513' title='bbox 408 3784 563 3840; x_wconf 75' lang='grc' dir='ltr'>κοινὰ</span> <span class='ocrx_word' id='word_1_514' title='bbox 589 3786 685 3839; x_wconf 85' lang='grc' dir='ltr'>καὶ</span> <span class='ocrx_word' id='word_1_515' title='bbox 721 3784 989 3841; x_wconf 82' lang='grc' dir='ltr'>καθολικὰ</span> <span class='ocrx_word' id='word_1_516' title='bbox 1031 3785 1470 3861; x_wconf 81' lang='grc' dir='ltr'>κατηγοροῦνται</span> <span class='ocrx_word' id='word_1_517' title='bbox 1494 3787 1606 3842; x_wconf 87' lang='grc' dir='ltr'><strong>τῶν</strong></span> <span class='ocrx_word' id='word_1_518' title='bbox 1634 3788 1817 3853; x_wconf 78' lang='grc' dir='ltr'>αὐτοῖς</span> 
     </span>
    </p>
   </div>
   <div class='ocr_carea' id='block_1_71' title="bbox 226 3875 1816 3952">
    <p class='ocr_par' dir='ltr' id='par_1_71' title="bbox 226 3875 1816 3952">
     <span class='ocr_line' id='line_1_71' title="bbox 226 3875 1816 3952; baseline 0.002 -21"><span class='ocrx_word' id='word_1_519' title='bbox 226 3875 607 3948; x_wconf 83' lang='grc' dir='ltr'>ὑποκειμένων</span> <span class='ocrx_word' id='word_1_520' title='bbox 639 3876 905 3951; x_wconf 85' lang='grc' dir='ltr'>μερικῶν.</span> <span class='ocrx_word' id='word_1_521' title='bbox 962 3879 1161 3934; x_wconf 82' lang='grc' dir='ltr'>Κοινὸν</span> <span class='ocrx_word' id='word_1_522' title='bbox 1209 3878 1396 3934; x_wconf 80' lang='grc' dir='ltr'>τοίνυν</span> <span class='ocrx_word' id='word_1_523' title='bbox 1438 3880 1474 3952; x_wconf 79' lang='grc' dir='ltr'>ὴ</span> <span class='ocrx_word' id='word_1_524' title='bbox 1516 3879 1700 3946; x_wconf 81' lang='grc' dir='ltr'>οὐσία,</span> <span class='ocrx_word' id='word_1_525' title='bbox 1738 3883 1816 3947; x_wconf 86' lang='grc' dir='ltr'>ὼς</span> 
     </span>
    </p>
   </div>
   <div class='ocr_carea' id='block_1_72' title="bbox 222 3964 1813 4044">
    <p class='ocr_par' dir='ltr' id='par_1_72' title="bbox 222 3964 1813 4044">
     <span class='ocr_line' id='line_1_72' title="bbox 222 3964 1813 4044; baseline 0.003 -19"><span class='ocrx_word' id='word_1_526' title='bbox 222 3964 387 4034; x_wconf 49' lang='lat'><strong>830;,</strong></span> <span class='ocrx_word' id='word_1_527' title='bbox 422 3969 647 4042; x_wconf 83' lang='grc' dir='ltr'>μερικὸν</span> <span class='ocrx_word' id='word_1_528' title='bbox 666 3969 746 4038; x_wconf 75' lang='grc' dir='ltr'><strong>δὲ,</strong></span> <span class='ocrx_word' id='word_1_529' title='bbox 770 3970 805 4042; x_wconf 74' lang='grc' dir='ltr'>ἡ</span> <span class='ocrx_word' id='word_1_530' title='bbox 845 3970 1168 4036; x_wconf 78' lang='grc' dir='ltr'>ὑπόστασις.</span> <span class='ocrx_word' id='word_1_531' title='bbox 1204 3971 1448 4043; x_wconf 80' lang='grc' dir='ltr'>Μερικὺν</span> <span class='ocrx_word' id='word_1_532' title='bbox 1472 3971 1557 4037; x_wconf 79' lang='grc' dir='ltr'>δὲ,</span> <span class='ocrx_word' id='word_1_533' title='bbox 1592 3973 1693 4044; x_wconf 78' lang='grc' dir='ltr'><strong>οὐχ</strong></span> <span class='ocrx_word' id='word_1_534' title='bbox 1730 3974 1813 4029; x_wconf 82' lang='grc' dir='ltr'>ὅτι</span> 
     </span>
    </p>
   </div>
   <div class='ocr_carea' id='block_1_73' title="bbox 224 4059 1815 4136">
    <p class='ocr_par' dir='ltr' id='par_1_73' title="bbox 224 4059 1815 4136">
     <span class='ocr_line' id='line_1_73' title="bbox 224 4059 1815 4136; baseline 0.004 -22"><span class='ocrx_word' id='word_1_535' title='bbox 224 4062 396 4133; x_wconf 82' lang='grc' dir='ltr'>μέρος</span> <span class='ocrx_word' id='word_1_536' title='bbox 441 4062 543 4132; x_wconf 81' lang='grc' dir='ltr'>τῆς</span> <span class='ocrx_word' id='word_1_537' title='bbox 599 4059 819 4131; x_wconf 78' lang='grc' dir='ltr'>φύσεως</span> <span class='ocrx_word' id='word_1_538' title='bbox 877 4062 1015 4134; x_wconf 68' lang='grc' dir='ltr'>ἔχει,</span> <span class='ocrx_word' id='word_1_539' title='bbox 1069 4064 1242 4136; x_wconf 75' lang='grc' dir='ltr'>μέρος</span> <span class='ocrx_word' id='word_1_540' title='bbox 1285 4064 1341 4117; x_wconf 75' lang='grc' dir='ltr'>δὲ</span> <span class='ocrx_word' id='word_1_541' title='bbox 1371 4064 1471 4117; x_wconf 82' lang='grc' dir='ltr'><strong>οὐκ</strong></span> <span class='ocrx_word' id='word_1_542' title='bbox 1502 4064 1638 4135; x_wconf 78' lang='grc' dir='ltr'><strong>ἔχει,</strong></span> <span class='ocrx_word' id='word_1_543' title='bbox 1676 4064 1815 4120; x_wconf 82' lang='grc' dir='ltr'><strong>ἀλλὰ</strong></span> 
     </span>
    </p>
   </div>
   <div class='ocr_carea' id='block_1_74' title="bbox 223 4152 1816 4231">
    <p class='ocr_par' dir='ltr' id='par_1_74' title="bbox 223 4152 1816 4231">
     <span class='ocr_line' id='line_1_74' title="bbox 223 4152 1816 4231; baseline 0.005 -26"><span class='ocrx_word' id='word_1_544' title='bbox 223 4154 458 4225; x_wconf 84' lang='grc' dir='ltr'>μερικδν</span> <span class='ocrx_word' id='word_1_545' title='bbox 486 4152 565 4224; x_wconf 84' lang='grc' dir='ltr'>τῷ</span> <span class='ocrx_word' id='word_1_546' title='bbox 588 4153 829 4225; x_wconf 81' lang='grc' dir='ltr'>ἀριθμῷ,</span> <span class='ocrx_word' id='word_1_547' title='bbox 892 4155 968 4218; x_wconf 83' lang='grc' dir='ltr'>ὡς</span> <span class='ocrx_word' id='word_1_548' title='bbox 1003 4156 1245 4225; x_wconf 77' lang='grc' dir='ltr'>ἄτομον·</span> <span class='ocrx_word' id='word_1_549' title='bbox 1281 4155 1502 4229; x_wconf 83' lang='grc' dir='ltr'>ἀριθμῷ</span> <span class='ocrx_word' id='word_1_550' title='bbox 1535 4156 1667 4231; x_wconf 82' lang='grc' dir='ltr'>γὰρ,</span> <span class='ocrx_word' id='word_1_551' title='bbox 1720 4157 1816 4213; x_wconf 76' lang='grc' dir='ltr'><strong>καὶ</strong></span> 
     </span>
    </p>
   </div>
   <div class='ocr_carea' id='block_1_75' title="bbox 219 4244 1813 4316">
    <p class='ocr_par' dir='ltr' id='par_1_75' title="bbox 219 4244 1813 4316">
     <span class='ocr_line' id='line_1_75' title="bbox 219 4244 1813 4316; baseline 0.003 -17"><span class='ocrx_word' id='word_1_552' title='bbox 219 4246 285 4300; x_wconf 84' lang='grc' dir='ltr'><strong>οὐ</strong></span> <span class='ocrx_word' id='word_1_553' title='bbox 320 4244 485 4313; x_wconf 84' lang='grc' dir='ltr'>φύσει</span> <span class='ocrx_word' id='word_1_554' title='bbox 530 4245 810 4316; x_wconf 77' lang='grc' dir='ltr'>διαφέρειν</span> <span class='ocrx_word' id='word_1_555' title='bbox 860 4245 1110 4315; x_wconf 78' lang='grc' dir='ltr'>λέγονται</span> <span class='ocrx_word' id='word_1_556' title='bbox 1156 4249 1215 4302; x_wconf 77' lang='grc' dir='ltr'>αἱ</span> <span class='ocrx_word' id='word_1_557' title='bbox 1261 4248 1615 4314; x_wconf 84' lang='grc' dir='ltr'>ὑποστάσεις.</span> <span class='ocrx_word' id='word_1_558' title='bbox 1662 4250 1813 4305; x_wconf 84' lang='grc' dir='ltr'>Κατ-</span> 
     </span>
    </p>
   </div>
   <div class='ocr_carea' id='block_1_76' title="bbox 216 4337 1811 4415">
    <p class='ocr_par' dir='ltr' id='par_1_76' title="bbox 216 4337 1811 4415">
     <span class='ocr_line' id='line_1_76' title="bbox 216 4337 1811 4415; baseline 0.004 -25"><span class='ocrx_word' id='word_1_559' title='bbox 216 4337 583 4409; x_wconf 78' lang='grc' dir='ltr'>ηγορεῖταιδὲ</span> <span class='ocrx_word' id='word_1_560' title='bbox 611 4339 645 4408; x_wconf 80' lang='grc' dir='ltr'><strong>ἡ</strong></span> <span class='ocrx_word' id='word_1_561' title='bbox 669 4337 830 4392; x_wconf 77' lang='grc' dir='ltr'>οὐσία</span> <span class='ocrx_word' id='word_1_562' title='bbox 845 4338 946 4409; x_wconf 82' lang='grc' dir='ltr'><strong>τῆς</strong></span> <span class='ocrx_word' id='word_1_563' title='bbox 969 4338 1344 4406; x_wconf 80' lang='grc' dir='ltr'>ὑποστάσεως,</span> <span class='ocrx_word' id='word_1_564' title='bbox 1362 4340 1498 4394; x_wconf 87' lang='grc' dir='ltr'>διότι</span> <span class='ocrx_word' id='word_1_565' title='bbox 1515 4342 1573 4394; x_wconf 80' lang='grc' dir='ltr'>ἐν</span> <span class='ocrx_word' id='word_1_566' title='bbox 1602 4341 1811 4415; x_wconf 76' lang='grc' dir='ltr'>ἑκάστῃ</span> 
     </span>
    </p>
   </div>
   <div class='ocr_carea' id='block_1_77' title="bbox 214 4427 1805 4502">
    <p class='ocr_par' dir='ltr' id='par_1_77' title="bbox 214 4427 1805 4502">
     <span class='ocr_line' id='line_1_77' title="bbox 214 4427 1805 4502; baseline 0.004 -20"><span class='ocrx_word' id='word_1_567' title='bbox 214 4429 335 4483; x_wconf 83' lang='grc' dir='ltr'><strong>τῶν</strong></span> <span class='ocrx_word' id='word_1_568' title='bbox 380 4427 646 4499; x_wconf 82' lang='grc' dir='ltr'>ὁμοειδῶν</span> <span class='ocrx_word' id='word_1_569' title='bbox 706 4427 1058 4484; x_wconf 84' lang='grc' dir='ltr'>ὑποστάσεων</span> <span class='ocrx_word' id='word_1_570' title='bbox 1121 4429 1309 4484; x_wconf 84' lang='grc' dir='ltr'>τελεία</span> <span class='ocrx_word' id='word_1_571' title='bbox 1364 4432 1397 4502; x_wconf 82' lang='grc' dir='ltr'><strong>ἠ</strong></span> <span class='ocrx_word' id='word_1_572' title='bbox 1448 4432 1608 4487; x_wconf 80' lang='grc' dir='ltr'>οὐσία</span> <span class='ocrx_word' id='word_1_573' title='bbox 1667 4434 1805 4490; x_wconf 73' lang='grc' dir='ltr'>ἐστι.</span> 
     </span>
    </p>
   </div>
   <div class='ocr_carea' id='block_1_78' title="bbox 130 4507 1808 4590">
    <p class='ocr_par' dir='ltr' id='par_1_78' title="bbox 130 4507 1808 4590">
     <span class='ocr_line' id='line_1_78' title="bbox 130 4507 1808 4590; baseline 0.002 -15"><span class='ocrx_word' id='word_1_574' title='bbox 130 4511 143 4515; x_wconf 62' lang='grc'><strong>’</strong></span> <span class='ocrx_word' id='word_1_575' title='bbox 213 4520 311 4577; x_wconf 79' lang='grc' dir='ltr'><strong>Διὸ</strong></span> <span class='ocrx_word' id='word_1_576' title='bbox 346 4519 469 4575; x_wconf 82' lang='grc' dir='ltr'>οὐδὲ</span> <span class='ocrx_word' id='word_1_577' title='bbox 502 4519 854 4590; x_wconf 83' lang='grc' dir='ltr'>διαφέρουσιν</span> <span class='ocrx_word' id='word_1_578' title='bbox 904 4520 1154 4590; x_wconf 81' lang='grc' dir='ltr'>ἀλλήλων</span> <span class='ocrx_word' id='word_1_579' title='bbox 1210 4522 1266 4579; x_wconf 83' lang='lat' dir='ltr'><strong>ai</strong></span> <span class='ocrx_word' id='word_1_580' title='bbox 1321 4507 1655 4587; x_wconf 75' lang='grc' dir='ltr'>ὑποστάσεις</span> <span class='ocrx_word' id='word_1_581' title='bbox 1686 4524 1808 4579; x_wconf 85' lang='grc' dir='ltr'>κατ’</span> 
     </span>
    </p>
   </div>
   <div class='ocr_carea' id='block_1_79' title="bbox 213 4610 1811 4683">
    <p class='ocr_par' dir='ltr' id='par_1_79' title="bbox 213 4610 1811 4683">
     <span class='ocr_line' id='line_1_79' title="bbox 213 4610 1811 4683; baseline 0.002 -17"><span class='ocrx_word' id='word_1_582' title='bbox 213 4611 436 4676; x_wconf 80' lang='grc' dir='ltr'>οὐσίαν,</span> <span class='ocrx_word' id='word_1_583' title='bbox 471 4610 610 4665; x_wconf 74' lang='grc' dir='ltr'><strong>ἀλλὰ</strong></span> <span class='ocrx_word' id='word_1_584' title='bbox 638 4610 781 4665; x_wconf 75' lang='grc' dir='ltr'>κατὰ</span> <span class='ocrx_word' id='word_1_585' title='bbox 837 4610 907 4664; x_wconf 74' lang='grc' dir='ltr'>τὰ</span> <span class='ocrx_word' id='word_1_586' title='bbox 953 4610 1364 4683; x_wconf 84' lang='grc' dir='ltr'>συμϐεϐηκότα,</span> <span class='ocrx_word' id='word_1_587' title='bbox 1413 4612 1574 4667; x_wconf 71' lang='grc' dir='ltr'>ἅτινά</span> <span class='ocrx_word' id='word_1_588' title='bbox 1600 4615 1708 4667; x_wconf 73' lang='grc' dir='ltr'>εισι</span> <span class='ocrx_word' id='word_1_589' title='bbox 1740 4615 1811 4670; x_wconf 82' lang='grc' dir='ltr'>τὰ</span> 
     </span>
    </p>
   </div>
   <div class='ocr_carea' id='block_1_80' title="bbox 212 4700 1809 4777">
    <p class='ocr_par' dir='ltr' id='par_1_80' title="bbox 212 4700 1809 4777">
     <span class='ocr_line' id='line_1_80' title="bbox 212 4700 1809 4777; baseline 0.001 -20"><span class='ocrx_word' id='word_1_590' title='bbox 212 4701 710 4776; x_wconf 70' lang='grc' dir='ltr'>χαρακτηριστικὰ</span> <span class='ocrx_word' id='word_1_591' title='bbox 801 4700 1101 4772; x_wconf 71' lang='grc' dir='ltr'>ἰδιώματαο</span> <span class='ocrx_word' id='word_1_592' title='bbox 1197 4704 1680 4777; x_wconf 77' lang='grc' dir='ltr'>χαρακτηριστικὰ</span> <span class='ocrx_word' id='word_1_593' title='bbox 1751 4704 1809 4759; x_wconf 80' lang='grc' dir='ltr'>δὲ</span> 
     </span>
    </p>
   </div>
   <div class='ocr_carea' id='block_1_81' title="bbox 2567 3463 2847 3521">
    <p class='ocr_par' dir='ltr' id='par_1_81' title="bbox 2567 3463 2847 3521">
     <span class='ocr_line' id='line_1_81' title="bbox 2567 3463 2847 3521; baseline 0 0"><span class='ocrx_word' id='word_1_594' title='bbox 2567 3463 2725 3521; x_wconf 80' lang='lat' dir='ltr'><strong>CAP.</strong></span> <span class='ocrx_word' id='word_1_595' title='bbox 2757 3463 2847 3521; x_wconf 81' lang='lat' dir='ltr'><strong>Vl.</strong></span> 
     </span>
    </p>
   </div>
   <div class='ocr_carea' id='block_1_82' title="bbox 1921 3554 3501 3625">
    <p class='ocr_par' dir='ltr' id='par_1_82' title="bbox 1921 3554 3501 3625">
     <span class='ocr_line' id='line_1_82' title="bbox 1921 3554 3501 3625; baseline -0.002 -14"><span class='ocrx_word' id='word_1_596' title='bbox 1921 3554 2080 3624; x_wconf 84' lang='lat' dir='ltr'><strong>Quod</strong></span> <span class='ocrx_word' id='word_1_597' title='bbox 2111 3563 2224 3610; x_wconf 84' lang='lat' dir='ltr'><strong>tota</strong></span> <span class='ocrx_word' id='word_1_598' title='bbox 2253 3556 2436 3611; x_wconf 74' lang='lat' dir='ltr'><strong>diuina</strong></span> <span class='ocrx_word' id='word_1_599' title='bbox 2469 3565 2669 3611; x_wconf 80' lang='lat' dir='ltr'><strong>natura</strong></span> <span class='ocrx_word' id='word_1_600' title='bbox 2708 3556 2764 3611; x_wconf 83' lang='lat' dir='ltr'><strong>in</strong></span> <span class='ocrx_word' id='word_1_601' title='bbox 2816 3571 2926 3610; x_wconf 78' lang='lat' dir='ltr'><strong>una</strong></span> <span class='ocrx_word' id='word_1_602' title='bbox 2971 3571 3195 3610; x_wconf 78' lang='lat' dir='ltr'><strong>suarum</strong></span> <span class='ocrx_word' id='word_1_603' title='bbox 3247 3568 3501 3625; x_wconf 80' lang='lat' dir='ltr'><strong>persona-</strong></span> 
     </span>
    </p>
   </div>
   <div class='ocr_carea' id='block_1_83' title="bbox 1990 3626 3501 3710">
    <p class='ocr_par' dir='ltr' id='par_1_83' title="bbox 1990 3626 3501 3710">
     <span class='ocr_line' id='line_1_83' title="bbox 1990 3626 3501 3710; baseline -0.001 -29"><span class='ocrx_word' id='word_1_604' title='bbox 1990 3627 2238 3710; x_wconf 45' lang='grc' dir='ltr'><strong>γυνη,ιοιὶ</strong></span> <span class='ocrx_word' id='word_1_605' title='bbox 2264 3626 2512 3681; x_wconf 67' lang='lat' dir='ltr'><strong>humana:</strong></span> <span class='ocrx_word' id='word_1_606' title='bbox 2545 3636 2755 3683; x_wconf 63' lang='lat' dir='ltr'><strong>natura</strong></span> <span class='ocrx_word' id='word_1_607' title='bbox 2803 3627 2957 3681; x_wconf 81' lang='lat' dir='ltr'><strong>unita</strong></span> <span class='ocrx_word' id='word_1_608' title='bbox 3003 3628 3095 3695; x_wconf 78' lang='lat' dir='ltr'><strong>sit,</strong></span> <span class='ocrx_word' id='word_1_609' title='bbox 3132 3634 3182 3682; x_wconf 84' lang='lat' dir='ltr'><strong>et</strong></span> <span class='ocrx_word' id='word_1_610' title='bbox 3236 3639 3339 3679; x_wconf 83' lang='lat' dir='ltr'><strong>non</strong></span> <span class='ocrx_word' id='word_1_611' title='bbox 3378 3639 3501 3693; x_wconf 78' lang='lat' dir='ltr'><strong>pars</strong></span> 
     </span>
    </p>
   </div>
   <div class='ocr_carea' id='block_1_84' title="bbox 1988 3706 2155 3767">
    <p class='ocr_par' dir='ltr' id='par_1_84' title="bbox 1988 3706 2155 3767">
     <span class='ocr_line' id='line_1_84' title="bbox 1988 3706 2155 3767; baseline 0.006 -15"><span class='ocrx_word' id='word_1_612' title='bbox 1988 3706 2155 3767; x_wconf 75' lang='lat' dir='ltr'><strong>parti.</strong></span> 
     </span>
    </p>
   </div>
   <div class='ocr_carea' id='block_1_85' title="bbox 2004 3784 3501 3858">
    <p class='ocr_par' dir='ltr' id='par_1_85' title="bbox 2004 3784 3501 3858">
     <span class='ocr_line' id='line_1_85' title="bbox 2004 3784 3501 3858; baseline 0.001 -16"><span class='ocrx_word' id='word_1_613' title='bbox 2004 3788 2247 3844; x_wconf 79' lang='lat' dir='ltr'><strong>Essentt&#39;a</strong></span> <span class='ocrx_word' id='word_1_614' title='bbox 2265 3798 2315 3844; x_wconf 85' lang='lat' dir='ltr'><strong>et</strong></span> <span class='ocrx_word' id='word_1_615' title='bbox 2335 3798 2534 3843; x_wconf 78' lang='lat' dir='ltr'><strong>natura</strong></span> <span class='ocrx_word' id='word_1_616' title='bbox 2570 3787 2754 3843; x_wconf 84' lang='lat' dir='ltr'><strong>eadem</strong></span> <span class='ocrx_word' id='word_1_617' title='bbox 2776 3788 2830 3843; x_wconf 82' lang='lat' dir='ltr'><strong>in</strong></span> <span class='ocrx_word' id='word_1_618' title='bbox 2866 3788 3103 3858; x_wconf 69' lang='lat' dir='ltr'><strong>personis</strong></span> <span class='ocrx_word' id='word_1_619' title='bbox 3136 3784 3501 3851; x_wconf 58' lang='grc' dir='ltr'><strong>ωειλ-ραι)</strong></span> 
     </span>
    </p>
   </div>
   <div class='ocr_carea' id='block_1_86' title="bbox 1916 3877 3501 3950">
    <p class='ocr_par' dir='ltr' id='par_1_86' title="bbox 1916 3877 3501 3950">
     <span class='ocr_line' id='line_1_86' title="bbox 1916 3877 3501 3950; baseline -0.003 -13"><span class='ocrx_word' id='word_1_620' title='bbox 1916 3881 2232 3937; x_wconf 89' lang='lat' dir='ltr'><strong>communia</strong></span> <span class='ocrx_word' id='word_1_621' title='bbox 2265 3888 2321 3937; x_wconf 86' lang='lat' dir='ltr'><strong>et</strong></span> <span class='ocrx_word' id='word_1_622' title='bbox 2369 3881 2707 3939; x_wconf 86' lang='lat' dir='ltr'><strong>universalia</strong></span> <span class='ocrx_word' id='word_1_623' title='bbox 2756 3889 2907 3947; x_wconf 91' lang='lat' dir='ltr'><strong>sunt,</strong></span> <span class='ocrx_word' id='word_1_624' title='bbox 2953 3879 3024 3936; x_wconf 90' lang='lat' dir='ltr'><strong>de</strong></span> <span class='ocrx_word' id='word_1_625' title='bbox 3066 3877 3501 3950; x_wconf 87' lang='lat' dir='ltr'><strong>particularibus</strong></span> 
     </span>
    </p>
   </div>
   <div class='ocr_carea' id='block_1_87' title="bbox 1916 3969 3494 4045">
    <p class='ocr_par' dir='ltr' id='par_1_87' title="bbox 1916 3969 3494 4045">
     <span class='ocr_line' id='line_1_87' title="bbox 1916 3969 3494 4045; baseline -0.003 -15"><span class='ocrx_word' id='word_1_626' title='bbox 1916 3974 2025 4030; x_wconf 85' lang='lat' dir='ltr'><strong>sibi</strong></span> <span class='ocrx_word' id='word_1_627' title='bbox 2052 3973 2325 4044; x_wconf 87' lang='lat' dir='ltr'><strong>subjectis</strong></span> <span class='ocrx_word' id='word_1_628' title='bbox 2365 3974 2761 4045; x_wconf 67' lang='lat' dir='ltr'><strong>praedicantur.</strong></span> <span class='ocrx_word' id='word_1_629' title='bbox 2791 3971 3097 4028; x_wconf 89' lang='lat' dir='ltr'><strong>Commune</strong></span> <span class='ocrx_word' id='word_1_630' title='bbox 3124 3986 3292 4042; x_wconf 91' lang='lat' dir='ltr'><strong>porro</strong></span> <span class='ocrx_word' id='word_1_631' title='bbox 3316 3969 3494 4041; x_wconf 79' lang='lat' dir='ltr'><strong>quod-</strong></span> 
     </span>
    </p>
   </div>
   <div class='ocr_carea' id='block_1_88' title="bbox 1915 4065 3495 4138">
    <p class='ocr_par' dir='ltr' id='par_1_88' title="bbox 1915 4065 3495 4138">
     <span class='ocr_line' id='line_1_88' title="bbox 1915 4065 3495 4138; baseline -0.004 -16"><span class='ocrx_word' id='word_1_632' title='bbox 1915 4068 2041 4122; x_wconf 88' lang='lat' dir='ltr'><strong>dam</strong></span> <span class='ocrx_word' id='word_1_633' title='bbox 2076 4074 2166 4123; x_wconf 90' lang='lat' dir='ltr'><strong>est</strong></span> <span class='ocrx_word' id='word_1_634' title='bbox 2195 4068 2456 4135; x_wconf 88' lang='lat' dir='ltr'><strong>essentia,</strong></span> <span class='ocrx_word' id='word_1_635' title='bbox 2493 4074 2552 4122; x_wconf 91' lang='lat' dir='ltr'><strong>ut</strong></span> <span class='ocrx_word' id='word_1_636' title='bbox 2575 4067 2816 4138; x_wconf 89' lang='lat' dir='ltr'><strong>species;</strong></span> <span class='ocrx_word' id='word_1_637' title='bbox 2847 4065 3207 4137; x_wconf 87' lang='lat' dir='ltr'><strong>particulare,</strong></span> <span class='ocrx_word' id='word_1_638' title='bbox 3232 4077 3495 4135; x_wconf 85' lang='lat' dir='ltr'><strong>persona.</strong></span> 
     </span>
    </p>
   </div>
   <div class='ocr_carea' id='block_1_89' title="bbox 1915 4154 3494 4230">
    <p class='ocr_par' dir='ltr' id='par_1_89' title="bbox 1915 4154 3494 4230">
     <span class='ocr_line' id='line_1_89' title="bbox 1915 4154 3494 4230; baseline -0.005 -19"><span class='ocrx_word' id='word_1_639' title='bbox 1915 4156 2278 4223; x_wconf 88' lang='lat' dir='ltr'><strong>Particulare,</strong></span> <span class='ocrx_word' id='word_1_640' title='bbox 2340 4157 2587 4230; x_wconf 88' lang='lat' dir='ltr'><strong>inquam,</strong></span> <span class='ocrx_word' id='word_1_641' title='bbox 2651 4170 2767 4213; x_wconf 90' lang='lat' dir='ltr'><strong>non</strong></span> <span class='ocrx_word' id='word_1_642' title='bbox 2823 4154 2972 4227; x_wconf 90' lang='lat' dir='ltr'><strong>quod</strong></span> <span class='ocrx_word' id='word_1_643' title='bbox 3027 4162 3246 4209; x_wconf 78' lang='lat' dir='ltr'><strong>naturae</strong></span> <span class='ocrx_word' id='word_1_644' title='bbox 3281 4157 3494 4220; x_wconf 85' lang='lat' dir='ltr'><strong>partem</strong></span> 
     </span>
    </p>
   </div>
   <div class='ocr_carea' id='block_1_90' title="bbox 1915 4239 3493 4318">
    <p class='ocr_par' dir='ltr' id='par_1_90' title="bbox 1915 4239 3493 4318">
     <span class='ocr_line' id='line_1_90' title="bbox 1915 4239 3493 4318; baseline -0.007 -13"><span class='ocrx_word' id='word_1_645' title='bbox 1915 4246 2214 4318; x_wconf 86' lang='lat' dir='ltr'><strong>quamdam</strong></span> <span class='ocrx_word' id='word_1_646' title='bbox 2247 4248 2355 4307; x_wconf 86' lang='lat' dir='ltr'><strong>sibi</strong></span> <span class='ocrx_word' id='word_1_647' title='bbox 2404 4248 2669 4317; x_wconf 88' lang='lat' dir='ltr'><strong>vindicet,</strong></span> <span class='ocrx_word' id='word_1_648' title='bbox 2706 4247 2805 4304; x_wconf 89' lang='lat' dir='ltr'><strong>sed</strong></span> <span class='ocrx_word' id='word_1_649' title='bbox 2834 4245 2965 4317; x_wconf 89' lang='lat' dir='ltr'><strong>quia</strong></span> <span class='ocrx_word' id='word_1_650' title='bbox 2993 4256 3228 4300; x_wconf 90' lang='lat' dir='ltr'><strong>numero</strong></span> <span class='ocrx_word' id='word_1_651' title='bbox 3248 4239 3493 4312; x_wconf 85' lang='lat' dir='ltr'><strong>particu-</strong></span> 
     </span>
    </p>
   </div>
   <div class='ocr_carea' id='block_1_91' title="bbox 1916 4332 3492 4406">
    <p class='ocr_par' dir='ltr' id='par_1_91' title="bbox 1916 4332 3492 4406">
     <span class='ocr_line' id='line_1_91' title="bbox 1916 4332 3492 4406; baseline -0.003 -13"><span class='ocrx_word' id='word_1_652' title='bbox 1916 4339 2033 4393; x_wconf 80' lang='lat' dir='ltr'><strong>lare</strong></span> <span class='ocrx_word' id='word_1_653' title='bbox 2076 4347 2184 4406; x_wconf 88' lang='lat' dir='ltr'><strong>est,</strong></span> <span class='ocrx_word' id='word_1_654' title='bbox 2217 4349 2276 4395; x_wconf 93' lang='lat' dir='ltr'><strong>ut</strong></span> <span class='ocrx_word' id='word_1_655' title='bbox 2326 4338 2699 4395; x_wconf 87' lang='lat' dir='ltr'><strong>individuum.</strong></span> <span class='ocrx_word' id='word_1_656' title='bbox 2755 4337 3015 4392; x_wconf 72' lang='lat' dir='ltr'><strong>Personae</strong></span> <span class='ocrx_word' id='word_1_657' title='bbox 3062 4332 3339 4404; x_wconf 88' lang='lat' dir='ltr'><strong>siquidem</strong></span> <span class='ocrx_word' id='word_1_658' title='bbox 3382 4343 3492 4388; x_wconf 75' lang='lat' dir='ltr'><strong>non</strong></span> 
     </span>
    </p>
   </div>
   <div class='ocr_carea' id='block_1_92' title="bbox 1915 4423 3492 4496">
    <p class='ocr_par' dir='ltr' id='par_1_92' title="bbox 1915 4423 3492 4496">
     <span class='ocr_line' id='line_1_92' title="bbox 1915 4423 3492 4496; baseline -0.003 -11"><span class='ocrx_word' id='word_1_659' title='bbox 1915 4439 2135 4495; x_wconf 87' lang='lat' dir='ltr'><strong>natura,</strong></span> <span class='ocrx_word' id='word_1_660' title='bbox 2189 4431 2284 4487; x_wconf 90' lang='lat' dir='ltr'><strong>sed</strong></span> <span class='ocrx_word' id='word_1_661' title='bbox 2334 4445 2567 4486; x_wconf 87' lang='lat' dir='ltr'><strong>numero</strong></span> <span class='ocrx_word' id='word_1_662' title='bbox 2618 4429 2764 4484; x_wconf 89' lang='lat' dir='ltr'><strong>inter</strong></span> <span class='ocrx_word' id='word_1_663' title='bbox 2806 4443 2867 4484; x_wconf 89' lang='lat' dir='ltr'><strong>se</strong></span> <span class='ocrx_word' id='word_1_664' title='bbox 2906 4424 3173 4496; x_wconf 82' lang='lat' dir='ltr'><strong>distingui</strong></span> <span class='ocrx_word' id='word_1_665' title='bbox 3204 4423 3492 4480; x_wconf 89' lang='lat' dir='ltr'><strong>dicuntur.</strong></span> 
     </span>
    </p>
   </div>
   <div class='ocr_carea' id='block_1_93' title="bbox 1913 4514 3492 4592">
    <p class='ocr_par' dir='ltr' id='par_1_93' title="bbox 1913 4514 3492 4592">
     <span class='ocr_line' id='line_1_93' title="bbox 1913 4514 3492 4592; baseline -0.008 -11"><span class='ocrx_word' id='word_1_666' title='bbox 1913 4522 2258 4581; x_wconf 84' lang='lat' dir='ltr'><strong>Praedicatur</strong></span> <span class='ocrx_word' id='word_1_667' title='bbox 2296 4522 2485 4592; x_wconf 85' lang='lat' dir='ltr'><strong>itaque</strong></span> <span class='ocrx_word' id='word_1_668' title='bbox 2516 4520 2766 4578; x_wconf 82' lang='lat' dir='ltr'><strong>essentia</strong></span> <span class='ocrx_word' id='word_1_669' title='bbox 2800 4517 2870 4575; x_wconf 89' lang='lat' dir='ltr'><strong>de</strong></span> <span class='ocrx_word' id='word_1_670' title='bbox 2917 4531 3186 4588; x_wconf 90' lang='lat' dir='ltr'><strong>persona,</strong></span> <span class='ocrx_word' id='word_1_671' title='bbox 3229 4514 3492 4588; x_wconf 89' lang='lat' dir='ltr'><strong>quoniam</strong></span> 
     </span>
    </p>
   </div>
   <div class='ocr_carea' id='block_1_94' title="bbox 1915 4608 3497 4685">
    <p class='ocr_par' dir='ltr' id='par_1_94' title="bbox 1915 4608 3497 4685">
     <span class='ocr_line' id='line_1_94' title="bbox 1915 4608 3497 4685; baseline -0.003 -16"><span class='ocrx_word' id='word_1_672' title='bbox 1915 4615 1971 4669; x_wconf 91' lang='lat' dir='ltr'><strong>in</strong></span> <span class='ocrx_word' id='word_1_673' title='bbox 2009 4613 2250 4685; x_wconf 74' lang='lat' dir='ltr'><strong>singulis</strong></span> <span class='ocrx_word' id='word_1_674' title='bbox 2299 4612 2506 4684; x_wconf 87' lang='lat' dir='ltr'><strong>speciei</strong></span> <span class='ocrx_word' id='word_1_675' title='bbox 2551 4610 2801 4684; x_wconf 84' lang='lat' dir='ltr'><strong>ejusdem</strong></span> <span class='ocrx_word' id='word_1_676' title='bbox 2837 4609 3092 4682; x_wconf 87' lang='lat' dir='ltr'><strong>personis</strong></span> <span class='ocrx_word' id='word_1_677' title='bbox 3132 4608 3380 4680; x_wconf 85' lang='lat' dir='ltr'><strong>perfecta</strong></span> <span class='ocrx_word' id='word_1_678' title='bbox 3410 4617 3497 4665; x_wconf 83' lang='lat' dir='ltr'><strong>est</strong></span> 
     </span>
    </p>
   </div>
   <div class='ocr_carea' id='block_1_95' title="bbox 1914 4701 3496 4777">
    <p class='ocr_par' dir='ltr' id='par_1_95' title="bbox 1914 4701 3496 4777">
     <span class='ocr_line' id='line_1_95' title="bbox 1914 4701 3496 4777; baseline -0.002 -15"><span class='ocrx_word' id='word_1_679' title='bbox 1914 4705 2180 4762; x_wconf 87' lang='lat' dir='ltr'><strong>essentia.</strong></span> <span class='ocrx_word' id='word_1_680' title='bbox 2212 4704 2333 4775; x_wconf 80' lang='lat' dir='ltr'><strong>Quo</strong></span> <span class='ocrx_word' id='word_1_681' title='bbox 2368 4705 2431 4761; x_wconf 83' lang='lat' dir='ltr'><strong>ﬁt</strong></span> <span class='ocrx_word' id='word_1_682' title='bbox 2476 4711 2536 4759; x_wconf 93' lang='lat' dir='ltr'><strong>ut</strong></span> <span class='ocrx_word' id='word_1_683' title='bbox 2585 4718 2838 4777; x_wconf 77' lang='lat' dir='ltr'><strong>personae</strong></span> <span class='ocrx_word' id='word_1_684' title='bbox 2882 4702 3029 4759; x_wconf 86' lang='lat' dir='ltr'><strong>inter</strong></span> <span class='ocrx_word' id='word_1_685' title='bbox 3073 4717 3131 4757; x_wconf 87' lang='lat' dir='ltr'><strong>se</strong></span> <span class='ocrx_word' id='word_1_686' title='bbox 3176 4717 3289 4757; x_wconf 89' lang='lat' dir='ltr'><strong>non</strong></span> <span class='ocrx_word' id='word_1_687' title='bbox 3336 4701 3496 4759; x_wconf 66' lang='grc' dir='ltr'>δισθ-</span> 
     </span>
    </p>
   </div>
   <div class='ocr_carea' id='block_1_96' title="bbox 213 4793 1824 4883">
    <p class='ocr_par' dir='ltr' id='par_1_96' title="bbox 213 4793 1808 4866">
     <span class='ocr_line' id='line_1_96' title="bbox 213 4793 1808 4866; baseline 0.003 -19"><span class='ocrx_word' id='word_1_688' title='bbox 213 4796 597 4861; x_wconf 74' lang='grc' dir='ltr'>ὑποστάσεως,</span> <span class='ocrx_word' id='word_1_689' title='bbox 620 4793 714 4850; x_wconf 69' lang='grc' dir='ltr'><strong>καὶ</strong></span> <span class='ocrx_word' id='word_1_690' title='bbox 740 4794 802 4847; x_wconf 79' lang='grc' dir='ltr'><strong>οὑ</strong></span> <span class='ocrx_word' id='word_1_691' title='bbox 829 4793 1066 4863; x_wconf 82' lang='grc' dir='ltr'>φύσεως.</span> <span class='ocrx_word' id='word_1_692' title='bbox 1099 4795 1211 4850; x_wconf 73' lang='grc' dir='ltr'><strong>Καὶ</strong></span> <span class='ocrx_word' id='word_1_693' title='bbox 1235 4794 1346 4866; x_wconf 78' lang='grc' dir='ltr'><strong>γὰρ</strong></span> <span class='ocrx_word' id='word_1_694' title='bbox 1367 4794 1465 4866; x_wconf 81' lang='grc' dir='ltr'>τὴν</span> <span class='ocrx_word' id='word_1_695' title='bbox 1504 4795 1808 4852; x_wconf 85' lang='grc' dir='ltr'>ὑπόστασιν</span> 
     </span>
    </p>
   </div>
   <div class='ocr_carea' id='block_1_97' title="bbox 1927 4793 3498 4883">
    <p class='ocr_par' dir='ltr' id='par_1_97' title="bbox 1927 4793 3498 4867">
     <span class='ocr_line' id='line_1_97' title="bbox 1927 4793 3498 4867; baseline -0.003 -15"><span class='ocrx_word' id='word_1_696' title='bbox 1927 4806 2042 4852; x_wconf 76' lang='lat' dir='ltr'><strong>rant</strong></span> <span class='ocrx_word' id='word_1_697' title='bbox 2080 4799 2296 4855; x_wconf 88' lang='lat' dir='ltr'><strong>ratione</strong></span> <span class='ocrx_word' id='word_1_698' title='bbox 2333 4798 2613 4865; x_wconf 71' lang='lat' dir='ltr'><strong>essentize,</strong></span> <span class='ocrx_word' id='word_1_699' title='bbox 2646 4797 2744 4854; x_wconf 88' lang='lat' dir='ltr'><strong>sed</strong></span> <span class='ocrx_word' id='word_1_700' title='bbox 2787 4795 3188 4861; x_wconf 88' lang='lat' dir='ltr'><strong>accidentium,</strong></span> <span class='ocrx_word' id='word_1_701' title='bbox 3220 4808 3344 4867; x_wconf 61' lang='lat' dir='ltr'><strong>quas</strong></span> <span class='ocrx_word' id='word_1_702' title='bbox 3372 4793 3498 4864; x_wconf 83' lang='lat' dir='ltr'><strong>qui-</strong></span> 
     </span>
    </p>
   </div>
   <div class='ocr_carea' id='block_1_98' title="bbox 210 4884 1824 4965">
    <p class='ocr_par' dir='ltr' id='par_1_98' title="bbox 210 4884 1808 4956">
     <span class='ocr_line' id='line_1_98' title="bbox 210 4884 1808 4956; baseline 0.004 -21"><span class='ocrx_word' id='word_1_703' title='bbox 210 4884 517 4955; x_wconf 76' lang='grc' dir='ltr'>ὁρίζονται,</span> <span class='ocrx_word' id='word_1_704' title='bbox 577 4886 769 4940; x_wconf 77' lang='grc' dir='ltr'>οὐσίαν</span> <span class='ocrx_word' id='word_1_705' title='bbox 833 4885 974 4955; x_wconf 77' lang='grc' dir='ltr'>μετὰ</span> <span class='ocrx_word' id='word_1_706' title='bbox 1027 4886 1475 4956; x_wconf 84' lang='grc' dir='ltr'>συμϐεϐηκότων.</span> <span class='ocrx_word' id='word_1_707' title='bbox 1521 4886 1686 4943; x_wconf 78' lang='grc' dir='ltr'>Ὥστε</span> <span class='ocrx_word' id='word_1_708' title='bbox 1745 4886 1808 4942; x_wconf 81' lang='grc' dir='ltr'><strong>τὸ</strong></span> 
     </span>
    </p>
   </div>
   <div class='ocr_carea' id='block_1_99' title="bbox 1927 4884 3495 4965">
    <p class='ocr_par' dir='ltr' id='par_1_99' title="bbox 1927 4887 3495 4965">
     <span class='ocr_line' id='line_1_99' title="bbox 1927 4887 3495 4965; baseline -0.001 -21"><span class='ocrx_word' id='word_1_709' title='bbox 1927 4889 2038 4944; x_wconf 74' lang='lat' dir='ltr'><strong>lem</strong></span> <span class='ocrx_word' id='word_1_710' title='bbox 2076 4897 2210 4945; x_wconf 89' lang='lat' dir='ltr'><strong>sunt</strong></span> <span class='ocrx_word' id='word_1_711' title='bbox 2256 4891 2493 4961; x_wconf 76' lang='lat' dir='ltr'><strong>propriae</strong></span> <span class='ocrx_word' id='word_1_712' title='bbox 2539 4900 2594 4946; x_wconf 89' lang='lat' dir='ltr'><strong>et</strong></span> <span class='ocrx_word' id='word_1_713' title='bbox 2648 4898 2815 4946; x_wconf 71' lang='lat' dir='ltr'><strong>certae</strong></span> <span class='ocrx_word' id='word_1_714' title='bbox 2863 4890 3026 4965; x_wconf 64' lang='lat'><strong>213</strong></span> <span class='ocrx_word' id='word_1_715' title='bbox 3082 4897 3228 4944; x_wconf 85' lang='lat' dir='ltr'><strong>notae</strong></span> <span class='ocrx_word' id='word_1_716' title='bbox 3290 4887 3495 4958; x_wconf 80' lang='lat' dir='ltr'><strong>quibus</strong></span> 
     </span>
    </p>
   </div>
   <div class='ocr_carea' id='block_1_100' title="bbox 213 4973 1824 5055">
    <p class='ocr_par' dir='ltr' id='par_1_100' title="bbox 213 4973 1807 5051">
     <span class='ocr_line' id='line_1_100' title="bbox 213 4973 1807 5051; baseline 0.004 -25"><span class='ocrx_word' id='word_1_717' title='bbox 213 4976 406 5028; x_wconf 81' lang='grc' dir='ltr'>κοινὸν</span> <span class='ocrx_word' id='word_1_718' title='bbox 437 4979 578 5047; x_wconf 81' lang='grc' dir='ltr'><strong>μετὰ</strong></span> <span class='ocrx_word' id='word_1_719' title='bbox 603 4979 698 5035; x_wconf 85' lang='grc' dir='ltr'><strong>τοῦ</strong></span> <span class='ocrx_word' id='word_1_720' title='bbox 731 4978 1030 5045; x_wconf 75' lang='grc' dir='ltr'>ἱδιάζοντος</span> <span class='ocrx_word' id='word_1_721' title='bbox 1069 4979 1184 5050; x_wconf 76' lang='grc' dir='ltr'>ἔχει</span> <span class='ocrx_word' id='word_1_722' title='bbox 1219 4973 1600 5051; x_wconf 75' lang='grc' dir='ltr'>ήὺπόστασις,</span> <span class='ocrx_word' id='word_1_723' title='bbox 1635 4979 1807 5034; x_wconf 81' lang='grc' dir='ltr'>καὶτὸ</span> 
     </span>
    </p>
   </div>
   <div class='ocr_carea' id='block_1_101' title="bbox 1927 4973 3493 5055">
    <p class='ocr_par' dir='ltr' id='par_1_101' title="bbox 1927 4979 3493 5055">
     <span class='ocr_line' id='line_1_101' title="bbox 1927 4979 3493 5055; baseline -0.003 -17"><span class='ocrx_word' id='word_1_724' title='bbox 1927 4981 2194 5053; x_wconf 73' lang='lat' dir='ltr'><strong>sigillatur</strong></span> <span class='ocrx_word' id='word_1_725' title='bbox 2222 4983 2565 5054; x_wconf 88' lang='lat' dir='ltr'><strong>hypostasis,</strong></span> <span class='ocrx_word' id='word_1_726' title='bbox 2595 5000 2705 5040; x_wconf 92' lang='lat' dir='ltr'><strong>non</strong></span> <span class='ocrx_word' id='word_1_727' title='bbox 2738 4992 2961 5040; x_wconf 86' lang='lat' dir='ltr'><strong>natura.</strong></span> <span class='ocrx_word' id='word_1_728' title='bbox 2997 4981 3321 5055; x_wconf 81' lang='lat' dir='ltr'><strong>Hypostasis</strong></span> <span class='ocrx_word' id='word_1_729' title='bbox 3345 4979 3493 5036; x_wconf 85' lang='lat' dir='ltr'><strong>enim</strong></span> 
     </span>
    </p>
   </div>
   <div class='ocr_carea' id='block_1_102' title="bbox 287 5091 2302 5173">
    <p class='ocr_par' dir='ltr' id='par_1_102' title="bbox 287 5091 2302 5173">
     <span class='ocr_line' id='line_1_102' title="bbox 287 5091 2302 5173; baseline 0.004 -29"><span class='ocrx_word' id='word_1_730' title='bbox 287 5091 342 5126; x_wconf 65' lang='lat'><strong>5°</strong></span> <span class='ocrx_word' id='word_1_731' title='bbox 374 5091 507 5147; x_wconf 84' lang='lat' dir='ltr'><strong>lnt‘r.</strong></span> <span class='ocrx_word' id='word_1_732' title='bbox 540 5111 664 5168; x_wconf 77' lang='lat' dir='ltr'><strong>cap.</strong></span> <span class='ocrx_word' id='word_1_733' title='bbox 699 5098 762 5165; x_wconf 84' lang='lat'><strong>7;</strong></span> <span class='ocrx_word' id='word_1_734' title='bbox 794 5095 969 5173; x_wconf 69' lang='lat' dir='ltr'><strong>Basil.</strong></span> <span class='ocrx_word' id='word_1_735' title='bbox 993 5096 1161 5167; x_wconf 90' lang='lat' dir='ltr'><strong>epist.</strong></span> <span class='ocrx_word' id='word_1_736' title='bbox 1189 5096 1280 5161; x_wconf 69' lang='grc'><strong>65,</strong></span> <span class='ocrx_word' id='word_1_737' title='bbox 1330 5103 1388 5153; x_wconf 91' lang='lat' dir='ltr'><strong>et</strong></span> <span class='ocrx_word' id='word_1_738' title='bbox 1416 5097 1514 5154; x_wconf 87' lang='lat' dir='ltr'><strong>lib.</strong></span> <span class='ocrx_word' id='word_1_739' title='bbox 1543 5096 1619 5152; x_wconf 87' lang='lat' dir='ltr'><strong>De</strong></span> <span class='ocrx_word' id='word_1_740' title='bbox 1650 5096 1798 5168; x_wconf 83' lang='lat' dir='ltr'><strong>Spir.</strong></span> <span class='ocrx_word' id='word_1_741' title='bbox 1837 5107 2016 5155; x_wconf 73' lang='lat' dir='ltr'><strong>sanet.</strong></span> <span class='ocrx_word' id='word_1_742' title='bbox 2049 5114 2174 5171; x_wconf 83' lang='lat' dir='ltr'><strong>cap.</strong></span> <span class='ocrx_word' id='word_1_743' title='bbox 2211 5099 2302 5154; x_wconf 79' lang='lat' dir='ltr'><strong>i7.</strong></span> 
     </span>
    </p>
   </div>
   <div class='ocr_carea' id='block_1_103' title="bbox 299 5204 1109 5284">
    <p class='ocr_par' dir='ltr' id='par_1_103' title="bbox 299 5204 1109 5284">
     <span class='ocr_line' id='line_1_103' title="bbox 299 5204 1109 5284; baseline 0.011 -27"><span class='ocrx_word' id='word_1_744' title='bbox 299 5209 319 5245; x_wconf 83' lang='grc' dir='ltr'><strong>ῑ</strong></span> <span class='ocrx_word' id='word_1_745' title='bbox 382 5204 539 5279; x_wconf 69' lang='lat' dir='ltr'><strong>Edita</strong></span> <span class='ocrx_word' id='word_1_746' title='bbox 596 5212 712 5266; x_wconf 86' lang='lat' dir='ltr'><strong>sola</strong></span> <span class='ocrx_word' id='word_1_747' title='bbox 757 5213 1109 5284; x_wconf 72' lang='grc' dir='ltr'>ἐργάζεσθαι.</span> 
     </span>
    </p>
   </div>
   <div class='ocr_carea' id='block_1_104' title="bbox 1748 5285 1985 5351">
    <p class='ocr_par' dir='ltr' id='par_1_104' title="bbox 1748 5285 1985 5351">
     <span class='ocr_line' id='line_1_104' title="bbox 1748 5285 1985 5351; baseline 0.017 -4"><span class='ocrx_word' id='word_1_748' title='bbox 1748 5285 1966 5351; x_wconf 68' lang='grc' dir='ltr'><strong>ΝΟΤΙΕ</strong></span> <span class='ocrx_word' id='word_1_749' title='bbox 1980 5323 1985 5327; x_wconf 62' lang='grc' dir='ltr'>ε</span> 
     </span>
    </p>
   </div>
   <div class='ocr_carea' id='block_1_105' title="bbox 203 5368 1824 5503">
    <p class='ocr_par' dir='ltr' id='par_1_105' title="bbox 203 5368 1794 5503">
     <span class='ocr_line' id='line_1_105' title="bbox 203 5368 1794 5435; baseline 0.002 -8"><span class='ocrx_word' id='word_1_750' title='bbox 203 5371 324 5427; x_wconf 87' lang='lat' dir='ltr'><strong>etsi</strong></span> <span class='ocrx_word' id='word_1_751' title='bbox 388 5368 610 5424; x_wconf 85' lang='lat' dir='ltr'><strong>diversa</strong></span> <span class='ocrx_word' id='word_1_752' title='bbox 676 5386 826 5435; x_wconf 88' lang='lat' dir='ltr'><strong>sunt.</strong></span> <span class='ocrx_word' id='word_1_753' title='bbox 876 5393 967 5433; x_wconf 82' lang='lat' dir='ltr'><strong>res</strong></span> <span class='ocrx_word' id='word_1_754' title='bbox 1021 5394 1132 5434; x_wconf 89' lang='lat' dir='ltr'><strong>una</strong></span> <span class='ocrx_word' id='word_1_755' title='bbox 1192 5376 1571 5433; x_wconf 89' lang='lat' dir='ltr'><strong>constituatur</strong></span> <span class='ocrx_word' id='word_1_756' title='bbox 1616 5390 1630 5427; x_wconf 90' lang='lat'><strong>:</strong></span> <span class='ocrx_word' id='word_1_757' title='bbox 1668 5374 1794 5430; x_wconf 91' lang='lat' dir='ltr'><strong>ideo</strong></span> 
     </span>
     <span class='ocr_line' id='line_1_106' title="bbox 203 5441 1793 5503; baseline 0.001 -7"><span class='ocrx_word' id='word_1_758' title='bbox 203 5441 585 5503; x_wconf 80' lang='lat' dir='ltr'><strong>&#39;l‘hcologum,</strong></span> <span class='ocrx_word' id='word_1_759' title='bbox 612 5454 750 5498; x_wconf 80' lang='lat' dir='ltr'><strong>orat.</strong></span> <span class='ocrx_word' id='word_1_760' title='bbox 782 5446 851 5498; x_wconf 70' lang='lat'><strong>56</strong></span> <span class='ocrx_word' id='word_1_761' title='bbox 882 5448 958 5501; x_wconf 86' lang='lat' dir='ltr'><strong>De</strong></span> <span class='ocrx_word' id='word_1_762' title='bbox 983 5448 1184 5503; x_wconf 77' lang='lat' dir='ltr'><strong>Christi</strong></span> <span class='ocrx_word' id='word_1_763' title='bbox 1210 5449 1422 5503; x_wconf 79' lang='lat' dir='ltr'><strong>naturis</strong></span> <span class='ocrx_word' id='word_1_764' title='bbox 1439 5447 1648 5501; x_wconf 77' lang='lat' dir='ltr'><strong>dixisse</strong></span> <span class='ocrx_word' id='word_1_765' title='bbox 1674 5464 1689 5503; x_wconf 88' lang='lat'>:</span> <span class='ocrx_word' id='word_1_766' title='bbox 1719 5447 1793 5498; x_wconf 90' lang='grc' dir='ltr'><strong>Τὸ</strong></span> 
     </span>
    </p>
   </div>
   <div class='ocr_carea' id='block_1_106' title="bbox 1927 5368 3497 5503">
    <p class='ocr_par' dir='ltr' id='par_1_106' title="bbox 1927 5371 3497 5503">
     <span class='ocr_line' id='line_1_107' title="bbox 1927 5371 3497 5503; baseline -0.006 -72"><span class='ocrx_word' id='word_1_767' title='bbox 1927 5379 2144 5503; x_wconf 53' lang='grc' dir='ltr'>ὀενυνὲ</span> <span class='ocrx_word' id='word_1_768' title='bbox 2180 5379 2342 5448; x_wconf 84' lang='grc' dir='ltr'>φύσις</span> <span class='ocrx_word' id='word_1_769' title='bbox 2372 5379 2466 5434; x_wconf 87' lang='grc' dir='ltr'><strong>τοῦ</strong></span> <span class='ocrx_word' id='word_1_770' title='bbox 2489 5380 2750 5453; x_wconf 82' lang='grc' dir='ltr'>ἀριθμοῦ,</span> <span class='ocrx_word' id='word_1_771' title='bbox 2810 5380 2930 5434; x_wconf 82' lang='grc' dir='ltr'>καθ’</span> <span class='ocrx_word' id='word_1_772' title='bbox 2957 5376 3157 5445; x_wconf 73' lang='grc' dir='ltr'>ἑαυτὴν</span> <span class='ocrx_word' id='word_1_773' title='bbox 3195 5371 3319 5426; x_wconf 75' lang='grc' dir='ltr'>οὔτε</span> <span class='ocrx_word' id='word_1_774' title='bbox 3365 5389 3497 5453; x_wconf 71' lang='grc' dir='ltr'>συν-</span> 
     </span>
     <span class='ocr_line' id='line_1_108' title="bbox 1927 5450 3492 5503; baseline -0.004 0"><span class='ocrx_word' id='word_1_775' title='bbox 1927 5466 2111 5503; x_wconf 81' lang='grc' dir='ltr'>ιπτειο</span> <span class='ocrx_word' id='word_1_776' title='bbox 2150 5467 2207 5503; x_wconf 89' lang='grc' dir='ltr'><strong>τε</strong></span> <span class='ocrx_word' id='word_1_777' title='bbox 2233 5450 2454 5503; x_wconf 77' lang='grc' dir='ltr'>διαιρεῖ.</span> <span class='ocrx_word' id='word_1_778' title='bbox 2510 5451 2657 5503; x_wconf 82' lang='lat' dir='ltr'><strong>Nihil</strong></span> <span class='ocrx_word' id='word_1_779' title='bbox 2704 5452 2907 5503; x_wconf 84' lang='lat' dir='ltr'><strong>unione</strong></span> <span class='ocrx_word' id='word_1_780' title='bbox 2945 5458 3179 5502; x_wconf 88' lang='lat' dir='ltr'><strong>numero</strong></span> <span class='ocrx_word' id='word_1_781' title='bbox 3227 5457 3492 5503; x_wconf 80' lang='lat' dir='ltr'><strong>exprimi.</strong></span> 
     </span>
    </p>
   </div>
   <div class='ocr_carea' id='block_1_107' title="bbox 203 5441 1824 5523">
    <p class='ocr_par' dir='ltr' id='par_1_107' title="bbox 203 5441 1793 5523">
     <span class='ocr_line' id='line_1_109' title="bbox 203 5441 1793 5523; baseline 0.001 -27"><span class='ocrx_word' id='word_1_782' title='bbox 203 5441 585 5523; x_wconf 62' lang='lat' dir='ltr'><strong>&#39;l‘hcologum,</strong></span> <span class='ocrx_word' id='word_1_783' title='bbox 612 5454 750 5523; x_wconf 60' lang='lat' dir='ltr'><strong>orat.</strong></span> <span class='ocrx_word' id='word_1_784' title='bbox 782 5446 851 5523; x_wconf 48' lang='lat' dir='ltr'><strong>Si?</strong></span> <span class='ocrx_word' id='word_1_785' title='bbox 882 5448 1184 5523; x_wconf 56' lang='lat' dir='ltr'><strong>Bacuriin</strong></span> <span class='ocrx_word' id='word_1_786' title='bbox 1210 5449 1422 5523; x_wconf 60' lang='lat' dir='ltr'><strong>naturis</strong></span> <span class='ocrx_word' id='word_1_787' title='bbox 1439 5447 1648 5523; x_wconf 67' lang='lat' dir='ltr'><strong>dixisse</strong></span> <span class='ocrx_word' id='word_1_788' title='bbox 1674 5447 1793 5523; x_wconf 45' lang='lat' dir='ltr'><strong>grai</strong></span> 
     </span>
    </p>
   </div>
   <div class='ocr_carea' id='block_1_108' title="bbox 1927 5441 3492 5523">
    <p class='ocr_par' dir='ltr' id='par_1_108' title="bbox 1927 5441 3492 5523">
     <span class='ocr_line' id='line_1_110' title="bbox 1927 5441 3492 5523; baseline 0.007 -21"><span class='ocrx_word' id='word_1_789' title='bbox 1927 5441 2207 5523; x_wconf 73' lang='grc' dir='ltr'>ιπτειοῧτε</span> <span class='ocrx_word' id='word_1_790' title='bbox 2233 5441 2454 5523; x_wconf 69' lang='grc' dir='ltr'>διαιρεῖ.</span> <span class='ocrx_word' id='word_1_791' title='bbox 2510 5441 2657 5523; x_wconf 72' lang='lat' dir='ltr'><strong>Nihil</strong></span> <span class='ocrx_word' id='word_1_792' title='bbox 2704 5441 3179 5523; x_wconf 35' lang='lat' dir='ltr'><strong>q&#39;uippgntﬂpe&#39;l&#39;f)</strong></span> <span class='ocrx_word' id='word_1_793' title='bbox 3227 5441 3492 5514; x_wconf 67' lang='grc' dir='ltr'>οιρτίιηῑ.</span> 
     </span>
    </p>
   </div>
   <div class='ocr_carea' id='block_1_109' title="bbox 201 5509 1824 5590">
    <p class='ocr_par' dir='ltr' id='par_1_109' title="bbox 201 5509 1789 5590">
     <span class='ocr_line' id='line_1_111' title="bbox 201 5509 1789 5590; baseline 0.001 -23"><span class='ocrx_word' id='word_1_794' title='bbox 201 5509 637 5581; x_wconf 80' lang='grc' dir='ltr'>συναμφότερον</span> <span class='ocrx_word' id='word_1_795' title='bbox 686 5512 766 5590; x_wconf 68' lang='grc' dir='ltr'><strong>ιν,</strong></span> <span class='ocrx_word' id='word_1_796' title='bbox 798 5515 858 5566; x_wconf 83' lang='grc' dir='ltr'><strong>ού</strong></span> <span class='ocrx_word' id='word_1_797' title='bbox 913 5520 981 5587; x_wconf 75' lang='grc' dir='ltr'>τῇ</span> <span class='ocrx_word' id='word_1_798' title='bbox 1016 5520 1200 5588; x_wconf 83' lang='grc' dir='ltr'>φύσει,</span> <span class='ocrx_word' id='word_1_799' title='bbox 1251 5517 1412 5590; x_wconf 57' lang='lat' dir='ltr'><strong>aut</strong></span> <span class='ocrx_word' id='word_1_800' title='bbox 1445 5519 1512 5590; x_wconf 72' lang='grc' dir='ltr'>τῇ</span> <span class='ocrx_word' id='word_1_801' title='bbox 1561 5516 1789 5590; x_wconf 49' lang='grc' dir='ltr'>συνόδῳ,</span> 
     </span>
    </p>
   </div>
   <div class='ocr_carea' id='block_1_110' title="bbox 1927 5509 3492 5590">
    <p class='ocr_par' dir='ltr' id='par_1_110' title="bbox 1927 5509 3492 5590">
     <span class='ocr_line' id='line_1_112' title="bbox 1927 5509 3492 5590; baseline -0.001 -18"><span class='ocrx_word' id='word_1_802' title='bbox 1927 5521 2009 5575; x_wconf 72' lang='lat' dir='ltr'><strong>nisi</strong></span> <span class='ocrx_word' id='word_1_803' title='bbox 2071 5509 2433 5590; x_wconf 72' lang='lat' dir='ltr'><strong>quantitatem</strong></span> <span class='ocrx_word' id='word_1_804' title='bbox 2470 5539 2483 5574; x_wconf 93' lang='lat'>:</span> <span class='ocrx_word' id='word_1_805' title='bbox 2525 5522 2671 5576; x_wconf 87' lang='lat' dir='ltr'><strong>unde</strong></span> <span class='ocrx_word' id='word_1_806' title='bbox 2719 5509 3492 5590; x_wconf 44' lang='lat' dir='ltr'><strong>tres.Divinitatisupe&#39;ljsonai</strong></span> 
     </span>
    </p>
   </div>
   <div class='ocr_carea' id='block_1_111' title="bbox 198 5580 3481 5664">
    <p class='ocr_par' dir='ltr' id='par_1_111' title="bbox 198 5580 3481 5664">
     <span class='ocr_line' id='line_1_113' title="bbox 198 5580 3481 5664; baseline -0.004 -9"><span class='ocrx_word' id='word_1_807' title='bbox 198 5580 445 5664; x_wconf 58' lang='grc' dir='ltr'>μινρφιε</span> <span class='ocrx_word' id='word_1_808' title='bbox 475 5595 638 5662; x_wconf 65' lang='grc' dir='ltr'><strong>αιξιηῖτ</strong></span> <span class='ocrx_word' id='word_1_809' title='bbox 702 5581 785 5650; x_wconf 64' lang='grc' dir='ltr'><strong>βε,</strong></span> <span class='ocrx_word' id='word_1_810' title='bbox 839 5580 1196 5664; x_wconf 38' lang='lat' dir='ltr'><strong>&quot;Ofilium;</strong></span> <span class='ocrx_word' id='word_1_811' title='bbox 1215 5588 1307 5664; x_wconf 47' lang='lat' dir='ltr'><strong>sed</strong></span> <span class='ocrx_word' id='word_1_812' title='bbox 1331 5580 1577 5644; x_wconf 68' lang='grc' dir='ltr'>σοὶιὶόίιε.</span> <span class='ocrx_word' id='word_1_813' title='bbox 1614 5586 1676 5641; x_wconf 75' lang='lat' dir='ltr'><strong>[Il</strong></span> <span class='ocrx_word' id='word_1_814' title='bbox 1702 5580 1794 5641; x_wconf 62' lang='grc' dir='ltr'><strong>εὸέ·</strong></span> <span class='ocrx_word' id='word_1_815' title='bbox 1903 5592 2023 5664; x_wconf 82' lang='lat' dir='ltr'><strong>sine</strong></span> <span class='ocrx_word' id='word_1_816' title='bbox 2049 5580 2325 5664; x_wconf 79' lang='lat' dir='ltr'><strong>divisione</strong></span> <span class='ocrx_word' id='word_1_817' title='bbox 2388 5599 2770 5664; x_wconf 69' lang='lat' dir='ltr'><strong>timuerautur.</strong></span> <span class='ocrx_word' id='word_1_818' title='bbox 2804 5588 2883 5643; x_wconf 87' lang='lat' dir='ltr'><strong>Ita</strong></span> <span class='ocrx_word' id='word_1_819' title='bbox 2915 5599 3134 5658; x_wconf 86' lang='lat' dir='ltr'><strong>quoque</strong></span> <span class='ocrx_word' id='word_1_820' title='bbox 3189 5580 3481 5664; x_wconf 64' lang='lat' dir='ltr'><strong>Maximus,</strong></span> 
     </span>
    </p>
   </div>
   <div class='ocr_carea' id='block_1_112' title="bbox 196 5655 2635 5732">
    <p class='ocr_par' dir='ltr' id='par_1_112' title="bbox 196 5655 2635 5732">
     <span class='ocr_line' id='line_1_114' title="bbox 196 5655 2635 5732; baseline 0.002 -23"><span class='ocrx_word' id='word_1_821' title='bbox 196 5655 433 5732; x_wconf 79' lang='lat' dir='ltr'><strong>l_t_ttione</strong></span> <span class='ocrx_word' id='word_1_822' title='bbox 464 5655 622 5720; x_wconf 88' lang='lat' dir='ltr'><strong>primi</strong></span> <span class='ocrx_word' id='word_1_823' title='bbox 651 5656 958 5732; x_wconf 79' lang='lat' dir='ltr'><strong>argumenti</strong></span> <span class='ocrx_word' id='word_1_824' title='bbox 995 5655 1207 5732; x_wconf 79' lang='lat' dir='ltr'><strong>Severi,</strong></span> <span class='ocrx_word' id='word_1_825' title='bbox 1269 5661 1431 5732; x_wconf 63' lang='lat' dir='ltr'><strong>hanc</strong></span> <span class='ocrx_word' id='word_1_826' title='bbox 1452 5672 1577 5732; x_wconf 76' lang='lat' dir='ltr'><strong>esse</strong></span> <span class='ocrx_word' id='word_1_827' title='bbox 1610 5665 1798 5732; x_wconf 54' lang='lat' dir='ltr'><strong>esten.</strong></span> <span class='ocrx_word' id='word_1_828' title='bbox 1903 5662 2068 5732; x_wconf 86' lang='lat' dir='ltr'><strong>epist.</strong></span> <span class='ocrx_word' id='word_1_829' title='bbox 2105 5663 2128 5718; x_wconf 86' lang='grc'><strong>1</strong></span> <span class='ocrx_word' id='word_1_830' title='bbox 2159 5662 2227 5717; x_wconf 76' lang='lat' dir='ltr'><strong>ad</strong></span> <span class='ocrx_word' id='word_1_831' title='bbox 2254 5660 2414 5718; x_wconf 80' lang='lat' dir='ltr'><strong>Joan.</strong></span> <span class='ocrx_word' id='word_1_832' title='bbox 2440 5661 2635 5718; x_wconf 88' lang='lat' dir='ltr'><strong>Cubic.</strong></span> 
     </span>
    </p>
   </div>
   <div class='ocr_carea' id='block_1_113' title="bbox 195 5721 1795 5803">
    <p class='ocr_par' dir='ltr' id='par_1_113' title="bbox 195 5721 1795 5803">
     <span class='ocr_line' id='line_1_115' title="bbox 195 5721 1795 5803; baseline 0.002 -22"><span class='ocrx_word' id='word_1_833' title='bbox 195 5724 293 5782; x_wconf 87' lang='lat' dir='ltr'><strong>dit</strong></span> <span class='ocrx_word' id='word_1_834' title='bbox 328 5732 588 5779; x_wconf 87' lang='lat' dir='ltr'><strong>naturam</strong></span> <span class='ocrx_word' id='word_1_835' title='bbox 608 5721 843 5783; x_wconf 80' lang='lat' dir='ltr'><strong>numeri,</strong></span> <span class='ocrx_word' id='word_1_836' title='bbox 862 5734 919 5778; x_wconf 88' lang='lat' dir='ltr'><strong>ut</strong></span> <span class='ocrx_word' id='word_1_837' title='bbox 938 5739 1038 5780; x_wconf 91' lang='lat' dir='ltr'><strong>nec</strong></span> <span class='ocrx_word' id='word_1_838' title='bbox 1062 5721 1239 5793; x_wconf 82' lang='lat' dir='ltr'><strong>uniat,</strong></span> <span class='ocrx_word' id='word_1_839' title='bbox 1266 5744 1368 5787; x_wconf 89' lang='lat' dir='ltr'><strong>nec</strong></span> <span class='ocrx_word' id='word_1_840' title='bbox 1382 5727 1590 5784; x_wconf 88' lang='lat' dir='ltr'><strong>dividat</strong></span> <span class='ocrx_word' id='word_1_841' title='bbox 1611 5745 1626 5785; x_wconf 89' lang='lat'><strong>:</strong></span> <span class='ocrx_word' id='word_1_842' title='bbox 1645 5725 1795 5803; x_wconf 74' lang='grc' dir='ltr'>Αὕτη</span> 
     </span>
    </p>
   </div>
   <div class='ocr_carea' id='block_1_114' title="bbox 480 5806 3173 5921">
    <p class='ocr_par' dir='ltr' id='par_1_114' title="bbox 480 5806 3173 5921">
     <span class='ocr_line' id='line_1_116' title="bbox 480 5806 3173 5921; baseline -0.004 -38"><span class='ocrx_word' id='word_1_843' title='bbox 480 5816 795 5915; x_wconf 49' lang='lat' dir='ltr'><strong>larunt.</strong></span> <span class='ocrx_word' id='word_1_844' title='bbox 848 5817 970 5883; x_wconf 80' lang='lat' dir='ltr'><strong>Gn.</strong></span> <span class='ocrx_word' id='word_1_845' title='bbox 1014 5819 1214 5889; x_wconf 78' lang='lat' dir='ltr'><strong>XCIV.</strong></span> <span class='ocrx_word' id='word_1_846' title='bbox 1340 5918 1376 5921; x_wconf 3' lang='lat' dir='ltr'><strong>fg</strong></span> <span class='ocrx_word' id='word_1_847' title='bbox 2368 5912 2385 5917; x_wconf 26' lang='lat' dir='ltr'><strong>ﬂ</strong></span> <span class='ocrx_word' id='word_1_848' title='bbox 3097 5806 3173 5874; x_wconf 79' lang='lat'><strong>32</strong></span> 
     </span>
    </p>
   </div>
  </div>
