  <div class='ocr_page' id='page_1' title='image "/cluster/home/n/w/nwhite01/storage/ocr_20150623/94/mdp.39015008918610/510.png"; bbox 0 0 3996 6166; ppageno 0'>
   <div class='ocr_carea' id='block_1_1' title="bbox 244 331 377 396">
    <p class='ocr_par' dir='ltr' id='par_1_1' title="bbox 244 331 377 396">
     <span class='ocr_line' id='line_1_1' title="bbox 244 331 377 396; baseline -0.015 0"><span class='ocrx_word' id='word_1_1' title='bbox 244 331 377 396; x_wconf 83' lang='grc'><strong>1005</strong></span> 
     </span>
    </p>
   </div>
   <div class='ocr_carea' id='block_1_2' title="bbox 1289 323 2427 388">
    <p class='ocr_par' dir='ltr' id='par_1_2' title="bbox 1289 323 2427 388">
     <span class='ocr_line' id='line_1_2' title="bbox 1289 323 2427 388; baseline -0.004 -2"><span class='ocrx_word' id='word_1_2' title='bbox 1289 327 1387 386; x_wconf 91' lang='lat' dir='ltr'><strong>DE</strong></span> <span class='ocrx_word' id='word_1_3' title='bbox 1419 327 1598 388; x_wconf 91' lang='lat' dir='ltr'><strong>FIDE</strong></span> <span class='ocrx_word' id='word_1_4' title='bbox 1635 324 2099 387; x_wconf 83' lang='lat' dir='ltr'><strong>ORTHODOXA</strong></span> <span class='ocrx_word' id='word_1_5' title='bbox 2130 323 2276 382; x_wconf 89' lang='lat' dir='ltr'><strong>LIB.</strong></span> <span class='ocrx_word' id='word_1_6' title='bbox 2311 323 2427 382; x_wconf 88' lang='grc' dir='ltr'><strong>ΙΙΙ.</strong></span> 
     </span>
    </p>
   </div>
   <div class='ocr_carea' id='block_1_3' title="bbox 3335 314 3472 380">
    <p class='ocr_par' dir='ltr' id='par_1_3' title="bbox 3335 314 3472 380">
     <span class='ocr_line' id='line_1_3' title="bbox 3335 314 3472 380; baseline 0.029 -4"><span class='ocrx_word' id='word_1_7' title='bbox 3335 314 3472 380; x_wconf 82' lang='grc'><strong>1006</strong></span> 
     </span>
    </p>
   </div>
   <div class='ocr_carea' id='block_1_4' title="bbox 242 429 1806 506">
    <p class='ocr_par' dir='ltr' id='par_1_4' title="bbox 242 433 1803 506">
     <span class='ocr_line' id='line_1_4' title="bbox 242 433 1803 506; baseline -0.003 -14"><span class='ocrx_word' id='word_1_8' title='bbox 242 438 376 503; x_wconf 80' lang='grc' dir='ltr'>κῶς,</span> <span class='ocrx_word' id='word_1_9' title='bbox 409 436 710 501; x_wconf 83' lang='grc' dir='ltr'><strong>τουτέστιν,</strong></span> <span class='ocrx_word' id='word_1_10' title='bbox 741 435 796 489; x_wconf 81' lang='grc' dir='ltr'>ὲν</span> <span class='ocrx_word' id='word_1_11' title='bbox 835 438 902 506; x_wconf 82' lang='grc' dir='ltr'>τῇ</span> <span class='ocrx_word' id='word_1_12' title='bbox 960 433 1123 504; x_wconf 75' lang='grc' dir='ltr'>σαρκὶ</span> <span class='ocrx_word' id='word_1_13' title='bbox 1168 433 1364 486; x_wconf 83' lang='grc' dir='ltr'>αὑτοῦ·</span> <span class='ocrx_word' id='word_1_14' title='bbox 1399 436 1493 488; x_wconf 78' lang='grc' dir='ltr'><strong>καὶ</strong></span> <span class='ocrx_word' id='word_1_15' title='bbox 1547 438 1575 488; x_wconf 98' lang='lat'><strong>6</strong></span> <span class='ocrx_word' id='word_1_16' title='bbox 1615 434 1803 488; x_wconf 77' lang='grc' dir='ltr'>τούτου</span> 
     </span>
    </p>
   </div>
   <div class='ocr_carea' id='block_1_5' title="bbox 1913 429 3471 506">
    <p class='ocr_par' dir='ltr' id='par_1_5' title="bbox 1913 429 3471 496">
     <span class='ocr_line' id='line_1_5' title="bbox 1913 429 3471 496; baseline -0.004 -8"><span class='ocrx_word' id='word_1_17' title='bbox 1913 447 2068 488; x_wconf 88' lang='lat' dir='ltr'><strong>mana</strong></span> <span class='ocrx_word' id='word_1_18' title='bbox 2103 432 2312 486; x_wconf 90' lang='lat' dir='ltr'><strong>unitam</strong></span> <span class='ocrx_word' id='word_1_19' title='bbox 2356 431 2529 486; x_wconf 82' lang='lat' dir='ltr'><strong>fuisse</strong></span> <span class='ocrx_word' id='word_1_20' title='bbox 2577 429 2835 490; x_wconf 88' lang='lat' dir='ltr'><strong>dicimus,</strong></span> <span class='ocrx_word' id='word_1_21' title='bbox 2867 441 2933 481; x_wconf 90' lang='lat' dir='ltr'><strong>ac</strong></span> <span class='ocrx_word' id='word_1_22' title='bbox 2963 440 3073 480; x_wconf 91' lang='lat' dir='ltr'><strong>non</strong></span> <span class='ocrx_word' id='word_1_23' title='bbox 3105 433 3315 496; x_wconf 83' lang='lat' dir='ltr'><strong>partem</strong></span> <span class='ocrx_word' id='word_1_24' title='bbox 3347 442 3471 482; x_wconf 89' lang='lat' dir='ltr'><strong>cum</strong></span> 
     </span>
    </p>
   </div>
   <div class='ocr_carea' id='block_1_6' title="bbox 245 524 1803 598">
    <p class='ocr_par' dir='ltr' id='par_1_6' title="bbox 245 524 1803 598">
     <span class='ocr_line' id='line_1_6' title="bbox 245 524 1803 598; baseline -0.002 -17"><span class='ocrx_word' id='word_1_25' title='bbox 245 527 504 598; x_wconf 82' lang='grc' dir='ltr'>φοιτητὴς</span> <span class='ocrx_word' id='word_1_26' title='bbox 527 529 554 579; x_wconf 88' lang='grc' dir='ltr'>ὁ</span> <span class='ocrx_word' id='word_1_27' title='bbox 581 527 857 597; x_wconf 79' lang='grc' dir='ltr'>θεοφόρος,</span> <span class='ocrx_word' id='word_1_28' title='bbox 895 525 989 578; x_wconf 76' lang='grc' dir='ltr'>καὶ</span> <span class='ocrx_word' id='word_1_29' title='bbox 1033 525 1102 578; x_wconf 82' lang='grc' dir='ltr'>τὰ</span> <span class='ocrx_word' id='word_1_30' title='bbox 1131 525 1252 578; x_wconf 86' lang='grc' dir='ltr'>θεῖα</span> <span class='ocrx_word' id='word_1_31' title='bbox 1291 524 1459 589; x_wconf 82' lang='grc' dir='ltr'>πολὺς</span> <span class='ocrx_word' id='word_1_32' title='bbox 1505 526 1803 591; x_wconf 82' lang='grc' dir='ltr'>Διονύσιος,</span> 
     </span>
    </p>
   </div>
   <div class='ocr_carea' id='block_1_7' title="bbox 241 614 1809 688">
    <p class='ocr_par' dir='ltr' id='par_1_7' title="bbox 241 614 1809 688">
     <span class='ocr_line' id='line_1_7' title="bbox 241 614 1809 688; baseline -0.001 -17"><span class='ocrx_word' id='word_1_33' title='bbox 241 619 316 672; x_wconf 83' lang='grc' dir='ltr'>ὅτι</span> <span class='ocrx_word' id='word_1_34' title='bbox 365 617 561 681; x_wconf 78' lang='grc' dir='ltr'><strong>ὑλικῶς</strong></span> <span class='ocrx_word' id='word_1_35' title='bbox 614 618 746 688; x_wconf 83' lang='grc' dir='ltr'>ἡμῖν</span> <span class='ocrx_word' id='word_1_36' title='bbox 805 617 864 670; x_wconf 73' lang='grc' dir='ltr'>ὲν</span> <span class='ocrx_word' id='word_1_37' title='bbox 915 617 1015 686; x_wconf 77' lang='grc' dir='ltr'>μιᾷ</span> <span class='ocrx_word' id='word_1_38' title='bbox 1059 614 1169 668; x_wconf 90' lang='grc' dir='ltr'><strong>τῶν</strong></span> <span class='ocrx_word' id='word_1_39' title='bbox 1207 616 1404 686; x_wconf 82' lang='grc' dir='ltr'>ἑαυτῆς</span> <span class='ocrx_word' id='word_1_40' title='bbox 1450 615 1809 686; x_wconf 76' lang='grc' dir='ltr'><strong>ἐκοινώνησεν</strong></span> 
     </span>
    </p>
   </div>
   <div class='ocr_carea' id='block_1_8' title="bbox 243 704 1805 776">
    <p class='ocr_par' dir='ltr' id='par_1_8' title="bbox 243 704 1805 776">
     <span class='ocr_line' id='line_1_8' title="bbox 243 704 1805 776; baseline 0 -18"><span class='ocrx_word' id='word_1_41' title='bbox 243 706 610 760; x_wconf 85' lang='grc' dir='ltr'>ὑποστάσεων.</span> <span class='ocrx_word' id='word_1_42' title='bbox 663 705 738 759; x_wconf 83' lang='grc' dir='ltr'><strong>Οὐ</strong></span> <span class='ocrx_word' id='word_1_43' title='bbox 775 705 874 775; x_wconf 84' lang='grc' dir='ltr'><strong>μὲν</strong></span> <span class='ocrx_word' id='word_1_44' title='bbox 901 705 958 758; x_wconf 82' lang='grc' dir='ltr'>δὲ</span> <span class='ocrx_word' id='word_1_45' title='bbox 1011 705 1192 772; x_wconf 81' lang='grc' dir='ltr'>λέγειν</span> <span class='ocrx_word' id='word_1_46' title='bbox 1250 704 1805 776; x_wconf 72' lang='grc' dir='ltr'><strong>ἀναγκασθησόμεθα,</strong></span> 
     </span>
    </p>
   </div>
   <div class='ocr_carea' id='block_1_9' title="bbox 243 794 1808 866">
    <p class='ocr_par' dir='ltr' id='par_1_9' title="bbox 243 794 1808 866">
     <span class='ocr_line' id='line_1_9' title="bbox 243 794 1808 866; baseline -0.001 -15"><span class='ocrx_word' id='word_1_47' title='bbox 243 798 418 861; x_wconf 84' lang='grc' dir='ltr'>πάσας</span> <span class='ocrx_word' id='word_1_48' title='bbox 445 796 546 859; x_wconf 75' lang='grc' dir='ltr'>τὰς</span> <span class='ocrx_word' id='word_1_49' title='bbox 577 796 906 859; x_wconf 83' lang='grc' dir='ltr'><strong>ὑποστάσεις</strong></span> <span class='ocrx_word' id='word_1_50' title='bbox 938 795 1040 866; x_wconf 81' lang='grc' dir='ltr'><strong>τῆς</strong></span> <span class='ocrx_word' id='word_1_51' title='bbox 1061 794 1222 863; x_wconf 82' lang='grc' dir='ltr'>ἁγίας</span> <span class='ocrx_word' id='word_1_52' title='bbox 1253 795 1538 866; x_wconf 86' lang='grc' dir='ltr'>Θεότητος,</span> <span class='ocrx_word' id='word_1_53' title='bbox 1565 796 1683 866; x_wconf 71' lang='grc' dir='ltr'>ἦτοι</span> <span class='ocrx_word' id='word_1_54' title='bbox 1711 795 1808 859; x_wconf 86' lang='grc' dir='ltr'><strong>τὰς</strong></span> 
     </span>
    </p>
   </div>
   <div class='ocr_carea' id='block_1_10' title="bbox 242 885 1807 960">
    <p class='ocr_par' dir='ltr' id='par_1_10' title="bbox 242 885 1807 960">
     <span class='ocr_line' id='line_1_10' title="bbox 242 885 1807 960; baseline -0.002 -19"><span class='ocrx_word' id='word_1_55' title='bbox 242 891 386 960; x_wconf 84' lang='grc' dir='ltr'>τρεῖς</span> <span class='ocrx_word' id='word_1_56' title='bbox 443 887 648 950; x_wconf 84' lang='grc' dir='ltr'>πάσαις</span> <span class='ocrx_word' id='word_1_57' title='bbox 696 888 817 950; x_wconf 86' lang='grc' dir='ltr'>ταῖς</span> <span class='ocrx_word' id='word_1_58' title='bbox 857 886 1277 958; x_wconf 81' lang='grc' dir='ltr'>ἀνθρωπότητος</span> <span class='ocrx_word' id='word_1_59' title='bbox 1324 887 1658 940; x_wconf 83' lang='grc' dir='ltr'>ὑποστάσεσι</span> <span class='ocrx_word' id='word_1_60' title='bbox 1685 885 1807 939; x_wconf 85' lang='grc' dir='ltr'>καθ’</span> 
     </span>
    </p>
   </div>
   <div class='ocr_carea' id='block_1_11' title="bbox 244 975 1810 1047">
    <p class='ocr_par' dir='ltr' id='par_1_11' title="bbox 244 975 1810 1047">
     <span class='ocr_line' id='line_1_11' title="bbox 244 975 1810 1047; baseline -0.002 -16"><span class='ocrx_word' id='word_1_61' title='bbox 244 979 539 1031; x_wconf 82' lang='grc' dir='ltr'>ὑπόστασιν</span> <span class='ocrx_word' id='word_1_62' title='bbox 571 975 837 1046; x_wconf 79' lang='grc' dir='ltr'>ἡνῶσθαι.</span> <span class='ocrx_word' id='word_1_63' title='bbox 869 975 1008 1029; x_wconf 87' lang='grc' dir='ltr'>Κατ’</span> <span class='ocrx_word' id='word_1_64' title='bbox 1037 975 1229 1029; x_wconf 73' lang='grc' dir='ltr'>οὐδένα</span> <span class='ocrx_word' id='word_1_65' title='bbox 1286 975 1395 1047; x_wconf 84' lang='grc' dir='ltr'>γὰρ</span> <span class='ocrx_word' id='word_1_66' title='bbox 1442 975 1810 1042; x_wconf 83' lang='grc' dir='ltr'>κεκοινώνηκε</span> 
     </span>
    </p>
   </div>
   <div class='ocr_carea' id='block_1_12' title="bbox 244 1066 1808 1139">
    <p class='ocr_par' dir='ltr' id='par_1_12' title="bbox 244 1066 1808 1139">
     <span class='ocr_line' id='line_1_12' title="bbox 244 1066 1808 1139; baseline -0.002 -17"><span class='ocrx_word' id='word_1_67' title='bbox 244 1071 395 1138; x_wconf 86' lang='grc' dir='ltr'>λόγον</span> <span class='ocrx_word' id='word_1_68' title='bbox 428 1069 456 1121; x_wconf 89' lang='lat'><strong>6</strong></span> <span class='ocrx_word' id='word_1_69' title='bbox 479 1067 666 1139; x_wconf 85' lang='grc' dir='ltr'>Πατὴρ</span> <span class='ocrx_word' id='word_1_70' title='bbox 694 1067 786 1120; x_wconf 76' lang='grc' dir='ltr'><strong>καὶ</strong></span> <span class='ocrx_word' id='word_1_71' title='bbox 813 1067 873 1122; x_wconf 86' lang='grc' dir='ltr'>τὺ</span> <span class='ocrx_word' id='word_1_72' title='bbox 896 1068 1120 1138; x_wconf 66' lang='grc' dir='ltr'>Πνεῦμα</span> <span class='ocrx_word' id='word_1_73' title='bbox 1145 1067 1208 1120; x_wconf 84' lang='grc' dir='ltr'><strong>τὸ</strong></span> <span class='ocrx_word' id='word_1_74' title='bbox 1245 1067 1398 1136; x_wconf 76' lang='grc' dir='ltr'>ἅγιον</span> <span class='ocrx_word' id='word_1_75' title='bbox 1433 1070 1503 1139; x_wconf 76' lang='grc' dir='ltr'>τῇ</span> <span class='ocrx_word' id='word_1_76' title='bbox 1535 1066 1808 1138; x_wconf 84' lang='grc' dir='ltr'>σαρκώσει</span> 
     </span>
    </p>
   </div>
   <div class='ocr_carea' id='block_1_13' title="bbox 245 1157 1806 1228">
    <p class='ocr_par' dir='ltr' id='par_1_13' title="bbox 245 1157 1806 1228">
     <span class='ocr_line' id='line_1_13' title="bbox 245 1157 1806 1228; baseline 0 -16"><span class='ocrx_word' id='word_1_77' title='bbox 245 1159 333 1212; x_wconf 85' lang='grc' dir='ltr'><strong>τοῦ</strong></span> <span class='ocrx_word' id='word_1_78' title='bbox 365 1158 499 1212; x_wconf 90' lang='grc' dir='ltr'>Θεοῦ</span> <span class='ocrx_word' id='word_1_79' title='bbox 536 1157 734 1224; x_wconf 86' lang='grc' dir='ltr'>Λόγου,</span> <span class='ocrx_word' id='word_1_80' title='bbox 762 1160 811 1210; x_wconf 74' lang='grc' dir='ltr'>εἰ</span> <span class='ocrx_word' id='word_1_81' title='bbox 858 1157 932 1228; x_wconf 83' lang='grc' dir='ltr'>μὴ</span> <span class='ocrx_word' id='word_1_82' title='bbox 972 1158 1092 1212; x_wconf 86' lang='grc' dir='ltr'>κατ’</span> <span class='ocrx_word' id='word_1_83' title='bbox 1123 1158 1374 1212; x_wconf 78' lang='grc' dir='ltr'>εὐδοκίαν</span> <span class='ocrx_word' id='word_1_84' title='bbox 1402 1159 1496 1211; x_wconf 77' lang='grc' dir='ltr'>καὶ</span> <span class='ocrx_word' id='word_1_85' title='bbox 1533 1157 1806 1228; x_wconf 78' lang='grc' dir='ltr'>βούλησιν.</span> 
     </span>
    </p>
   </div>
   <div class='ocr_carea' id='block_1_14' title="bbox 247 1248 1809 1322">
    <p class='ocr_par' dir='ltr' id='par_1_14' title="bbox 247 1248 1809 1322">
     <span class='ocr_line' id='line_1_14' title="bbox 247 1248 1809 1322; baseline 0 -20"><span class='ocrx_word' id='word_1_86' title='bbox 247 1251 395 1321; x_wconf 82' lang='grc' dir='ltr'>Πάσῃ</span> <span class='ocrx_word' id='word_1_87' title='bbox 426 1250 483 1302; x_wconf 85' lang='grc' dir='ltr'>δὲ</span> <span class='ocrx_word' id='word_1_88' title='bbox 513 1251 580 1320; x_wconf 79' lang='grc' dir='ltr'>τῇ</span> <span class='ocrx_word' id='word_1_89' title='bbox 611 1248 925 1322; x_wconf 81' lang='grc' dir='ltr'>ἀνθρωπίνῃ</span> <span class='ocrx_word' id='word_1_90' title='bbox 945 1249 1105 1317; x_wconf 85' lang='grc' dir='ltr'>φύσει</span> <span class='ocrx_word' id='word_1_91' title='bbox 1127 1250 1309 1318; x_wconf 82' lang='grc' dir='ltr'>φαμὲν</span> <span class='ocrx_word' id='word_1_92' title='bbox 1339 1249 1603 1320; x_wconf 83' lang='grc' dir='ltr'>ὲνωθῆναι</span> <span class='ocrx_word' id='word_1_93' title='bbox 1632 1250 1809 1302; x_wconf 83' lang='grc' dir='ltr'>πᾶσαν</span> 
     </span>
    </p>
   </div>
   <div class='ocr_carea' id='block_1_15' title="bbox 247 1334 1810 1412">
    <p class='ocr_par' dir='ltr' id='par_1_15' title="bbox 247 1334 1810 1412">
     <span class='ocr_line' id='line_1_15' title="bbox 247 1334 1810 1412; baseline 0.001 -19"><span class='ocrx_word' id='word_1_94' title='bbox 247 1343 343 1412; x_wconf 82' lang='grc' dir='ltr'>τὴν</span> <span class='ocrx_word' id='word_1_95' title='bbox 367 1341 464 1411; x_wconf 82' lang='grc' dir='ltr'>τῆς</span> <span class='ocrx_word' id='word_1_96' title='bbox 489 1340 748 1410; x_wconf 68' lang='grc' dir='ltr'>Θεότητοι,</span> <span class='ocrx_word' id='word_1_97' title='bbox 791 1340 998 1394; x_wconf 75' lang='grc' dir='ltr'>οὐσίαν.</span> <span class='ocrx_word' id='word_1_98' title='bbox 1026 1341 1190 1395; x_wconf 79' lang='grc' dir='ltr'>Οὐδὲν</span> <span class='ocrx_word' id='word_1_99' title='bbox 1216 1342 1321 1410; x_wconf 86' lang='grc' dir='ltr'>γὰρ</span> <span class='ocrx_word' id='word_1_100' title='bbox 1346 1334 1421 1395; x_wconf 82' lang='grc' dir='ltr'>ὧν</span> <span class='ocrx_word' id='word_1_101' title='bbox 1443 1341 1767 1411; x_wconf 81' lang='grc' dir='ltr'>ὲνεφύτευσε</span> <span class='ocrx_word' id='word_1_102' title='bbox 1786 1351 1810 1377; x_wconf 70' lang='grc' dir='ltr'>κ</span> 
     </span>
    </p>
   </div>
   <div class='ocr_carea' id='block_1_16' title="bbox 245 1430 1811 1503">
    <p class='ocr_par' dir='ltr' id='par_1_16' title="bbox 245 1430 1811 1503">
     <span class='ocr_line' id='line_1_16' title="bbox 245 1430 1811 1503; baseline 0.001 -20"><span class='ocrx_word' id='word_1_103' title='bbox 245 1436 308 1503; x_wconf 81' lang='grc' dir='ltr'>τῇ</span> <span class='ocrx_word' id='word_1_104' title='bbox 367 1430 613 1502; x_wconf 78' lang='grc' dir='ltr'>ἡμετέρᾳ</span> <span class='ocrx_word' id='word_1_105' title='bbox 652 1430 812 1500; x_wconf 83' lang='grc' dir='ltr'>φύσει</span> <span class='ocrx_word' id='word_1_106' title='bbox 859 1434 888 1485; x_wconf 90' lang='lat'><strong>6</strong></span> <span class='ocrx_word' id='word_1_107' title='bbox 937 1432 1070 1496; x_wconf 72' lang='grc' dir='ltr'>Θεὸς</span> <span class='ocrx_word' id='word_1_108' title='bbox 1107 1433 1299 1501; x_wconf 85' lang='grc' dir='ltr'>Λόγος,</span> <span class='ocrx_word' id='word_1_109' title='bbox 1334 1433 1572 1503; x_wconf 79' lang='grc' dir='ltr'>ἀρχῆθεν</span> <span class='ocrx_word' id='word_1_110' title='bbox 1601 1432 1811 1495; x_wconf 83' lang='grc' dir='ltr'>πλάσας</span> 
     </span>
    </p>
   </div>
   <div class='ocr_carea' id='block_1_17' title="bbox 247 1521 1811 1594">
    <p class='ocr_par' dir='ltr' id='par_1_17' title="bbox 247 1521 1811 1594">
     <span class='ocr_line' id='line_1_17' title="bbox 247 1521 1811 1594; baseline 0.001 -19"><span class='ocrx_word' id='word_1_111' title='bbox 247 1524 407 1594; x_wconf 75' lang='grc' dir='ltr'>ἡμᾶς,</span> <span class='ocrx_word' id='word_1_112' title='bbox 440 1522 706 1588; x_wconf 79' lang='grc' dir='ltr'>ἐνέλιπεν,</span> <span class='ocrx_word' id='word_1_113' title='bbox 746 1521 883 1576; x_wconf 87' lang='grc' dir='ltr'><strong>ἀλλά</strong></span> <span class='ocrx_word' id='word_1_114' title='bbox 912 1523 1091 1578; x_wconf 85' lang='grc' dir='ltr'>πάντα</span> <span class='ocrx_word' id='word_1_115' title='bbox 1140 1522 1393 1587; x_wconf 74' lang='grc' dir='ltr'>ἀνέλαϐε,</span> <span class='ocrx_word' id='word_1_116' title='bbox 1425 1523 1602 1594; x_wconf 85' lang='grc' dir='ltr'>σῶμα,</span> <span class='ocrx_word' id='word_1_117' title='bbox 1634 1522 1811 1593; x_wconf 72' lang='grc' dir='ltr'>ψυχὴν</span> 
     </span>
    </p>
   </div>
   <div class='ocr_carea' id='block_1_18' title="bbox 245 1614 1811 1688">
    <p class='ocr_par' dir='ltr' id='par_1_18' title="bbox 245 1614 1811 1688">
     <span class='ocr_line' id='line_1_18' title="bbox 245 1614 1811 1688; baseline -0.001 -20"><span class='ocrx_word' id='word_1_118' title='bbox 245 1616 430 1686; x_wconf 83' lang='grc' dir='ltr'>νοεράν</span> <span class='ocrx_word' id='word_1_119' title='bbox 463 1614 558 1668; x_wconf 74' lang='grc' dir='ltr'>καὶ</span> <span class='ocrx_word' id='word_1_120' title='bbox 603 1614 852 1688; x_wconf 82' lang='grc' dir='ltr'>λογικὴν,</span> <span class='ocrx_word' id='word_1_121' title='bbox 901 1616 993 1668; x_wconf 74' lang='grc' dir='ltr'>καὶ</span> <span class='ocrx_word' id='word_1_122' title='bbox 1035 1615 1104 1668; x_wconf 87' lang='grc' dir='ltr'><strong>τά</strong></span> <span class='ocrx_word' id='word_1_123' title='bbox 1161 1615 1367 1669; x_wconf 83' lang='grc' dir='ltr'>τούτων</span> <span class='ocrx_word' id='word_1_124' title='bbox 1422 1615 1708 1686; x_wconf 76' lang='grc' dir='ltr'>ἰδιώματα.</span> <span class='ocrx_word' id='word_1_125' title='bbox 1738 1615 1811 1667; x_wconf 89' lang='grc' dir='ltr'>Τὸ</span> 
     </span>
    </p>
   </div>
   <div class='ocr_carea' id='block_1_19' title="bbox 246 1704 1806 1778">
    <p class='ocr_par' dir='ltr' id='par_1_19' title="bbox 246 1704 1806 1778">
     <span class='ocr_line' id='line_1_19' title="bbox 246 1704 1806 1778; baseline 0 -19"><span class='ocrx_word' id='word_1_126' title='bbox 246 1707 352 1776; x_wconf 86' lang='grc' dir='ltr'>γὰρ</span> <span class='ocrx_word' id='word_1_127' title='bbox 410 1706 526 1770; x_wconf 78' lang='grc' dir='ltr'>ἐνὸς</span> <span class='ocrx_word' id='word_1_128' title='bbox 569 1706 774 1760; x_wconf 85' lang='grc' dir='ltr'>τούτων</span> <span class='ocrx_word' id='word_1_129' title='bbox 830 1705 1095 1778; x_wconf 85' lang='grc' dir='ltr'>ἅμοιροῦν</span> <span class='ocrx_word' id='word_1_130' title='bbox 1165 1704 1322 1772; x_wconf 81' lang='grc' dir='ltr'>ζῶον,</span> <span class='ocrx_word' id='word_1_131' title='bbox 1356 1709 1456 1760; x_wconf 81' lang='grc' dir='ltr'><strong>οὐκ</strong></span> <span class='ocrx_word' id='word_1_132' title='bbox 1500 1707 1806 1778; x_wconf 82' lang='grc' dir='ltr'>ἄνθρωπος.</span> 
     </span>
    </p>
   </div>
   <div class='ocr_carea' id='block_1_20' title="bbox 1907 517 3468 596">
    <p class='ocr_par' dir='ltr' id='par_1_20' title="bbox 1907 517 3468 596">
     <span class='ocr_line' id='line_1_20' title="bbox 1907 517 3468 596; baseline -0.003 -18"><span class='ocrx_word' id='word_1_133' title='bbox 1907 535 2082 596; x_wconf 90' lang='lat' dir='ltr'><strong>parte.</strong></span> <span class='ocrx_word' id='word_1_134' title='bbox 2114 524 2207 578; x_wconf 85' lang='lat' dir='ltr'><strong>Ait</strong></span> <span class='ocrx_word' id='word_1_135' title='bbox 2241 523 2446 594; x_wconf 86' lang='lat' dir='ltr'><strong>quippe</strong></span> <span class='ocrx_word' id='word_1_136' title='bbox 2483 523 2706 578; x_wconf 89' lang='lat' dir='ltr'><strong>divinus</strong></span> <span class='ocrx_word' id='word_1_137' title='bbox 2758 520 3056 590; x_wconf 80' lang='lat' dir='ltr'><strong>Apostolus</strong></span> <span class='ocrx_word' id='word_1_138' title='bbox 3085 537 3099 574; x_wconf 91' lang='lat'><strong>:</strong></span> <span class='ocrx_word' id='word_1_139' title='bbox 3150 517 3214 572; x_wconf 84' lang='lat' dir='ltr'><strong>In</strong></span> <span class='ocrx_word' id='word_1_140' title='bbox 3244 520 3357 588; x_wconf 80' lang='lat' dir='ltr'><strong>ipso</strong></span> <span class='ocrx_word' id='word_1_141' title='bbox 3393 521 3468 574; x_wconf 82' lang='lat' dir='ltr'><strong>in-</strong></span> 
     </span>
    </p>
   </div>
   <div class='ocr_carea' id='block_1_21' title="bbox 1907 611 3472 683">
    <p class='ocr_par' dir='ltr' id='par_1_21' title="bbox 1907 611 3472 683">
     <span class='ocr_line' id='line_1_21' title="bbox 1907 611 3472 683; baseline -0.004 -13"><span class='ocrx_word' id='word_1_142' title='bbox 1907 617 2111 670; x_wconf 77' lang='lat' dir='ltr'><strong>habitat</strong></span> <span class='ocrx_word' id='word_1_143' title='bbox 2150 616 2319 670; x_wconf 83' lang='lat' dir='ltr'><strong>onmis</strong></span> <span class='ocrx_word' id='word_1_144' title='bbox 2375 614 2644 683; x_wconf 85' lang='lat' dir='ltr'><strong>plenitudo</strong></span> <span class='ocrx_word' id='word_1_145' title='bbox 2693 612 2984 667; x_wconf 79' lang='lat' dir='ltr'><strong>divinitatis</strong></span> <span class='ocrx_word' id='word_1_146' title='bbox 3030 613 3373 679; x_wconf 76' lang='lat' dir='ltr'><strong>corporaliter</strong></span> <span class='ocrx_word' id='word_1_147' title='bbox 3404 611 3472 675; x_wconf 83' lang='lat'><strong>“,</strong></span> 
     </span>
    </p>
   </div>
   <div class='ocr_carea' id='block_1_22' title="bbox 1909 704 3475 776">
    <p class='ocr_par' dir='ltr' id='par_1_22' title="bbox 1909 704 3475 776">
     <span class='ocr_line' id='line_1_22' title="bbox 1909 704 3475 776; baseline -0.001 -14"><span class='ocrx_word' id='word_1_148' title='bbox 1909 709 2012 763; x_wconf 88' lang='lat' dir='ltr'><strong>hoc</strong></span> <span class='ocrx_word' id='word_1_149' title='bbox 2033 717 2118 763; x_wconf 88' lang='lat' dir='ltr'><strong>est</strong></span> <span class='ocrx_word' id='word_1_150' title='bbox 2146 707 2202 761; x_wconf 91' lang='lat' dir='ltr'><strong>in</strong></span> <span class='ocrx_word' id='word_1_151' title='bbox 2236 706 2412 776; x_wconf 80' lang='lat' dir='ltr'><strong>ipsius</strong></span> <span class='ocrx_word' id='word_1_152' title='bbox 2448 721 2648 772; x_wconf 88' lang='lat' dir='ltr'><strong>carne;</strong></span> <span class='ocrx_word' id='word_1_153' title='bbox 2699 713 2754 760; x_wconf 91' lang='lat' dir='ltr'><strong>et</strong></span> <span class='ocrx_word' id='word_1_154' title='bbox 2781 704 2956 760; x_wconf 85' lang='lat' dir='ltr'><strong>dcifer</strong></span> <span class='ocrx_word' id='word_1_155' title='bbox 3004 706 3126 773; x_wconf 88' lang='lat' dir='ltr'><strong>ejus</strong></span> <span class='ocrx_word' id='word_1_156' title='bbox 3166 704 3475 776; x_wconf 81' lang='lat' dir='ltr'><strong>discipulus</strong></span> 
     </span>
    </p>
   </div>
   <div class='ocr_carea' id='block_1_23' title="bbox 1908 795 3475 870">
    <p class='ocr_par' dir='ltr' id='par_1_23' title="bbox 1908 795 3475 870">
     <span class='ocr_line' id='line_1_23' title="bbox 1908 795 3475 870; baseline -0.003 -17"><span class='ocrx_word' id='word_1_157' title='bbox 1908 799 2202 870; x_wconf 84' lang='lat' dir='ltr'><strong>Dionysius</strong></span> <span class='ocrx_word' id='word_1_158' title='bbox 2232 799 2298 864; x_wconf 84' lang='grc'><strong>⁶²,</strong></span> <span class='ocrx_word' id='word_1_159' title='bbox 2343 797 2552 869; x_wconf 87' lang='lat' dir='ltr'><strong>ingenti</strong></span> <span class='ocrx_word' id='word_1_160' title='bbox 2591 797 2904 851; x_wconf 84' lang='lat' dir='ltr'><strong>divinarum</strong></span> <span class='ocrx_word' id='word_1_161' title='bbox 2937 810 3120 850; x_wconf 89' lang='lat' dir='ltr'><strong>rerum</strong></span> <span class='ocrx_word' id='word_1_162' title='bbox 3151 795 3475 863; x_wconf 79' lang='lat' dir='ltr'><strong>cognitione</strong></span> 
     </span>
    </p>
   </div>
   <div class='ocr_carea' id='block_1_24' title="bbox 1910 887 3475 958">
    <p class='ocr_par' dir='ltr' id='par_1_24' title="bbox 1910 887 3475 958">
     <span class='ocr_line' id='line_1_24' title="bbox 1910 887 3475 958; baseline -0.003 -15"><span class='ocrx_word' id='word_1_163' title='bbox 1910 889 2170 958; x_wconf 81' lang='lat' dir='ltr'><strong>insignis,</strong></span> <span class='ocrx_word' id='word_1_164' title='bbox 2199 901 2320 942; x_wconf 89' lang='lat' dir='ltr'><strong>eam</strong></span> <span class='ocrx_word' id='word_1_165' title='bbox 2370 895 2541 941; x_wconf 87' lang='lat' dir='ltr'><strong>totam</strong></span> <span class='ocrx_word' id='word_1_166' title='bbox 2593 887 2647 940; x_wconf 92' lang='lat' dir='ltr'><strong>in</strong></span> <span class='ocrx_word' id='word_1_167' title='bbox 2698 900 2804 940; x_wconf 88' lang='lat' dir='ltr'><strong>una</strong></span> <span class='ocrx_word' id='word_1_168' title='bbox 2851 900 3073 940; x_wconf 91' lang='lat' dir='ltr'><strong>suarum</strong></span> <span class='ocrx_word' id='word_1_169' title='bbox 3113 900 3475 956; x_wconf 89' lang='lat' dir='ltr'><strong>personarum</strong></span> 
     </span>
    </p>
   </div>
   <div class='ocr_carea' id='block_1_25' title="bbox 1909 974 3475 1046">
    <p class='ocr_par' dir='ltr' id='par_1_25' title="bbox 1909 974 3475 1046">
     <span class='ocr_line' id='line_1_25' title="bbox 1909 974 3475 1046; baseline -0.003 -12"><span class='ocrx_word' id='word_1_170' title='bbox 1909 980 2195 1034; x_wconf 89' lang='lat' dir='ltr'><strong>nobiscum</strong></span> <span class='ocrx_word' id='word_1_171' title='bbox 2228 975 2618 1034; x_wconf 87' lang='lat' dir='ltr'><strong>commercium</strong></span> <span class='ocrx_word' id='word_1_172' title='bbox 2647 975 2908 1031; x_wconf 84' lang='lat' dir='ltr'><strong>habuisse</strong></span> <span class='ocrx_word' id='word_1_173' title='bbox 2937 975 3036 1029; x_wconf 94' lang='lat' dir='ltr'><strong>ait.</strong></span> <span class='ocrx_word' id='word_1_174' title='bbox 3079 974 3188 1031; x_wconf 85' lang='lat' dir='ltr'><strong>Nec</strong></span> <span class='ocrx_word' id='word_1_175' title='bbox 3220 986 3475 1046; x_wconf 84' lang='lat' dir='ltr'><strong>propter-</strong></span> 
     </span>
    </p>
   </div>
   <div class='ocr_carea' id='block_1_26' title="bbox 1910 1065 3478 1132">
    <p class='ocr_par' dir='ltr' id='par_1_26' title="bbox 1910 1065 3478 1132">
     <span class='ocr_line' id='line_1_26' title="bbox 1910 1065 3478 1132; baseline -0.005 -6"><span class='ocrx_word' id='word_1_176' title='bbox 1910 1085 1974 1126; x_wconf 97' lang='lat' dir='ltr'><strong>ea</strong></span> <span class='ocrx_word' id='word_1_177' title='bbox 2035 1078 2217 1124; x_wconf 89' lang='lat' dir='ltr'><strong>tamen</strong></span> <span class='ocrx_word' id='word_1_178' title='bbox 2247 1083 2311 1124; x_wconf 91' lang='lat' dir='ltr'><strong>eo</strong></span> <span class='ocrx_word' id='word_1_179' title='bbox 2345 1066 2706 1132; x_wconf 87' lang='lat' dir='ltr'><strong>adducemur,</strong></span> <span class='ocrx_word' id='word_1_180' title='bbox 2738 1075 2797 1121; x_wconf 91' lang='lat' dir='ltr'><strong>ut</strong></span> <span class='ocrx_word' id='word_1_181' title='bbox 2832 1065 3102 1121; x_wconf 83' lang='lat' dir='ltr'><strong>fateamur</strong></span> <span class='ocrx_word' id='word_1_182' title='bbox 3129 1080 3320 1120; x_wconf 89' lang='lat' dir='ltr'><strong>omnes</strong></span> <span class='ocrx_word' id='word_1_183' title='bbox 3352 1079 3478 1120; x_wconf 87' lang='lat' dir='ltr'><strong>san-</strong></span> 
     </span>
    </p>
   </div>
   <div class='ocr_carea' id='block_1_27' title="bbox 1911 1155 3478 1228">
    <p class='ocr_par' dir='ltr' id='par_1_27' title="bbox 1911 1155 3478 1228">
     <span class='ocr_line' id='line_1_27' title="bbox 1911 1155 3478 1228; baseline -0.004 -12"><span class='ocrx_word' id='word_1_184' title='bbox 1911 1172 2012 1216; x_wconf 85' lang='lat' dir='ltr'><strong>ctae</strong></span> <span class='ocrx_word' id='word_1_185' title='bbox 2061 1159 2348 1214; x_wconf 89' lang='lat' dir='ltr'><strong>Trinitatis</strong></span> <span class='ocrx_word' id='word_1_186' title='bbox 2397 1172 2694 1228; x_wconf 86' lang='lat' dir='ltr'><strong>personas,</strong></span> <span class='ocrx_word' id='word_1_187' title='bbox 2733 1158 2848 1212; x_wconf 83' lang='lat' dir='ltr'><strong>sive</strong></span> <span class='ocrx_word' id='word_1_188' title='bbox 2897 1163 3032 1221; x_wconf 82' lang='lat' dir='ltr'><strong>t‘rcs,</strong></span> <span class='ocrx_word' id='word_1_189' title='bbox 3065 1171 3190 1211; x_wconf 88' lang='lat' dir='ltr'><strong>cum</strong></span> <span class='ocrx_word' id='word_1_190' title='bbox 3219 1155 3478 1210; x_wconf 88' lang='lat' dir='ltr'><strong>omnibus</strong></span> 
     </span>
    </p>
   </div>
   <div class='ocr_carea' id='block_1_28' title="bbox 1911 1244 3478 1319">
    <p class='ocr_par' dir='ltr' id='par_1_28' title="bbox 1911 1244 3478 1319">
     <span class='ocr_line' id='line_1_28' title="bbox 1911 1244 3478 1319; baseline -0.006 -13"><span class='ocrx_word' id='word_1_191' title='bbox 1911 1253 2164 1306; x_wconf 80' lang='lat' dir='ltr'><strong>humanae</strong></span> <span class='ocrx_word' id='word_1_192' title='bbox 2217 1259 2426 1304; x_wconf 74' lang='lat' dir='ltr'><strong>naturae</strong></span> <span class='ocrx_word' id='word_1_193' title='bbox 2475 1248 2728 1319; x_wconf 87' lang='lat' dir='ltr'><strong>personis</strong></span> <span class='ocrx_word' id='word_1_194' title='bbox 2789 1247 3091 1302; x_wconf 85' lang='lat' dir='ltr'><strong>secundum</strong></span> <span class='ocrx_word' id='word_1_195' title='bbox 3143 1244 3478 1316; x_wconf 78' lang='lat' dir='ltr'><strong>hypostasim</strong></span> 
     </span>
    </p>
   </div>
   <div class='ocr_carea' id='block_1_29' title="bbox 1911 1331 3480 1404">
    <p class='ocr_par' dir='ltr' id='par_1_29' title="bbox 1911 1331 3480 1404">
     <span class='ocr_line' id='line_1_29' title="bbox 1911 1331 3480 1404; baseline -0.007 -7"><span class='ocrx_word' id='word_1_196' title='bbox 1911 1343 2096 1397; x_wconf 89' lang='lat' dir='ltr'><strong>unitas</strong></span> <span class='ocrx_word' id='word_1_197' title='bbox 2141 1340 2332 1395; x_wconf 80' lang='lat' dir='ltr'><strong>fuisse.</strong></span> <span class='ocrx_word' id='word_1_198' title='bbox 2383 1338 2520 1393; x_wconf 86' lang='lat' dir='ltr'><strong>Nam</strong></span> <span class='ocrx_word' id='word_1_199' title='bbox 2557 1353 2658 1393; x_wconf 91' lang='lat' dir='ltr'><strong>nec</strong></span> <span class='ocrx_word' id='word_1_200' title='bbox 2689 1337 2871 1399; x_wconf 85' lang='lat' dir='ltr'><strong>Pater,</strong></span> <span class='ocrx_word' id='word_1_201' title='bbox 2921 1349 3018 1390; x_wconf 87' lang='lat' dir='ltr'><strong>nec</strong></span> <span class='ocrx_word' id='word_1_202' title='bbox 3052 1331 3294 1404; x_wconf 88' lang='lat' dir='ltr'><strong>Spiritus</strong></span> <span class='ocrx_word' id='word_1_203' title='bbox 3346 1347 3480 1388; x_wconf 85' lang='lat' dir='ltr'><strong>san-</strong></span> 
     </span>
    </p>
   </div>
   <div class='ocr_carea' id='block_1_30' title="bbox 1911 1421 3482 1487">
    <p class='ocr_par' dir='ltr' id='par_1_30' title="bbox 1911 1421 3482 1487">
     <span class='ocr_line' id='line_1_30' title="bbox 1911 1421 3482 1487; baseline -0.007 -1"><span class='ocrx_word' id='word_1_204' title='bbox 1911 1441 2035 1487; x_wconf 90' lang='lat' dir='ltr'><strong>ctus</strong></span> <span class='ocrx_word' id='word_1_205' title='bbox 2081 1431 2194 1486; x_wconf 91' lang='lat' dir='ltr'><strong>ulla</strong></span> <span class='ocrx_word' id='word_1_206' title='bbox 2228 1429 2458 1486; x_wconf 89' lang='lat' dir='ltr'><strong>omnino</strong></span> <span class='ocrx_word' id='word_1_207' title='bbox 2505 1429 2720 1484; x_wconf 82' lang='lat' dir='ltr'><strong>ratione</strong></span> <span class='ocrx_word' id='word_1_208' title='bbox 2763 1424 3136 1481; x_wconf 88' lang='lat' dir='ltr'><strong>incarnationi</strong></span> <span class='ocrx_word' id='word_1_209' title='bbox 3184 1423 3280 1476; x_wconf 83' lang='lat' dir='ltr'><strong>Dei</strong></span> <span class='ocrx_word' id='word_1_210' title='bbox 3314 1421 3482 1477; x_wconf 79' lang='lat' dir='ltr'><strong>Verbi</strong></span> 
     </span>
    </p>
   </div>
   <div class='ocr_carea' id='block_1_31' title="bbox 1910 1511 3478 1590">
    <p class='ocr_par' dir='ltr' id='par_1_31' title="bbox 1910 1511 3478 1590">
     <span class='ocr_line' id='line_1_31' title="bbox 1910 1511 3478 1590; baseline -0.008 -10"><span class='ocrx_word' id='word_1_211' title='bbox 1910 1525 2416 1589; x_wconf 88' lang='lat' dir='ltr'><strong>communicarunt,</strong></span> <span class='ocrx_word' id='word_1_212' title='bbox 2453 1521 2561 1576; x_wconf 91' lang='lat' dir='ltr'><strong>nisi</strong></span> <span class='ocrx_word' id='word_1_213' title='bbox 2611 1518 3009 1590; x_wconf 87' lang='lat' dir='ltr'><strong>benignissima</strong></span> <span class='ocrx_word' id='word_1_214' title='bbox 3040 1516 3344 1570; x_wconf 85' lang='lat' dir='ltr'><strong>voluntate.</strong></span> <span class='ocrx_word' id='word_1_215' title='bbox 3371 1511 3478 1568; x_wconf 84' lang='lat' dir='ltr'><strong>Ve-</strong></span> 
     </span>
    </p>
   </div>
   <div class='ocr_carea' id='block_1_32' title="bbox 1911 1606 3484 1673">
    <p class='ocr_par' dir='ltr' id='par_1_32' title="bbox 1911 1606 3484 1673">
     <span class='ocr_line' id='line_1_32' title="bbox 1911 1606 3484 1673; baseline -0.008 -1"><span class='ocrx_word' id='word_1_216' title='bbox 1911 1632 2032 1673; x_wconf 91' lang='lat' dir='ltr'><strong>rum</strong></span> <span class='ocrx_word' id='word_1_217' title='bbox 2061 1616 2160 1671; x_wconf 91' lang='lat' dir='ltr'><strong>toti</strong></span> <span class='ocrx_word' id='word_1_218' title='bbox 2193 1615 2449 1669; x_wconf 73' lang='lat' dir='ltr'><strong>humanae</strong></span> <span class='ocrx_word' id='word_1_219' title='bbox 2482 1621 2698 1668; x_wconf 67' lang='lat' dir='ltr'><strong>natura:</strong></span> <span class='ocrx_word' id='word_1_220' title='bbox 2740 1619 2912 1666; x_wconf 89' lang='lat' dir='ltr'><strong>totam</strong></span> <span class='ocrx_word' id='word_1_221' title='bbox 2960 1609 3180 1664; x_wconf 88' lang='lat' dir='ltr'><strong>deitatis</strong></span> <span class='ocrx_word' id='word_1_222' title='bbox 3224 1606 3484 1663; x_wconf 82' lang='lat' dir='ltr'><strong>substan-</strong></span> 
     </span>
    </p>
   </div>
   <div class='ocr_carea' id='block_1_33' title="bbox 1913 1695 3484 1773">
    <p class='ocr_par' dir='ltr' id='par_1_33' title="bbox 1913 1695 3484 1773">
     <span class='ocr_line' id='line_1_33' title="bbox 1913 1695 3484 1773; baseline -0.006 -13"><span class='ocrx_word' id='word_1_223' title='bbox 1913 1709 2044 1762; x_wconf 89' lang='lat' dir='ltr'><strong>tiam</strong></span> <span class='ocrx_word' id='word_1_224' title='bbox 2070 1706 2291 1773; x_wconf 38' lang='lat' dir='ltr'><strong>,unitam</strong></span> <span class='ocrx_word' id='word_1_225' title='bbox 2329 1703 2504 1759; x_wconf 83' lang='lat' dir='ltr'><strong>fuisse</strong></span> <span class='ocrx_word' id='word_1_226' title='bbox 2543 1701 2870 1758; x_wconf 88' lang='lat' dir='ltr'><strong>asserimus.</strong></span> <span class='ocrx_word' id='word_1_227' title='bbox 2919 1698 3103 1769; x_wconf 82' lang='lat' dir='ltr'><strong>Neque</strong></span> <span class='ocrx_word' id='word_1_228' title='bbox 3141 1696 3286 1752; x_wconf 89' lang='lat' dir='ltr'><strong>enim</strong></span> <span class='ocrx_word' id='word_1_229' title='bbox 3342 1695 3484 1750; x_wconf 87' lang='lat' dir='ltr'><strong>Deus</strong></span> 
     </span>
    </p>
   </div>
   <div class='ocr_carea' id='block_1_34' title="bbox 248 1769 1806 1871">
    <p class='ocr_par' dir='ltr' id='par_1_34' title="bbox 248 1769 1806 1871">
     <span class='ocr_line' id='line_1_34' title="bbox 248 1769 1806 1871; baseline 0.003 -22"><span class='ocrx_word' id='word_1_230' title='bbox 248 1769 405 1850; x_wconf 47' lang='grc' dir='ltr'>’ίυλον</span> <span class='ocrx_word' id='word_1_231' title='bbox 437 1797 546 1868; x_wconf 84' lang='grc' dir='ltr'>γὰρ</span> <span class='ocrx_word' id='word_1_232' title='bbox 589 1798 710 1861; x_wconf 83' lang='grc' dir='ltr'>ὅλος</span> <span class='ocrx_word' id='word_1_233' title='bbox 769 1769 1001 1852; x_wconf 62' lang='grc' dir='ltr'>ἀνέλαϐέ</span> <span class='ocrx_word' id='word_1_234' title='bbox 1039 1815 1132 1868; x_wconf 87' lang='grc' dir='ltr'><strong>με,</strong></span> <span class='ocrx_word' id='word_1_235' title='bbox 1166 1769 1261 1852; x_wconf 75' lang='grc' dir='ltr'><strong>καὶ</strong></span> <span class='ocrx_word' id='word_1_236' title='bbox 1295 1769 1417 1863; x_wconf 74' lang='grc' dir='ltr'>όλος</span> <span class='ocrx_word' id='word_1_237' title='bbox 1461 1799 1568 1871; x_wconf 82' lang='grc' dir='ltr'><strong>ὅλῳ</strong></span> <span class='ocrx_word' id='word_1_238' title='bbox 1600 1769 1806 1870; x_wconf 61' lang='grc' dir='ltr'>ηνώθη,</span> 
     </span>
    </p>
   </div>
   <div class='ocr_carea' id='block_1_35' title="bbox 1913 1769 3484 1871">
    <p class='ocr_par' dir='ltr' id='par_1_35' title="bbox 1917 1788 3484 1866">
     <span class='ocr_line' id='line_1_35' title="bbox 1917 1788 3484 1866; baseline -0.007 -14"><span class='ocrx_word' id='word_1_239' title='bbox 1917 1798 2156 1854; x_wconf 79' lang='lat' dir='ltr'><strong>Verbum</strong></span> <span class='ocrx_word' id='word_1_240' title='bbox 2205 1796 2503 1866; x_wconf 87' lang='lat' dir='ltr'><strong>quidquam</strong></span> <span class='ocrx_word' id='word_1_241' title='bbox 2556 1808 2772 1858; x_wconf 90' lang='lat' dir='ltr'><strong>eorum,</strong></span> <span class='ocrx_word' id='word_1_242' title='bbox 2806 1806 2946 1862; x_wconf 83' lang='lat' dir='ltr'><strong>quae,</strong></span> <span class='ocrx_word' id='word_1_243' title='bbox 2987 1804 3111 1845; x_wconf 93' lang='lat' dir='ltr'><strong>cum</strong></span> <span class='ocrx_word' id='word_1_244' title='bbox 3167 1803 3266 1844; x_wconf 91' lang='lat' dir='ltr'><strong>nos</strong></span> <span class='ocrx_word' id='word_1_245' title='bbox 3322 1788 3484 1842; x_wconf 89' lang='lat' dir='ltr'><strong>initio</strong></span> 
     </span>
    </p>
   </div>
   <div class='ocr_carea' id='block_1_36' title="bbox 249 1889 1811 1963">
    <p class='ocr_par' dir='ltr' id='par_1_36' title="bbox 249 1889 1811 1963">
     <span class='ocr_line' id='line_1_36' title="bbox 249 1889 1811 1963; baseline 0.002 -23"><span class='ocrx_word' id='word_1_246' title='bbox 249 1889 333 1942; x_wconf 82' lang='grc' dir='ltr'><strong>ἵνα</strong></span> <span class='ocrx_word' id='word_1_247' title='bbox 353 1889 460 1960; x_wconf 85' lang='grc' dir='ltr'><strong>ὅλῳ</strong></span> <span class='ocrx_word' id='word_1_248' title='bbox 495 1889 596 1960; x_wconf 82' lang='grc' dir='ltr'>τὴν</span> <span class='ocrx_word' id='word_1_249' title='bbox 629 1890 903 1960; x_wconf 83' lang='grc' dir='ltr'>σωτηρίαν</span> <span class='ocrx_word' id='word_1_250' title='bbox 936 1889 1253 1962; x_wconf 79' lang='grc' dir='ltr'>χαρίσηται.</span> <span class='ocrx_word' id='word_1_251' title='bbox 1285 1891 1359 1944; x_wconf 83' lang='grc' dir='ltr'><strong>Τὸ</strong></span> <span class='ocrx_word' id='word_1_252' title='bbox 1394 1891 1505 1962; x_wconf 81' lang='grc' dir='ltr'>γὰρ</span> <span class='ocrx_word' id='word_1_253' title='bbox 1537 1891 1811 1963; x_wconf 85' lang='grc' dir='ltr'>άπρόσλη-</span> 
     </span>
    </p>
   </div>
   <div class='ocr_carea' id='block_1_37' title="bbox 247 1979 820 2051">
    <p class='ocr_par' dir='ltr' id='par_1_37' title="bbox 247 1979 820 2051">
     <span class='ocr_line' id='line_1_37' title="bbox 247 1979 820 2051; baseline 0.005 -20"><span class='ocrx_word' id='word_1_254' title='bbox 247 1995 394 2042; x_wconf 63' lang='lat' dir='ltr'><strong>mor,</strong></span> <span class='ocrx_word' id='word_1_255' title='bbox 427 1979 820 2051; x_wconf 87' lang='grc' dir='ltr'>ἀθεράπευτον.</span> 
     </span>
    </p>
   </div>
   <div class='ocr_carea' id='block_1_38' title="bbox 1917 1880 3522 1958">
    <p class='ocr_par' dir='ltr' id='par_1_38' title="bbox 1917 1880 3522 1958">
     <span class='ocr_line' id='line_1_38' title="bbox 1917 1880 3522 1958; baseline -0.007 -15"><span class='ocrx_word' id='word_1_256' title='bbox 1917 1903 2104 1944; x_wconf 88' lang='lat' dir='ltr'><strong>rerum</strong></span> <span class='ocrx_word' id='word_1_257' title='bbox 2155 1887 2404 1958; x_wconf 83' lang='lat' dir='ltr'><strong>ﬁngeret,</strong></span> <span class='ocrx_word' id='word_1_258' title='bbox 2453 1895 2665 1941; x_wconf 81' lang='lat' dir='ltr'><strong>naturae</strong></span> <span class='ocrx_word' id='word_1_259' title='bbox 2713 1891 2918 1940; x_wconf 66' lang='lat' dir='ltr'><strong>nostrae</strong></span> <span class='ocrx_word' id='word_1_260' title='bbox 2950 1880 3204 1946; x_wconf 89' lang='lat' dir='ltr'><strong>inseruit,</strong></span> <span class='ocrx_word' id='word_1_261' title='bbox 3251 1893 3361 1933; x_wconf 91' lang='lat' dir='ltr'><strong>non</strong></span> <span class='ocrx_word' id='word_1_262' title='bbox 3391 1892 3522 1951; x_wconf 36' lang='grc' dir='ltr'>ρετ</span> 
     </span>
    </p>
   </div>
   <div class='ocr_carea' id='block_1_39' title="bbox 1917 1973 3483 2050">
    <p class='ocr_par' dir='ltr' id='par_1_39' title="bbox 1917 1973 3483 2050">
     <span class='ocr_line' id='line_1_39' title="bbox 1917 1973 3483 2050; baseline -0.008 -13"><span class='ocrx_word' id='word_1_263' title='bbox 1917 1989 2194 2050; x_wconf 90' lang='lat' dir='ltr'><strong>sumptum</strong></span> <span class='ocrx_word' id='word_1_264' title='bbox 2225 1978 2413 2034; x_wconf 88' lang='lat' dir='ltr'><strong>omisit</strong></span> <span class='ocrx_word' id='word_1_265' title='bbox 2447 1997 2460 2033; x_wconf 93' lang='lat'>:</span> <span class='ocrx_word' id='word_1_266' title='bbox 2491 1977 2586 2033; x_wconf 86' lang='lat' dir='ltr'><strong>sed</strong></span> <span class='ocrx_word' id='word_1_267' title='bbox 2627 1976 2813 2032; x_wconf 90' lang='lat' dir='ltr'><strong>omnia</strong></span> <span class='ocrx_word' id='word_1_268' title='bbox 2845 1973 3166 2043; x_wconf 84' lang='lat' dir='ltr'><strong>assumpsit,</strong></span> <span class='ocrx_word' id='word_1_269' title='bbox 3199 1978 3330 2042; x_wconf 85' lang='lat' dir='ltr'><strong>puta</strong></span> <span class='ocrx_word' id='word_1_270' title='bbox 3356 1984 3483 2026; x_wconf 59' lang='lat' dir='ltr'><strong>cora</strong></span> 
     </span>
    </p>
   </div>
   <div class='ocr_carea' id='block_1_40' title="bbox 246 2060 3482 2143">
    <p class='ocr_par' dir='ltr' id='par_1_40' title="bbox 246 2060 3482 2143">
     <span class='ocr_line' id='line_1_40' title="bbox 246 2060 3482 2143; baseline -0.004 -16"><span class='ocrx_word' id='word_1_271' title='bbox 246 2087 347 2142; x_wconf 88' lang='lat' dir='ltr'><strong>pus</strong></span> <span class='ocrx_word' id='word_1_272' title='bbox 395 2080 449 2127; x_wconf 89' lang='lat' dir='ltr'><strong>et</strong></span> <span class='ocrx_word' id='word_1_273' title='bbox 496 2071 735 2126; x_wconf 89' lang='lat' dir='ltr'><strong>animam</strong></span> <span class='ocrx_word' id='word_1_274' title='bbox 811 2071 1212 2142; x_wconf 85' lang='lat' dir='ltr'><strong>intelligentem</strong></span> <span class='ocrx_word' id='word_1_275' title='bbox 1294 2073 1820 2143; x_wconf 86' lang='lat' dir='ltr'><strong>rationabilemque,</strong></span> <span class='ocrx_word' id='word_1_276' title='bbox 1891 2086 2014 2128; x_wconf 88' lang='lat' dir='ltr'><strong>cum</strong></span> <span class='ocrx_word' id='word_1_277' title='bbox 2066 2086 2252 2126; x_wconf 90' lang='lat' dir='ltr'><strong>eorum</strong></span> <span class='ocrx_word' id='word_1_278' title='bbox 2304 2067 2763 2139; x_wconf 86' lang='lat' dir='ltr'><strong>proprietatibus.</strong></span> <span class='ocrx_word' id='word_1_279' title='bbox 2818 2065 3040 2118; x_wconf 81' lang='lat' dir='ltr'><strong>Animal</strong></span> <span class='ocrx_word' id='word_1_280' title='bbox 3104 2063 3273 2129; x_wconf 88' lang='lat' dir='ltr'><strong>enim,</strong></span> <span class='ocrx_word' id='word_1_281' title='bbox 3337 2060 3482 2133; x_wconf 90' lang='lat' dir='ltr'><strong>quod</strong></span> 
     </span>
    </p>
   </div>
   <div class='ocr_carea' id='block_1_41' title="bbox 245 2155 3485 2238">
    <p class='ocr_par' dir='ltr' id='par_1_41' title="bbox 245 2155 3485 2238">
     <span class='ocr_line' id='line_1_41' title="bbox 245 2155 3485 2238; baseline -0.003 -22"><span class='ocrx_word' id='word_1_282' title='bbox 245 2165 562 2221; x_wconf 89' lang='lat' dir='ltr'><strong>alterutrius</strong></span> <span class='ocrx_word' id='word_1_283' title='bbox 609 2173 694 2222; x_wconf 87' lang='lat' dir='ltr'><strong>est</strong></span> <span class='ocrx_word' id='word_1_284' title='bbox 723 2180 941 2236; x_wconf 84' lang='lat' dir='ltr'><strong>expers,</strong></span> <span class='ocrx_word' id='word_1_285' title='bbox 989 2182 1060 2222; x_wconf 89' lang='lat' dir='ltr'><strong>ne</strong></span> <span class='ocrx_word' id='word_1_286' title='bbox 1096 2167 1321 2238; x_wconf 86' lang='lat' dir='ltr'><strong>quidem</strong></span> <span class='ocrx_word' id='word_1_287' title='bbox 1352 2167 1517 2221; x_wconf 89' lang='lat' dir='ltr'><strong>homo</strong></span> <span class='ocrx_word' id='word_1_288' title='bbox 1550 2175 1657 2222; x_wconf 89' lang='lat' dir='ltr'><strong>est.</strong></span> <span class='ocrx_word' id='word_1_289' title='bbox 1689 2165 1888 2221; x_wconf 92' lang='lat' dir='ltr'><strong>Totum</strong></span> <span class='ocrx_word' id='word_1_290' title='bbox 1921 2165 2127 2236; x_wconf 88' lang='lat' dir='ltr'><strong>quippe</strong></span> <span class='ocrx_word' id='word_1_291' title='bbox 2153 2178 2240 2218; x_wconf 90' lang='lat' dir='ltr'><strong>me</strong></span> <span class='ocrx_word' id='word_1_292' title='bbox 2273 2171 2418 2218; x_wconf 89' lang='lat' dir='ltr'><strong>totus</strong></span> <span class='ocrx_word' id='word_1_293' title='bbox 2452 2160 2778 2230; x_wconf 86' lang='lat' dir='ltr'><strong>assumpsit,</strong></span> <span class='ocrx_word' id='word_1_294' title='bbox 2843 2172 2908 2212; x_wconf 89' lang='lat' dir='ltr'><strong>ac</strong></span> <span class='ocrx_word' id='word_1_295' title='bbox 2982 2163 3133 2210; x_wconf 88' lang='lat' dir='ltr'><strong>totus</strong></span> <span class='ocrx_word' id='word_1_296' title='bbox 3203 2155 3304 2209; x_wconf 90' lang='lat' dir='ltr'><strong>toti</strong></span> <span class='ocrx_word' id='word_1_297' title='bbox 3360 2155 3485 2208; x_wconf 78' lang='lat' dir='ltr'><strong>uni-</strong></span> 
     </span>
    </p>
   </div>
   <div class='ocr_carea' id='block_1_42' title="bbox 243 2247 3049 2328">
    <p class='ocr_par' dir='ltr' id='par_1_42' title="bbox 243 2247 3049 2328">
     <span class='ocr_line' id='line_1_42' title="bbox 243 2247 3049 2328; baseline -0.004 -18"><span class='ocrx_word' id='word_1_298' title='bbox 243 2263 333 2310; x_wconf 88' lang='lat' dir='ltr'><strong>tus</strong></span> <span class='ocrx_word' id='word_1_299' title='bbox 377 2265 482 2320; x_wconf 88' lang='lat' dir='ltr'><strong>est,</strong></span> <span class='ocrx_word' id='word_1_300' title='bbox 520 2263 583 2310; x_wconf 90' lang='lat' dir='ltr'><strong>ut</strong></span> <span class='ocrx_word' id='word_1_301' title='bbox 616 2256 713 2311; x_wconf 89' lang='lat' dir='ltr'><strong>toti</strong></span> <span class='ocrx_word' id='word_1_302' title='bbox 755 2257 986 2313; x_wconf 89' lang='lat' dir='ltr'><strong>salutem</strong></span> <span class='ocrx_word' id='word_1_303' title='bbox 1025 2257 1262 2313; x_wconf 68' lang='lat' dir='ltr'><strong>afferret.</strong></span> <span class='ocrx_word' id='word_1_304' title='bbox 1298 2255 1434 2311; x_wconf 88' lang='lat' dir='ltr'><strong>Nam</strong></span> <span class='ocrx_word' id='word_1_305' title='bbox 1457 2257 1659 2328; x_wconf 86' lang='lat' dir='ltr'><strong>alioqui</strong></span> <span class='ocrx_word' id='word_1_306' title='bbox 1684 2272 1793 2312; x_wconf 91' lang='lat' dir='ltr'><strong>non</strong></span> <span class='ocrx_word' id='word_1_307' title='bbox 1832 2257 2010 2328; x_wconf 88' lang='lat' dir='ltr'><strong>potuit</strong></span> <span class='ocrx_word' id='word_1_308' title='bbox 2036 2255 2240 2317; x_wconf 89' lang='lat' dir='ltr'><strong>sanari,</strong></span> <span class='ocrx_word' id='word_1_309' title='bbox 2277 2254 2419 2324; x_wconf 89' lang='lat' dir='ltr'><strong>quod</strong></span> <span class='ocrx_word' id='word_1_310' title='bbox 2449 2257 2795 2320; x_wconf 90' lang='lat' dir='ltr'><strong>assumptum</strong></span> <span class='ocrx_word' id='word_1_311' title='bbox 2827 2262 2937 2303; x_wconf 90' lang='lat' dir='ltr'><strong>non</strong></span> <span class='ocrx_word' id='word_1_312' title='bbox 2971 2247 3049 2302; x_wconf 81' lang='lat' dir='ltr'><strong>fui</strong></span> 
     </span>
    </p>
   </div>
   <div class='ocr_carea' id='block_1_43' title="bbox 314 2345 1812 2418">
    <p class='ocr_par' dir='ltr' id='par_1_43' title="bbox 314 2345 1812 2418">
     <span class='ocr_line' id='line_1_43' title="bbox 314 2345 1812 2418; baseline 0.003 -21"><span class='ocrx_word' id='word_1_313' title='bbox 314 2345 560 2399; x_wconf 83' lang='grc' dir='ltr'>Ἤνωται</span> <span class='ocrx_word' id='word_1_314' title='bbox 583 2347 766 2400; x_wconf 89' lang='grc' dir='ltr'>τοίνυν</span> <span class='ocrx_word' id='word_1_315' title='bbox 798 2347 963 2418; x_wconf 61' lang='grc' dir='ltr'><strong>σαρκὶ⁵</strong></span> <span class='ocrx_word' id='word_1_316' title='bbox 1004 2347 1094 2401; x_wconf 81' lang='grc' dir='ltr'>διὰ</span> <span class='ocrx_word' id='word_1_317' title='bbox 1139 2348 1306 2418; x_wconf 86' lang='grc' dir='ltr'>μέσου</span> <span class='ocrx_word' id='word_1_318' title='bbox 1343 2348 1436 2401; x_wconf 89' lang='grc' dir='ltr'><strong>νοῦ</strong></span> <span class='ocrx_word' id='word_1_319' title='bbox 1463 2350 1491 2402; x_wconf 92' lang='lat'><strong>6</strong></span> <span class='ocrx_word' id='word_1_320' title='bbox 1520 2349 1690 2417; x_wconf 79' lang='grc' dir='ltr'>Λόγος</span> <span class='ocrx_word' id='word_1_321' title='bbox 1718 2347 1812 2402; x_wconf 82' lang='grc' dir='ltr'><strong>τοῦ</strong></span> 
     </span>
    </p>
   </div>
   <div class='ocr_carea' id='block_1_44' title="bbox 243 2435 1814 2509">
    <p class='ocr_par' dir='ltr' id='par_1_44' title="bbox 243 2435 1814 2509">
     <span class='ocr_line' id='line_1_44' title="bbox 243 2435 1814 2509; baseline 0.002 -22"><span class='ocrx_word' id='word_1_322' title='bbox 243 2435 374 2488; x_wconf 86' lang='grc' dir='ltr'>Θεοῦ</span> <span class='ocrx_word' id='word_1_323' title='bbox 426 2435 805 2506; x_wconf 82' lang='grc' dir='ltr'>μεσιτεύοντος</span> <span class='ocrx_word' id='word_1_324' title='bbox 856 2436 992 2490; x_wconf 82' lang='grc' dir='ltr'>Θεοῦ</span> <span class='ocrx_word' id='word_1_325' title='bbox 1049 2436 1420 2508; x_wconf 83' lang='grc' dir='ltr'>καθαρότητι,</span> <span class='ocrx_word' id='word_1_326' title='bbox 1467 2439 1561 2491; x_wconf 73' lang='grc' dir='ltr'><strong>καὶ</strong></span> <span class='ocrx_word' id='word_1_327' title='bbox 1613 2437 1814 2509; x_wconf 76' lang='grc' dir='ltr'>σαρκὸς</span> 
     </span>
    </p>
   </div>
   <div class='ocr_carea' id='block_1_45' title="bbox 248 2525 1810 2598">
    <p class='ocr_par' dir='ltr' id='par_1_45' title="bbox 248 2525 1810 2598">
     <span class='ocr_line' id='line_1_45' title="bbox 248 2525 1810 2598; baseline 0.002 -20"><span class='ocrx_word' id='word_1_328' title='bbox 248 2525 548 2595; x_wconf 80' lang='grc' dir='ltr'>παχύτητι·</span> <span class='ocrx_word' id='word_1_329' title='bbox 583 2525 914 2596; x_wconf 80' lang='grc' dir='ltr'>ἡγεμονικὸν</span> <span class='ocrx_word' id='word_1_330' title='bbox 963 2526 1064 2596; x_wconf 84' lang='grc' dir='ltr'><strong>μὲν</strong></span> <span class='ocrx_word' id='word_1_331' title='bbox 1103 2525 1214 2598; x_wconf 86' lang='grc' dir='ltr'><strong>γάρ</strong></span> <span class='ocrx_word' id='word_1_332' title='bbox 1244 2527 1422 2597; x_wconf 76' lang='grc' dir='ltr'>ψυχῆς</span> <span class='ocrx_word' id='word_1_333' title='bbox 1465 2544 1524 2580; x_wconf 89' lang='grc' dir='ltr'><strong>τε</strong></span> <span class='ocrx_word' id='word_1_334' title='bbox 1553 2528 1647 2580; x_wconf 76' lang='grc' dir='ltr'><strong>καὶ</strong></span> <span class='ocrx_word' id='word_1_335' title='bbox 1678 2544 1810 2596; x_wconf 85' lang='grc' dir='ltr'>σαρ-</span> 
     </span>
    </p>
   </div>
   <div class='ocr_carea' id='block_1_46' title="bbox 249 2615 1809 2691">
    <p class='ocr_par' dir='ltr' id='par_1_46' title="bbox 249 2615 1809 2691">
     <span class='ocr_line' id='line_1_46' title="bbox 249 2615 1809 2691; baseline 0.003 -24"><span class='ocrx_word' id='word_1_336' title='bbox 249 2615 342 2678; x_wconf 83' lang='grc' dir='ltr'><strong>κὺς</strong></span> <span class='ocrx_word' id='word_1_337' title='bbox 368 2618 397 2670; x_wconf 94' lang='lat'><strong>6</strong></span> <span class='ocrx_word' id='word_1_338' title='bbox 429 2616 590 2680; x_wconf 78' lang='grc' dir='ltr'>νοῦςο</span> <span class='ocrx_word' id='word_1_339' title='bbox 641 2617 766 2679; x_wconf 91' lang='grc' dir='ltr'>νοῦς</span> <span class='ocrx_word' id='word_1_340' title='bbox 802 2617 860 2671; x_wconf 84' lang='grc' dir='ltr'>δὲ</span> <span class='ocrx_word' id='word_1_341' title='bbox 881 2658 896 2683; x_wconf 93' lang='grc'><strong>,</strong></span> <span class='ocrx_word' id='word_1_342' title='bbox 945 2618 1046 2688; x_wconf 82' lang='grc' dir='ltr'><strong>τῆς</strong></span> <span class='ocrx_word' id='word_1_343' title='bbox 1077 2619 1255 2690; x_wconf 76' lang='grc' dir='ltr'>ψυχῆς</span> <span class='ocrx_word' id='word_1_344' title='bbox 1297 2619 1359 2672; x_wconf 83' lang='grc' dir='ltr'>τὸ</span> <span class='ocrx_word' id='word_1_345' title='bbox 1406 2619 1809 2691; x_wconf 84' lang='grc' dir='ltr'>καθαρώτατον,</span> 
     </span>
    </p>
   </div>
   <div class='ocr_carea' id='block_1_47' title="bbox 249 2706 1806 2782">
    <p class='ocr_par' dir='ltr' id='par_1_47' title="bbox 249 2706 1806 2782">
     <span class='ocr_line' id='line_1_47' title="bbox 249 2706 1806 2782; baseline 0.004 -23"><span class='ocrx_word' id='word_1_346' title='bbox 249 2706 383 2760; x_wconf 83' lang='grc' dir='ltr'>ἀλλὰ</span> <span class='ocrx_word' id='word_1_347' title='bbox 409 2708 503 2760; x_wconf 85' lang='grc' dir='ltr'>καὶ</span> <span class='ocrx_word' id='word_1_348' title='bbox 541 2707 656 2771; x_wconf 89' lang='grc' dir='ltr'>νοῦ,</span> <span class='ocrx_word' id='word_1_349' title='bbox 687 2707 852 2771; x_wconf 81' lang='grc' dir='ltr'>Θεός·</span> <span class='ocrx_word' id='word_1_350' title='bbox 883 2712 977 2762; x_wconf 78' lang='grc' dir='ltr'><strong>καὶ</strong></span> <span class='ocrx_word' id='word_1_351' title='bbox 1004 2711 1093 2762; x_wconf 84' lang='grc' dir='ltr'><strong>ὅτε</strong></span> <span class='ocrx_word' id='word_1_352' title='bbox 1124 2711 1222 2780; x_wconf 83' lang='grc' dir='ltr'><strong>μὲν</strong></span> <span class='ocrx_word' id='word_1_353' title='bbox 1252 2713 1667 2782; x_wconf 84' lang='grc' dir='ltr'>παραχωρεῖται</span> <span class='ocrx_word' id='word_1_354' title='bbox 1692 2711 1806 2781; x_wconf 83' lang='grc'><strong>(17)</strong></span> 
     </span>
    </p>
   </div>
   <div class='ocr_carea' id='block_1_48' title="bbox 247 2797 1807 2872">
    <p class='ocr_par' dir='ltr' id='par_1_48' title="bbox 247 2797 1807 2872">
     <span class='ocr_line' id='line_1_48' title="bbox 247 2797 1807 2872; baseline 0.003 -22"><span class='ocrx_word' id='word_1_355' title='bbox 247 2797 350 2850; x_wconf 77' lang='grc' dir='ltr'>ὑπὸ</span> <span class='ocrx_word' id='word_1_356' title='bbox 373 2797 468 2852; x_wconf 90' lang='grc' dir='ltr'><strong>τοῦ</strong></span> <span class='ocrx_word' id='word_1_357' title='bbox 497 2797 826 2866; x_wconf 88' lang='grc' dir='ltr'>κρείττονος,</span> <span class='ocrx_word' id='word_1_358' title='bbox 855 2798 955 2868; x_wconf 76' lang='grc' dir='ltr'>τὴν</span> <span class='ocrx_word' id='word_1_359' title='bbox 982 2800 1192 2854; x_wconf 73' lang='grc' dir='ltr'>οἰκείαν</span> <span class='ocrx_word' id='word_1_360' title='bbox 1229 2803 1258 2854; x_wconf 91' lang='lat'><strong>6</strong></span> <span class='ocrx_word' id='word_1_361' title='bbox 1291 2800 1414 2864; x_wconf 91' lang='grc' dir='ltr'>νοῦς</span> <span class='ocrx_word' id='word_1_362' title='bbox 1443 2801 1537 2855; x_wconf 87' lang='grc' dir='ltr'><strong>τοῦ</strong></span> <span class='ocrx_word' id='word_1_363' title='bbox 1571 2803 1807 2872; x_wconf 87' lang='grc' dir='ltr'>Χριστοῦ</span> 
     </span>
    </p>
   </div>
   <div class='ocr_carea' id='block_1_49' title="bbox 244 2891 1810 2960">
    <p class='ocr_par' dir='ltr' id='par_1_49' title="bbox 244 2891 1810 2960">
     <span class='ocr_line' id='line_1_49' title="bbox 244 2891 1810 2960; baseline 0.003 -16"><span class='ocrx_word' id='word_1_364' title='bbox 244 2891 540 2960; x_wconf 79' lang='grc' dir='ltr'>ἠγεμονίαν</span> <span class='ocrx_word' id='word_1_365' title='bbox 582 2891 936 2946; x_wconf 76' lang='grc' dir='ltr'>ἐνδείκνυται.</span> <span class='ocrx_word' id='word_1_366' title='bbox 983 2894 1296 2948; x_wconf 80' lang='grc' dir='ltr'>Ἐκνικᾶται</span> <span class='ocrx_word' id='word_1_367' title='bbox 1343 2894 1440 2960; x_wconf 83' lang='grc' dir='ltr'><strong>δὲ,</strong></span> <span class='ocrx_word' id='word_1_368' title='bbox 1487 2896 1583 2949; x_wconf 78' lang='grc' dir='ltr'>καὶ</span> <span class='ocrx_word' id='word_1_369' title='bbox 1615 2896 1810 2950; x_wconf 74' lang='grc' dir='ltr'>ἕπεται</span> 
     </span>
    </p>
   </div>
   <div class='ocr_carea' id='block_1_50' title="bbox 245 2977 1811 3056">
    <p class='ocr_par' dir='ltr' id='par_1_50' title="bbox 245 2977 1811 3056">
     <span class='ocr_line' id='line_1_50' title="bbox 245 2977 1811 3056; baseline 0.006 -26"><span class='ocrx_word' id='word_1_370' title='bbox 245 2977 324 3049; x_wconf 81' lang='grc' dir='ltr'>τῷ</span> <span class='ocrx_word' id='word_1_371' title='bbox 348 2979 638 3050; x_wconf 83' lang='grc' dir='ltr'>κρείττονι,</span> <span class='ocrx_word' id='word_1_372' title='bbox 681 2982 777 3034; x_wconf 75' lang='grc' dir='ltr'>καὶ</span> <span class='ocrx_word' id='word_1_373' title='bbox 803 2981 976 3035; x_wconf 89' lang='grc' dir='ltr'>ταῦτα</span> <span class='ocrx_word' id='word_1_374' title='bbox 1004 2983 1238 3053; x_wconf 80' lang='grc' dir='ltr'>ἐνεργεῖ,</span> <span class='ocrx_word' id='word_1_375' title='bbox 1273 2983 1368 3056; x_wconf 74' lang='grc' dir='ltr'>ἀή</span> <span class='ocrx_word' id='word_1_376' title='bbox 1410 2983 1528 3040; x_wconf 82' lang='grc' dir='ltr'>θεία</span> <span class='ocrx_word' id='word_1_377' title='bbox 1563 2985 1811 3055; x_wconf 84' lang='grc' dir='ltr'>βούλεται</span> 
     </span>
    </p>
   </div>
   <div class='ocr_carea' id='block_1_51' title="bbox 246 3067 494 3140">
    <p class='ocr_par' dir='ltr' id='par_1_51' title="bbox 246 3067 494 3140">
     <span class='ocr_line' id='line_1_51' title="bbox 246 3067 494 3140; baseline 0.008 -18"><span class='ocrx_word' id='word_1_378' title='bbox 246 3067 463 3140; x_wconf 84' lang='grc' dir='ltr'>θέλησις</span> <span class='ocrx_word' id='word_1_379' title='bbox 477 3119 494 3138; x_wconf 83' lang='grc'><strong>,</strong></span> 
     </span>
    </p>
   </div>
   <div class='ocr_carea' id='block_1_52' title="bbox 313 3240 1810 3315">
    <p class='ocr_par' dir='ltr' id='par_1_52' title="bbox 313 3240 1810 3315">
     <span class='ocr_line' id='line_1_52' title="bbox 313 3240 1810 3315; baseline 0.005 -20"><span class='ocrx_word' id='word_1_380' title='bbox 313 3240 529 3313; x_wconf 88' lang='grc' dir='ltr'>Χωρίον</span> <span class='ocrx_word' id='word_1_381' title='bbox 578 3243 633 3296; x_wconf 85' lang='grc' dir='ltr'>δὲ</span> <span class='ocrx_word' id='word_1_382' title='bbox 659 3283 675 3308; x_wconf 93' lang='grc'><strong>,</strong></span> <span class='ocrx_word' id='word_1_383' title='bbox 722 3244 751 3297; x_wconf 90' lang='lat'><strong>6</strong></span> <span class='ocrx_word' id='word_1_384' title='bbox 802 3244 924 3309; x_wconf 84' lang='grc' dir='ltr'>νοῦς</span> <span class='ocrx_word' id='word_1_385' title='bbox 975 3245 1169 3313; x_wconf 84' lang='grc' dir='ltr'>γέγονε</span> <span class='ocrx_word' id='word_1_386' title='bbox 1216 3244 1315 3315; x_wconf 77' lang='grc' dir='ltr'>τῆς</span> <span class='ocrx_word' id='word_1_387' title='bbox 1358 3246 1478 3300; x_wconf 84' lang='grc' dir='ltr'>καθ’</span> <span class='ocrx_word' id='word_1_388' title='bbox 1513 3248 1810 3302; x_wconf 86' lang='grc' dir='ltr'>ὑπόστασιν</span> 
     </span>
    </p>
   </div>
   <div class='ocr_carea' id='block_1_53' title="bbox 244 3334 1805 3412">
    <p class='ocr_par' dir='ltr' id='par_1_53' title="bbox 244 3334 1805 3412">
     <span class='ocr_line' id='line_1_53' title="bbox 244 3334 1805 3412; baseline 0.004 -25"><span class='ocrx_word' id='word_1_389' title='bbox 244 3334 394 3406; x_wconf 85' lang='grc' dir='ltr'>αὐτῷ</span> <span class='ocrx_word' id='word_1_390' title='bbox 423 3336 708 3408; x_wconf 85' lang='grc' dir='ltr'>ήνωμένης</span> <span class='ocrx_word' id='word_1_391' title='bbox 730 3337 1006 3408; x_wconf 88' lang='grc' dir='ltr'>θεότητος,</span> <span class='ocrx_word' id='word_1_392' title='bbox 1030 3337 1220 3409; x_wconf 85' lang='grc' dir='ltr'>ὥσπερ</span> <span class='ocrx_word' id='word_1_393' title='bbox 1249 3337 1452 3410; x_wconf 82' lang='grc' dir='ltr'>δηλαδὴ</span> <span class='ocrx_word' id='word_1_394' title='bbox 1474 3341 1568 3392; x_wconf 76' lang='grc' dir='ltr'>καὶ</span> <span class='ocrx_word' id='word_1_395' title='bbox 1591 3342 1622 3411; x_wconf 80' lang='grc' dir='ltr'><strong>ὴ</strong></span> <span class='ocrx_word' id='word_1_396' title='bbox 1648 3340 1805 3412; x_wconf 84' lang='grc' dir='ltr'>σὰρξ,</span> 
     </span>
    </p>
   </div>
   <div class='ocr_carea' id='block_1_54' title="bbox 242 3423 1810 3500">
    <p class='ocr_par' dir='ltr' id='par_1_54' title="bbox 242 3423 1810 3500">
     <span class='ocr_line' id='line_1_54' title="bbox 242 3423 1810 3500; baseline 0.004 -22"><span class='ocrx_word' id='word_1_397' title='bbox 242 3424 307 3478; x_wconf 86' lang='grc' dir='ltr'><strong>οὐ</strong></span> <span class='ocrx_word' id='word_1_398' title='bbox 334 3423 582 3489; x_wconf 85' lang='grc' dir='ltr'>σύνοικος</span> <span class='ocrx_word' id='word_1_399' title='bbox 604 3435 655 3492; x_wconf 67' lang='lat'><strong>3&#39;,</strong></span> <span class='ocrx_word' id='word_1_400' title='bbox 679 3426 754 3490; x_wconf 83' lang='grc' dir='ltr'>ὡς</span> <span class='ocrx_word' id='word_1_401' title='bbox 782 3429 815 3498; x_wconf 81' lang='grc' dir='ltr'>ὴ</span> <span class='ocrx_word' id='word_1_402' title='bbox 847 3428 958 3480; x_wconf 88' lang='grc' dir='ltr'><strong>τῶν</strong></span> <span class='ocrx_word' id='word_1_403' title='bbox 985 3429 1276 3498; x_wconf 88' lang='grc' dir='ltr'>αἱρετικῶν</span> <span class='ocrx_word' id='word_1_404' title='bbox 1305 3430 1506 3500; x_wconf 79' lang='grc' dir='ltr'>ἐναγὴς</span> <span class='ocrx_word' id='word_1_405' title='bbox 1541 3430 1810 3486; x_wconf 80' lang='grc' dir='ltr'>πλανᾶται</span> 
     </span>
    </p>
   </div>
   <div class='ocr_carea' id='block_1_55' title="bbox 240 3515 1807 3593">
    <p class='ocr_par' dir='ltr' id='par_1_55' title="bbox 240 3515 1807 3593">
     <span class='ocr_line' id='line_1_55' title="bbox 240 3515 1807 3593; baseline 0.006 -26"><span class='ocrx_word' id='word_1_406' title='bbox 240 3515 452 3584; x_wconf 73' lang='grc' dir='ltr'>οἴησις,</span> <span class='ocrx_word' id='word_1_407' title='bbox 489 3517 544 3570; x_wconf 83' lang='grc' dir='ltr'>οὐ</span> <span class='ocrx_word' id='word_1_408' title='bbox 600 3517 710 3589; x_wconf 79' lang='grc' dir='ltr'><strong>γὰρ</strong></span> <span class='ocrx_word' id='word_1_409' title='bbox 741 3517 808 3571; x_wconf 88' lang='grc' dir='ltr'>ἂν</span> <span class='ocrx_word' id='word_1_410' title='bbox 843 3519 1190 3590; x_wconf 87' lang='grc' dir='ltr'>μεδιμναῖον,</span> <span class='ocrx_word' id='word_1_411' title='bbox 1234 3520 1467 3588; x_wconf 86' lang='grc' dir='ltr'>λέγουσα</span> <span class='ocrx_word' id='word_1_412' title='bbox 1491 3560 1505 3585; x_wconf 93' lang='grc'><strong>,</strong></span> <span class='ocrx_word' id='word_1_413' title='bbox 1533 3525 1770 3593; x_wconf 87' lang='grc' dir='ltr'>χωρήσει</span> <span class='ocrx_word' id='word_1_414' title='bbox 1793 3538 1807 3552; x_wconf 77' lang='grc'><strong>⁸</strong></span> 
     </span>
    </p>
   </div>
   <div class='ocr_carea' id='block_1_56' title="bbox 240 3604 1811 3680">
    <p class='ocr_par' dir='ltr' id='par_1_56' title="bbox 240 3604 1811 3680">
     <span class='ocr_line' id='line_1_56' title="bbox 240 3604 1811 3680; baseline 0.007 -25"><span class='ocrx_word' id='word_1_415' title='bbox 240 3604 556 3676; x_wconf 85' lang='grc' dir='ltr'>διμέδιμνον</span> <span class='ocrx_word' id='word_1_416' title='bbox 579 3644 595 3670; x_wconf 89' lang='grc'><strong>,</strong></span> <span class='ocrx_word' id='word_1_417' title='bbox 644 3608 972 3677; x_wconf 84' lang='grc' dir='ltr'>σωματικῶς</span> <span class='ocrx_word' id='word_1_418' title='bbox 1011 3609 1081 3662; x_wconf 85' lang='grc' dir='ltr'>τὰ</span> <span class='ocrx_word' id='word_1_419' title='bbox 1109 3609 1251 3663; x_wconf 83' lang='grc' dir='ltr'><strong>ἄῦλα</strong></span> <span class='ocrx_word' id='word_1_420' title='bbox 1290 3611 1570 3680; x_wconf 80' lang='grc' dir='ltr'>κρίνουσα.</span> <span class='ocrx_word' id='word_1_421' title='bbox 1606 3613 1730 3676; x_wconf 86' lang='grc' dir='ltr'>Πῶς</span> <span class='ocrx_word' id='word_1_422' title='bbox 1755 3613 1811 3666; x_wconf 82' lang='grc' dir='ltr'>δὲ</span> 
     </span>
    </p>
   </div>
   <div class='ocr_carea' id='block_1_57' title="bbox 240 3695 1808 3773">
    <p class='ocr_par' dir='ltr' id='par_1_57' title="bbox 240 3695 1808 3773">
     <span class='ocr_line' id='line_1_57' title="bbox 240 3695 1808 3773; baseline 0.008 -25"><span class='ocrx_word' id='word_1_423' title='bbox 240 3697 271 3748; x_wconf 85' lang='grc' dir='ltr'>ὁ</span> <span class='ocrx_word' id='word_1_424' title='bbox 299 3695 431 3761; x_wconf 82' lang='grc' dir='ltr'>Θεὸς</span> <span class='ocrx_word' id='word_1_425' title='bbox 473 3698 678 3762; x_wconf 88' lang='grc' dir='ltr'>τέλειος</span> <span class='ocrx_word' id='word_1_426' title='bbox 721 3700 818 3754; x_wconf 78' lang='grc' dir='ltr'>καὶ</span> <span class='ocrx_word' id='word_1_427' title='bbox 873 3700 1160 3772; x_wconf 78' lang='grc' dir='ltr'>ἄνθρωπος</span> <span class='ocrx_word' id='word_1_428' title='bbox 1206 3701 1429 3768; x_wconf 77' lang='grc' dir='ltr'>τέλειος,</span> <span class='ocrx_word' id='word_1_429' title='bbox 1477 3705 1570 3758; x_wconf 75' lang='grc' dir='ltr'><strong>καὶ</strong></span> <span class='ocrx_word' id='word_1_430' title='bbox 1613 3706 1808 3773; x_wconf 85' lang='grc' dir='ltr'>όμοού-</span> 
     </span>
    </p>
   </div>
   <div class='ocr_carea' id='block_1_58' title="bbox 239 3785 1806 3866">
    <p class='ocr_par' dir='ltr' id='par_1_58' title="bbox 239 3785 1806 3866">
     <span class='ocr_line' id='line_1_58' title="bbox 239 3785 1806 3866; baseline 0.008 -30"><span class='ocrx_word' id='word_1_431' title='bbox 239 3801 358 3848; x_wconf 90' lang='grc' dir='ltr'>σιος</span> <span class='ocrx_word' id='word_1_432' title='bbox 382 3785 460 3858; x_wconf 84' lang='grc' dir='ltr'>τῷ</span> <span class='ocrx_word' id='word_1_433' title='bbox 493 3805 554 3840; x_wconf 87' lang='grc' dir='ltr'><strong>τε</strong></span> <span class='ocrx_word' id='word_1_434' title='bbox 597 3789 772 3861; x_wconf 76' lang='grc' dir='ltr'>Πατρὶ</span> <span class='ocrx_word' id='word_1_435' title='bbox 817 3791 909 3844; x_wconf 76' lang='grc' dir='ltr'><strong>καὶ</strong></span> <span class='ocrx_word' id='word_1_436' title='bbox 942 3792 1074 3862; x_wconf 81' lang='grc' dir='ltr'>ἡμῖν</span> <span class='ocrx_word' id='word_1_437' title='bbox 1117 3793 1146 3845; x_wconf 89' lang='lat'><strong>6</strong></span> <span class='ocrx_word' id='word_1_438' title='bbox 1187 3794 1422 3864; x_wconf 80' lang='grc' dir='ltr'>Χριστὸς</span> <span class='ocrx_word' id='word_1_439' title='bbox 1464 3795 1806 3866; x_wconf 86' lang='grc' dir='ltr'>λεχθήσεται,</span> 
     </span>
    </p>
   </div>
   <div class='ocr_carea' id='block_1_59' title="bbox 311 3959 770 4030">
    <p class='ocr_par' dir='ltr' id='par_1_59' title="bbox 311 3959 770 4030">
     <span class='ocr_line' id='line_1_59' title="bbox 311 3959 770 4030; baseline 0.007 -14"><span class='ocrx_word' id='word_1_440' title='bbox 311 3960 357 4030; x_wconf 67' lang='grc' dir='ltr'><strong>’ξ</strong></span> <span class='ocrx_word' id='word_1_441' title='bbox 384 3959 595 4020; x_wconf 86' lang='lat' dir='ltr'><strong>Coloss.</strong></span> <span class='ocrx_word' id='word_1_442' title='bbox 630 3979 692 4030; x_wconf 97' lang='grc' dir='ltr'><strong>ιι,</strong></span> <span class='ocrx_word' id='word_1_443' title='bbox 713 3964 770 4019; x_wconf 88' lang='grc'>9.</span> 
     </span>
    </p>
   </div>
   <div class='ocr_carea' id='block_1_60' title="bbox 237 4028 1736 4109">
    <p class='ocr_par' dir='ltr' id='par_1_60' title="bbox 237 4028 1736 4109">
     <span class='ocr_line' id='line_1_60' title="bbox 237 4028 1736 4109; baseline 0.008 -25"><span class='ocrx_word' id='word_1_444' title='bbox 237 4031 264 4084; x_wconf 81' lang='grc'><strong>1</strong></span> <span class='ocrx_word' id='word_1_445' title='bbox 290 4028 364 4086; x_wconf 82' lang='lat' dir='ltr'><strong>ad</strong></span> <span class='ocrx_word' id='word_1_446' title='bbox 408 4031 562 4089; x_wconf 89' lang='lat' dir='ltr'><strong>Clcd.</strong></span> <span class='ocrx_word' id='word_1_447' title='bbox 591 4040 646 4088; x_wconf 85' lang='lat' dir='ltr'><strong>et</strong></span> <span class='ocrx_word' id='word_1_448' title='bbox 677 4028 841 4089; x_wconf 80' lang='lat' dir='ltr'><strong>orat.</strong></span> <span class='ocrx_word' id='word_1_449' title='bbox 870 4036 893 4089; x_wconf 79' lang='grc'><strong>1</strong></span> <span class='ocrx_word' id='word_1_450' title='bbox 918 4053 935 4103; x_wconf 73' lang='grc' dir='ltr'><strong>ς</strong></span> <span class='ocrx_word' id='word_1_451' title='bbox 963 4037 1154 4109; x_wconf 82' lang='lat' dir='ltr'><strong>Cyrill.</strong></span> <span class='ocrx_word' id='word_1_452' title='bbox 1218 4039 1273 4092; x_wconf 92' lang='lat' dir='ltr'><strong>in</strong></span> <span class='ocrx_word' id='word_1_453' title='bbox 1303 4055 1424 4109; x_wconf 86' lang='lat' dir='ltr'><strong>cap.</strong></span> <span class='ocrx_word' id='word_1_454' title='bbox 1457 4057 1549 4096; x_wconf 88' lang='lat' dir='ltr'><strong>vm</strong></span> <span class='ocrx_word' id='word_1_455' title='bbox 1576 4028 1736 4097; x_wconf 73' lang='lat' dir='ltr'><strong>Joan.</strong></span> 
     </span>
    </p>
   </div>
   <div class='ocr_carea' id='block_1_61' title="bbox 3057 2246 3175 2300">
    <p class='ocr_par' dir='ltr' id='par_1_61' title="bbox 3057 2246 3175 2300">
     <span class='ocr_line' id='line_1_61' title="bbox 3057 2246 3175 2300; baseline 0 0"><span class='ocrx_word' id='word_1_456' title='bbox 3057 2255 3075 2300; x_wconf 83' lang='lat' dir='ltr'>l</span> <span class='ocrx_word' id='word_1_457' title='bbox 3109 2246 3175 2300; x_wconf 79' lang='grc'>⁸⁸.</span> 
     </span>
    </p>
   </div>
   <div class='ocr_carea' id='block_1_62' title="bbox 1980 2326 3518 2416">
    <p class='ocr_par' dir='ltr' id='par_1_62' title="bbox 1980 2326 3518 2416">
     <span class='ocr_line' id='line_1_62' title="bbox 1980 2326 3518 2416; baseline -0.01 -13"><span class='ocrx_word' id='word_1_458' title='bbox 1980 2347 2140 2416; x_wconf 76' lang='lat'><strong>213</strong></span> <span class='ocrx_word' id='word_1_459' title='bbox 2181 2343 2332 2400; x_wconf 72' lang='lat' dir='ltr'><strong>Mens</strong></span> <span class='ocrx_word' id='word_1_460' title='bbox 2359 2345 2416 2398; x_wconf 87' lang='lat' dir='ltr'><strong>in</strong></span> <span class='ocrx_word' id='word_1_461' title='bbox 2447 2343 2656 2397; x_wconf 81' lang='lat' dir='ltr'><strong>homine</strong></span> <span class='ocrx_word' id='word_1_462' title='bbox 2680 2341 3036 2410; x_wconf 81' lang='lat' dir='ltr'><strong>principatum</strong></span> <span class='ocrx_word' id='word_1_463' title='bbox 3069 2336 3484 2408; x_wconf 81' lang='lat' dir='ltr'><strong>habet.—Ergo</strong></span> <span class='ocrx_word' id='word_1_464' title='bbox 3514 2326 3518 2328; x_wconf 13' lang='grc' dir='ltr'><strong><em>Ὗ</em></strong></span> 
     </span>
    </p>
   </div>
   <div class='ocr_carea' id='block_1_63' title="bbox 1911 2430 3481 2507">
    <p class='ocr_par' dir='ltr' id='par_1_63' title="bbox 1911 2430 3481 2507">
     <span class='ocr_line' id='line_1_63' title="bbox 1911 2430 3481 2507; baseline -0.007 -16"><span class='ocrx_word' id='word_1_465' title='bbox 1911 2437 2006 2492; x_wconf 80' lang='lat' dir='ltr'><strong>Dei</strong></span> <span class='ocrx_word' id='word_1_466' title='bbox 2041 2436 2279 2493; x_wconf 82' lang='lat' dir='ltr'><strong>Verbum</strong></span> <span class='ocrx_word' id='word_1_467' title='bbox 2311 2452 2406 2507; x_wconf 89' lang='lat' dir='ltr'><strong>per</strong></span> <span class='ocrx_word' id='word_1_468' title='bbox 2431 2434 2806 2491; x_wconf 88' lang='lat' dir='ltr'><strong>intermediam</strong></span> <span class='ocrx_word' id='word_1_469' title='bbox 2837 2439 3074 2488; x_wconf 89' lang='lat' dir='ltr'><strong>mentem</strong></span> <span class='ocrx_word' id='word_1_470' title='bbox 3094 2430 3244 2486; x_wconf 87' lang='lat' dir='ltr'><strong>carni</strong></span> <span class='ocrx_word' id='word_1_471' title='bbox 3270 2430 3481 2484; x_wconf 86' lang='lat' dir='ltr'><strong>unitum</strong></span> 
     </span>
    </p>
   </div>
   <div class='ocr_carea' id='block_1_64' title="bbox 1910 2522 3485 2599">
    <p class='ocr_par' dir='ltr' id='par_1_64' title="bbox 1910 2522 3485 2599">
     <span class='ocr_line' id='line_1_64' title="bbox 1910 2522 3485 2599; baseline -0.006 -15"><span class='ocrx_word' id='word_1_472' title='bbox 1910 2536 2015 2593; x_wconf 90' lang='lat' dir='ltr'><strong>est,</strong></span> <span class='ocrx_word' id='word_1_473' title='bbox 2038 2529 2379 2599; x_wconf 89' lang='lat' dir='ltr'><strong>interjectam</strong></span> <span class='ocrx_word' id='word_1_474' title='bbox 2404 2526 2619 2582; x_wconf 86' lang='lat' dir='ltr'><strong>scilicet</strong></span> <span class='ocrx_word' id='word_1_475' title='bbox 2645 2526 2786 2581; x_wconf 91' lang='lat' dir='ltr'><strong>inter</strong></span> <span class='ocrx_word' id='word_1_476' title='bbox 2803 2523 2896 2580; x_wconf 86' lang='lat' dir='ltr'><strong>Dei</strong></span> <span class='ocrx_word' id='word_1_477' title='bbox 2918 2522 3206 2593; x_wconf 88' lang='lat' dir='ltr'><strong>puritatem</strong></span> <span class='ocrx_word' id='word_1_478' title='bbox 3230 2529 3284 2577; x_wconf 89' lang='lat' dir='ltr'><strong>et</strong></span> <span class='ocrx_word' id='word_1_479' title='bbox 3302 2523 3485 2576; x_wconf 88' lang='lat' dir='ltr'><strong>carnis</strong></span> 
     </span>
    </p>
   </div>
   <div class='ocr_carea' id='block_1_65' title="bbox 1909 2612 3485 2685">
    <p class='ocr_par' dir='ltr' id='par_1_65' title="bbox 1909 2612 3485 2685">
     <span class='ocr_line' id='line_1_65' title="bbox 1909 2612 3485 2685; baseline -0.006 -9"><span class='ocrx_word' id='word_1_480' title='bbox 1909 2620 2216 2676; x_wconf 89' lang='lat' dir='ltr'><strong>crassitiem</strong></span> <span class='ocrx_word' id='word_1_481' title='bbox 2237 2618 2304 2672; x_wconf 75' lang='lat'><strong>“.</strong></span> <span class='ocrx_word' id='word_1_482' title='bbox 2336 2616 2492 2674; x_wconf 83' lang='lat' dir='ltr'><strong>Mens</strong></span> <span class='ocrx_word' id='word_1_483' title='bbox 2520 2616 2720 2673; x_wconf 89' lang='lat' dir='ltr'><strong>etenim</strong></span> <span class='ocrx_word' id='word_1_484' title='bbox 2753 2614 3002 2685; x_wconf 88' lang='lat' dir='ltr'><strong>corporis</strong></span> <span class='ocrx_word' id='word_1_485' title='bbox 3028 2621 3082 2668; x_wconf 90' lang='lat' dir='ltr'><strong>et</strong></span> <span class='ocrx_word' id='word_1_486' title='bbox 3110 2612 3306 2668; x_wconf 83' lang='lat' dir='ltr'><strong>animae</strong></span> <span class='ocrx_word' id='word_1_487' title='bbox 3337 2613 3485 2683; x_wconf 86' lang='lat' dir='ltr'><strong>prin-</strong></span> 
     </span>
    </p>
   </div>
   <div class='ocr_carea' id='block_1_66' title="bbox 1910 2704 3483 2782">
    <p class='ocr_par' dir='ltr' id='par_1_66' title="bbox 1910 2704 3483 2782">
     <span class='ocr_line' id='line_1_66' title="bbox 1910 2704 3483 2782; baseline -0.008 -16"><span class='ocrx_word' id='word_1_488' title='bbox 1910 2711 2148 2782; x_wconf 89' lang='lat' dir='ltr'><strong>cipatum</strong></span> <span class='ocrx_word' id='word_1_489' title='bbox 2179 2709 2342 2780; x_wconf 83' lang='lat' dir='ltr'><strong>gerit,</strong></span> <span class='ocrx_word' id='word_1_490' title='bbox 2368 2709 2502 2780; x_wconf 88' lang='lat' dir='ltr'><strong>quin</strong></span> <span class='ocrx_word' id='word_1_491' title='bbox 2528 2708 2642 2778; x_wconf 85' lang='lat' dir='ltr'><strong>ipsa</strong></span> <span class='ocrx_word' id='word_1_492' title='bbox 2670 2722 2797 2777; x_wconf 87' lang='lat' dir='ltr'><strong>pars</strong></span> <span class='ocrx_word' id='word_1_493' title='bbox 2817 2706 3114 2762; x_wconf 76' lang='lat' dir='ltr'><strong>estanimae</strong></span> <span class='ocrx_word' id='word_1_494' title='bbox 3139 2704 3435 2775; x_wconf 90' lang='lat' dir='ltr'><strong>purissima</strong></span> <span class='ocrx_word' id='word_1_495' title='bbox 3470 2721 3483 2754; x_wconf 87' lang='lat'><strong>:</strong></span> 
     </span>
    </p>
   </div>
   <div class='ocr_carea' id='block_1_67' title="bbox 1914 2796 3484 2872">
    <p class='ocr_par' dir='ltr' id='par_1_67' title="bbox 1914 2796 3484 2872">
     <span class='ocr_line' id='line_1_67' title="bbox 1914 2796 3484 2872; baseline -0.005 -16"><span class='ocrx_word' id='word_1_496' title='bbox 1914 2813 1970 2856; x_wconf 87' lang='lat' dir='ltr'><strong>at</strong></span> <span class='ocrx_word' id='word_1_497' title='bbox 1998 2802 2196 2858; x_wconf 89' lang='lat' dir='ltr'><strong>mentis</strong></span> <span class='ocrx_word' id='word_1_498' title='bbox 2218 2816 2438 2872; x_wconf 91' lang='lat' dir='ltr'><strong>quoque</strong></span> <span class='ocrx_word' id='word_1_499' title='bbox 2465 2801 2830 2870; x_wconf 90' lang='lat' dir='ltr'><strong>principatum</strong></span> <span class='ocrx_word' id='word_1_500' title='bbox 2852 2806 3001 2854; x_wconf 88' lang='lat' dir='ltr'><strong>tenet</strong></span> <span class='ocrx_word' id='word_1_501' title='bbox 3019 2796 3196 2865; x_wconf 90' lang='lat' dir='ltr'><strong>Deus;</strong></span> <span class='ocrx_word' id='word_1_502' title='bbox 3228 2806 3484 2854; x_wconf 73' lang='lat' dir='ltr'><strong>caeterum</strong></span> 
     </span>
    </p>
   </div>
   <div class='ocr_carea' id='block_1_68' title="bbox 1913 2889 3487 2962">
    <p class='ocr_par' dir='ltr' id='par_1_68' title="bbox 1913 2889 3487 2962">
     <span class='ocr_line' id='line_1_68' title="bbox 1913 2889 3487 2962; baseline -0.005 -12"><span class='ocrx_word' id='word_1_503' title='bbox 1913 2893 2119 2950; x_wconf 86' lang='lat' dir='ltr'><strong>Christi</strong></span> <span class='ocrx_word' id='word_1_504' title='bbox 2149 2909 2327 2956; x_wconf 89' lang='lat' dir='ltr'><strong>mens,</strong></span> <span class='ocrx_word' id='word_1_505' title='bbox 2360 2893 2455 2948; x_wconf 90' lang='lat' dir='ltr'><strong>ubi</strong></span> <span class='ocrx_word' id='word_1_506' title='bbox 2478 2907 2508 2947; x_wconf 91' lang='lat' dir='ltr'><strong>a</strong></span> <span class='ocrx_word' id='word_1_507' title='bbox 2545 2891 2916 2962; x_wconf 81' lang='lat' dir='ltr'><strong>praestantiori</strong></span> <span class='ocrx_word' id='word_1_508' title='bbox 2972 2889 3175 2956; x_wconf 88' lang='lat' dir='ltr'><strong>ﬁnitur,</strong></span> <span class='ocrx_word' id='word_1_509' title='bbox 3211 2889 3487 2960; x_wconf 87' lang='lat' dir='ltr'><strong>principa-</strong></span> 
     </span>
    </p>
   </div>
   <div class='ocr_carea' id='block_1_69' title="bbox 1917 2982 3498 3056">
    <p class='ocr_par' dir='ltr' id='par_1_69' title="bbox 1917 2982 3498 3056">
     <span class='ocr_line' id='line_1_69' title="bbox 1917 2982 3498 3056; baseline -0.003 -16"><span class='ocrx_word' id='word_1_510' title='bbox 1917 2994 2008 3041; x_wconf 89' lang='lat' dir='ltr'><strong>tus</strong></span> <span class='ocrx_word' id='word_1_511' title='bbox 2058 2986 2145 3042; x_wconf 90' lang='lat' dir='ltr'><strong>sui</strong></span> <span class='ocrx_word' id='word_1_512' title='bbox 2174 2985 2382 3056; x_wconf 84' lang='lat' dir='ltr'><strong>praebet</strong></span> <span class='ocrx_word' id='word_1_513' title='bbox 2444 2991 2766 3056; x_wconf 82' lang='lat' dir='ltr'><strong>argumenta</strong></span> <span class='ocrx_word' id='word_1_514' title='bbox 2793 2983 2859 3038; x_wconf 80' lang='lat'><strong>&quot;.</strong></span> <span class='ocrx_word' id='word_1_515' title='bbox 2915 2982 3116 3038; x_wconf 80' lang='lat' dir='ltr'><strong>Verum</strong></span> <span class='ocrx_word' id='word_1_516' title='bbox 3179 2993 3498 3053; x_wconf 87' lang='lat' dir='ltr'><strong>superatur-</strong></span> 
     </span>
    </p>
   </div>
   <div class='ocr_carea' id='block_1_70' title="bbox 1839 3066 3484 3157">
    <p class='ocr_par' dir='ltr' id='par_1_70' title="bbox 1839 3066 3484 3157">
     <span class='ocr_line' id='line_1_70' title="bbox 1839 3066 3484 3157; baseline -0.002 -25"><span class='ocrx_word' id='word_1_517' title='bbox 1839 3066 1883 3125; x_wconf 83' lang='lat' dir='ltr'><strong>C</strong></span> <span class='ocrx_word' id='word_1_518' title='bbox 1915 3077 2352 3157; x_wconf 79' lang='lat' dir='ltr'><strong>obscquiturque</strong></span> <span class='ocrx_word' id='word_1_519' title='bbox 2381 3076 2456 3130; x_wconf 91' lang='lat' dir='ltr'><strong>illi</strong></span> <span class='ocrx_word' id='word_1_520' title='bbox 2495 3076 2641 3147; x_wconf 90' lang='lat' dir='ltr'><strong>quod</strong></span> <span class='ocrx_word' id='word_1_521' title='bbox 2677 3075 3028 3144; x_wconf 80' lang='lat' dir='ltr'><strong>praestantius</strong></span> <span class='ocrx_word' id='word_1_522' title='bbox 3057 3082 3163 3140; x_wconf 87' lang='lat' dir='ltr'><strong>est,</strong></span> <span class='ocrx_word' id='word_1_523' title='bbox 3194 3089 3259 3130; x_wconf 89' lang='lat' dir='ltr'><strong>ca</strong></span> <span class='ocrx_word' id='word_1_524' title='bbox 3295 3089 3484 3145; x_wconf 82' lang='lat' dir='ltr'><strong>agens,</strong></span> 
     </span>
    </p>
   </div>
   <div class='ocr_carea' id='block_1_71' title="bbox 1917 3167 3083 3238">
    <p class='ocr_par' dir='ltr' id='par_1_71' title="bbox 1917 3167 3083 3238">
     <span class='ocr_line' id='line_1_71' title="bbox 1917 3167 3083 3238; baseline -0.003 -14"><span class='ocrx_word' id='word_1_525' title='bbox 1917 3183 2039 3238; x_wconf 67' lang='lat' dir='ltr'><strong>quae</strong></span> <span class='ocrx_word' id='word_1_526' title='bbox 2066 3168 2252 3223; x_wconf 88' lang='lat' dir='ltr'><strong>divina</strong></span> <span class='ocrx_word' id='word_1_527' title='bbox 2277 3169 2536 3224; x_wconf 87' lang='lat' dir='ltr'><strong>voluntas</strong></span> <span class='ocrx_word' id='word_1_528' title='bbox 2561 3167 2816 3224; x_wconf 88' lang='lat' dir='ltr'><strong>concedit</strong></span> <span class='ocrx_word' id='word_1_529' title='bbox 2841 3174 2901 3222; x_wconf 89' lang='lat' dir='ltr'><strong>ut</strong></span> <span class='ocrx_word' id='word_1_530' title='bbox 2935 3177 3083 3237; x_wconf 83' lang='lat' dir='ltr'><strong>agat.</strong></span> 
     </span>
    </p>
   </div>
   <div class='ocr_carea' id='block_1_72' title="bbox 1985 3257 3484 3329">
    <p class='ocr_par' dir='ltr' id='par_1_72' title="bbox 1985 3257 3484 3329">
     <span class='ocr_line' id='line_1_72' title="bbox 1985 3257 3484 3329; baseline 0.001 -18"><span class='ocrx_word' id='word_1_531' title='bbox 1985 3257 2161 3314; x_wconf 90' lang='lat' dir='ltr'><strong>Porro</strong></span> <span class='ocrx_word' id='word_1_532' title='bbox 2218 3274 2376 3315; x_wconf 90' lang='lat' dir='ltr'><strong>mens</strong></span> <span class='ocrx_word' id='word_1_533' title='bbox 2423 3259 2591 3314; x_wconf 79' lang='lat' dir='ltr'><strong>unitas</strong></span> <span class='ocrx_word' id='word_1_534' title='bbox 2624 3259 2731 3316; x_wconf 87' lang='lat' dir='ltr'><strong>sibi</strong></span> <span class='ocrx_word' id='word_1_535' title='bbox 2785 3259 3089 3315; x_wconf 87' lang='lat' dir='ltr'><strong>secundum</strong></span> <span class='ocrx_word' id='word_1_536' title='bbox 3143 3257 3484 3329; x_wconf 84' lang='lat' dir='ltr'><strong>hypostasim</strong></span> 
     </span>
    </p>
   </div>
   <div class='ocr_carea' id='block_1_73' title="bbox 1914 3349 3486 3420">
    <p class='ocr_par' dir='ltr' id='par_1_73' title="bbox 1914 3349 3486 3420">
     <span class='ocr_line' id='line_1_73' title="bbox 1914 3349 3486 3420; baseline 0 -17"><span class='ocrx_word' id='word_1_537' title='bbox 1914 3349 2135 3405; x_wconf 88' lang='lat' dir='ltr'><strong>deitatis</strong></span> <span class='ocrx_word' id='word_1_538' title='bbox 2187 3351 2366 3420; x_wconf 63' lang='lat' dir='ltr'><strong>sedes:</strong></span> <span class='ocrx_word' id='word_1_539' title='bbox 2391 3350 2536 3407; x_wconf 86' lang='lat' dir='ltr'><strong>facta</strong></span> <span class='ocrx_word' id='word_1_540' title='bbox 2579 3360 2686 3415; x_wconf 89' lang='lat' dir='ltr'><strong>est,</strong></span> <span class='ocrx_word' id='word_1_541' title='bbox 2742 3351 2891 3407; x_wconf 78' lang='lat' dir='ltr'><strong>velut</strong></span> <span class='ocrx_word' id='word_1_542' title='bbox 2936 3350 3198 3405; x_wconf 86' lang='lat' dir='ltr'><strong>nimirum</strong></span> <span class='ocrx_word' id='word_1_543' title='bbox 3247 3357 3302 3404; x_wconf 91' lang='lat' dir='ltr'><strong>et</strong></span> <span class='ocrx_word' id='word_1_544' title='bbox 3333 3363 3486 3413; x_wconf 90' lang='lat' dir='ltr'><strong>caro,</strong></span> 
     </span>
    </p>
   </div>
   <div class='ocr_carea' id='block_1_74' title="bbox 1912 3439 3488 3514">
    <p class='ocr_par' dir='ltr' id='par_1_74' title="bbox 1912 3439 3488 3514">
     <span class='ocr_line' id='line_1_74' title="bbox 1912 3439 3488 3514; baseline -0.001 -20"><span class='ocrx_word' id='word_1_545' title='bbox 1912 3454 2024 3494; x_wconf 90' lang='lat' dir='ltr'><strong>non</strong></span> <span class='ocrx_word' id='word_1_546' title='bbox 2052 3441 2482 3508; x_wconf 88' lang='lat' dir='ltr'><strong>contubernalis,</strong></span> <span class='ocrx_word' id='word_1_547' title='bbox 2507 3441 2966 3514; x_wconf 88' lang='lat' dir='ltr'><strong>quemadmodum</strong></span> <span class='ocrx_word' id='word_1_548' title='bbox 2993 3441 3160 3512; x_wconf 91' lang='lat' dir='ltr'><strong>impie</strong></span> <span class='ocrx_word' id='word_1_549' title='bbox 3181 3439 3403 3510; x_wconf 88' lang='lat' dir='ltr'><strong>ﬁngitur</strong></span> <span class='ocrx_word' id='word_1_550' title='bbox 3419 3443 3488 3494; x_wconf 85' lang='lat' dir='ltr'><strong>ah</strong></span> 
     </span>
    </p>
   </div>
   <div class='ocr_carea' id='block_1_75' title="bbox 1908 3530 3484 3602">
    <p class='ocr_par' dir='ltr' id='par_1_75' title="bbox 1908 3530 3484 3602">
     <span class='ocr_line' id='line_1_75' title="bbox 1908 3530 3484 3602; baseline 0.001 -19"><span class='ocrx_word' id='word_1_551' title='bbox 1908 3530 2200 3596; x_wconf 68' lang='lat' dir='ltr'><strong>haereticis,</strong></span> <span class='ocrx_word' id='word_1_552' title='bbox 2223 3546 2346 3586; x_wconf 91' lang='lat' dir='ltr'><strong>cum</strong></span> <span class='ocrx_word' id='word_1_553' title='bbox 2372 3533 2560 3589; x_wconf 90' lang='lat' dir='ltr'><strong>aiunt:</strong></span> <span class='ocrx_word' id='word_1_554' title='bbox 2584 3533 2741 3590; x_wconf 92' lang='lat' dir='ltr'><strong>Unus</strong></span> <span class='ocrx_word' id='word_1_555' title='bbox 2770 3531 2985 3588; x_wconf 87' lang='lat' dir='ltr'><strong>modius</strong></span> <span class='ocrx_word' id='word_1_556' title='bbox 3011 3546 3117 3586; x_wconf 91' lang='lat' dir='ltr'><strong>non</strong></span> <span class='ocrx_word' id='word_1_557' title='bbox 3143 3531 3289 3602; x_wconf 86' lang='lat' dir='ltr'><strong>capit</strong></span> <span class='ocrx_word' id='word_1_558' title='bbox 3319 3531 3484 3599; x_wconf 89' lang='lat' dir='ltr'><strong>duos;</strong></span> 
     </span>
    </p>
   </div>
   <div class='ocr_carea' id='block_1_76' title="bbox 1917 3619 3488 3693">
    <p class='ocr_par' dir='ltr' id='par_1_76' title="bbox 1917 3619 3488 3693">
     <span class='ocr_line' id='line_1_76' title="bbox 1917 3619 3488 3693; baseline 0 -20"><span class='ocrx_word' id='word_1_559' title='bbox 1917 3620 1985 3673; x_wconf 90' lang='lat' dir='ltr'><strong>de</strong></span> <span class='ocrx_word' id='word_1_560' title='bbox 2021 3619 2185 3675; x_wconf 89' lang='lat' dir='ltr'><strong>rebus</strong></span> <span class='ocrx_word' id='word_1_561' title='bbox 2209 3634 2238 3673; x_wconf 92' lang='lat' dir='ltr'><strong>a</strong></span> <span class='ocrx_word' id='word_1_562' title='bbox 2271 3623 2500 3676; x_wconf 88' lang='lat' dir='ltr'><strong>materia</strong></span> <span class='ocrx_word' id='word_1_563' title='bbox 2525 3623 2749 3677; x_wconf 90' lang='lat' dir='ltr'><strong>remotis</strong></span> <span class='ocrx_word' id='word_1_564' title='bbox 2789 3621 2854 3676; x_wconf 88' lang='lat' dir='ltr'><strong>ad</strong></span> <span class='ocrx_word' id='word_1_565' title='bbox 2885 3623 3060 3677; x_wconf 79' lang='lat' dir='ltr'><strong>instar</strong></span> <span class='ocrx_word' id='word_1_566' title='bbox 3087 3636 3376 3693; x_wconf 88' lang='lat' dir='ltr'><strong>corporum</strong></span> <span class='ocrx_word' id='word_1_567' title='bbox 3399 3621 3488 3690; x_wconf 87' lang='lat' dir='ltr'><strong>ju-</strong></span> 
     </span>
    </p>
   </div>
   <div class='ocr_carea' id='block_1_77' title="bbox 1915 3710 3487 3783">
    <p class='ocr_par' dir='ltr' id='par_1_77' title="bbox 1915 3710 3487 3783">
     <span class='ocr_line' id='line_1_77' title="bbox 1915 3710 3487 3783; baseline 0.001 -19"><span class='ocrx_word' id='word_1_568' title='bbox 1915 3710 2188 3765; x_wconf 86' lang='lat' dir='ltr'><strong>dicantes.</strong></span> <span class='ocrx_word' id='word_1_569' title='bbox 2253 3711 2502 3776; x_wconf 84' lang='lat' dir='ltr'><strong>Quonam</strong></span> <span class='ocrx_word' id='word_1_570' title='bbox 2560 3721 2740 3767; x_wconf 87' lang='lat' dir='ltr'><strong>autem</strong></span> <span class='ocrx_word' id='word_1_571' title='bbox 2771 3723 2929 3783; x_wconf 87' lang='lat' dir='ltr'><strong>pacto</strong></span> <span class='ocrx_word' id='word_1_572' title='bbox 2967 3712 3224 3770; x_wconf 88' lang='lat' dir='ltr'><strong>Christus</strong></span> <span class='ocrx_word' id='word_1_573' title='bbox 3267 3711 3487 3768; x_wconf 90' lang='lat' dir='ltr'><strong>dicatur</strong></span> 
     </span>
    </p>
   </div>
   <div class='ocr_carea' id='block_1_78' title="bbox 1914 3796 3486 3872">
    <p class='ocr_par' dir='ltr' id='par_1_78' title="bbox 1914 3796 3486 3872">
     <span class='ocr_line' id='line_1_78' title="bbox 1914 3796 3486 3872; baseline 0.004 -23"><span class='ocrx_word' id='word_1_574' title='bbox 1914 3796 2059 3852; x_wconf 90' lang='lat' dir='ltr'><strong>Deus</strong></span> <span class='ocrx_word' id='word_1_575' title='bbox 2114 3796 2417 3868; x_wconf 82' lang='lat' dir='ltr'><strong>perfectus,</strong></span> <span class='ocrx_word' id='word_1_576' title='bbox 2463 3808 2518 3855; x_wconf 89' lang='lat' dir='ltr'><strong>et</strong></span> <span class='ocrx_word' id='word_1_577' title='bbox 2548 3800 2712 3856; x_wconf 89' lang='lat' dir='ltr'><strong>homo</strong></span> <span class='ocrx_word' id='word_1_578' title='bbox 2748 3802 3047 3872; x_wconf 81' lang='lat' dir='ltr'><strong>perfectus,</strong></span> <span class='ocrx_word' id='word_1_579' title='bbox 3110 3802 3368 3872; x_wconf 88' lang='lat' dir='ltr'><strong>Patrique</strong></span> <span class='ocrx_word' id='word_1_580' title='bbox 3425 3811 3486 3856; x_wconf 86' lang='lat' dir='ltr'><strong>et</strong></span> 
     </span>
    </p>
   </div>
   <div class='ocr_carea' id='block_1_79' title="bbox 858 3965 3484 4048">
    <p class='ocr_par' dir='ltr' id='par_1_79' title="bbox 858 3965 3484 4048">
     <span class='ocr_line' id='line_1_79' title="bbox 858 3965 3484 4048; baseline 0.005 -29"><span class='ocrx_word' id='word_1_581' title='bbox 858 3967 902 4048; x_wconf 62' lang='grc' dir='ltr'><strong><em>οξ</em></strong></span> <span class='ocrx_word' id='word_1_582' title='bbox 934 3965 1345 4048; x_wconf 48' lang='grc' dir='ltr'>θ’ξοιιτηυεαίυ.</span> <span class='ocrx_word' id='word_1_583' title='bbox 1386 3987 1526 4025; x_wconf 87' lang='lat' dir='ltr'><strong>nom.</strong></span> <span class='ocrx_word' id='word_1_584' title='bbox 1578 3986 1700 4048; x_wconf 81' lang='lat' dir='ltr'><strong>cap.</strong></span> <span class='ocrx_word' id='word_1_585' title='bbox 1748 3973 1802 4026; x_wconf 74' lang='grc'>2.</span> <span class='ocrx_word' id='word_1_586' title='bbox 1832 3974 1935 4048; x_wconf 40' lang='grc' dir='ltr'><strong>ηαξ</strong></span> <span class='ocrx_word' id='word_1_587' title='bbox 1956 3976 2158 4028; x_wconf 84' lang='lat' dir='ltr'><strong>Athan.</strong></span> <span class='ocrx_word' id='word_1_588' title='bbox 2215 3975 2294 4048; x_wconf 80' lang='lat' dir='ltr'><strong>De</strong></span> <span class='ocrx_word' id='word_1_589' title='bbox 2322 3977 2629 4048; x_wconf 54' lang='lat' dir='ltr'><strong>cyaneae.</strong></span> <span class='ocrx_word' id='word_1_590' title='bbox 2661 3977 2898 4039; x_wconf 82' lang='lat' dir='ltr'><strong>Clu-ist.;</strong></span> <span class='ocrx_word' id='word_1_591' title='bbox 2937 3977 3105 4048; x_wconf 68' lang='lat' dir='ltr'><strong>Greg.</strong></span> <span class='ocrx_word' id='word_1_592' title='bbox 3151 3976 3280 4032; x_wconf 83' lang='lat' dir='ltr'><strong>Naz.</strong></span> <span class='ocrx_word' id='word_1_593' title='bbox 3321 3978 3484 4048; x_wconf 90' lang='lat' dir='ltr'><strong>epist.</strong></span> 
     </span>
    </p>
   </div>
   <div class='ocr_carea' id='block_1_80' title="bbox 1829 4042 3135 4118">
    <p class='ocr_par' dir='ltr' id='par_1_80' title="bbox 1829 4042 3135 4118">
     <span class='ocr_line' id='line_1_80' title="bbox 1829 4042 3135 4118; baseline 0.001 -19"><span class='ocrx_word' id='word_1_594' title='bbox 1829 4042 1874 4074; x_wconf 72' lang='grc'>⁸⁸</span> <span class='ocrx_word' id='word_1_595' title='bbox 1896 4042 2057 4115; x_wconf 83' lang='lat' dir='ltr'><strong>Creg.</strong></span> <span class='ocrx_word' id='word_1_596' title='bbox 2085 4053 2228 4101; x_wconf 90' lang='lat' dir='ltr'><strong>orat.</strong></span> <span class='ocrx_word' id='word_1_597' title='bbox 2260 4046 2307 4114; x_wconf 83' lang='grc'>1,</span> <span class='ocrx_word' id='word_1_598' title='bbox 2340 4047 2408 4102; x_wconf 82' lang='lat'><strong>&#39;58</strong></span> <span class='ocrx_word' id='word_1_599' title='bbox 2439 4056 2493 4101; x_wconf 91' lang='lat' dir='ltr'><strong>et</strong></span> <span class='ocrx_word' id='word_1_600' title='bbox 2522 4047 2607 4101; x_wconf 78' lang='grc'><strong>51.</strong></span> <span class='ocrx_word' id='word_1_601' title='bbox 2687 4048 2853 4101; x_wconf 71' lang='lat' dir='ltr'><strong>“lui.</strong></span> <span class='ocrx_word' id='word_1_602' title='bbox 2889 4063 3011 4118; x_wconf 90' lang='lat' dir='ltr'><strong>cap.</strong></span> <span class='ocrx_word' id='word_1_603' title='bbox 3047 4042 3135 4101; x_wconf 70' lang='lat' dir='ltr'><strong>i8.</strong></span> 
     </span>
    </p>
   </div>
   <div class='ocr_carea' id='block_1_81' title="bbox 1540 4193 2208 4256">
    <p class='ocr_par' dir='ltr' id='par_1_81' title="bbox 1540 4193 2208 4256">
     <span class='ocr_line' id='line_1_81' title="bbox 1540 4193 2208 4256; baseline 0.01 -7"><span class='ocrx_word' id='word_1_604' title='bbox 1540 4193 1769 4249; x_wconf 67' lang='lat' dir='ltr'><strong>VARIAE</strong></span> <span class='ocrx_word' id='word_1_605' title='bbox 1808 4195 2099 4254; x_wconf 84' lang='lat' dir='ltr'><strong>LECTION</strong></span> <span class='ocrx_word' id='word_1_606' title='bbox 2106 4198 2208 4256; x_wconf 88' lang='lat' dir='ltr'><strong>ES.</strong></span> 
     </span>
    </p>
   </div>
   <div class='ocr_carea' id='block_1_82' title="bbox 239 4324 3483 4406">
    <p class='ocr_par' dir='ltr' id='par_1_82' title="bbox 239 4324 3483 4406">
     <span class='ocr_line' id='line_1_82' title="bbox 239 4324 3483 4406; baseline 0.003 -27"><span class='ocrx_word' id='word_1_607' title='bbox 239 4335 282 4406; x_wconf 47' lang='grc' dir='ltr'><strong>ξ.</strong></span> <span class='ocrx_word' id='word_1_608' title='bbox 307 4324 466 4406; x_wconf 74' lang='lat' dir='ltr'><strong>Edita</strong></span> <span class='ocrx_word' id='word_1_609' title='bbox 494 4327 779 4396; x_wconf 71' lang='grc' dir='ltr'>ἐφύτευσε.</span> <span class='ocrx_word' id='word_1_610' title='bbox 818 4337 846 4376; x_wconf 69' lang='grc' dir='ltr'>ι’</span> <span class='ocrx_word' id='word_1_611' title='bbox 871 4328 1060 4395; x_wconf 86' lang='lat' dir='ltr'><strong>Quidsi</strong></span> <span class='ocrx_word' id='word_1_612' title='bbox 1091 4326 1429 4406; x_wconf 51' lang='lat' dir='ltr'><strong>legasatccog</strong></span> <span class='ocrx_word' id='word_1_613' title='bbox 1460 4328 1722 4406; x_wconf 71' lang='grc' dir='ltr'>σύνοικος,</span> <span class='ocrx_word' id='word_1_614' title='bbox 1742 4329 1914 4392; x_wconf 73' lang='grc' dir='ltr'>νεΙὼς</span> <span class='ocrx_word' id='word_1_615' title='bbox 1934 4333 2200 4406; x_wconf 80' lang='grc' dir='ltr'>σύνοικος,</span> <span class='ocrx_word' id='word_1_616' title='bbox 2231 4337 2388 4406; x_wconf 81' lang='lat' dir='ltr'><strong>veluti</strong></span> <span class='ocrx_word' id='word_1_617' title='bbox 2411 4339 2829 4406; x_wconf 70' lang='lat' dir='ltr'><strong>contubernalis,</strong></span> <span class='ocrx_word' id='word_1_618' title='bbox 2855 4349 2917 4394; x_wconf 90' lang='lat' dir='ltr'><strong>ut</strong></span> <span class='ocrx_word' id='word_1_619' title='bbox 2942 4339 3083 4394; x_wconf 84' lang='lat' dir='ltr'><strong>infra</strong></span> <span class='ocrx_word' id='word_1_620' title='bbox 3121 4353 3242 4406; x_wconf 90' lang='lat' dir='ltr'><strong>cap.</strong></span> <span class='ocrx_word' id='word_1_621' title='bbox 3283 4337 3344 4390; x_wconf 79' lang='grc'><strong>18</strong></span> <span class='ocrx_word' id='word_1_622' title='bbox 3379 4352 3483 4390; x_wconf 81' lang='lat' dir='ltr'><strong>:cx</strong></span> 
     </span>
    </p>
   </div>
   <div class='ocr_carea' id='block_1_83' title="bbox 233 4397 3479 4478">
    <p class='ocr_par' dir='ltr' id='par_1_83' title="bbox 233 4397 3479 4478">
     <span class='ocr_line' id='line_1_83' title="bbox 233 4397 3479 4478; baseline 0.002 -24"><span class='ocrx_word' id='word_1_623' title='bbox 233 4397 610 4463; x_wconf 80' lang='lat' dir='ltr'><strong>Nazianzeno,</strong></span> <span class='ocrx_word' id='word_1_624' title='bbox 640 4413 799 4468; x_wconf 86' lang='lat' dir='ltr'><strong>quem</strong></span> <span class='ocrx_word' id='word_1_625' title='bbox 827 4407 1021 4454; x_wconf 89' lang='lat' dir='ltr'><strong>auctor</strong></span> <span class='ocrx_word' id='word_1_626' title='bbox 1055 4397 1362 4454; x_wconf 82' lang='lat' dir='ltr'><strong>exscribit?</strong></span> <span class='ocrx_word' id='word_1_627' title='bbox 1391 4397 1757 4464; x_wconf 83' lang='lat' dir='ltr'><strong>Quamobrem</strong></span> <span class='ocrx_word' id='word_1_628' title='bbox 1788 4403 2040 4470; x_wconf 84' lang='lat' dir='ltr'><strong>sequitur</strong></span> <span class='ocrx_word' id='word_1_629' title='bbox 2077 4397 2480 4460; x_wconf 82' lang='lat' dir='ltr'><strong>emendandum</strong></span> <span class='ocrx_word' id='word_1_630' title='bbox 2513 4410 2611 4478; x_wconf 86' lang='grc' dir='ltr'><strong>οὐχ</strong></span> <span class='ocrx_word' id='word_1_631' title='bbox 2636 4402 2762 4476; x_wconf 68' lang='grc' dir='ltr'><strong>ῶςῆ</strong></span> <span class='ocrx_word' id='word_1_632' title='bbox 2785 4397 2892 4462; x_wconf 77' lang='grc' dir='ltr'><strong>τῶν</strong></span> <span class='ocrx_word' id='word_1_633' title='bbox 2923 4397 3237 4476; x_wconf 74' lang='grc' dir='ltr'>αἱρετικῶν,</span> <span class='ocrx_word' id='word_1_634' title='bbox 3263 4423 3317 4460; x_wconf 86' lang='grc' dir='ltr'><strong>κ.</strong></span> <span class='ocrx_word' id='word_1_635' title='bbox 3345 4422 3395 4460; x_wconf 91' lang='grc' dir='ltr'><strong>τ.</strong></span> <span class='ocrx_word' id='word_1_636' title='bbox 3433 4423 3479 4460; x_wconf 90' lang='grc' dir='ltr'><strong>ε.</strong></span> 
     </span>
    </p>
   </div>
   <div class='ocr_carea' id='block_1_84' title="bbox 1746 4557 1980 4614">
    <p class='ocr_par' dir='ltr' id='par_1_84' title="bbox 1746 4557 1980 4614">
     <span class='ocr_line' id='line_1_84' title="bbox 1746 4557 1980 4614; baseline 0.017 -4"><span class='ocrx_word' id='word_1_637' title='bbox 1746 4557 1953 4614; x_wconf 64' lang='lat' dir='ltr'><strong>NOTAE</strong></span> <span class='ocrx_word' id='word_1_638' title='bbox 1967 4599 1980 4613; x_wconf 94' lang='lat'><strong>.</strong></span> 
     </span>
    </p>
   </div>
   <div class='ocr_carea' id='block_1_85' title="bbox 302 4647 3479 4736">
    <p class='ocr_par' dir='ltr' id='par_1_85' title="bbox 302 4647 3479 4736">
     <span class='ocr_line' id='line_1_85' title="bbox 302 4647 3479 4736; baseline 0.003 -33"><span class='ocrx_word' id='word_1_639' title='bbox 750 4647 996 4736; x_wconf 43' lang='grc' dir='ltr'>ἔρρειν.</span> <span class='ocrx_word' id='word_1_640' title='bbox 1046 4649 1197 4736; x_wconf 53' lang='lat' dir='ltr'><strong>Ergo</strong></span> <span class='ocrx_word' id='word_1_641' title='bbox 1347 4649 1637 4736; x_wconf 46' lang='lat' dir='ltr'><strong>yet-bimi,</strong></span> <span class='ocrx_word' id='word_1_642' title='bbox 1688 4661 1795 4736; x_wconf 60' lang='lat' dir='ltr'><strong>etc.</strong></span> <span class='ocrx_word' id='word_1_643' title='bbox 1832 4656 1875 4710; x_wconf 88' lang='lat' dir='ltr'><strong>D</strong></span> <span class='ocrx_word' id='word_1_644' title='bbox 1905 4653 2185 4736; x_wconf 83' lang='grc' dir='ltr'>ἐγγυτέρῳ</span> <span class='ocrx_word' id='word_1_645' title='bbox 2210 4692 2224 4716; x_wconf 93' lang='grc'><strong>,</strong></span> <span class='ocrx_word' id='word_1_646' title='bbox 2258 4654 2738 4736; x_wconf 43' lang='grc' dir='ltr'>καὶλοίκειοτέρῳ,</span> <span class='ocrx_word' id='word_1_647' title='bbox 2772 4657 2869 4708; x_wconf 74' lang='grc' dir='ltr'><strong>καὶ</strong></span> <span class='ocrx_word' id='word_1_648' title='bbox 2916 4657 3003 4736; x_wconf 77' lang='grc' dir='ltr'>διὰ</span> <span class='ocrx_word' id='word_1_649' title='bbox 3046 4657 3238 4736; x_wconf 64' lang='grc' dir='ltr'>τούτου</span> <span class='ocrx_word' id='word_1_650' title='bbox 3291 4663 3479 4731; x_wconf 71' lang='grc' dir='ltr'>σαρκὶ,</span> 
     </span>
    </p>
   </div>
   <div class='ocr_carea' id='block_1_86' title="bbox 230 4717 1802 4788">
    <p class='ocr_par' dir='ltr' id='par_1_86' title="bbox 230 4717 1802 4788">
     <span class='ocr_line' id='line_1_86' title="bbox 230 4717 1802 4788; baseline 0.001 -16"><span class='ocrx_word' id='word_1_651' title='bbox 230 4717 350 4774; x_wconf 82' lang='lat' dir='ltr'><strong>Hoc</strong></span> <span class='ocrx_word' id='word_1_652' title='bbox 383 4717 706 4788; x_wconf 68' lang='lat' dir='ltr'><strong>Damasceni</strong></span> <span class='ocrx_word' id='word_1_653' title='bbox 739 4717 945 4772; x_wconf 89' lang='lat' dir='ltr'><strong>dictum</strong></span> <span class='ocrx_word' id='word_1_654' title='bbox 983 4717 1203 4788; x_wconf 81' lang='lat' dir='ltr'><strong>quidam</strong></span> <span class='ocrx_word' id='word_1_655' title='bbox 1252 4719 1706 4788; x_wconf 78' lang='lat' dir='ltr'><strong>interpretantur,</strong></span> <span class='ocrx_word' id='word_1_656' title='bbox 1742 4731 1802 4775; x_wconf 90' lang='lat' dir='ltr'><strong>ut</strong></span> 
     </span>
    </p>
   </div>
   <div class='ocr_carea' id='block_1_87' title="bbox 231 4786 1802 4857">
    <p class='ocr_par' dir='ltr' id='par_1_87' title="bbox 231 4786 1802 4857">
     <span class='ocr_line' id='line_1_87' title="bbox 231 4786 1802 4857; baseline 0.001 -16"><span class='ocrx_word' id='word_1_657' title='bbox 231 4803 367 4842; x_wconf 89' lang='lat' dir='ltr'><strong>caro</strong></span> <span class='ocrx_word' id='word_1_658' title='bbox 399 4803 427 4841; x_wconf 89' lang='lat' dir='ltr'><strong>a</strong></span> <span class='ocrx_word' id='word_1_659' title='bbox 455 4786 635 4844; x_wconf 84' lang='lat' dir='ltr'><strong>Verbo</strong></span> <span class='ocrx_word' id='word_1_660' title='bbox 685 4797 911 4857; x_wconf 89' lang='lat' dir='ltr'><strong>accepta</strong></span> <span class='ocrx_word' id='word_1_661' title='bbox 960 4786 1055 4850; x_wconf 80' lang='lat' dir='ltr'><strong>sit,</strong></span> <span class='ocrx_word' id='word_1_662' title='bbox 1098 4787 1229 4857; x_wconf 80' lang='lat' dir='ltr'><strong>quia</strong></span> <span class='ocrx_word' id='word_1_663' title='bbox 1266 4786 1462 4842; x_wconf 74' lang='lat' dir='ltr'><strong>aninia:</strong></span> <span class='ocrx_word' id='word_1_664' title='bbox 1512 4791 1802 4844; x_wconf 86' lang='lat' dir='ltr'><strong>rationalis</strong></span> 
     </span>
    </p>
   </div>
   <div class='ocr_carea' id='block_1_88' title="bbox 234 4857 1802 4924">
    <p class='ocr_par' dir='ltr' id='par_1_88' title="bbox 234 4857 1802 4924">
     <span class='ocr_line' id='line_1_88' title="bbox 234 4857 1802 4924; baseline 0.001 -13"><span class='ocrx_word' id='word_1_665' title='bbox 234 4873 367 4924; x_wconf 84' lang='lat' dir='ltr'><strong>ergo</strong></span> <span class='ocrx_word' id='word_1_666' title='bbox 427 4857 671 4913; x_wconf 87' lang='lat' dir='ltr'><strong>humana</strong></span> <span class='ocrx_word' id='word_1_667' title='bbox 725 4872 856 4912; x_wconf 91' lang='lat' dir='ltr'><strong>caro</strong></span> <span class='ocrx_word' id='word_1_668' title='bbox 924 4859 1146 4913; x_wconf 89' lang='lat' dir='ltr'><strong>condita</strong></span> <span class='ocrx_word' id='word_1_669' title='bbox 1210 4859 1332 4911; x_wconf 76' lang='lat' dir='ltr'><strong>fuit.</strong></span> <span class='ocrx_word' id='word_1_670' title='bbox 1394 4857 1594 4912; x_wconf 85' lang='lat' dir='ltr'><strong>Verum</strong></span> <span class='ocrx_word' id='word_1_671' title='bbox 1653 4860 1802 4914; x_wconf 84' lang='lat' dir='ltr'><strong>aliud</strong></span> 
     </span>
    </p>
   </div>
   <div class='ocr_carea' id='block_1_89' title="bbox 235 4926 1804 4997">
    <p class='ocr_par' dir='ltr' id='par_1_89' title="bbox 235 4926 1804 4997">
     <span class='ocr_line' id='line_1_89' title="bbox 235 4926 1804 4997; baseline 0.003 -20"><span class='ocrx_word' id='word_1_672' title='bbox 235 4926 516 4997; x_wconf 85' lang='lat' dir='ltr'><strong>quidpiam</strong></span> <span class='ocrx_word' id='word_1_673' title='bbox 546 4927 729 4981; x_wconf 82' lang='lat' dir='ltr'><strong>innuit</strong></span> <span class='ocrx_word' id='word_1_674' title='bbox 764 4946 777 4982; x_wconf 93' lang='lat'>:</span> <span class='ocrx_word' id='word_1_675' title='bbox 810 4929 1069 4983; x_wconf 90' lang='lat' dir='ltr'><strong>nimirum</strong></span> <span class='ocrx_word' id='word_1_676' title='bbox 1095 4936 1305 4982; x_wconf 88' lang='lat' dir='ltr'><strong>tantum</strong></span> <span class='ocrx_word' id='word_1_677' title='bbox 1329 4927 1540 4991; x_wconf 68' lang='lat' dir='ltr'><strong>abcssn,</strong></span> <span class='ocrx_word' id='word_1_678' title='bbox 1568 4937 1626 4997; x_wconf 91' lang='lat' dir='ltr'><strong>ut</strong></span> <span class='ocrx_word' id='word_1_679' title='bbox 1647 4931 1804 4997; x_wconf 82' lang='lat' dir='ltr'><strong>juxta</strong></span> 
     </span>
    </p>
   </div>
   <div class='ocr_carea' id='block_1_90' title="bbox 238 4996 1804 5067">
    <p class='ocr_par' dir='ltr' id='par_1_90' title="bbox 238 4996 1804 5067">
     <span class='ocr_line' id='line_1_90' title="bbox 238 4996 1804 5067; baseline 0.002 -22"><span class='ocrx_word' id='word_1_680' title='bbox 238 4996 599 5067; x_wconf 66' lang='lat' dir='ltr'><strong>acseutiebat</strong></span> <span class='ocrx_word' id='word_1_681' title='bbox 625 4998 1022 5067; x_wconf 87' lang='lat' dir='ltr'><strong>Apollinarius,</strong></span> <span class='ocrx_word' id='word_1_682' title='bbox 1055 4997 1342 5052; x_wconf 87' lang='lat' dir='ltr'><strong>rationalis</strong></span> <span class='ocrx_word' id='word_1_683' title='bbox 1373 5000 1555 5050; x_wconf 85' lang='lat' dir='ltr'><strong>anima</strong></span> <span class='ocrx_word' id='word_1_684' title='bbox 1581 4996 1804 5052; x_wconf 81' lang='lat' dir='ltr'><strong>Christo</strong></span> 
     </span>
    </p>
   </div>
   <div class='ocr_carea' id='block_1_91' title="bbox 237 5060 1807 5140">
    <p class='ocr_par' dir='ltr' id='par_1_91' title="bbox 237 5060 1807 5140">
     <span class='ocr_line' id='line_1_91' title="bbox 237 5060 1807 5140; baseline 0.005 -26"><span class='ocrx_word' id='word_1_685' title='bbox 237 5060 512 5140; x_wconf 67' lang='lat' dir='ltr'><strong>defuerit;</strong></span> <span class='ocrx_word' id='word_1_686' title='bbox 555 5060 716 5140; x_wconf 58' lang='lat' dir='ltr'><strong>quin</strong></span> <span class='ocrx_word' id='word_1_687' title='bbox 753 5069 937 5138; x_wconf 89' lang='lat' dir='ltr'><strong>potius</strong></span> <span class='ocrx_word' id='word_1_688' title='bbox 1010 5060 1336 5140; x_wconf 84' lang='lat' dir='ltr'><strong>interposita</strong></span> <span class='ocrx_word' id='word_1_689' title='bbox 1379 5077 1536 5140; x_wconf 63' lang='lat' dir='ltr'><strong>esset</strong></span> <span class='ocrx_word' id='word_1_690' title='bbox 1565 5107 1580 5130; x_wconf 90' lang='lat'><strong>,</strong></span> <span class='ocrx_word' id='word_1_691' title='bbox 1630 5071 1807 5122; x_wconf 85' lang='lat' dir='ltr'><strong>instar</strong></span> 
     </span>
    </p>
   </div>
   <div class='ocr_carea' id='block_1_92' title="bbox 236 5128 1805 5208">
    <p class='ocr_par' dir='ltr' id='par_1_92' title="bbox 236 5128 1805 5208">
     <span class='ocr_line' id='line_1_92' title="bbox 236 5128 1805 5208; baseline 0.006 -25"><span class='ocrx_word' id='word_1_692' title='bbox 236 5128 408 5208; x_wconf 76' lang='lat' dir='ltr'><strong>medii</strong></span> <span class='ocrx_word' id='word_1_693' title='bbox 440 5128 883 5208; x_wconf 38' lang='lat' dir='ltr'><strong>etviuculquuo</strong></span> <span class='ocrx_word' id='word_1_694' title='bbox 915 5128 1174 5208; x_wconf 46' lang='lat' dir='ltr'><strong>extremi</strong></span> <span class='ocrx_word' id='word_1_695' title='bbox 1204 5137 1307 5208; x_wconf 84' lang='lat' dir='ltr'><strong>ista</strong></span> <span class='ocrx_word' id='word_1_696' title='bbox 1331 5175 1346 5199; x_wconf 95' lang='lat'><strong>,</strong></span> <span class='ocrx_word' id='word_1_697' title='bbox 1379 5135 1522 5192; x_wconf 90' lang='lat' dir='ltr'><strong>Deus</strong></span> <span class='ocrx_word' id='word_1_698' title='bbox 1551 5128 1607 5208; x_wconf 72' lang='lat' dir='ltr'><strong>et</strong></span> <span class='ocrx_word' id='word_1_699' title='bbox 1651 5153 1805 5202; x_wconf 84' lang='lat' dir='ltr'><strong>caro,</strong></span> 
     </span>
    </p>
   </div>
   <div class='ocr_carea' id='block_1_93' title="bbox 235 5199 1802 5327">
    <p class='ocr_par' dir='ltr' id='par_1_93' title="bbox 235 5199 1802 5327">
     <span class='ocr_line' id='line_1_93' title="bbox 235 5199 1802 5327; baseline 0.003 -71"><span class='ocrx_word' id='word_1_700' title='bbox 235 5199 653 5282; x_wconf 56' lang='lat' dir='ltr'><strong>capularentur:</strong></span> <span class='ocrx_word' id='word_1_701' title='bbox 687 5199 744 5258; x_wconf 93' lang='lat' dir='ltr'><strong>ld</strong></span> <span class='ocrx_word' id='word_1_702' title='bbox 780 5199 995 5278; x_wconf 78' lang='lat' dir='ltr'><strong>accepit</strong></span> <span class='ocrx_word' id='word_1_703' title='bbox 1028 5223 1094 5260; x_wconf 77' lang='lat' dir='ltr'><strong>ex</strong></span> <span class='ocrx_word' id='word_1_704' title='bbox 1131 5203 1436 5327; x_wconf 49' lang='lat' dir='ltr'><strong>Theologo,</strong></span> <span class='ocrx_word' id='word_1_705' title='bbox 1473 5207 1566 5272; x_wconf 85' lang='lat' dir='ltr'><strong>qui</strong></span> <span class='ocrx_word' id='word_1_706' title='bbox 1595 5215 1740 5260; x_wconf 88' lang='lat' dir='ltr'><strong>orat.</strong></span> <span class='ocrx_word' id='word_1_707' title='bbox 1777 5199 1802 5261; x_wconf 75' lang='lat' dir='ltr'><strong>i</strong></span> 
     </span>
     <span class='ocr_line' id='line_1_94' title="bbox 235 5269 1802 5327; baseline 0.001 -1"><span class='ocrx_word' id='word_1_708' title='bbox 235 5279 293 5326; x_wconf 89' lang='lat' dir='ltr'><strong>et</strong></span> <span class='ocrx_word' id='word_1_709' title='bbox 331 5269 465 5322; x_wconf 84' lang='lat' dir='ltr'><strong>allbt</strong></span> <span class='ocrx_word' id='word_1_710' title='bbox 497 5269 597 5323; x_wconf 65' lang='lat' dir='ltr'><strong>hoc</strong></span> <span class='ocrx_word' id='word_1_711' title='bbox 632 5277 875 5327; x_wconf 85' lang='lat' dir='ltr'><strong>mculcat</strong></span> <span class='ocrx_word' id='word_1_712' title='bbox 910 5297 922 5327; x_wconf 91' lang='lat'>:</span> <span class='ocrx_word' id='word_1_713' title='bbox 961 5277 1101 5327; x_wconf 81' lang='lat' dir='ltr'><strong>Deus</strong></span> <span class='ocrx_word' id='word_1_714' title='bbox 1135 5292 1320 5327; x_wconf 88' lang='lat' dir='ltr'><strong>carm.</strong></span> <span class='ocrx_word' id='word_1_715' title='bbox 1388 5276 1442 5327; x_wconf 86' lang='grc' dir='ltr'><strong>ιά</strong></span> <span class='ocrx_word' id='word_1_716' title='bbox 1492 5276 1662 5327; x_wconf 74' lang='grc' dir='ltr'>μέσης</span> <span class='ocrx_word' id='word_1_717' title='bbox 1706 5277 1802 5327; x_wconf 70' lang='grc' dir='ltr'><strong>ὡυ-</strong></span> 
     </span>
    </p>
   </div>
   <div class='ocr_carea' id='block_1_94' title="bbox 232 5269 1809 5346">
    <p class='ocr_par' dir='ltr' id='par_1_94' title="bbox 232 5269 1809 5346">
     <span class='ocr_line' id='line_1_95' title="bbox 232 5269 1809 5346; baseline 0.002 -20"><span class='ocrx_word' id='word_1_718' title='bbox 232 5279 299 5346; x_wconf 67' lang='grc' dir='ltr'><strong>ει</strong></span> <span class='ocrx_word' id='word_1_719' title='bbox 318 5269 465 5346; x_wconf 80' lang='lat' dir='ltr'><strong>alibi</strong></span> <span class='ocrx_word' id='word_1_720' title='bbox 497 5269 606 5346; x_wconf 58' lang='lat' dir='ltr'><strong>hoc</strong></span> <span class='ocrx_word' id='word_1_721' title='bbox 632 5272 875 5346; x_wconf 81' lang='lat' dir='ltr'><strong>inculcat</strong></span> <span class='ocrx_word' id='word_1_722' title='bbox 910 5269 934 5331; x_wconf 72' lang='grc' dir='ltr'>ἱ</span> <span class='ocrx_word' id='word_1_723' title='bbox 961 5277 1101 5331; x_wconf 79' lang='lat' dir='ltr'><strong>Deus</strong></span> <span class='ocrx_word' id='word_1_724' title='bbox 1135 5277 1320 5337; x_wconf 87' lang='lat' dir='ltr'><strong>carni,</strong></span> <span class='ocrx_word' id='word_1_725' title='bbox 1349 5269 1442 5329; x_wconf 72' lang='grc' dir='ltr'>διὰ</span> <span class='ocrx_word' id='word_1_726' title='bbox 1489 5269 1662 5346; x_wconf 77' lang='grc' dir='ltr'>μέσης</span> <span class='ocrx_word' id='word_1_727' title='bbox 1706 5277 1809 5345; x_wconf 60' lang='lat' dir='ltr'><strong>Lpo-</strong></span> 
     </span>
    </p>
   </div>
   <div class='ocr_carea' id='block_1_95' title="bbox 227 5339 1809 5412">
    <p class='ocr_par' dir='ltr' id='par_1_95' title="bbox 227 5339 1809 5412">
     <span class='ocr_line' id='line_1_96' title="bbox 227 5339 1809 5412; baseline 0.009 -25"><span class='ocrx_word' id='word_1_728' title='bbox 227 5341 340 5412; x_wconf 84' lang='grc' dir='ltr'>χῆς</span> <span class='ocrx_word' id='word_1_729' title='bbox 374 5339 686 5412; x_wconf 65' lang='grc' dir='ltr'>ἀνεκράθη,</span> <span class='ocrx_word' id='word_1_730' title='bbox 744 5344 1032 5400; x_wconf 83' lang='lat' dir='ltr'><strong>interventu</strong></span> <span class='ocrx_word' id='word_1_731' title='bbox 1071 5349 1264 5400; x_wconf 66' lang='lat' dir='ltr'><strong>animae</strong></span> <span class='ocrx_word' id='word_1_732' title='bbox 1318 5339 1508 5400; x_wconf 66' lang='lat' dir='ltr'><strong>minus</strong></span> <span class='ocrx_word' id='word_1_733' title='bbox 1557 5339 1668 5410; x_wconf 65' lang='lat' dir='ltr'><strong>est,</strong></span> <span class='ocrx_word' id='word_1_734' title='bbox 1713 5339 1809 5401; x_wconf 75' lang='grc' dir='ltr'><strong>καὶ</strong></span> 
     </span>
    </p>
   </div>
   <div class='ocr_carea' id='block_1_96' title="bbox 225 5406 1808 5486">
    <p class='ocr_par' dir='ltr' id='par_1_96' title="bbox 225 5406 1808 5486">
     <span class='ocr_line' id='line_1_97' title="bbox 225 5406 1808 5486; baseline 0.004 -22"><span class='ocrx_word' id='word_1_735' title='bbox 225 5406 498 5486; x_wconf 64' lang='grc' dir='ltr'>συνεδέθη</span> <span class='ocrx_word' id='word_1_736' title='bbox 515 5406 595 5486; x_wconf 20' lang='grc' dir='ltr'>ὲτά</span> <span class='ocrx_word' id='word_1_737' title='bbox 623 5406 882 5465; x_wconf 82' lang='grc' dir='ltr'>διεστῶτα</span> <span class='ocrx_word' id='word_1_738' title='bbox 906 5419 972 5484; x_wconf 82' lang='grc' dir='ltr'>τῇ</span> <span class='ocrx_word' id='word_1_739' title='bbox 1012 5418 1148 5486; x_wconf 83' lang='grc' dir='ltr'>πρὸς</span> <span class='ocrx_word' id='word_1_740' title='bbox 1174 5416 1344 5486; x_wconf 82' lang='grc' dir='ltr'>ἄμφω</span> <span class='ocrx_word' id='word_1_741' title='bbox 1367 5415 1460 5469; x_wconf 91' lang='grc' dir='ltr'><strong>τοῦ</strong></span> <span class='ocrx_word' id='word_1_742' title='bbox 1497 5406 1808 5486; x_wconf 78' lang='grc' dir='ltr'>μεσιτεύον-</span> 
     </span>
    </p>
   </div>
   <div class='ocr_carea' id='block_1_97' title="bbox 221 5476 1797 5560">
    <p class='ocr_par' dir='ltr' id='par_1_97' title="bbox 221 5476 1797 5560">
     <span class='ocr_line' id='line_1_98' title="bbox 221 5476 1797 5560; baseline 0.004 -26"><span class='ocrx_word' id='word_1_743' title='bbox 221 5496 322 5560; x_wconf 79' lang='grc' dir='ltr'><strong>τος</strong></span> <span class='ocrx_word' id='word_1_744' title='bbox 356 5476 688 5560; x_wconf 75' lang='grc' dir='ltr'>οίκειότητι,</span> <span class='ocrx_word' id='word_1_745' title='bbox 724 5495 904 5560; x_wconf 56' lang='lat' dir='ltr'><strong>reique</strong></span> <span class='ocrx_word' id='word_1_746' title='bbox 946 5476 1306 5560; x_wconf 46' lang='lat' dir='ltr'><strong>discrepantes</strong></span> <span class='ocrx_word' id='word_1_747' title='bbox 1337 5501 1428 5555; x_wconf 83' lang='lat' dir='ltr'><strong>per</strong></span> <span class='ocrx_word' id='word_1_748' title='bbox 1469 5476 1797 5560; x_wconf 62' lang='lat' dir='ltr'><strong>interposita:</strong></span> 
     </span>
    </p>
   </div>
   <div class='ocr_carea' id='block_1_98' title="bbox 222 5551 1793 5623">
    <p class='ocr_par' dir='ltr' id='par_1_98' title="bbox 222 5551 1793 5623">
     <span class='ocr_line' id='line_1_99' title="bbox 222 5551 1793 5623; baseline 0.006 -20"><span class='ocrx_word' id='word_1_749' title='bbox 222 5551 310 5604; x_wconf 83' lang='lat' dir='ltr'><strong>rei</strong></span> <span class='ocrx_word' id='word_1_750' title='bbox 336 5564 460 5602; x_wconf 85' lang='lat' dir='ltr'><strong>cum</strong></span> <span class='ocrx_word' id='word_1_751' title='bbox 486 5555 707 5618; x_wconf 86' lang='lat' dir='ltr'><strong>utraque</strong></span> <span class='ocrx_word' id='word_1_752' title='bbox 735 5551 1038 5623; x_wconf 72' lang='lat' dir='ltr'><strong>afﬁnitatem</strong></span> <span class='ocrx_word' id='word_1_753' title='bbox 1056 5551 1314 5623; x_wconf 75' lang='lat' dir='ltr'><strong>copulata:</strong></span> <span class='ocrx_word' id='word_1_754' title='bbox 1338 5551 1481 5609; x_wconf 71' lang='lat' dir='ltr'><strong>sunt.</strong></span> <span class='ocrx_word' id='word_1_755' title='bbox 1513 5551 1666 5612; x_wconf 79' lang='lat' dir='ltr'><strong>Orat.</strong></span> <span class='ocrx_word' id='word_1_756' title='bbox 1705 5558 1793 5621; x_wconf 85' lang='lat'><strong>5|,</strong></span> 
     </span>
    </p>
   </div>
   <div class='ocr_carea' id='block_1_99' title="bbox 223 5619 1798 5691">
    <p class='ocr_par' dir='ltr' id='par_1_99' title="bbox 223 5619 1798 5691">
     <span class='ocr_line' id='line_1_100' title="bbox 223 5619 1798 5691; baseline 0.005 -18"><span class='ocrx_word' id='word_1_757' title='bbox 223 5626 475 5691; x_wconf 64' lang='lat' dir='ltr'><strong>mentem</strong></span> <span class='ocrx_word' id='word_1_758' title='bbox 504 5633 628 5673; x_wconf 86' lang='lat' dir='ltr'><strong>esse</strong></span> <span class='ocrx_word' id='word_1_759' title='bbox 663 5619 998 5689; x_wconf 86' lang='grc' dir='ltr'>μεσότοιχον,</span> <span class='ocrx_word' id='word_1_760' title='bbox 1024 5619 1124 5683; x_wconf 64' lang='lat' dir='ltr'><strong>ait,</strong></span> <span class='ocrx_word' id='word_1_761' title='bbox 1165 5627 1392 5679; x_wconf 84' lang='lat' dir='ltr'><strong>medium</strong></span> <span class='ocrx_word' id='word_1_762' title='bbox 1424 5631 1676 5691; x_wconf 86' lang='lat' dir='ltr'><strong>parietem</strong></span> <span class='ocrx_word' id='word_1_763' title='bbox 1711 5619 1798 5682; x_wconf 55' lang='lat' dir='ltr'><strong>iné</strong></span> 
     </span>
    </p>
   </div>
   <div class='ocr_carea' id='block_1_100' title="bbox 226 5689 1799 5766">
    <p class='ocr_par' dir='ltr' id='par_1_100' title="bbox 226 5689 1799 5766">
     <span class='ocr_line' id='line_1_101' title="bbox 226 5689 1799 5766; baseline 0.005 -23"><span class='ocrx_word' id='word_1_764' title='bbox 226 5701 317 5746; x_wconf 81' lang='lat' dir='ltr'><strong>ter</strong></span> <span class='ocrx_word' id='word_1_765' title='bbox 367 5689 538 5744; x_wconf 89' lang='lat' dir='ltr'><strong>Deum</strong></span> <span class='ocrx_word' id='word_1_766' title='bbox 570 5697 623 5744; x_wconf 90' lang='lat' dir='ltr'><strong>ct</strong></span> <span class='ocrx_word' id='word_1_767' title='bbox 653 5703 874 5745; x_wconf 86' lang='lat' dir='ltr'><strong>carnem</strong></span> <span class='ocrx_word' id='word_1_768' title='bbox 909 5706 921 5742; x_wconf 91' lang='lat'>:</span> <span class='ocrx_word' id='word_1_769' title='bbox 965 5691 1022 5746; x_wconf 85' lang='lat'><strong>&#39;0</strong></span> <span class='ocrx_word' id='word_1_770' title='bbox 1054 5693 1177 5756; x_wconf 87' lang='grc' dir='ltr'>νοῦς</span> <span class='ocrx_word' id='word_1_771' title='bbox 1203 5695 1279 5763; x_wconf 83' lang='grc' dir='ltr'><strong>τῷ</strong></span> <span class='ocrx_word' id='word_1_772' title='bbox 1321 5695 1400 5748; x_wconf 77' lang='grc' dir='ltr'><strong>νοῒ</strong></span> <span class='ocrx_word' id='word_1_773' title='bbox 1425 5689 1689 5766; x_wconf 80' lang='grc' dir='ltr'>μίγνυται</span> <span class='ocrx_word' id='word_1_774' title='bbox 1725 5701 1799 5762; x_wconf 86' lang='grc' dir='ltr'><strong>ὡς</strong></span> 
     </span>
    </p>
   </div>
   <div class='ocr_carea' id='block_1_101' title="bbox 1907 4724 3480 4797">
    <p class='ocr_par' dir='ltr' id='par_1_101' title="bbox 1907 4724 3480 4797">
     <span class='ocr_line' id='line_1_102' title="bbox 1907 4724 3480 4797; baseline 0.006 -23"><span class='ocrx_word' id='word_1_775' title='bbox 1907 4724 2282 4797; x_wconf 75' lang='grc' dir='ltr'>μεσιτεύοντος</span> <span class='ocrx_word' id='word_1_776' title='bbox 2346 4724 2594 4797; x_wconf 76' lang='grc' dir='ltr'>θεότητι,</span> <span class='ocrx_word' id='word_1_777' title='bbox 2651 4724 2744 4778; x_wconf 76' lang='grc' dir='ltr'>καὶ</span> <span class='ocrx_word' id='word_1_778' title='bbox 2792 4727 3066 4797; x_wconf 86' lang='grc' dir='ltr'>παχύτητι</span> <span class='ocrx_word' id='word_1_779' title='bbox 3106 4743 3122 4758; x_wconf 76' lang='grc' dir='ltr'><strong><em>ο</em></strong></span> <span class='ocrx_word' id='word_1_780' title='bbox 3154 4726 3306 4782; x_wconf 77' lang='lat' dir='ltr'><strong>Mens</strong></span> <span class='ocrx_word' id='word_1_781' title='bbox 3357 4724 3480 4784; x_wconf 73' lang='lat' dir='ltr'><strong>cum</strong></span> 
     </span>
    </p>
   </div>
   <div class='ocr_carea' id='block_1_102' title="bbox 1902 4793 3477 4868">
    <p class='ocr_par' dir='ltr' id='par_1_102' title="bbox 1902 4793 3477 4868">
     <span class='ocr_line' id='line_1_103' title="bbox 1902 4793 3477 4868; baseline 0.007 -25"><span class='ocrx_word' id='word_1_782' title='bbox 1902 4802 2071 4844; x_wconf 88' lang='lat' dir='ltr'><strong>mente</strong></span> <span class='ocrx_word' id='word_1_783' title='bbox 2103 4793 2393 4868; x_wconf 85' lang='lat' dir='ltr'><strong>miscetur,_</strong></span> <span class='ocrx_word' id='word_1_784' title='bbox 2423 4793 2558 4847; x_wconf 86' lang='lat' dir='ltr'><strong>relut</strong></span> <span class='ocrx_word' id='word_1_785' title='bbox 2593 4793 2976 4868; x_wconf 75' lang='lat' dir='ltr'><strong>propinquiori,</strong></span> <span class='ocrx_word' id='word_1_786' title='bbox 2999 4793 3284 4868; x_wconf 75' lang='lat' dir='ltr'><strong>magisque</strong></span> <span class='ocrx_word' id='word_1_787' title='bbox 3310 4799 3477 4868; x_wconf 66' lang='lat' dir='ltr'><strong>aﬂini,</strong></span> 
     </span>
    </p>
   </div>
   <div class='ocr_carea' id='block_1_103' title="bbox 1901 4864 3480 4932">
    <p class='ocr_par' dir='ltr' id='par_1_103' title="bbox 1901 4864 3480 4932">
     <span class='ocr_line' id='line_1_104' title="bbox 1901 4864 3480 4932; baseline 0.007 -18"><span class='ocrx_word' id='word_1_788' title='bbox 1901 4870 1948 4914; x_wconf 83' lang='lat' dir='ltr'><strong>et</strong></span> <span class='ocrx_word' id='word_1_789' title='bbox 1973 4877 2064 4932; x_wconf 85' lang='lat' dir='ltr'><strong>per</strong></span> <span class='ocrx_word' id='word_1_790' title='bbox 2094 4877 2211 4932; x_wconf 88' lang='lat' dir='ltr'><strong>eam</strong></span> <span class='ocrx_word' id='word_1_791' title='bbox 2244 4864 2414 4926; x_wconf 85' lang='lat' dir='ltr'><strong>carni,</strong></span> <span class='ocrx_word' id='word_1_792' title='bbox 2448 4873 2504 4916; x_wconf 91' lang='lat' dir='ltr'><strong>ut</strong></span> <span class='ocrx_word' id='word_1_793' title='bbox 2540 4879 2657 4932; x_wconf 73' lang='lat' dir='ltr'><strong>qua:</strong></span> <span class='ocrx_word' id='word_1_794' title='bbox 2701 4865 2926 4918; x_wconf 85' lang='lat' dir='ltr'><strong>medium</strong></span> <span class='ocrx_word' id='word_1_795' title='bbox 2966 4864 3210 4922; x_wconf 69' lang='lat' dir='ltr'><strong>deitatem</strong></span> <span class='ocrx_word' id='word_1_796' title='bbox 3259 4864 3396 4924; x_wconf 74' lang='lat' dir='ltr'><strong>inter</strong></span> <span class='ocrx_word' id='word_1_797' title='bbox 3429 4882 3480 4925; x_wconf 82' lang='lat' dir='ltr'><strong>et</strong></span> 
     </span>
    </p>
   </div>
   <div class='ocr_carea' id='block_1_104' title="bbox 1904 4931 3478 4995">
    <p class='ocr_par' dir='ltr' id='par_1_104' title="bbox 1904 4931 3478 4995">
     <span class='ocr_line' id='line_1_105' title="bbox 1904 4931 3478 4995; baseline 0.007 -13"><span class='ocrx_word' id='word_1_798' title='bbox 1904 4931 2093 4984; x_wconf 77' lang='lat' dir='ltr'><strong>malent</strong></span> <span class='ocrx_word' id='word_1_799' title='bbox 2114 4931 2286 4985; x_wconf 80' lang='lat' dir='ltr'><strong>locum</strong></span> <span class='ocrx_word' id='word_1_800' title='bbox 2327 4942 2481 4986; x_wconf 83' lang='lat' dir='ltr'><strong>tenet.</strong></span> <span class='ocrx_word' id='word_1_801' title='bbox 2518 4931 2665 4988; x_wconf 81' lang='lat' dir='ltr'><strong>idem</strong></span> <span class='ocrx_word' id='word_1_802' title='bbox 2701 4935 2936 4991; x_wconf 80' lang='lat' dir='ltr'><strong>subinde</strong></span> <span class='ocrx_word' id='word_1_803' title='bbox 2965 4939 3157 4993; x_wconf 85' lang='lat' dir='ltr'><strong>Patres</strong></span> <span class='ocrx_word' id='word_1_804' title='bbox 3183 4939 3273 4992; x_wconf 87' lang='lat' dir='ltr'><strong>alii</strong></span> <span class='ocrx_word' id='word_1_805' title='bbox 3301 4939 3478 4995; x_wconf 78' lang='lat' dir='ltr'><strong>Graeci</strong></span> 
     </span>
    </p>
   </div>
   <div class='ocr_carea' id='block_1_105' title="bbox 1905 4999 2594 5070">
    <p class='ocr_par' dir='ltr' id='par_1_105' title="bbox 1905 4999 2594 5070">
     <span class='ocr_line' id='line_1_106' title="bbox 1905 4999 2594 5070; baseline 0.007 -19"><span class='ocrx_word' id='word_1_806' title='bbox 1905 4999 2202 5070; x_wconf 82' lang='lat' dir='ltr'><strong>Latinique</strong></span> <span class='ocrx_word' id='word_1_807' title='bbox 2231 5002 2594 5056; x_wconf 82' lang='lat' dir='ltr'><strong>tradiderunt.</strong></span> 
     </span>
    </p>
   </div>
   <div class='ocr_carea' id='block_1_106' title="bbox 1977 5070 3479 5145">
    <p class='ocr_par' dir='ltr' id='par_1_106' title="bbox 1977 5070 3479 5145">
     <span class='ocr_line' id='line_1_107' title="bbox 1977 5070 3479 5145; baseline 0.006 -23"><span class='ocrx_word' id='word_1_808' title='bbox 1977 5070 2091 5145; x_wconf 56' lang='grc'>(17)</span> <span class='ocrx_word' id='word_1_809' title='bbox 2124 5071 2233 5145; x_wconf 72' lang='grc' dir='ltr'><strong>Καὶ</strong></span> <span class='ocrx_word' id='word_1_810' title='bbox 2265 5071 2362 5145; x_wconf 78' lang='grc' dir='ltr'>ὅτε</span> <span class='ocrx_word' id='word_1_811' title='bbox 2390 5074 2843 5145; x_wconf 12' lang='grc' dir='ltr'>πῄαραχωρεῖται,</span> <span class='ocrx_word' id='word_1_812' title='bbox 2893 5086 2942 5130; x_wconf 90' lang='lat' dir='ltr'><strong>et</strong></span> <span class='ocrx_word' id='word_1_813' title='bbox 2993 5093 3112 5130; x_wconf 89' lang='lat' dir='ltr'><strong>cum</strong></span> <span class='ocrx_word' id='word_1_814' title='bbox 3152 5095 3185 5132; x_wconf 89' lang='lat' dir='ltr'><strong>a</strong></span> <span class='ocrx_word' id='word_1_815' title='bbox 3215 5085 3479 5145; x_wconf 68' lang='lat' dir='ltr'><strong>pra’stau-</strong></span> 
     </span>
    </p>
   </div>
   <div class='ocr_carea' id='block_1_107' title="bbox 1907 5140 3478 5217">
    <p class='ocr_par' dir='ltr' id='par_1_107' title="bbox 1907 5140 3478 5217">
     <span class='ocr_line' id='line_1_108' title="bbox 1907 5140 3478 5217; baseline 0.003 -25"><span class='ocrx_word' id='word_1_816' title='bbox 1907 5141 2030 5217; x_wconf 74' lang='lat' dir='ltr'><strong>tiori</strong></span> <span class='ocrx_word' id='word_1_817' title='bbox 2053 5140 2262 5217; x_wconf 72' lang='lat' dir='ltr'><strong>ﬁnitur.</strong></span> <span class='ocrx_word' id='word_1_818' title='bbox 2305 5140 2712 5217; x_wconf 39' lang='lat' dir='ltr'><strong>Apollinaris—ta:</strong></span> <span class='ocrx_word' id='word_1_819' title='bbox 2742 5148 3016 5217; x_wconf 86' lang='lat' dir='ltr'><strong>negabant</strong></span> <span class='ocrx_word' id='word_1_820' title='bbox 3047 5148 3163 5201; x_wconf 82' lang='lat' dir='ltr'><strong>ﬁeri</strong></span> <span class='ocrx_word' id='word_1_821' title='bbox 3197 5140 3376 5215; x_wconf 81' lang='lat' dir='ltr'><strong>posse,</strong></span> <span class='ocrx_word' id='word_1_822' title='bbox 3419 5158 3478 5198; x_wconf 88' lang='lat' dir='ltr'><strong>ut</strong></span> 
     </span>
    </p>
   </div>
   <div class='ocr_carea' id='block_1_108' title="bbox 1904 5211 3478 5286">
    <p class='ocr_par' dir='ltr' id='par_1_108' title="bbox 1904 5211 3478 5286">
     <span class='ocr_line' id='line_1_109' title="bbox 1904 5211 3478 5286; baseline 0.003 -22"><span class='ocrx_word' id='word_1_823' title='bbox 1904 5211 2014 5264; x_wconf 87' lang='lat' dir='ltr'><strong>duo</strong></span> <span class='ocrx_word' id='word_1_824' title='bbox 2043 5211 2370 5286; x_wconf 66' lang='grc' dir='ltr'>ὴγεμρνικά,</span> <span class='ocrx_word' id='word_1_825' title='bbox 2418 5212 2704 5286; x_wconf 75' lang='lat' dir='ltr'><strong>facultates</strong></span> <span class='ocrx_word' id='word_1_826' title='bbox 2753 5211 2872 5270; x_wconf 67' lang='grc' dir='ltr'>ἀπίω</span> <span class='ocrx_word' id='word_1_827' title='bbox 2920 5211 3264 5286; x_wconf 77' lang='lat' dir='ltr'><strong>principales,</strong></span> <span class='ocrx_word' id='word_1_828' title='bbox 3302 5217 3478 5268; x_wconf 89' lang='lat' dir='ltr'><strong>actio—</strong></span> 
     </span>
    </p>
   </div>
   <div class='ocr_carea' id='block_1_109' title="bbox 1904 5282 3476 5355">
    <p class='ocr_par' dir='ltr' id='par_1_109' title="bbox 1904 5282 3476 5355">
     <span class='ocr_line' id='line_1_110' title="bbox 1904 5282 3476 5355; baseline 0.001 -22"><span class='ocrx_word' id='word_1_829' title='bbox 1904 5295 2036 5334; x_wconf 91' lang='lat' dir='ltr'><strong>num</strong></span> <span class='ocrx_word' id='word_1_830' title='bbox 2078 5282 2473 5355; x_wconf 71' lang='lat' dir='ltr'><strong>moderatrices</strong></span> <span class='ocrx_word' id='word_1_831' title='bbox 2495 5323 2511 5350; x_wconf 94' lang='lat'><strong>,</strong></span> <span class='ocrx_word' id='word_1_832' title='bbox 2554 5283 2608 5337; x_wconf 93' lang='lat' dir='ltr'><strong>in</strong></span> <span class='ocrx_word' id='word_1_833' title='bbox 2641 5300 2749 5339; x_wconf 87' lang='lat' dir='ltr'><strong>una</strong></span> <span class='ocrx_word' id='word_1_834' title='bbox 2780 5282 3346 5355; x_wconf 54' lang='lat' dir='ltr'><strong>eadeinque&#39;persona</strong></span> <span class='ocrx_word' id='word_1_835' title='bbox 3379 5299 3476 5355; x_wconf 56' lang='lat' dir='ltr'><strong>er-</strong></span> 
     </span>
    </p>
   </div>
   <div class='ocr_carea' id='block_1_110' title="bbox 1905 5349 3472 5423">
    <p class='ocr_par' dir='ltr' id='par_1_110' title="bbox 1905 5349 3472 5423">
     <span class='ocr_line' id='line_1_111' title="bbox 1905 5349 3472 5423; baseline 0.001 -19"><span class='ocrx_word' id='word_1_836' title='bbox 1905 5358 2140 5423; x_wconf 84' lang='lat' dir='ltr'><strong>starent.</strong></span> <span class='ocrx_word' id='word_1_837' title='bbox 2170 5349 2502 5423; x_wconf 77' lang='lat' dir='ltr'><strong>_lnﬁciatur</strong></span> <span class='ocrx_word' id='word_1_838' title='bbox 2541 5355 2761 5422; x_wconf 88' lang='lat' dir='ltr'><strong>quidem</strong></span> <span class='ocrx_word' id='word_1_839' title='bbox 2815 5349 3164 5423; x_wconf 77' lang='lat' dir='ltr'><strong>Theologus,</strong></span> <span class='ocrx_word' id='word_1_840' title='bbox 3201 5359 3343 5405; x_wconf 88' lang='lat' dir='ltr'><strong>orat.</strong></span> <span class='ocrx_word' id='word_1_841' title='bbox 3383 5353 3472 5423; x_wconf 79' lang='grc'><strong>51,</strong></span> 
     </span>
    </p>
   </div>
   <div class='ocr_carea' id='block_1_111' title="bbox 1904 5419 3474 5493">
    <p class='ocr_par' dir='ltr' id='par_1_111' title="bbox 1904 5419 3474 5493">
     <span class='ocr_line' id='line_1_112' title="bbox 1904 5419 3474 5493; baseline 0.003 -21"><span class='ocrx_word' id='word_1_842' title='bbox 1904 5419 2041 5475; x_wconf 90' lang='lat' dir='ltr'><strong>duas</strong></span> <span class='ocrx_word' id='word_1_843' title='bbox 2070 5420 2125 5474; x_wconf 92' lang='lat' dir='ltr'><strong>in</strong></span> <span class='ocrx_word' id='word_1_844' title='bbox 2157 5419 2381 5478; x_wconf 89' lang='lat' dir='ltr'><strong>Christo</strong></span> <span class='ocrx_word' id='word_1_845' title='bbox 2413 5419 2646 5479; x_wconf 79' lang='lat' dir='ltr'><strong>virtutes</strong></span> <span class='ocrx_word' id='word_1_846' title='bbox 2689 5425 2883 5488; x_wconf 79' lang='lat' dir='ltr'><strong>fuisse,</strong></span> <span class='ocrx_word' id='word_1_847' title='bbox 2913 5419 3048 5493; x_wconf 65' lang='lat' dir='ltr'><strong>quae</strong></span> <span class='ocrx_word' id='word_1_848' title='bbox 3065 5423 3315 5493; x_wconf 86' lang='lat' dir='ltr'><strong>actiones</strong></span> <span class='ocrx_word' id='word_1_849' title='bbox 3349 5422 3474 5490; x_wconf 87' lang='lat' dir='ltr'><strong>ejus</strong></span> 
     </span>
    </p>
   </div>
   <div class='ocr_carea' id='block_1_112' title="bbox 1904 5492 3470 5561">
    <p class='ocr_par' dir='ltr' id='par_1_112' title="bbox 1904 5492 3470 5561">
     <span class='ocr_line' id='line_1_113' title="bbox 1904 5492 3470 5561; baseline 0.001 -17"><span class='ocrx_word' id='word_1_850' title='bbox 1904 5504 1969 5544; x_wconf 76' lang='lat' dir='ltr'><strong>ex</strong></span> <span class='ocrx_word' id='word_1_851' title='bbox 1994 5505 2153 5560; x_wconf 60' lang='lat' dir='ltr'><strong>aequo</strong></span> <span class='ocrx_word' id='word_1_852' title='bbox 2183 5494 2602 5546; x_wconf 85' lang='lat' dir='ltr'><strong>moderarentur</strong></span> <span class='ocrx_word' id='word_1_853' title='bbox 2628 5509 2640 5544; x_wconf 92' lang='lat'>:</span> <span class='ocrx_word' id='word_1_854' title='bbox 2668 5505 2904 5547; x_wconf 88' lang='lat' dir='ltr'><strong>mentem</strong></span> <span class='ocrx_word' id='word_1_855' title='bbox 2931 5492 3144 5561; x_wconf 84' lang='lat' dir='ltr'><strong>quippe</strong></span> <span class='ocrx_word' id='word_1_856' title='bbox 3174 5492 3470 5561; x_wconf 83' lang='lat' dir='ltr'><strong>humanam</strong></span> 
     </span>
    </p>
   </div>
   <div class='ocr_carea' id='block_1_113' title="bbox 1905 5560 3475 5632">
    <p class='ocr_par' dir='ltr' id='par_1_113' title="bbox 1905 5560 3475 5632">
     <span class='ocr_line' id='line_1_114' title="bbox 1905 5560 3475 5632; baseline 0.001 -18"><span class='ocrx_word' id='word_1_857' title='bbox 1905 5575 2154 5630; x_wconf 65' lang='lat' dir='ltr'><strong>personae</strong></span> <span class='ocrx_word' id='word_1_858' title='bbox 2201 5562 2364 5617; x_wconf 78' lang='lat' dir='ltr'><strong>Verbi</strong></span> <span class='ocrx_word' id='word_1_859' title='bbox 2405 5561 2636 5632; x_wconf 84' lang='lat' dir='ltr'><strong>subesse</strong></span> <span class='ocrx_word' id='word_1_860' title='bbox 2667 5560 2972 5632; x_wconf 51' lang='lat' dir='ltr'><strong>{caeterum</strong></span> <span class='ocrx_word' id='word_1_861' title='bbox 3021 5576 3142 5616; x_wconf 89' lang='lat' dir='ltr'><strong>eam</strong></span> <span class='ocrx_word' id='word_1_862' title='bbox 3192 5560 3475 5632; x_wconf 73' lang='lat' dir='ltr'><strong>principa-</strong></span> 
     </span>
    </p>
   </div>
   <div class='ocr_carea' id='block_1_114' title="bbox 1906 5624 3469 5754">
    <p class='ocr_par' dir='ltr' id='par_1_114' title="bbox 1906 5624 3469 5754">
     <span class='ocr_line' id='line_1_115' title="bbox 1906 5624 3469 5694; baseline 0.003 -11"><span class='ocrx_word' id='word_1_863' title='bbox 1906 5624 2021 5683; x_wconf 81' lang='lat' dir='ltr'><strong>ium</strong></span> <span class='ocrx_word' id='word_1_864' title='bbox 2077 5645 2338 5687; x_wconf 77' lang='lat' dir='ltr'><strong>exercere</strong></span> <span class='ocrx_word' id='word_1_865' title='bbox 2387 5631 2587 5694; x_wconf 80' lang='lat' dir='ltr'><strong>docet,</strong></span> <span class='ocrx_word' id='word_1_866' title='bbox 2639 5631 2732 5686; x_wconf 88' lang='lat' dir='ltr'><strong>ubi</strong></span> <span class='ocrx_word' id='word_1_867' title='bbox 2779 5647 2810 5686; x_wconf 88' lang='lat' dir='ltr'><strong>a</strong></span> <span class='ocrx_word' id='word_1_868' title='bbox 2852 5630 3039 5685; x_wconf 79' lang='lat' dir='ltr'><strong>divina</strong></span> <span class='ocrx_word' id='word_1_869' title='bbox 3085 5647 3153 5687; x_wconf 87' lang='lat' dir='ltr'><strong>co</strong></span> <span class='ocrx_word' id='word_1_870' title='bbox 3193 5624 3299 5685; x_wconf 73' lang='grc' dir='ltr'><strong>’6ιὶ</strong></span> <span class='ocrx_word' id='word_1_871' title='bbox 3363 5624 3469 5688; x_wconf 73' lang='grc' dir='ltr'>ἐίὺι</span> 
     </span>
     <span class='ocr_line' id='line_1_116' title="bbox 1906 5699 2246 5754; baseline 0 0"><span class='ocrx_word' id='word_1_872' title='bbox 1906 5699 2246 5754; x_wconf 85' lang='lat' dir='ltr'><strong>conceditur.</strong></span> 
     </span>
    </p>
   </div>
   <div class='ocr_carea' id='block_1_115' title="bbox 1905 5701 2246 5757">
    <p class='ocr_par' dir='ltr' id='par_1_115' title="bbox 1905 5701 2246 5757">
     <span class='ocr_line' id='line_1_117' title="bbox 1905 5701 2246 5757; baseline -0.006 -1"><span class='ocrx_word' id='word_1_873' title='bbox 1905 5701 2246 5757; x_wconf 88' lang='lat' dir='ltr'><strong>conceditur.</strong></span> 
     </span>
    </p>
   </div>
  </div>
