4072 6146
545 387 681 456 1011

1717 389 1778 451 S.
1821 389 2062 452 JOANN
2072 392 2140 451 IS
2163 391 2591 456 DAMASCENI

3655 391 3780 458 1012

542 503 614 560 de
659 501 870 574 Spiritu
895 507 1110 565 sancto,
1155 510 1460 571 sanctaque
1489 500 1717 572 Virgine
1743 501 1935 566 Maria,
1965 499 2112 571 quod

2225 507 2381 578 μόνον
2415 508 2803 580 κηρύττοντες,
2844 506 3047 576 γυμνὸν
3097 505 3195 574 τῆς
3242 502 3362 557 καθ’
3395 502 3543 571 ἡμᾶς
3575 500 3782 571 ἅνθρω-

541 593 764 665 quidem
797 593 1052 663 pariendi
1085 592 1201 663 lege
1236 592 1574 649 eminentius
1597 601 1702 648 est.
1731 591 1854 648 Non
1896 599 1957 646 ut
1988 606 2112 648 eum

542 687 711 742 Deum
745 683 1106 754 praadicemus
1136 693 1326 740 nostra
1383 684 1590 739 nudum
1626 683 1990 749 humanitate,
2021 691 2116 738 aut

541 795 736 836 rursus
767 776 946 833 solum
1002 775 1304 840 hominem,
1349 774 1642 829 divinitate
1668 774 1986 844 spoliatum,
2022 780 2116 827 aut

543 872 784 941 denique
839 870 1007 923 alium
1067 875 1121 923 et
1155 867 1355 932 alium;
1387 866 1482 922 sed
1523 881 1694 920 unum
1753 864 2116 934 eumdemque

542 965 711 1019 Deum
751 961 916 1017 simul
946 968 1002 1015 et
1050 959 1353 1023 hominem,
1383 957 1552 1012 Deum
1581 954 1906 1026 perfectum,
1937 963 1993 1012 et
2018 955 2116 1010 ho-

541 1055 748 1109 minem
771 1051 1098 1122 perl'ectum,
1127 1057 1301 1103 totum
1329 1047 1518 1114 Deum,
1541 1056 1592 1101 et
1608 1054 1782 1102 totum
1803 1045 2076 1100 hominem
2099 1061 2112 1098 :

542 1153 717 1201 totum
749 1143 944 1208 Deum,
970 1157 1077 1197 una
1115 1156 1240 1196 cum
1266 1140 1445 1210 ipsius
1495 1153 1683 1202 carne,
1728 1147 1781 1194 et
1807 1145 1984 1192 totum
2014 1138 2113 1192 ho-

543 1239 782 1302 minem,
812 1235 976 1291 etiam
1006 1233 1266 1304 adjuncta
1306 1232 1478 1302 ipsius
1524 1230 1944 1301 praecelsissima
1995 1229 2112 1284 dei-

544 1336 673 1383 tate.
734 1326 907 1382 Porro
961 1339 1088 1380 cum
1139 1325 1310 1380 Deum
1354 1322 1685 1393 perfectum,
1723 1331 1775 1378 et
1809 1320 2113 1392 perfectum

543 1421 824 1477 hominem
863 1418 1121 1484 dicimus,
1183 1425 1506 1470 naturarum
1570 1411 1995 1484 plenitudinem,
2059 1419 2117 1464 ut

542 1512 682 1566 nihil
719 1510 774 1565 in
836 1510 918 1565 eis
961 1508 1325 1573 desideretur,
1383 1504 1730 1562 declaramus
1762 1524 1775 1562 :
1805 1519 1931 1560 cum
1988 1517 2118 1558 vero

543 1613 722 1659 totum
747 1601 942 1665 Deum,
980 1608 1036 1656 et
1062 1608 1240 1655 totum
1296 1597 1598 1664 hominem,
1630 1595 1972 1652 individuam
1994 1609 2120 1666 per-

543 1709 691 1751 sonae
722 1692 1162 1764 singularitatem
1195 1688 1571 1746 ostendimus.

619 1784 741 1840 Una
795 1784 894 1840 Dei
939 1781 1100 1838 Verbi
1127 1791 1324 1836 natura
1347 1790 1396 1836 et
1420 1781 1727 1834 incuruata.
1750 1807 1821 1819 --
1855 1777 2116 1845 Quinimo

543 1892 708 1934 unam
740 1876 835 1932 Dei
882 1875 1046 1932 Verbi
1079 1882 1334 1929 naturam
1380 1872 1722 1926 incarnatam
1747 1869 2115 1936 conﬁtemur;
2149 1843 2189 1898 Β

541 1985 630 2039 per
661 1969 717 2024 id
735 1967 884 2038 quod
909 1969 1250 2020 incarnatum
1269 1963 1602 2025 dicimus,ca
1613 1963 1728 2017 rnis
1751 1961 2122 2017 substantiam

544 2058 951 2128 signiﬁcantes,
1006 2053 1314 2110 secundum
1366 2051 1592 2106 beatum
1640 2049 1910 2121 Cyrillum
1943 2051 2013 2103 το.
2046 2049 2125 2103 Ac

546 2149 780 2222 proinde
810 2149 1162 2204 incarnatum
1190 2152 1276 2202 est
1329 2141 1591 2207 Verbum,
1626 2157 1730 2198 nec
1754 2149 1937 2197 tamen
1964 2156 1994 2195 a
2026 2154 2125 2195 na-

547 2257 670 2300 tura
737 2256 835 2297 sua
900 2238 1146 2295 materiae
1207 2243 1434 2306 experte
1497 2234 1765 2298 descivit;
1836 2242 2126 2302 totumque

547 2340 896 2392 incarnatum
927 2341 1034 2398 est,
1066 2338 1122 2387 et
1150 2337 1325 2386 totum
1349 2328 1894 2399 incircumscriptum
1918 2332 2122 2381 manet.

557 2428 832 2498 Suscepto
860 2437 1096 2495 corpore
1145 2421 1440 2489 minuitur,
1493 2427 1550 2475 et
1570 2418 1957 2484 contrahitur;
1986 2417 2126 2472 divi-

549 2522 720 2576 nitate
744 2533 875 2574 vero
900 2515 1476 2586 circumscriptionem
1501 2513 1736 2583 respuit.
1760 2510 1948 2582 Neque
1979 2510 2124 2566 enim

549 2612 726 2682 ipsius
755 2623 884 2665 caro
917 2621 1026 2661 una
1067 2621 1193 2662 cum
1242 2604 1555 2670 divinitate,
1583 2618 1706 2674 quae
1738 2599 2122 2658 circumscribi

549 2705 763 2775 nequit,
791 2701 940 2758 Deus
967 2715 1027 2756 se
1045 2698 1348 2770 porrigitet
1378 2696 1646 2753 extendit.

616 2791 794 2847 Porro
827 2797 977 2845 totus
1007 2795 1090 2844 est
1123 2787 1401 2858 perfectus
1433 2787 1600 2852 Deus,
1634 2799 1688 2843 at
1713 2802 1821 2843 non
1858 2786 1912 2840 in
1950 2794 2124 2841 totum

551 2885 697 2941 Deus
726 2885 950 2956 (neque
980 2881 1126 2936 enim
1159 2881 1336 2937 solum
1368 2879 1536 2947 Deus,
1576 2880 1671 2935 sed
1703 2880 1867 2935 etiam
1902 2876 2122 2948 homo),

549 2985 806 3046 totusque
848 2976 978 3028 item
1037 2971 1200 3026 homo
1257 2969 1554 3041 perfectus,
1618 2983 1805 3023 verum
1889 2982 1996 3022 non
2066 2967 2124 3022 in

549 3079 723 3125 totum
773 3067 957 3122 homo.
997 3063 1117 3118 Non
1149 3065 1294 3117 enim
1325 3061 1590 3116 duntaxat
1621 3061 1806 3126 homo,
1836 3059 1930 3116 sed
1955 3059 2121 3114 etiam

2221 601 2474 669 πότητος,
2503 601 2624 654 οὐδὲ
2652 599 2756 670 μὴν
2783 599 3069 670 ἄνθρωπον
3104 597 3284 667 μόνον,
3314 592 3597 662 ψιλοῦντες
3629 592 3782 644 αὐτὸν

2217 689 2316 760 τῆς
2346 689 2602 761 θεότητος
2627 706 2640 721 ο
2678 691 2778 742 οὐκ
2830 691 2990 745 ἄλλον
3035 689 3127 742 καὶ
3160 687 3318 740 ἄλλον
3346 724 3362 751 ,
3407 683 3525 737 ἀλλ’
3568 683 3667 736 Eva.
3698 685 3784 736 καὶ

2219 781 2311 835 τὸν
2338 781 2522 846 αὑτὸν,
2551 780 2685 851 ὁμοῦ
2713 780 2846 833 Θεόν
2873 797 2932 834 τε
2961 781 3058 834 καὶ
3087 778 3398 849 ἄνθρωπον,
3425 772 3560 826 Θεὸν
3584 773 3783 828 τέλειον

2221 872 2315 924 καὶ
2348 871 2637 942 ἄνθρωπον
2683 870 2888 924 τέλειον
2909 886 2923 901 ⁶
2957 870 3078 924 ὅλον
3109 869 3263 934 Θεὸν,
3307 866 3404 921 καὶ
3431 865 3553 919 ὅλον
3582 864 3784 933 ἄνθρω-

2219 977 2358 1015 πονο
2407 961 2499 1014 τὸν
2533 961 2696 1014 αὑτὸν
2732 961 2852 1014 ὅλον
2883 959 3054 1027 Θεὸν,
3103 959 3200 1014 καὶ
3249 956 3391 1028 μετὰ
3441 955 3542 1024 τῆς
3589 952 3782 1024 σαρκὸς

2218 1052 2418 1116 αὐτοῦ,
2452 1052 2546 1106 καὶ
2576 1052 2699 1106 ὅλον
2740 1052 3055 1124 ἄνθρωπον,
3095 1051 3189 1105 καὶ
3219 1048 3358 1120 μετὰ
3386 1047 3486 1118 τῆς
3524 1044 3782 1115 ὑπερθέου

2217 1143 2384 1196 αὑτοῦ
2422 1143 2696 1215 Θεότητος.
2735 1143 2834 1196 Διά
2863 1142 2958 1196 τοῦ
2989 1143 3196 1206 εἰπεῖν,
3240 1139 3450 1192 τέλειον
3492 1135 3626 1189 Θεὸν
3647 1175 3663 1199 ,
3697 1135 3783 1189 καὶ

2216 1237 2424 1290 τέλειον
2465 1235 2775 1306 ἄνθρωπον,
2805 1234 2866 1288 τὸ
2896 1235 3104 1305 πλῆρες
3135 1233 3228 1286 καὶ
3258 1230 3544 1292 ἀνελλιπὲς
3572 1228 3783 1298 δηλοῦν-

2217 1347 2308 1392 τες
2353 1329 2464 1382 τῶν
2492 1311 2706 1397 φῦσεων
2733 1345 2746 1359 ·
2775 1327 2863 1380 διὰ
2901 1327 2960 1379 δὲ
3001 1324 3093 1378 τοῦ
3124 1325 3319 1385 εἰπεῖν,
3349 1322 3471 1375 ὅλον
3507 1319 3662 1383 Θεὸν,
3698 1319 3784 1372 καὶ

2217 1422 2338 1476 ὅλον
2365 1421 2672 1492 ἄνθρωπον,
2695 1420 2755 1474 τὸ
2783 1417 3073 1490 μοναδικὸν
3097 1417 3192 1472 καὶ
3215 1415 3455 1485 ἄτμητον
3480 1410 3786 1474 δεικνύντες

2217 1515 2317 1586 τῆς
2345 1513 2718 1575 ὑποστάσεως.

2290 1794 2402 1848 Καὶ
2429 1791 2557 1864 μίαν
2581 1789 2640 1842 δὲ
2670 1786 2834 1858 φύσιν
2873 1783 2968 1839 τοῦ
2993 1781 3130 1837 Θεοῦ
3161 1781 3334 1849 Λόγου
3361 1777 3788 1848 σεσαρκωμένην

2227 1881 2626 1957 ὁμολογοῦμεν,
2665 1876 2754 1932 διὰ
2802 1875 2898 1929 τοῦ
2955 1875 3134 1928 εἰπεῖν
3173 1870 3642 1942 σεσαρκωμένην’,
3695 1868 3788 1938 τὴν

2224 1980 2320 2049 τῆς
2347 1975 2548 2047 σαρκὸς
2576 1971 2766 2025 οὐσίαν
2796 1967 3154 2040 σημαίνοντες
3177 2004 3192 2029 ,
3226 1961 3367 2018 κατὰ
3396 1962 3490 2015 τὸν
3523 1961 3789 2032 μακάριον

2224 2067 2525 2139 Κύριλλονο
2565 2063 2659 2118 καὶ
2691 2061 3038 2128 σεσάρκωται
3065 2055 3245 2109 τοίνυν
3271 2055 3299 2106 ὅ
3323 2051 3515 2120 Λόγος,
3570 2051 3665 2104 καὶ
3697 2051 3787 2119 τῆς

2225 2162 2435 2224 οἰκείας
2486 2157 2780 2226 ἀῦλότητος
2827 2152 2928 2206 οὐκ
2970 2149 3258 2219 ὲξέστηκε,
3306 2145 3404 2199 καὶ
3439 2143 3561 2206 ὅλος
3596 2142 3786 2210 ascrip-

2225 2269 2432 2316 κωται,
2461 2250 2554 2304 καὶ
2597 2247 2717 2310 ὅλος
2746 2244 2898 2298 ἐστὶν
2943 2239 3379 2311 ἀπερίγραπτος.
3425 2232 3782 2304 Σμικρύνεται

2227 2343 2557 2415 σωματικῶς
2635 2339 2729 2394 καὶ
2805 2332 3186 2395 συστέλλεται,
3258 2328 3353 2381 καὶ
3401 2324 3593 2386 Θεῖκῶς
3637 2324 3783 2376 ἐστιν

2225 2413 2636 2511 ἀπερίγραπτος
2656 2470 2672 2496 ,
2700 2429 2762 2483 οὐ
2791 2419 3401 2497 συμπαρεκτεινομένης
3444 2419 3539 2488 τῆς
3587 2413 3788 2483 σαρκὸς

2225 2527 2390 2583 αὑτοῦ
2420 2527 2486 2597 τῇ
2513 2520 2907 2596 ἀπεριγράπτῳ
2939 2512 3102 2572 αὑτοῦ
3135 2512 3370 2582 θεότητι.

2297 2809 2458 2871 Ὀλος
2515 2806 2612 2876 μὲν
2666 2796 2759 2857 οὖν
2793 2802 2909 2854 ἐστι
2957 2795 3089 2859 Θεὸς
3133 2792 3373 2854 τέλειος,
3409 2788 3510 2858 οὐχ
3566 2785 3694 2839 ὅλον

2225 2901 2359 2964 Θεός
2386 2917 2400 2930 ·
2435 2899 2496 2952 οὐ
2517 2873 2639 2968 ’γὰρ
2672 2894 2831 2967 μόνον
2861 2890 3022 2954 Θεὸς,
3059 2885 3196 2942 ἀλλὰ
3223 2883 3317 2938 καὶ
3349 2881 3644 2953 ἄνθρωπος
3664 2893 3678 2906 ·
3711 2873 3802 2968 καλ.

2226 2994 2346 3057 ὅλος
2395 2965 2684 3061 ἀνθρωττος
2711 2985 2944 3049 τέλειος,
2976 2981 3076 3051 οὐχ
3107 2978 3227 3032 ὅλον
3254 2976 3312 3030 δὲ
3355 2972 3648 3044 ἄνθρωπος
3671 2985 3686 2999 ·
3743 2965 3804 3061 οὐ

2225 3084 2335 3154 γὰρ
2381 3057 2540 3154 μόνον
2581 3078 2903 3149 ἄνθρωπος,
2951 3072 3087 3127 ἀλλὰ
3132 3070 3228 3125 καὶ
3262 3068 3415 3128 Θεός.
3463 3065 3538 3117 Τὸ
3567 3057 3804 3154 μὲν-γὰρ

549 3162 715 3219 Deus.
777 3158 968 3214 Totum
1001 3156 1205 3227 quippe
1252 3161 1505 3209 naturam
1557 3154 1998 3217 declarat;totus
2026 3167 2123 3205 au-

2226 3152 2366 3241 ὅλον,
2384 3152 2608 3244 -φὺσεώς
2640 3172 2755 3223 ἐστι
2783 3161 3192 3238 παραστατικὸν
3221 3177 3234 3190 ·
3279 3159 3338 3212 τὸ
3367 3156 3458 3212 καὶ
3487 3155 3629 3216 ὅλος,
3665 3152 3806 3203 ὑπο·

551 3264 658 3308 tem
678 3263 969 3323 personam
1004 3262 1154 3302 :non
1191 3261 1351 3302 secus
1382 3254 1546 3316 atque
1575 3246 1724 3300 aliud
1758 3251 2012 3300 naturam
2039 3245 2121 3299 in-

551 3343 720 3406 dicat,
745 3341 886 3396 alius
921 3352 1214 3410 personam
1240 3337 1312 3392 “.

623 3432 963 3488 Naturarum
1012 3431 1068 3484 in
1115 3445 1176 3484 eo
1218 3427 1531 3482 commeatio
1585 3443 1651 3483 ea:
1689 3429 1986 3486 divinitate.
2053 3461 2124 3474 —

552 3524 850 3579 Sciendum
883 3529 968 3578 est
999 3526 1180 3576 autem
1213 3520 1260 3552 ⁷⁸
1280 3519 1449 3591 quod,
1473 3521 1727 3591 quamvis
1749 3521 1965 3578 Domini
2023 3537 2125 3580 no-

552 3614 657 3672 stri
685 3621 914 3670 naturas
947 3626 1009 3667 se
1038 3619 1232 3667 mutuo
1256 3625 1546 3682 permeare
1577 3613 1852 3678 dicamus,
1881 3621 2122 3671 attamen

553 3705 870 3780 huiusmodi
897 3705 1324 3777 permeationcm
1347 3720 1378 3760 a
1412 3713 1615 3760 natura
1635 3705 1823 3762 divina
1850 3708 1968 3764 ﬂeri
1996 3723 2126 3764 con-

553 3807 700 3867 stat;
733 3799 939 3870 quippe
983 3812 1108 3868 qua:
1145 3812 1246 3868 pro
1304 3797 1464 3852 libitu
1495 3813 1598 3853 suo
1642 3799 1827 3855 omnia
1852 3801 2124 3871 pervadit,

553 3891 694 3948 nihil
724 3891 898 3962 ipsam
933 3888 1288 3962 pervadente.
1331 3889 1476 3956 Quin
1509 3905 1640 3947 suas
1684 3892 1907 3961 quidem
1971 3893 2128 3949 dotes

553 3984 708 4040 carni
763 3983 1031 4054 impertit,
1063 3995 1189 4036 cum
1233 3981 1352 4051 ipsa
1386 3981 1609 4036 interim
1660 3983 2042 4052 impassibilis,
2073 3994 2129 4041 et

553 4078 742 4133 carnis
767 4075 1121 4131 ali'ectionum
1151 4087 1346 4128 exsors
1384 4082 1623 4129 maneat.
1665 4075 1802 4130 Cum
1852 4077 2002 4131 enim
2042 4080 2126 4133 sol

552 4167 884 4238 multiplicis
934 4164 1158 4220 virtutis
1213 4177 1328 4217 suae
1375 4179 1474 4218 nos
1505 4164 1803 4236 participes
1827 4167 2015 4233 faciat,
2069 4177 2129 4224 ut

555 4271 740 4317 tamen
770 4261 826 4316 in
854 4272 1038 4313 rerum
1062 4265 1381 4314 nostrarum
1412 4265 1629 4326 partem
1654 4259 1885 4316 minime
1915 4263 2123 4330 veniat,

556 4363 766 4426 quanto
794 4351 978 4406 minus
1011 4347 1150 4404 solis
1189 4346 1372 4418 cpil‘ex
1393 4356 1448 4404 et
1473 4347 1734 4406 Dominus
1758 4351 1770 4402 !

1190 4440 1346 4497 CAP.
1381 4440 1515 4497 VIII.

2230 3242 2492 3328 στάσεως,
2525 3263 2716 3331 ὥσπερ
2754 3259 2817 3312 τὸ
2858 3256 2956 3328 μὲν
2980 3254 3132 3318 ἄλλο,
3163 3250 3396 3321 φύσεως,
3429 3247 3489 3299 τὸ
3518 3245 3577 3298 δὲ
3613 3242 3809 3303 ἄλλος,

2230 3356 2578 3417 ὑποστάσεως
2598 3365 2644 3406 ο.

2313 3445 2507 3501 ’ἰστέον
2537 3444 2614 3510 δὲ,
2642 3442 2718 3504 ὼς
2743 3440 2792 3494 εἰ
2831 3437 2925 3493 καὶ
2966 3433 3288 3508 περιχωρεῖν
3317 3431 3373 3482 έν
3404 3425 3669 3496 ἀλλήλαις
3697 3421 3811 3485 τὰς

2228 3537 2324 3592 τοῦ
2363 3537 2572 3608 Κυρίου
2601 3535 2794 3602 φὺσεις
2829 3530 3030 3601 φαμὲν,
3063 3525 3176 3582 ἀλλ’
3206 3523 3447 3592 οἴδαμεν,
3491 3518 3566 3580 ὡς
3601 3518 3674 3569 ὲκ
3705 3515 3816 3608 τῆς

2231 3627 2382 3692 θείας
2406 3606 2622 3694 φὸσεως
2647 3625 2681 3694 ή
2709 3618 3086 3693 περιχώρησις
3113 3615 3360 3684 γέγονεν.
3383 3609 3534 3678 Αὕτη
3566 3608 3670 3678 μὲν
3703 3606 3814 3673 γὰρ

2231 3721 2320 3774 διὰ
2350 3717 2568 3771 πάντων
2611 3714 2810 3785 διήκει,
2844 3708 3026 3772 καθὼς
3053 3707 3323 3778 βοῦλεται,
3350 3702 3445 3756 καὶ
3481 3696 3812 3770 περιχωρεῖ,

2233 3809 2299 3862 δι’
2331 3806 2500 3875 αὐτῆς
2532 3805 2587 3857 δὲ
2619 3802 2807 3856 οὐδέν·
2862 3800 2956 3854 καὶ
2991 3797 3129 3867 αὕτη
3178 3795 3278 3867 μὲν
3314 3792 3421 3846 τῶν
3463 3789 3692 3844 οἰκείων
3719 3785 3820 3838 αὖ·

2232 3898 2495 3971 χημάτων
2533 3897 2600 3968 τῇ
2637 3892 2801 3964 σαρκὶ
2829 3889 3187 3961 μεταδίδωσι,
3237 3884 3474 3957 μένουσα
3501 3881 3647 3950 αὐτὴ
3673 3880 3825 3933 ἀπα-

2235 3991 2354 4060 θὴς,
2386 3990 2480 4042 καλ⁸
2513 3987 2621 4040 τῶν
2653 3985 2754 4056 τῆς
2796 3981 2997 4055 σαρκὸς
3033 3977 3224 4033 παθῶν
3266 3976 3553 4047 ἀμέτοχος.
3593 3975 3660 4028 Ei
3709 3975 3820 4042 γὰρ

2233 4083 2381 4154 ἥλιος
2412 4081 2546 4150 ἡμῖν
2577 4077 2686 4131 τῶν
2711 4075 2929 4129 οἰκείων
2958 4070 3252 4146 ἐνεργειῶν
3282 4066 3622 4139 μεταδιδοὺς,
3655 4062 3821 4154 μένει

2232 4174 2342 4228 τῶν
2371 4171 2663 4244 ἡμετέρων
2691 4168 2992 4238 ἀμέτοχος,
3042 4164 3197 4235 πόσῳ
3228 4159 3432 4232 μᾶλλον
3462 4160 3490 4212 ὁ
3519 4154 3616 4210 τοῦ
3655 4153 3819 4226 ἡλίου

2234 4264 2464 4334 ποιητής
2489 4279 2549 4314 τε
2582 4259 2677 4314 καὶ
2704 4258 2931 4328 Κύριος.

2751 4438 3001 4494 ΚΕΦΑΛ.
3034 4435 3094 4490 ιιν
3128 4433 3300 4508 [NB'].

554 4535 636 4591 Ad
658 4552 746 4591 eos
768 4536 860 4606 qui
885 4536 1226 4606 sciscitantur
1257 4551 1275 4588 :
1295 4532 1380 4606 A_n
1411 4532 1480 4606 ad
1520 4533 1834 4606 continuam
1865 4503 2123 4602 quantita-

2243 4534 2400 4606 Πρὸς
2451 4531 2593 4606 τοὺς
2635 4531 2928 4606 λέγοντας
2955 4529 2973 4568 τ
3003 4547 3040 4606 °_
3071 4503 3226 4606 ί
3253 4503 3366 4594 (21)
3388 4524 3483 4606 ,τὸ
3549 4519 3826 4606 our-5.1%:

628 4615 751 4671 tem,
779 4602 861 4660 uel
883 4605 951 4659 ad
997 4605 1284 4660 discretam
1316 4602 1531 4657 Domini
1557 4613 1764 4658 natura:
1793 4605 2133 4663 reducantur.

650 4755 815 4812 Aliud
848 4757 1002 4812 solvit
1045 4765 1409 4827 argumentum
1436 4756 1632 4812 Severi.
1659 4788 1725 4799 —
1748 4758 1903 4824 Quoa
1932 4749 1977 4817 si
2007 4764 2131 4834 quis

638 4867 697 4936 δῇ
728 4865 1010 4936 Expositio
1033 4865 1158 4923 ﬁdei
1197 4881 1226 4921 a
1253 4867 1509 4924 Patribus
1545 4869 1782 4926 Nicaenis
1815 4886 2008 4932 contra
2046 4875 2204 4934 Paul.
2265 4877 2486 4933 Samos.
2527 4890 2611 4935 ιιι.

561 4937 630 4994 ad
657 4934 943 5018 Ειὶιοὸιρξ
969 4937 1131 5018 θβίεὲ-
1171 4937 1299 5018 23d
1331 4936 1588 5018 Sllqcess.
1643 4939 1732 5018 (ΞΤ.
1759 4959 1924 5018 supra
1981 4963 2032 5003 c.
2091 4948 2148 5015 6,
2183 4957 2239 5004 et
2266 4948 2408 5004 infra
2432 4962 2558 5018 cap.
2592 4934 2699 5001 H.-
2757 4946 2800 4977 '”
2838 4945 3003 5016 Grcg.
3025 4934 3176 4998 'Naz.
3207 4950 3351 4998 orat.
3379 4940 3468 4994 5|.

558 5022 686 5084 cap.
713 5007 772 5074 ὅ.
812 5006 820 5007 “
849 5007 892 5038 ⁷³
914 5006 1177 5064 [ιοοιιιίιιδ
1210 5007 1284 5071 De
1319 5010 1498 5076 sectis,
1527 5019 1633 5066 act.
1669 5013 1721 5066 5.

2244 4588 2444 4659 5:305.-
2478 4588 3044 4672 drcirorrat‘ai'coﬁ
3069 4588 3290 4672 Κιιρίοὺ
3323 4588 3576 4666 ῥύσεις,
3630 4592 3675 4662 ἢ
3709 4588 3827 4647 ὑπὸ

2761 4669 2828 4724 τὸ
2869 4668 3260 4739 διωρισμένον
3274 4705 3291 4730 ,

2317 4765 2376 4819 Ei
2423 4763 2480 4817 δέ
2531 4781 2614 4826 τις
2654 4762 2836 4835 ἐρωτᾷ
2890 4761 3022 4830 ’περὶ⁴
3052 4759 3160 4813 τῶν
3205 4756 3299 4812 τοῦ
3335 4755 3545 4827 Κυρίου
3575 4753 3827 4824 φῦσεων,

3306 4871 3354 4902 ’⁷ο
3382 4868 3442 4922 ln
3477 4866 3829 4924 commouit.

2678 4890 2734 4946 p.
2777 4889 2938 4946 conc.
2977 4873 3178 4946 Ephes.

3567 4941 3623 4976 ⁷⁸
3662 4938 3831 5007 Supr.

1829 5148 2066 5204 VARIIE
2107 5146 2513 5206 LECTIONES.

631 5281 1033 5375 iii-n-
1046 5278 2034 5375 edi-tisuct;_R-.=2‘9?_7A:-ardetque:
2181 5284 2274 5336 καὶ
2294 5287 2449 5375 ,ᾗπερ
2472 5288 2541 5357 τᾲ
2578 5289 2779 5352 πάντα,
2805 5289 2900 5342 καὶ
2925 5289 2983 5341 ὲν
3004 5289 3079 5371 ,τῇ
3113 5286 3312 5357 γαστρὶ
3336 5287 3436 5369 τῆς
3457 5285 3842 5368 Θεομήτορος.

557 5351 762 5438 diu-cf"
778 5351 953 5438 τοξύῖῃ
974 5369 1070 5433 τε..
1087 5350 1462 5438 ἐνεργεςςιίτῆς
1488 5349 1838 5438 calathi???
1861 5349 1901 5438 (1‘
1899 5349 2194 5438 ηίοηυιὶίζτιδ
2207 5349 2590 5438 quidem-erat,
2619 5369 2671 5438 et
2695 5349 3079 5438 audcior-1min:
3096 5349 3186 5411 nec
3207 5349 3311 5438 non
3346 5349 3403 5410 in
3419 5349 3843 5418 ‘matr'is'utcro,

559 5423 653 5474 sed
682 5425 761 5480 ita
795 5434 852 5478 ut
882 5420 1030 5476 in'ea
1053 5420 1479 5475 incarnationem
1509 5430 1834 5487 operaretur.
1858 5420 1990 5486 Qua:
2014 5420 2262 5491 profecto
2289 5437 2419 5482 sunt
2441 5430 2689 5485 iusititia.
2758 5420 2791 5467 ’ί
2831 5428 2975 5484 Edit.
3004 5420 3199 5498 ἢὺπὸ.
3232 5427 3298 5482 R.
3323 5427 3466 5484 2925
3507 5427 3559 5479 εἰ
3595 5427 3740 5480 ὑπὸ.

2069 5551 2296 5610 NOTAE.

642 5641 752 5716 (2’1)
806 5647 963 5716 Πρὸς
1018 5646 1162 5713 τοὺς
1220 5646 1534 5715 λέγοντας.
1591 5645 1674 5700 Ad
1728 5663 1817 5701 eos
1869 5648 1986 5716 qui.
2030 5655 2136 5702 etc.

574 5713 817 5784 Cavillus
851 5715 939 5784 hic
965 5724 1085 5767 erat
1109 5713 1554 5777 Severiannrum,
1581 5732 1743 5784 quem
1770 5713 1936 5771 refert
1965 5717 2140 5770 Leon-

2248 5649 2551 5715 coutinum,
2605 5665 2771 5717 quam
2811 5665 2933 5719 qua‘
2986 5650 3243 5706 discreta:

3303 5649 3648 5720 quantitatis
3690 5660 3843 5708 sunt,

2248 5721 2522 5791 nutrierari
2554 5736 2566 5771 :
2597 5721 2734 5774 ἀλλὰ
2757 5717 2852 5774 καὶ
2882 5720 2964 5784 τὸ,
2994 5721 3296 5791 ἡνωμένον,
3324 5717 3480 5789 ’πλὴν
3503 5717 3610 5791 τὸν
3637 5721 3850 5791 οἰκεῖον

575 5781 711 5847 tius,
745 5792 846 5836 act.
888 5783 918 5834 7
970 5784 1040 5836 De
1077 5795 1202 5838 sect.
1259 5787 1349 5841 ubi
1398 5781 1694 5860 respondet
1737 5795 1860 5869 tam
1898 5803 1962 5842 ca
2021 5802 2139 5861 qua
2251 5788 2405 5857 λόγον
2439 5790 2852 5863 διακρινόμενον
2879 5781 3186 5860 ἁτιοᾰῶζὸν,
3227 5781 3359 5862 quin
3400 5781 3452 5847 ct
3504 5788 3659 5844 illud
3696 5787 3851 5860 quod
