3996 6166
326 305 461 365 itii?

1380 305 1481 366 DE
1516 306 1694 368 FIDE
1723 307 2189 379 ORTHODOXA
2226 313 2371 373 LIB.
2413 314 2526 375 III.

3436 313 3572 379 10M

314 416 367 469 εί
390 415 417 455 ε
454 412 559 467 ὑπὸ
599 411 661 464 τὸ
703 412 923 483 συνεχὲς
953 411 1117 467 ποσὸν
1162 411 1457 481 ἀνάγονται
1491 416 1620 488 lui]
1663 416 1770 471 ὑπὸ
1828 417 1890 472 τὸ

1994 417 2064 474 de
2114 420 2328 478 Domini
2387 422 2595 479 naturis
2636 428 3002 494 pertentatur,
3059 426 3128 482 ad
3181 422 3573 482 continuamne

315 505 677 576 διωρισμένον
697 543 714 567 ,
761 503 1002 575 ἐροῦμεν
1027 542 1045 570 ,
1095 504 1178 558 ὅτι
1222 506 1279 558 αἱ
1308 502 1403 558 τοῦ
1436 505 1648 575 Κυρίου
1678 506 1893 577 φῦσεις,

315 594 443 650 οὔτε
474 596 533 650 ἐν
559 595 719 665 σῶμά
763 595 904 649 είσιν
926 633 944 661 ,
975 593 1101 649 οῦτε
1136 594 1234 667 μία
1264 596 1591 666 ἐπιφάνεια,
1620 596 1745 652 οὔτε
1794 598 1895 670 μία

318 686 592 757 γραμμὴ,
622 687 683 740 οὐ
715 689 939 757 χρόνος,
965 687 1027 740 οὐ
1070 685 1269 752 τόπος,
1309 689 1400 744 ἴνα
1436 688 1542 743 ὑπὸ
1573 689 1636 744 τὸ
1667 691 1895 761 συνεχὲς

316 774 597 847 ἀναχθῶσι
636 777 804 830 ποσόν
828 792 842 807 ·
891 775 1070 832 ταῦτα
1113 779 1222 848 γάρ
1250 779 1359 833 εἰσι
1384 778 1453 834 τὰ
1494 779 1734 851 συνεχῶς
1770 781 1894 853 ἀρι-

315 866 625 940 θμοὺμενα.

401 1049 600 1106 Ἰστέον
626 1049 685 1105 δὲ
712 1050 789 1115 ὡς
828 1052 858 1106 6
896 1051 1158 1122 ἀριθμὸς,
1194 1052 1302 1106 τῶν
1338 1053 1707 1125 διαφερόντων
1735 1058 1853 1112 ἐστί
1874 1074 1891 1092 ·

316 1144 414 1199 καὶ
440 1143 707 1198 ἀδύνατον
746 1142 1137 1214 ἀριθμεῖσθαι,
1183 1144 1254 1198 τὰ
1301 1145 1444 1200 κατὰ
1493 1147 1662 1217 μηδὲν
1706 1148 1894 1220 διαφέ-

319 1251 512 1297 ροντα·
548 1235 672 1288 καθ’
713 1234 742 1288 ὃ
774 1234 833 1288 δὲ
864 1234 1183 1307 διαφέρουσι
1208 1276 1223 1302 ,
1256 1237 1400 1291 κατά
1440 1238 1603 1293 τοῦτο
1642 1241 1739 1295 καὶ
1771 1243 1887 1314 ἀρι-

318 1327 586 1398 θμοῦνται
609 1343 627 1360 ο
667 1322 780 1381 οἷον
822 1329 851 1382 6
888 1328 1093 1400 Πέτρος
1120 1329 1215 1383 καὶ
1242 1332 1273 1385 6
1310 1329 1546 1396 Παῦλος,
1577 1334 1698 1390 καθ’
1731 1334 1759 1388 ὃ
1793 1338 1892 1407 μὲν

315 1420 572 1490 ἥνωνται,
603 1419 705 1473 οὑκ
742 1418 1125 1492 ἀριθμοῦνται.
1160 1420 1251 1492 Τῷ
1279 1422 1421 1493 λόγῳ
1454 1423 1562 1495 γὰρ
1583 1425 1680 1495 τῆς
1704 1426 1892 1490 οὐσίας

318 1509 625 1581 ὲνούμενοι,
674 1510 769 1564 δύο
807 1511 999 1581 φύσεις
1044 1513 1105 1566 οὐ
1152 1513 1409 1568 δύνανται
1453 1516 1741 1584 λέγεσθαι·
1770 1517 1891 1571 καθ’

317 1600 617 1655 ὑπόστασιν
636 1602 693 1655 δὲ
719 1602 1070 1674 διαφέροντες
1087 1643 1103 1668 ,
1130 1603 1223 1657 δύο
1257 1605 1585 1668 ὑποστάσεις
1617 1606 1887 1676 λέγονται.

319 1691 484 1744 Ὥστε
510 1693 539 1745 6
569 1691 801 1763 ἀριθμὸς
831 1692 941 1745 τῶν
964 1692 1330 1768 διαφερόντων
1353 1696 1509 1771 ἐστὶ..
1526 1698 1618 1751 καὶ
1640 1692 1685 1767 ᾧ
1705 1698 1891 1771 τρόπῳ

313 1782 630 1854 διαφέρουσι
678 1784 749 1837 τά
795 1782 1124 1856 διαφέροντα
1149 1825 1165 1850 ,
1213 1787 1388 1859 τούτῳ
1427 1788 1509 1859 τῷ
1554 1770 1749 1861 τρόπῳν
1793 1790 1891 1845 καὶ
1921 1770 1963 1824 Β

312 1873 696 1945 ἀριθμοῦνται.

389 1964 665 2021 Ἤνωνται
702 1967 802 2038 μὲν
833 1961 928 2024 οὖν
954 1970 1013 2024 αί
1045 1969 1142 2023 τοῦ
1171 1971 1382 2042 Κυρίου
1412 1970 1604 2042 φύσεις
1651 1975 1894 2046 ἀσυγχύ-

306 2075 422 2122 τως
456 2058 582 2112 καθ’
624 2060 950 2123 ὑπόστασιν,
979 2061 1269 2134 διῄρηνται
1294 2063 1355 2117 δὲ
1384 2064 1711 2136 ἀδιαιρέτως
1748 2068 1893 2139 λόγῳ

308 2151 407 2203 καὶ
431 2150 620 2223 τρόπῳ
640 2150 743 2221 τῆς
767 2151 1055 2224 διαφορᾶς.
1082 2155 1194 2209 Καὶ
1213 2149 1259 2223 ᾧ
1288 2157 1389 2226 μὲν
1418 2157 1607 2229 τρόπῳ
1628 2158 1892 2229 ήνωνται,

303 2242 412 2297 οὐκ
448 2243 847 2315 ἀριθμοῦνται·
886 2246 948 2300 οὗ
984 2246 1109 2319 γὰρ,
1131 2249 1258 2303 καθ’
1286 2250 1590 2305 ὑπόστασιν
1620 2252 1717 2306 δύο
1749 2250 1891 2307 εἷναί

303 2351 495 2404 φαμεν
519 2336 620 2401 τὰς
646 2336 839 2407 φύσεις
870 2339 965 2393 τοῦ
987 2340 1226 2412 Χριστοῦ
1253 2356 1268 2373 ⁸
1294 2335 1339 2410 ᾧ
1357 2343 1415 2396 δὲ
1438 2343 1625 2416 τρόπῳ
1651 2345 1891 2418 ἀδιαιρέ-

301 2443 421 2490 τως
444 2426 754 2499 διῄρηνται,
775 2431 1138 2502 ἀριθμοῦνται
1158 2449 1172 2465 ⁸
1203 2433 1297 2487 δύο
1321 2434 1431 2504 γὰρ
1459 2436 1597 2489 εἰσὶν
1619 2438 1675 2490 αἱ
1700 2437 1890 2505 φύσεις

302 2517 405 2572 τοῦ
434 2519 695 2590 Χριστοῦ,
727 2521 874 2593 λόγῳ
911 2525 1005 2577 καὶ
1034 2523 1223 2595 τρόπῳ
1258 2524 1361 2594 τῆς
1393 2525 1678 2597 διαφορᾶς.
1718 2526 1891 2582 Ἥνω-

309 2608 476 2679 μέναι
507 2609 617 2682 γάρ
660 2611 786 2666 καθ’
832 2613 1136 2669 ὑπόστασιν
1161 2655 1177 2679 ,
1232 2616 1330 2671 καὶ⁵
1370 2617 1473 2688 τὴν
1530 2619 1589 2673 ἐν
1632 2619 1890 2690 ἀλλήλαις

307 2700 691 2772 περιχὼρησιν
727 2702 972 2774 ἔχουσαι,
1007 2707 1335 2778 ἀσυγχύτως
1384 2710 1641 2780 ἥνωνται,
1676 2711 1776 2783 τὴν
1807 2715 1890 2766 oi-

308 2787 469 2840 κείαν
515 2790 720 2861 ἑκάστη
780 2794 1020 2866 φυσικὴν
1068 2796 1334 2868 διαφορὰν
1381 2799 1746 2866 διασώζουσα.
1799 2804 1890 2875 Τῷ

307 2876 501 2948 τρόπῳ
548 2881 840 2952 τοιγαροῦν
889 2884 990 2955 τῆς
1049 2886 1356 2960 διαφορᾶς,
1419 2892 1516 2946 καὶ
1567 2893 1714 2964 μόνῳ
1768 2895 1891 2962 ἀρι-

310 2964 663 3036 θμούμεναι,
721 2971 828 3024 ὑπὸ
876 2973 941 3029 τὸ
992 2973 1361 3049 διωρισμένον
1423 2981 1592 3037 ποσὸν
1646 2985 1889 3056 ἀναχθή-

312 3071 519 3112 οονται.

380 3327 480 3398 Εἷς
511 3334 692 3391 τοίνυν
730 3338 882 3394 ἐστὶν
910 3340 938 3392 6
968 3339 1229 3412 Χριστὸς,
1248 3341 1390 3408 Θεὸς
1425 3343 1634 3410 τέλειος
1660 3346 1754 3402 καὶ
1792 3349 1887 3403 ἄν·

302 3428 528 3498 θρωπος
565 3432 809 3496 τέλειοςο
855 3434 917 3489 ὃν
970 3437 1388 3509 προσκυνοῦμεν
1437 3440 1536 3495 σὺν
1573 3443 1748 3514 Πατρὶ
1792 3446 1891 3499 καὶ⁸

301 3523 631 3595 Πνεῦματι,
686 3530 788 3601 μιᾷ
843 3533 1215 3603 προσκυνήσει
1270 3534 1412 3603 μετά
1458 3536 1558 3608 τῆς
1611 3538 1886 3610 ἀχράντου

304 3617 518 3686 σαρκὸς
550 3618 756 3688 αὑτοῦ,
804 3622 905 3676 οὐκ
951 3624 1369 3697 ἀπροσκύνητον
1423 3627 1524 3700 τὴν
1562 3630 1744 3700 σάρκα
1799 3632 1892 3687 λέ·

303 3723 500 3773 γοντες
528 3725 544 3739 ⁸
585 3715 975 3782 προσκυνεῖται
1028 3715 1139 3787 γὰρ
1172 3716 1232 3769 ἐν
1274 3720 1340 3789 τῇ
1398 3720 1498 3791 μιᾷ
1552 3720 1649 3775 τοῦ
1708 3723 1886 3794 Λόγου

301 3801 635 3870 ὑποστάσει,
689 3806 810 3876 ἥτις
856 3809 996 3880 αὐτῇ
1059 3809 1361 3877 ὑπόστασις
1428 3813 1685 3883 γέγονεν⁸
1729 3817 1790 3871 οὑ
1821 3821 1887 3890 τῇ

300 3894 483 3949 κτίσει
509 3895 888 3970 λατρεύοντες.
921 3903 998 3956 Οὑ
1029 3903 1141 3974 γὰρ
1171 3904 1248 3967 ὠς
1273 3904 1437 3978 ψιλὴν
1468 3907 1647 3980 σάρκα
1674 3908 1689 3947 ι
1727 3927 1889 3982 προσ·

298 3985 616 4057 κυνοῦμεν,
664 3988 781 4042 ἀλλ’
811 3992 888 4054 ὡς
929 3992 1221 4064 ἡνωμένην
1261 3993 1511 4066 θεότητι,
1564 3999 1659 4053 καὶ
1703 4001 1783 4065 είς
1826 4001 1888 4055 ἓν

300 4076 601 4144 πρόσωπον
629 4079 723 4134 καὶ
753 4081 887 4152 μίαν
919 4083 1227 4139 ὑπόστασιν
1253 4086 1348 4139 τοῦ
1377 4087 1515 4142 Θεοῦ
1547 4091 1747 4159 Λόγου,
1777 4093 1890 4148 τῶν

297 4167 404 4220 δύο
427 4169 592 4223 αὐτοῦ
616 4172 973 4241 ἀναγομένων
1017 4177 1256 4245 φύσεων.
1302 4178 1531 4235 Δέδοικα
1557 4183 1652 4237 τοῦ
1681 4185 1887 4258 ἀνθρα-

296 4277 404 4322 aco;
430 4259 673 4331 ἅψασθαι
697 4264 787 4319 διὰ
804 4265 867 4320 τὸ
891 4267 968 4339 τῷ
998 4267 1138 4339 ξύλῳ
1159 4272 1506 4343 συνημμένον
1534 4274 1667 4348 πῦρ.
1705 4278 1885 4350 Προσ-

297 4349 457 4405 κυνῶ
504 4351 601 4406 τοῦ
648 4355 889 4426 Χριστοῦ
944 4359 1006 4413 τὺ
1046 4362 1497 4436 συναμφότερον,
1540 4367 1630 4421 διά
1816 4371 1881 4442 τῇ

297 4442 478 4512 σαρκὶ
524 4445 809 4518 ἡνωμένην
859 4449 1112 4522 θεότητα.
1154 4454 1230 4508 Οὑ
1282 4453 1391 4528 γὰρ
1436 4457 1733 4529 τέταρτονὶ
1767 4460 1880 4532 (‘22)

373 4594 421 4627 ⁷⁸
443 4594 639 4668 Cyrill.
670 4599 727 4654 in
759 4599 872 4655 del’.
921 4601 1123 4659 Anath.
1151 4603 1186 4660 8
1215 4615 1366 4662 cont.
1390 4607 1604 4665 Theod.

1997 513 2390 581 quantitatem,
2440 529 2509 567 an
2559 513 2627 568 ad
2661 513 2962 569 discretam
2988 513 3320 579 referantur,
3351 513 3432 569 sic
3487 528 3573 567 re-

1995 603 2393 671 spondebimus
2419 622 2433 658 ι
2470 602 2687 658 Domini
2724 605 2888 676 213
2918 612 3146 660 naturas
3174 619 3350 674 neque
3368 619 3573 674 corpus

1996 706 2167 746 unum
2222 709 2373 759 esse,
2421 709 2600 765 neque
2639 694 2841 749 lineam
2882 696 3071 762 unam,
3125 710 3304 765 neque
3330 701 3570 764 tempus,

1995 797 2180 854 neque
2213 783 2421 850 locum,
2452 792 2513 839 ut
2566 784 2633 840 ad
2662 786 2982 841 continuam
3013 784 3377 856 quantitatem
3405 785 3568 840 redu—

1993 881 2210 926 cantur.
2230 871 2355 928 Hac
2388 875 2537 930 enim
2579 883 2730 941 sunt,
2765 892 2885 946 qua
2902 876 3170 933 continue
3193 881 3401 947 quanta
3439 888 3572 929 cen-

1993 970 2151 1019 sentu
2160 978 2207 1018 Γ.

2063 1071 2360 1130 Sciendum
2383 1086 2548 1147 porro
2580 1087 2666 1133 est
2712 1092 2775 1133 ea
2805 1078 2861 1132 in
2888 1091 3184 1132 numerum
3235 1073 3434 1133 cadere
3449 1087 3572 1144 qua

1993 1164 2140 1219 inter
2167 1180 2227 1222 se
2247 1166 2660 1239 distinguuntur
2685 1209 2701 1237 ,
2735 1184 2839 1225 nec
2873 1166 3156 1223 numerari
3209 1181 3271 1223 ea
3299 1179 3463 1237 posse
3485 1164 3572 1219 in-

1992 1263 2077 1310 ter
2099 1270 2221 1325 qua
2248 1257 2402 1312 nulla
2433 1258 2722 1316 distinctio
2760 1266 2848 1316 est
2880 1276 2895 1313 :
2924 1258 3021 1314 sed
3057 1264 3334 1328 quatenus
3371 1253 3571 1309 distin-

1990 1359 2253 1419 guuntur,
2278 1358 2509 1408 eatenus
2529 1353 2843 1420 numerari;
2869 1367 2955 1408 ex.
2982 1367 3091 1423 ειη,
3119 1348 3316 1405 Petrus
3345 1354 3402 1404 et
3425 1345 3570 1400 Pau-

1990 1438 2103 1505 lus,
2125 1455 2234 1511 qua
2265 1442 2485 1500 ratione
2515 1444 2658 1499 uniti
2678 1451 2831 1509 sunt,
2854 1457 2966 1499 non
2994 1446 3398 1505 numerantur;
3418 1450 3568 1499 nam,

1991 1546 2115 1587 cum
2180 1535 2484 1590 secundum
2554 1536 2851 1593 essentiam
2907 1536 3262 1606 copulentur,
3306 1530 3414 1587 dici
3460 1543 3571 1583 non

1990 1635 2226 1694 possunt
2252 1626 2376 1682 dua
2396 1637 2608 1684 natura
2632 1647 2645 1684 :
2680 1638 2735 1684 at
2757 1643 2909 1692 vero,
2936 1641 3059 1683 cum
3088 1628 3301 1681 ratione
3325 1635 3573 1694 persona

1989 1715 2395 1783 differunt,dua
2414 1720 2637 1791 proinde
2655 1735 2899 1792 persona
2921 1721 3198 1776 dicuntur.
3211 1717 3287 1772 Ex
3303 1730 3412 1787 quo
3426 1721 3573 1785 patet

1994 1824 2280 1864 numerum
2336 1812 2405 1868 iis
2431 1815 2747 1877 convenire,
2792 1828 2915 1884 qua
2946 1811 3089 1867 inter
3116 1825 3177 1866 se
3196 1808 3490 1873 dilTerunt;
3519 1815 3574 1861 et

1897 1925 1904 1933 ’
1992 1910 2263 1971 quatenus
2293 1903 2575 1971 diﬂ'erunt,
2621 1905 2889 1962 hactenus
2918 1917 3140 1976 quoque
3168 1916 3233 1958 ea
3263 1897 3569 1955 numerari.

2066 1995 2201 2050 Duce
2225 1994 2420 2052 Christi
2439 2006 2648 2052 natura
2671 1996 2940 2053 discreta.
2965 2029 3034 2040 —
3056 1995 3332 2062 Quocirca
3351 1991 3570 2047 Domini

1994 2095 2229 2152 natura,
2306 2098 2574 2159 quantum
2611 2088 2679 2144 ad
2746 2103 3043 2161 personam
3093 2089 3311 2149 attinet,
3360 2084 3571 2154 absque

1992 2178 2322 2236 confusione
2373 2182 2542 2236 unita
2593 2188 2766 2248 sunt;
2800 2187 3065 2251 quantum
3101 2184 3283 2232 autem
3317 2173 3385 2230 ad
3416 2173 3572 2229 (ηπε-

1992 2270 2185 2326 rentia
2231 2270 2532 2338 rationem,
2561 2271 2773 2341 absque
2822 2269 3098 2326 divisione
3127 2267 3569 2338 distinguuntur.

1991 2361 2070 2416 Ac
2095 2361 2317 2431 quidem
2346 2378 2454 2433 qua
2485 2364 2699 2419 ratione
2728 2361 2896 2418 unita
2926 2369 3080 2429 sunt,
3115 2360 3341 2415 minime
3369 2371 3571 2412 nume-

1991 2461 2190 2507 rantur
2245 2452 2460 2526 (neque
2508 2454 2659 2510 enim
2685 2453 2827 2511 duas
2871 2460 3137 2525 quantum
3168 2451 3235 2506 ad
3277 2462 3568 2521 personam

1992 2543 2236 2600 dicimus
2294 2559 2422 2602 esse
2456 2543 2665 2601 Christi
2719 2543 3015 2615 naturas),
3055 2557 3165 2614 qua
3196 2551 3378 2596 autem
3429 2539 3569 2594 citra

1992 2634 2322 2693 divisionem
2404 2635 2684 2693 distincta
2747 2643 2879 2693 sunt
2915 2673 2933 2700 ,
2991 2639 3374 2689 numerantur.
3440 2627 3571 2684 Dua

1991 2728 2138 2782 enim
2165 2726 2377 2792 Christi
2430 2737 2645 2785 natura
2674 2732 2828 2797 sunt,
2860 2725 3240 2785 distinctionis
3262 2724 3487 2779 ratione
3516 2727 3571 2776 et

1992 2818 2158 2873 modo
2198 2836 2215 2872 :
2247 2831 2375 2872 nam
2404 2819 2532 2889 quia
2584 2820 2802 2875 ratione
2845 2832 3095 2891 persona
3125 2815 3298 2871 unita
3331 2820 3484 2879 sunt,
3516 2819 3572 2868 et

1992 2909 2226 2964 invicem
2258 2923 2320 2965 se
2350 2909 2677 2979 pervadunt,
2704 2910 2841 2965 citra
2869 2908 3246 2965 confusionem
3275 2904 3569 2966 uniuntur.

1994 3013 2152 3054 suam
2213 3001 2524 3056 naturalem
2597 2999 2966 3056 differentiam
3026 2999 3200 3054 amba
3243 2995 3569 3052 retinentes.

1920 3096 1963 3154 (ζ
1996 3090 2201 3159 Quare,
2247 3106 2374 3147 cum
2406 3092 2787 3148 distinctionis
2838 3092 3024 3158 modo,
3055 3092 3295 3161 ejusque
3325 3089 3445 3145 sola
3478 3101 3570 3141 ra-

1990 3181 2139 3237 tione
2167 3192 2554 3250 numerentur,
2594 3184 2665 3241 ad
2714 3184 3009 3241 discretam
3058 3181 3427 3253 quantitatem
3476 3193 3571 3236 re-

1991 3271 2270 3343 digeritur.

2066 3362 2342 3429 Quomodo
2363 3364 2564 3423 Christi
2594 3382 2719 3421 caro
2742 3364 3015 3420 adoretur.
3044 3388 3115 3403 —-
3144 3358 3494 3429 Quapropter
3524 3355 3573 3390 ⁷*

1986 3475 2130 3516 unus
2185 3466 2271 3516 est
2293 3457 2572 3524 Christus,
2626 3457 2772 3514 Deus
2809 3454 3112 3527 perfectus,
3160 3460 3216 3508 et
3244 3450 3409 3506 homo
3449 3462 3579 3520 per-

1984 3549 2183 3616 fectus,
2244 3550 2334 3606 cui
2385 3563 2552 3605 unam
2607 3548 2966 3618 eamdemque
3017 3543 3391 3601 adorationem
3443 3553 3570 3597 cum

1988 3643 2151 3698 Patre
2186 3649 2241 3698 et
2270 3641 2499 3712 Spiritu,
2527 3654 2637 3695 non
2662 3639 2889 3695 exclusa
2908 3638 3259 3693 immaculata
3296 3634 3417 3705 ejus
3445 3647 3572 3688 car-

1988 3751 2080 3800 ne,
2114 3734 2464 3791 adhibemus.
2493 3732 2683 3804 Neque
2701 3733 2849 3787 enim
2905 3728 3240 3785 adorandam
3290 3739 3416 3783 esse
3444 3739 3569 3779 car-

1990 3843 2118 3884 nem
2147 3827 2269 3899 ejus
2295 3840 2566 3896 negamus
2601 3845 2615 3881 :
2646 3823 2852 3896 quippe
2912 3837 3033 3894 qua
3072 3820 3340 3875 adoratur
3368 3817 3425 3872 in
3458 3832 3569 3871 una

1989 3916 2159 3974 Verbi
2187 3931 2449 3989 persona,
2475 3932 2600 3988 qua
2624 3915 2847 3987 quidem
2882 3914 2987 3985 ipsi
3046 3925 3283 3984 persona
3312 3920 3367 3966 et
3395 3912 3570 3980 hypo-

1988 4012 2155 4070 stasis
2188 4010 2332 4067 facta
2353 4020 2457 4069 est.
2490 4012 2608 4079 Qua
2632 4013 2691 4066 in
2720 4026 2780 4068 re
2801 4026 2911 4067 non
2944 4017 3215 4065 creatura
3254 4006 3567 4070 servimus;

1989 4118 2102 4159 non
2147 4103 2295 4159 enim
2351 4102 2526 4169 illam,
2577 4117 2683 4158 ceu
2720 4101 2923 4157 nudam
2985 4113 3209 4154 carnem
3241 4097 3564 4156 adoramus.

1989 4195 2084 4251 sed
2118 4195 2268 4251 velut
2312 4194 2592 4251 divinitati
2655 4193 2867 4248 unitam
2897 4209 2910 4246 :
2944 4198 3000 4246 et
3035 4190 3166 4260 quia
3213 4188 3336 4242 dua
3391 4187 3568 4254 ipsius

1984 4297 2192 4342 natura
2221 4285 2290 4340 ad
2322 4300 2482 4340 unam
2515 4284 2611 4339 Dei
2644 4282 2809 4339 Verbi
2849 4292 3141 4352 personam
3199 4275 3566 4337 reducuntur,

1983 4390 2261 4446 unamque
2333 4372 2772 4431 subsistentiam.
2854 4370 3168 4426 Carbonem
3221 4376 3446 4436 tangere
3496 4366 3570 4421 ob

1992 4465 2172 4534 ignem
2198 4478 2324 4517 cum
2371 4463 2522 4534 ligno
2550 4461 2906 4531 conjunctum
2935 4472 3149 4513 vereor.
3182 4455 3385 4514 Ambas
3411 4454 3569 4511 Chri—

1616 4750 1847 4807 VARLE
1874 4750 2287 4810 LECTIONES.

372 4861 403 4901 ε
440 4859 585 4933 Edit.
613 4861 670 4933 ἢ.

774 4861 802 4901 ιι
824 4862 960 4949 βοά.
993 4865 1055 4949 δἶ
1086 4865 1284 4949 Ηίῌὶ.
1307 4868 1362 4932 7,
1392 4868 1546 4949 (πρυ).
1572 4871 1609 4926 5
1632 4879 1688 4949 et
1716 4871 1974 4949 ειιιιιγιη.
1998 4874 2376 4948 ἁναφέροιντο.
2406 4847 2573 4934 Cotti.
2593 4875 2728 4933 alter
2755 4876 3121 4949 διαφέροιντο.

3231 4879 3247 4919 ί
3281 4879 3415 4936 Cod.
3452 4879 3566 4937 fere

295 4942 493 4988 omnes
511 4931 645 5005 ψιλῇ
671 4934 858 5007 σαρκί.
893 4974 908 4990 .
937 4974 952 4989 .
984 4977 998 4991 .
1030 4938 1310 5010 ἡνωμένη.
1352 4931 1355 4932 ⁷
1388 4950 1402 4989 ι
1440 4939 1572 4997 Mss.
1604 4941 1666 4996 οὐ
1698 4931 1982 5014 τέταρτον.

1808 5054 2038 5112 NOTAE.

302 5131 523 5221 ρηῑιιμῐξι
552 5145 664 5221 est.
699 5139 864 5221 modo
906 5143 1189 5214 propriam
1226 5146 1498 5221 rationem
1539 5163 1697 5205 suam
1717 5191 1733 5216 ,
1773 5165 1882 5221 qua
1914 5155 1959 5210 D
1987 5150 2083 5221 qui
2119 5150 2261 5221 duas
2288 5148 2801 5221 naturas_integras
2832 5147 3055 5221 Christo
3085 5145 3398 5221 tribuendo,
3430 5163 3567 5221 qua.

298 5200 690 5290 distinguitur,
708 5200 1047 5290 incolumem
1055 5225 1270 5290 seruet.
1284 5200 1508 5290 Eadem
1523 5200 1886 5290 ἔεὲβόηέίόῐιέ

299 5269 798 5358 ΤΙειεοιρευε,Αοιὶιιι
839 5269 981 5338 orat.
1014 5269 1121 5352 57,
1149 5269 1886 5358 militiai'sd'iiéiii'ﬁuﬁlii

301 5354 413 5393 mn
445 5354 852 5411 argutationem
899 5364 1093 5409 contra
1141 5356 1310 5413 trium
1370 5356 1574 5415 divina
1626 5361 1887 5418 essentia

299 5422 1351 5502 personarumjconsubstantialitatem
1383 5445 1400 5483 :
1435 5430 1528 5485 cui
1575 5430 1882 5502 Nysscnus,

303 5478 524 5569 aliliﬂg‘e
538 5482 801 5569 ’ejusdcr‘n
832 5492 929 5569 ari
967 5478 1482 5569 adj..'.'.gi;}56§édni.

532 5553 819 5643 (ζιξτεχόρ
840 5549 1482 5643 retapr'or-f—Nronienint‘
1493 5583 1739 5643 quartam
1768 5588 1884 5641 per-

292 5635 517 5708 ferrent.
550 5623 1085 5708 Apollinarista,'_ut
1115 5648 1259 5708 ante
1289 5623 1642 5708 dicebamus,
1657 5623 1882 5697 Ἑξιίιῐὸ-

292 5691 450 5751 licos
482 5691 829 5753 lacessebant
866 5691 1880 5782 ccu'duopwnolacpae,dioniinicwo—ius,

1990 5214 2301 5276 t'ernitatem
2356 5233 2458 5289 pro
2504 5216 2784 5289 ,Trinitate
2844 5219 3191 5289 inveherent.
3212 5214 3342 5289 _Hoc
3393 5214 3567 5289 refert

1988 5284 2394 5347 Nazianzenus.
2426 5288 2597 5359 epist.
2629 5290 2682 5354 ί,
2723 5288 2791 5345 ad
2831 5287 3096 5359 Cled.,ut_
3138 5284 3452 5359 Athanasii,
3493 5289 3564 5344 ad

1958 5364 1967 5365 “
1988 5361 2240 5443 Epicteti:
2249 5376 2315 5442 ιι).
2330 5353 2636 5443 epistolam.
2657 5353 2893 5443 taceanm,
2910 5427 2923 5442 θ
2941 5355 3260 5443 ἰηῃυξιςμξε
3274 5353 3564 5443 apollinis-

1988 5423 2255 5504 rius__ipse
2301 5423 2755 5504 in_’Professi_one
2768 5497 2779 5504 _
2798 5423 2925 5504 ﬁdei
2959 5426 3042 5504 ad_
3070 5423 3397 5504 lorianum,
3419 5430 3561 5504 et_in

1990 5495 2179 5557 libello
2213 5500 2369 5567 Quod
2410 5516 2548 5554 unus
2597 5501 2668 5553 sit
2714 5497 2981 5567 Christus.
3012 5495 3564 5567 AnastasiusAntio-

1992 5564 2696 5646 chepusicrimiuationem
2758 5567 2919 5646 hanc”
2950 5566 3006 5646 in
3051 5564 3196 5646 libro
3226 5565 3366 5634 Περὶ
3399 5568 3563 5646 ἐκερ-

1993 5640 2188 5711 γειῶν,
2224 5640 2302 5695 De
2331 5636 2752 5711 operationibus,
2785 5633 3510 5711 confutagithoc‘eiemplo
3546 5652 3559 5689 :

2003 5704 2243 5768 Ὗπόθου
2277 5712 2425 5782 τρεῖς
2465 5704 2603 5763 εἶναι
2638 5705 2837 5779 στήλας
2868 5704 3075 5778 χαλκᾶς
3099 5744 3113 5769 ,
3161 5704 3254 5759 καὶ
3297 5707 3395 5778 τὴν
3422 5704 3563 5776 μίαν
