4072 6146
603 350 744 417 1019
1799 351 1861 411 S.
1890 349 2196 412 JOANNIS

2299 345 2678 408 lAMASCENl
2761 370 2764 372 τ
3701 345 3828 415 Ῑοέιι

605 458 965 533 appendicem
1001 456 1172 520 illam,
1201 469 1364 525 quam
1429 453 1625 512 Petrus
1677 454 2008 527 Cnapheus,
2069 472 2172 512 seu

2299 453 2384 507 me
2411 453 2506 507 τοῦ
2541 453 2936 524 ματαιόφρονος
2967 452 3175 523 Πέτρου
3215 450 3307 506 τοῦ
3337 452 3590 520 κναφέως
3620 471 3838 530 γεγενη-

607 553 786 613 Fullo,
811 547 1062 617 Trisagio
1082 547 1284 618 hymno
1305 546 1530 616 adjecit,
1560 547 1782 617 impiam
1820 563 1945 604 esse
1975 549 2172 604 statui-

2299 544 2470 614 ιένην,
2501 544 2822 616 βλάσφημον
2847 543 3163 615 ὁριζόμεθα,
3211 543 3287 607 ὡς
3314 546 3572 614 τέταρτον
3619 562 3836 618 παρεισ-

605 659 750 706 mus,
780 647 841 694 ιιι
872 653 992 708 quae
1033 645 1286 706 quartam
1343 637 1568 692 inducat
1615 653 1927 708 personam,
1958 655 2022 694 ac
2078 640 2172 696 Dei

2299 635 2516 704 ἱγουσαν
2562 635 2874 706 πρόσωπον,
2905 633 3001 687 καὶ
3053 633 3329 704 ἀναμέρος
3353 634 3595 688 τιθεῖσαν
3639 635 3730 689 τὸν
3754 641 3836 693 τοςῖ

605 729 827 792 Filium,
868 727 1144 782 vimiilam
1178 727 1441 782 nimirum
1469 727 1650 783 Patris
1699 743 1828 784 vere
1863 729 2173 785 subsisten-

2299 728 2410 781 θεοῦ
2447 728 2594 794 Υίὸν,
2612 727 2712 800 τὴν
2730 727 2825 781 τοῦ
2855 727 3068 797 Πατρὸς
3095 725 3460 779 ὲνυπόστατον
3484 726 3740 798 δύναμιν,
3756 731 3842 782 καὶ

605 829 737 884 tem,
765 820 994 876 seorsim
1025 819 1284 878 collocet,
1316 828 1371 874 et
1411 819 1644 874 seorsim
1667 834 1867 876 rursus
1894 835 2042 884 eum,
2077 820 2173 890 qui

2299 818 2547 890 ιναμέρος
2595 818 2687 872 τὸν
2717 817 3135 888 ἐσταυρωμένον
3189 815 3266 879 ὡς
3317 814 3477 870 ἄλλον
3527 817 3657 873 ὄντα
3697 824 3840 890 παρά

603 909 758 964 cruci
787 908 980 964 alﬁxus
1003 917 1107 972 est,
1148 923 1212 962 ac
1246 908 1290 964 si
1321 909 1390 963 ab
1425 907 1522 963 illo
1561 908 1690 976 [orti
1717 909 1971 964 diversus
2005 918 2172 974 esset,

2299 909 2364 962 :iw
2389 909 2663 978 ἰσχυρὸν,
2698 908 2732 978 ἦ
2764 908 3014 979 παθητὴν
3035 907 3132 978 τὴν
3162 906 3326 974 ἁγίαν
3361 907 3567 977 Τριάδα
3597 908 3838 974 δοξάζου-

605 1001 694 1056 vel
724 999 1049 1054 Trinitatem
1077 1008 1324 1054 sanctam
1364 998 1607 1068 passioni
1652 1000 1947 1053 obnoxiam
1979 999 2174 1069 opine-

2299 1015 2400 1064 ταν,
2431 999 2526 1053 καὶ
2567 996 2971 1068 συσταυροῦσαν
3011 995 3090 1067 τῷ
3139 995 3252 1066 Υίῷ
3285 993 3378 1048 τὸν
3421 996 3642 1066 Πατέρα
3674 999 3767 1051 καὶ
3786 1001 3840 1054 τὸ

607 1099 716 1157 tur,
773 1089 1097 1158 Patremque
1131 1103 1194 1144 ac
1249 1088 1512 1158 Spiritum
1561 1097 1810 1144 sanctum
1866 1089 1922 1142 in
1956 1102 2175 1144 crucem

2299 1088 2504 1160 Ῑνεῠμα
2533 1089 2594 1143 τδ
2630 1088 2803 1158 ἅγιον.
2842 1089 3057 1158 ’Λπαγε
3098 1087 3306 1159 ταύτην
3332 1089 3434 1160 τὴν
3474 1088 3793 1158 βλάσφημον
3825 1091 3838 1129 ι

609 1189 754 1250 agat.
782 1179 978 1234 Procul
1018 1180 1090 1233 sit
1117 1179 1436 1247 blasphema
1484 1178 1597 1232 haec
1627 1185 1682 1233 et
1717 1178 2026 1232 adulterina
2068 1194 2176 1232 nu-

2299 1183 2370 1236 ιαὶ
2389 1185 2812 1252 παρέγγραπτον
2845 1178 3135 1250 φλυαρίαν.
3183 1177 3375 1247 Ἧμεῖς
3405 1179 3513 1249 γὰρ
3555 1179 3616 1231 τὸ
3637 1218 3652 1242 ,
3690 1180 3842 1248 ἅγιος

609 1269 840 1339 gacitas.
873 1267 986 1323 Nos
1031 1267 1235 1336 quippe
1269 1265 1427 1330 illud,
1461 1275 1677 1320 sanctus
1721 1265 1861 1320 Deus
1905 1267 1973 1322 de
2017 1266 2177 1322 Patre

2299 1273 2311 1323 5
2348 1269 2510 1334 Θεὸς,
2543 1269 2638 1322 ἐπὶ
2667 1267 2760 1322 τοῦ
2806 1267 3020 1338 Πατρδς
3077 1266 3497 1337 ὲκλαμϐάνομεν
3523 1311 3538 1334 ,
3566 1268 3666 1320 οὐκ
3706 1270 3843 1338 αὐτῷ

609 1361 949 1428 accipimus:
984 1374 1091 1413 non
1123 1356 1269 1427 quod
1304 1357 1409 1428 ipsi
1443 1357 1546 1411 soli
1581 1357 1891 1413 divinitatis
1925 1358 2178 1429 assigne-

2299 1361 2426 1430 ιόνῳ
2448 1360 2508 1413 τὸ
2550 1359 2648 1430 τῆς
2703 1358 2957 1428 θεότητος
2991 1357 3341 1428 ἀφορίζοντες
3372 1358 3564 1428 ὄνομα,
3590 1359 3729 1412 ἀλλὰ
3760 1362 3846 1413 καὶ

611 1466 735 1505 mus
762 1464 983 1504 nomen.
1015 1447 1152 1502 Nam
1184 1455 1238 1502 et
1267 1447 1490 1513 Filium,
1520 1454 1576 1503 et
1617 1446 1882 1517 Spiritum
1922 1458 2176 1505 sanctum

2299 1455 2368 1509 τὸν
2404 1453 2534 1508 Υἱὸν
2560 1452 2693 1505 Θεὸν
2711 1451 2914 1513 εἰδότες
2933 1491 2948 1516 ,
2977 1451 3074 1504 καὶ
3103 1450 3164 1503 τὸ
3198 1449 3425 1520 Πνεῦμα
3451 1451 3510 1504 τὸ
3529 1451 3686 1519 ἅγιον
3710 1469 3725 1484 ·
3758 1452 3847 1506 καὶ

617 1542 782 1596 Deum
817 1541 1186 1611 agnoscimus.
1219 1538 1406 1594 Itidem
1437 1538 1598 1606 illud,
1629 1548 1846 1594 sanctus
1875 1541 2053 1607 fartis,
2084 1539 2177 1595 Fi-

2299 1546 2360 1614 :b,
2391 1547 2557 1616 ἅγιος
2592 1543 2861 1613 ἰσχυρὸς,
2891 1543 2986 1595 ἐπὶ
3030 1541 3124 1594 τοῦ
3161 1541 3292 1595 Υἱοῦ
3327 1542 3544 1610 τίθεμεν
3568 1583 3583 1607 ,
3606 1542 3710 1595 οὐκ
3750 1543 3848 1597 ἀπ-

612 1631 690 1686 lio
715 1632 1008 1687 tribuimus
1037 1649 1050 1686 :
1079 1647 1189 1686 non
1220 1631 1366 1701 quod
1397 1631 1610 1686 Patrem
1646 1639 1701 1685 et
1743 1629 2007 1700 Spiritum
2052 1646 2181 1688 san-

2299 1637 2672 1708 ιμφιεννύντες
2698 1637 2799 1706 τῆς
2834 1633 3018 1703 ίσχὺος
3045 1632 3136 1686 τὸν
3163 1632 3385 1703 Πατέρα
3419 1633 3514 1686 καὶ
3538 1633 3599 1685 τὸ
3629 1631 3850 1703 Πνεῦμα

613 1728 762 1772 ctum
796 1708 998 1774 virtute
1022 1718 1346 1788 spoliemus.
1374 1716 1454 1772 Ae
1489 1716 1728 1786 denique
1762 1717 1894 1773 illud
1916 1758 1932 1784 ,
1963 1729 2179 1774 sanctus

2299 1730 2343 1783 rh
2365 1729 2554 1797 ἆγιονο
2588 1727 2682 1780 καὶ
2729 1726 2810 1791 τὸ,
2839 1725 3007 1794 ἅγιος
3045 1723 3364 1790 ἀθάνατος,
3405 1724 3500 1777 ἐπὶ
3557 1723 3651 1776 τοῦ
3700 1724 3846 1791 άγίου

615 1813 971 1876 immortalis,
1025 1810 1255 1882 Spiritui
1299 1816 1493 1866 sancto
1540 1810 1909 1867 ascribimus:
1969 1828 2078 1867 non
2121 1821 2181 1868 ut

2299 1819 2600 1889 [Ῑνεύματος
2621 1819 2910 1888 τάττομεν,
2935 1818 3036 1870 οὐκ
3066 1816 3172 1881 ἔξω
3202 1817 3315 1885 τῆς.
3342 1817 3649 1879 ἀθανασίας
3677 1816 3849 1869 τιθέν-

615 1901 832 1956 Patrem
868 1910 924 1958 et
960 1899 1158 1956 Filium
1208 1901 1280 1956 ab
1335 1902 1752 1956 immortalitate
1800 1903 2178 1970 excludamns,

2299 1930 2371 1976 ιες
2399 1912 2492 1965 τὸν
2531 1911 2751 1981 Πατέρα
2784 1910 2878 1963 καὶ
2908 1910 3000 1961 τὸν
3047 1909 3198 1971 Υἱὸν,
3233 1908 3348 1962 ἀλλ’
3371 1908 3456 1977 ἐφ’
3487 1909 3730 1978 ἑκάστης
3751 1909 3850 1960 τῶν

618 1995 711 2050 seni
740 2001 798 2047 ut
821 1996 878 2048 in
906 2008 1238 2063 unaquaque
1266 2006 1500 2062 persona
1529 1993 1712 2048 omnia
1740 1993 1922 2048 divina
1959 1995 2182 2050 nomina

2299 2001 2632 2056 ὅποστάσεων
2659 2000 2839 2062 πάσας
2889 1998 2988 2061 τὰς
3033 1998 3339 2068 θεωνυμίας
3365 1999 3558 2060 ἁπλῶς
3600 1999 3695 2051 καὶ
3724 1999 3851 2051 ἀπο-

619 2084 947 2154 simpiiciter
981 2092 1036 2140 et
1068 2084 1321 2138 absolute
1345 2099 1655 2151 sumamus,
1679 2085 1929 2141 divinum
1970 2087 2185 2143 scilicet

2299 2092 2457 2154 ttith
2480 2089 2939 2160 ἐκλαμϐάνοντες,
2975 2089 3071 2140 καὶ
3117 2087 3211 2141 τὸν
3239 2089 3384 2142 θεῖον
3419 2089 3746 2141 Ἀπόστολον
3767 2089 3853 2140 ὲκ-

618 2170 942 2239 Apostolum
977 2170 1280 2236 imitantes,
1301 2172 1462 2240 cujus
1493 2171 1606 2226 haec
1630 2172 1796 2226 verba
1818 2183 1983 2228 sunt:
2017 2173 2184 2228 Nobis

2299 2183 2617 2255 μιμούμενοι
2647 2223 2662 2249 ,
2698 2181 2978 2252 φάσκοντα
3006 2197 3021 2212 ν
3074 2179 3248 2248 Ἡμῖν
3278 2180 3346 2234 δὲ
3389 2175 3478 2246 εἷς
3511 2182 3650 2244 Θεὸς
3676 2183 3710 2234 ὀ
3741 2178 3856 2233 Hd-

621 2271 797 2315 autem
845 2277 979 2315 unus
1009 2260 1149 2315 Deus
1195 2260 1375 2326 Pater,
1403 2276 1468 2316 ea:
1513 2277 1614 2330 quo
1647 2265 1849 2325 omnia,
1905 2272 1955 2317 et
1992 2280 2087 2317 nos
2122 2278 2187 2317 ea:

2299 2274 2418 2342 τὴρ,
2444 2274 2513 2338 ἐξ
2545 2268 2617 2328 οὗ
2651 2273 2723 2325 τὰ
2743 2271 2960 2336 πάντα,
2985 2270 3084 2324 καὶ
3106 2269 3278 2338 ἡμεῖς
3309 2271 3379 2335 ἐξ
3413 2270 3624 2324 αὐτοῦ·
3646 2268 3744 2323 καὶ
3766 2262 3852 2332 εἷς

622 2356 735 2423 ipso
764 2372 778 2420 ;
809 2364 858 2409 et
890 2369 1024 2408 unus
1089 2353 1348 2408 Dominus
1383 2354 1540 2410 Iesus
1592 2355 1856 2422 Christus,
1899 2372 1990 2424 per
2037 2372 2187 2426 quem

2299 2367 2502 2435 Κύριος
2550 2362 2786 2430 Ἰησοῦς
2835 2361 3112 2430 Χριστὸς,
3159 2361 3234 2415 δι’
3265 2356 3338 2416 οὗ
3389 2362 3460 2414 τὰ
3497 2361 3688 2414 πάντα
3712 2401 3728 2422 ,
3757 2363 3856 2415 καὶ

624 2446 822 2512 omnia,
861 2454 911 2500 et
951 2461 1045 2500 nos
1085 2461 1178 2515 per
1223 2447 1439 2514 ipsum:
1487 2447 1652 2517 219
1687 2457 1738 2502 et
1783 2465 1916 2502 unus
1956 2447 2188 2516 Spiritus

2299 2455 2462 2525 ἡμεῖς
2490 2455 2566 2507 δι’
2585 2453 2772 2508 αὑτοῦ
2809 2468 2825 2482 ’
2857 2452 2955 2505 καὶ
3004 2451 3074 2505 ἐν
3106 2453 3349 2520 Πνεῦμα
3392 2452 3588 2521 ἅγιον,
3615 2453 3686 2505 ἐν
3715 2446 3765 2518 ᾧ
3791 2452 3859 2504 τὰ

624 2546 862 2600 sanctus,
895 2537 1072 2605 inquo
1109 2538 1308 2601 omnia,
1352 2547 1402 2592 et
1455 2555 1550 2593 nos
1598 2540 1651 2592 in
1713 2540 1911 2602 ipso".
1947 2538 2191 2610 Itemque

2299 2547 2488 2602 πάντα
2515 2545 2613 2599 καὶ
2645 2543 2816 2613 ἡμεῖς
2841 2544 2910 2597 ἐν
2937 2541 3173 2608 αὐτῷ,¹¹¹.
3208 2543 3283 2597 Οὐ
3331 2543 3441 2613 μὴν
3482 2541 3617 2596 ἀλλὰ
3642 2542 3740 2595 καὶ
3774 2542 3862 2595 τδν

624 2627 950 2696 Gregorium
971 2627 1016 2659 ⁷⁸
1069 2628 1226 2684 illum
1282 2628 1618 2700 Theologum
1652 2630 1717 2684 ad
1761 2631 1910 2686 hunc
1968 2632 2190 2687 modum

2299 2637 2551 2705 Θεολόγον
2581 2634 2902 2706 Γρηγόριον,
2921 2631 3022 2687 ὧδέ
3073 2652 3147 2704 πη
3178 2633 3406 2700 λέγοντα
3427 2650 3441 2663 ·
3481 2633 3657 2702 Ἡμῖν
3687 2633 3756 2686 δὲ
3781 2628 3864 2698 εἷς

627 2718 975 2787 loquentem:
1001 2718 1171 2776 Nobis
1206 2733 1381 2776 autent
1409 2739 1546 2777 unus
1584 2723 1724 2778 Deus
1764 2725 1948 2788 Pater,
1996 2741 2061 2779 ea:
2092 2743 2193 2796 quo

2299 2727 2441 2793 Θεὸς
2469 2729 2504 2780 ὁ
2550 2724 2773 2792 Πατὴρ,
2807 2723 2876 2788 ἐξ
2904 2719 2976 2780 οὗ
3033 2724 3106 2777 τὰ
3143 2722 3339 2776 πάντα
3361 2761 3376 2787 ,
3406 2723 3506 2776 καὶ
3536 2717 3625 2788 εἷς
3656 2725 3865 2790 Κύριος

628 2812 840 2880 omnia;
875 2820 925 2866 et
951 2828 1088 2868 unus
1115 2813 1372 2877 Dominus
1405 2814 1566 2870 Jesus
1601 2814 1866 2879 Christus,
1913 2834 2004 2887 per
2043 2835 2194 2889 quem

2309 2818 2546 2886 Ἰησοῦς
2567 2813 2927 2885 Χριστὸςβι*
2958 2809 3031 2870 οὗ
3062 2812 3136 2866 τὰ
3169 2813 3386 2878 πάντα,
3405 2812 3504 2866 καὶ
3529 2811 3600 2866 ἐν
3626 2811 3868 2880 Πνεῦμα

627 2903 917 2969 omnia;et
942 2921 1080 2960 unus
1123 2903 1359 2974 Spiritus
1402 2916 1659 2974 sanctus,
1706 2908 1762 2962 in
1805 2925 1908 2980 quo
1976 2911 2194 2964 omnia:

2299 2909 2486 2979 ἅγιον,
2519 2909 2587 2962 ἐν
2605 2902 2653 2975 ᾧ
2682 2905 2757 2960 τὰ
2777 2905 3004 2970 πάντα,
3025 2903 3141 2970 τοῦ,
3171 2904 3238 2966 ἐξ
3263 2898 3360 2967 οὗ,
3390 2904 3506 2969 καὶ,
3529 2902 3602 2955 δι’
3624 2899 3726 2966 οὗ,
3756 2903 3867 2964 καὶ,

630 2994 717 3049 liis
749 2996 983 3058 voeulis,
1012 3012 1078 3050 ea:
1099 3013 1221 3066 quo,
1241 3013 1332 3063 per
1363 3014 1539 3067 quem,
1571 3007 1624 3053 et
1651 2999 1708 3052 in
1744 3016 1867 3069 quo,
1902 3015 2010 3055 non
2044 3001 2195 3055 scin-

2299 2999 2367 3052 ἑν
2387 2993 2455 3066 ᾧ,
2499 2997 2573 3068 μὴ
2621 2997 2813 3066 φύσεις
2855 2994 3192 3064 τεμνόντων·
3226 2992 3351 3046 οὐδὲ
3380 2993 3490 3063 γὰρ
3535 2994 3603 3046 ἂν
3649 2993 3871 3062 μετέπι-

627 3086 888 3141 dentibus
913 3094 1138 3143 naturas
1161 3087 1361 3157 (neque
1384 3090 1531 3143 enim
1551 3089 1756 3158 alioqui
1780 3091 2196 3158 praepositiones

2300 3107 2432 3143 πτον
2462 3090 2518 3142 αἱ
2545 3087 2853 3158 προθέσεις,
2884 3085 2919 3156 ἦ
2943 3085 2998 3138 αἱ
3041 3083 3224 3150 τάξεις
3255 3081 3365 3137 τῶν
3399 3084 3716 3153 ὀνομάτων
3741 3083 3875 3138 ἀλλὰ.

629 3175 758 3242 illae,
793 3183 890 3230 aut
913 3177 1198 3232 nominum
1236 3178 1464 3234 ordines
1519 3194 1763 3247 unquam
1808 3181 2194 3249 mutarentur),

627 3283 818 3322 verum
875 3268 1041 3324 unius
1087 3284 1152 3324 ac
1200 3269 1504 3325 inconfusm
1561 3279 1770 3324 natura:
1830 3273 2196 3340 proprietates

626 3359 1085 3428 exprimentibus.
1108 3358 1279 3430 quue
1313 3361 1488 3430 liquet
1512 3377 1577 3415 ex
1605 3376 1673 3416 eo
1727 3365 1874 3431 quod
1908 3377 2102 3417 rursus
2143 3363 2195 3416 in

630 3465 799 3504 unum
849 3451 1213 3522 colliguntur,
1262 3452 1310 3507 si
1354 3452 1518 3507 modo
1558 3452 1830 3521 quispiam
1874 3452 2008 3505 illud
2054 3454 2198 3522 apud

630 3541 951 3609 Apostolum
1010 3542 1154 3597 haud
1210 3542 1552 3613 negligenter
1609 3543 1790 3612 legat:
1826 3540 1908 3594 Ea:
1961 3544 2095 3606 ipso,
2147 3553 2198 3599 et

631 3648 722 3700 per
747 3633 942 3700 ipsum,
979 3642 1029 3687 et
1061 3634 1116 3687 in
1140 3634 1253 3702 ipso
1287 3643 1409 3688 sunt
1438 3631 1765 3701 omnia,ipsi
1792 3632 1966 3702 gloria
2011 3634 2064 3687 in
2093 3649 2197 3688 sa:-

631 3719 755 3773 cula
776 3723 1112 3776 surculorum.
1131 3726 1297 3778 Amen
1316 3724 1385 3778 ⁷⁸.

702 3808 837 3864 Nam
864 3812 1007 3880 quod
1041 3828 1150 3867 non
1177 3813 1244 3868 de
1283 3813 1424 3868 Filio
1451 3813 1721 3868 duntaxat
1742 3815 1811 3878 3°,
1846 3812 1939 3867 srd
1971 3813 2035 3866 de
2077 3827 2202 3868 sane

2299 3178 2814 3252 χαρακτηριζόντων
2840 3178 2968 3246 μιᾶς
2990 3176 3084 3229 καὶ
3103 3173 3414 3244 ὰσυγχύτου
3431 3173 3648 3241 φύσεως
3679 3175 3875 3242 ἰδιότη-

2299 3290 2397 3335 τας
2417 3289 2431 3302 ·
2461 3269 2556 3323 καὶ¹
2579 3269 2739 3325 τοῦτο
2759 3268 2919 3338 δῆλον
2937 3265 2998 3332 ἐξ
3029 3259 3104 3320 ὧν
3134 3268 3214 3328 είς
3238 3265 3297 3317 ἓν
3326 3265 3648 3332 συνάγονται
3685 3265 3878 3327 πάλιν,

2299 3363 2347 3415 εί
2385 3361 2462 3430 τῷ
2494 3361 2568 3431 μὴ
2595 3359 2886 3430 παρέργως
2911 3359 3088 3411 ἐκεῖνο
3123 3355 3547 3423 ἀναγινώσκεται
3587 3357 3752 3425 παρὰ
3799 3358 3886 3426 τῷ

2300 3453 2450 3523 αὐτῷ
2487 3451 2813 3520 Ἀποστόλῳ,
2846 3449 2910 3502 τὸ
2937 3489 2953 3516 ,
2977 3449 3046 3514 ἐξ
3093 3447 3276 3502 αὐτοῦ
3295 3486 3311 3511 ,
3337 3446 3430 3499 καὶ
3454 3445 3526 3498 δι’
3549 3446 3746 3500 αὐτοῦ
3783 3448 3886 3500 καὶ

2301 3545 2370 3598 ἐν
2405 3541 2565 3608 αὺτῷ
2603 3540 2675 3595 τὰ
2712 3540 2938 3595 πάνταο
2971 3539 3131 3606 αὐτῷ
3174 3538 3323 3603 δόξα
3353 3540 3439 3605 εις
3472 3537 3616 3604 τοὺς
3647 3538 3884 3604 αἰῶνας

2303 3633 2424 3688 τῶν
2455 3635 2703 3689 αἰώνων.
2734 3632 2930 3704 Ἀμήν.

2375 3816 2498 3870 ’Ότι
2526 3813 2635 3884 γὰρ
2666 3814 2766 3868 οὐκ
2797 3813 2877 3877 εἰς
2905 3811 2996 3864 τὸν
3018 3811 3148 3864 Υἱὸν
3178 3811 3338 3882 μόνον
3363 3810 3616 3864 λέλεκται
3652 3809 3718 3862 τὸ
3735 3827 3879 3880 τρισ-

634 3909 724 3956 cta
769 3901 1040 3959 Trinitate
1077 3903 1260 3958 dictus
1292 3904 1365 3959 sit
1411 3912 1496 3960 ter
1537 3913 1764 3961 sanctus
1810 3904 2068 3974 hymnus,
2123 3913 2196 3959 te-

2307 3909 2483 3976 άγιον,
2509 3906 2624 3960 ἀλλ’
2646 3907 2728 3969 είς
2749 3904 2850 3976 τὴν
2876 3903 3039 3972 ἁγίαν
3059 3902 3288 3974 Τριάδα,
3314 3902 3524 3972 μάρτυς
3551 3903 3579 3955 6
3619 3900 3770 3963 Gaio;
3795 3901 3885 3952 xui

633 4003 849 4048 stantur
874 3993 1098 4050 divinus
1135 4009 1407 4064 sacerque
1440 3995 1781 4049 Athanasius
1804 4033 1819 4056 ,
1853 3993 2116 4060 Basilius,
2147 4003 2196 4050 et

2309 3998 2452 4068 ἱερὸς
2485 3995 2822 4060 Ἀθανάσιος,
2855 3992 3135 4056 Βασίλειός
3167 4009 3228 4044 τε
3254 4031 3268 4054 ,
3293 3991 3388 4044 καὶ
3433 3990 3767 4060 Γρηγόριος,
3795 3990 3884 4042 καὶ

633 4085 951 4156 Gregorius,
991 4098 1054 4140 ac
1080 4092 1231 4140 totus
1271 4085 1495 4140 Patrum
1524 4101 1554 4139 a
1581 4085 1692 4141 Deo
1729 4085 2033 4141 amatorum
2063 4088 2196 4144 cho-

2308 4091 2415 4152 πᾶς
2440 4090 2468 4141 ὁ
2488 4086 2596 4142 τῶν
2628 4086 2904 4158 Θεοφόρων
2937 4085 3197 4156 Πατέρων
3226 4083 3412 4154 χορόςο
3442 4083 3638 4154 ὅτιπερ
3669 4081 3764 4134 διὰ
3793 4081 3886 4149 τῆς

633 4193 731 4235 rus
759 4195 776 4245 ;
811 4192 1006 4248 nempe
1031 4176 1177 4248 quod
1205 4185 1395 4232 sancta
1418 4177 1511 4231 illa
1543 4177 1834 4248 Seraphim
1862 4193 1961 4248 per
1996 4178 2196 4237 trinam

2304 4183 2533 4254 τρισσῆς
2553 4179 2861 4250 ἁγιότητος,
2883 4177 2984 4241 τὰς
3009 4178 3160 4249 τρεῖς
3195 4175 3296 4246 τῆς
3322 4173 3659 4244 ὑπερουσὶου
3697 4171 3883 4238 θεότη-

709 4359 755 4393 "
783 4355 953 4417 lCor’.
983 4373 1100 4426 vui,
1133 4357 1187 4414 5.
1278 4355 1328 4390 ’⁸
1349 4355 1502 4414 Orat.
1534 4357 1624 4412 39.
1679 4357 1725 4390 τ’
1761 4356 1918 4413 Rom.
1953 4372 2031 4424 χι,
2059 4358 2148 4413 '56.
2242 4357 2288 4390 ⁸ο
2325 4356 2448 4414 Vid.
2478 4355 2644 4427 epist.
2690 4355 2758 4412 ad
2781 4353 3008 4410 Jordan.

1947 4512 2179 4568 VARIJE
2207 4511 2608 4568 LECTIONES.

745 4606 764 4644 ι
825 4606 994 4676 Regg.
1060 4608 1095 4661 4
1153 4609 1249 4677 τὴν
1313 4623 1570 4675 τοια.την
1632 4603 2003 4677 βλασφημίαν.
2053 4603 2156 4677 3.-
2400 4603 2562 4658 habet
2651 4603 3048 4677 βλασφημίαν,
3111 4600 3192 4656 sic
3232 4607 3425 4677 _vc_tus
3483 4599 3758 4677 interpr.
3836 4605 3886 4677 et

635 4673 808 4744 Faber
835 4667 1219 4739 blasphemiam
1245 4667 1567 4744 posuerun't.
1632 4667 1685 4713 ἰιι
1717 4667 1999 4742 ΙΙτὲόάιιιε
2028 4675 2095 4729 ad
2124 4672 2403 4744 Spiritum
2423 4667 2675 4744 sanctum
2715 4667 2982 4744 spectant,
3009 4673 3210 4727 desunt
3231 4669 3287 4723 in
3320 4668 3451 4738 Reg.
3481 4667 3719 4744 εθριῃει
3751 4667 3889 4744 apud

637 4743 863 4799 Paulum
896 4749 917 4798 ι
945 4747 1074 4800 Cor.
1129 4740 1265 4810 νιιιξ
1309 4748 1565 4815 leguntur
1597 4746 1652 4800 in
1699 4744 1823 4815 aliis
1869 4740 2027 4798 codd.
2080 4740 2333 4815 etiapud
2375 4740 2792 4815 _l_3asiliunt,___De
2826 4742 3054 4815 Spirit._
3080 4750 3262 4815 sancto
3321 4748 3376 4793 et
3427 4740 3565 4815 apud
3593 4740 3886 4815 _Naziam.

637 4821 777 4867 orat.
803 4815 895 4878 59,
933 4830 1036 4870 nec
1075 4831 1180 4869 non
1207 4809 1346 4885 apud
1363 4809 1676 4885 'ipsummet
1718 4812 2115 4869 Damascenum
2142 4813 2200 4868 in
2227 4809 2534 4879 Parallelis,
2562 4821 2616 4868 et
2641 4813 2796 4869 alibi.
2826 4809 3012 4883 Neque
3042 4812 3131 4866 bic
3155 4818 3312 4865 erant
3342 4809 3679 4864 omittenda.

2131 4953 2362 5011 NOTIE.

2131 4954 2362 5011 NOTIE.

635 5049 783 5106 mius
819 5046 1197 5122 Antiochenus
1217 5047 1667 5122 apud__Photium,
1705 5051 1830 5122 cod.
1864 5050 1992 5122 226,
2009 5049 2206 5122 fanti.
2239 5050 2284 5105 D
2312 5050 2542 5122 Syriaco
2572 5047 2922 5122 Alexandrini
2961 5061 3162 5122 nomen
3205 5059 3320 5122 non
3364 5043 3598 5122 legatur.
3643 5041 3892 5122 pubium

634 5134 759 5176 cum
822 5117 970 5174 istud
1005 5118 1073 5172 ab
1111 5118 1479 5173 Orientalibus
1511 5129 1679 5175 totum
1709 5120 1902 5174 referri
1919 5119 1987 5175 ad
2009 5117 2208 5173 Filium

635 5188 985 5259 tradit;hoe_
1026 5197 1112 5243 est
1165 5189 1233 5243 ab
1287 5187 1550 5259 Ecclesiis
1615 5191 1958 5246 Antiocheuo
1988 5187 2207 5259 pressuli

634 5258 920 5340 subjectis.
955 5257 1099 5340 Quin
1152 5273 1254 5340 nec
1283 5258 1359 5340 ita
1391 5259 1916 5340 pridemicalendio,
1947 5257 2046 5340 qui
2079 5257 2208 5340 Ful-

637 5327 746 5384 loni
798 5329 1130 5398 subrogatus
1162 5328 1360 5394 fuerat,
1393 5327 1452 5384 ut
1479 5330 1912 5385 additamentum
1940 5327 2096 5398 illud
2149 5327 2205 5381 in

636 5399 832 5454 bonam
886 5397 1096 5469 partem
1141 5400 1485 5469 traheretur,
1525 5401 1640 5455 haec
1686 5400 1790 5469 alia
1839 5397 2006 5453 verba
2064 5397 2207 5469 inte-

637 5471 810 5522 texuit
843 5487 857 5522 :
891 5466 1101 5540 ’Χριστὲ
1152 5468 1373 5540 βασιλεῦ
1406 5513 1421 5536 ,
1450 5470 1659 5526 Christe
1700 5467 1827 5531 Rex,
1874 5469 1964 5537 qui
1992 5466 2206 5540 cruciﬁ-

639 5551 778 5605 xus,
805 5545 907 5593 etc.
947 5536 1124 5595 Cuido
1153 5536 1450 5595 Fabricius
1507 5540 1845 5593 Boderianus
1889 5536 2207 5605 Antverpia:

640 5603 810 5658 edidit
858 5610 1079 5678 Syriace
1129 5621 1182 5664 et
1233 5609 1424 5666 Latine
1473 5609 1720 5678 qumdam
1749 5609 1814 5662 ad
1851 5603 2120 5677 Baptismi
2152 5616 2208 5660 ct

644 5681 1068 5752 suprm-syttanis
1130 5682 1283 5752 ritus
1317 5680 1644 5749 pertinentia
1676 5719 1690 5741 ,
1726 5695 1826 5733 ceu
1883 5678 2059 5752 Severi
2107 5692 2204 5744 pa-

647 5741 892 5795 triarchaé
945 5747 1286 5803 Alexandrini
1321 5741 1525 5814 'essent,
1559 5764 1683 5803 cum
1733 5756 1913 5804 tamen
1953 5748 2008 5802 iu
2056 5741 2207 5802 textu

2310 5112 2421 5176 non
2449 5129 2534 5175 est
2560 5120 2692 5188 quin
2719 5118 2967 5188 Severus
2985 5118 3089 5171 iste
3107 5113 3482 5188 Antioehen‘us
3511 5112 3893 5188 sit,_Sever_ia-

2309 5205 2506 5244 norum
2565 5181 2841 5258 princeps.
2875 5187 3164 5258 Enimvero
3202 5185 3282 5258 ad
3341 5181 3892 5258 calcem_:l‘risagius

2309 5261 2548 5330 hymnus
2563 5251 2686 5330 eum
2705 5251 2984 5330 additione
3011 5257 3091 5310 sic
3129 5255 3358 5330 habetur
3381 5271 3394 5306 :
3419 5251 3894 5320 Ctoriﬁcatio’an-

2309 5324 2568 5399 gétorum,
2582 5329 2708 5381 dum
2728 5327 3124 5396 cruciﬁgeretur
3145 5324 3403 5378 Dominus
3421 5332 3632 5375 noster:
3656 5333 3896 5399 SA.NCTU.S

2305 5390 2457 5461 ﬁsus,
2489 5390 2721 5454 ssac'ws
2764 5390 2978 5460 muris,
3016 5411 3250 5450 ssucrus
3294 5407 3651 5447 muonnus.
3694 5390 3893 5456 Ioseph

2304 5481 2355 5524 et
2383 5470 2698 5524 Nicodemus
2730 5467 2977 5521 dixerunt
2995 5481 3116 5528 :QUI
3146 5479 3465 5519 CRUCIFIXUS
3495 5478 3556 5516 es
3582 5477 3700 5515 uno
3721 5473 3898 5520 ansis,

2307 5553 2568 5595 IISERERE
2593 5553 2767 5609 NOBIS.
2805 5536 2958 5591 Unde
2993 5537 3219 5609 colligas
3251 5533 3522 5603 liturgiam
3550 5534 3708 5609 hanc
3741 5530 3897 5609 lacu-

2307 5611 2545 5665 bitarum
2592 5608 3082 5665 Severianorumve
3127 5601 3318 5661 luisse
3345 5645 3358 5669 ,
3390 5601 3514 5658 Vnon
3571 5601 3898 5656 Catholica—

2308 5696 2426 5736 rum
2437 5719 2449 5735 ο
