4072 6146
563 302 587 366 1
597 304 695 366 027

1773 298 1833 358 S.
1873 296 2190 359 JOANNIS
2228 296 2658 360 DAMASCENI

3665 303 3786 370 109.3

554 413 696 469 lllud
745 411 966 483 quidem
1017 410 1200 466 edocti
1260 424 1457 466 sumus
1506 407 1849 465 divinitatem
1905 425 1961 464 in
2017 423 2126 465 una

2241 410 2356 480 Ἐφ’
2389 411 2627 482 ἑκάστης
2654 409 2762 482 γὰρ
2796 409 2905 464 τῶν
2953 411 3304 468 ὑποστάσεων
3338 413 3399 466 τὸ
3441 415 3589 481 Θεὸς
3628 417 3786 489 ὄνομα

557 520 782 560 suarum
815 516 1174 573 personarum
1201 501 1536 557 humanitati
1561 500 1775 556 unitam
1799 516 1926 557 esse
1952 519 1968 556 :
2000 501 2132 556 item

559 596 820 650 traditum
858 594 1116 663 estquod
1148 592 1295 648 Deus
1347 592 1604 659 formam,
1649 592 1756 648 hoc
1788 599 1871 647 est
1897 591 2131 646 alienam

559 687 948 752 substantiam,
977 693 1223 741 nostram
1269 685 1556 750 nimirum,
1590 684 1837 739 induerit
1868 683 2132 754 (cuilibet

557 777 702 831 enim
733 791 984 845 personae
1037 792 1143 833 vox
1173 776 1316 831 Deus
1355 774 1676 846 tribuitur),
1724 783 1779 830 at
1835 775 2130 830 divinitatis

556 869 887 923 vocabulum
937 869 1005 924 de
1050 883 1286 938 persona
1325 881 1596 938 usurpare
1648 881 1759 922 non
1803 880 2125 937 possumus.

556 955 692 1012 Nam
717 959 862 1027 quod
910 957 1174 1014 divinitas
1206 956 1366 1012 Pater
1413 957 1569 1013 solus
1596 956 1689 1021 sit,
1727 963 1824 1009 aut
1853 955 2005 1011 solus
2033 954 2129 1010 Fi-

557 1049 690 1116 lius,
728 1058 826 1105 aut
864 1050 1019 1105 solus
1050 1049 1288 1118 Spiritus
1313 1057 1567 1112 sanctus,
1594 1061 1866 1116 nusquam
1897 1061 1928 1100 a
1966 1046 2128 1102 nobis

487 1185 494 1190 .
557 1144 807 1198 auditum
863 1151 967 1199 est.
1022 1141 1294 1196 Divinitas
1343 1140 1490 1196 enim
1550 1148 1803 1192 naturam
1858 1137 2125 1203 declarat,

557 1233 719 1289 Pater
750 1241 936 1289 autem
985 1247 1306 1303 personam,
1349 1229 1807 1302 quemadmodum
1841 1239 1896 1286 et
1927 1231 2124 1285 huma-

559 1325 705 1380 nitas
730 1332 1009 1389 naturam,
1052 1323 1214 1392 222
1255 1321 1453 1377 Petrus
1507 1335 1636 1376 vero
1691 1334 2007 1390 personam.
2058 1319 2128 1372 At

2229 503 2484 556 τάττεται
2532 503 2782 568 θεότητα
2815 502 2872 554 δὲ
2926 503 3020 556 ἐπὶ
3064 504 3416 569 ὑποστάσεως
3455 506 3478 542 ί
3529 509 3702 561 εἰπεῖν
3729 513 3784 564 οὐ

2228 590 2525 662 δυνάμεθα.
2562 591 2806 662 Θεότητα
2836 593 2948 663 γάρ
2997 593 3090 646 τὸν
3142 595 3365 664 Πατέρα
3402 595 3585 665 μόνον,
3621 598 3654 668 ἢ
3701 598 3784 653 τὸν

2230 683 2360 737 Υιδν
2390 684 2576 754 μόνον,
2605 683 2640 753 ἢ
2667 684 2826 754 μόνον
2865 685 2929 737 τὸ
2966 683 3196 756 Πνεῦμα
3223 686 3286 739 τὸ
3319 686 3494 754 ἅγιον,
3535 689 3635 741 οὑκ
3662 693 3786 760 uxr,-

2227 774 2470 843 κόαμεν·
2505 772 2696 842 θεότης
2749 773 2848 843 μὲν
2903 774 3012 845 γὰρ
3064 773 3162 844 τὴν
3205 775 3367 842 φύσιν
3401 777 3589 847 δηλοῖ·
3639 781 3788 834 τὸδὲ

2227 862 2439 933 Πατὴρ,
2468 862 2567 932 τὴν
2593 863 2910 927 ὑπόστασιν,
2939 863 3128 934 ὥσπερ
3159 864 3253 918 καὶ
3289 866 3672 940 ἀνθρωπότης,
3694 871 3786 939 τὴν

2225 952 2410 1022 φύσιν,
2446 954 2650 1024 Πέτρος
2689 953 2768 1017 δὲ,
2807 955 2909 1025 τὴν
2946 954 3281 1009 ὑπόστασιν’
3332 958 3477 1023 Θεὸς
3514 959 3572 1010 δὲ
3618 961 3711 1013 καὶ
3733 961 3787 1014 τὸ

2225 1043 2405 1098 κοινὸν
2433 1044 2530 1113 τῆς
2568 1043 2788 1112 φύσεως
2823 1045 3102 1116 σημαίνει,
3151 1047 3249 1099 καὶ
3292 1048 3380 1117 ἐφ’
3416 1050 3658 1120 ἑκάστης
3687 1052 3784 1106 τῶν

2225 1136 2578 1191 ὑποστάσεων
2591 1137 2849 1192 τάττεται
2868 1137 3232 1208 παρωνύμως,
3257 1139 3450 1208 ὥσπερ
3469 1142 3560 1194 καὶ
3575 1142 3785 1210 ἄνθρω-

2230 1241 2340 1292 πος
2361 1244 2375 1259 ο
2403 1227 2536 1291 Θεὸς
2558 1227 2668 1300 γάρ
2699 1230 2845 1282 ἐστιν
2875 1229 2900 1280 ὁ
2921 1227 3072 1282 θείαν
3105 1227 3243 1299 ἔχων
3265 1229 3448 1298 φύσιν,
3472 1230 3566 1284 καὶ
3593 1231 3785 1303 ἄνθρω-

2233 1335 2354 1383 πος,
2391 1320 2420 1372 ὁ
2451 1318 2821 1388 ἀνθρωπίνην.

557 1440 662 1483 vox
695 1420 855 1485 Deus,
887 1428 942 1475 et
997 1426 1207 1473 naturae
1247 1415 1701 1481 communitatem
1738 1415 2036 1487 signiﬁcat,
2071 1421 2127 1468 et
2166 1413 2220 1467 in
2271 1425 2602 1481 unaquaque
2684 1426 2918 1481 persona
2994 1427 3150 1483 atque
3195 1415 3377 1468 locum
3421 1416 3602 1483 habet,
3653 1417 3790 1472 velut

556 1526 611 1575 et
637 1518 810 1572 homo.
843 1515 986 1570 Deus
1007 1513 1151 1570 enim
1185 1513 1233 1568 is
1278 1520 1384 1577 est,
1429 1512 1528 1581 qui
1555 1511 1797 1594 divinam
1834 1510 1997 1565 habet
2021 1517 2281 1563 naturam
2309 1523 2324 1572 ;
2359 1515 2414 1563 et
2447 1506 2636 1573 homo,
2666 1507 2759 1578 qui
2786 1508 3108 1562 humanam.

627 1609 832 1664 Praeter
879 1606 996 1660 haec
1038 1605 1225 1659 omnia
1265 1602 1552 1659 sciendum
1595 1611 1681 1658 est
1717 1601 1790 1655 ⁸⁸,
1829 1598 2046 1654 Patrem
2073 1609 2128 1656 et
2161 1610 2201 1664 Β

559 1701 826 1772 Spiritum
857 1703 1110 1752 sanetum
1153 1695 1307 1749 nulla
1353 1695 1565 1750 ratione
1593 1692 1750 1748 carni
1780 1689 1948 1747 Verbi
1978 1704 2130 1745 com-

558 1789 867 1854 municare,
917 1787 1026 1841 nisi
1079 1793 1348 1856 quantum
1395 1784 1464 1840 ad
1520 1783 1790 1839 miracula
1817 1782 2040 1847 attinet,
2075 1790 2130 1837 et

557 1888 823 1954 quantum
852 1878 922 1933 ad
955 1878 1358 1948 beneplacitum
1389 1883 1444 1931 et
1470 1875 1834 1932 voluntatem.

1189 1966 1342 2022 CAP.
1371 1965 1487 2020 ΧΠ.

561 2062 717 2131 Quod
780 2068 969 2117 sancta
1038 2058 1211 2180 Virg;
1269 2057 1381 2139 Dei.
1423 2056 1666 2111 Genitria:
1722 2055 1817 2123 sit,
1877 2053 2129 2109 adversus

1218 2137 1536 2180 estortanos.

1218 2137 1536 2181 εειοτιαηοσ.

632 2225 828 2280 Sancta
861 2221 1041 2276 Maria
1061 2221 1158 2276 Dei
1206 2218 1382 2274 Mater
1413 2220 1642 2290 proprie.
1664 2216 1866 2274 Contra
1892 2216 2129 2272 Valenti-

561 2333 686 2372 num
715 2324 764 2369 et
790 2315 965 2368 alios:
1001 2322 1173 2368 ortam
1213 2325 1278 2365 ea:
1321 2311 1498 2364 Maria
1547 2309 1750 2365 Christi
1803 2323 2036 2363 carnem.
2061 2334 2132 2348 --

563 2407 824 2462 Sanctam
859 2418 1022 2475 porro
1067 2401 1351 2473 Virginem
1401 2402 1494 2456 Dei
1531 2399 1754 2472 proprie
1800 2410 1856 2455 et
1885 2413 2014 2454 vere
2035 2413 2130 2470 ge-

563 2497 814 2551 nitricem
887 2490 1335 2564 praedicamus".
1411 2487 1569 2544 Sicut
1638 2489 1786 2544 enim
1837 2502 2002 2543 verus
2045 2494 2130 2542 est

566 2588 736 2648 Deus,
767 2583 857 2654 qui
891 2598 956 2638 ex
1002 2582 1122 2652 ipsa
1155 2588 1318 2635 natus
1348 2587 1475 2647 est;
1511 2578 1586 2634 ita
1633 2578 1862 2649 perinde
1893 2577 1988 2634 Dei
2015 2576 2132 2632 Ma-

563 2689 648 2733 ter
672 2684 775 2742 est,
809 2689 932 2744 qua:
975 2687 1172 2727 verum
1215 2671 1387 2727 Deum
1431 2686 1496 2728 ex
1549 2686 1609 2728 se
1642 2672 1988 2728 incarnatum
2034 2685 2130 2743 ge-

564 2769 702 2824 nuit.
743 2766 910 2820 Deum
947 2778 1116 2834 porro
1146 2778 1213 2818 ex
1239 2777 1304 2818 ea
1350 2770 1542 2818 natum
1581 2778 1704 2819 esse
1734 2763 1990 2828 dicimus,
2019 2777 2128 2816 non

561 2859 705 2928 quod
738 2855 904 2912 Verbi
935 2854 1196 2911 divinitas
1225 2853 1525 2911 exsistendi
1553 2854 1882 2925 principium
1913 2868 1984 2909 ex
2012 2853 2129 2923 ipsa

2311 1597 2437 1652 Ἐπὶ
2476 1599 2609 1652 πᾶσι
2658 1598 2871 1664 τούτοις
2926 1600 3119 1667 ἰστέον,
3163 1600 3240 1664 ὡς
3281 1611 3310 1662 ὁ
3355 1595 3539 1674 Πατὴρ
3593 1603 3688 1656 καὶ
3731 1608 3793 1660 τὸ

2231 1690 2456 1760 Πνεῦμα
2487 1690 2550 1743 τὸ
2583 1689 2739 1758 ἅγιον
2783 1691 2904 1744 κατ’
2935 1691 3130 1746 οὐδένα
3166 1691 3324 1760 λόγον
3367 1695 3433 1764 τῇ
3479 1693 3790 1764 σαρκώσειιι

2228 1781 2322 1835 τοῦ
2356 1781 2531 1848 Λόγου
2573 1781 2998 1853 κεκοινώνηκεν,
3051 1784 3100 1836 εἰ
3150 1783 3226 1854 μὴ
3273 1785 3416 1838 κατὰ
3457 1784 3558 1848 τὰς
3610 1785 3792 1857 θεοση-

2234 1871 2413 1944 μείας,
2439 1871 2531 1925 καὶ
2559 1873 2682 1925 κατ’
2713 1874 2963 1927 εὐδοκίαν
2995 1875 3089 1928 καὶ
3127 1874 3405 1945 βούλησιν.

2711 1966 2962 2020 ΚΕΦΛΛ.
3007 1965 3086 2019 lB’
3128 1964 3318 2038 [NC’].

2233 2058 2362 2112 Ὀτι
2391 2059 2684 2123 Θεοτόκος
2709 2057 2748 2125 ἡ
2777 2057 2917 2127 ἁγία
2945 2057 3280 2177 ῌαργθένος·
3303 2060 3455 2115 κατὰ
3479 2061 3791 2132 Νεστοριαο

2909 2145 3034 2177 νων
3097 2169 3111 2177 .

2909 2145 3034 2182 νων
3063 2145 3111 2183 ν.

2303 2218 2560 2272 Θεοτόκον
2593 2219 2651 2272 δὲ
2694 2219 2900 2291 κυρίως
2947 2220 3061 2290 (28)
3111 2221 3207 2274 καὶ
3250 2221 3468 2293 ἀληθῶς
3504 2223 3602 2294 τὴν
3637 2223 3786 2292 ἁγίαν

2230 2311 2508 2382 Παρθένον
2552 2309 2900 2381 κηρύττομεν
2931 2327 2943 2339 '
2999 2311 3076 2374 ὡς
3118 2313 3225 2382 γὰρ
3258 2312 3392 2376 Θεὸς
3423 2313 3622 2384 ἀληθὴς
3663 2316 3691 2368 ὁ
3728 2314 3788 2378 ἐξ

2230 2403 2404 2470 αὐτῆς
2438 2401 2742 2472 γεννηθεὶς,
2793 2400 3002 2472 ἀληθὴς
3050 2401 3313 2465 Θεοτόκος
3343 2406 3377 2473 ἡ
3427 2404 3514 2458 τὸν
3541 2404 3791 2476 ἀληθινὸν

2231 2494 2364 2547 Θεὸν
2405 2493 2479 2557 ἐξ
2514 2494 2684 2563 αὐτῆς
2718 2493 3140 2564 σεσαρκωμένον
3166 2495 3506 2566 γεννήσασα·
3535 2495 3670 2549 Θεὸν
3689 2495 3793 2567 γάρ

2231 2602 2413 2656 φαμεν
2443 2583 2503 2648 ἐξ
2534 2585 2707 2655 αὐτῆς
2742 2585 3126 2656 γεγεννῆσθαι,
3163 2587 3263 2657 οὐχ
3305 2588 3380 2651 ὼς
3414 2591 3514 2659 τῆς
3552 2588 3796 2658 θεότητος
3889 2612 3904 2620 ν

2229 2679 2324 2732 τοῦ
2349 2678 2524 2746 Λόγου
2557 2677 2734 2748 ἀρχὴν
2761 2677 2854 2730 τοῦ
2884 2673 3022 2730 εἶναι
3066 2677 3343 2748 λαϐούσης
3373 2679 3434 2743 ἐξ
3463 2680 3664 2749 αὐτῆς,
3691 2678 3796 2734 ἀλλ’

2229 2767 2306 2831 ὡς
2347 2767 2514 2820 αὑτοῦ
2540 2765 2635 2820 τοῦ
2665 2765 2802 2820 Θεοῦ
2835 2767 3040 2835 Λόγου,
3073 2768 3137 2821 τὸ
3178 2769 3287 2840 πρὸ
3315 2769 3526 2824 αἰώνων
3560 2771 3801 2841 άχρόνως

2232 2859 2300 2911 ἐκ
2332 2858 2547 2930 Πατρὸς
2590 2856 2968 2928 γεννηθέντος,
3009 2858 3105 2911 καὶ
3151 2858 3406 2928 ἀνάρχως
3441 2860 3541 2914 καὶ
3595 2861 3796 2923 metm.

564 2951 831 3015 traxerit;
872 2950 966 3006 sed
998 2949 1129 3020 quia
1160 2946 1401 3003 Verbum
1445 2947 1649 3017 ipsum,
1683 2945 1832 3018 quod
1860 2952 1989 3001 ante
2031 2960 2130 3001 sae-

2233 2949 2569 3019 ὑπάρχοντος
2594 2961 2622 2988 ι
2652 2947 2750 3001 σὺν
2784 2945 2862 3017 τῷ
2905 2947 3083 3018 Πατρὶ
3113 2947 3210 3000 καὶ
3253 2946 3331 3018 τῷ
3373 2947 3681 3019 Πνεύματι,
3721 2947 3802 3000 ἐπ’

562 3046 689 3101 cula
748 3044 887 3098 citra
941 3041 1114 3095 ullum
1171 3052 1390 3110 tempus
1443 3039 1690 3110 genitum
1738 3047 1846 3104 est,
1891 3051 1956 3092 ac
2011 3036 2133 3092 sine

563 3135 790 3194 exordio
843 3140 898 3188 et
929 3132 1264 3202 sempiterno
1314 3146 1424 3185 una
1469 3145 1596 3185 cum
1632 3128 1793 3185 Patre
1823 3137 1878 3184 et
1925 3127 2135 3199 Spiritu

562 3237 752 3283 sancto
780 3233 883 3289 est,
913 3225 970 3278 in
991 3221 1252 3279 extremis
1277 3219 1473 3278 diebus
1500 3218 1695 3278 salutis
1719 3225 1922 3275 nostrae
1947 3230 2135 3284 causa,

563 3319 619 3372 in
645 3326 804 3372 utero
834 3315 1012 3386 ipsius
1045 3313 1334 3380 habitavit,
1365 3321 1421 3369 et
1464 3321 1748 3382 assumpta
1783 3324 1951 3367 carne
1981 3324 2046 3366 ex
2071 3321 2135 3365 ea

563 3409 808 3479 genitum
858 3414 943 3462 est
994 3407 1115 3463 sine
1152 3406 1241 3462 sui
1271 3405 1665 3461 demutatione.
1708 3403 1828 3459 Non
1858 3403 2004 3458 enim
2033 3402 2133 3456 ho-

563 3499 767 3553 minem
799 3513 999 3569 purum
1046 3504 1236 3552 sancta
1269 3495 1436 3567 Virgo
1467 3497 1678 3567 genuit,
1706 3495 1802 3551 sed
1832 3493 2002 3550 Deum
2033 3508 2130 3549 ve-

564 3604 721 3655 rum;
757 3604 868 3643 non
898 3589 1129 3656 nudum,
1177 3587 1272 3643 sed
1305 3602 1470 3643 carne
1499 3587 1793 3655 ve5titutn;
1833 3599 1934 3640 nec
1965 3585 2041 3640 ita
2069 3593 2131 3640 ut

563 3695 796 3751 corpore
844 3680 912 3736 de
945 3681 1101 3736 uelis
1143 3679 1328 3744 allato,
1383 3695 1480 3750 per
1506 3693 1628 3733 eam
1658 3677 1808 3733 velut
1839 3691 1936 3747 per
1965 3689 2134 3730 cana-

563 3771 668 3825 lem
699 3770 997 3836 transierit,
1032 3768 1127 3826 sed
1156 3785 1223 3824 ex
1262 3769 1380 3840 ipsa
1411 3783 1633 3824 carnem
1662 3767 1907 3839 ejusdem
1940 3781 2005 3821 ac
2031 3782 2131 3824 nos

563 3863 888 3918 substantiae
911 3864 1204 3933 aeceperit,
1236 3877 1359 3931 quae
1393 3863 1446 3916 in
1488 3862 1673 3933 seipse
1702 3861 2028 3917 subsisteret
2058 3860 2127 3916 '°.

562 3951 698 4008 Nam
757 3954 802 4010 si
857 3969 1060 4024 corpus
1111 3969 1142 4008 e
1179 3953 1328 4032 coelo
1359 3953 1645 4008 devectum
1694 3962 1796 4014 est,
1831 3966 1897 4005 ac
1926 3966 2034 4006 non
2063 3957 2127 4006 ex

562 4051 756 4099 natura
787 4056 974 4100 nostra
1015 4050 1325 4112 acceptum,
1365 4042 1495 4112 quid
1523 4039 1742 4098 tandem
1794 4041 2126 4095 inhumana-

562 4135 714 4192 tione
747 4149 889 4206 opus
933 4133 1097 4190 erat?
1127 4131 1342 4188 Etenim
1392 4131 1491 4188 Dei
1532 4130 1771 4187 Verbum
1819 4131 2128 4186 humanita-

2229 3041 2472 3112 ἐσχάτων
2505 3040 2614 3093 τῶν
2646 3038 2871 3110 ἡμερῶν
2909 3039 3000 3093 διὰ
3047 3037 3146 3109 τὴν
3190 3038 3468 3110 ἡμετέραν
3505 3041 3801 3112 σωτηρίαν,

2232 3135 2290 3187 ὲν
2332 3134 2399 3204 τῇ
2435 3131 2638 3203 γααρὶ
2693 3130 2866 3201 αὐτῆς
2913 3131 3332 3201 ὲνοικήσαντος,
3387 3131 3480 3184 καὶ
3530 3133 3590 3199 ἐξ
3638 3133 3805 3202 αὐτῆς

2231 3223 2628 3296 ἀμεταδλήτως
2663 3221 3039 3294 σαρκωθὲντος
3069 3223 3168 3276 καὶ
3195 3221 3560 3292 γεννηθέντος.
3585 3225 3665 3277 Οὐ
3700 3223 3810 3294 γὰρ

2233 3313 2521 3384 ἄνθρωπον
2553 3311 2709 3382 ψιλὸν
2739 3311 3035 3382 ἐγέννησεν
3073 3312 3107 3380 ἡ
3149 3311 3277 3379 άγία
3325 3309 3618 3381 Παρθένος,
3663 3313 3812 3366 ἀλλὰ

2234 3405 2367 3459 Θεὸν
2397 3401 2681 3476 ἀληθινόν
2706 3401 2768 3453 οὑ
2802 3399 3030 3470 γυμνὸν,
3049 3400 3183 3453 ἀλλὰ
3221 3399 3666 3468 σεσαρκωμένονο
3701 3401 3810 3454 οὐκ

2233 3495 2526 3568 οὐρανόθεν
2554 3493 2616 3549 τὸ
2651 3491 2810 3562 σῶμα
2849 3491 3254 3561 καταγαγόντα,
3280 3492 3372 3543 καὶ
3403 3489 3474 3553 ὡς
3502 3489 3594 3544 διὰ
3619 3491 3814 3560 σωλῆ-

2232 3606 2321 3653 νος
2352 3588 2418 3642 δι’
2450 3587 2620 3658 αὐτῆς
2649 3583 3005 3657 παρελθόντα,
3057 3582 3174 3636 ἀλλ’
3201 3582 3260 3649 ἐξ
3298 3581 3467 3650 αὐτῆς
3513 3582 3810 3651 ὁμοούσιον

2227 3682 2360 3751 ἡμῖν
2391 3677 2570 3749 σάρκα
2591 3675 2955 3740 ἀναλαϐόντα,
2978 3674 3070 3726 καὶ
3095 3674 3154 3725 ὲν
3185 3672 3364 3743 ὲαυτῷ
3389 3675 3784 3746 ὑποστήσαντα
3804 3715 3816 3727 .

2225 3773 2290 3826 Et
2323 3770 2431 3840 γὰρ
2461 3767 2759 3839 οὐρανόθεν
2783 3767 2845 3820 τὸ
2885 3765 3046 3838 σῶμα
3075 3765 3423 3835 κεκόμισται,
3450 3765 3546 3817 καὶ
3567 3765 3632 3817 οὑ
3710 3768 3810 3837 τῆς

2225 3862 2345 3916 καθ’
2380 3861 2531 3931 ἡμᾶς
2557 3859 2773 3929 φύσεως
2796 3857 3072 3928 εἴληπται,
3097 3855 3182 3921 τίς
3209 3856 3369 3926 χρεία
3395 3855 3494 3922 τῆς
3530 3855 3809 3925 ὲνανθρω·

2226 3952 2477 4023 πήσεως;
2511 3951 2577 4006 Ἦ
2605 3948 2713 4019 γὰρ
2749 3948 3162 4018 ὲνανθρώπησις
3205 3947 3300 4001 τοῦ
3349 3946 3483 3999 Θεοῦ
3511 3949 3697 4016 Λόγου
3725 3949 3810 4000 διὰ

2233 4045 2390 4099 τοῦτο
2411 4044 2653 4113 γέγονεν,
2679 4043 2765 4097 ἴνα
2783 4043 2922 4114 αὐτὴ
2953 4045 2986 4113 ή
3010 4043 3395 4114 άμαρτήσασα,
3421 4043 3519 4097 καὶ
3540 4041 3808 4108 πεσοῦσα,

2231 4137 2327 4190 καὶ
2355 4135 2625 4206 φθαρεῖσα
2655 4133 2838 4202 φύσις,
2867 4133 3066 4203 νικήσῃ
3093 4133 3182 4187 τὸν
3217 4131 3584 4205 ἀπατήσαντα
3609 4133 3806 4205 τύραν-

630 4291 676 4322 ⁸⁸
714 4289 873 4347 Dion.
928 4289 1001 4344 De
1034 4287 1139 4344 div.
1204 4304 1347 4344 nom.
1379 4302 1502 4359 cap.
1527 4287 1582 4342 8.
1667 4287 1712 4321 ⁸⁹
1750 4287 1913 4357 Greg.
1938 4287 2074 4343 Naz.
2099 4292 2263 4364 epist.
2313 4293 2339 4346 1
2385 4291 2452 4347 ad
2499 4289 2727 4348 Cledon.
2801 4289 2849 4322 “
2888 4288 3052 4362 Greg.
3077 4287 3210 4346 Naz.
3244 4290 3378 4348 ibid.

1826 4451 2063 4508 VABIAE
2100 4453 2501 4511 LECTIONES.

635 4544 655 4613 Ξ
688 4541 856 4613 Regg.
901 4544 955 4605 4,
980 4541 1134 4597 Colb.
1167 4541 1190 4594 1
1222 4549 1277 4597 et
1298 4541 1365 4597 N.
1400 4541 1601 4612 θεόητα

1724 4543 1782 4614 δὲ
1812 4543 1911 4614 τὴν
1959 4545 2274 4601 ὑπόστασιν.

2386 4556 2413 4584 α
2459 4548 2616 4604 Edita
2650 4559 2706 4604 et
2745 4549 2970 4620 quidam
3005 4546 3325 4620 codices‘jtﬁ
3363 4549 3560 4620 σαρκί.
3641 4547 3811 4603 'Hatc

562 4603 1083 4690 habentfé'dita'quae
1139 4627 1411 4681 nusquam
1448 4603 1649 4684 reperi.
1683 4611 1794 4670 Nec
1817 4603 1962 4685 apud
1999 4614 2340 4687 Vegelinuin,
2375 4620 2470 4688 qui
2493 4603 2671 4690 caput
2699 4603 2863 4675 ist'ud
2893 4617 3132 4674 seorsim
3180 4603 3359 4673 edidit
3404 4603 3462 4673 in
3495 4603 3807 4676 Collectan.

565 4693 590 4720 ι
624 4679 801 4749 Vegel.
859 4679 1322 4752 συνυπάρχοντος.

2050 4835 2285 4892 NOTIE.

2050 4835 2096 4890 N
2148 4837 2190 4890 T
2271 4878 2285 4892 .

633 4921 1062 5004 (ἓ8)Θεοτόκοξ·
1097 4921 1164 4975 δὲ
1192 4925 1542 5004 κυρςῳςηῦεῇ
1569 4835 2510 5004 αιιιεηι-ϐεηὶιτὶσεωφῡιῗὶεηίιηίεἱε
2561 4931 2987 5004 praerogativam
3055 4933 3468 5004 impugnarant.
3535 4937 3814 5003 Quocirca

563 4991 692 5049 llzuc
723 4991 906 5047 omnia
931 4992 1136 5060 quibus
1174 5008 1281 5048 non
1317 4991 1606 5050 Nestorius
1641 4996 1827 5057 modo,
1859 4996 2125 5051 Samosa-

561 5074 746 5126 tenus,
774 5069 868 5115 aut
899 5061 1190 5126 Photinus,
1233 5063 1327 5132 sed
1358 5073 1414 5118 et
1452 5063 1742 5132 Basilides,
1782 5065 2126 5131 Valentinus,

561 5133 763 5207 aliique
815 5132 1069 5207 ejusdem
1128 5131 1362 5207 fu_rf_uris_
1415 5131 1901 5207 perstringuntur,
1932 5135 2130 5192 Noster

559 5201 862 5273 desumpsit
891 5219 957 5257 ex
987 5203 1148 5273 epist.
1178 5203 1204 5256 l
1235 5201 1564 5261 Nazianzeni
1597 5201 2037 5270 ad'Cledoninm,
2070 5207 2128 5259 in

558 5271 1265 5345 qua_Tlicologus_'singula
1297 5274 1497 5344 capita,
1529 5275 1734 5345 quibus
1767 5275 1852 5328 vel
1880 5274 2124 5339 Christo,

561 5345 646 5398 vel
685 5342 928 5412 Deiparae
983 5342 1292 5400 detractum
1343 5342 1499 5412 erat,
1537 5342 1766 5401 totidem
1805 5345 2128 5398 anathema-

561 5413 755 5486 llSllllS_
788 5413 1151 5486 proscripsit,
1206 5425 1265 5469 ut
1308 5413 1640 5486 Apollinarii
1683 5414 2122 5486 obtrectationes

563 5481 900 5554 retunderet.
953 5481 1088 5538 Nam
1123 5493 1319 5554 praeter
1359 5481 1688 5540 'Ncstorium
1720 5482 1992 5554 Gnostiei,
2024 5483 2120 5552 qui

563 5548 778 5628 Domini
818 5566 1036 5623 corpus,
1069 5548 1157 5608 vel
1195 5570 1225 5610 e
1260 5557 1402 5628 cmlo
1427 5555 1736 5628 delapsum,
1789 5552 1872 5608 vel
1913 5548 2122 5628 exele-

561 5623 760 5669 mentis
804 5631 1177 5692 compactum,
1207 5639 1305 5694 per
1344 5624 1596 5687 Mariam,
1630 5638 1730 5678 ceu
1771 5637 1880 5694 per
1931 5623 2123 5694 tubum

561 5694 949 5757 trausmeassc,
992 5707 1092 5748 nec
1133 5692 1360 5766 ex'ipsa
1405 5702 1726 5766 generatum
1759 5692 1985 5760 tinxere,
2024 5692 2117 5747 Dei

2227 4996 2609 5074 'l_‘_lieodorettis
2637 4996 2882 5074 Deiparte
2919 4996 3247 5074 cognomen:
3276 5019 3340 5058 ex
3365 4996 3680 5074 aposto7ica
3703 5020 3818 5063 tra-

2225 5067 2426 5142 ditione
2447 5067 2766 5142 susceptum
2794 5073 2892 5133 ait,
2934 5067 3028 5126 lib.
3058 5090 3089 5126 v
3138 5071 3287 5130 Hazr.
3323 5067 3434 5142 [αὑ.
3465 5092 3520 5130 c.
3556 5079 3650 5140 18,
3681 5079 3816 5132 κατά

2224 5137 2324 5219 τῂν
2351 5137 2723 5219 ἀποστολικην-
2747 5142 3066 5212 παράδοσιν.
3094 5143 3242 5219 lllt_td_
3262 5137 3692 5219 adltibuit,ante
3718 5149 3817 5202 Na-

2226 5210 2551 5289 eiaitaettum
2566 5210 3124 5289 ft_Cltry503tomunt
3157 5210 3720 5289 Athanasius,'epist.
3754 5218 3817 5270 ad

2228 5277 2430 5352 Epict.,
2460 5285 2534 5352 _ut
2562 5277 2865 5352 Qrigenem
2885 5321 2899 5343 ,
2953 5282 3202 5351 aliosque
3224 5277 3511 5352 itaceam.’
3545 5277 3816 5352 Quinimo

2229 5345 2543 5427 Aleaander
2589 5345 3083 5427 liiérapolitanust
3106 5345 3193 5407 vir
3221 5351 3480 5427 Nestorio
3522 5345 3814 5427 pwtarquam

2225 5419 2492 5494 addictus,
2529 5419 2761 5494 epistola
2797 5421 2863 5474 ad
2902 5420 3306 5494 'l‘lieodoretum
3338 5419 3562 5494 (synodi
3595 5419 3813 5485 lrénaei.

2227 5502 2277 5567 ς.
2319 5485 2726 5568 gitl‘atebatur
2755 5506 2925 5568 vocem
2957 5485 3563 5568 Oeorouoceatlio'licam
3592 5512 3747 5568 esse,
3768 5503 3814 5549 et

2222 5556 2708 5638 infestivitetibus.
2743 5561 2850 5614 sive
2877 5562 3193 5638 praeconiis,
3217 5563 3672 5638 incircumspecte
3702 5556 3819 5623 sine

2228 5627 2526 5696 adjectione
2552 5627 2883 5698 usurpatam
2900 5631 2963 5684 ab
3006 5631 3336 5688 orthodoa'is.
