4072 6146
254 294 389 360 10:29

1304 291 1402 352 DE
1440 291 1616 352 FIDE
1654 283 2118 349 ORTHODOXA
2157 285 2283 344 LIB
2331 285 2420 344 III

3357 281 3490 346 1030

253 424 362 471 νον,
388 406 487 460 καὶ
505 404 653 458 οὑτω
686 402 784 472 τῆς
821 400 1025 471 φθορᾶς
1053 399 1415 472 ὲλευὺερωθῇ,
1439 397 1623 462 καθώς
1653 413 1820 466 φησιν

1936 409 2032 450 tem
2062 393 2266 448 idcirco
2308 392 2486 446 induit
2511 392 2580 456 “,
2613 397 2672 446 ut
2718 391 2947 460 ipsamet
2995 398 3189 444 natura
3219 404 3338 460 qua:
3367 408 3496 462 pec-

253 497 433 557 ὁθεῖος
449 492 788 554 Ἀπόστολος.
809 490 1048 558 Ἐπειδὴ
1065 489 1140 543 δι’
1160 489 1473 556 ἀνθρώπου
1494 490 1526 541 ό
1541 485 1816 550 θάνατος,

253 587 352 642 καὶ
378 587 454 640 δι’
481 583 796 652 ἀνθρώπου
819 582 1156 646 ἀνάστασις
1180 577 1428 648 νεκρῶν-ο
1453 580 1502 631 εἰ
1524 577 1586 630 τὸ
1613 574 1828 647 πρῶτον

254 676 450 746 ἀληθὲς
478 684 529 738 1,
561 675 659 728 καὶ
684 673 746 726 τὸ
777 673 1050 742 δεύτερον.

1927 493 2167 549 caverat,
2202 483 2607 553 cecideratque,
2647 489 2701 537 et
2735 491 2995 552 corrupta
3027 490 3166 546 erat,
3197 488 3492 554 tyrannum

1925 575 2019 646 qui
2051 589 2110 631 se
2139 575 2455 645 deceperat,
2499 580 2806 642 superaret,
2856 574 3044 643 sicque
3075 588 3105 626 a
3136 574 3498 643 corruptione

1929 664 2325 730 vindicaretur,
2382 671 2442 717 ut
2475 663 2696 718 divinus
2738 663 3036 732 Apostolus
3080 662 3158 715 ait
3191 678 3206 714 :
3235 663 3497 728 Quoniam

255 783 344 836 per
375 765 640 819 hominem
667 778 833 828 more,
858 771 905 816 et
934 777 1026 828 per
1055 759 1317 814 hominem
1338 757 1653 814 resurrectio
1688 763 2017 810 mortuorum
2057 755 2124 809 θ’.
2157 752 2215 809 Si
2257 753 2495 825 primum
2559 752 2694 808 illud
2740 766 2866 808 vere
2933 752 3165 820 exstitit,
3251 767 3383 808 sane
3445 761 3499 807 et

253 855 580 914 secundum.

322 948 388 1002 Et
409 946 468 999 δὲ
489 944 584 998 καὶ
604 943 782 1013 λέγει·
824 943 888 995 '0
919 939 1148 1009 πρῶτος
1182 950 1205 978 ³
1252 939 1435 1008 Ἀδὰμ
1469 938 1582 1010 (29)
1608 938 1677 992 ἐκ
1712 935 1821 1007 γῆς

257 1034 485 1104 χοϊκός,
519 1035 552 1086 ό
591 1031 660 1084 δὲ
699 1030 980 1098 δεύτερος
1017 1028 1209 1098 Ἀδὰμ,
1238 1031 1270 1083 ό
1296 1031 1512 1097 Κύριος
1541 1028 1609 1092 ἐξ
1645 1029 1824 1094 οὐρα-

1988 929 2037 962 ⁹³
2066 927 2182 984 Etsi
2227 935 2406 982 autem
2456 926 2543 982 his
2597 925 2778 984 verbis
2811 927 3008 992 utitur,
3057 925 3272 982 Primus
3325 929 3498 983 Adam

1922 1023 1985 1076 de
2027 1031 2190 1084 terra,
2260 1030 2516 1083 terrenus,
2576 1017 2836 1071 secundus
2893 1018 3090 1082 Adam,
3139 1021 3395 1075 Dominus
3436 1024 3500 1077 de

257 1125 390 1191 νοῦ,
421 1124 486 1178 οὐ
518 1123 580 1177 τὸ
615 1121 780 1192 σῶμά
808 1137 974 1191 φησιν
1005 1122 1065 1187 ἐξ
1103 1120 1357 1191 ούρανοῦ,
1392 1119 1530 1174 ἀλλὰ
1559 1119 1718 1190 δῆλον
1751 1117 1827 1182 ὡς

1936 1109 2050 1165 :aelo
2075 1108 2146 1174 ⁸⁵,
2191 1122 2299 1162 non
2332 1107 2532 1170 innuit,
2565 1119 2765 1175 corpus
2806 1106 2928 1176 ejus
2962 1106 3030 1161 de
3059 1108 3203 1162 coelo
3253 1108 3500 1174 ﬂuxisse,

260 1218 321 1274 οὑ
348 1217 505 1288 ψιλὸς
537 1214 823 1287 ἄνθρωπός
855 1215 1026 1268 ἐστιν.
1062 1213 1192 1267 ’1δοὺ
1213 1213 1322 1284 γὰρ
1343 1213 1439 1266 καὶ
1467 1211 1636 1282 ’Δδὰμ
1665 1212 1829 1264 αὑτὸν

1936 1202 2020 1260 sed
2056 1215 2180 1254 eum
2213 1198 2419 1252 nudum
2448 1197 2722 1250 hominem
2755 1212 2863 1250 non
2895 1212 3018 1252 esse
3047 1200 3306 1253 ostendit.
3340 1199 3497 1263 Nam,

265 1309 541 1379 ὠνόμασε,
571 1307 667 1360 καὶ
700 1305 928 1374 Κύριον,
965 1304 1026 1358 τὸ
1068 1305 1481 1376 συναμφότερον
1526 1303 1826 1374 σημαίνων.

275 1400 446 1470 Ἀδὰμ
478 1399 577 1468 μὲν
615 1398 722 1466 γὰρ
776 1396 1138 1467 ἑρμηνεύεται
1177 1395 1469 1466 γηγενής·
1501 1395 1743 1465 γηγενὴς
1773 1394 1830 1445 δὲ

263 1490 425 1563 δῆλον
455 1491 536 1542 ὅτι
590 1487 742 1539 ἐστὶν
772 1487 806 1558 ἡ
839 1486 936 1540 τοῦ
979 1485 1268 1556 ἀνθρώπου
1319 1485 1502 1555 φύσις,
1531 1487 1564 1554 ἡ
1611 1485 1674 1536 ἐκ
1711 1483 1833 1553 χοὸς

267 1581 564 1637 πλασθείσα
585 1595 600 1610 ο
630 1578 689 1632 τὸ
719 1580 933 1649 Κύριος
957 1577 1037 1644 δὲ,
1066 1575 1168 1648 τῆς
1199 1576 1348 1641 θείας
1365 1575 1554 1640 οὐσίας
1580 1575 1698 1628 ἐστὶ
1723 1590 1831 1628 πα-

268 1670 615 1745 ραστατικόν.

1927 1301 1984 1346 ιιι
2040 1290 2211 1353 vides,
2264 1297 2317 1344 et
2351 1287 2640 1351 Adamum,
2695 1296 2751 1341 et
2809 1285 3123 1352 Dominum,
3161 1289 3319 1359 223
3376 1307 3501 1344 eum

1929 1381 2250 1454 appellavit,
2316 1390 2612 1448 utrumque
2669 1379 2832 1434 simul
2902 1379 3176 1436 indicans.
3263 1383 3504 1436 Adamus

1929 1475 2130 1548 quippe
2166 1473 2482 1544 terrigenam
2513 1479 2694 1526 sonat.
2727 1471 2924 1541 Liquet
2954 1481 3135 1528 autem
3169 1473 3503 1544 terrigenam

1927 1582 2052 1624 esse
2098 1566 2340 1621 hominis
2391 1574 2664 1628 naturam,
2709 1571 2768 1615 ut
2827 1577 2947 1632 quae
3003 1580 3067 1619 ex
3126 1571 3273 1618 terra
3330 1563 3506 1618 euicta

1928 1659 2023 1714 sit.
2059 1657 2274 1713 Domini
2326 1665 2509 1712 autem
2549 1653 2906 1721 vocabulum,
2960 1655 3205 1710 divinam
3252 1666 3506 1710 naturam

1928 1747 2194 1802 declarat.

330 1855 502 1909 Πάλιν
539 1853 597 1908 δέ
633 1870 800 1922 φησιν
838 1855 866 1907 6
917 1851 1241 1917 ’Δπόστολος
1263 1867 1277 1884 °
1321 1852 1756 1918 ἐξαπέστειλεν
1797 1855 1830 1906 ὀ

2004 1838 2084 1892 Ac
2112 1852 2310 1892 rursus
2364 1836 2436 1892 ita
2481 1837 2728 1908 loquitur
2773 1836 3326 1908 Aposmlus":.ilisit
3366 1835 3507 1889 Deus

266 1947 410 2012 Θεὸς
429 1946 538 1999 τὸν
573 1945 711 1998 Υίὸν
741 1945 928 2000 αὐτοῦ
956 1945 1066 1999 τὸν
1073 1943 1398 2015 μονογενῆ,
1419 1946 1745 2014 γενόμενον
1764 1945 1833 1998 ἐκ

261 2034 564 2102 γυναικός.
601 2032 714 2085 Οὑκ
746 2028 888 2099 εἷπε,
918 2031 1016 2086 διὰ
1043 2036 1352 2102 γυναικός,
1393 2033 1510 2087 ἀλλ’
1539 2033 1607 2087 ἐκ
1627 2051 1832 2103 γυναι-

261 2126 388 2193 κός.
428 2125 732 2196 Ἐσήμανεν
783 2120 878 2178 οῦν
917 2126 945 2178 6
994 2124 1137 2188 θεῖος
1193 2124 1533 2190 Ἀπόστολος,
1564 2124 1640 2186 ὡς
1670 2122 1832 2186 αὑτός

262 2219 412 2271 ἐστιν
447 2219 476 2271 6
516 2217 808 2287 μονογενὴς
839 2217 966 2280 Υίὸς
999 2216 1094 2270 τοῦ
1124 2215 1260 2269 Θεοῦ
1285 2217 1382 2270 καὶ⁵
1416 2215 1569 2279 Θεὸς,
1591 2217 1619 2269 6
1640 2217 1703 2268 ὲκ
1735 2215 1834 2286 τῆς

266 2307 550 2380 Παρθένου
574 2307 865 2378 γενόμενος
889 2307 1201 2379 ἄνθρωπος,
1225 2308 1318 2362 καὶ
1355 2307 1517 2371 αὑτός
1533 2308 1680 2360 ἐστιν
1708 2309 1736 2360 6
1771 2308 1835 2361 ὲκ

261 2401 364 2469 τῆς
392 2401 672 2472 Παρθένου
711 2400 1016 2470 γεννηθεὶς,
1049 2401 1078 2453 6
1112 2400 1242 2464 Υἱὸς
1276 2399 1373 2454 τοῦ
1399 2400 1534 2453 Θεοῦ
1555 2401 1650 2455 καὶ
1669 2400 1831 2464 Θεός·

265 2494 549 2564 γεννηθεὶς
585 2492 644 2546 δὲ
685 2493 1042 2563 σωματικῶς,
1087 2492 1226 2548 καθὸ
1269 2493 1496 2562 γέγονεν
1528 2492 1834 2565 ἄνθρωπος,

261 2585 323 2638 οὑ
359 2583 859 2655 προδιαπλασθέντι
889 2583 1162 2656 ἀνθρώπῳ
1189 2586 1499 2656 ὲνοικήσας,
1523 2585 1598 2650 ὡς
1623 2586 1682 2639 ἐν
1705 2602 1838 2657 προς

263 2674 434 2746 φήτῃ,
475 2673 593 2726 ἀλλ’
627 2673 788 2736 αὐτὸς
835 2672 1110 2737 οὑσιωδῶς
1157 2675 1249 2727 καὶ
1282 2673 1502 2745 ἀληθῶς
1547 2674 1839 2744 γενόμενος

261 2764 571 2837 ἄνθρωπος,
625 2764 745 2835 ἢτοι
777 2765 837 2819 ὲν
881 2767 948 2835 τῇ
1007 2765 1302 2820 ὑποστάσει
1347 2764 1514 2820 αὑτοῦ
1556 2764 1839 2836 ὲψυχωμέ-

263 2871 363 2924 νην
393 2866 420 2894 ι
457 2855 636 2924 σάρκα
667 2855 814 2925 ψυχῇ
852 2855 1046 2926 λογικῇ
1085 2872 1146 2908 τε
1175 2855 1270 2909 καὶ
1306 2856 1471 2926 νοερᾷ
1500 2855 1836 2926 ὑποστήσας,

264 2943 364 2995 καὶ
400 2943 562 3006 αὑτὸς
588 2943 834 3012 γεγονὼς
878 2944 1016 3014 αὐτῇ
1057 2943 1375 3008 ὑπόστασις.
1409 2943 1580 2998 Τοῦτο
1601 2946 1711 3014 γὰρ
1742 2961 1840 3014 ση-

268 3033 452 3103 μαίνει
479 3033 561 3098 τὸ,
601 3033 931 3104 γενόμενον
980 3035 1052 3088 ἐκ
1099 3035 1425 3104 γυναικόςξ
1477 3034 1593 3098 πῶς
1631 3033 1740 3106 γὰρ
1773 3034 1840 3088 ἂν

1935 1930 2138 1985 Filium
2187 1946 2341 1985 suum
2392 1931 2722 2001 unigenitum
2750 1930 2952 1999 factum
2993 1945 3058 1984 ea:
3103 1930 3340 1982 muliere.
3386 1926 3507 1982 Non

1932 2021 2092 2086 dixit,
2145 2037 2239 2091 per
2287 2021 2582 2087 mulierem,
2641 2021 2762 2089 sed,
2819 2035 2885 2074 ex
2935 2019 3173 2074 muliere.
3235 2019 3509 2085 Quocirca

1935 2113 2272 2186 significavit
2312 2128 2436 2168 eum
2489 2113 2669 2183 ipsum
2714 2127 2839 2168 esse
2888 2111 3232 2182 unigenitum
3275 2109 3372 2166 Dei
3417 2109 3512 2164 Fi-

1935 2211 2070 2266 lium
2115 2225 2180 2264 ac
2210 2208 2409 2272 Deum,
2441 2209 2534 2278 qui
2561 2224 2624 2264 ex
2657 2207 2882 2278 Virgine
2927 2207 3106 2262 factus
3164 2213 3250 2262 est
3294 2205 3462 2259 homo
3495 2223 3508 2258 :

1935 2312 2102 2374 atque
2131 2303 2262 2359 item
2309 2318 2434 2358 eum
2480 2304 2662 2372 ipsum
2717 2316 2782 2356 ex
2833 2298 3059 2370 Virgine
3091 2299 3332 2370 genitum
3365 2313 3512 2362 esse,

1935 2394 2032 2466 qui
2066 2392 2159 2448 Dei
2200 2391 2376 2448 Filius
2428 2406 2492 2446 ac.
2535 2390 2680 2447 Deus
2727 2397 2836 2446 est.
2877 2389 3133 2444 Genitum
3183 2403 3348 2459 porro
3383 2402 3512 2442 cor-

1935 2499 2105 2556 porco
2139 2484 2320 2552 modo,
2343 2498 2452 2554 qua
2493 2482 2706 2538 scilicet
2729 2481 2945 2536 ratione
2977 2480 3142 2534 homo
3174 2478 3352 2534 factus
3384 2489 3509 2536 est:

1937 2575 2014 2632 ita
2064 2575 2350 2639 nimirum,
2399 2581 2460 2628 ut
2518 2587 2628 2627 non
2669 2573 2725 2626 in
2783 2573 3004 2626 homine
3062 2570 3218 2641 prius
3267 2571 3512 2637 condito,

1936 2676 2200 2738 tanquam
2235 2666 2292 2722 in
2323 2665 2589 2737 propheta
2636 2663 2991 2728 habitaverit,
3016 2678 3210 2719 verum
3238 2664 3355 2734 ipse
3380 2665 3514 2720 sub-

1939 2758 2275 2815 stantialiter
2324 2773 2389 2814 ac
2439 2772 2567 2813 vere
2612 2755 2792 2812 factus
2835 2756 2910 2812 sit
2944 2755 3150 2820 homo;
3185 2756 3289 2810 hoc
3317 2763 3423 2821 est,
3459 2757 3514 2810 in

1940 2865 2042 2906 sua
2092 2849 2375 2922 hypostasi
2427 2863 2653 2905 carnem
2707 2849 2892 2902 anima
2930 2848 3190 2905 rationali
3221 2857 3278 2904 et
3307 2847 3516 2902 intelli-

1940 2948 2100 3012 gente
2155 2942 2453 2996 animatam
2501 2939 2757 2996 substare
2814 2939 3026 3006 fecerit,
3067 2942 3311 3011 seipsum
3365 2939 3515 2995 illius

1943 3031 2194 3102 praebens
2227 3030 2590 3102 hypostasim.
2649 3028 2802 3085 Hauc
2854 3031 3001 3087 enim
3057 3032 3514 3103 signiﬁcationem

262 3126 430 3188 αὐτὸς
455 3127 484 3178 6
522 3124 616 3178 τοῦ
646 3124 781 3178 Θεοῦ
811 3125 982 3193 Λόγος
1036 3125 1142 3178 ὑπὸ
1194 3125 1358 3195 νόμον
1385 3126 1632 3198 γέγονεν,
1675 3129 1724 3181 εί
1763 3129 1836 3200 μὴ

1941 3120 2104 3177 habet
2149 3121 2307 3184 illud,
2353 3121 2558 3192 factum
2622 3136 2687 3176 ea:
2754 3121 2992 3177 muliere.
3048 3123 3184 3178 Nam
3235 3139 3344 3193 quo
3400 3131 3517 3178 tan-

261 3211 553 3286 ἄνθρωπος
591 3215 727 3286 ημῖν
748 3215 1038 3286 ὁμοούσιος
1062 3215 1306 3288 γέγονεν.

339 3488 502 3542 Ὅθεν
539 3487 769 3550 δικαίως
809 3488 904 3541 καὶ
935 3487 1154 3559 ἀληθῶς
1174 3489 1440 3544 Θεοτόκον
1474 3490 1574 3562 τὴν
1614 3490 1780 3560 ἁγίαν
1813 3493 1839 3532 1³

265 3580 488 3649 Μαρίαν
531 3578 911 3648 ὀνομάζομεν
948 3580 1106 3633 τοῦτο
1135 3580 1244 3649 γὰρ
1273 3581 1335 3634 τὸ
1373 3581 1546 3652 ὄνομα
1581 3582 1730 3636 ἆπαν
1779 3579 1844 3636 τὸ

268 3671 571 3741 μυστήριον
605 3671 708 3740 τῆς
738 3671 1059 3741 οἰκονομίας
1088 3672 1393 3744 συνίστησι.
1426 3673 1490 3728 Et
1522 3675 1631 3746 γὰρ
1659 3676 1843 3729 Θεοτὸ-

263 3777 362 3823 κος
390 3762 423 3831 ἡ
447 3760 780 3831 γεννήσασα,
833 3761 1054 3826 πάντως
1085 3762 1219 3826 Θεὸς
1241 3765 1269 3816 6
1327 3763 1386 3829 ἐξ
1431 3763 1605 3833 αὐτῆς
1644 3781 1843 3837 γεννη-

264 3849 400 3911 θεὶς,
438 3849 655 3912 πάντως
684 3849 741 3902 δὲ
777 3852 871 3904 κα)⁸
903 3851 1213 3922 ἄνθρωπος.
1245 3850 1368 3915 Πῶς
1408 3852 1518 3925 γὰρ
1549 3853 1616 3907 ἂν
1645 3855 1709 3906 ὲκ
1745 3871 1844 3922 γυ-

262 3939 457 4002 ναικὸς
507 3939 796 4011 γεννηθείη
846 3940 1008 4005 Θεὸς,
1068 3942 1096 3994 6
1147 3942 1254 4012 πρδ
1286 3941 1499 3995 αἰώνων
1555 3942 1694 4013 ἔχων
1739 3945 1842 4018 τὴν

266 4031 526 4100 ὕπαρξιν,
560 4032 610 4083 εἰ
642 4031 717 4104 μὴ
750 4031 1038 4103 ἄνθρωπος
1066 4033 1328 4101 γέγονενς
1368 4032 1427 4086 'O
1459 4032 1565 4105 γὰρ
1595 4032 1724 4098 Υἱὸς
1747 4036 1844 4089 ἀν-

264 4120 514 4191 θρώπου,
539 4122 826 4193 ἄνθρωπος
851 4122 1116 4193 δηλονότι.
1146 4122 1208 4175 Et
1240 4122 1297 4176 δὲ
1325 4123 1486 4187 αὑτὸς
1507 4126 1535 4176 6
1560 4125 1844 4197 γεννηθεὶς

261 4213 337 4265 ὲκ
356 4213 618 4281 γυναικὸς
648 4214 782 4277 Θεός
811 4215 981 4278 ἐστιν,
1015 4207 1097 4278 εἷς
1117 4214 1232 4267 ἐστι
1271 4213 1515 4285 δηλονότι
1540 4216 1568 4269 6
1600 4218 1664 4269 ἐκ
1705 4215 1842 4270 Θεοῦ

265 4303 484 4374 Πατρὺς
507 4305 790 4376 γεννηθεὶς
835 4307 978 4360 κατὰ
1006 4305 1106 4376 τὴν
1135 4305 1289 4360 θείαν
1330 4308 1428 4362 καὶ
1471 4308 1710 4379 ἄναρχον
1752 4309 1844 4362 οὑ⁶

264 4393 416 4460 σίαν,
438 4396 531 4448 κει)⁸
563 4397 650 4450 ἐπ’
681 4397 930 4467 ἐσχάτων
952 4397 1064 4450 τῶν
1089 4399 1298 4468 χρόνων
1335 4399 1400 4451 ὲκ
1429 4399 1528 4468 τῆς
1561 4399 1841 4472 Παρθένου

1938 3213 2060 3269 dem
2116 3221 2276 3283 pacto
2329 3213 2625 3284 ipsummet
2681 3211 2778 3268 Dei
2836 3212 3077 3269 Verbum
3120 3214 3225 3270 sub
3266 3215 3384 3284 lege
3431 3213 3513 3267 fa-

1940 3311 2088 3360 ctum
2125 3314 2300 3369 esset,
2331 3305 2441 3359 nisi
2485 3304 2648 3359 homo
2679 3304 2925 3374 ejusdem
2957 3319 3022 3359 ac
3048 3319 3149 3360 nos
3183 3304 3515 3360 substantiae

1940 3395 2284 3451 exstitisset?

2013 3483 2110 3538 Dei
2144 3484 2425 3539 Genitricis
2465 3501 2672 3548 nomen,
2708 3495 2877 3540 totum
2914 3487 3221 3557 mysterium
3253 3485 3511 3540 declarat.

1939 3605 2011 3618 -—
2040 3575 2234 3632 Merito
2280 3576 2450 3646 igitur
2474 3586 2529 3632 et
2564 3593 2692 3632 vere
2729 3586 2981 3633 sanctam
3026 3576 3255 3632 Mariam
3317 3575 3511 3646 Dcipa-

1941 3681 2060 3722 ram
2119 3666 2484 3737 appellamus.
2541 3665 2656 3722 lloc
2685 3667 2833 3722 enim
2884 3682 3082 3723 nomen
3122 3675 3298 3723 totum
3333 3668 3515 3722 incar-

1945 3756 2185 3812 nationis
2228 3759 2554 3828 mysterium
2607 3757 2830 3812 astruit.
2875 3757 3038 3824 Nam,
3089 3758 3136 3813 si
3198 3757 3292 3813 Dei
3340 3759 3517 3812 Mater

1940 3856 2027 3906 est
2063 3863 2186 3918 quae
2230 3848 2443 3920 genuit,
2501 3846 2752 3918 profecto
2810 3846 2953 3904 Deus
3005 3857 3088 3903 est
3136 3849 3228 3918 qui
3286 3864 3351 3903 ex
3401 3850 3518 3918 ipsa

1942 3941 2163 4012 genitus
2193 3947 2278 3996 est
2311 3959 2324 3995 :
2376 3937 2627 4009 profecto
2663 3939 2832 3994 etiam
2885 3939 3067 3993 homo.
3101 3937 3236 3992 Nam
3279 3939 3373 4008 qui
3402 3939 3517 3994 ﬁeri

1942 4032 2234 4104 potuisset,
2284 4040 2348 4086 ut
2379 4030 2544 4094 Deus,
2573 4030 2667 4100 qui
2721 4036 2846 4084 ante
2890 4028 3090 4084 saecula
3118 4030 3392 4090 exstabat.
3450 4044 3516 4082 ex

1943 4123 2178 4179 muliere
2218 4130 2562 4182 nasceretur,
2617 4121 2721 4176 nisi
2756 4121 2922 4174 homo
2976 4120 3158 4174 factus
3196 4120 3383 4174 esset?
3415 4119 3517 4184 Qui

1941 4215 2090 4270 enim
2140 4213 2286 4269 ﬁlius
2313 4221 2396 4269 est
2436 4213 2701 4278 hominis,
2737 4212 2901 4268 homo
2947 4213 3111 4266 etiam
3162 4211 3279 4279 ipse
3325 4209 3399 4262 sit
3425 4223 3521 4262 ne-

1942 4320 2162 4361 cessum
2199 4312 2303 4358 est.
2349 4301 2504 4368 Quod
2539 4303 2600 4360 .si
2643 4302 2734 4355 ille
2767 4302 2883 4371 ipse
2911 4301 3005 4370 qui
3041 4316 3106 4354 ex
3159 4298 3390 4352 muliere
3424 4313 3520 4351 na-

1944 4406 2036 4452 tus
2065 4403 2173 4459 est,
2213 4393 2357 4450 Deus
2384 4400 2489 4456 est,
2538 4407 2682 4448 unus
2719 4391 2913 4461 procul
2968 4390 3137 4444 dubio
3181 4399 3347 4458 atque
3376 4389 3516 4444 idem

261 4485 480 4554 τεχθεὶς
513 4487 655 4539 κατά
677 4487 777 4558 τὴν
808 4488 1094 4559 ἡργμένην
1123 4489 1217 4542 καὶ
1261 4489 1368 4542 ὑπὸ
1397 4489 1589 4561 χρόνον
1626 4490 1836 4553 ούσίαν,

1945 4495 2050 4551 εει,
2085 4487 2176 4556 qui
2209 4500 2276 4538 ex
2321 4483 2434 4537 Deo
2479 4481 2644 4538 Patre
2692 4483 2914 4550 genitus
2952 4487 3058 4546 est,
3095 4480 3240 4550 quod
3278 4479 3342 4534 ad
3383 4481 3520 4534 divi-

260 4574 388 4646 ἧτοι
410 4575 510 4646 τὴν
535 4575 904 4648 ἀνθρωπίνην.
938 4577 1110 4630 Τοῦτο
1133 4577 1190 4631 δὲ
1221 4577 1351 4648 μίαν
1385 4577 1710 4643 ὑπόστασιν,
1749 4579 1844 4632 κα.)⁸

371 4713 415 4746 ⁹¹
453 4713 556 4770 lni‘.
589 4729 712 4786 cap.
745 4716 831 4770 t8.
920 4717 967 4750 θ’
1000 4715 1019 4770 l
1050 4714 1176 4771 Cor.
1211 4732 1302 4784 xv,
1333 4716 1424 4773 2t.

1523 4717 1569 4750 ’³
1597 4714 1761 4787 Greg.
1798 4715 1933 4772 Naz.
1960 4714 2095 4771 ibid.

1951 4591 2078 4630 nam
2119 4582 2175 4629 ct
2217 4572 2364 4627 initii
2417 4577 2698 4640 expertem
2747 4568 3110 4624 substantiam
3140 4569 3359 4634 attinet,
3394 4569 3517 4640 qui-

2203 4709 2252 4743 “
2282 4709 2300 4763 l
2327 4708 2454 4764 Cor.
2490 4723 2580 4774 xv,
2610 4705 2701 4762 47.
2777 4706 2825 4739 ⁸⁸
2869 4704 3048 4760 Galat.
3075 4719 3150 4774 tv,
3182 4703 3236 4758 ιι.

1554 4846 1793 4902 VARIAE
1832 4842 2240 4902 LECTIONES.

343 4990 373 5032 1
400 4980 552 5035 Edita
585 4979 822 5048 ἀληθῶς.

271 5053 306 5093 ι’
338 5049 522 5122 Vegel.
550 5050 844 5116 παναγίαν.

901 4989 923 5016 ³
951 4977 1132 5050 Vogel.
1171 4979 1260 5036 hic
1289 4988 1342 5035 et
1374 4979 1519 5035 infra
1553 4981 1862 5053 ἄνθρωπος,
1890 4991 1949 5037 ut
1972 4981 1990 5035 Ι
2013 4983 2079 5039 ad
2120 4982 2247 5039 Cor.
2300 4997 2392 5049 xv,
2443 4979 2535 5047 47,
2585 4979 2836 5051 legimus.
2894 4991 2938 5020 ’⁸
2971 4977 3053 5033 Ai.
3113 4979 3516 5051 ὲμψυχομένην.

1779 5117 2006 5174 NOTAE.

347 5209 458 5281 (29)
498 5211 563 5281 '_0
600 5205 1058 5281 “palmum”.
1094 5205 1328 5281 _P_rimus
1379 5205 1590 5281 Agam,
1637 5217 1744 5281 etc.
1785 5209 1844 5264 In

268 5276 464 5336 Bibliis
493 5276 697 5335 Graecis
743 5278 974 5347 legimus
999 5279 1014 5330 Ι
1044 5276 1110 5330 ad
1141 5278 1265 5347 Cor.
1297 5292 1388 5338 xv,
1415 5277 1481 5330 7:
1523 5278 1577 5330 Ὁ
1615 5277 1847 5347 πρῶτος

268 5353 587 5417 ἅνθρωπος
619 5351 687 5403 ἐκ
718 5346 852 5418 γῆξ,
887 5348 1119 5418 χοὶὸςόςο
1153 5349 1184 5418 6
1217 5346 1497 5418 δεύτερος
1529 5346 1845 5418 ἅνθρωπος

266 5420 343 5483 ἐξ
372 5415 656 5488 οὐρανοῦ,
681 5415 978 5485 οὐράνιος.
1002 5416 1057 5470 In
1083 5417 1316 5488 vulgatis
1343 5415 1553 5473 Latinis
1581 5435 1593 5472 :
1625 5415 1842 5474 Primus

266 5485 522 5544 homo'de
569 5500 733 5552 terra,
783 5498 1018 5540 terrenus
1051 5503 1067 5549 ;
1103 5485 1363 5540 secundus
1406 5488 1560 5542 homo
1595 5491 1658 5543 de
1689 5491 1838 5553 cozlo,

267 5559 518 5614 caelestis.
549 5559 627 5614 Ex
659 5560 762 5612 hoc
803 5557 925 5610 loco
969 5555 1238 5610 inferebat
1267 5558 1645 5625 Apollinarius
1675 5559 1839 5614 Chri-

267 5637 422 5684 stum
480 5645 588 5684 non
619 5626 869 5684 eamdem
917 5633 1083 5694 atque
1120 5626 1389 5680 Adamum
1437 5637 1688 5684 naturam
1739 5629 1838 5683 ha-

271 5699 483 5765 buisse,
519 5714 680 5771 quem
713 5693 1036 5767 Nyssenus’,
1075 5709 1130 5747 n.
1179 5695 1269 5762 11,
1297 5697 1446 5753 nullo
1501 5701 1721 5771 negotio
1766 5715 1831 5754 ex

1945 5211 2416 5282 subsequentibus
2452 5211 2576 5268 istis
2622 5213 2808 5269 verbis
2845 5213 3121 5277 confutat,
3159 5210 3332 5282 qualis
3358 5209 3518 5282 caele-

1942 5280 2240 5354 stis,itales
2291 5293 2340 5337 et
2369 5285 2635 5348 cwlesles,
2684 5293 2740 5338 ut
2779 5280 3226 5354 quandoquidem
3268 5280 3520 5334 cmlestcs

1941 5352 2199 5424 homines,
2252 5353 2478 5409 alterius
2531 5354 2752 5424 generis
2796 5352 3037 5424 mentem
3087 5359 3141 5404 et
3180 5358 3434 5424 uaturahm
3475 5363 3517 5424 _a

1940 5423 2153 5478 cieteris
2190 5423 2508 5478 hominibus
2535 5417 2668 5476 'non
2718 5424 2942 5485 habent,
2981 5422 3062 5477 sic
3090 5433 3312 5488 quoque
3355 5417 3516 5472 Citri'

1939 5501 2079 5548 stus.
2123 5493 2287 5547 Plura
2347 5493 2518 5548 videri
2552 5501 2787 5560 possunt
2839 5491 2985 5561 apud
3036 5487 3406 5561 Athanasium
3460 5488 3516 5539 in

1946 5563 2099 5618 libris
2121 5573 2312 5618 contra
2346 5565 2492 5617 hunc
2531 5556 2950 5626 Iiaereticumfet
2985 5559 3126 5628 apud
3157 5556 3519 5628 Theologum,

1944 5633 2109 5702 epist.
2149 5634 2173 5688 ι
2211 5633 2277 5687 ad
2313 5632 2536 5687 Cledon.
