4072 6146
517 295 652 361 itm

1684 281 1744 339 S.
1784 275 2107 339 JOANNIS
2142 269 2575 334 DAMASCENI

3626 261 3767 327 1032

513 424 622 478 que
667 403 926 462 extremis
981 396 1320 469 temporibus
1367 409 1430 448 ea
1462 391 1776 448 substantia
1825 403 1953 478 quae
1985 387 2086 440 iui-

2218 385 2285 438 ῑύο
2315 384 2529 452 φύσεις,
2565 367 2662 435 καί
2685 379 2778 433 δύο
2813 375 3094 447 γεννήσεις
3128 376 3384 444 σημαίνει
3419 373 3515 429 τοῦ
3555 375 3766 444 Κυρίου
3870 394 3874 395 ν

516 477 652 552 tium
685 494 899 553 habuit.
947 486 1292 557 temporique
1353 482 1605 552 subjecta
1661 488 1770 544 est,
1823 477 1928 531 hoc
1980 485 2086 540 est,

2194 473 2352 544 ἡμῶν
2389 473 2563 544 Ἰησοῦ
2590 470 2854 542 Χριστοῦ.

517 593 775 651 humana,
818 601 884 641 ex
931 581 1156 651 Virgine
1219 585 1385 632 natus
1419 583 1525 631 est.
1566 573 1683 627 Hoc
1731 585 1865 627 vero
1919 585 2086 626 unam
2128 568 2346 625 Domini
2393 566 2570 622 nostri
2630 565 2762 622 Jesu
2797 581 3113 637 personam,
3199 563 3450 633 duasque
3515 570 3770 627 naturas,

516 692 572 738 et
607 681 741 734 duas
774 675 1156 745 generationes
1192 669 1491 739 signiﬁcat.

585 770 973 836 Christiparam
1009 766 1194 819 Patres
1222 765 1394 816 dicere
1428 760 1810 813 detrectarunt.
1859 755 2094 810 Nestorii

519 875 641 918 vox,
695 867 752 909 ut
792 856 1006 908 dicatur
1049 852 1294 907 Christus
1342 849 1654 919 Θεοφόρος,
1706 857 1845 900 recte
1873 845 2097 900 sentien-

521 952 675 1013 tium,
708 957 764 1000 ut
795 946 936 999 Dens
981 945 1317 997 incarnatus.
1370 937 1588 992 Natura
1622 943 1858 990 humana
1887 937 1942 988 in
1980 936 2097 1002 ipsa

520 1040 851 1106 conceptione
893 1034 1058 1088 Verbo
1099 1035 1270 1087 unita.
1297 1061 1365 1070 ——
1388 1032 1457 1085 At
1491 1045 1621 1086 vero
1672 1038 1932 1083 sanctam
1970 1025 2096 1080 Vir-

522 1134 701 1202 ginem
738 1129 1058 1198 neutiquam
1100 1125 1500 1193 Christiparam
1533 1135 1940 1190 nuncupamus,
1969 1118 2099 1189 quia

523 1225 590 1277 ad
637 1221 963 1276 abolendum
1006 1217 1253 1282 Deipara:
1311 1213 1639 1268 vocabulum
1682 1210 1970 1266 Nestorius
2014 1210 2097 1274 ⁸⁸,

525 1317 777 1382 impurus
826 1311 916 1363 ille
977 1318 1034 1363 et
1093 1304 1488 1367 exsecrandus,
1533 1304 1829 1372 animoque
1856 1300 2102 1365 Judaeus,

526 1404 660 1457 illud
707 1399 1020 1472 ignominia:
1050 1413 1168 1463 vas,
1201 1398 1254 1450 in
1298 1405 1676 1466 contemptum
1712 1395 1833 1463 ejus
1861 1408 1982 1464 qua:
2009 1409 2102 1448 su-

2264 751 2637 823 Χριστοτόκον
2671 751 2728 804 δὲ
2757 750 2870 822 (⁸50)
2912 750 3164 820 οὐδαμῶς
3211 764 3391 817 φαμεν
3417 757 3440 786 ο
3477 746 3576 815 τὴν
3605 746 3771 814 ἁγίαν

2194 845 2493 916 Παρθένον,
2521 844 2656 898 διότι
2692 844 2778 896 ἐπ’
2809 843 3089 913 ἀναιρέσει
3121 841 3221 910 τῆς
3258 839 3550 904 Θεοτόκος
3582 841 3772 911 φωνῆς

2199 938 2228 990 6
2259 935 2480 1008 μιαρὸς,
2509 935 2601 988 καὶ
2637 935 2910 1006 βδελυρὸς,
2934 935 3031 987 καὶ⁷
3060 931 3444 1002 Ἰουδαιόφρων
3472 931 3771 1001 Νεστόριος

2195 1028 2256 1081 τὸ
2291 1026 2482 1088 σκεῦος
2506 1026 2602 1096 τῆς
2631 1026 2891 1097 ἀτιμίας,
2931 1023 3027 1078 καὶ
3075 1024 3171 1076 ἐπὶ
3218 1023 3418 1092 ἀτιμίᾳ
3464 1023 3567 1090 τῆς
3606 1023 3774 1093 μόνης

2199 1120 2368 1182 ὅντως
2412 1118 2788 1189 τετιμημένης
2835 1117 2976 1188 ὑπὲρ
3025 1116 3205 1169 πᾶσαν
3259 1115 3441 1167 κτίσιν
3483 1114 3769 1178 Θεοτόκου,

2202 1211 2306 1265 κᾶν
2337 1204 2492 1273 οὗτος
2539 1209 2936 1281 διαρρήγνυται
2959 1207 2987 1247 ά
3039 1208 3136 1259 σὺν
3166 1206 3245 1276 τῷ
3291 1205 3460 1277 πατρὶ
3498 1205 3664 1258 αὐτοῦ
3693 1205 3774 1275 τῷ

2205 1303 2438 1372 Σατανᾷ,
2481 1301 2688 1371 ταύτην
2716 1300 2814 1369 τὴν
2848 1297 3220 1370 προσηγορίαν
3249 1295 3535 1366 ὲξηύρατο,
3566 1297 3641 1359 ὡς
3670 1297 3773 1348 ἑπ-

2204 1390 2582 1461 ηρεαζομένην
2617 1400 2640 1430 ο
2683 1389 2903 1460 χριστὸς
2929 1388 3039 1458 γὰρ
3073 1388 3168 1441 καὶ
3195 1388 3224 1440 ὁ
3253 1386 3418 1440 Δαϐὶδ
3444 1388 3472 1439 6
3495 1386 3775 1455 βασιλεὺς,

526 1509 625 1564 per
665 1501 976 1548 creaturam
1009 1505 1229 1543 omnem
1284 1489 1400 1544 sola
1445 1502 1572 1540 vere
1602 1486 1829 1541 colenda
1873 1493 1979 1552 est,
2009 1484 2103 1538 Dei

2218 1484 2304 1535 καὶ
2324 1484 2352 1534 6
2377 1481 2588 1551 Ἀαρὼν
2615 1483 2642 1533 6
2673 1479 2965 1550 ἀρχιερεύς
2986 1496 3000 1509 ·
3025 1477 3203 1532 ταῦτα
3222 1477 3331 1547 γὰρ
3349 1479 3414 1531 τὰ
3440 1477 3458 1516 ί
3485 1479 3775 1547 χριόμενα,

525 1581 1268 1654 Cenitricis(disrumpatur
1327 1581 1450 1633 licet
1487 1578 1578 1632 ille
1612 1592 1734 1630 cum
1785 1585 1940 1647 patre
2001 1590 2102 1630 suo

2218 1573 2453 1642 βασιλεία
2484 1589 2543 1624 τε
2571 1574 2668 1626 καὶ
2701 1571 2988 1641 ἱερωσύνη·
3019 1570 3114 1623 καὶ
3143 1571 3252 1632 πᾶς
3283 1568 3534 1639 θεοφόρος
3557 1569 3782 1639 ἀνθρω-

529 1675 779 1742 Satana),
814 1676 920 1728 hoc
948 1673 1186 1726 nominis
1208 1671 1559 1740 excogitavit,
1588 1669 1733 1739 quod
1764 1668 2102 1723 obtruderet.

2218 1683 2309 1728 πος
2344 1665 2577 1735 Χριστὸς
2619 1663 2877 1732 λέγεσθαι
2915 1662 3160 1728 δύναται,
3188 1661 3302 1714 ἀλλ’
3336 1661 3398 1712 ού
3428 1659 3556 1720 Θεὸς
3589 1658 3778 1728 φύσει,

529 1766 820 1820 Enimvero
870 1779 966 1819 rex
1024 1762 1190 1816 David
1236 1763 1482 1816 Christus
1508 1777 1727 1831 quoque
1773 1760 1998 1823 dicitur,
2054 1769 2107 1814 et

2218 1758 2282 1820 ὣς
2330 1757 2425 1811 καὶ
2490 1755 2788 1826 Νεστόριος
2830 1757 2858 1807 6
2904 1753 3198 1824 θεήλατος,
3241 1755 3332 1804 τὸν
3381 1752 3448 1804 ὲκ
3496 1751 3778 1820 Παρθένου

530 1857 772 1929 pontifex
807 1857 1013 1921 Aaron,
1071 1855 1273 1923 quippe
1327 1868 1452 1907 cum
1503 1869 1657 1923 rcges
1692 1860 1747 1906 et
1795 1850 2109 1907 sacerdotes

2218 1848 2466 1918 τεχθέντα
2499 1846 2760 1915 θεοφόρον
2793 1846 2904 1915 (51)
2938 1847 3114 1898 εἰπεῖν
3141 1843 3470 1914 ὲφρυάξατο.
3517 1843 3696 1912 Ἦμᾶς
3723 1842 3780 1896 δὲ

542 1949 668 2016 ungi
695 1949 978 2002 solerent:
1026 1946 1272 2015 quinimo
1304 1945 1486 2015 quivis
1525 1945 1687 1998 homo
1728 1944 1874 2013 pius,
1917 1952 1970 1998 et
2021 1942 2108 1997 cui

2218 1941 2288 2010 μὴ
2319 1940 2531 2009 γένοιτο
2569 1937 2828 2008 θεοφόρον
2871 1937 3034 1990 αὐτὸν
3061 1938 3087 1976 ε
3115 1937 3290 1989 εἰπεῖν
3315 1937 3346 2005 ἢ
3401 1933 3614 2004 νοῆσαι,
3645 1934 3784 1988 ἀλλὰ

533 2044 676 2097 Deus
716 2038 1062 2108 aspiraverit,
1097 2036 1352 2092 Christus
1389 2036 1497 2103 dici
1535 2037 1730 2105 possit,
1763 2045 1818 2089 at
1848 2050 1956 2089 non
1988 2049 2112 2103 per-

534 2135 664 2189 inde
706 2143 904 2187 natura
967 2131 1145 2198 Deus;
1172 2133 1330 2201 juxta
1367 2146 1429 2185 ac
1454 2131 1753 2186 exitiabilis
1798 2130 1888 2184 ille
1920 2129 2114 2184 Nesto-

537 2223 654 2277 rius
702 2236 826 2276 eum
859 2221 950 2291 qui
986 2221 1053 2274 de
1092 2219 1313 2290 Virgine
1361 2227 1522 2275 natus
1554 2228 1659 2285 est,
1714 2204 1988 2274 Deiferum
2019 2234 2114 2273 ore

539 2311 897 2379 fremebundo
929 2311 1324 2382 pronuntiavit.
1357 2308 1558 2366 Verum
1592 2310 1698 2364 hoc
1719 2309 1864 2364 absit
1895 2323 1924 2362 a
1953 2307 2116 2380 224.

543 2405 723 2470 nobis,
755 2411 815 2458 ut
845 2418 970 2458 eum
1024 2403 1266 2458 alllatum
1321 2419 1352 2457 a
1407 2404 1537 2468 Deo,
1582 2400 1932 2458 Dciferumve
1964 2401 2116 2456 dica-

541 2511 688 2561 mus,
747 2496 826 2549 vei
872 2495 1179 2565 cogitemus
1230 2496 1298 2562 '7;
1357 2495 1467 2549 lmo
1531 2495 1715 2565 potius
1769 2495 2115 2548 incarnatum

542 2589 738 2643 Deum.
785 2586 1083 2657 lpsummet
1127 2584 1522 2641 enimVerbum
1581 2585 1786 2639 factum
1834 2592 1918 2640 est
1965 2599 2116 2650 caro,

545 2686 608 2734 ut
654 2686 981 2748 conceptum
1032 2676 1254 2748 quidem
1319 2677 1387 2733 de
1449 2675 1675 2746 Virgine
1727 2676 1917 2741 fuerit,
1974 2675 2119 2731 Deus

548 2784 678 2824 vero
719 2769 988 2840 prodierit
1035 2783 1161 2823 cum
1208 2775 1489 2838 assumpta
1535 2778 1730 2822 natura
1759 2781 1923 2837 quam
1963 2766 2120 2823 deiﬁ-

549 2870 706 2916 carat
734 2860 898 2916 simul
928 2867 1090 2929 atque
1118 2859 1384 2929 producta
1427 2867 1531 2914 est.
1585 2857 1797 2914 Exinde
1840 2857 1944 2912 tria
1975 2858 2123 2928 pari-

553 2961 640 3008 ter
675 2967 784 3007 una
815 2951 1187 3022 contigerunt,
1221 2950 1482 3005 nimirum
1532 2949 1678 3021 quod
1703 2959 1987 3020 assumpta
2019 2951 2084 3004 sit
2105 2989 2118 3013 ,
2149 2967 2192 3026 α

553 3044 700 3114 quod
763 3043 1060 3109 exstiterit,
1114 3041 1260 3112 quod
1322 3040 1574 3097 deiﬁcata
1625 3058 1655 3094 a
1693 3039 1874 3095 Verbo
1933 3038 2122 3095 fuerit.

555 3134 694 3191 llinc
719 3135 776 3188 llt
798 3143 858 3189 ut
904 3132 1070 3204 Virgo
1110 3140 1324 3198 sancta,
1359 3131 1454 3187 Dei
1485 3131 1732 3187 Geuitrix
1774 3140 1889 3187 tum
1918 3132 2126 3188 intelli-

493 3249 498 3258 κ
555 3232 738 3297 gatur,
767 3233 882 3279 tum
915 3224 1242 3294 appelletur,
1282 3237 1393 3278 non
1423 3222 1587 3277 modo
1611 3231 1838 3292 propter
1870 3233 2125 3280 naturam

558 3311 746 3383 Verbi,
777 3315 872 3370 sed
895 3315 1059 3369 etiam
1091 3315 1162 3369 ob
1190 3314 1586 3369 humanitatem
1613 3313 1818 3370 deitate
1843 3315 2127 3382 donatam,

561 3406 831 3476 stupende
877 3405 1145 3459 miraculo
1187 3404 1420 3474 patratis
1455 3403 1620 3458 simul
1662 3404 1856 3459 horum
1895 3412 1948 3461 et
1997 3420 2131 3461 con-

561 3495 810 3564 ceptione
839 3501 892 3548 et
927 3492 1274 3559 exsistentia,
1314 3491 1461 3547 verbi
1492 3492 1713 3562 quidem
1746 3495 2130 3564 conceptione,

563 3583 748 3638 curuis
777 3597 904 3637 vero
953 3582 1270 3638 exsisteutia
1299 3582 1354 3637 in
1383 3582 1503 3652 ipso
1521 3581 1723 3638 Verbo.
1751 3581 1872 3653 Ipsa
1899 3597 2134 3654 namque

565 3671 661 3726 Dei
716 3671 962 3728 Genitrix
1007 3686 1172 3741 supra
1235 3677 1447 3726 naturze
1471 3670 1616 3742 leges
1655 3684 1841 3725 rerum
1888 3671 2132 3726 omnium

564 3765 744 3822 lictori
793 3764 1272 3829 subministrabat,
1321 3764 1468 3819 unde
1501 3763 1619 3836 ipse
1649 3778 1868 3837 quoque
1899 3763 2135 3835 ﬁngere-

566 3864 678 3918 tur,
712 3855 1209 3924 universorumque
1246 3851 1520 3908 conditoﬁ
1545 3853 1679 3916 Deo,
1709 3859 1770 3907 ut
1797 3857 2134 3920 assumptam

566 3941 962 4004 humanitatem
1018 3947 1220 4002 deitate
1272 3944 1508 4010 donans,
1563 3944 1728 3998 homo
1782 3943 1901 4013 ipse
1959 3942 2135 4005 ﬁeret,

567 4023 715 4093 ρυῙῖ
741 4038 959 4094 interim
1004 4037 1156 4101 unio,
1197 4049 1320 4105 quae
1345 4034 1498 4088 unita
1535 4043 1687 4099 sunt,
1709 4033 1840 4087 talia
1871 4039 2138 4099 servaret,

570 4129 750 4200 qualia
790 4128 943 4183 unita
987 4133 1194 4191 essent,
1232 4125 1337 4179 hoc
1382 4132 1488 4191 est,
1520 4137 1630 4177 non
1675 4122 2020 4179 divinitatem
2051 4139 2133 4180 so-

2210 2033 2344 2086 Θεὸν
2375 2031 2818 2102 σεσαρκωμὲνον.
2857 2028 3031 2091 Αὐτὸς
3065 2027 3176 2098 γὰρ
3203 2029 3231 2080 6
3275 2027 3446 2095 Λόγος
3495 2026 3630 2096 σὰρξ
3659 2027 3784 2095 ἐγέ·

2211 2141 2352 2188 νετο,
2393 2122 2621 2192 κυηθεὶς
2677 2122 2772 2193 μὲν
2818 2121 2881 2174 ὲκ
2932 2122 3033 2192 τῆς
3072 2119 3374 2191 Παρθένου,
3406 2117 3683 2188 προελθὼν
3723 2117 3782 2171 δὲ

2213 2214 2342 2279 Θεὸς
2381 2214 2520 2285 μετὰ
2551 2214 2650 2283 τῆς
2693 2211 3070 2283 προσλήψεως,
3103 2213 3203 2282 ἤδη
3241 2212 3335 2265 καὶ
3364 2212 3532 2280 αὐτῆς
3563 2211 3650 2265 ὑπ’
3675 2210 3777 2264 αύ-

2213 2302 2306 2356 τοῦ
2341 2303 2659 2372 θεωθείσης,
2699 2303 2814 2373 ἅμα
2852 2305 2921 2373 τῇ
2972 2304 3052 2365 είς
3084 2303 3144 2356 τὸ
3187 2296 3328 2354 εἶναι
3371 2302 3570 2370 ταύτης
3626 2318 3778 2371 παρ-

2213 2397 2432 2463 αγωγῇ,
2465 2393 2538 2455 ὡς
2585 2392 2719 2462 ὁμοῦ
2752 2391 3005 2460 γενέσθαι
3053 2391 3123 2444 τὰ
3152 2391 3301 2462 τρία,
3335 2386 3781 2462 τὴνπρόσληψιν,

2213 2484 2314 2554 τὴν
2343 2483 2602 2553 ὓπαρξιν,
2633 2483 2732 2553 τὴν
2753 2483 2950 2536 θέωσιν
2987 2483 3157 2552 αὐτῆς
3185 2483 3288 2538 ὑπὸ
3324 2481 3416 2534 τοῦ
3450 2483 3654 2550 Λόγου·
3693 2483 3788 2536 καὶ

2216 2575 2359 2628 οὕτω
2377 2575 2635 2637 νοεῖσθαι,
2650 2576 2741 2627 καὶ¹
2762 2574 3017 2642 λέγεσθαι
3039 2573 3301 2626 Θεοτόκον
3327 2573 3429 2643 τὴν
3456 2575 3620 2642 ἁγίαν
3647 2575 3791 2645 Παρ-

2218 2666 2392 2731 θένον,
2421 2667 2483 2720 οὐ
2512 2666 2670 2736 μόνον
2696 2665 2787 2718 διὰ
2828 2665 2926 2736 τὴν
2951 2664 3114 2734 φύσιν
3139 2663 3234 2716 τοῦ
3266 2665 3465 2732 Λόγου,
3511 2664 3648 2718 ἀλλὰ
3697 2665 3792 2717 καὶ

2218 2756 2309 2812 διὰ
2333 2757 2430 2828 τὴν
2462 2757 2656 2812 θέωσιν
2683 2757 2778 2810 τοῦ
2804 2756 3170 2827 ἀνθρωπίνου,
3207 2749 3282 2810 ὧν
3313 2755 3449 2824 ἅμα,
3484 2755 3580 2808 καὶ
3599 2758 3632 2826 ἡ
3665 2754 3794 2808 σύλο

2220 2847 2421 2917 ληψις,
2476 2848 2650 2918 καλή
2699 2846 2936 2917 ὖπαρξις
2974 2846 3560 2918 τεθαυματούργηται·
3603 2849 3637 2917 ἡ
3692 2847 3794 2918 μὲν

2225 2939 2510 3012 σύλληψις.
2539 2939 2634 2993 τοῦ
2669 2938 2859 3008 Λόγου,
2887 2938 2988 3008 τῆς
3016 2938 3073 2991 δὲ
3110 2937 3394 3009 σαρκὸς,ὴ
3436 2940 3494 2991 ὲν
3528 2937 3679 3008 αὐτῷ
3713 2938 3795 3008 τῷ

2227 3021 2388 3102 Λόγῳ
2436 3029 2707 3102 ὕπαρξις,
2749 3029 2920 3101 αὐτῆς
2958 3029 3059 3099 τῆς
3109 3031 3453 3102 Θεομήτορος
3503 3032 3795 3103 ὑπερφυῶς

2225 3122 2570 3194 χορηγούσης
2607 3123 2667 3176 τὸ
2712 3121 3022 3192 πλασθῆναι
3062 3121 3141 3194 τῷ
3187 3123 3418 3196 πλάστῃ,
3470 3126 3654 3178 καὶτὸ
3697 3126 3798 3178 dv-

2228 3211 2602 3283 θρωπισθῆναι
2628 3213 2706 3283 τῷ
2731 3212 2850 3284 Θεῷ
2879 3213 2972 3267 καὶ
2997 3216 3195 3284 ποιητῇ
3224 3213 3312 3267 τοῦ
3336 3215 3553 3279 παντὸς,
3581 3215 3801 3272 θεοῦντι

2227 3302 2288 3356 τὺ
2319 3303 2676 3375 πρόσλημμα,
2714 3303 2994 3372 σωζούσης
3027 3304 3126 3373 τῆς
3149 3304 3387 3367 ένώσεως
3420 3305 3486 3358 τὰ
3514 3304 3803 3360 ἐνωθέντοι

2227 3393 2476 3459 τοιαῦτα,
2503 3392 2591 3448 οἷα
2638 3395 2733 3448 καὶ
2761 3395 2999 3465 ἦνωνται
3024 3411 3037 3424 ·
3077 3396 3136 3448 ού
3174 3395 3233 3448 τὸ
3269 3395 3408 3448 θεῖον
3436 3395 3576 3463 λέγω
3601 3395 3802 3465 μόνον,

2229 3483 2367 3537 ἀλλὰ
2397 3484 2492 3537 καὶ
2520 3483 2582 3536 τὺ
2602 3483 2944 3554 ἀνθρώπινον
2968 3483 3062 3537 τοῦ
3097 3484 3351 3556 Χριστοῦ,
3372 3484 3431 3536 τὸ
3461 3486 3600 3554 ὑπὲρ
3623 3485 3804 3556 ἡμᾶς,

2231 3577 2329 3629 καὶ
2351 3575 2475 3631 καθ’
2510 3576 2678 3646 ἡμᾶς.
2725 3574 2864 3629 υύτε
2887 3575 2997 3646 γὰρ
3044 3577 3337 3647 γενόμενον
3377 3577 3644 3651 πρότερον
3676 3577 3804 3631 καθ’

2231 3673 2398 3742 ἡμᾶς,
2430 3671 2656 3742 ὕστερον
2701 3672 2926 3741 γέγονεν
2971 3671 3112 3743 ὑπὲρ
3145 3673 3326 3743 ἡμᾶς·
3380 3671 3517 3726 ἀλλὰ
3553 3673 3640 3724 ἀεὶ
3675 3672 3704 3713 ll
3737 3673 3807 3727 ὲκ

2235 3761 2464 3833 πρώτης
2493 3762 2783 3835 ὑπάρξεως
2809 3763 2976 3835 ἄμφω
3011 3763 3221 3835 ὑπῆρξε
3249 3767 3292 3829 ί,
3325 3763 3415 3820 διὰ
3448 3764 3508 3816 τὸ
3537 3763 3596 3830 ἐξ
3627 3764 3808 3834 ἄκρας

2236 3855 2551 3928 συλλήψεως
2580 3857 2636 3911 ἐν
2666 3857 2814 3929 αὐτῷ
2850 3857 2929 3930 τῷ
2967 3858 3127 3929 Λόγῳ
3172 3856 3272 3928 τὴν
3304 3857 3536 3929 ὓπαρξιν
3571 3857 3808 3927 ἐσχηκέ-

2233 3961 2360 3999 ναι·
2413 3946 2754 4019 ἀνθρώπινον
2811 3947 2910 4018 μὲν
2951 3942 3046 4000 οὖν
3101 3949 3218 4002 ἐστι
3265 3946 3408 4003 κατὰ
3451 3947 3550 4018 τὴν
3597 3947 3807 3999 οίκείαν

2237 4033 2421 4103 φύσιν,
2453 4035 2589 4090 Θεοῦ
2638 4036 2695 4090 δὲ
2727 4036 2823 4092 καὶ
2879 4036 3044 4102 θεῖον,
3088 4038 3415 4108 ὑπερφυῶς,
3447 4039 3568 4090 Ἔτι
3615 4037 3671 4089 δὲ
3709 4038 3808 4090 καὶ

2236 4125 2340 4194 τῆς
2377 4125 2624 4197 ἐμψύχου
2658 4127 2858 4199 σαρκὸς
2886 4127 2958 4180 τὰ
2987 4126 3256 4198 ἰδιώματα
3284 4126 3414 4198 ἔσχε
3437 4142 3450 4158 ο
3485 4126 3808 4190 κατεδέξατο

565 4221 703 4282 ium,
749 4219 843 4274 sed
887 4217 1050 4272 etiam
1110 4213 1318 4270 Christi
1370 4213 1807 4281 humanitatem;
1857 4229 1961 4270 nec
2004 4215 2119 4270 illuc

2240 4215 2351 4285 γὰρ
2384 4217 2523 4270 αὐτὰ
2563 4219 2592 4271 6
2621 4218 2817 4285 Λόγος,
2850 4219 3162 4290 οἰκονομίας
3189 4219 3355 4290 λόγῳ,
3384 4216 3620 4288 φυσικῆς
3651 4219 3808 4288 κινη-

570 4311 746 4366 solum
792 4307 941 4379 quod
973 4321 1141 4379 supra
1180 4313 1304 4372 nos;
1352 4305 1448 4362 sed
1475 4312 1531 4361 et
1573 4306 1626 4360 id
1672 4306 1819 4376 quod
1881 4315 2119 4362 nostrun

2241 4325 2378 4372 σεως
2408 4308 2557 4374 τάξει
2587 4310 2727 4363 κατὰ
2757 4309 3016 4379 ἀλήθειαν
3051 4311 3298 4382 φυσικῶς
3335 4310 3599 4380 γινόμενα
3621 4308 3637 4359 i
3655 4351 3671 4365 .

571 4410 673 4457 est.
717 4399 837 4457 Non
879 4399 1023 4457 enim
1094 4413 1219 4454 cum
1266 4405 1395 4454 ante
1453 4397 1635 4454 nostri
1677 4397 1877 4454 similis
1918 4398 2248 4467 exstitisset,
2315 4408 2506 4470 postea
2587 4402 2841 4472 superlor
2891 4404 3052 4460 nobis
3109 4405 3323 4460 evasit:
3387 4403 3483 4460 sed
3526 4417 3743 4471 semper
3776 4417 3811 4459 a

665 4533 712 4571 ’°
742 4533 910 4606 Cyril.
943 4534 1011 4590 ad
1042 4534 1342 4592 monachos
1373 4532 1540 4604 epist.
1564 4534 1619 4588 i.
1699 4533 1745 4567 ’⁷
1774 4533 1947 4606 Cyril.
1967 4535 2068 4595 lib.-
2099 4550 2118 4590 ι
2144 4535 2305 4592 Cont.
2347 4534 2498 4594 Nest.

1801 4649 2036 4704 VARUE-
2075 4650 2366 4708 LECTION
2374 4654 2480 4710 ES.

684 4750 706 4779 ε
753 4739 934 4813 Vrgel.
986 4753 1046 4813 et
1107 4757 1237 4813 mss.
1290 4741 1493 4813 aliijoi’;
1549 4760 1751 4813 φαμεν.

1854 4743 1882 4782 ἀ
1923 4748 2104 4815 Vegel.
2135 4750 2609 4822 _6ta66qu6qrat.

2729 4765 2752 4792 ο
2815 4753 2972 4820 Apud
3020 4752 3204 4824 Vogel.
3271 4754 3426 4809 deest
3462 4753 3537 4818 ὡς
3570 4758 3818 4826 ὲπηρεα-

580 4809 804 4898 ἔρεξςηηί
841 4808 1020 4898 chell-
1030 4811 1235 4898 [3391305
1255 4812 1365 4898 γὰρ
1386 4808 1572 4898 ﬁt“;
1608 4808 2110 4898 8"Vegel'i‘nufs“§pn
2135 4808 2263 4898 legit
2288 4808 2496 4886 etiam;
2524 4833 2578 4877 et
2611 4837 2708 4892 pro
2744 4808 2955 4893 νοῆσαι,
2993 4808 3173 4894 posuit
3195 4808 3482 4893 ἐννοῆσαι,
3518 4808 3584 4879 ut
3616 4808 3748 4898 Re'g.
3783 4827 3812 4881 1

583 4888 635 4935 ct
664 4877 817 4932 Colb.
846 4879 895 4932 1.
928 4877 933 4878 “
970 4878 996 4917 ιι
1029 4877 1185 4934 Deest
1205 4877 1697 4953 dei,'apud'Vegel.

1781 4886 1797 4924 ἱ
1822 4882 1894 4938 3.·
1919 4886 2062 4940 2950
2089 4882 2358 4960 ὑπῆρχον.

2096 4977 2329 5036 NOTAE.

653 5060 766 5131 (50)
797 5061 1192 5138 Χριστοτόκον
1217 5062 1304 5138 δέ.
1336 5068 1406 5138 (ξι
1428 5059 1837 5138 Ch_ri_s_tiparam.
1863 5065 1987 5122 Haec
2009 5085 2138 5138 vox,

582 5149 689 5204 qua
731 5133 920 5205 ambas
953 5139 1180 5188 naturas
1214 5132 1510 5205 signiﬁcari
1551 5133 1841 5190 Nestorius
1869 5132 2142 5205 praetexe;

581 5201 699 5267 bat,
729 5202 1014 5277 essutllata
1042 5212 1152 5265 est,
1184 5205 1332 5277 velut
1378 5201 1444 5277 ad
1476 5201 1918 5277 praestantiorem
1953 5209 2142 5277 aliam,

581 5283 639 5330 et
671 5271 1038 5341 antiquiorem
1071 5272 1872 5343 supprimendamexcogitata.

655 5343 768 5413 (Fit)
800 5341 1462 5414 ,Θεοφόρονξυεὶρενιιηι
1498 5341 1879 5414 Nazianzenus
1913 5355 2146 5404 testatur

582 5412 755 5485 epist,
787 5413 823 5485 Ξ
864 5414 932 5467 ad
977 5412 1202 5485 Cledon.
1259 5412 1656 5485 Apollinarium
1717 5428 1902 5485 vocem
1953 5415 2141 5485 θεοφό-

589 5481 680 5555 ρον
715 5482 984 5551 Deigerum
1006 5481 1427 5555 exclusisse—ult
1459 5481 1628 5555 Deum
1652 5483 1990 5555 σαρκοφόρον
2023 5481 2142 5540 car-

590 5549 827 5617 uigor-uni
857 5563 1148 5623 astrueret.
1193 5554 1428 5609 Basilius
1457 5549 1852 5623 Magnusflib.
1887 5549 1965 5608 De
1995 5556 2142 5623 Spir.

589 5628 760 5674 sanct.
798 5635 847 5672 c.
877 5623 930 5684 5,
972 5622 1128 5677 Hom.
1161 5624 1224 5676 de
1261 5624 1425 5675 natio.
1457 5627 1513 5674 et
1550 5621 1606 5673 in
1651 5623 1790 5688 psal.
1822 5637 1909 5686 Lv,
1941 5621 2145 5681 Christi

591 5699 813 5747 carnem
847 5689 1104 5762 Θεοφορον
1154 5691 1322 5763 dicit.
1363 5689 1634 5766 Cyrillus,
1688 5704 1812 5746 cum
1859 5692 2148 5757 Nestorius

2243 5073 2432 5133 Basilii
2477 5073 2860 5128 auctoritatem
2891 5074 3220 5139 obtendens,
3250 5075 3532 5130 Christum
3562 5091 3689 5134 esse
3719 5077 3825 5132 ho-

2241 5142 2776 5216 minem_l_)eig_erum
2817 5144 3162 5216 inclamaret.
3212 5147 3588 5216 nequidquam
3644 5147 3827 5203 τείνας

2242 5219 2410 5288 gaute
2448 5210 2831 5288 Theodoreto_._
2854 5218 3042 5288 anath.
3067 5215 3125 5288 2,
3158 5210 3573 5288 etdin'Dcl'éns,
3598 5220 3825 5288 negavit

2241 5281 2520 5356 Christum
2549 5283 2754 5356 debere
2781 5283 2890 5337 dici
2914 5284 3176 5356 θεοφόρον
3209 5285 3518 5356 ᾅνθρωπον,
3553 5281 3826 5342 hominem

2245 5352 2544 5421 Dcigerum.
2581 5351 2837 5406 Profecto
2876 5351 3033 5407 aliud
3067 5351 3152 5409 est
3193 5351 3401 5412 Christi
3435 5371 3661 5411 carnem
3701 5361 3829 5412 θεο-

2247 5423 2436 5500 φόρον,
2469 5429 2523 5475 et
2555 5422 2710 5500 aliud
2743 5423 3050 5500 Christum.
3076 5424 3667 5500 hominembeoeépov
3698 5444 3830 5500 pro.

2247 5490 2524 5546 nuntiare.
2555 5490 2740 5546 Primo
2768 5493 2929 5546 modo
2960 5493 3091 5547 unio
3115 5495 3455 5550 subslantiva
3485 5490 3675 5551 carnis
3699 5490 3827 5554 cum

2250 5561 2453 5614 deitate
2485 5575 2593 5613 non
2636 5563 2979 5635 excluditur;
3021 5573 3075 5617 at
3110 5565 3357 5620 secundo
3402 5581 3660 5635 personae
3704 5569 3832 5622 duae

2252 5637 2593 5690 statuuntur,
2627 5647 2726 5686 nec
2761 5631 2855 5685 Dei
2888 5632 3060 5690 Filius
3099 5649 3129 5688 a
3176 5631 3497 5692 sanctorum
3537 5636 3830 5698 hominum

2251 5698 2568 5757 conditione
2601 5701 2928 5761 secernitur.
