4072 6146
356 291 463 360 1033
1377 287 1476 349 DE
1513 287 1694 350 FIDE
1721 287 2185 350 ORTHODOXA
2221 289 2369 350 LIB.
2407 291 2523 352 III.
3431 296 3569 358 1034

356 413 504 482 primo
559 415 682 466 ortu
752 413 1050 479 utrumque
1113 405 1327 464 exstitit
1380 425 1394 461 :
1459 405 1718 476 quoniam
1763 421 1794 459 a
1849 405 2170 475 primordiis
2208 405 2594 476 conccptionis
2665 406 2719 461 in
2785 407 2905 478 ipso
2969 407 3150 465 Verbo
3204 410 3584 466 exsistentiam

356 506 536 563 habuit.
562 504 1020 573 Quocirca,quod
1074 510 1416 572 assumptum
1451 500 1554 556 fuit
1587 508 1782 572 suapte
1826 501 2045 570 quidem
2095 509 2293 556 natura
2322 501 2623 561 humanum
2663 511 2772 566 est,
2821 503 2918 556 Dei
2971 512 3154 558 autem
3230 512 3284 558 et
3334 504 3584 559 divinum

356 593 733 665 supernaturali
776 593 1014 662 quodam
1075 591 1260 647 modo.
1294 591 1438 656 Quin
1489 591 1742 646 animatae
1775 592 1993 661 quidem
2035 593 2221 647 carnis
2275 592 2642 661 proprietates
2691 593 2922 647 habuit:
2960 609 3056 649 eas
3095 595 3240 648 enim
3297 596 3586 666 dispensa-

355 686 494 746 tionis
541 699 658 739 suae
693 683 912 737 ratione
981 681 1220 736 Verbum
1287 681 1554 750 suscepit,
1588 695 1709 751 qua:
1737 680 2042 736 secundum
2087 681 2360 736 naturalis
2411 690 2591 736 motus
2648 681 2898 737 ordinem
2936 698 3064 738 vere
3117 684 3397 739 naturales
3433 693 3582 739 sunt.

819 774 1073 826 ΚΕΦᾹΛ.
1117 769 1192 823 II"
1235 769 1408 843 [NZ'].

563 865 708 934 Περὶ
746 863 1072 933 ἰδιωμάτων
1097 861 1217 915 τῶν
1257 862 1367 916 δύο
1395 863 1659 931 φύσεων.

409 958 617 1012 Τέλειον
655 957 714 1010 δὲ
759 954 893 1008 Θεὸν
933 953 1336 1023 ,ὁμολογοῦντες
1366 953 1458 1007 τὸν
1491 953 1652 1008 αὐτὸν
1697 951 1904 1024 Κύριον

353 1051 488 1123 ¹ἡμῶν
523 1048 736 1119 Ἰησοῦν
774 1045 1033 1116 Χριστὸν,
1067 1045 1162 1099 xui
1203 1045 1414 1098 τέλειον
1455 1045 1764 1115 ἄνθρωπον,
1803 1062 1908 1114 φα-

355 1143 437 1214 μὲν
457 1142 544 1196 τὸν
569 1141 732 1194 αὐτὸν
768 1139 946 1193 πάντα
981 1137 1130 1208 ἔχειν
1176 1137 1277 1190 ὅσα
1302 1139 1330 1190 6
1366 1137 1578 1206 Πατὴρ,
1623 1136 1762 1207 πλὴν
1807 1135 1910 1205 τῆς

352 1233 688 1304 ἁγεννησίας·
721 1231 816 1285 xui
841 1231 1019 1284 πάντα
1054 1228 1198 1299 ἔχειν
1219 1229 1321 1281 ὅσα
1352 1230 1380 1282 ὁ
1418 1227 1588 1298 Ἀδὰμ
1615 1231 1642 1282 ὁ
1669 1227 1906 1299 πρῶτος,

353 1327 457 1397 δίχα
500 1325 670 1394 μόνης
716 1324 816 1393 τῆς
869 1321 1178 1392 ἁμαρτίας·
1227 1321 1386 1374 ἅτινά
1438 1322 1554 1373 ἐστι
1614 1321 1772 1389 σῶμα
1815 1319 1911 1371 xui

352 1416 477 1488 ψυχὴ
503 1416 694 1486 λογική
729 1432 790 1468 τε
827 1415 922 1469 xui
948 1413 1117 1486 νοερὰ
1191 1413 1335 1482 ἔχειν
1364 1413 1421 1466 δὲ
1453 1413 1616 1467 αὐτὸν
1639 1413 1907 1482 καταλλή-

353 1507 444 1567 λως
476 1507 592 1567 ταῖς
621 1503 715 1557 δύο
748 1503 966 1571 φύσεσι,
997 1502 1163 1555 διπλᾶ
1200 1502 1268 1555 τὰ
1300 1501 1410 1554 τῶν
1440 1500 1534 1554 δύο
1560 1501 1776 1570 φύσεων
1807 1519 1910 1570 φυο

354 1597 503 1652 σικά’
551 1595 648 1650 δύο
679 1595 926 1666 θελήσεις
953 1592 1211 1663 φυσικὰς,
1251 1595 1350 1663 τήν
1389 1610 1448 1646 τε
1493 1593 1646 1646 Θείαν
1677 1594 1770 1646 xui
1812 1592 1912 1664 τὴν

353 1689 717 1760 ἀνθρωπίνην,
762 1689 858 1741 xui
901 1685 1184 1757 ἐνεργείας
1211 1685 1305 1739 δύο
1351 1687 1611 1755 φυσικὰς,
1661 1685 1810 1739 Θείαν
1853 1703 1912 1739 τε

351 1781 432 1836 καὶ
459 1779 830 1851 ἀνθρωπίνην,
871 1779 968 1831 xui
1001 1775 1329 1840 αὐτεξούσια
1370 1776 1466 1829 δύο
1505 1776 1734 1844 φυσικὰ,
1771 1775 1913 1828 θεῖόν

349 1891 400 1926 τε
427 1873 516 1926 xui
541 1870 906 1941 ἀνθρώπινον,
937 1869 1031 1922 xui
1056 1869 1251 1938 σοφίαν
1281 1886 1342 1922 τε
1384 1869 1480 1922 xui
1509 1868 1731 1936 γνῶσιν,
1765 1866 1915 1918 θείαν

351 1982 404 2018 τε
433 1963 524 2018 xui
552 1962 921 2034 ἀνθρωπίνην.
956 1961 1277 2027 Ὀμοούσιος
1303 1959 1412 2030 γὰρ
1450 1958 1525 2012 ὢν
1550 1959 1627 2028 τῷ
1659 1959 1780 2029 Θεῷ
1818 1960 1916 2012 xui

352 2057 550 2128 Iluvpi,
605 2053 971 2118 αὐτεξουσίως
1015 2051 1160 2106 θέλει
1214 2053 1306 2105 καὶ
1372 2052 1588 2122 ἐνεργεῖ
1636 2050 1710 2114 ὡς
1759 2050 1912 2114 Θεός.

361 2146 668 2218 ὀμοούσιος
707 2147 763 2199 δέ
810 2145 886 2198 ὢν
919 2145 1014 2198 xui
1049 2147 1202 2215 ἡμῖν,
1236 2143 1600 2210 αὐτεξουσίως
1636 2143 1784 2196 θέλει
1823 2143 1916 2197 καὶ

349 2240 557 2308 ἐνεργεῖ
595 2237 671 2298 ὼς
717 2236 1006 2306 ἄνθρωπος
1042 2237 1070 2288 6
1109 2235 1292 2298 αὐτός.
1323 2234 1498 2287 Αὐτοῦ
1527 2235 1635 2305 γὰρ
1673 2233 1744 2286 τὰ
1782 2233 1913 2286 θαύ-

351 2345 510 2398 ματα,
542 2325 710 2380 αὐτοῦ
736 2326 832 2378 καὶ
862 2325 930 2377 τὰ
957 2322 1279 2392 παθήματα.

2615 772 2772 827 CAP.
2817 773 2956 828 XIII.

2179 863 2258 918 De
2289 865 2567 917 ambarum
2610 874 2921 918 naturarum
2967 867 3402 935 proprietatibus.

2076 953 2210 1008 Duce
2234 955 2289 1007 in
2316 953 2528 1008 Christo
2555 954 2849 1009 voluntates
2877 963 2927 1009 et
2958 956 3306 1023 operatioues.
3331 985 3400 995 --
3419 953 3586 1011 Eum-

2007 1043 2128 1096 dem
2161 1058 2326 1112 porro
2353 1041 2650 1096 Dominum
2683 1052 2930 1098 nostrum
2969 1042 3155 1100 Jesum
3195 1044 3499 1108 Christum,
3534 1053 3588 1100 et

2011 1134 2317 1205 perlectum
2376 1135 2574 1200 Deum,
2617 1145 2672 1189 et
2716 1135 3020 1205 perfectum
3062 1136 3343 1191 hominem
3391 1136 3590 1206 praedi-

2009 1237 2216 1290 cantes,
2263 1228 2365 1281 hoc
2401 1226 2744 1296 proﬁtemur,
2779 1226 3032 1281 eumdem
3063 1237 3118 1281 et
3140 1228 3327 1281 omnia
3364 1229 3586 1291 habere,

2010 1333 2133 1388 quae
2163 1319 2326 1373 Pater
2365 1320 2549 1386 habet,
2608 1328 2835 1388 excepta
2873 1319 3104 1388 ingeniti
3132 1322 3506 1389 proprietate;
3536 1329 3591 1374 et

2011 1412 2196 1466 omnia
2255 1413 2406 1476 item,
2455 1428 2576 1483 qua;
2619 1413 2832 1484 primus
2871 1412 3076 1476 Adam;
3122 1423 3351 1483 excepto
3409 1413 3590 1466 solum

2013 1510 2279 1572 peccato,
2340 1502 2448 1557 hoc
2509 1509 2612 1568 est,
2665 1515 2873 1572 corpus
2904 1512 2959 1556 et
2990 1503 3232 1556 animam
3285 1501 3498 1556 ratione
3537 1509 3594 1556 et

2020 1595 2383 1664 intelligentia
2441 1594 2760 1664 praeditam:
2819 1594 2951 1664 quin
2987 1593 3193 1649 habere
3235 1596 3401 1650 etiam
3443 1609 3592 1657 eum,

2016 1687 2096 1741 uti
2165 1686 2380 1741 duabus
2441 1688 2656 1740 naturis
2705 1695 3137 1741 consentaneum
3189 1694 3297 1750 est,
3345 1685 3595 1755 duplices

2015 1761 2335 1832 naturarum
2394 1777 2629 1831 duarum
2686 1778 2968 1832 naturales
3038 1779 3443 1847 proprietates;
3490 1780 3594 1832 hoc

2015 1878 2119 1933 est,
2154 1870 2294 1924 duas
2331 1868 2612 1923 naturales
2643 1869 3016 1937 operationes,
3047 1869 3287 1923 divinam
3317 1878 3370 1924 et
3407 1869 3593 1924 huma-

2017 1975 2183 2027 nam;
2217 1959 2356 2014 duas
2413 1961 2700 2014 naturales
2743 1961 2960 2015 arbitrii
3012 1961 3316 2027 libertates,
3350 1961 3596 2017 divinam

2019 2061 2071 2107 et
2106 2053 2402 2105 humanam
2435 2071 2447 2105 :
2484 2066 2546 2105 ac
2575 2050 2814 2119 denique
2858 2051 3182 2121 sapientiam
3211 2060 3266 2106 et
3302 2053 3594 2107 scientiam

2019 2138 2316 2206 duplicem,
2356 2137 2598 2192 divinam
2637 2147 2692 2192 et
2737 2139 3057 2192 humanam.
3104 2137 3238 2193 Nam
3282 2154 3407 2193 cum
3448 2141 3599 2209 ejus-

2024 2229 2146 2284 dem
2195 2243 2258 2283 ac
2289 2229 2455 2284 Pater
2506 2230 2835 2284 substantia:
2880 2231 2977 2293 sit,
3029 2231 3200 2285 libere
3243 2234 3357 2286 vult
3399 2243 3454 2284 et
3483 2233 3598 2302 agit

2025 2331 2085 2376 ut
2114 2320 2304 2378 Deus:
2355 2337 2554 2378 rursus
2580 2338 2704 2376 cum
2752 2324 3244 2379 consubstantialis
3287 2326 3360 2381 sit
3406 2326 3588 2388 nobis,

350 2422 511 2476 libere
541 2421 672 2476 item
709 2421 824 2474 vult
848 2427 904 2474 et
933 2418 1067 2487 agit,
1092 2426 1150 2471 ut
1177 2418 1360 2470 homo.
1397 2414 1573 2485 Ipsius
1606 2416 1748 2470 enim
1785 2415 2049 2472 miracula
2080 2421 2230 2478 sunt,
2264 2414 2438 2484 ipsius
2471 2429 2691 2485 quoque
2725 2416 3031 2484 passiones.

833 2508 1084 2562 ΚΕΦΑΛ.
1130 2505 1205 2560 ιΔο
1244 2504 1425 2577 [NH’].

347 2601 484 2672 Περὶ
530 2602 892 2672 delapsi-mi»:
927 2603 1024 2655 καὶ
1073 2599 1488 2672 αὐτεξουσίωξ·
1541 2599 1647 2653 τοῦ
1698 2599 1918 2666 Κυρίου

769 2671 941 2742 ἡμῶν
991 2671 1193 2740 Ἰησοῦ
1220 2669 1498 2737 Χριστοῦ.

428 2764 646 2833 Ἐπειδὴ
680 2763 780 2834 μὲν
806 2760 900 2816 οὖν
931 2763 1026 2815 δύο
1052 2763 1243 2830 φύσεις
1279 2763 1374 2816 τοῦ
1413 2761 1674 2832 Χριστοῦ,
1705 2761 1797 2814 δύο
1822 2763 1922 2815 αὐ-

345 2858 438 2912 τοῦ
466 2857 560 2911 xui
597 2857 664 2910 τὰ
698 2856 903 2924 φυσικὰ
931 2854 1234 2924 θελήματα,
1271 2855 1364 2906 xui
1393 2854 1492 2914 τὰς
1515 2851 1749 2921 φυσικὰς
1774 2854 1922 2921 ὲνερ.

349 2951 502 3017 γείας
530 2948 731 3016 φαμέν.
767 2946 986 3014 Ἐπειδὴ
1015 2946 1071 2998 δὲ
1113 2945 1211 3014 μία
1239 2944 1346 2996 τῶν
1383 2944 1478 2996 δύο
1513 2943 1728 3012 φύσεων
1758 2943 1923 2996 αὐτοῦ

351 3041 386 3108 ὴ
423 3039 742 3102 ὑπόστασις,
773 3037 869 3089 ἕνα
901 3037 996 3089 xui
1031 3035 1122 3088 τὸν
1161 3036 1326 3088 αὐτόν
1374 3052 1552 3104 φαμεν
1600 3035 1822 3088 θέλοντά
1867 3053 1925 3088 τε

347 3131 442 3182 xui
472 3128 799 3200 ἐνεργοῦντα
839 3127 1084 3196 φυσικῶς
1123 3128 1244 3180 κατ’
1280 3128 1449 3195 ἄμφω
1497 3129 1596 3188 τὰς
1627 3126 1839 3195 φύσεις,
1869 3128 1928 3190 ἐξ

347 3214 447 3285 ὧν,
484 3221 576 3273 καὶ
609 3222 666 3272 ἐν
696 3215 804 3283 αἷς,
834 3219 931 3272 καὶ
961 3218 1101 3289 ἅπερ
1122 3218 1240 3271 ἐστὶ
1271 3218 1504 3287 Χριστὸς
1533 3221 1560 3270 6
1587 3219 1714 3279 Θεὸς
1747 3218 1921 3288 ἡμῶν·

347 3313 525 3368 θέλειν
557 3312 615 3366 δὲ
641 3312 734 3366 xui
765 3313 1029 3382 ἐνεργεῖν,
1059 3311 1119 3363 οὐ
1149 3311 1494 3381 διῃρημένως
1513 3350 1528 3375 ,
1563 3310 1678 3363 ἀλλ’
1709 3309 1924 3380 ἡνωμέ-

2546 2504 2708 2575 225
2738 2504 2892 2563 CAP.
2937 2507 3053 2560 xw

2024 2595 2102 2652 De
2136 2597 2347 2652 Domini
2398 2598 2567 2653 nostri
2617 2595 2748 2652 Iesu
2796 2599 2999 2653 Christi
3055 2599 3254 2669 duplici
3304 2601 3593 2667 voluntate,

2503 2669 2815 2738 arbitriique
2845 2669 3106 2722 libertate.

2101 2758 2356 2831 Totuplex
2381 2761 2624 2815 voluntas
2652 2771 2702 2816 et
2735 2771 2905 2826 actus,
2937 2761 3225 2830 quotuplex
3275 2763 3594 2817 substantia.

2026 2881 2098 2895 —
2126 2852 2398 2917 Quoniam
2428 2853 2593 2921 igitur
2625 2851 2746 2906 dua:
2767 2850 2975 2906 Christi
3001 2858 3227 2934 ’naturaa
3265 2864 3412 2917 sunt,
3463 2854 3600 2908 duas

2029 2945 2261 3014 proinde
2285 2943 2406 3012 ejus
2433 2944 2712 2999 naturales
2729 2944 3044 2998 voluntates
3072 2952 3125 2999 et
3150 2944 3287 3000 duas
3317 2945 3599 2999 naturales

2035 3036 2386 3104 operationes
2418 3035 2672 3089 dicimus.
2703 3035 2846 3100 Quia
2881 3051 3014 3090 vero
3033 3051 3140 3089 una
3170 3037 3400 3090 duarum
3437 3047 3600 3090 natu-

2027 3141 2214 3180 rarum
2267 3126 2442 3195 ipsius
2493 3137 2578 3182 est
2642 3127 2980 3198 hypostasis,
3028 3142 3199 3181 unum
3260 3129 3594 3181 et-eu:dem

2045 3231 2170 3271 esse
2216 3215 2452 3273 dicimus
2491 3219 2607 3287 qui,
2650 3209 2807 3286 juxta
2829 3235 2923 3274 eas
2956 3227 3204 3282 naturas,
3259 3235 3323 3272 ex
3377 3220 3598 3287 quibus,

2027 3316 2082 3362 et
2121 3309 2174 3362 in
2235 3308 2458 3377 quibus,
2491 3318 2545 3364 et
2593 3325 2713 3377 quae
2745 3321 2830 3365 est
2879 3309 3133 3365 Christus
3192 3308 3336 3364 Deus
3389 3318 3598 3372 noster,

347 3419 456 3465 νως
476 3418 490 3431 °
519 3399 662 3453 θέλει
694 3399 804 3471 γὰρ
832 3400 925 3452 xui
951 3401 1164 3470 ἐνεργεῖ
1207 3402 1264 3451 ὲν
1293 3399 1531 3470 ἑκατέρᾳ
1574 3402 1755 3470 μορφῇ
1790 3399 1920 3468 μετὰ

2032 3403 2358 3457 naturaliter
2397 3402 2528 3456 velit
2565 3409 2622 3456 et
2651 3410 2774 3471 agat
2803 3419 2818 3467 ;
2845 3415 2967 3455 eum
2997 3409 3177 3455 autem
3211 3401 3434 3469 insuper
3465 3401 3601 3455 velle

346 3496 449 3563 τῆς
473 3491 702 3562 θατέρου
728 3490 1032 3552 κοινωνίας,
1056 3483 1156 3542 Ὦν
1178 3489 1285 3560 γὰρ
1311 3491 1342 3560 ἡ
1375 3490 1532 3542 οὐσία
1552 3492 1584 3558 ἠ
1620 3491 1777 3557 αὐτὴ,
1805 3489 1926 3540 τού-

346 3598 459 3633 των
490 3581 583 3633 xui
613 3579 885 3650 ήθέλησις
914 3578 1008 3632 xui
1035 3579 1068 3648 ἡ
1100 3577 1349 3650 ἐνέργεια
1379 3579 1411 3648 ή
1446 3578 1582 3648 αὐτή
1602 3594 1615 3606 ·
1635 3571 1709 3630 ὧν
1731 3577 1787 3629 δὲ
1815 3577 1928 3629 διὰ-

347 3687 518 3742 φορος
549 3673 580 3740 ἡ
611 3671 788 3733 οὐσία,
819 3670 1026 3724 τούτων
1062 3669 1319 3738 διάφορος
1339 3669 1432 3720 xui
1465 3669 1498 3736 ἡ
1533 3666 1748 3737 θέλησις
1778 3666 1923 3736 καὶὴ

349 3762 633 3832 ἐνέργεια·
665 3762 760 3816 καὶ
787 3760 848 3813 τὸ
875 3761 1164 3824 ἀνάπαλιν,
1186 3753 1261 3812 ὧν
1287 3761 1318 3829 ἡ
1355 3758 1572 3827 θέλησις
1602 3758 1697 3810 xui
1726 3757 1930 3826 ήὲνέρ-

347 3869 477 3920 γεια
508 3855 540 3923 ὴ
567 3853 728 3922 αὐτὴ,
762 3852 966 3906 τούτων
997 3852 1089 3906 xui
1117 3853 1150 3921 ἡ
1171 3851 1328 3904 οὐσία
1352 3852 1384 3920 ὴ
1415 3850 1590 3920 αὐτή·
1625 3844 1700 3902 ὧν
1729 3849 1786 3902 δὲ
1810 3850 1927 3902 διά-

346 3960 521 4013 φορος
553 3945 586 4016 ἠ
613 3943 829 4015 θέλησις
855 3944 947 3997 xui
990 3945 1023 4013 ἠ
1053 3943 1324 4012 ἐνέργεια,
1357 3941 1561 3994 τούτων
1589 3941 1682 3994 xui
1715 3942 1746 4011 ὴ
1773 3941 1928 3993 οὐσία

345 4034 627 4105 διάφορος.

424 4306 516 4358 Διὸ
544 4305 609 4376 δὴ
641 4304 734 4357 ἐπὶ
773 4304 872 4372 μὲν
909 4303 1118 4374 Πατρὸς
1156 4304 1247 4355 καὶ
1285 4302 1415 4356 Υἱοῦ
1447 4304 1539 4356 καὶ
1571 4305 1727 4372 ἁγίου
1758 4307 1926 4360 Πνεύ-

347 4415 550 4467 ματος,
581 4399 646 4450 ἐκ
675 4399 774 4465 τῆς
802 4394 1127 4464 ταύτότητος
1155 4395 1254 4464 τῆς
1295 4411 1353 4446 τε
1383 4396 1664 4466 ἐνεργείας
1713 4401 1806 4452 καὶ
1831 4399 1926 4452 τοῦ

340 4491 683 4562 θελήματος,
723 4490 822 4559 τὴν
852 4486 1152 4556 ταυτότητα
1179 4487 1278 4555 τῆς
1314 4487 1529 4556 φύσεως
1569 4491 1928 4559 ἐπιγινώσκο-

344 4601 482 4652 μεν.
528 4582 650 4634 Ἐπὶ
673 4580 729 4632 δὲ
764 4580 861 4650 τῆς
889 4579 1038 4641 θείας
1067 4578 1398 4647 οἰκονομίας,
1440 4580 1504 4634 ἐκ
1537 4581 1638 4650 τῆς
1665 4583 1929 4654 διαφορᾶς

2027 3502 2079 3546 et
2106 3506 2286 3562 agere,
2315 3506 2424 3545 non
2443 3491 2648 3556 divise;
2666 3491 2760 3545 sed
2793 3491 3086 3556 coniuncte
3120 3491 3375 3546 dicimus.
3411 3508 3428 3540 ι
3473 3490 3602 3545 Vult

2027 3582 2172 3637 enim
2211 3592 2264 3637 et
2295 3583 2405 3652 agit
2437 3581 2492 3636 in
2521 3590 2752 3651 utraque
2794 3580 2990 3647 forma,
3044 3597 3168 3636 cum
3201 3582 3429 3638 alterius
3450 3597 3602 3638 com-

2029 3675 2286 3728 munione
2330 3674 2396 3727 “.
2437 3691 2456 3724 ι
2504 3672 2747 3736 Quorum
2769 3673 2914 3726 enim
2955 3673 3141 3728 eadem
3165 3676 3468 3730 substantia
3495 3685 3598 3740 est,

2027 3779 2217 3820 eorum
2266 3781 2485 3835 quoque
2515 3765 2706 3820 eadem
2749 3765 3002 3819 voluntas
3023 3775 3078 3820 et
3113 3769 3256 3821 actio
3284 3768 3354 3822 sit
3376 3784 3601 3825 necesse

2027 3864 2110 3911 est
2136 3870 2397 3924 :quorum
2417 3864 2595 3908 autem
2616 3855 2833 3908 diversa
2854 3863 2958 3917 est,
2984 3856 3177 3908 horum
3197 3857 3360 3910 etiam
3385 3857 3601 3914 diversa

2027 3947 2285 4002 voluntas
2331 3955 2385 4001 et
2427 3945 2571 4000 actio
2598 3947 2690 4010 sit,
2739 3953 2951 4014 oportet
2969 3946 3034 3999 ’9.
3056 3943 3121 3997 Et
3153 3955 3343 4000 contra
3367 3962 3598 4015 quorum

2029 4041 2283 4095 voluntas
2312 4047 2366 4094 et
2396 4039 2539 4093 actio
2561 4037 2748 4094 eadem
2781 4047 2882 4104 est,
2918 4053 3108 4093 eorum
3166 4039 3356 4093 eadem
3386 4054 3600 4107 quoque

2030 4130 2501 4196 substantia,est:
2539 4143 2776 4199 quorum
2810 4141 2990 4182 autem
3023 4128 3212 4196 dispar
3262 4127 3518 4181 voluntas
3546 4135 3600 4181 et

2031 4223 2193 4287 actio,
2250 4222 2445 4277 horum
2508 4223 2670 4276 etiam
2707 4221 2895 4289 diSpar
2941 4229 3026 4274 est
3077 4219 3406 4272 substantia.

2101 4312 2371 4379 Quocirca
2408 4315 2423 4343 ¹
2465 4313 2518 4364 in
2552 4311 2709 4365 Patre
2733 4310 2956 4378 quidem
3009 4316 3063 4361 et
3094 4306 3252 4372 Filio,
3289 4317 3341 4362 et
3393 4309 3600 4377 Spiritu

2030 4413 2241 4468 sancto,
2266 4403 2396 4472 quia
2428 4403 2615 4456 eadem
2651 4402 2905 4454 voluntas
2935 4406 3096 4467 atque
3119 4398 3262 4452 actio
3315 4408 3421 4465 est,
3451 4415 3603 4454 eam-

2028 4497 2149 4551 dem
2175 4509 2392 4564 quoque
2424 4500 2677 4546 naturam
2717 4506 2843 4545 esse
2880 4491 3255 4558 agnoscimus.
3291 4492 3360 4544 At
3414 4492 3469 4544 in
3517 4491 3601 4544 di-

2027 4589 2154 4642 vina
2191 4586 2567 4639 incarnatione
2591 4599 2655 4636 ex
2689 4583 2965 4636 actionum
2999 4589 3053 4635 et
3096 4582 3436 4637 voluntatum
3483 4584 3599 4640 dis-

340 4674 464 4727 τῶν
492 4672 802 4744 ἐνεργειῶν,
829 4671 922 4724 xui
954 4669 1060 4723 τῶν
1084 4669 1208 4739 θελη
1219 4669 1424 4738 μάτων,
1452 4671 1543 4723 xui
1566 4673 1661 4744 τὴν
1695 4675 1802 4726 τῶν
1827 4675 1920 4744 eo.

2030 4677 2262 4732 crimine
2291 4685 2612 4728 naturarum
2641 4687 2859 4742 quoque
2891 4671 3189 4726 discrimen
3224 4675 3594 4741 agnoscimus,

337 4785 496 4820 οεων
528 4764 792 4834 διαφορὰν
840 4761 1292 4831 ὲπιγινὼσκομεν,
1325 4762 1422 4815 καὶ
1445 4764 1544 4834 τὴν
1565 4765 1672 4818 τῶν
1709 4765 1926 4834 φύσεων

333 4856 618 4924 διαφορὰν
648 4854 850 4916 εἰδότες
882 4850 1374 4922 συνομολογοῦμεν,
1413 4853 1507 4904 xui
1545 4854 1604 4906 τὸ
1629 4854 1737 4907 τῶν
1772 4856 1925 4927 Osin-

338 4946 547 5015 μάτων
582 4943 678 4997 καὶ
711 4941 998 5013 ἐνεργειῶν
1028 4941 1300 5010 διάφορον.
1334 4941 1546 5013 Ὥσπερ
1577 4945 1683 5015 γὰρ
1704 4946 1810 5000 τῶν
1834 4947 1926 5000 τοῦ

333 5035 524 5087 αὐτοῦ
553 5035 647 5088 xui
680 5035 794 5098 ἐνὸς
826 5031 1061 5104 Χριστοῦ
1110 5031 1324 5101 φύσεων
1353 5034 1380 5085 6
1409 5035 1659 5104 ἀριθμὸς,
1688 5038 1929 5102 εὐσεϐῶς

329 5128 643 5198 νοούμενός
670 5144 729 5179 τε
779 5126 873 5180 xui
892 5125 1204 5194 λεγόμενος,
1239 5125 1299 5176 οὐ
1326 5123 1524 5195 διαιρεῖ
1549 5127 1641 5180 τὸν
1665 5127 1759 5181 ἕνα
1794 5131 1928 5201 Χρι·

428 5243 638 5320 ’_‘_Lco,
680 5242 839 5312 epist.
898 5240 986 5305 It),
1049 5238 1116 5293 ad
1165 5237 1408 5292 Flavian.
1485 5243 1528 5272 ⁹⁹
1561 5242 1703 5298 Max.
1758 5243 1910 5314 Disp.
1974 5263 2092 5301 eum
2143 5247 2352 5317 Pyrrho
2398 5258 2519 5318 post
2556 5249 2722 5305 Basil.
2755 5250 2914 5320 epist.
2947 5247 3034 5302 80.

325 5330 391 5370 c.
435 5315 530 5368 22.

2031 4783 2096 4823 ac
2121 4777 2443 4822 naturarum
2475 4764 2770 4818 discrimen
2804 4763 3146 4831 exploratum
3190 4761 3474 4826 habentes,
3508 4778 3600 4817 vo-

2027 4859 2301 4912 luntatum
2327 4858 2488 4911 etiam
2530 4863 2583 4909 et
2609 4855 2885 4908 actionum
2929 4853 3228 4908 discrimen
3248 4855 3597 4908 conﬁtemur.

2030 4947 2501 5015 Quemadmodum
2527 4948 2674 5002 enim
2707 4947 2871 5001 unius
2919 4955 2972 5000 et
2997 4945 3238 5014 ejusdem
3268 4945 3471 5009 CJiristi
3500 4960 3598 4999 na-

2029 5050 2582 5100 turarumnumerus,
2619 5039 2664 5092 si
2700 5041 2786 5108 pie
2826 5038 3160 5106 intelligatur
3178 5046 3231 5091 et
3255 5036 3595 5106 praedicetur,

2030 5145 2201 5184 unum
2237 5129 2515 5185 Christum
2550 5144 2895 5198 nequaquam
2934 5128 3168 5194 dividit;
3226 5143 3412 5182 verum
3447 5125 3599 5178 inco-

3127 5245 3144 5274 ¹
3176 5242 3352 5309 Supra
3397 5238 3490 5291 lib.
3531 5251 3594 5301 11,

1699 5424 1935 5481 νΑῐιιίΕ
1977 5426 2381 5486 LECTIONES.

426 5553 444 5592 ι
483 5540 614 5595 Cod.
648 5538 702 5592 S.
741 5537 845 5591 IIil.
879 5535 1106 5608 cpuatxdt,
1137 5533 1210 5608 ita
1340 5532 1554 5608 I986_e_t
1583 5533 1647 5588 N.
1679 5533 1807 5592 Post
1830 5541 2091 5608 γινόμενα
2141 5540 2358 5593 additur
2419 5540 2470 5592 in
2524 5539 2656 5608 Reg.
2715 5537 2870 5608 9523
2917 5537 3072 5602 longa
3133 5532 3403 5608 περικοπή
3476 5548 3600 5608 quae

316 5612 640 5680 desumpta
677 5620 853 5680 estex
885 5601 1006 5673 cap.
1034 5605 1137 5680 9t,_
1163 5604 1233 5656 ab
1262 5605 1356 5680 his
1387 5601 1934 5680 νθιυρὶδηγεγέννηται
1953 5601 2138 5666 ’τοίνυν
2193 5625 2367 5679 usque
2390 5610 2453 5664 ad
2489 5609 2565 5678 μὴ
2589 5601 2942 5678 παραελάψαι
2985 5601 3291 5674 σήμαντρα.
3318 5601 3602 5670 Ejusmodi

317 5672 880 5749 Interpolalionihus
919 5672 1094 5729 scatet
1126 5673 1228 5725 iste
1260 5673 1427 5726 codex
1478 5672 1700 5743 Regius.

679 5775 946 5832 Parnm.
991 5767 1108 5826 Gn.
1153 5765 1361 5824 XCIV.

3043 5761 3114 5820 33
