4072 6146
491 252 632 320 1035

1681 245 1741 305 S.
1777 243 2096 305 JOANNIS
2133 241 2563 314 DAMASCENI

3611 240 3751 310 1036

491 365 695 420 lumem
740 360 902 416 etiam
938 357 992 412 in
1025 355 1229 410 unione
1267 353 1625 410 diﬂ‘erentiam
1663 355 1909 411 ostendit
1944 355 2059 409 :ita

2165 356 2306 419 στὸν,
2335 355 2469 408 ἀλλὰ
2512 351 2849 423 σωζομένην,
2884 352 2978 407 καὶ
3023 353 3078 407 ἐν
3109 353 3174 424 τῇ
3211 353 3402 408 ένώσει
3441 355 3747 427 παρίστησι

488 469 679 510 earum
700 452 1040 506 voluntatum
1071 454 1126 502 et
1156 446 1434 501 actionum
1463 461 1752 511 numerus,
1778 461 1902 517 qua:
1926 446 2060 501 sul)-

490 543 827 601 stantialiter
883 539 1020 608 ipsis
1069 537 1285 592 naturis
1321 537 1660 591 conveniunt
1690 536 1934 606 (etenim
1969 551 2059 591 se-

488 636 727 690 cundum
765 639 1054 700 utramque
1107 639 1358 684 naturam
1405 630 1479 682 ita
1535 637 1885 699 comparatus
1944 634 2091 682 erat-

487 736 546 780 ut
581 726 740 780 vellet
775 731 831 778 et
862 730 1184 792 operaretur
1216 721 1258 793 ),
1291 721 1618 776 divisionem
1687 735 1797 775 non
1851 719 2063 774 inducit

487 816 774 886 (absit),
804 814 896 870 scd
943 828 1139 869 earum
1199 812 1465 866 duntaxat
1520 813 1684 867 etiam
1741 813 1796 866 in
1861 813 2062 866 unione

485 908 956 964 conservationem
990 913 1043 961 et
1067 905 1500 960 incolumitatem
1535 904 1741 974 prodit.
1773 901 2061 959 Naturales

485 1001 754 1071 siquidem
809 1015 950 1064 esse,
1020 1013 1084 1052 ac
1132 1013 1239 1052 non
1294 998 1634 1068 personales,
1659 997 1966 1051 voluntates
2008 1003 2061 1050 et

483 1092 726 1145 actiones
768 1088 1047 1154 dicimus;
1079 1089 1182 1142 hoc
1224 1097 1309 1143 est
1364 1088 1473 1142 vim
1525 1088 1698 1157 ipsam
1758 1087 1974 1141 volendi
2008 1093 2062 1142 et

482 1182 699 1250 agendi,
732 1195 828 1249 per
855 1194 1019 1248 quam
1051 1179 1240 1233 volnnt
1272 1188 1327 1232 et
1389 1186 1578 1249 agunt.
1610 1178 1664 1232 Si
1687 1179 1830 1232 enim
1872 1193 2060 1247 perso-

385 1261 395 1284 "
481 1269 640 1323 nales
703 1282 825 1323 esse
877 1267 1333 1330 concesserimus,
1389 1275 1496 1319 tres
1545 1275 1748 1320 sanctae
1775 1265 2061 1320 Trinitatis

383 1351 401 1421 ’ξ
481 1374 746 1430 personas
773 1358 1003 1412 diversa:
1034 1358 1173 1411 inter
1197 1373 1256 1412 se
1278 1357 1576 1412 voluntatis
1631 1364 1795 1425 atque
1826 1356 2062 1411 actionis

479 1452 800 1507 necessario
831 1450 1102 1505 dicemus.

444 1547 451 1576 ’·
554 1542 622 1596 Ut
644 1543 884 1597 voluntas
933 1549 982 1596 et
1011 1540 1172 1605 actio,
1211 1547 1420 1593 natura
1454 1556 1472 1603 ;
1512 1539 1589 1591 sic
1644 1537 1769 1591 talis
1814 1537 2059 1591 voluntas

479 1643 635 1705 atque
681 1634 840 1700 actio,
885 1647 1144 1700 personae.
1175 1660 1245 1670 ——
1269 1629 1566 1685 Sciendum
1602 1629 1748 1683 enim
1775 1630 1918 1692 est“,
1949 1643 2056 1682 non

479 1702 621 1780 idem
656 1739 780 1780 esse
793 1723 950 1792 velle,
979 1729 1142 1792 atque
1184 1721 1286 1776 hoc
1309 1721 1392 1775 vel
1415 1719 1510 1774 illo
1538 1719 1703 1773 modo
1727 1719 1886 1774 velle.
1906 1716 2058 1773 Velle
2093 1702 2130 1755 Β

477 1819 746 1890 siquidem
781 1824 993 1873 natura:
1027 1823 1132 1881 est,
1162 1821 1222 1869 ut
1274 1822 1328 1869 et
1374 1812 1578 1867 videre.
1614 1810 1881 1865 Omnibus
1909 1809 2054 1863 enim

478 1910 793 1964 hominibus
823 1908 928 1962 hoc
955 1909 1236 1962 convenit.
1278 1907 1347 1961 At
1382 1911 1535 1958 certo
1561 1903 1726 1957 modo
1754 1901 1911 1966 velle,
1945 1915 2052 1954 non

477 2008 688 2054 natura:
714 2007 817 2062 est,
859 1997 953 2052 sed
982 1995 1155 2051 nostri
1185 1994 1404 2049 consilii
1430 2001 1484 2048 et
1522 1992 1836 2049 sententiae:
1872 2005 2056 2060 quem-

477 2088 771 2143 admodum
799 2094 853 2142 et
878 2095 1030 2141 certo
1064 2085 1228 2140 modo
1272 2085 1477 2147 videre,
1513 2085 1618 2139 hoc
1676 2091 1758 2137 est
1810 2083 1944 2136 bene
1968 2083 2054 2134 vel

476 2181 642 2236 male.
693 2179 811 2233 Non
843 2179 987 2233 enim
1021 2192 1211 2232 omnes
1251 2176 1501 2230 homines
1551 2175 1741 2229 eodem
1772 2173 1935 2228 modo
1961 2187 2053 2227 vo-

477 2275 621 2340 lunt,
654 2288 832 2343 neque
861 2271 1052 2326 eodem
1094 2270 1256 2324 modo
1278 2269 1484 2323 vident.
1519 2265 1632 2322 Hoc
1665 2273 1848 2320 autem
1893 2264 2053 2318 etiam

475 2366 533 2422 in
564 2365 872 2425 actionibus
901 2362 1286 2418 concedemus.
1323 2359 1456 2414 Nam
1505 2367 1656 2413 certo
1701 2356 1862 2412 modo
1894 2356 2054 2418 velle,

474 2467 627 2515 certo
671 2460 836 2521 modo
887 2459 1092 2526 videre,
1133 2467 1286 2514 certo
1328 2456 1492 2511 modo
1522 2470 1701 2527 agere,
1725 2454 1920 2509 modus
1950 2460 2031 2506 est

2162 448 2271 500 τῶν
2302 446 2514 514 φύσεων
2544 445 2642 516 τὴν
2669 445 2956 516 διαφορὰν,
2983 444 3126 499 οὕτω
3157 448 3251 498 καὶ
3283 449 3312 501 6
3359 448 3594 518 ἀριθμὸς
3638 449 3748 502 τῶν

2161 536 2438 601 οὐσιωδῶς
2471 537 2781 606 προσόντων
2814 539 2933 599 ταῖς
2980 536 3144 590 αὐτοῦ
3193 538 3389 606 φύσεσι
3425 539 3749 611 θελημάτων

2162 631 2258 684 καὶ
2285 629 2582 700 ἐνεργειῶν
2605 647 2617 660 ·
2649 631 2771 683 κατ’
2801 631 2970 698 ἄμφω
2990 629 3096 700 γὰρ
3126 629 3226 693 τὰς
3253 631 3442 699 φύσεις
3466 632 3752 704 θελητικὸς

2161 717 2252 793 ἦν,
2280 720 2374 774 καὶ
2394 722 2744 791 ἐνεργητικὸς
2785 721 2884 790 τῆς
2907 721 3066 791 ἡμῶν
3106 723 3382 793 σωτηρίας
3403 741 3417 755 ’
3449 727 3509 778 οὑ
3539 726 3748 798 διαίρε-

2165 830 2250 866 σιν
2279 812 2491 881 εἰσάγει
2511 830 2524 843 ·
2569 811 2645 882 μὴ
2674 812 2884 880 γένοιτο
2904 829 2917 842 ·
2951 811 3089 865 ἀλλὰ
3117 813 3215 884 τὴν
3245 815 3424 868 αὐτῶν
3458 816 3624 888 δηλοῖ,
3652 821 3750 873 καὶ

2166 907 2346 974 μόνον,
2380 905 2484 957 κᾶν
2510 907 2575 974 τῇ
2611 903 2821 963 ἐνώσει,
2854 903 3104 972 φυλακὴν
3134 905 3229 955 καὶ
3249 906 3544 976 σωτηρίαν.
3585 909 3748 962 Φυσι-

2163 996 2235 1049 κὰ
2261 996 2392 1065 γὰρ,
2428 995 2522 1048 καὶ
2550 995 2648 1064 οὑχ
2678 994 3015 1047 ὑποστατικά
3042 1011 3220 1064 φαμεν
3245 995 3311 1050 τὰ
3352 993 3634 1068 θελήματα
3655 1001 3747 1053 καὶ

2162 1087 2260 1149 τὰς
2305 1086 2606 1156 ἐνεργείας.
2651 1084 2812 1153 Λέγω
2844 1086 2900 1138 δὲ
2953 1087 3126 1157 αὐτὴν
3184 1087 3280 1157 τὴν
3317 1088 3609 1160 θελητικὴν
3650 1092 3746 1144 καὶ

2163 1175 2521 1248 ἐνεργητικὴν
2541 1175 2788 1246 δύναμιν,
2813 1177 2935 1229 καθ’
2961 1178 3026 1248 ἣν
3048 1177 3191 1231 θέλει
3221 1179 3315 1231 καὶ
3339 1181 3556 1249 ἐνεργεῖ
3582 1182 3652 1236 τά
3683 1200 3745 1236 τε

2163 1267 2384 1320 θέλοντα
2410 1268 2508 1320 καὶ
2546 1268 2895 1338 ἐνεργοῦντα.
2933 1269 2996 1322 Εἰ
3048 1270 3157 1340 γὰρ
3194 1272 3532 1324 ὑποστατικὰ
3562 1273 3745 1341 δῶμεν

2162 1356 2318 1420 αὐτὰ,
2351 1357 2683 1427 ἐτεροθελεῖς
2727 1358 2820 1410 καὶ
2859 1359 3260 1428 ἐτεροενεργεῖς
3292 1359 3392 1423 τὰς
3427 1363 3573 1430 τρεῖς
3603 1363 3743 1416 ὑπο-

2165 1449 2381 1511 στάσεις
2409 1449 2510 1518 τῆς
2534 1450 2695 1517 ἁγίας
2722 1449 2950 1518 Τριάδος
2981 1452 3157 1503 εἰπεῖν
3187 1453 3739 1524 ἀναγκασθησόμεθα.

2248 1542 2444 1596 Ἰστὲον
2485 1543 2595 1612 γὰρ
2633 1543 2707 1604 ὡς
2755 1542 2816 1593 οὐ
2871 1542 3067 1595 ταύτόν
3108 1543 3245 1607 ἐστι,
3277 1542 3469 1609 θέλειν,
3494 1546 3589 1598 καὶ
3620 1545 3742 1608 πῶς

2163 1633 2362 1688 θέλειν·
2414 1634 2475 1687 τὸ
2523 1635 2623 1704 μὲν
2669 1634 2780 1704 γὰρ
2810 1633 3007 1698 θέλειν,
3041 1633 3274 1703 φύσεως,
3322 1633 3508 1705 ῶσπερ
3555 1635 3648 1688 xai.
3679 1636 3747 1688 τὸ

2159 1729 2292 1799 όρᾷν
2311 1745 2325 1758 ο
2356 1729 2490 1781 πᾶσι
2537 1727 2647 1798 γὰρ
2675 1725 2982 1797 ἀνθρώποις
3015 1727 3308 1797 πρόσεστιο
3335 1728 3394 1780 τὸ
3426 1727 3482 1779 δὲ
3509 1728 3627 1790 πῶς
3657 1726 3748 1780 θέ-

2161 1814 2292 1878 λειν,
2322 1815 2384 1868 ού
2421 1815 2657 1884 φύσεως,
2691 1814 2826 1868 ἀλλὰ
2847 1815 2946 1884 τῆς
2975 1815 3256 1886 ἡμετέρας
3283 1819 3532 1886 γνώμης,
3555 1815 3746 1886 ῶσπερ

2161 1904 2256 1960 καὶ
2299 1905 2362 1957 τὸ
2408 1903 2524 1966 πῶς
2577 1905 2732 1975 ὁρᾷν,
2765 1903 2946 1967 καλῶς
2979 1904 3012 1974 ἢ
3042 1904 3247 1968 κακῶς.
3300 1905 3375 1957 Οὐ
3407 1906 3517 1976 γὰρ
3545 1906 3746 1970 πάντες

2159 1995 2437 2067 ἄνθρωποι
2462 1995 2662 2065 ὁμοίως
2692 1995 2965 2058 θέλουσιν,
2997 1995 3104 2048 οὐδ’
3126 1995 3326 2066 ὁμοίως
3359 1997 3549 2066 ὁρῶσι.
3573 1997 3745 2051 Τοῦτο

2159 2087 2217 2141 δὲ
2243 2089 2336 2141 καὶ
2361 2087 2452 2139 ἐπὶ
2477 2087 2583 2140 τῶν
2611 2086 2902 2156 ἐνεργειῶν
2939 2085 3203 2157 δώσομεν.
3244 2086 3317 2139 Τὸ
3348 2086 3458 2157 γὰρ
3505 2087 3624 2151 πῶς
3654 2087 3744 2140 θέ-

2159 2176 2295 2234 λειν.
2331 2175 2449 2239 πῶς
2485 2177 2638 2246 ὁρᾷν,
2667 2175 2699 2246 ἢ
2730 2177 2757 2213 Ιί
2792 2174 2909 2238 πῶς
2953 2177 3214 2246 ἐνεργεῖν,
3263 2176 3462 2246 τρόπος
3503 2176 3616 2230 ἐστὶ
3636 2179 3735 2246 τῆς

2160 2267 2254 2320 τοῦ
2307 2267 2500 2329 θέλειν,
2553 2268 2646 2320 καὶ
2681 2267 2834 2337 ὁρᾷν,
2887 2267 2982 2319 καὶ
3007 2267 3252 2336 ἐνεργεῖν
3283 2269 3544 2338 χρήσεως,
3582 2270 3730 2339 μόνῳ

2160 2356 2239 2427 τῷ
2273 2357 2598 2428 κεχρημένῳ
2643 2355 2881 2428 προσῶν,
2929 2359 3023 2410 καὶ
3060 2357 3168 2410 τῶν
3197 2358 3372 2412 ἄλλων
3403 2357 3558 2411 αὑτὸν
3586 2359 3736 2413 κατὰ

2160 2450 2261 2519 τὴν
2287 2448 2482 2512 κοινῶς
2510 2449 2810 2519 λεγομένην
2833 2448 3095 2518 διαφορὰν
3127 2448 3400 2520 χωρίζων.

476 2569 589 2625 quo
615 2557 741 2624 quis
771 2555 1058 2610 voluntate
1079 2554 1271 2618 utitur,
1297 2567 1508 2608 necnon
1535 2550 1754 2606 videndi
1777 2557 1943 2618 atque
1966 2543 2159 2616 agendi
2189 2542 2472 2610 facultate,
2501 2558 2622 2614 quae
2644 2544 2744 2599 soli
2772 2543 2944 2598 utenti
2965 2542 3140 2610 adest,
3171 2557 3407 2615 eumque
3437 2543 3738 2600 secundum

475 2647 742 2702 rationem
762 2645 1079 2701 diﬂ'erentiae
1103 2644 1465 2698 communiter
1480 2643 1640 2698 dicta:
1663 2641 1730 2694 ab
1758 2639 1878 2694 aliis
1903 2635 2162 2691 secernit.

548 2736 712 2806 226
749 2735 1000 2805 Θέλησις,
1032 2733 1266 2804 Θελητὸν
1292 2773 1305 2798 ,
1359 2731 1674 2802 Θελητικὸν,
1733 2728 1934 2781 Θέλων.
1979 2755 2048 2766 -

473 2805 862 2895 ῙιιιᾳυείνειΙε
918 2824 1280 2896 simpliciter,
1340 2824 1596 2879 voluntas
1653 2821 1876 2884 dicitur,
1937 2819 2053 2874 sive

2157 2809 2410 2879 θελητικὴ
2465 2806 2714 2877 δύναμις,
2756 2808 2950 2880 λογικὴ
2981 2805 3118 2862 οὖσα
3161 2807 3341 2879 ὄρεξις
3373 2809 3469 2861 καὶ⁸
3521 2809 3735 2880 θέλημα

472 2917 709 2971 facultas
740 2915 959 2970 volendi
1009 2930 1127 2985 qua;
1157 2923 1242 2971 est
1289 2915 1563 2984 appetitus
1602 2911 1970 2972 rationabilis,
1999 2916 2054 2965 et

2157 2899 2412 2969 φυσικόν⁸
2443 2899 2505 2952 τὸ
2536 2898 2594 2951 δὲ
2622 2899 2740 2961 πῶς
2765 2899 2962 2965 θέλειν,
2997 2901 3118 2971 ἦτοι
3163 2900 3223 2952 τὸ
3242 2902 3309 2970 τῇ
3346 2899 3564 2971 θελήσει
3597 2903 3734 2955 ὑπο-

471 3009 724 3064 volultas
757 3007 1067 3061 naturalis:
1115 3013 1172 3060 at
1203 3014 1357 3060 certo
1417 3005 1623 3074 talique
1674 3002 1837 3059 modo
1887 3001 2046 3067 velle,

2157 2990 2425 3060 κείμενον,
2455 2988 2698 3060 θελητὸν,
2730 2990 2822 3043 καὶ
2853 2990 3065 3061 θέλημα
3108 2991 3385 3060 γνωμικόν
3409 3007 3423 3022 ·
3449 2991 3738 3063 θελητικὸν

2221 2719 2454 2787 Λέγεται
2485 2711 2576 2770 οὖν
2603 2716 2662 2770 τὸ
2705 2717 2803 2788 μὲν
2832 2697 3021 2781 ἁπλῶς
3051 2717 3245 2783 θέλειν,
3283 2717 3522 2790 θέλησις,
3549 2720 3664 2790 ἦτοι
3699 2721 3735 2791 ἡ

470 3099 588 3158 sive
614 3097 759 3168 quod
785 3103 872 3152 est
894 3096 1164 3151 voluntati
1188 3095 1518 3165 subjectum,
1545 3110 1634 3149 res
1656 3094 1749 3147 illa
1771 3099 1856 3147 est
1883 3106 2045 3161 quam

2157 3081 2204 3134 5έ
2238 3083 2392 3147 ἐστι,
2430 3081 2492 3134 τὸ
2539 3080 2784 3149 πεφυκὸς
2831 3080 3042 3135 θέλειν⁶
3065 3076 3178 3137 οἷον
3208 3082 3465 3154 θελητική
3496 3084 3647 3137 ἐστιν
3694 3087 3734 3155 ἡ

468 3191 746 3255 volumus,
809 3197 865 3244 et
912 3189 1171 3244 voluntas
1223 3187 1461 3242 arbitrii.
1498 3183 1835 3255 Θελητικὸν³
1865 3189 2046 3238 autem

471 3282 608 3336 illud
645 3289 753 3346 est,
791 3280 883 3336 cui
914 3295 944 3334 a
995 3288 1196 3334 natura
1223 3279 1367 3333 inest
1392 3279 1474 3334 vis
1519 3275 1735 3331 volendi
1771 3282 1872 3330 :ut
1917 3280 2046 3343 puta

473 3381 674 3428 natura
703 3373 888 3426 divina
917 3372 1024 3426 vim
1047 3371 1212 3426 habet
1239 3369 1478 3436 volendi,
1510 3369 1750 3436 itemque
1783 3365 2044 3420 humana.

427 3521 430 3526 .
473 3466 684 3520 Voleus
735 3464 973 3535 denique
1031 3475 1138 3531 est,
1183 3463 1280 3535 qui
1325 3462 1610 3517 voluntate
1667 3459 1864 3522 utitur,
1931 3455 2047 3511 sive

474 3570 735 3626 persona,
767 3563 826 3610 ut
852 3555 1070 3610 Petrus.

561 3646 814 3703 Voluntas
857 3649 912 3702 in
936 3647 1150 3704 Christo
1177 3647 1392 3718 duplex,
1443 3643 1720 3716 γνωμικὸν
1765 3657 1949 3697 unum.
1974 3668 2047 3681 -ο

471 3739 743 3807 Quoniam
774 3739 939 3810 igitur
964 3738 1146 3796 "unus
1178 3734 1888 3807 Christus,unaqueitidem
1928 3733 2047 3800 ejus

471 3845 708 3899 persona
735 3838 839 3895 est,
885 3846 1031 3886 unus
1075 3831 1240 3885 etiam
1281 3829 1512 3900 proinde
1565 3835 1650 3882 est
1689 3826 1900 3888 volens,
1933 3829 2042 3875 tam

471 3924 658 3980 divina
688 3940 850 3996 quam
879 3925 1120 3979 humana
1168 3925 1402 3978 ratione.
1449 3921 1687 3984 Rursus,
1746 3920 1874 3989 quia
1907 3917 2044 3971 duas

472 4027 702 4074 naturas
743 4017 964 4073 volendi
993 4016 1254 4071 facultate
1307 4013 1562 4084 praeditas
1615 4013 1803 4076 habet,
1857 4017 2045 4077 utpote

473 4110 814 4179 rationales(
853 4107 1118 4179 quidquid
1149 4107 1291 4160 enim
1311 4105 1578 4160 rationale
1603 4112 1707 4166 est,
1744 4103 1876 4157 illud
1909 4115 2044 4171 quo-

2147 3171 2267 3225 θεία
2313 3169 2494 3238 φύσις,
2530 3170 2792 3234 ὡσαύτως
2847 3173 2941 3226 καὶ
2997 3173 3030 3243 ὴ
3077 3172 3387 3243 ἀνθρωπίνη
3419 3190 3432 3203 ο
3468 3173 3642 3226 Θέλων
3667 3173 3735 3227 δέ

2146 3259 2293 3312 ἐστιν
2325 3261 2353 3311 6
2395 3259 2737 3330 κεχρημένος
2771 3262 2838 3332 τῇ
2889 3259 3125 3332 θελήσει,
3165 3261 3280 3332 ἤτοι
3329 3262 3359 3330 ὴ
3397 3259 3734 3328 ὑπόστασις,

2146 3344 2258 3404 οἷον
2290 3353 2318 3404 6
2354 3351 2580 3423 Πέτρος.
3293 3387 3298 3392 ~

2792 3572 2825 3594 ε

2227 3647 2445 3719 Ἐπειδὴ
2479 3648 2661 3702 τοίνυν
2684 3643 2770 3713 εἷς
2801 3650 2899 3719 μὲν
2925 3650 2953 3703 6
2979 3650 3235 3722 Χριστὸς,
3264 3652 3356 3705 καὶ
3381 3653 3478 3723 μία
3501 3652 3670 3707 αὑτοῦ
3689 3656 3738 3727 ἡ

2144 3740 2466 3804 ὑπόστασις,
2498 3735 2580 3802 εἷς
2609 3741 2703 3794 καὶ
2737 3743 2765 3794 6
2794 3741 2956 3804 αὑτός
2981 3743 3131 3796 ἐστιν
3160 3745 3188 3796 6
3219 3743 3386 3798 θέλων
3412 3743 3612 3809 (ictui);
3662 3763 3742 3802 τε

2144 3831 2237 3886 καὶ
2267 3832 2647 3904 ἀνθρωπίνως.
2689 3833 2906 3904 Ἐπειδὴ
2935 3833 2992 3887 δὲ
3020 3834 3114 3887 δύο
3149 3834 3340 3903 φύσεις
3375 3835 3486 3907 ἔχει
3512 3835 3742 3909 θελητι-

2144 3923 2268 3988 κάς,
2309 3925 2384 3988 ὼς
2408 3925 2633 3994 λογικάς
2653 3943 2666 3956 ο
2699 3927 2807 3980 πᾶν
2843 3928 2952 3997 γὰρ
2987 3927 3204 3995 λογικὸν
3237 3929 3520 4000 θελητικόν
3543 3947 3603 3982 τε
3630 3932 3744 3985 καὶ

2144 4013 2489 4079 αὐτεξούσιον
2511 4031 2523 4044 ·
2574 4014 2667 4068 δύο
2715 4015 2967 4083 θελήσεις
2991 4057 3005 4081 ,
3041 4017 3162 4088 ἤτοι
3209 4017 3490 4090 θελήματα
3521 4023 3744 4088 φυσικὰ

2144 4106 2232 4160 ἐπ’
2263 4106 2428 4160 αὑτοῦ
2459 4107 2712 4178 ἐροῦμεν.
2739 4107 3037 4177 Θελητικὸς
3060 4112 3168 4178 γάρ
3197 4109 3346 4164 ἐστιν
3368 4113 3396 4164 6
3420 4110 3583 4174 αὐτὸς
3605 4116 3742 4168 κατ’

475 4219 583 4274 quo
623 4203 691 4258 ad
733 4201 1024 4258 volendum
1062 4199 1242 4254 habile
1279 4207 1384 4264 est,
1418 4212 1483 4252 ac
1518 4195 1796 4266 liberum)
1840 4195 2045 4249 idcirco

2157 4199 2312 4269 ὶμφω
2341 4199 2439 4262 τὰς
2465 4197 2630 4253 αὐτοῦ
2662 4198 2869 4268 φύσεις.
2903 4200 3017 4270 Τὴν
3047 4203 3156 4271 γὰρ
3193 4203 3438 4271 φυσικῶς
3487 4203 3743 4274 ἐνυπάρο

475 4296 613 4350 duas
658 4294 821 4349 etiam
868 4293 922 4348 in
959 4307 1025 4348 eo
1075 4290 1354 4346 naturales
1409 4289 1722 4343 voluntates
1776 4287 2041 4342 dicemus.

2157 4311 2349 4364 [ουσαν
2378 4296 2510 4366 ἡμῖν
2542 4294 2832 4365 θελητικὴν
2860 4295 3086 4366 δύναμιν
3106 4296 3358 4350 ἀνέλαϐε.
3399 4299 3508 4351 Καὶ
3535 4299 3738 4371 ἐπειδὴ

471 4383 616 4440 Idem
648 4386 792 4440 enim
834 4387 949 4456 ipse
973 4391 1194 4455 propter
1216 4389 1508 4451 utramque
1538 4389 1791 4435 naturam
1822 4379 2040 4433 volendi

2249 4359 2444 4439 ἐστιντὸ
2465 4359 2719 4458 Χριστὸς,
2749 4359 2843 4439 καὶ
2873 4387 2901 4439 6
2937 4359 3097 4450 αὑτὸς
3123 4389 3151 4440 6
3180 4387 3352 4442 θέλων
3377 4389 3501 4443 καθ’
3530 4359 3740 4443 ἑκατέεῖ

473 4473 736 4531 facultate
774 4477 983 4546 pollet;
1041 4475 1241 4545 quippe
1267 4474 1361 4544 qui
1396 4488 1516 4527 eam
1570 4471 1870 4542 assumpsit
1930 4471 2039 4525 vim

2157 4495 2250 4549 ραν
2271 4478 2452 4545 φύσιν,
2498 4477 2560 4531 τὸ
2604 4477 2736 4530 αὑτὸ
2783 4477 3008 4548 θελητὸν
3025 4479 3250 4550 λέξομεν
3288 4483 3373 4534 ἐπ’
3403 4483 3590 4548 αὑτοῦ,
3625 4484 3743 4553 οὐχ

471 4567 688 4622 volendi
717 4582 836 4636 qua:
864 4568 1024 4622 nobis
1053 4581 1082 4620 a
1114 4574 1308 4621 natura
1337 4573 1442 4620 est.
1479 4565 1543 4619 Et
1582 4565 1840 4635 quoniam
1897 4577 2043 4618 unus

2157 4569 2222 4632 ὥς
2245 4569 2384 4639 μόνα
2414 4569 2680 4632 θέλοντος,
2713 4567 2748 4623 ἃ
2797 4569 3040 4638 φυσικῶς
3087 4571 3161 4634 ὡς
3209 4571 3341 4636 Θεὸς
3392 4573 3615 4644 ιἢθελεν·
3663 4576 3739 4628 ού

474 4655 731 4726 idemque
781 4656 1034 4714 Christus
1065 4669 1170 4724 est,
1219 4658 1311 4728 qui
1361 4658 1647 4728 utriusque
1701 4665 1915 4711 natura:
1964 4671 2048 4711 ra-

2157 4661 2260 4732 γὰρ
2307 4661 2561 4731 θεότητος
2610 4659 2669 4713 τὸ
2721 4660 2896 4713 θέλειν
2943 4663 3160 4730 φαγεῖν,
3192 4664 3285 4717 καὶ
3331 4667 3494 4726 πιεῖν,
3530 4665 3626 4717 καὶ
3655 4669 3739 4722 τὰ

476 4746 627 4802 tione
668 4747 804 4813 vult,
853 4749 996 4802 idem
1030 4749 1258 4818 proinde
1291 4748 1593 4804 voluntatis
1639 4748 1946 4820 subjectum
1990 4748 2044 4802 in

2157 4749 2379 4804 τοιαῦτα
2402 4765 2416 4779 ·
2448 4749 2584 4806 ἀλλὰ
2618 4750 2713 4804 καὶ
2739 4749 2808 4804 τὰ
2833 4752 3132 4804 συστατικὰ
3169 4751 3279 4823 (59.)
3307 4753 3409 4823 τῆς
3446 4752 3744 4824 ἁνθρωπίο

546 4924 926 4998 {MaxLDiaL
987 4942 1104 4980 cum
1168 4925 1411 4995 Pyrrho;
1464 4928 1655 4983 Anast.
1729 4927 1784 4981 in
1841 4925 2086 4997 Ὀδηγῷ,
2147 4941 2270 4998 cap.
2329 4926 2386 4993 6,
2448 4941 2502 4996 p.
2564 4925 2634 4980 40
2731 4926 2751 4958 ³
2791 4924 3076 4982 Volitivum
3124 4927 3178 4982 in
3239 4926 3446 4983 scholis
3494 4927 3737 4986 dicitur.

475 4997 501 5032 δ
527 4996 670 5051 Max.
704 4996 839 5051 Ibid.
1765 5059 1998 5118 vuum
2037 5058 2434 5117 LECTIONEs,

543 5160 573 5200 k
597 5158 928 5214 Particulam
963 5155 1104 5210 hanc
1129 5151 1311 5209 addidi
1341 5163 1464 5223 post
1496 5157 1894 5222 recogmtorem
1918 5153 2040 5207 cod.
2079 5151 2136 5206 S.
2181 5152 2393 5207 Hilarii.

1974 5264 2208 5325 NOTAE.

542 5369 654 5439 (52)
699 5362 1121 5439 ‘Alld,_xal_rd
1140 5361 1496 5439 συστατικᾴ
1533 5361 1636 5439 Sed
1661 5378 1723 5414 ea
1743 5363 2042 5439 etiamque:
2148 5363 2390 5439 manitus
2425 5378 2543 5439 quae
2596 5363 2857 5439 lmmana.
2910 5361 3174 5439 Caeterum
3210 5377 3276 5416 ex
3315 5362 3533 5439 Maximi
3573 5361 3733 5439 Dial.

476 5430 745 5503 naturam,
777 5447 883 5490 etc.
912 5435 1186 5502 Duplicem
1210 5433 1425 5486 volendi
1461 5431 1774 5503 facultatem
1803 5432 1854 5484 in
1881 5431 2040 5484 Chri-
2147 5448 2263 5486 cum
2305 5431 2498 5503 Pyrrh.
2523 5433 2773 5485 concedit
2813 5447 2980 5485 unum
3014 5430 3227 5503 θέλημα
3253 5434 3576 5503 γγνωμικὸγν,
3605 5436 3738 5490 εἰνυ

477 5517 564 5560 sto
599 5501 868 5575 agnoscit,
899 5501 1020 5573 (μιςὲ
1050 5503 1326 5556 naturales
1355 5501 1682 5575 etproprios
1705 5511 2040 5575 actnsexer-
2147 5501 2492 5575 arbitrarium
2519 5503 2850 5575 voluntatem
2913 5515 3075 5553 unam
3129 5501 3193 5575 _in_
3238 5502 3460 5556 Christo
3512 5502 3733 5571 fuisse,

477 5571 658 5627 cucrit
693 5593 707 5629 :
750 5585 809 5626 ut
841 5571 1023 5626 divina
1067 5575 1363 5635 voluntate,
1406 5571 1702 5638 divinoque
1752 5573 1913 5624 modo
1942 5584 2036 5622 vo-
2145 5574 2272 5639 quia
2297 5573 2398 5625 etsi
2449 5573 2728 5625 voluntate
2787 5573 3020 5624 humana
3059 5571 3274 5624 volebat
3329 5586 3451 5639 quas
3481 5572 3732 5628 humana

477 5641 634 5696 luerit
658 5659 777 5710 qua:
799 5642 976 5694 divina
1002 5648 1147 5703 sunt,
1175 5649 1226 5694 et
1258 5641 1493 5692 humana
1520 5641 1818 5704 voluntate,
1850 5647 1902 5694 et
1937 5640 2039 5693 hu-
2145 5650 2320 5704 erant,
2361 5641 2500 5695 haud
2538 5650 2716 5695 tamen
2757 5641 2862 5695 nisi
2914 5639 3098 5693 divina
3138 5648 3448 5708 annuente;
3486 5641 3543 5696 in
3574 5655 3738 5700 eam-
