4072 6146
434 301 571 369 1039

430 502 598 564 inest,
627 516 692 556 ac
730 515 841 554 non
880 509 935 553 ut
978 497 1310 569 quibusdam
1342 497 1495 562 insit,
1534 499 1866 571 quibusdam
1897 513 2011 553 non

434 594 567 649 inslt
601 589 1055 660 ;proculdubio,
1088 605 1213 646 cum
1256 590 1307 644 id
1340 590 1486 661 quod
1534 591 1900 646 communiter
1954 591 2012 644 in

433 682 692 738 omnibus
717 679 1126 746 consideratur,
1150 689 1364 733 naturae
1392 690 1579 733 notam
1628 681 1682 733 in
1744 679 2012 748 subjectis

435 773 484 825 ei
532 769 835 825 individuis
870 770 1166 838 exprimat,
1217 768 1385 823 homo
1441 769 1657 824 volendi
1698 768 2012 824 facultatem

433 860 619 919 habet.

503 956 583 1009 Ac
611 970 829 1020 rursus,
861 955 907 1009 si
940 962 1134 1008 natura
1184 968 1286 1010 nec
1321 955 1515 1026 magis,
1552 970 1653 1011 nec
1698 955 1879 1009 minus
1928 970 2015 1009 re-

432 1046 586 1115 cipit,
618 1060 751 1101 sane
773 1060 898 1100 cum
929 1044 1186 1100 omnibus
1210 1059 1459 1116 peraeque
1479 1046 1615 1100 velle
1638 1046 1791 1108 insit,
1817 1060 1880 1101 ac
1903 1061 2014 1101 non

433 1140 558 1192 aliis
585 1138 832 1200 uberius,
870 1137 994 1191 aliis
1015 1136 1261 1205 parcius.
1299 1152 1365 1192 ex
1397 1144 1593 1191 natura
1631 1151 1729 1192 sua
1786 1137 2017 1206 proinde

432 1229 651 1284 volendi
690 1229 1002 1284 facultatem
1051 1229 1318 1299 prmditus
1372 1236 1458 1284 est
1515 1229 1730 1283 homo:
1790 1245 1857 1285 ex
1909 1244 2019 1300 quo

430 1319 686 1398 ellicitur,
742 1328 802 1375 ut
867 1336 992 1375 cum
1048 1318 1212 1398 homo
1271 1322 1475 1376 virtute
1523 1322 1740 1377 volendi
1793 1323 2012 1392 polleat,

434 1429 495 1466 ea
528 1394 719 1469 itidem
776 1395 1098 1469 naturaliter
1128 1415 1327 1483 polleat
1362 1414 1650 1478 Dominus,
1690 1429 1797 1470 non
1851 1414 2016 1470 modo

434 1519 543 1574 qua
576 1502 721 1559 Deus
748 1513 853 1571 est,
887 1505 981 1561 sed
1014 1507 1179 1559 etiam
1235 1521 1341 1575 qua
1385 1505 1567 1562 lactus
1616 1506 1803 1561 homo.
1858 1504 2017 1561 Sicut

432 1592 577 1647 enim
610 1604 865 1648 naturam
899 1603 1147 1649 nostram
1196 1596 1521 1666 assumpsit,
1566 1596 1647 1652 sic
1670 1605 1724 1651 et
1759 1597 2014 1651 volunta-

436 1691 544 1739 tem
594 1693 842 1740 nostram
884 1701 949 1741 ex
980 1685 1176 1741 ordine
1215 1695 1432 1742 naturae
1476 1688 1796 1758 assumpsit.
1838 1687 2016 1759 Atque

1619 299 1679 359 S.
1715 296 2036 359 JOANNIS
2069 297 2497 359 DAMASCENI

501 412 583 467 Ad
624 411 740 466 haec
776 411 1005 480 insuper
1051 411 1091 475 ο,
1126 408 1170 463 si
1222 408 1435 463 cunctis
1489 410 1805 465 hominibus
1870 408 2008 463 velle
2036 414 2081 470 Α

3547 295 3680 361 1040

2187 408 2306 460 Ἔτι
2329 407 2385 460 δὲ
2413 409 2461 459 εξ
2493 408 2657 460 πᾶσιν
2687 405 2995 477 ἀνθρώποις
3043 407 3339 476 ἐνυπάρχει
3382 405 3442 458 τὸ
3485 403 3680 464 θέλειν,

2114 500 2208 553 καὶ
2232 501 2292 552 οὐ
2316 501 2430 563 τοῖς
2463 499 2561 570 μὶν
2604 500 2922 568 ἐνυπάρχει,
2959 501 3072 563 τοῖς
3104 498 3161 553 δὲ
3212 498 3312 551 οὐκ
3347 497 3643 567 ἐνυπάρχει
3665 512 3679 527 °

2113 591 2175 644 τὸ
2202 591 2260 644 δὲ
2290 589 2487 654 κοινῶς
2516 591 2682 643 πᾶσιν
2716 588 3175 679 ὲνθεριρούμενον,
3210 588 3371 656 φύσιν
3404 604 3683 658 χαρακτη-

2117 684 2256 756 ρίζει
2280 685 2338 736 ὲν
2368 685 2480 748 τοῖς
2509 683 2600 738 ὑπ’
2629 683 2763 737 αὐτὸ
2785 684 3009 755 ἀτόμοις
3033 697 3047 712 °
3077 683 3187 753 ἄρα
3212 680 3373 750 φύσει
3405 680 3684 750 θελητικὸς

2114 775 2143 826 6
2173 772 2269 829 ἀνθ
2279 790 2480 844 ρωπος.

2188 958 2298 1010 Καὶ
2344 952 2499 1019 αὖθις
2523 970 2536 983 ·
2588 957 2636 1008 εἰ
2669 955 2727 1008 τὸ
2764 953 2962 1024 μᾶλλον
2999 953 3093 1005 καὶ
3144 946 3311 1022 ἦττον
3332 950 3366 1020 ὴ
3397 947 3559 1018 φύσις
3588 948 3684 1004 οὐκ

2118 1049 2446 1118 ἐπιδέχεται,
2478 1048 2673 1118 ἐπίσης
2695 1046 2751 1100 δὲ
2776 1048 2941 1101 πᾶσιν
2965 1043 3261 1114 ἐνυπάρχει
3284 1042 3346 1094 τὸ
3370 1041 3569 1107 θέλειν,
3595 1041 3685 1095 καὶ

2117 1142 2177 1195 οὐ
2201 1144 2313 1203 τοῖς
2343 1140 2443 1210 μὲν
2472 1139 2654 1203 πλέον,
2675 1140 2792 1201 τοῖς
2821 1137 2878 1190 δὲ
2903 1135 3125 1190 ἔλαττον
3143 1150 3157 1163 °
3204 1134 3312 1205 ἄρα
3340 1131 3503 1203 φύσει
3530 1132 3685 1204 θελη-

2117 1234 2267 1296 τικὸς
2306 1234 2334 1287 6
2383 1232 2702 1303 ἄνθρωπος·
2744 1228 2885 1284 ὥστε
2923 1230 2973 1281 εἰ
3000 1227 3162 1297 φύσει
3205 1226 3490 1294 θελητικὸς
3534 1227 3563 1278 6
3593 1225 3686 1279 ἀν-

2119 1326 2354 1397 θρωπος,
2382 1325 2479 1378 καὶ
2501 1326 2529 1375 6
2559 1322 2782 1394 Κύριος,
2814 1322 2874 1375 οὐ
2903 1321 3062 1390 μόνον
3084 1318 3220 1373 καθὸ
3249 1317 3400 1381 Θεὸς,
3435 1316 3571 1370 ἀλλά
3595 1318 3688 1371 καὶ

2118 1418 2253 1472 καθὸ
2275 1417 2563 1486 ἄνθρωπος
2594 1416 2805 1484 γέγονε,
2854 1412 3015 1484 φύσει
3040 1411 3321 1482 θελητικός
3354 1412 3520 1463 ἐστιν.
3555 1410 3686 1463 Ὠσ-

2120 1526 2224 1580 περ
2244 1511 2351 1580 γὰρ
2389 1506 2405 1547 ὶ
2444 1508 2541 1579 τὴν
2584 1507 2862 1579 ἡμετέραν
2894 1507 3056 1575 φύσιν
3106 1503 3391 1567 ἀνέλαϐεν,
3423 1501 3560 1555 οὕτω
3587 1505 3684 1557 καὶ

2116 1601 2177 1655 τὸ
2206 1602 2473 1672 ἡμέτερον
2499 1600 2710 1670 θέλημα
2736 1599 2900 1668 φύσει
2949 1609 2990 1637 ω
3029 1595 3321 1666 ἀνείληφεν
3343 1612 3359 1628 ο
3406 1595 3501 1648 καὶ
3542 1595 3688 1651 κατά

2118 1690 2274 1744 τοῦτο
2302 1690 2352 1743 οἱ
2374 1691 2620 1761 Πατέρες
2644 1688 2707 1741 τὸ
2734 1687 3005 1758 ἡμέτερον
3027 1688 3084 1740 ὲν
3112 1682 3293 1755 ἑαυτῷ
3319 1683 3567 1737 τυπῶσαι
3592 1683 3689 1739 αὖ·

434 1774 538 1830 liac
564 1775 778 1832 ratione
817 1776 1008 1832 Patres
1043 1792 1167 1832 eum
1223 1778 1557 1832 voluntatem
1591 1786 1835 1833 nostram
1868 1779 1921 1831 in
1953 1788 2012 1832 se

2118 1781 2205 1836 Ιτὸν
2234 1781 2442 1852 ἔφησαν
2473 1780 2703 1850 θέλημα.

376 1897 397 1947 ἓ
436 1865 788 1933 expressisse
817 1866 991 1919 aiunt.

372 1950 378 1959 ’
510 1955 570 2010 Si
605 1958 872 2012 naturalis
899 1959 1155 2013 voluntas
1189 1973 1293 2012 non
1326 1969 1430 2024 est,
1459 1969 1610 2014 certe
1637 1961 1720 2016 vel
1746 1976 2015 2030 persona-

436 2045 507 2101 lis
539 2047 643 2100 erit
683 2056 874 2101 contra
926 2058 1206 2125 naturam.
1245 2048 1300 2103 Si
1342 2051 1667 2119 personalis,
1713 2067 1846 2122 ergo
1892 2052 2015 2106 Filii

436 2136 693 2193 voluntas
719 2137 822 2191 hac
867 2123 1085 2193 ratione
1112 2123 1147 2191 a
1206 2153 1433 2208 paterna
1483 2141 1843 2211 discrepabit,
1882 2144 2017 2197 alia-

432 2243 545 2307 que
569 2227 637 2281 ab
654 2242 716 2281 ea
750 2228 878 2283 erit.
912 2227 1125 2284 Etenim
1192 2230 1337 2301 quod
1384 2234 1673 2302 personale
1722 2244 1824 2299 est,
1889 2250 2017 2305 per-

440 2336 591 2378 sona:
630 2321 806 2377 solius
834 2321 1207 2392 exprimenda:
1258 2323 1369 2377 vim
1428 2323 1614 2379 habet.
1672 2323 1770 2379 Sin
1834 2336 2015 2381 autem

439 2420 633 2467 contra
667 2419 921 2465 naturam
971 2421 1077 2476 est,
1127 2410 1367 2466 defectio
1417 2426 1448 2466 a
1511 2420 1708 2466 natura
1762 2413 2016 2470 voluntas

438 2505 570 2560 crit.
592 2503 725 2569 Qua:
759 2504 905 2559 enim
928 2511 1144 2559 naturae
1185 2505 1414 2559 adversa
1446 2514 1599 2567 sunt,
1623 2505 1916 2560 destruunt
1953 2520 2014 2559 ea

440 2612 564 2668 quae.
582 2607 792 2651 naturae
821 2597 1183 2652 conveniunt.

510 2687 717 2743 Rerum
745 2687 993 2742 omnium
1018 2686 1162 2743 Deus
1193 2696 1247 2742 et
1269 2688 1434 2743 Pater
1463 2687 1598 2753 vult,
1626 2688 1709 2744 vel
1740 2698 2017 2758 quatenus

440 2781 624 2847 Pater,
664 2779 748 2834 vel
777 2786 1049 2849 quatenus
1089 2776 1254 2834 Deus.
1287 2777 1347 2832 Si
1384 2786 1659 2849 quatenus
1699 2780 1873 2843 Pater,
1911 2781 2017 2836 alia

441 2871 550 2926 erit
586 2870 707 2941 ejus
742 2870 1018 2936 voluntas,
1058 2870 1163 2924 alia
1213 2869 1375 2932 Filii;
1411 2871 1594 2940 n'eque
1651 2874 1797 2926 enim
1858 2872 2018 2928 Pater

440 2959 616 3016 Filius
653 2965 757 3015 est.
788 2960 887 3013 Sin
910 2966 1092 3013 antem
1133 2966 1407 3030 quatenus
1463 2959 1633 3024 Deus,
1683 2969 1832 3015 certe
1890 2977 2014 3017 cum

440 3050 615 3107 Filius
633 3065 851 3121 quoque
884 3049 1026 3105 Deus
1056 3050 1148 3113 sit,
1189 3052 1430 3122 itemque
1495 3049 1736 3121 Spiritus
1791 3064 2016 3108 sanctus

2110 2022 2115 2025 _
2191 1959 2254 2012 El
2305 1955 2532 2027 φυσικὸν
2591 1957 2689 2010 οὐκ
2720 1957 2836 2010 ἐστι
2886 1955 2949 2008 τὸ
2977 1956 3212 2027 θέλημα,
3243 1956 3277 2026 ἢ
3330 1952 3695 2008 ὑποστατικὸν

2118 2049 2296 2112 ἔσται,
2329 2047 2363 2118 ἢ
2395 2046 2546 2119 παρά
2575 2047 2768 2115 φύσιν·
2802 2045 2918 2100 ἀλλ’
2944 2047 2993 2098 εἰ
3030 2045 3130 2115 μὲν
3159 2045 3556 2110 ύπυστατικὸν,
3582 2047 3696 2101 ἑτε-

2119 2138 2375 2209 ρόϐουλος
2424 2136 2597 2200 οὕτως
2641 2153 2705 2205 γε
2759 2135 2912 2188 ἔσται
2940 2136 2968 2188 6
3002 2134 3129 2198 Υἱὸς
3173 2134 3254 2206 τῷ
3281 2135 3486 2203 Πατριο
3527 2135 3692 2206 μόνης

2119 2230 2231 2301 γὰρ
2256 2230 2605 2292 ὑποστάσεως
2629 2225 3131 2299 χαρακτηριστικὸν
3151 2265 3166 2292 ,
3218 2225 3281 2279 τὸ
3311 2226 3683 2279 ὑποστατικόν·

2115 2323 2166 2376 εἰ
2208 2322 2265 2375 δὲ
2315 2321 2468 2392 παρά
2500 2321 2683 2389 φύσιν,
2736 2318 3011 2382 ἔκπτωσις
3037 2318 3140 2388 τῆς
3165 2316 3383 2386 φύσεως
3435 2317 3579 2370 ἔσται
3623 2316 3686 2371 τὸ

2117 2414 2358 2486 θέλημα·
2403 2413 2676 2486 φθαρτικὰ
2730 2411 2840 2482 γὰρ
2880 2410 2991 2466 τῶν
3030 2410 3175 2465 κατά
3205 2411 3401 2480 φύσιν,
3444 2410 3510 2465 τὰ
3536 2409 3691 2482 παρά

2116 2523 2297 2575 φυσιν.

2200 2690 2260 2743 '0
2291 2689 2401 2742 τῶν
2432 2688 2570 2743 ὅλων
2595 2687 2705 2758 γὰρ
2744 2697 2771 2724 ιι
2806 2685 2938 2750 Θεὸς
2972 2686 3066 2739 xal.
3096 2683 3310 2753 Πατὴρ,
3337 2685 3370 2754 ἢ
3411 2683 3544 2738 καθὸ
3586 2685 3697 2740 Πα-

2117 2780 2220 2853 τὴρ
2254 2779 2418 2843 θέλει,
2468 2780 2501 2851 ἢ
2540 2779 2676 2833 καθὸ
2712 2778 2866 2841 Θεός.
2916 2776 3058 2831 Ἀλλ’
3092 2778 3141 2831 εἰ
3176 2775 3275 2847 μὲν
3316 2776 3453 2829 καθὸ
3481 2775 3692 2849 Πατὴρ,

2117 2873 2248 2929 ἄλλο
2282 2872 2450 2926 αὑτοῦ
2485 2872 2640 2925 ἔσται
2667 2871 2727 2924 τὸ
2750 2869 2964 2941 θέλημα
2995 2869 3146 2941 παρά
3199 2868 3260 2921 τὸ
3292 2866 3385 2920 τοῦ
3414 2867 3569 2921 Υἱοῦ.
3618 2868 3695 2922 ού

2119 2953 2228 3038 γάρ
2262 2967 2451 3037 Πατὴρ
2470 2968 2498 3019 6
2527 2964 2679 3029 Υἱός.
2705 2964 2768 3017 Et
2792 2963 2850 3017 δὲ
2881 2961 3016 3016 καθὸ
3044 2960 3196 3025 Θεὸς,
3246 2960 3377 3023 Θεὸς
3404 2960 3462 3014 δὲ
3486 2962 3516 3013 6
3542 2961 3693 3025 Υιδς,

2119 3060 2253 3123 Θεὸς
2281 3060 2378 3112 καὶ
2403 3061 2466 3112 τὸ
2499 3056 2726 3125 Πνεῦμα
2757 3054 2818 3108 τὸ
2873 3054 3060 3123 ἅγιον·
3093 3052 3202 3124 ἀρα
3245 3051 3307 3106 τὸ
3346 3052 3558 3124 θέλημα
3592 3055 3697 3125 φύ-

438 3142 607 3207 Deus,
634 3142 971 3197 voluntatem
996 3150 1206 3197 natura:
1227 3121 1373 3207 esse,
1411 3142 1806 3207 naturalemve,
1839 3141 2016 3198 laten-

2120 3121 2279 3218 σεως,
2310 3151 2485 3221 ἤγουν
2512 3121 2759 3220 φυσικόν.

441 3235 572 3290 dum
593 3241 701 3290 est.

508 3326 803 3395 Insuper,’
838 3326 885 3382 si
927 3340 1166 3397 quorum
1224 3324 1481 3382 voluntas
1526 3341 1634 3381 una
1675 3335 1780 3392 est,
1821 3328 2014 3383 horum

441 3416 629 3480 etiam,
662 3424 722 3470 ut
743 3415 933 3473 Patres
959 3423 1275 3483 senserunt,
1295 3432 1401 3472 una
1431 3420 1782 3474 est-essentia
1816 3436 1832 3474 :
1859 3434 2017 3485 sane,

444 3509 491 3565 si
521 3523 628 3564 una
649 3508 957 3566 divinitatis
986 3509 1192 3566 Christi
1224 3517 1392 3580 atque
1424 3508 1788 3566 humanitatis
1811 3511 2010 3567 volun-

446 3610 530 3656 tas
570 3601 663 3667 sit,
717 3615 828 3655 una
885 3616 1103 3673 quoque
1156 3578 1426 3657 eteadem
1465 3615 1655 3657 earum
1711 3578 2059 3659 substantia.

445 3689 568 3745 erit.

513 3782 592 3835 Ac
626 3796 840 3846 rursus,
868 3783 913 3838 si
938 3783 1005 3838 de
1040 3783 1265 3838 Patrum
1325 3786 1621 3851 sententia,
1659 3794 1868 3840 naturae
1905 3785 2021 3842 dis-

443 3870 653 3925 crimen
675 3871 727 3925 in
760 3887 866 3925 una
900 3872 1186 3927 voluntate
1240 3888 1349 3928 non
1390 3874 1590 3940 elucet,
1626 3889 1854 3930 necesse
1911 3883 2018 3939 est,

443 3969 503 4014 ιιι
534 3961 614 4015 vel
646 3975 810 4015 unam
843 3962 1080 4016 dicendo
1120 3961 1488 4028 voluntatem,
1533 3963 1785 4018 naturale
1820 3963 2021 4020 discri-

440 4067 565 4108 mcn
620 4069 728 4108 non
780 4053 1051 4119 dicamus,
1083 4052 1167 4108 vel
1229 4064 1548 4109 naturarum
1611 4054 2018 4113 distinctionem

441 4146 831 4216 praedicantes,
864 4144 1207 4200 voluntatem
1236 4160 1399 4199 unam
1436 4160 1544 4199 non
1580 4152 1910 4205 statuamus.

511 4235 591 4290 Ac
628 4250 845 4301 rursus,
879 4235 901 4267 ⁸
930 4239 977 4290 si
1005 4241 1061 4288 ut
1090 4234 1144 4288 in
1174 4233 1364 4289 divino
1417 4233 1717 4305 Evangelio
1752 4236 2011 4299 habetur,

440 4325 723 4396 profectus
773 4325 1043 4381 Dominus
1074 4324 1129 4379 in
1174 4332 1357 4395 partes
1392 4323 1524 4395 Tyri
1561 4332 1617 4378 et
1674 4321 1921 4391 Sidonis,
1970 4336 2021 4382 et

2190 3332 2335 3397 Ἔτι,
2357 3330 2406 3383 εὶ
2433 3327 2575 3383 κατὰ
2603 3326 2731 3389 τοὺς
2754 3322 3031 3395 Πατέρας,
3053 3316 3128 3379 ὧν
3149 3321 3208 3375 τὸ
3229 3319 3434 3389 θέλημα
3458 3317 3538 3381 ἓν,
3561 3317 3688 3372 τούι-

2117 3441 2224 3478 των
2245 3422 2338 3477 καὶ
2366 3422 2399 3492 ἡ
2427 3419 2585 3474 οὐσία
2615 3418 2732 3489 μία,
2762 3417 2820 3470 ἒν
2847 3416 2942 3469 καὶ
2967 3414 3176 3485 θέλημα
3203 3415 3300 3483 τῆς
3318 3410 3567 3482 θεότητος
3585 3409 3684 3465 1:06

2118 3513 2383 3586 Χριστοῦ,
2417 3513 2512 3566 καὶ
2541 3513 2640 3582 τῆς
2690 3507 3112 3579 ἀνθρωπότητος
3163 3500 3367 3557 αὐτοῦ·
3419 3499 3531 3573 ἆρα
3586 3499 3690 3571 μία

2120 3607 2216 3660 καὶ
2242 3606 2276 3677 ὴ
2303 3602 2439 3674 αὑτὴ
2477 3600 2683 3655 τούτων
2714 3598 2870 3652 ἔσται
2899 3595 2997 3651 καὶ
3023 3598 3057 3666 ἡ
3094 3593 3273 3649 οὐσία.

2188 3781 2300 3833 Καὶ
2321 3777 2482 3833 πάλιν
2503 3791 2517 3805 ·
2553 3776 2625 3837 εἰ,
2656 3772 2799 3826 κατὰ
2826 3770 2952 3834 τοὺς
2979 3767 3251 3837 Πατέρας,
3298 3767 3331 3836 ἡ
3354 3764 3457 3834 τῆς
3480 3763 3694 3833 φύσεως

2119 3868 2356 3940 διαφορά
2389 3867 2468 3936 τῷ
2497 3866 2580 3919 ἑνὶ
2601 3864 2869 3934 θελήματι
2896 3861 2956 3913 οὐ
2996 3858 3358 3927 διαφαίνεται,
3383 3855 3620 3926 ἀνάγκη,
3657 3853 3693 3924 ἢ

2122 3966 2181 4020 ἒν
2213 3962 2428 4031 θέλημα
2453 3958 2711 4026 λέγοντας
2736 3952 2975 4023 φυσικήν
3018 3952 3077 4004 ὲν
3119 3946 3343 4020 Χριστῷ
3389 3946 3464 4017 μὴ
3516 3946 3695 4015 λέγειν

2120 4049 2403 4122 διαφορὰν,
2431 4047 2464 4119 ἢ
2498 4043 2734 4115 φυσικὴν
2754 4040 3015 4106 λέγοντας
3060 4035 3347 4108 διαφορὰν,
3378 4033 3437 4089 ἓν
3484 4032 3697 4105 θέλημα

2126 4143 2201 4216 μὴ
2227 4142 2432 4210 λέγειν.

2193 4235 2304 4289 Καὶ
2328 4229 2484 4295 αὖθις
2505 4247 2520 4261 ·
2555 4231 2605 4283 εἰ
2632 4225 2831 4289 καθώς,
2852 4240 2989 4296 φησι
3038 4222 3102 4275 τὸ
3147 4221 3313 4275 θεῖον·
3340 4216 3693 4286 Εὐαγγέλιον,

2121 4327 2292 4382 ἐλθὼν
2313 4327 2340 4378 6
2370 4323 2575 4395 Κύριος
2601 4321 2682 4382 εἰς
2714 4320 2782 4373 τὰ
2815 4315 2955 4388 μέρη
2976 4314 3156 4385 Τύρου
3182 4311 3279 4366 καὶ
3314 4309 3565 4374 Σιδῶνος,
3596 4308 3698 4363 καὶ

440 4420 707 4486 ingressus
725 4418 962 4480 domum,
997 4420 1254 4473 neminem
1278 4418 1414 4472 scire
1461 4416 1648 4483 voluit,
1702 4434 1794 4472 nec
1843 4429 2014 4475 tamen

2120 4418 2411 4476 εἰσελθὼν
2441 4419 2529 4483 εὶς
2557 4411 2748 4476 οἶκον,
2777 4408 2997 4464 οὐδένα
3021 4407 3286 4476 ἠθέλησε
3309 4402 3550 4474 γνῶναι,
3596 4400 3695 4455 καὶ

442 4508 605 4562 latere
623 4511 795 4577 potuit
832 4511 876 4574 ⁸,
908 4510 1157 4578 profecto
1190 4524 1315 4563 cum
1349 4507 1533 4563 divina
1558 4509 1733 4579 ipsius
1760 4510 2017 4568 voluntas

2119 4514 2231 4567 οὐκ
2254 4506 2526 4578 ἠδυνήθη
2545 4502 2754 4560 ,λαϐεῖν
2770 4517 2783 4531 ⁸
2811 4502 2859 4554 εἰ
2885 4500 2945 4553 τὸ
2969 4497 3113 4553 θεῖον
3136 4494 3301 4550 αὐτοῦ
3325 4493 3536 4564 θέλημα
3561 4507 3697 4543 πανο

443 4600 630 4653 omnia
694 4601 904 4670 possit,
952 4602 1144 4657 volens
1182 4616 1314 4657 vero
1368 4602 1540 4657 latere
1590 4617 1698 4656 non
1759 4605 2017 4672 potuerit,

443 4686 714 4756 sequitur,
747 4694 808 4740 ιιι
861 4691 1139 4754 qu‘atenus
1170 4690 1333 4744 homo
1379 4688 1432 4743 id
1479 4688 1737 4756 voluerit,
1771 4705 1874 4746 nec
1924 4706 2023 4761 po-

443 4774 627 4839 tuerit,
661 4780 825 4842 atque
849 4774 1008 4839 adeo,
1037 4781 1097 4829 ut
1116 4785 1389 4844 quatenus
1415 4777 1578 4833 homo
1607 4777 1822 4833 voleudi
1847 4778 2023 4834 facul-

443 4872 612 4922 tatem
643 4865 918 4920 habuerit.

511 4955 677 5026 228
700 4956 776 5012 Ac
799 4969 992 5010 rursus
1022 4955 1223 5020 “,Cum
1256 4969 1494 5027 venisset,
1520 4960 1713 5031 inquit,
1729 4963 1798 5015 ad
1828 4961 2016 5026 locum,

443 5045 576 5101 dixit
595 5061 612 5098 :
628 5045 786 5102 Sitio.
807 5046 875 5100 Et
895 5048 1147 5101 dederunt
1163 5046 1212 5100 ei
1234 5047 1407 5101 viuum
1424 5049 1545 5119 felle
1566 5052 1781 5106 mistum
1800 5063 1819 5104 :
1841 5061 2023 5106 etcum

442 5148 726 5210 gustasset,
761 5139 931 5194 noluit
955 5138 1130 5194 bibere
1161 5140 1224 5192 “.
1254 5138 1428 5197 Porro
1457 5144 1527 5211 si,
1550 5153 1825 5214 quatenus
1855 5143 2022 5209 Deus,

2118 4601 2439 4670 τοδύναμον,
2469 4595 2700 4666 θελήσας
2725 4593 2782 4646 δὲ
2810 4591 2993 4644 λαθεῖν
3014 4590 3076 4642 οὐ
3103 4586 3403 4656 δεδύνηται·
3428 4584 3539 4653 ἄρα
3562 4579 3700 4670 καθὸ

2118 4664 2407 4762 ἄνθρωπος
2466 4664 2698 4756 θελήσας
2754 4683 2855 4736 οὐκ
2901 4676 3167 4749 ἠδυνήθη,
3200 4675 3297 4728 καὶ
3323 4670 3611 4743 θελητικὸς
3630 4664 3699 4739 ἦν

2123 4784 2218 4838 καὶ
2246 4781 2383 4837 καθὸ
2411 4779 2719 4850 ἄνθρωπος.
2886 4778 2891 4783 ’

2199 4956 2310 5011 Καὶ
2340 4953 2503 5007 πάλιν
2525 4967 2538 4979 ·
2578 4949 2822 5015 Ἐλθὼν,
2856 4945 3042 5017 φησιν,
3060 4946 3143 5010 εἷς
3181 4940 3287 4996 τὸν
3316 4940 3525 5002 τόπον,
3545 4932 3701 4990 εἶπεν

2130 5047 2312 5118 Διψῶ.
2349 5045 2460 5102 Καὶ
2490 5044 2721 5099 ἔδωκαν
2744 5040 2907 5106 αὐτῷ
2935 5034 3103 5094 οἶνον
3122 5033 3275 5106 μετὰ
3304 5029 3496 5104 χολῆς
3528 5044 3707 5099 μεμι-

2127 5141 2371 5213 γμένον,
2413 5136 2512 5191 καὶ
2539 5134 2907 5207 γευσάμενος
2939 5133 3052 5187 οὐκ
3075 5129 3258 5199 ἤθελε
3298 5123 3478 5180 πιεῖν.
3510 5123 3574 5175 Εἰ
3604 5118 3707 5190 μὲν

515 5301 543 5373 ξ
565 5300 712 5373 Max.
770 5299 931 5373 Dial.
981 5315 1103 5373 cum
1156 5297 1382 5371 Pyrrho,
1446 5318 1512 5358 ex
1547 5301 1846 5358 Diadocho.
1940 5304 1960 5333 ⁷
1992 5302 2153 5373 Greg.
2180 5300 2342 5372 Nyss,
2384 5300 2539 5373 Qqnt.
2585 5295 2821 5373 Apolljit.
2882 5287 3117 5373 ειηθιῇ.
3145 5281 3357 5373 acts-L540
3385 5286 3695 5373 εθξξ·

448 5368 780 5446 ’Μηξζίιθιιι
837 5370 1049 5446 ᾼεαιιιο
1105 5365 1232 5446 p_a_p'.
1275 5365 1439 5443 epist.
1493 5388 1616 5446 syn.
1658 5374 1714 5427 in
1771 5389 1821 5427 Vt
1872 5388 2020 5444 syn.,
2080 5365 2169 5427 a'ct
2225 5365 2279 5427 Il.
2373 5365 2823 5432 'Marc.vu,24.

448 5452 564 5506 xu,
589 5441 659 5494 28
682 5441 892 5506 ;Mattb.
949 5441 1214 5505 xxvn,54.

2926 5359 2998 5391 ·¹⁰
3037 5346 3179 5413 Max.
3228 5351 3360 5409 ibid.
3462 5349 3504 5382 ³⁸
3530 5346 3704 5403 .loau.

1748 5528 1983 5586 VARUE
2027 5528 2317 5586 LECTION
2328 5527 2421 5582 ES.

526 5686 547 5729 ι
577 5685 738 5743 Edita
765 5692 879 5746 καί.
950 5706 992 5734 ιιι
1025 5694 1171 5751 Edit.
1205 5694 1387 5763 φύσιν.
1464 5704 1492 5733 ιι
1516 5691 1676 5748 Deest
1699 5690 1809 5761 γὰρ
1860 5690 1916 5745 in
1949 5703 2080 5745 mss.
2121 5687 2404 5757 pluribus;
2432 5699 2541 5755 qua
2568 5692 2748 5741 tamen
2772 5680 3041 5753 particula
3067 5679 3243 5735 oratio
3277 5676 3563 5759 urgentior
3594 5678 3707 5730 est.
