4072 6146
406 436 526 503 1041

1443 441 1540 500 DE
1573 440 1750 501 FIDE
1786 434 2436 504 ΟΒΤῙΙΟΒΟΧΑξΙιΙΒ.
2477 440 2591 499 ΙΙΙ.

3504 437 3641 501 1042

400 548 484 606 οὖν
536 548 671 605 καθὸ
699 550 834 615 Θεὸς
882 550 1124 623 ὲδέψησε,
1175 550 1271 605 καὶ
1302 553 1639 622 γευσάμενος
1683 552 1782 604 οὐκ
1807 549 1962 621 ἤθελε

2089 548 2159 602 siti
2180 558 2471 620 correptus
2509 556 2614 613 est,
2636 552 2840 602 etcum
2882 552 3176 618 gustasset,
3209 544 3387 600 noluit
3415 546 3637 611 bibere;

403 644 558 706 πιεῖν,
592 641 845 712 ἐμπαθὴς
878 641 986 713 ἄρα
1024 644 1119 695 καὶ
1159 649 1183 677 ο
1214 640 1350 695 καθὸ
1380 641 1514 705 Θεός
1533 659 1546 672 ο
1575 642 1747 705 πάθος
1775 641 1902 712 γὰρ,
1927 642 1962 712 ἦ

398 748 450 785 τε
477 732 626 801 δίψα,
664 733 758 786 καὶ
789 735 821 805 ἡ
851 732 1058 801 γεῦσις.
1091 733 1155 786 Ei
1201 732 1257 786 δὲ
1283 733 1343 786 οὐ
1390 732 1524 786 καθὸ
1571 732 1720 799 Θεὸς,
1746 734 1963 796 πάντως

401 822 528 876 καθὸ
560 823 849 892 ἄνθρωπος
878 824 1122 895 ἐδίψησε,
1170 825 1260 878 καὶ
1307 824 1587 896 θελητικὸς
1616 820 1684 896 ἦν
1707 825 1803 878 καὶ
1831 824 1966 880 καθὸ

400 912 489 966 ἄνθ
496 930 676 984 ρωπος
708 924 754 966 Ρ.

467 1003 577 1054 Καὶ
605 1004 633 1054 6
659 1001 927 1072 μακάριος
956 1002 1015 1057 δὲ
1048 1003 1257 1067 Παῦλος
1289 1007 1318 1059 6
1349 1006 1644 1074 ἀπόστολος
1663 1024 1679 1041 ο
1716 1012 1970 1081 Γενόμε-

400 1108 523 1158 νος,
564 1094 747 1162 φησὶν,
787 1095 1061 1162 ὖπήκοος
1079 1096 1258 1165 μέχρι
1299 1098 1580 1167 θανάτου,
1614 1102 1873 1157 θανάτου
1901 1101 1970 1156 δὲ

402 1183 683 1251 σταυροῦ.
713 1186 777 1237 Ἠ
800 1184 1015 1256 ὑπακοὴ
1035 1187 1125 1240 τοῦ
1151 1187 1318 1253 ὅντως
1343 1189 1646 1260 θελήματος
1670 1193 1815 1247 ἐστιν
1839 1195 1971 1247 ὑπο-

403 1276 557 1347 ταγὴ,
590 1275 623 1347 ἢ
650 1275 745 1330 τοῦ
780 1278 855 1348 μὴ
880 1277 1049 1342 ὅντως
1071 1294 1084 1308 ·
1109 1282 1169 1333 οὐ
1196 1279 1305 1350 γὰρ
1330 1281 1391 1334 τὸ
1411 1282 1603 1351 ἄλογον
1644 1285 1905 1355 ὑπήκοον,
1935 1285 1969 1355 ἢ

403 1366 681 1437 παρήκοον
710 1366 938 1438 λέξομεν
964 1385 979 1400 ⁸
1016 1371 1255 1440 ὑπήκοος
1289 1372 1347 1426 δὲ
1376 1373 1454 1445 τῷ
1480 1375 1656 1447 Πατρὶ
1685 1379 1973 1448 γενόμενος

403 1457 430 1510 6
456 1456 680 1529 Κύριος,
708 1460 769 1513 οὐ
804 1460 940 1514 καθὸ
988 1461 1121 1525 Θεὸς
1151 1463 1396 1532 γέγονεν,
1431 1467 1567 1521 ἀλλὰ
1602 1467 1738 1522 καθὸ
1766 1469 1974 1540 ἄνθρω-

403 1563 518 1610 πος.
557 1550 709 1604 Καθὸ
735 1550 844 1624 γὰρ
872 1551 1024 1618 Θεὸς,
1053 1552 1178 1607 οὕτε
1213 1556 1476 1627 ὑπήκοος,
1502 1557 1625 1612 οὔτε
1654 1562 1934 1632 παρήκοος
1957 1577 1971 1592 °

402 1638 507 1690 τῶν
543 1639 647 1693 ὑπὸ
695 1644 853 1713 χεῖρα
903 1643 1013 1713 γὰρ
1066 1643 1258 1709 ταῦτα,
1308 1646 1491 1709 καθὼς
1522 1650 1550 1701 ὁ
1581 1649 1840 1721 θεοφόρος
1870 1650 1974 1721 ἔφη

2071 656 2200 711 ergo
2231 642 2395 695 etiam
2429 649 2703 710 quatenus
2755 637 2900 693 Deus
2951 637 3303 707 passionibus
3364 637 3641 694 obnoxius

2070 738 2189 785 erat
2220 748 2230 782 :
2267 740 2396 786 sunt
2432 733 2599 796 enim,
2638 739 2752 785 tum
2788 729 2928 793 sitis,
2958 737 3072 782 tum
3110 731 3373 800 gustatio,
3424 728 3643 800 passio-

2075 837 2193 877 nes.
2259 823 2358 876 Sin
2417 832 2598 876 autent
2659 831 2933 890 quatenus
2991 819 3155 874 homo
3207 820 3398 888 sitivit,
3454 820 3643 892 utique

2074 926 2348 985 quatenus
2385 916 2548 970 homo
2585 914 2864 968 voluntate
2894 912 3197 968 instructus
3214 920 3358 968 erat.

2153 1007 2466 1064 Obedientia
2488 1007 2602 1075 ejus
2635 1005 2725 1074 qui
2743 1004 2879 1065 velit,
2901 1013 2950 1057 et
2999 1004 3239 1058 subditus
3273 1004 3362 1058 sit.
3397 1033 3468 1045 ——
3499 1000 3645 1070 Quin

2075 1100 2271 1155 beatus
2303 1112 2523 1168 quoque
2566 1095 2769 1150 Paulus
2803 1094 3086 1164 apostolus
3118 1113 3130 1149 :
3173 1093 3395 1160 Factus,
3442 1094 3644 1165 inquit,

2076 1190 2319 1244 obediens
2346 1203 2506 1257 usque
2540 1185 2608 1240 ad
2632 1197 2874 1253 mortem,
2909 1196 3127 1240 mortem
3171 1197 3344 1240 autem
3388 1189 3559 1243 crucis
3579 1186 3644 1240 “.

2075 1281 2240 1352 Atqui
2289 1280 2598 1336 obedientia
2645 1278 2763 1349 ejus
2797 1266 3096 1332 voluntatis
3154 1292 3277 1348 qua:
3308 1292 3494 1332 revera
3541 1286 3647 1341 est,

2079 1371 2350 1441 subiectio
2378 1381 2484 1436 est,
2513 1386 2625 1424 non
2651 1370 2908 1440 ejusqua:
2936 1382 3046 1423 non
3073 1376 3190 1423 est:
3213 1384 3319 1423 non
3352 1369 3497 1424 enim
3518 1369 3651 1424 bru-

2080 1471 2193 1517 tum
2226 1463 2432 1517 animal
2471 1461 2731 1517 obediens
2770 1460 3040 1526 dicemus,
3075 1470 3171 1513 aut
3229 1459 3553 1515 inobediens
3582 1460 3649 1515 ".

2079 1551 2251 1607 Porro
2269 1550 2532 1606 Dominus
2558 1550 2702 1605 Patri
2728 1547 2905 1605 factus
2928 1556 3013 1604 est
3042 1549 3328 1615 obediens,
3382 1564 3495 1604 non
3523 1564 3657 1618 qua-

2081 1650 2242 1698 tenus
2293 1642 2457 1708 Deus,
2506 1641 2603 1696 sed
2634 1646 2907 1710 quatenus
2958 1641 3147 1694 homo.
3185 1639 3320 1694 Nam
3382 1651 3655 1710 quatenus

406 1730 720 1804 Γρηγόριος.
751 1734 1045 1805 Θελητικὸς
1066 1737 1175 1806 ἄρα
1197 1739 1290 1792 καὶ
1316 1738 1452 1793 καθὸ
1475 1739 1572 1794 ἄνθ
1583 1758 1766 1811 ρωπος
1796 1744 1824 1794 6
1854 1744 1984 1815 Χρι,

2089 1735 2250 1799 Deus,
2277 1748 2380 1790 nec
2406 1732 2670 1788 obediens
2702 1738 2808 1795 est,
2841 1745 2943 1786 nec
2963 1730 3304 1786 inobediens.
3333 1731 3457 1786 Haec
3483 1732 3653 1795 enim,

405 1822 548 1885 στός.

472 2089 708 2144 Φυσικὸν
740 2090 877 2144 δὲτὸ
910 2091 1124 2162 θέλημα
1151 2092 1421 2162 λέγοντες,
1450 2095 1549 2147 οὐκ
1568 2095 1983 2167 ἠναγκασμένον

407 2180 562 2234 τοῦτό
595 2199 793 2251 φαμεν,
816 2184 930 2238 ἀλλ’
963 2184 1337 2249 αὐτεξούσιον*
1370 2186 1419 2238 εἰ
1450 2185 1560 2255 γὰρ
1580 2185 1817 2251 λογικὸν,
1845 2186 1985 2240 πάν-

406 2292 512 2338 τως
538 2277 633 2329 καὶ
661 2277 1027 2341 αὐτεξούσιον.
1066 2280 1141 2332 Ού
1173 2280 1332 2348 μόνον
1359 2281 1467 2351 γὰρ
1500 2283 1533 2351 ἡ
1561 2280 1682 2334 θεία
1715 2281 1809 2334 καὶ
1832 2281 1986 2335 ἄκτι-

410 2383 530 2430 στος
581 2367 744 2436 φύσις
802 2370 955 2423 οὐδὲν
1005 2372 1424 2441 ἠναγκασμένον
1463 2372 1597 2442 ἔχει,
1632 2372 1747 2428 ἀλλ’
1797 2372 1918 2426 οὐδὲ
1948 2377 1983 2445 ἡ

410 2456 570 2528 νοερὰ
617 2459 711 2512 καὶ
757 2461 986 2530 κτιστή·
1045 2460 1204 2515 τοῦτο
1249 2461 1306 2515 δὲ
1354 2461 1547 2532 δῆλον·
1586 2462 1747 2533 φύσει
1777 2463 1885 2535 γὰρ
1911 2462 1985 2519 ὢν

410 2546 613 2614 ἀγαθὸς
642 2549 671 2601 6
707 2548 861 2617 Θεὸς,
910 2552 1006 2605 καὶ
1050 2552 1211 2622 φύσει
1266 2553 1618 2625 δημιουργὸς,
1675 2556 1770 2609 καὶ
1827 2555 1986 2626 φύσει

411 2638 565 2706 Θεὸς,
592 2639 692 2693 οὐκ
729 2641 944 2715 ἀνάγκη
991 2643 1166 2700 ταῦτά
1207 2645 1323 2698 ἐστι
1345 2662 1360 2677 ·
1392 2645 1476 2709 τίς
1503 2646 1612 2718 γὰρ
1637 2647 1666 2699 6
1690 2646 1789 2719 τὴν
1818 2648 1986 2716 ἀνάγ-

413 2747 517 2800 κην
544 2732 764 2801 ἐπάγων
786 2749 803 2798 ;

487 3001 578 3053 Δεῖ
602 3000 659 3054 δὲ
691 3001 909 3067 εἰδέναι,
944 3003 1019 3066 ὡς
1048 3005 1081 3074 ή
1113 3005 1551 3077 αὐτεξουσιότης,
1578 3013 1867 3082 ὁμονύμως
1891 3014 1989 3083 μὲν

416 3088 669 3160 λέγεται·
695 3091 870 3157 ἄλλως
895 3094 950 3147 δὲ
978 3094 1071 3148 ἐπὶ
1093 3095 1251 3163 Θεοῦ,
1279 3092 1373 3152 καὶ
1406 3099 1581 3164 ἄλλως
1600 3102 1691 3155 ἐπὶ
1720 3104 1987 3174 ἀγγέλων,
2016 3089 2059 3149 c

417 3183 513 3235 καὶ
538 3182 712 3247 ἄλλως
749 3185 840 3238 ἐπὶ
873 3183 1198 3258 ἀνθρώπων.
1226 3186 1348 3242 Ἐπὶ
1377 3189 1514 3244 Θεοῦ
1542 3192 1642 3262 μὲν
1671 3194 1799 3266 γὰρ,
1830 3197 1991 3267 ὑπερ-

415 3272 647 3336 ουσίως·
680 3275 776 3326 ἐπὶ
820 3274 877 3327 δὲ
908 3276 1177 3345 ἀγγέλων,
1213 3278 1292 3342 ὠς
1342 3281 1743 3353 συντρεχούσης
1781 3287 1848 3356 τῇ
1880 3285 1992 3351 ἔξει

413 3364 514 3434 τῆς
551 3367 969 3439 προχειρίσεως,
1001 3371 1095 3422 καὶ
1131 3370 1483 3443 παρενθήκην
1518 3373 1655 3437 ὅλως
1694 3377 1888 3447 χρόνου
1918 3378 1993 3451 μὴ

416 3457 866 3529 παραδεχσμένης
886 3476 900 3489 ⁸
934 3460 1072 3530 ἔχων
1120 3462 1231 3532 γὰρ
1262 3462 1507 3532 φυσικῶς
1539 3465 1600 3519 τὸ
1625 3467 1993 3533 αὐτεξούσιον,

415 3545 915 3619 ἀπαρεμποδιστως
954 3551 1131 3623 τούτῳ
1185 3552 1468 3625 κέχρηται,
1501 3556 1635 3626 μηδὲ
1661 3557 1760 3628 τὴν
1790 3561 1855 3611 ὲκ
1893 3559 1997 3613 σώ-

422 3655 592 3709 ματος
627 3651 656 3692 ιι
684 3643 1046 3698 ἀντιπάθειαν
1073 3644 1233 3715 ἔχων,
1272 3646 1408 3716 μηδὲ
1440 3647 1532 3701 τὸν
1564 3650 1994 3722 προσϐάλλοντα.

432 3727 556 3783 Ἐπὶ
588 3730 646 3783 δὲ
675 3731 1000 3803 ἀνθρώπων,
1035 3734 1110 3798 ὡς
1145 3736 1414 3806 χρονικῶς
1440 3738 1543 3807 τῆς
1575 3737 1740 3804 ἕξεως
1767 3758 1998 3810 προεπι-

420 3823 721 3893 νοουμὲνης
770 3824 873 3895 τῆς
905 3826 1296 3897 ἐγχειρήσεως.
1337 3826 1698 3895 Αὑτεξούσιος
1748 3830 1846 3901 μὲν
1891 3832 1998 3905 γάρ

422 3913 575 3966 ἐστιν
600 3915 629 3967 6
660 3913 966 3986 ἄνθρωπος,
1009 3917 1104 3970 καὶ
1136 3921 1382 3986 φυσικῶς
1413 3918 1524 3989 ἔχει
1546 3919 1605 3972 τὸ
1628 3921 1997 3989 αὐτεξούσιον·

424 4003 537 4074 ἔχει
569 4004 627 4058 δὲ
655 4004 750 4058 καὶ
773 4009 875 4076 τὴν
921 4008 986 4060 ὲκ
1004 4007 1098 4061 τοῦ
1120 4006 1369 4062 διαϐόλου
1404 4010 1725 4083 προσϐολὴν,
1762 4014 1857 4066 καὶ
1903 4014 2001 4086 τὴν

423 4094 519 4148 τοῦ
555 4093 810 4165 σώματος
854 4096 1102 4167 κίνησιν·
1143 4098 1231 4153 διὰ
1261 4095 1357 4154 οὖν
1396 4100 1496 4173 τὴν
1541 4103 1875 4176 προσϐολὴν,
1908 4107 2003 4160 καὶ

425 4187 493 4240 τὸ
519 4187 686 4258 βάρος
708 4188 803 4242 τοῦ
829 4188 1082 4260 σώματος
1120 4190 1464 4262 ὲφυστερίζει
1508 4195 1863 4267 προχεὶρησις
1904 4198 2003 4269 τῆς

425 4276 614 4343 ἕξεως.

499 4526 563 4597 El
585 4538 679 4596 οὖν
709 4541 879 4596 θέλων
904 4545 933 4598 6
972 4543 1145 4615 Ἀδὰμ
1166 4544 1468 4616 ὑπήκουσε,
1493 4549 1586 4603 καὶ
1615 4550 1845 4623 θελήσας
1869 4552 2004 4623 ἔφα-

428 4648 548 4700 γεν,
580 4633 689 4702 ἄρα
717 4634 1083 4704 πρωτοπαθὴς
1114 4637 1166 4687 ὲν
1197 4637 1322 4706 ἡμῖν
1350 4640 1381 4708 ή
1413 4638 1631 4710 θέλησις
1655 4660 1669 4674 ·
1695 4643 1744 4694 εἰ
1769 4643 1824 4696 δὲ
1855 4661 2007 4714 πρω-

427 4724 674 4797 τοπαθὴς
728 4726 762 4796 ἡ
813 4724 1053 4796 θέλησις,
1103 4725 1307 4796 ταύτην
1333 4729 1391 4782 δὲ
1438 4731 1575 4800 μετὰ
1605 4732 1709 4801 τῆς
1743 4734 1955 4803 φύσεως
1979 4738 2007 4789 ὁ

429 4818 606 4885 Λόγος
658 4817 964 4890 σαρκωθεὶς
1015 4819 1117 4872 οὐκ
1164 4817 1426 4873 ἀνέλαϐεν
1450 4837 1461 4849 ·
1511 4822 1610 4875 ούκ
1639 4825 1748 4895 ἄρα
1779 4826 1881 4891 ἔξω
1908 4827 2007 4897 τῆς

432 4909 710 4981 ἁμαρτίας
735 4909 1062 4979 γεγόναμεν.

516 5191 637 5245 Ἔτι
658 5191 716 5245 δὲ
746 5192 793 5245 εἰ
828 5191 991 5263 ἔργον
1020 5192 1185 5249 αὐτοῦ
1213 5195 1244 5264 ἡ
1285 5195 1630 5262 αύτεξούσιος
1664 5198 1762 5267 τῆς
1798 5200 2010 5268 φύσεως

2086 1836 2145 1883 ιιι
2184 1826 2405 1881 divinus
2436 1822 2740 1893 Gregorius
2770 1822 2849 1875 ait
2879 1824 2945 1887 ιδ,
3003 1822 3113 1878 illis
3148 1824 3503 1889 conveniunt,
3534 1837 3657 1893 qua:

2083 1919 2340 1990 potestati
2388 1916 2785 1986 subjiciuntur.
2819 1912 2993 1985 Igitur
3028 1913 3284 1969 Christus
3330 1927 3438 1984 qua
3492 1912 3656 1968 homo

2026 2014 2033 2021 '
2083 2009 2365 2064 voluntate
2394 2006 2658 2077 praeditus
2676 2004 2794 2059 fuit.

2164 2098 2423 2155 Voluntas
2441 2114 2564 2151 cum
2596 2096 2886 2160 naturalis,
2914 2103 3024 2149 tum
3056 2094 3241 2149 libera.
3274 2123 3344 2134 --
3368 2093 3658 2149 Enimvero

2085 2208 2207 2249 cum
2244 2192 2580 2246 voluntatem
2607 2186 2910 2242 naturalem
2932 2186 3374 2256 pronuntiamus,
3402 2200 3510 2239 non
3538 2200 3658 2239 eam

2085 2284 2417 2353 necessitate
2455 2280 2796 2344 obstrictam,
2842 2278 2935 2334 sed
2962 2278 3190 2333 liberam
3238 2276 3492 2339 dicimus.
3522 2274 3660 2330 Nam

2085 2377 2212 2447 quia
2230 2374 2496 2430 rationem
2509 2373 2829 2438 comitatur,
2853 2370 3043 2441 utique
3064 2379 3119 2425 et
3147 2370 3321 2425 libera
3342 2378 3446 2426 est.
3472 2368 3659 2440 Neque

2086 2468 2231 2524 enim
2277 2467 2458 2523 divina
2512 2465 2691 2521 solum
2744 2472 2800 2518 et
2863 2463 3108 2518 increata
3156 2463 3495 2518 coactionem
3548 2476 3660 2517 non

2087 2557 2347 2622 admittit,
2375 2554 2469 2610 sed
2502 2569 2572 2610 ne
2610 2551 2926 2623 intelligens
2953 2550 3173 2623 quidem
3189 2558 3244 2607 et
3265 2559 3471 2607 creata.
3496 2552 3665 2622 ldque

2088 2648 2439 2718 perspicuum
2484 2653 2571 2701 est
2596 2663 2609 2700 :
2638 2643 2766 2714 quia
2797 2643 2959 2709 Deus,
2992 2656 3117 2697 cum
3143 2648 3344 2697 natura
3368 2640 3545 2697 bonus
3565 2642 3664 2707 sit,

2087 2746 2142 2793 et
2172 2745 2368 2792 natura
2393 2734 2646 2791 conditor
2670 2746 2880 2801 rerum,
2907 2739 2963 2788 et
2991 2739 3189 2787 natura
3233 2729 3402 2797 Deus,
3461 2746 3669 2801 nequa-

2090 2846 2253 2901 quam
2283 2830 2398 2884 liaec
2426 2829 2610 2884 omnia
2642 2825 2972 2882 necessitate
2990 2832 3095 2882 est.
3123 2826 3326 2896 Ecquis
3351 2826 3496 2880 enim
3527 2825 3668 2880 hanc

2090 2922 2139 2975 ei
2173 2917 2561 2974 necessitatem
2591 2916 2807 2971 induxit
2834 2914 2859 2968 ἲ

2162 3008 2411 3063 Liberum
2443 3008 2726 3063 arbitrium
2753 3006 2864 3062 Deo
2892 3006 3068 3073 aliter,
3098 3005 3258 3061 aliter
3284 3007 3482 3076 angelis
3508 3047 3522 3072 ,
3556 3004 3667 3059 alio

2093 3103 2247 3157 modo
2276 3100 2572 3156 hominibus
2592 3100 2848 3155 convenit.
2868 3129 2939 3141 υ-
2962 3098 3256 3155 Sciendum
3281 3109 3461 3153 autem
3485 3107 3570 3152 est
3600 3099 3665 3162 ι’,

2094 3196 2308 3251 arbitrii
2346 3194 2651 3250 libertatem
2685 3193 2967 3263 asquivoce
2994 3191 3123 3257 dici,
3165 3190 3323 3244 aliter
3362 3189 3473 3243 Deo
3504 3204 3668 3243 cove-

2093 3287 2235 3350 nire,
2275 3285 2434 3340 aliter
2454 3283 2663 3354 angelis
2687 3289 2741 3336 et
2762 3282 2923 3336 aliter
2947 3278 3285 3336 hominibus.
3305 3280 3366 3331 In
3387 3277 3498 3332 Deo
3521 3280 3669 3333 enim

2094 3373 2538 3444 superesseutiali
2569 3373 2730 3428 modo
2749 3373 2865 3428 base
2882 3388 2989 3428 vox
3008 3370 3327 3441 accipienda
3351 3379 3466 3426 est:
3497 3371 3551 3425 in
3575 3386 3672 3425 an-

2095 3466 2252 3537 gelis,
2272 3466 2345 3518 ita
2370 3472 2429 3518 ut
2451 3464 2733 3535 aggressio
2757 3464 3006 3518 habitum
3033 3463 3350 3525 comitetur,
3375 3478 3476 3516 nec
3504 3462 3669 3517 ullam

2096 3555 2359 3627 temporis
2388 3554 2859 3626 intercapedinem
2884 3554 3158 3609 admittat.
3187 3553 3324 3609 Nam
3354 3570 3476 3609 cum
3508 3569 3673 3626 ange-

2093 3648 2184 3703 lus
2203 3645 2417 3702 arbitrii
2450 3646 2756 3701 libertatem
2790 3653 2987 3715 suapte
3019 3653 3214 3699 natura
3249 3645 3466 3709 habeat,
3499 3644 3674 3699 libere

2098 3753 2164 3795 ac
2180 3739 2301 3794 sine
2315 3738 2429 3793 ullo
2454 3735 2849 3806 impedimento
2885 3751 2949 3792 ea
2981 3736 3175 3801 utitur,
3196 3737 3366 3807 utqui
3386 3752 3485 3791 nec
3509 3736 3675 3790 ullam

2098 3843 2166 3883 ex
2196 3842 2426 3898 corpore
2451 3826 2654 3883 sentiat
2685 3825 3105 3895 repugnantiam
3128 3867 3143 3892 ,
3187 3841 3286 3881 nec
3332 3839 3675 3897 quemquam

2100 3921 2298 3976 habeat
2324 3935 2354 3974 a
2385 3935 2494 3990 quo
2524 3920 2843 3990 impetatur.
2872 3915 2932 3972 In
2960 3918 3282 3974 hominibus
3311 3918 3549 3988 denique
3577 3919 3673 3983 ita,

2101 4020 2164 4067 ut
2189 4012 2413 4067 habitus
2448 4020 2697 4082 tempore
2722 4010 2969 4066 anterior
3000 4012 3353 4080 aggressione
3386 4010 3671 4078 intelliga-

2105 4114 2213 4160 tur.
2253 4102 2518 4170 Quamvis
2547 4102 2693 4157 enim
2729 4101 2888 4157 liberi
2920 4102 3135 4156 arbitrii
3168 4104 3329 4155 homo
3361 4102 3468 4164 sit,
3500 4115 3679 4168 eoque

2104 4212 2167 4253 ex
2206 4210 2306 4253 sua
2338 4205 2534 4249 natura
2570 4193 2800 4263 polleat,
2866 4191 3033 4246 habet
3064 4201 3242 4245 tamen
3273 4191 3437 4243 etiam
3472 4188 3677 4243 diaboli

2106 4288 2527 4357 impressionem
2556 4327 2571 4351 ,
2634 4295 2689 4341 et
2740 4284 2998 4355 corporis
3056 4290 3286 4335 motum.
3329 4279 3511 4346 Quare
3548 4294 3696 4334 cum'

2031 4427 2075 4482 Β
2107 4387 2332 4452 propter
2365 4379 2474 4434 vim
2522 4378 2669 4432 illam
2723 4378 2968 4439 diaboli,
3021 4381 3137 4428 tum
3176 4382 3399 4445 propter
3428 4373 3679 4444 corporis

2104 4470 2345 4542 pondus,
2378 4467 2660 4539 aggressio
2684 4467 2874 4521 habitu
2915 4465 3192 4536 posterior
3222 4473 3326 4521 est.

2171 4560 2330 4615 Ratio
2352 4570 2405 4612 ut
2428 4558 2664 4613 debuerit
2694 4557 2934 4613 voluntas
2960 4559 3192 4612 humana
3226 4557 3391 4612 libera
3422 4575 3455 4612 a
3518 4556 3680 4612 Verbo

2105 4652 2328 4707 assumi.
2358 4679 2427 4690 —-
2458 4648 2648 4718 Itaque
2683 4648 2750 4714 ³⁸,
2792 4649 2837 4703 si
2870 4648 3060 4703 volens
3083 4648 3330 4703 Adamus
3366 4646 3680 4719 suggerenti

2105 4743 2288 4800 scelus
2340 4756 2623 4798 assensum
2683 4741 2983 4812 praestitit,
3040 4741 3343 4811 volensque
3398 4741 3676 4795 comedit:

2107 4849 2238 4905 ergo
2278 4832 2455 4904 prima
2504 4832 2562 4885 in
2593 4831 2753 4887 nobis
2797 4831 3050 4887 voluntas
3097 4831 3348 4886 morbum
3380 4830 3676 4886 contraxit.

2110 4927 2265 4994 Quod
2296 4925 2342 4982 si
2380 4924 2641 4980 voluntas
2681 4923 2859 4994 prima
2895 4924 3086 4979 morbo
3130 4923 3405 4995 suhjacuit
3437 4964 3453 4989 ,
3503 4937 3682 4991 neque

2110 5019 2252 5074 hanc
2279 5016 2518 5072 Verbum
2544 5015 2884 5071 incarnatum
2913 5030 3019 5070 una
3053 5030 3176 5071 cum
3205 5024 3397 5071 natura
3428 5027 3683 5084 assump-

2111 5109 2217 5175 sit;
2246 5108 2497 5179 sequitur
2524 5121 2627 5161 nos
2656 5122 2685 5159 a
2714 5116 2941 5175 peccato
2967 5107 3232 5162 liberatos
3261 5122 3368 5161 non
3397 5104 3587 5160 fuisse.

2180 5199 2447 5254 Praeterea
2477 5238 2492 5262 ,
2547 5197 2592 5252 si
2632 5205 2846 5253 naturae
2897 5198 3200 5252 libertatem
3256 5198 3371 5267 ipse
3415 5195 3682 5259 condidit,

517 5329 562 5411 ξξ
603 5328 839 5411 Philipp.
883 5346 943 5398 tt,
977 5333 1030 5387 8.
1105 5336 1149 5368 ¹³
1179 5334 1316 5393 Max.
1392 5336 1434 5368 “
1463 5327 1601 5391 orat.
1644 5337 1731 5403 56,
1762 5340 2102 5410 aliquantum
2128 5358 2159 5396 a
2192 5338 2483 5411 principio.
2566 5338 2608 5369 ’⁸
2644 5335 2862 5390 Maxim.
2892 5334 3023 5389 ibid.
3085 5334 3236 5400 Disp.
3296 5348 3411 5385 cum
3452 5329 3678 5400 Pyrrho.

440 5398 491 5433 “
514 5398 655 5455 Max.
680 5398 815 5455 ibid.

1747 5496 1989 5552 νΑιιιιλΕ
2034 5498 2440 5555 LECTIONES.

520 5596 542 5620 ⁸
570 5588 734 5663 Deest
759 5585 876 5663 καὶ,
901 5584 955 5638 in
988 5598 1121 5663 mss.
1144 5653 1157 5663 _
1197 5594 1226 5663 ιζ
1248 5584 1662 5663 Additur-inN.
1692 5588 1836 5663 :Kal
1858 5590 2001 5663 sl_év_
2014 5590 2132 5663 1M
2137 5589 2288 5663 μὲρα
2307 5588 2401 5663 τοῦ
2420 5589 2622 5663 πάθους
2648 5584 3120 5663 Exegi-101359,}!
3148 5583 3391 5663 δυνατὸν,
3417 5581 3685 5663 παρελθές

447 5656 615 5727 «me
641 5658 901 5727 ποτήριον
929 5653 1086 5727 τοῦτο
1133 5653 1246 5727 όιτιιῖΔ
1282 5656 1437 5722 ἐμοῦ.
1491 5655 1632 5725 Πλὴν
1683 5657 1780 5727 οὐχ
1807 5657 1883 5720 ὡς
1913 5658 2023 5727 ἐγὼ
2054 5653 2354 5727 ’θέλωζᾶλκ
2410 5660 2486 5722 ὡς
2529 5657 2613 5711 σύ.
2655 5656 2785 5709 Ἰδοὺ
2818 5654 2911 5708 δύο
2941 5653 3205 5727 θελήσεις,
3236 5654 3396 5727 Αθεῖκὴ
3444 5653 3561 5725 ἅμα
3594 5655 3685 5707 καὶ

452 5722 799 5795 ἀνθρωπίνήί
825 5726 992 5797 Atque
1027 5723 1075 5776 si
1098 5722 1274 5797 ea_die
1295 5739 1398 5797 qua
1432 5722 1630 5797 passus
1681 5722 1780 5797 est.
1815 5722 1998 5783 dicit':
2029 5747 2047 5780 ι
2090 5722 2247 5783 Pater
2297 5730 2343 5783 si
2370 5729 2487 5797 ﬁeri
2506 5735 2964 5797 potest,rtranseat
2991 5743 3023 5780 α
3052 5722 3131 5780 ine
3160 5725 3303 5797 calin:
3329 5722 3428 5779 iste
3459 5722 3684 5797 {verum

458 5792 636 5864 tamen
671 5792 773 5847 non
804 5794 938 5850 sicut
982 5808 1076 5864 ego
1105 5792 1243 5860 volo,
1276 5793 1365 5847 sed
1396 5795 1530 5847 sicut
1558 5806 1633 5850 tu.
1667 5815 1685 5848 ι
1741 5796 1821 5851 En
1862 5797 1982 5854 dua:
2013 5798 2305 5855 voluntates
2351 5792 2528 5854 divina
2559 5796 2717 5853 simul
2749 5805 2796 5850 et
2831 5796 3081 5852 humana.
3157 5806 3185 5846 (ι
3218 5796 3472 5852 Nonnulli
3521 5792 3682 5847 codd.

459 5863 747 5949 σωμάτων.
