4072 6146
343 389 480 459 1043

1555 392 1616 452 S.
1641 393 1962 456 JOANNIS
1991 397 2423 463 DAMASCENI

3478 399 3610 463 104ιὶ

338 525 484 564 nam:
515 515 695 564 autem
738 521 848 562 non
885 504 1231 576 assumpsit;
1287 511 1382 559 aut
1435 505 1605 576 igitur
1639 511 1920 580 opiﬁcium

2036 516 2262 588 ὓπάρχει
2287 519 2541 589 δύναμις,
2576 519 2784 589 ταύτην
2815 520 2872 573 δὲ
2918 519 3018 574 οὑκ
3059 519 3341 586 ἀνέλαϐεν,
3373 519 3408 591 ἢ
3445 537 3612 574 κατα-

343 614 507 652 suutn
543 599 688 654 velut
722 614 830 652 non
865 597 1072 651 bonum
1103 596 1450 666 reprobavit,
1483 607 1578 652 aut
1610 601 1731 670 ejus
1761 618 1928 658 sana-

344 692 548 744 tionem
581 690 742 744 nobis
772 688 1002 752 invidit,
1033 689 1223 758 sicque
1254 703 1356 744 nos
1384 690 1543 758 plena
1575 692 1929 764 perfectaque

343 778 634 836 curatione
665 781 933 851 privavit,
972 796 1036 834 ac
1071 781 1314 850 seipsum
1354 782 1602 850 passioni
1641 784 1928 855 suhjacen-

345 881 456 926 tem
491 871 764 937 ostendit,
798 871 891 942 qui
926 870 1224 942 perfectam
1255 873 1486 928 salutem
1517 873 1710 930 all‘crre
1736 877 1930 933 nolue-

344 969 450 1035 rit,
479 968 564 1024 vel
600 973 749 1021 certe
776 965 1106 1035 nequiverit.

423 1099 543 1154 Non
562 1101 795 1168 potuisse
809 1113 872 1152 ea:
891 1097 1066 1151 divina
1081 1107 1128 1150 et
1150 1096 1381 1150 humana
1408 1113 1568 1150 unam
1594 1100 1930 1168 componi.—

345 1187 464 1243 Jam
489 1205 619 1244 vero
643 1187 722 1243 l'as
741 1199 970 1254 nonest,
988 1195 1047 1241 ut
1070 1203 1237 1241 unum
1256 1189 1464 1257 aliquid
1487 1204 1551 1243 ex
1575 1189 1790 1247 duabus
1807 1208 1929 1247 con-

349 1280 514 1350 229
542 1281 731 1334 ﬂatum
762 1280 1132 1335 voluntatibus
1155 1281 1402 1336 dicamus
1423 1323 1439 1348 ,
1464 1283 1926 1351 quemadmodum

350 1387 419 1426 ex
450 1372 662 1428 naturis
685 1371 900 1426 duabus
922 1372 1284 1440 compositam
1309 1388 1622 1442 personam.
1654 1375 1924 1442 Primum,

350 1463 483 1532 quia
527 1464 959 1532 compositiones
998 1477 1187 1518 eorutn
1238 1473 1368 1518 sunt
1403 1480 1526 1535 quae
1577 1467 1925 1532 subsistunt,

350 1571 462 1610 non
501 1572 624 1625 quae
656 1557 786 1619 alia,
825 1566 881 1611 et
915 1570 1023 1610 non
1055 1555 1280 1625 propria
1325 1557 1538 1612 ratione
1567 1560 1927 1615 consideran-

351 1655 463 1701 tur.
495 1645 734 1708 Deinde,
775 1644 822 1700 si
860 1645 1203 1700 voluntatum
1243 1652 1297 1698 et
1328 1645 1607 1698 actionum
1650 1648 1927 1716 composi-

349 1738 556 1792 tionem
589 1737 862 1804 dicamus,
892 1738 1126 1790 aliarum
1182 1750 1400 1806 quoque
1434 1737 1771 1791 naturalium
1799 1753 1928 1808 pro-

2031 611 2195 676 γνοὺς
2218 611 2321 680 τῆς
2349 611 2556 675 οίκείας
2586 611 2971 682 δημιουργίας,
2999 612 3074 676 ὠς
3095 614 3156 667 οὑ
3194 612 3386 683 καλῆς,
3410 613 3442 683 ἢ
3481 613 3608 680 φθο-

2029 701 2196 769 νήσας
2217 703 2352 770 ἡμῖν
2381 703 2482 772 τῆς
2502 702 2623 756 κατ’
2655 702 2824 773 αὑτὴν
2853 702 3170 772 θεραπείας,
3203 705 3350 773 ἡμᾶς
3373 705 3471 772 μὲν
3511 703 3610 770 τῆς

2030 792 2330 858 παντελοῦς
2351 795 2670 867 ἀποστερῶν
2701 796 3021 868 θεραπείας,
3051 795 3244 848 ἑαυτὸν
3283 795 3340 847 δὲ
3374 796 3479 848 ὑπὸ
3506 795 3607 846 πά-

2031 880 2121 944 θος
2167 883 2300 938 ὄντα
2347 884 2584 951 δεικνὺς,
2633 887 2713 958 τῷ
2750 888 2824 959 μὴ
2849 887 3046 952 θέλειν,
3077 887 3109 957 ἢ
3146 885 3224 957 τῷ
3253 885 3606 957 μὴδύνασθαι

2029 975 2254 1040 τελείως
2281 975 2494 1041 σώζειν.

2115 1108 2402 1162 Ἀδύνατον
2434 1109 2491 1163 δὲ
2514 1109 2572 1162 ἓν
2603 1127 2654 1162 τι
2688 1107 2940 1162 σύνθετον
2970 1109 3034 1162 ὲκ
3063 1107 3153 1162 δύο
3188 1106 3511 1177 θελημάτων
3528 1104 3610 1160 λέ-

2029 1219 2168 1269 γειν,
2207 1204 2399 1272 ὥσπερ
2447 1206 2511 1256 ὲκ
2558 1203 2668 1257 τῶν
2712 1205 2931 1274 φύσεων
2977 1201 3234 1255 σύνθετον
3283 1201 3603 1254 ὑπόστασιν.

2031 1291 2255 1359 Πρῶτον
2306 1292 2538 1362 nemo“
2590 1293 2646 1346 αί
2709 1291 2992 1354 συνθέσεις
3038 1289 3147 1343 τῶν
3204 1291 3261 1341 ὲν
3309 1289 3606 1343 ὑποστάσει

2027 1382 2219 1448 ὄντων,
2250 1384 2345 1436 καὶ
2371 1385 2430 1436 οὑ
2474 1383 2587 1439 τῶν
2629 1383 2802 1453 ἑτέρῳ
2848 1382 2993 1452 λόγῳ
3016 1421 3031 1447 ,
3062 1381 3158 1434 καὶ
3190 1379 3292 1433 οὑκ
3325 1379 3441 1450 ίδίῳ
3471 1379 3606 1432 θεω-

2031 1475 2312 1546 ρουμένων
2344 1477 2452 1528 είσί
2473 1493 2488 1507 ο
2520 1477 2774 1546 δεύτερον
2803 1474 2882 1539 δὲ,
2923 1474 3006 1527 ὅτι
3065 1473 3114 1526 εἰ
3142 1472 3251 1527 τῶν
3279 1471 3601 1542 θελημάτων

2029 1567 2126 1619 καὶ
2177 1565 2473 1638 ἐνεργειῶν
2525 1566 2782 1620 σύνθεσιν
2839 1563 3105 1634 λέξομεν,
3154 1562 3393 1616 καὶτῶν
3427 1561 3599 1617 ἄλλων
3691 1555 3694 1561 ’

2029 1659 2277 1726 φυσικῶν
2326 1659 2633 1728 ἰδιωμάτων
2669 1657 2923 1711 σύνθεσιν
2972 1657 3147 1710 εἰπεῖν
3192 1653 3604 1724 ἀναγκασθησό-

2033 1750 2173 1819 μεθα
2196 1788 2210 1812 ,
2241 1748 2336 1801 τοῦ
2370 1748 2628 1802 ἀκτίστου
2671 1748 2767 1801 καὶ
2815 1747 2912 1800 τοῦ
2957 1745 3210 1811 κτιστοῦ,
3242 1745 3338 1798 τοῦ
3369 1745 3603 1815 ἀοράτου

346 1828 646 1899 prietatum
706 1828 1170 1895 compositionem
1220 1829 1536 1882 necessario
1590 1827 1924 1896 fatebimur;

2036 1838 2128 1891 καὶ
2164 1836 2359 1906 ὁρατοῦ
2386 1876 2401 1901 ,
2436 1836 2667 1890 καὶτῶν
2701 1836 2982 1890 τοιούτων.
3017 1834 3141 1898 Πῶς
3188 1834 3246 1887 δὲ
3286 1833 3381 1886 καὶ
3435 1832 3497 1885 τὸ
3541 1834 3609 1885 ὲκ

346 1917 456 1970 hoc
490 1926 596 1982 est,
634 1917 867 1972 increati
903 1925 957 1973 et
997 1917 1204 1981 creati,
1235 1917 1532 1974 invisibilis
1582 1928 1638 1974 et
1670 1919 1926 1988 visibilis,

344 2006 694 2076 aliorumque
727 2006 777 2060 id
805 2022 1000 2076 genus.
1035 2008 1102 2059 At
1131 2021 1367 2076 quonam
1395 2009 1618 2063 tandem
1644 2009 1807 2064 modo
1835 2026 1929 2066 vo-

346 2097 537 2154 luntas
586 2115 652 2152 ex
687 2098 901 2154 duabus
953 2099 1330 2154 voluntatibus
1370 2099 1605 2154 conﬂata
1646 2117 1930 2172 nuncupa-

345 2188 530 2242 bitur?
559 2186 746 2258 Neque
771 2189 916 2243 enim
950 2187 1062 2243 ﬁeri
1095 2190 1291 2258 possit,
1310 2201 1368 2243 ut
1393 2192 1537 2260 quod
1561 2197 1930 2263 compositum

348 2290 477 2345 est,
541 2295 731 2337 earum
780 2296 970 2335 rerum
1030 2281 1233 2350 quibus
1294 2291 1557 2349 constat,
1611 2287 1932 2345 nominibus

347 2371 678 2441 appelletur.
719 2371 859 2426 Nam
900 2372 1146 2442 alioqui,
1185 2373 1317 2428 illud
1357 2377 1520 2428 etiam
1543 2376 1691 2445 quod
1733 2393 1798 2432 ex
1825 2394 1927 2432 na-

347 2465 494 2520 turis
538 2465 903 2534 compositum
951 2473 1034 2519 est
1065 2504 1080 2528 ,
1135 2473 1389 2520 naturam
1423 2467 1763 2535 vocabimus,
1819 2455 1965 2525 non~

347 2572 668 2628 personam.
701 2554 820 2610 Huc
844 2556 1081 2619 accedit,
1121 2557 1265 2625 quod
1301 2557 1346 2611 si
1380 2557 1434 2610 in
1462 2557 1685 2613 Christo
1733 2562 1931 2616 volun-

348 2657 519 2705 tatem
552 2664 715 2703 unam
753 2648 1116 2716 compositam
1140 2648 1465 2715 dixerimus,
1497 2652 1779 2708 voluntate
1803 2669 1930 2708 eum

349 2759 381 2799 a
425 2743 591 2797 Patre
629 2741 1032 2811 disjungemus.
1087 2739 1204 2794 Non
1255 2741 1402 2795 enim
1445 2743 1703 2801 voluntas
1751 2745 1932 2803 Patris

2029 1930 2139 1983 τῶν
2166 1928 2494 2000 θελημάτων
2523 1927 2778 1982 σύνθετον
2819 1926 3034 1998 θέλημα
3083 1923 3607 1998 προσαγορευθήσε-

2029 2038 2152 2087 ται;
2202 2020 2487 2074 Ἀδύνατον
2518 2019 2626 2089 γὰρ
2657 2019 2719 2072 τὸ
2743 2018 2999 2073 σύνθετον
3028 2018 3129 2090 τὴν
3158 2018 3267 2070 τῶν
3315 2016 3607 2071 συντεθέν-

2028 2131 2137 2168 των
2193 2111 2556 2183 ὀνομὰζεσθαι
2612 2110 2986 2183 προσηγορίαν
3006 2119 3047 2164 τ.
3100 2110 3254 2162 Ἐπεὶ
3297 2109 3391 2162 καὶ
3433 2107 3493 2162 τὸ
3540 2108 3606 2161 ὲκ

2028 2204 2137 2256 τῶν
2187 2202 2402 2272 φύσεων
2460 2201 2712 2255 σύνθετον
2740 2211 2796 2264 ³,
2850 2200 3014 2269 φύσιν
3063 2197 3598 2271 προσαγορεύσομεν,

2031 2295 2127 2349 καὶ
2159 2295 2257 2364 οὑχ
2301 2294 2620 2348 ὑπόστασιν.
2652 2293 2774 2345 Ἔτι
2817 2291 2876 2345 δὲ
2917 2293 2968 2344 εί
3011 2292 3070 2343 ἓν
3099 2290 3356 2344 σύνθετον
3391 2290 3596 2360 θέλημα

2030 2386 2123 2438 ἐπὶ
2153 2383 2391 2454 Χριστοῦ
2426 2383 2674 2452 λέξομεν,
2715 2382 2985 2452 θελήματι
3009 2383 3029 2418 τ
3073 2381 3169 2434 τοῦ
3202 2380 3416 2451 Πατρὸς
3439 2379 3597 2431 αὑτὸν

2031 2477 2337 2548 χωρίζομεν
2359 2493 2372 2506 ·
2407 2475 2465 2528 οὐ
2490 2476 2598 2545 γὰρ
2631 2475 2884 2528 σύνθετον
2907 2475 2967 2528 τὸ
2997 2473 3092 2527 τοῦ
3119 2473 3334 2544 Πατρὸς
3369 2471 3600 2542 θέλημα.

2031 2571 2293 2624 Λείπεται
2341 2568 2524 2622 τοίνυν
2579 2570 2754 2620 εἰπεῖν
2806 2567 2973 2637 μόνην
3027 2565 3125 2636 τὴν
3174 2565 3473 2618 ὑπόστασιν
3510 2562 3604 2616 τοῦ

2033 2660 2274 2732 Χριστοῦ
2316 2659 2570 2713 σύνθετον
2613 2659 2711 2712 καὶ
2742 2658 2964 2728 κοινὴν,
3001 2656 3192 2727 ὥσπερ
3223 2656 3335 2711 τῶν
3369 2657 3606 2725 φύσεων,

2032 2748 2177 2803 οὓτω
2209 2748 2436 2803 καὶτῶν
2468 2748 2717 2816 φυσικῶν
2747 2745 2937 2801 αὑτοῦ.

349 2835 657 2905 composila
697 2845 801 2890 εει·
841 2833 1102 2904 Superest
1137 2835 1339 2905 igitur.
1409 2843 1468 2889 ut
1517 2839 1688 2892 solam
1721 2838 1926 2896 Christi
1965 2858 2257 2914 personam
2285 2842 2644 2913 compositam
2673 2839 2948 2906 dicamus,
3015 2852 3496 2910 communemque,
3550 2838 3611 2888 ut

348 2931 593 2995 naturis,
635 2931 709 2984 ita
740 2931 908 2986 etiam
940 2933 1288 2989 naturalibus
1311 2934 1760 3005 proprietatibus.

423 3068 696 3123 Sententia
756 3075 805 3122 et
845 3067 1028 3123 electio
1057 3070 1265 3138 proprie
1311 3086 1413 3124 non
1456 3079 1578 3125 sunt
1607 3073 1661 3124 in
1693 3071 1926 3128 Christo.

2107 3067 2339 3136 Γνώμην
2380 3067 2436 3121 δὲ
2489 3067 2586 3120 καὶ
2628 3065 2953 3138 προαίρεσιν
2974 3064 3084 3133 ('55)
3123 3063 3218 3118 ἐπὶ
3261 3063 3358 3119 τοῦ
3405 3066 3626 3137 Κυρίου

351 3190 423 3202 -
447 3162 516 3214 At
552 3175 684 3216 vero
726 3162 769 3193 "
799 3163 1133 3216 sententiam
1166 3169 1220 3216 et
1258 3163 1588 3220 electionem
1615 3166 1669 3221 in
1699 3166 1932 3223 Domino

2038 3161 2218 3231 λέγειν
2247 3160 2532 3226 ἀδύνατον,
2561 3161 2722 3231 εἴπερ
2759 3159 3130 3230 κυριολεκτεῖν
3159 3159 3502 3229 βουλοίμεθα.
3550 3159 3612 3212 Ἦ

354 3248 542 3303 dicere
572 3265 683 3303 non
713 3263 1034 3319 possumus,
1063 3250 1108 3306 si
1128 3251 1346 3321 quidem
1381 3253 1602 3324 proprie
1630 3253 1779 3324 loqui
1811 3263 1932 3310 stu-

356 3339 609 3395 deamus.
645 3339 931 3396 Sententia
959 3344 1107 3397 enim
1148 3351 1271 3414 post
1295 3345 1495 3414 ignota:
1529 3346 1606 3400 rei
1633 3346 1934 3416 investiga-

355 3432 565 3486 tionem
586 3441 641 3487 et
670 3432 1148 3499 deliberationem,
1180 3436 1544 3492 consiliumve
1569 3437 1933 3506 etjudicium,

361 3521 581 3577 all‘ectio
613 3531 666 3578 et
693 3523 984 3593 dispositio
1018 3533 1101 3581 est
1137 3525 1192 3580 in
1227 3525 1279 3580 id
1313 3527 1458 3596 quod
1490 3529 1771 3583 decretum
1809 3528 1932 3582 fuit.

363 3613 539 3678 Quam
601 3613 820 3682 quidem
876 3615 1224 3670 affectionem
1274 3618 1529 3687 sequitur
1557 3619 1779 3683 electio,
1816 3633 1940 3688 qua:

364 3705 599 3760 alterum
633 3719 746 3776 prae
774 3704 949 3759 altero
977 3705 1133 3775 eligit
1160 3714 1214 3760 et
1234 3707 1604 3776 amplectitur.
1635 3708 1798 3777 Atqui
1832 3706 1938 3763 Do-

363 3794 572 3856 minus,
604 3809 730 3846 cum
782 3810 954 3865 purus
1002 3796 1166 3849 homo
1217 3811 1324 3850 non
1359 3804 1526 3863 esset,
1555 3812 1744 3851 verum
1773 3799 1938 3853 etiam

363 3885 533 3950 Deus,
573 3885 874 3954 omniaque
897 3895 1184 3956 perspecta
1219 3888 1462 3955 haberet,
1493 3904 1592 3942 nec
1615 3889 1938 3944 considera-

364 3984 538 4045 tione,
574 3994 676 4034 nec
726 3978 1111 4048 inquisitione,
1145 3994 1247 4033 nec
1297 3979 1695 4035 deliberatione
1723 3981 1937 4049 egebat,

365 4090 544 4145 neque
577 4074 744 4129 etiam
777 4072 993 4144 judicio
1032 4088 1046 4137 ;
1078 4071 1440 4141 quamobrem
1491 4080 1688 4126 natura
1720 4085 1942 4140 compa-

316 4215 332 4234 η
364 4173 525 4219 ratus
578 4170 718 4228 erat,
764 4170 824 4216 ut
859 4161 1271 4217 necessitudine
1306 4160 1539 4227 quadam
1573 4160 1718 4213 bono
1761 4159 1943 4215 adhae-

319 4284 326 4304 ι
366 4263 534 4322 reret,
568 4273 632 4312 ac
659 4272 858 4313 rursus
891 4271 921 4310 a
954 4256 1098 4310 malo
1129 4253 1550 4308 averteretur“.
1591 4253 1682 4308 Sic
1705 4253 1851 4308 enim
1887 4265 1941 4310 et

367 4347 542 4402 Isaias
596 4347 866 4418 propheta
904 4347 980 4400 ait
1011 4364 1024 4400 :
1054 4345 1352 4415 Antequam
1410 4343 1546 4397 sciat
1573 4358 1701 4410 puer
1730 4344 1943 4414 prweli-

367 4456 488 4510 gere
518 4440 682 4504 mala,
722 4441 875 4510 eliget
927 4441 1120 4495 bonum
1158 4455 1180 4495 :
1217 4438 1467 4510 quoniam
1518 4447 1800 4506 antequam
1857 4454 1945 4492 co-

2039 3252 2236 3323 γνώμη
2271 3251 2380 3324 γὰρ
2409 3250 2548 3322 μετὰ
2575 3250 2673 3320 τὴν
2701 3253 2830 3320 περὶ
2857 3247 2954 3301 τοῦ
2984 3249 3348 3316 ἀγνοουμένου
3383 3248 3612 3316 ζήτησιν

2041 3346 2136 3399 καὶ
2193 3343 2511 3415 βούλευσιν,
2563 3344 2685 3415 ήτοι
2734 3340 2930 3412 βουλὴν
2974 3339 3070 3393 καὶ
3117 3340 3328 3408 κρίσιν,
3376 3338 3514 3408 πρὸς
3545 3337 3606 3389 τὸ

2041 3437 2231 3508 κριθέν
2273 3439 2390 3490 ἐστι
2431 3436 2712 3498 διάθεσις.
2759 3433 2895 3489 Μεθ’
2944 3429 3075 3505 ἧνή
3121 3429 3462 3502 προαίρεσις,
3510 3431 3604 3483 ἐκ·

2043 3528 2334 3599 λεγομένη,
2365 3527 2461 3580 καὶ
2487 3527 2788 3596 αἱρουμένη
2820 3525 2929 3595 πρὸ
2967 3523 3063 3578 τοῦ
3097 3524 3283 3593 ἐτέρου
3313 3522 3372 3576 τὸ
3401 3521 3610 3591 ἕτερον.

2056 3619 2116 3673 Ὅ
2141 3621 2198 3673 δὲ
2220 3620 2430 3690 Κύριος
2458 3619 2518 3671 οὑ
2543 3617 2698 3687 ψιλὸς
2726 3615 2800 3669 ὣν
2839 3617 3147 3686 ἄνθρωπος,
3180 3614 3315 3668 ἀλλὰ
3346 3612 3440 3666 καὶ
3461 3609 3613 3677 Θεδς,

2046 3712 2142 3765 καὶ
2170 3711 2350 3764 πάντα
2385 3710 2566 3772 εἰδὼς,
2597 3708 2853 3778 ἀνενδεὴς
2882 3706 3150 3775 σκέψεως,
3187 3706 3282 3758 καὶ
3310 3704 3613 3774 ζητήσεως,

2046 3801 2142 3856 καὶ
2171 3799 2366 3870 βουλῆς
2400 3800 2636 3869 ὑπῆρχε,
2687 3798 2783 3852 καὶ
2826 3798 3081 3870 κρίσεως,
3118 3797 3215 3850 καὶ
3246 3795 3489 3864 φυσικῶς
3517 3793 3614 3861 τήν

2044 3907 2105 3943 τε
2137 3890 2274 3959 πρὸς
2299 3889 2362 3941 τὸ
2404 3888 2568 3942 καλὸν
2599 3881 2746 3957 εἶχεν
2781 3886 3079 3950 οἱκείωσιν,
3120 3887 3218 3938 καὶ
3245 3884 3342 3952 τὴν
3376 3883 3513 3953 πρὸς
3555 3883 3617 3934 τὸ

2045 3981 2216 4035 κακὸν
2248 3980 2626 4053 ἀλλοτρίωσιν.
2667 3978 2822 4031 Οὕτω
2861 3978 2970 4049 γὰρ
3018 3978 3112 4030 καὶ
3150 3976 3379 4038 Ἡσαΐας
3412 3975 3620 4046 προφή·

2049 4091 2148 4143 της
2190 4074 2359 4144 φησὶν
2381 4085 2428 4138 ιι,
2463 4074 2545 4125 ὅτι
2586 4071 2736 4141 Πρὶν
2758 4072 2796 4138 ἢ
2837 4069 3056 4138 γνῶναι
3089 4068 3157 4122 τὸ
3205 4068 3444 4122 παιδίον
3481 4083 3620 4134 προ-

2049 4164 2291 4223 ελέσθαι
2314 4166 2569 4233 πονηρὰ,
2594 4163 2902 4226 ἐκλέξεται
2921 4161 2986 4215 τὸ
3017 4161 3242 4231 ἀγαθόν
3264 4177 3278 4190 ·
3303 4159 3452 4212 διότι
3478 4157 3620 4225 πρὶν

2048 4253 2268 4324 γνῶναι
2302 4255 2370 4309 τὸ
2406 4255 2646 4308 παιδίον
2675 4253 2898 4323 ἀγαθὸν
2930 4254 2967 4321 ἣ
3000 4252 3218 4318 κακὸν,
3247 4249 3483 4305 ἀπειθεῖ
3511 4265 3620 4300 ποι·

2049 4348 2225 4415 νηρίςι
2254 4347 2360 4400 τοῦ
2387 4345 2749 4410 ἐκλέξασθαι
2784 4345 2849 4398 τὸ
2888 4345 3116 4412 ἀγαθόν
3142 4359 3156 4374 '
3192 4342 3264 4394 Τὸ
3293 4343 3424 4412 γὰρ,
3459 4340 3620 4406 πρὶν.

2049 4437 2198 4506 δηλοῖ
2221 4437 2303 4488 ὅτι
2331 4437 2392 4488 οὑ
2428 4436 2551 4488 καθ’
2584 4437 2732 4506 ἡμᾶς
2757 4434 3003 4506 ζητήσας
3034 4435 3129 4486 καὶ
3167 4432 3616 4504 βουλευσάμενος,

367 4540 586 4606 gnoscat
623 4549 751 4602 puer
793 4531 982 4586 bonum
1017 4541 1067 4585 et
1101 4531 1322 4596 malum,
1372 4529 1638 4583 malitiam
1697 4528 1933 4596 reproba-

2053 4528 2193 4584 ἀλλὰ
2222 4529 2355 4593 Θεὸς
2402 4527 2512 4593 ὢν,
2569 4528 2664 4580 καὶ
2703 4525 2900 4589 θεῖκῶς
2935 4526 3077 4580 κατὰ
3133 4525 3314 4596 σάρκα
3361 4520 3616 4586 ὑποστὰς,

475 4711 514 4742 ⁸⁷
540 4707 684 4763 Max.
719 4708 860 4763 Dial.
903 4708 1276 4780 cumlerrho.
1347 4709 1388 4741 ¹⁸
1415 4707 1589 4764 Basil.
1622 4706 1675 4760 in
1703 4708 1845 4777 psal.
1875 4721 2025 4770 XLIV,
2049 4703 2132 4759 vel
2158 4703 2347 4776 potius
2375 4702 2431 4757 in
2471 4716 2596 4773 cap.
2630 4717 2708 4756 v11
2737 4700 2912 4755 lsaiaz.

1675 4860 1913 4916 VARle
1952 4858 2359 4916 LECTIONES.

449 4990 471 5016 "
499 4981 647 5036 Multi
701 4977 862 5033 codd.
912 4981 975 5049 τῇ
1000 5019 1013 5032 .
1044 5016 1059 5032 .
1192 4975 1550 5049 προσηγορίᾳλ

1652 4985 1673 5012 ⁸
1710 4973 1840 5043 Reg.
1879 4975 1931 5038 5,
1961 4974 2116 5028 Colb.
2145 4973 2168 5027 1
2213 4973 2487 5034 σύνθετον,
2515 4970 2769 5024 σύνθετον
2797 4968 2978 5043 φύσιν.
3059 4969 3077 5006 ί
3111 4969 3258 5043 Alias
3296 4967 3619 5040 θελήματος,

376 5063 440 5111 ut
468 5053 524 5108 in
558 5051 693 5122 Reg.
731 5050 890 5105 1986.
951 5039 994 5088 ’ἶι
1026 5047 1161 5103 Cod.
1205 5039 1265 5100 δ’.
1296 5039 1401 5100 ΗΠ.
1434 5039 1647 5115 ρι’Βεε.
1691 5045 1742 5112 7,
1773 5039 1926 5099 Colb.
1955 5046 1989 5100 5
2021 5043 2164 5097 οὑτω
2187 5044 2316 5112 γοῦν
2342 5043 2436 5096 καὶ
2476 5043 2704 5105 Ἡσαΐας
2730 5041 2916 5110 φησὶν,
2941 5041 3022 5094 ὅτι
3048 5039 3198 5110 πρίν.

451 5313 564 5382 (55)
605 5309 863 5382 Γνώμηις
898 5306 967 5361 δὲ
1014 5307 1113 5382 καί
1163 5305 1539 5382 apert/pectre.
1579 5305 1644 5382 ᾼι
1673 5318 1955 5382 vero-fen-

384 5371 600 5435 teritidm
625 5391 673 5436 et
705 5371 1029 5434 electionem.
1062 5379 1150 5431 Sic
1173 5371 1439 5431 Maximus
1476 5375 1618 5430 Dial.
1651 5390 1766 5427 cum
1792 5371 1952 5441 Pyrr.

381 5460 436 5506 et
469 5453 621 5518 epist.
656 5453 708 5515 l,
755 5451 823 5504 ad
873 5448 1100 5512 Marin,
1142 5449 1236 5503 ubi
1279 5447 1516 5502 ostendit
1556 5445 1801 5518 admissa
1828 5457 1956 5496 sen-

383 5513 558 5574 tentia
609 5531 663 5574 et
696 5513 988 5574 electione
1054 5518 1293 5572 humana
1359 5516 1622 5584 consequi
1672 5513 1953 5584 Christum

382 5603 594 5644 merum
631 5589 901 5643 hominem
933 5589 1235 5652 exstitisse,
1267 5587 1358 5657 qui
1391 5582 1663 5657 arbitratu
1693 5599 1794 5640 suo
1829 5582 1960 5634 alle-

383 5666 508 5714 ctus
551 5657 894 5718 cohibuerit.
944 5665 998 5713 et
1035 5660 1088 5710 in
1135 5655 1334 5711 bonum
1364 5665 1417 5710 et
1452 5655 1656 5708 malum
1698 5667 1954 5723 partequa

385 5727 632 5782 converti
703 5725 959 5792 potuerit.
1023 5726 1388 5791 Quamobrem
1441 5727 1485 5779 si
1541 5725 1668 5793 quis
1727 5724 1949 5793 Patrum

384 5794 595 5854 Christi
629 5793 957 5849 humanitati
978 5796 1298 5851 electionem
1329 5792 1604 5862 tribuerit,
1640 5793 1778 5849 nihil
1802 5792 1950 5847 aliud

1957 5181 2188 5241 ΝΟΤιίΕ.

2059 5316 2181 5354 eum
2220 5299 2561 5367 signiﬁcasse
2610 5308 2809 5368 praeter
2836 5294 3128 5368 ὀρεκτικὴν
3175 5294 3428 5368 δύναμιν,
3463 5299 3625 5368 natu-

2059 5371 2228 5422 ralem
2257 5363 2367 5422 vim
2404 5363 2692 5438 appetendi
2719 5408 2734 5429 ,
2773 5363 2881 5423 seu'
2905 5363 3205 5438 naturalem
3245 5363 3407 5416 animi
3433 5363 3626 5438 volun-

2060 5447 2248 5494 tatem.
2274 5430 2544 5494 Czetcrum
2574 5455 2633 5494 se
2653 5437 2941 5493 Thalassio
2971 5436 3247 5504 quondam
3275 5430 3621 5502 respondisse

2061 5508 2412 5581 προαίρεσιν
2423 5509 2753 5581 electionem
2789 5507 3012 5562 Christo
3052 5504 3350 5559 convenire
3375 5543 3388 5565 ,
3425 5508 3504 5581 με..
3529 5513 3627 5581 pro

2059 5569 2347 5633 voluntate
2381 5579 2552 5634 libera
2592 5579 2863 5639 sumitur,
2914 5591 3036 5645 qua:
3079 5583 3260 5629 careat
3288 5570 3438 5645 omni
3472 5569 3625 5623 defe-

2061 5649 2265 5704 ctionis
2289 5656 2344 5703 et
2377 5648 2762 5702 mutabilitatis
2797 5643 2943 5710 labe,
2966 5661 3089 5714 qua:
3122 5643 3392 5714 libertatis
3422 5647 3626 5711 nOSIrte

2059 5734 2246 5771 comes
2297 5725 2403 5779 est,
2458 5733 2563 5772 non
2613 5724 2795 5770 autem
2836 5725 2895 5769 ut
2933 5713 3301 5771 consultando
3350 5715 3626 5766 contrane

2059 5789 2309 5861 dispicit,
2337 5788 2512 5857 deque
2537 5789 2646 5843 illis
2683 5786 2952 5858 decernit.
