2036 3073
159 144 229 178 1047

156 248 308 282 stantialis,
322 248 441 275 divinam
460 255 588 282 perzeque
603 249 790 283 operationem
818 250 947 284 habebat;

156 299 185 322 et
202 300 233 322 ut
250 295 341 322 iactus
368 294 451 321 homo
465 298 493 321 et
520 295 771 323 consubstantialis
788 296 882 329 nobis,
895 297 949 324 hu-

156 349 246 369 mana:
258 347 367 376 quoque
393 344 489 367 natura
507 342 696 376 operationem
707 343 739 369 "’.

193 387 276 422 Atqui
294 387 438 414 sciendum
454 393 497 415 est
525 389 600 415 aliud
622 397 684 417 esse
699 393 802 422 actum,
815 390 873 417 sive
885 397 951 423 ope-

157 434 306 465 rationem,
322 433 397 460 aliud
424 441 487 461 esse
502 434 529 460 id
553 435 624 468 quod
646 439 791 462 actuosum
808 439 861 469 est,
876 436 951 463 aliud

157 480 298 511 eiIectum.
315 479 389 513 aliud
401 480 520 515 denique
535 487 703 515 operantem.
720 482 807 508 Actus
821 483 895 509 enim
910 486 952 509 est

158 526 252 553 eﬂicax
278 530 305 552 et
330 526 523 553 substantivus
553 527 651 554 animis
669 532 773 555 motus.
800 527 952 555 Actuosmn

158 577 201 600 est
214 572 272 607 ipsa
288 575 399 605 natura,
416 580 447 600 ex
463 580 517 607 qua
530 575 654 607 operatio
669 574 868 608 proﬁciscitur.
882 573 953 601 Elie-

159 622 235 645 ctutn
253 622 296 645 est
310 617 378 645 illud
394 618 467 653 quod
481 623 542 645 actu
557 619 683 646 eilicitur.
698 619 819 647 Tandem
833 628 953 654 operans

160 664 208 690 ille
230 668 272 691 est
285 664 333 699 qui
350 669 413 691 actu
440 665 537 697 utitur,
552 666 610 692 sive
630 673 761 700 persona.
781 665 869 693 Porro
885 673 954 693 non-

160 719 304 747 nunquam
333 717 412 740 actus
438 712 497 748 ipse
510 713 636 740 effectum
653 713 766 747 dicitur,
788 717 815 741 et
830 714 954 741 vicissim

161 758 300 791 effectum,
322 763 412 792 actus,
443 760 516 786 sicut
535 760 648 794 κτίσμα,
672 759 773 787 dicitur
798 760 897 790 κτίσις.
913 758 956 785 Di-

162 805 251 832 cimus
267 805 339 832 enim
356 806 378 821 ’⁸
391 806 495 841 πᾶσαὴ
509 806 608 838 κτίσις,
627 806 700 841 quod
721 810 765 834 est
779 806 866 833 omnis
881 813 956 833 crea-

164 852 211 883 Iio,
231 855 260 878 ut
273 859 317 879 res
334 855 440 879 creatas
464 851 660 887 significemus.
831 871 833 873 -

203 898 279 925 Vocis
298 898 422 933 ἐνέργεια
454 898 593 933 multiplex
610 899 738 934 acceptio.
753 914 787 918 --
800 898 959 927 Observan-
974 890 995 917 Β

164 944 228 969 dum
253 943 337 970 etiam
354 949 407 976 est,
426 949 519 971 actum
538 946 596 973 sive
618 945 770 976 actionem,
786 952 847 972 esse
861 944 960 972 motio-

164 997 237 1021 nem,
255 991 357 1025 agique
368 991 472 1025 potius,
489 999 571 1026 quam
592 1000 683 1026 agere,
698 992 773 1025 juxta
791 996 874 1026 atque
891 991 960 1018 Gre-

164 1037 259 1071 gorius
273 1037 310 1062 ait
322 1037 349 1063 in
365 1038 491 1064 oratione
500 1037 532 1064 de
549 1037 654 1071 Spiritu
674 1042 771 1064 sancto
782 1037 804 1052 ²⁹
822 1046 827 1063 :
844 1046 853 1061 ι
867 1035 895 1063 Si
911 1044 960 1063 au-

166 1085 220 1107 tem
252 1084 295 1107 est
323 1081 406 1113 actio,
436 1086 533 1116 agetur
554 1082 661 1115 utique,
688 1090 743 1109 non
760 1089 825 1109 vero
839 1085 915 1116 aget;
934 1085 961 1109 et

166 1126 251 1153 simul
267 1130 350 1161 atque
364 1132 424 1154 acta
449 1127 543 1158 fuerit,
564 1127 681 1155 desinet.
696 1138 705 1153 ›

203 1172 273 1199 illud
301 1173 383 1199 etiam
419 1177 462 1200 est
492 1173 702 1205 advertendum,
736 1175 818 1202 vitam
850 1183 961 1211 quoque

168 1222 259 1245 actum
271 1226 344 1252 esse,
362 1219 417 1246 imo
442 1219 602 1253 primarium
618 1220 748 1248 animalis
764 1225 876 1255 actum;
895 1223 963 1257 quin

167 1269 194 1291 ct
225 1269 310 1291 totam
340 1265 471 1293 animalis
497 1266 679 1298 iunctionem,
705 1267 764 1295 sive
780 1269 964 1296 nutriendiet

168 1311 310 1338 crescendi
328 1315 470 1342 virtutem,
486 1311 538 1338 hoc
552 1316 595 1338 est
607 1313 813 1346 vegetatricem,
836 1314 894 1340 sive
909 1321 964 1340 mo-

169 1361 238 1389 tum,
256 1356 302 1391 qui
320 1355 349 1382 fit
366 1357 585 1391 perimpulsum,
602 1357 628 1383 id
644 1362 685 1384 est
696 1358 869 1390 sentientem,
883 1358 961 1393 231

169 1403 228 1430 sive
242 1403 351 1430 tandem
370 1407 473 1430 motum
494 1404 653 1431 intellectus
678 1408 705 1430 et
736 1404 815 1431 liberi
845 1405 962 1431 arbitrii.

168 1450 256 1475 Actus
286 1453 378 1476 autem
403 1452 446 1476 est
463 1450 591 1484 potentiae
605 1449 749 1483 perfectio.
766 1449 835 1476 Cum
870 1450 965 1484 itaque

169 1494 229 1521 haec
242 1494 268 1521 in
279 1494 390 1521 Christo
407 1495 619 1530 perspiciamus,
633 1495 770 1523 fateamur
790 1503 856 1531 ergo
867 1495 966 1523 huma-

169 1548 232 1567 nam
247 1548 358 1576 quoque
373 1540 399 1568 in
411 1548 443 1568 eo
459 1542 646 1576 operationem
661 1550 733 1570 esse.

207 1586 270 1612 Alia
286 1592 394 1613 actuum
408 1595 517 1620 genera.
537 1586 570 1613 Ut
587 1592 759 1620 naturarum,
777 1588 815 1615 sic
830 1590 965 1623 operatio-
980 1583 1001 1593 ν

170 1641 234 1660 num
265 1642 325 1659 cum
359 1634 458 1660 unione
489 1634 626 1661 distinctio
650 1635 680 1661 iu
695 1635 814 1662 Christo.
832 1651 866 1655 -—
882 1636 967 1664 Actus

171 1679 255 1705 etiam
270 1680 373 1706 dicitur
385 1680 407 1695 ”
425 1687 456 1707 ea
469 1680 609 1715 cogitatio,
624 1688 686 1715 qua:
702 1681 820 1715 primum
838 1682 865 1708 in
883 1682 965 1710 nobis

172 1726 326 1755 consurgit,
340 1728 436 1759 estque
456 1725 584 1760 simplex,
601 1726 762 1761 nullamque
778 1727 967 1754 habitudinem

172 1770 319 1805 implicans
334 1771 467 1804 operatio,
494 1776 583 1799 mente
607 1779 701 1799 secum
732 1772 792 1807 ipsa
808 1777 835 1800 et
862 1774 970 1801 occulte

173 1823 255 1843 sensa
271 1823 321 1843 sua
344 1816 525 1850 producente,
554 1818 656 1852 quibus
681 1819 799 1846 sublatis
827 1827 862 1847 ne
891 1827 968 1847 mens

173 1859 285 1894 quidem
315 1862 414 1887 merito
434 1860 490 1888 diei
511 1863 608 1896 possit.
630 1862 737 1890 Dicitur
756 1864 839 1891 etiam
868 1872 969 1892 rursus

174 1910 266 1936 actus,
299 1913 394 1932 earum
420 1914 512 1933 rerum
538 1915 600 1943 quae
624 1910 717 1936 animo
747 1911 906 1945 cogitantur
920 1918 969 1945 per

174 1952 316 1979 sermonis
333 1953 518 1986 prolationem
538 1954 686 1988 patefactio
701 1960 727 1983 et
744 1956 904 1990 explicatio.
918 1957 969 1984 Hic

174 2004 260 2032 porro
287 1991 341 2024 non
354 1997 410 2032 jam
430 1998 550 2033 simplex
577 2004 618 2027 est
635 2005 661 2027 et
675 2002 748 2028 omni
765 2002 899 2029 relatione
916 2010 969 2030 so—

174 2043 264 2075 lutus,
279 2044 347 2079 quin
367 2044 461 2078 potius
480 2045 507 2071 in
531 2045 667 2073 relatione
680 2048 888 2080 consideratur,
903 2049 969 2083 quia

211 2133 316 2176 "‘Sup.
332 2135 414 2176 Ιξὺκιι
427 2136 522 2176 ;_Max.
541 2138 612 2166 Dial.
626 2148 685 2166 cum
703 2140 816 2176 Pyrrho.
855 2140 877 2156 ’θ
889 2139 987 2170 Graeci,
1005 2131 1070 2165 inon
1085 2137 1186 2165 Latini.

177 2168 200 2184 "
227 2168 323 2197 Anast.
337 2168 466 2199 Antioch.

756 147 785 177 S.
808 147 969 178 JOANNIS
981 149 1198 180 DAMASCENI

156 208 245 230 tiones
274 202 403 230 dicimus.
431 202 497 229 Nam
522 203 559 229 uti
587 202 660 230 Deus
685 203 814 239 Patrique
827 205 949 233 consub-

1013 207 1068 239 9sb;
1099 208 1147 234 καὶ
1180 207 1220 242 τῷ
1258 206 1346 242 Πατρὶ
1384 204 1545 241 ὁμοοὺσιος,

1724 142 1796 175 1048

1587 202 1689 238 ὁμοίως
1701 206 1713 220 ι
1746 202 1796 237 τὴν

1004 254 1080 281 θείαν
1099 254 1241 290 ἐνέργειαν
1255 274 1263 286 ,
1283 253 1330 280 καὶ
1356 251 1395 283 ὡς
1418 251 1561 286 ἄνθρωπος
1583 249 1729 284 γενόμενος
1748 248 1797 274 καὶ

1004 301 1071 335 ἡμῖν
1091 300 1246 335 ὀμοοὺσιος,
1260 300 1310 334 τῆς
1325 297 1503 335 ἀνθρωπίνης
1519 295 1628 331 φύσεως
1640 301 1653 315 ιι
1676 294 1726 329 τὴν
1751 295 1796 320 ὲν-

1004 348 1126 382 έργειαν.

1049 395 1149 421 Ίστὲον
1163 394 1191 420 δὲ
1207 393 1245 424 ὡς
1265 392 1329 419 ἄλλο
1346 392 1419 418 ἐστὶν
1440 390 1568 426 ἐνέργεια
1579 409 1586 421 ,
1606 389 1654 415 καὶ
1670 387 1734 414 ἄλλο
1756 387 1796 413 ὲν-

1006 441 1165 476 εργητικὸν,
1177 440 1225 467 καὶ
1236 439 1301 466 ἄλλο
1314 439 1465 474 ἐνέργημα,
1478 437 1526 464 καὶ
1537 436 1602 463 ἄλλο
1616 435 1630 460 ὁ
1643 433 1763 469 ἐνεργῶν
1771 433 1796 460 ι).

1013 487 1156 523 Ἐνέργεια
1173 486 1222 522 μὲν
1239 484 1285 512 οὖν
1305 486 1379 511 ἐστιν
1395 485 1410 519 ἡ
1435 482 1570 519 δραστικὴ
1594 480 1646 527 xu).
1665 479 1800 527 οὑσιωδης

1006 534 1058 569 τῆς
1072 533 1181 568 φύσεως
1193 532 1300 566 κίνησις
1312 539 1319 545 ·
1335 528 1512 564 ἐνεργητικὸν
1529 527 1567 559 δὲ,
1583 528 1600 561 ὴ
1615 526 1696 561 φύσις
1719 524 1749 557 ἐξ
1765 524 1800 559 ἧς

1008 580 1135 615 ἐνέργεια
1154 579 1294 614 πρόεισιν·
1311 576 1453 611 ἐνέργημα
1476 575 1519 607 δὲ,
1536 573 1567 600 τὸ
1587 572 1638 607 τῆς
1656 571 1799 607 ἐνεργείας

1007 625 1182 659 ἀποτέλεσμα
1195 632 1200 637 ·
1216 618 1336 657 ἐνεργῶν
1351 623 1390 652 δὲ,
1405 622 1419 648 ὁ
1429 620 1599 656 κεχρημένος
1613 620 1646 654 τῇ
1659 617 1797 653 ἐνεργείᾳ,

1008 672 1094 706 ἣτοιὴ
1111 671 1268 701 ὑπόστασις.
1285 669 1402 703 Λέγεται
1416 667 1444 694 δὲ
1461 666 1509 693 καὶ
1524 667 1540 702 ἡ
1563 665 1704 700 ἐνέργεια,
1720 663 1798 699 ὲνέρ-

1008 727 1097 755 γημα,
1111 719 1159 745 καὶ
1173 717 1203 744 τὸ
1218 717 1372 752 ἐνέργημα,
1390 715 1527 750 ἐνέργεια,
1537 713 1575 744 ὡς
1587 711 1633 738 καὶ
1645 711 1676 737 τὸ
1684 710 1797 745 κτίσμα,

1010 766 1109 797 κτίσις.
1131 765 1210 791 Οὕτω
1222 764 1277 799 γάρ
1291 770 1383 798 φαμεν
1396 782 1403 794 ,
1422 760 1507 788 πᾶσα
1522 760 1541 794 ἡ
1557 759 1656 791 κτίσις
1668 779 1675 792 ,
1688 757 1722 790 τὰ
1737 756 1797 784 κτί-

1011 822 1026 839 σ
1031 821 1103 848 ματα
1118 811 1272 846 δηλοῦντες.

1052 903 1152 929 Ἰστέον
1168 901 1206 933 ὡς
1220 902 1236 936 ἡ
1255 899 1381 935 ἐνέργεια
1403 897 1512 933 κίνησίς
1530 897 1587 922 ἐστι
1599 917 1605 928 ,
1620 895 1668 922 καὶ
1681 893 1802 928 ἐνεργεῖ-

1010 959 1055 977 ea:
1078 948 1179 985 μᾶλλον
1194 948 1210 982 ἢ
1229 947 1346 980 ἐνεργεῖ,
1360 944 1452 975 καθώς
1468 951 1550 978 φησιν
1563 943 1577 968 ὁ
1589 941 1718 974 Θεολόγος
1736 940 1804 975 Γρη-

1011 998 1101 1032 γόριος
1131 996 1160 1021 ἐν
1183 994 1221 1029 τῷ
1247 993 1311 1028 περὶ
1334 992 1381 1018 τοῦ
1410 990 1490 1025 ἁγίου
1517 988 1681 1032 Πνεύματος
1701 986 1799 1032 λόγῳ·

1097 1040 1124 1066 δὲ
1149 1038 1277 1074 ἐνέργειά
1305 1038 1397 1067 ἐστιν,
1422 1034 1637 1069 ὲνεργηθήσεται
1666 1030 1801 1066 δηλονότι,

1012 1087 1060 1114 καὶ
1075 1087 1125 1112 οὐκ
1141 1085 1298 1120 ἐνεργήσει,
1315 1083 1363 1109 καὶ
1382 1081 1450 1117 ὁμοῦ
1468 1080 1505 1115 τῷ
1525 1077 1717 1114 ἐνερηθῆναι,
1733 1077 1801 1103 παύ-

1013 1141 1101 1159 σεται.
1121 1141 1130 1157 )

1048 1180 1094 1205 Δεῖ
1117 1177 1145 1204 δὲ
1170 1176 1329 1211 γινώσκειν.
1347 1175 1388 1201 ὅτι
1405 1172 1453 1199 καὶ
1475 1171 1545 1207 αὑτὴ
1565 1172 1581 1205 ὴ
1604 1169 1662 1205 ζωὴ
1678 1168 1799 1204 ἐνέργειά

1014 1226 1100 1257 ἐστιν,
1117 1224 1164 1250 καὶ
1183 1224 1199 1258 ἡ
1223 1222 1320 1257 πρώτη
1337 1220 1383 1247 τοῦ
1407 1219 1477 1252 ζώου
1499 1218 1639 1254 ἐνέργειαν
1667 1216 1803 1243 xui-115.31

1013 1272 1030 1306 ἡ
1046 1270 1093 1297 τοῦ
1108 1269 1177 1302 ζώου
1196 1267 1350 1302 οἰκονομία,
1366 1267 1383 1301 ἦ
1398 1275 1427 1292 τε
1444 1264 1580 1300 θρεπτικὴ
1597 1263 1644 1289 καὶ
1659 1260 1804 1296 αὐξητικὴ,

1014 1318 1099 1353 ἣγουν
1113 1315 1236 1350 φυσικὴ,
1261 1314 1341 1348 καὶὴ
1369 1311 1430 1338 καθ’
1453 1310 1542 1346 ὁρμὴν
1565 1309 1691 1344 κίνησις,
1721 1308 1806 1343 ἤγουν

1015 1361 1172 1397 αἰσθητικὴ,
1192 1361 1239 1387 καὶ
1254 1361 1270 1394 ἡ
1286 1358 1379 1393 νοερὰ,
1396 1357 1443 1383 καὶ
1459 1357 1475 1391 ἡ
1500 1354 1676 1387 αὐτεξούσιος
1688 1353 1806 1387 κίνησις.

1015 1409 1163 1444 Δυνάμεως
1180 1407 1209 1433 δὲ
1221 1406 1408 1439 ἀποτέλεσμα,
1423 1404 1440 1439 ἡ
1458 1403 1595 1437 ὲνέργεια.
1611 1401 1643 1427 Et
1655 1398 1702 1427 οὖν
1719 1399 1808 1426 πάντα

1015 1455 1103 1481 ταῦτα
1119 1452 1278 1488 θεωροῦμεν
1293 1452 1323 1478 ὲν
1349 1450 1387 1486 τῷ
1407 1448 1519 1485 Χριστῷ
1531 1469 1539 1482 ,
1560 1448 1614 1483 ἄρα
1637 1446 1686 1474 καὶ
1700 1444 1807 1481 ἀνθρω-

1017 1502 1098 1538 πίνην
1112 1501 1253 1537 ἐνέργειαν
1266 1499 1309 1526 ἐπ’
1324 1497 1407 1525 αὑτοῦ
1424 1498 1559 1532 φήσομεν.

1059 1590 1200 1625 Ἐνέργεια
1221 1588 1343 1623 λέγεται,
1363 1587 1394 1614 τὸ
1415 1586 1526 1622 πρῶτον
1545 1586 1574 1611 ὲν
1592 1585 1658 1620 ἡμῖν
1680 1582 1806 1609 συνιστά-

1019 1645 1098 1671 μενον
1114 1635 1203 1670 νόημα
1213 1643 1220 1649 ·
1239 1635 1285 1660 καὶ
1302 1634 1375 1660 ἐστιν
1391 1632 1463 1668 ἁπλῆ
1477 1632 1523 1658 καὶ
1538 1631 1650 1666 ἄσχετος
1668 1629 1803 1663 ἐνέργεια,

1017 1670 1065 1708 τοῦ
1080 1681 1126 1708 νοῦ
1142 1680 1201 1707 καθ’
1216 1680 1297 1706 αὑτὸν
1312 1677 1424 1712 ἀφανῶς
1436 1677 1470 1703 τὰ
1483 1677 1538 1703 ἴδια
1551 1675 1671 1709 νοήματα
1687 1670 1804 1706 προὸαλ-

1018 1728 1149 1763 λομένου,
1173 1723 1209 1753 ὧν
1233 1725 1317 1760 χωρὶς
1335 1724 1396 1750 οὐδὲ
1420 1722 1482 1754 νοῦς
1504 1721 1537 1748 ἂν
1552 1719 1662 1755 κληθείη
1682 1718 1804 1747 δικαίως.

1019 1774 1137 1807 Λέγεται
1157 1772 1184 1798 δὲ
1200 1771 1280 1797 πάλιν
1295 1770 1433 1804 ἐνέργεια,
1450 1768 1497 1795 καὶ
1513 1768 1530 1801 ἠ
1542 1766 1587 1793 διὰ
1601 1765 1651 1799 τῆς
1667 1763 1807 1798 προφορᾶς

1018 1819 1064 1845 τοῦ
1075 1819 1155 1852 λόγου
1171 1816 1325 1852 φανέρωσις
1337 1816 1384 1841 καὶ
1394 1813 1547 1846 ἐξάπλωσις
1557 1811 1612 1837 τῶν
1627 1809 1809 1844 νενοημένων.

1018 1864 1092 1899 Αὕτη
1104 1864 1132 1890 δὲ
1145 1863 1236 1890 οὐκέτι
1249 1861 1362 1897 ἄσχετός
1374 1862 1430 1887 ἐστι
1443 1860 1490 1887 καὶ
1505 1858 1590 1893 ἁπλῆ,
1604 1857 1662 1884 ἀλλ’
1675 1857 1703 1882 ὲν
1720 1854 1811 1890 σχέσει

1019 1910 1195 1945 Θεωρουμένη
1212 1909 1243 1934 ὲκ
1268 1908 1403 1942 νοήματος
1421 1906 1470 1932 καὶ
1494 1905 1575 1939 λόγου
1604 1901 1809 1935 συντεθειμένη.

1023 1957 1078 1983 Καὶ
1095 1955 1164 1990 αὑτὴ
1176 1954 1205 1981 δὲ
1220 1955 1236 1988 ἡ
1253 1954 1355 1988 σχέσις,
1370 1953 1403 1987 ἣν
1418 1952 1475 1987 ἔχει
1492 1952 1506 1977 ὀ
1521 1949 1605 1977 ποιῶν
1618 1946 1684 1984 πρὸς
1694 1947 1725 1974 τὺ
1740 1945 1812 1980 γινό-

1026 2010 1123 2037 μενον,
1153 2000 1279 2036 ἐνέργειά
1306 2000 1380 2025 ἐστι·
1405 1999 1453 2025 καὶ
1479 1997 1546 2024 αὐτὸ
1570 1996 1600 2022 τὺ
1628 1992 1812 2028 ἀποτελούμε-

1024 2057 1068 2075 νον
1086 2047 1142 2082 (56)
1159 2047 1293 2082 ἐνέργεια
1318 2045 1443 2077 λέγεται·
1461 2044 1508 2070 καὶ
1526 2043 1557 2069 τὸ
1579 2042 1628 2078 μέν
1647 2042 1705 2067 ὲστι
1724 2038 1812 2074 ψυχῆς

1234 2137 1257 2153 ¹⁹
1269 2136 1344 2163 Orat.
1364 2135 1409 2168 57,
1439 2135 1612 2171 aliquantum
1630 2140 1644 2159 a
1662 2129 1810 2167 principio.

834 2229 950 2256 VARl/E
971 2227 1176 2256 LEC'l‘IONES.

215 2287 226 2300 ’-
245 2282 322 2321 Deest
337 2284 438 2321 ὁμοίως
450 2286 486 2321 Vin
508 2284 590 2320 Begg.
606 2286 632 2318 6,
648 2290 674 2313 et
696 2291 864 2321 expunctum
876 2292 917 2315 est
931 2288 958 2314 in
970 2287 1047 2314 Colb.
1066 2288 1090 2314 1.

1130 2293 1143 2307 ε
1168 2285 1200 2313 Ν.
1226 2286 1329 2318 οὐσίας.
1368 2286 1382 2305 b
1399 2285 1481 2313 Deest
1505 2282 1640 2310 articulus
1667 2280 1695 2308 in
1727 2279 1810 2314 Regg.

178 2318 204 2347 li,
220 2323 244 2344 et
262 2317 340 2345 Colb.
356 2317 393 2351 'l,
408 2320 434 2346 in
449 2320 481 2346 ll.
500 2317 575 2347 242T
584 2326 611 2348 et
625 2321 702 2348 Colb.
719 2317 841 2355 ntnnine,
859 2323 901 2350 hic
917 2327 943 2350 et
963 2323 1034 2350 inl‘ra
1052 2323 1150 2357 legitur
1164 2322 1190 2349 in
1209 2327 1306 2349 neutro
1323 2321 1354 2348 τὸ
1369 2320 1507 2356 ἐνεργοῦν.

962 2399 1079 2427 NOTAE.

180 2473 242 2508 jure
267 2467 444 2501 subjiciuntur
465 2467 628 2508 auat/tentati
641 2488 647 2498 ,
679 2474 705 2508 ut
721 2469 765 2503 qui
787 2469 922 2497 Christum
945 2469 971 2508 in
989 2469 1011 2496 D
1026 2468 1094 2495 nihil
1106 2468 1179 2508 aliud
1195 2468 1417 2508 euindeliniisse,
1436 2467 1488 2508 nisi
1501 2466 1667 2508 naturalium
1682 2466 1814 2508 operatio-

182 2502 251 2534 iiuus
270 2511 396 2538 personas
412 2504 553 2529 secuerint.
573 2502 719 2539 Nonreuim
736 2509 832 2530 natura
853 2513 911 2539 qua:
923 2505 974 2530 mi-

183 2544 252 2570 ῃίιηε
285 2543 429 2571 operatur,
461 2546 570 2571 prorsus
600 2538 758 2565 substiterit.
784 2538 920 2567 Nimirum
948 2539 974 2566 in

183 2575 282 2613 primis
304 2573 484 2613 Eutychianis
512 2573 817 2613 displicebat_Leonem
835 2581 975 2613 naturam

184 2609 322 2647 duplicem
342 2610 468 2647 intulisse
484 2617 514 2647 ert
543 2609 652 2636 actione
674 2609 777 2647 duplici
797 2618 803 2636 :
825 2611 884 2644 Agit
902 2614 977 2647 utra-

183 2645 233 2682 que
257 2647 344 2682 {arma
355 2653 414 2671 cum
434 2645 544 2672 alterius
560 2646 742 2671 communione
755 2647 823 2679 quati
841 2646 977 2679 proprium

184 2688 233 2709 281.

223 2718 278 2751 (56)
294 2718 347 2743 Καὶ
363 2714 435 2740 αὐτὸ
449 2714 481 2741 τὸ
491 2715 615 2742 damni.
635 2714 749 2749 Ipsaque
762 2723 803 2741 res
819 2714 923 2748 effecta.
938 2715 977 2751 Ad

186 2753 258 2778 hanc
276 2751 415 2787 ἐνεργείας
436 2751 624 2787 acceptionem
647 2751 793 2787 Maximus,
812 2750 839 2776 in
856 2755 874 2776 t.
893 2750 922 2779 ll.
944 2750 976 2776 :ul

188 2787 286 2813 Mnrin.
310 2785 420 2812 revocat
444 2785 583 2812 Anastasii
608 2785 735 2812 Antioch.
759 2785 877 2816 dictum.
898 2794 977 2812 uuam

189 2822 289 2849 Christi
304 2820 444 2855 ἐνέργειαν
462 2820 623 2851 statuentis,
639 2820 747 2847 tametsi
766 2820 884 2853 φυσικὰς
902 2822 975 2855 ἐνερι

189 2858 285 2892 γείας,
308 2854 444 2881 naturales
472 2855 587 2882 actiones
619 2855 708 2888 plures
731 2856 858 2889 doceret,
885 2854 977 2890 aitque

1026 2512 1088 2532 num
1102 2504 1262 2531 indit-uisam
1274 2504 1395 2529 unionem
1410 2507 1433 2529 et
1450 2502 1583 2537 effectum,
1594 2502 1623 2528 τδ
1637 2502 1718 2536 ἔργον
1733 2502 1813 2536 φημὶ,

1027 2541 1075 2568 καὶ
1091 2539 1141 2574 τὴν
1154 2538 1265 2574 πρᾶξιν,
1279 2546 1354 2571 opus,
1366 2538 1484 2572 inquam,
1502 2542 1526 2564 et
1539 2537 1680 2574 actionem,
1699 2545 1750 2574 qua
1762 2537 1816 2563 illi:

1026 2572 1203 2603 innotescunt.
1224 2573 1414 2607 Operationem
1445 2574 1540 2608 quippe
1565 2572 1661 2599 habere
1685 2573 1816 2608 rationem

1028 2610 1197 2640 universalis,
1214 2609 1334 2643 effectum
1355 2613 1378 2635 et
1395 2616 1471 2641 opus.
1487 2608 1671 2642 particularis.
1690 2607 1816 2634 Particu-

1030 2647 1086 2673 larc
1101 2648 1200 2676 dutem,
1215 2643 1370 2671 universalis
1388 2644 1492 2670 nomine
1507 2644 1612 2670 donari.
1630 2643 1682 2670 Sed
1699 2644 1817 2669 Anasta-

1030 2683 1100 2708 sium
1123 2682 1211 2715 ipsum
1226 2680 1371 2706 audiamus
1391 2687 1422 2715 es
1438 2678 1603 2715 fragmento,
1618 2679 1691 2715 quod
1707 2685 1769 2715 cap.
1784 2677 1816 2704 l5

1028 2714 1143 2744 Collect.
1163 2715 1251 2749 reperi
1264 2719 1287 2741 el
1307 2715 1379 2749 quod
1395 2714 1495 2740 Noster
1510 2714 1552 2740 hic
1571 2714 1714 2747 exeripsit.
1726 2714 1816 2749 νἈνα-

1028 2751 1139 2777 στασίου
1156 2748 1322 2784 Ἀντιοχείαξ
1343 2750 1375 2775 ὲκ
1392 2749 1442 2775 τοῦ·
1466 2749 1530 2784 περὶ
1554 2748 1702 2784 ἐνεργειῶν
1725 2748 1815 2784 λόγῳἶ

1027 2786 1166 2812 Anastasii
1176 2782 1343 2815 Antibbheni.
1353 2792 1385 2811 ea:
1394 2784 1462 2810 liln'o
1474 2782 1512 2810 ne
1526 2782 1733 2817 operationibus.
1747 2782 1817 2809 Ἀλλ’

1027 2821 1121 2856 ἐπειδὴ
1146 2820 1305 2856 πολύσημός
1326 2821 1383 2846 ἐστι
1399 2819 1615 2856 τῇςνὲνεργνείας
1633 2818 1752 2856 ἠνφωνὴ,
1771 2818 1818 2856 καὶ

1027 2856 1056 2883 τὸ
1073 2854 1220 2891 ὀμῶνυμον
1248 2855 1352 2890 πλάνης
1380 2855 1512 2886 πολλάκις
1532 2854 1619 2881 αἴτιον
1637 2855 1742 2888 γίνεται
1762 2854 1819 2885 τοῖς
