4072 6146
455 335 589 404 1051

1609 345 1672 405 S.
1713 345 1747 405 Ι
1751 344 1954 406 ΟΑΝΝ
1963 345 2034 404 IS
2079 346 2509 407 DAMASCENI

3562 345 3699 417 1052

449 463 672 517 quoque
705 455 897 505 nostro
951 447 1083 505 Jesu
1139 449 1384 520 Christo,
1417 452 1598 509 virtus
1633 455 2023 509 miraculorum

2135 456 2233 509 τῶν
2259 457 2440 525 ἄρτων
2472 458 2686 521 κλάσις,
2716 459 2775 511 τὸ
2794 459 3025 514 ἀκοῦσαι
3051 461 3140 515 τδν
3162 460 3364 532 λεπρὸν
3392 459 3475 524 τὸ,
3495 460 3658 516 Θέλω

450 539 762 608 divinitatis
786 541 958 609 ipsius
991 548 1148 596 actus
1173 550 1326 609 erat;
1354 553 1409 598 at
1469 559 1730 598 manuum
1758 560 1944 614 opera.
1975 554 2030 600 et

449 629 609 693 velle,
645 637 701 682 et
727 629 927 694 dicere,
981 629 1133 695 Volo,
1174 633 1432 688 mundare
1455 635 1523 700 “,
1557 635 1919 690 humanitatis
1950 635 2032 704 ip-

450 720 568 773 sius
595 727 714 773 erat
742 721 884 775 actio
926 740 940 775 :
976 736 1118 790 Opus
1159 731 1362 788 autem,
1419 725 1689 794 siquidem
1731 725 2026 780 humanam

450 821 704 866 naturam
743 823 981 882 spectes,
1018 829 1218 883 panum
1244 815 1440 871 fractio
1465 818 1537 883 ³³,
1563 819 1822 888 quodque
1853 819 2032 887 lepro-

450 919 546 958 sus
575 905 827 966 audierit,
855 904 1007 971 Volo;
1033 907 1076 961 si
1113 916 1295 960 autem
1325 907 1592 975 divinam,
1614 923 1814 978 panum
1845 909 2032 962 multi-

449 991 692 1060 plicatio,
712 992 911 1062 leprosi
938 993 1238 1048 mundatio.
1257 993 1499 1066 Utraque
1510 997 1654 1051 enim
1670 998 1904 1061 actione,
1925 998 2030 1052 hoc

448 1089 535 1138 est
561 1085 755 1139 animae
771 1086 1108 1154 ctcorporis,
1140 1101 1300 1139 unam
1337 1097 1390 1141 et
1421 1088 1689 1151 eamdem,
1721 1095 2026 1159 cognatam,

447 1182 504 1228 et
535 1175 820 1244 aequalem,
843 1175 1081 1229 divinam
1116 1175 1484 1243 operationem
1501 1179 1842 1232 ostendebat.
1877 1177 2030 1233 Sicut

447 1265 594 1318 enim
611 1266 784 1334 ipsius
803 1274 1028 1321 naturas
1047 1268 1190 1322 inter
1207 1282 1264 1322 se
1278 1269 1458 1323 unitas
1474 1284 1638 1339 seque
1654 1272 1885 1324 invicem
1907 1285 2030 1338 per-

447 1352 709 1409 vadentes
727 1355 1097 1424 agnoscimus,
1123 1371 1222 1411 nec
1249 1365 1427 1412 tamen
1466 1368 1752 1428 propterea
1798 1360 2030 1414 distinc-

447 1443 651 1497 tionem
669 1459 855 1498 earum
881 1445 1206 1511 inliciamur,
1235 1445 1364 1516 quin
1395 1463 1489 1502 eas
1505 1463 1877 1513 numeramus,
1904 1449 2030 1503 licet

451 1533 748 1589 divnsionis
785 1544 1041 1605 expertes
1101 1551 1439 1604 noscamus;
1473 1539 1554 1592 sic
1597 1547 1651 1593 et
1683 1539 2026 1593 voluntatum

451 1631 506 1678 et
541 1625 850 1692 actionum;
882 1626 1041 1696 232
1067 1635 1181 1680 tum
1218 1629 1690 1697 conjunctionem,
1716 1639 1830 1684 tum
1863 1633 2027 1685 etiam

453 1719 864 1774 distinctionem
897 1720 1272 1790 agnoscimus,
1300 1723 1491 1793 sicque
1521 1738 1618 1778 eas
1647 1737 2025 1787 numeramus,

2128 546 2226 615 τῆς
2257 546 2313 598 δέ
2345 545 2568 609 θείας,ὁ
2613 548 2722 600 τῶν
2771 549 2953 618 ἄρτων
2996 549 3334 619 πληθυσμὸς,
3368 549 3466 602 καὶ
3513 552 3547 621 ή
3598 550 3695 604 τοῦ

2127 634 2329 704 λεπροῦ
2375 637 2666 706 κάθαρσις.
2717 640 2794 691 Δι’
2833 639 3163 710 ἀμφοτέρων
3193 639 3322 709 γὰρ,
3366 639 3456 693 διά
3501 657 3563 693 τε
3594 643 3698 710 τῆς

2127 726 2364 798 ψυχικῆς
2407 729 2691 798 ἐνεργείας
2721 733 2817 786 καὶ
2863 732 2959 785 τοῦ
2989 731 3260 803 σώματος,
3296 731 3425 802 μίαν
3455 732 3551 785 καὶ
3595 731 3701 802 τὴν

2128 818 2296 888 αὐτὴν
2357 822 2596 890 συγγενῆ
2663 823 2758 876 καὶ
2806 822 2928 895 ῐσην
2975 823 3309 877 ἐνεδείκνυτο
3369 822 3532 877 αὐτοῦ
3596 823 3702 892 τὴν

2129 905 2280 960 θείαν
2331 909 2639 979 ἐνέργειαν.
2677 911 2890 982 Ὠσπερ
2945 912 3055 984 γὰρ
3099 912 3198 975 τὰς
3254 911 3446 980 φύσεις
3483 909 3698 980 ἡνωμέ-

2127 1014 2224 1061 νας
2286 998 2668 1070 γινώσκομεν,
2736 1002 2833 1056 καὶ
2874 1003 2973 1074 τὴν
3034 1005 3092 1056 ἐν
3142 1001 3404 1069 ἀλλήλαις
3467 999 3732 1073 ἐχούσας¹

2129 1087 2524 1160 περιχὼρησιν,
2551 1092 2645 1144 καὶ
2677 1091 2774 1164 τὴν
2807 1093 3014 1146 τούτων
3053 1093 3316 1164 διαφορὰν
3353 1091 3455 1143 οὐκ
3498 1088 3696 1160 ἀρνού·

2131 1177 2289 1247 μεθα,
2319 1179 2455 1234 ἀλλὰ
2486 1183 2583 1235 καὶ
2618 1183 2987 1255 ἀριθμοῦμεν,
3024 1185 3119 1237 καὶ
3168 1182 3512 1253 ἀδιαιρέτους
3566 1179 3700 1232 ταύ-

2127 1285 2225 1332 τας
2262 1272 2643 1343 γινώσκομεν,
2684 1275 2826 1329 οὕτω
2887 1277 2980 1330 καὶ
3036 1275 3144 1328 τῶν
3189 1274 3548 1343 θελημάτων,
3605 1271 3700 1323 καὶ

2127 1362 2236 1414 τῶν
2271 1365 2582 1436 ἐνεργειῶν,
2611 1368 2706 1421 καὶ
2742 1368 2801 1422 τὸ
2837 1369 3074 1437 συναφὲς
3116 1365 3482 1438 γινώσκομεν,
3516 1363 3608 1416 καὶ
3637 1363 3701 1415 τὺ

2126 1451 2384 1524 διάφορον
2414 1455 2874 1528 ἐπιγινώσκομεν,
2904 1459 2998 1512 καὶ
3039 1455 3400 1528 ἀριθμοῦμεν,
3431 1453 3524 1506 καὶ
3550 1451 3696 1505 διαί-

2130 1559 2280 1615 ρεσιν
2307 1545 2408 1597 οὐκ
2455 1547 2769 1618 εἰσάγομεν.
2822 1551 2920 1602 Ὃν
2963 1549 3166 1619 τρόπον
3202 1547 3373 1616 γὰρὴ
3417 1542 3551 1612 σὰρξ
3595 1541 3696 1594 καὶ

2127 1635 2408 1702 τεθέωται,
2459 1639 2555 1692 καὶ
2597 1640 2901 1711 μεταϐολὴν
2932 1641 3034 1710 τῆς
3089 1640 3294 1701 οἰκείας
3341 1637 3403 1690 οὐ
3459 1633 3698 1688 πέπονθε

2131 1725 2367 1794 φύσεως,
2416 1729 2506 1782 τὸν
2557 1731 2720 1784 αὑτὸν
2750 1731 2956 1803 τρόπον
3003 1731 3098 1784 καὶ
3153 1730 3214 1782 τὸ
3259 1727 3470 1798 θέλημα
3521 1724 3618 1778 καὶ
3663 1725 3701 1794 ἡ

453 1818 514 1862 ut
539 1819 722 1864 tamen
741 1809 1068 1866 divisionem
1093 1827 1200 1865 non
1235 1811 1584 1868 inducamus.
1605 1811 1678 1868 Ut
1704 1814 1850 1868 enim
1876 1827 2027 1878 caro,

2135 1816 2382 1887 ἐνέργεια
2427 1821 2523 1873 καὶ
2570 1801 2867 1874 τεθέωνται
2923 1822 3017 1874 καὶ
3055 1820 3163 1874 τῶν
3213 1819 3430 1873 οἰκείων
3462 1817 3562 1869 οὐκ
3610 1813 3703 1879 ἐξ-

401 1965 404 1970 _
451 1900 704 1968 quamvis
758 1899 959 1955 deitate
1015 1901 1240 1961 donata.
1307 1918 1416 1956 non
1449 1910 1630 1958 tamen
1668 1909 1876 1956 natura:
1912 1916 2027 1956 sua:

453 1991 687 2060 proinde
748 1992 1106 2046 mutationem
1173 1993 1603 2059 subiit;eodem
1654 1992 1839 2058 modo,
1905 1991 2030 2047 licet

451 2082 708 2134 voluntas
736 2088 789 2134 et
827 2082 973 2134 actio
995 2081 1281 2134 divinitate
1305 2081 1517 2135 aﬂ‘ectae
1542 2081 1675 2144 sint,
1709 2097 1817 2135 non
1841 2088 2024 2135 tamen

2136 1905 2381 1961 ίστανται
2413 1910 2584 1979 ὄρωνο
2614 1906 2693 1974 εἷς
2724 1913 2832 1982 γάρ
2866 1914 3034 1977 ἐστιν,
3071 1913 3100 1962 ὁ
3154 1909 3315 1964 τοῦτο
3349 1910 3571 1962 κάκεῖνο
3599 1905 3700 1972 ὣν,

2135 1995 2229 2046 καὶ
2257 1997 2427 2062 οὕτως
2473 2001 2762 2065 κάκείνως,
2804 2002 2926 2072 ἦτοι
2973 2001 3170 2064 θεῖκῶς
3205 2017 3265 2052 τε
3296 1998 3391 2052 καὶ
3421 1996 3704 2069 ἀνθρωπί-

2135 2103 2265 2150 νως,
2295 2087 2462 2144 θέλων
2491 2092 2585 2144 καὶ
2607 2093 2864 2163 ἐνεργῶν.

455 2185 488 2224 a
545 2171 750 2225 ﬁnibus
783 2172 900 2225 suis
955 2181 1328 2226 excesserunt.
1359 2171 1509 2228 Unus
1539 2175 1711 2237 enim,
1768 2174 2022 2243 idemque
2059 2185 2164 2244 est,
2196 2180 2291 2250 qui
2337 2189 2393 2236 et
2441 2182 2568 2250 hoc,
2599 2194 2654 2240 et
2699 2185 2833 2240 illud
2864 2193 2992 2250 est;
3023 2191 3078 2239 et
3106 2183 3216 2238 hoc
3267 2189 3322 2237 et
3379 2180 3474 2235 illo
3506 2175 3691 2239 modo.

455 2260 562 2315 hoc
593 2269 697 2322 est,
731 2259 916 2314 divino
950 2272 1004 2315 et
1047 2260 1312 2327 humano,
1356 2264 1470 2316 vult
1491 2271 1546 2316 et
1575 2264 1707 2333 agit.

525 2355 660 2410 Cum
713 2357 898 2425 itaque
937 2355 1059 2410 duae
1115 2357 1168 2410 in
1223 2356 1445 2412 Christo
1484 2369 1691 2412 naturae
1735 2359 1863 2423 sint,
1897 2357 2034 2412 duas

456 2461 676 2516 quoque
704 2447 758 2499 in
795 2461 860 2500 eo
899 2447 1144 2502 actiones
1167 2447 1350 2502 dicere
1389 2464 1616 2504 necesse
1649 2457 1754 2504 est.
1787 2449 2032 2515 Quorum

455 2539 601 2594 enim
627 2539 839 2592 diversa
866 2548 1059 2592 natura
1089 2547 1194 2601 est,
1235 2539 1428 2593 horum
1469 2555 1686 2609 quoque
1743 2539 1931 2608 dispar
1951 2545 2037 2591 est

457 2629 712 2692 actio;et
738 2639 948 2691 contra.
981 2644 1215 2699 quorum
1252 2640 1444 2687 natura
1498 2631 1683 2684 eadem
1704 2638 1809 2694 est,
1841 2631 2035 2682 horum

457 2727 515 2776 et
559 2720 703 2774 actio
741 2721 929 2774 eadem
964 2738 976 2773 :
1007 2736 1241 2790 quorum
1275 2730 1456 2775 autem
1496 2737 1602 2774 una
1631 2731 1715 2776 est
1739 2723 1905 2785 actio,
1935 2721 2034 2774 ho-

458 2827 582 2867 rum
611 2812 794 2875 etiam,
831 2811 1129 2865 secundum
1162 2812 1348 2867 Patres
1373 2812 1687 2866 divinorum
1719 2827 2032 2866 sermonum

458 2899 814 2970 interpretes,
863 2916 970 2954 una
1031 2909 1118 2955 est
1149 2902 1394 2956 essentia
1447 2901 1512 2955 “.
1568 2901 1753 2971 itaque
1802 2903 2032 2954 duorum

459 2992 694 3047 alterum
751 2993 825 3047 sit
857 2999 1094 3062 oportet,
1126 3001 1220 3046 aut
1247 3009 1411 3048 unam
1437 2993 1705 3048 actionem
1739 2995 1791 3046 in
1814 2993 2036 3048 Christo

458 3081 728 3147 dicentes,
779 3098 942 3137 unam
977 3099 1198 3153 quoque
1248 3085 1549 3140 essentiam
1580 3084 1874 3150 dicamus;
1916 3091 2033 3147 aut,

2211 2363 2314 2416 Δύο
2346 2365 2526 2419 τοίνυν
2547 2365 2644 2429 τὰς
2669 2364 2947 2436 ἐνεργείας
2977 2363 3070 2416 ἐπὶ
3094 2361 3337 2434 Χριστοῦ
3367 2361 3538 2428 λέγειν
3569 2362 3698 2415 ἀνα.-

2133 2457 2328 2524 γκαίον
2353 2455 2443 2508 διὰ
2476 2456 2534 2508 τὸ
2579 2456 2756 2510 διττὸν
2791 2457 2892 2524 τῆς
2928 2453 3162 2522 φύσεως.
3186 2446 3289 2504 Ὧν
3331 2452 3437 2521 γὰρ
3469 2452 3501 2519 ἡ
3533 2450 3698 2520 φύσις

2135 2545 2586 2614 παρηλλαγμένη.
2617 2543 2824 2597 τούτων
2863 2543 3120 2612 διάφορος
3142 2541 3167 2579 ά
3216 2542 3250 2610 ἠ
3301 2541 3575 2609 ἐνέργεια,
3605 2541 3702 2592 καὶ

2133 2626 2207 2686 ὧν
2240 2635 2272 2701 ἡ
2306 2632 2558 2702 ἐνέργεια
2595 2631 3050 2701 παρηλλαγμένη,
3094 2627 3299 2681 τούτων
3328 2629 3362 2698 ἠ
3395 2626 3555 2695 φύσις
3580 2625 3704 2680 διὰ-

2136 2738 2322 2792 φορος.
2346 2722 2456 2774 Καὶ
2487 2721 2549 2774 τὸ
2573 2721 2860 2786 ἀνάπαλιν,
2891 2714 2965 2774 ὧν
2993 2718 3210 2790 ἡφύσις
3243 2719 3276 2788 ὴ
3311 2717 3472 2788 αὐτὴ,
3497 2716 3704 2770 τούτων

2134 2815 2230 2866 καὶ
2261 2814 2294 2882 ὴ
2331 2814 2581 2883 ἐνέργεια
2615 2814 2648 2882 ὴ
2670 2812 2828 2883 αὑτὴ,
2856 2812 2951 2865 καὶ
2978 2804 3051 2863 ὧν
3083 2813 3117 2882 ἡ
3146 2809 3400 2880 ἐνέργεια
3430 2809 3550 2878 μία,
3582 2807 3707 2860 τού·
3742 2796 3756 2811 ’

2132 2921 2240 2956 των
2274 2902 2425 2973 καὶὴ
2457 2903 2612 2956 οὐσία
2646 2904 2767 2972 μία,
2800 2901 2942 2956 κατὰ
2968 2902 3095 2965 τοὺς
3140 2900 3441 2971 θεηγόρους
3473 2911 3496 2938 ο
3535 2898 3707 2952 Πατέ-

2135 3006 2256 3061 ρας.
2289 2991 2532 3061 ’Λνάγκη
2557 2992 2739 3046 τοίνυν
2761 2992 2906 3045 δυοῖν
2929 2990 3179 3062 θάτερον,
3205 2989 3238 3059 ἦ
3267 2990 3396 3060 μίαν
3426 2989 3709 3062 ἐνέργειαν

2135 3082 2231 3135 ἐπὶ
2257 3081 2498 3152 Χριστοῦ
2524 3083 2804 3151 λέγοντας,
2847 3084 2976 3154 μίαν
3013 3082 3196 3151 λέγειν
3231 3081 3328 3135 καὶ
3355 3083 3454 3153 τὴν
3494 3081 3706 3146 οὐσίαν,

456 3174 505 3232 si
547 3174 795 3230 veritatis
841 3175 1074 3229 studiosi
1122 3189 1336 3240 sumus,
1382 3176 1629 3243 duasque
1671 3175 1937 3230 essentias
1967 3189 2034 3228 ex

2137 3171 2192 3242 ἢ,
2218 3174 2378 3243 είπερ
2416 3173 2518 3242 τῆς
2549 3174 2808 3242 ἀληθείας
2844 3174 3102 3245 ἐχόμεθα,
3139 3174 3234 3226 καὶ
3262 3172 3354 3226 δύο
3385 3174 3486 3236 τὰς
3519 3173 3708 3236 οὐσίας

457 3263 740 3336 Evangelii
769 3271 824 3318 et
854 3264 1078 3318 Patrum
1109 3263 1358 3317 doctrina
1409 3263 1753 3327 conﬁtemur,
1784 3263 1922 3318 duas
1948 3263 2038 3318 iti-

458 3356 583 3412 dem
611 3356 862 3410 actiones
887 3365 1256 3410 consentanee
1284 3369 1379 3409 eas
1402 3355 1727 3408 comitantes
1750 3353 2034 3408 fateamur.

457 3445 594 3501 Nam
622 3460 748 3500 cum
779 3445 1083 3501 divinitatis
1118 3445 1332 3500 ratione
1357 3443 1512 3499 Patri
1543 3445 2038 3500 consubstantialis

461 3539 558 3603 sit,
591 3539 821 3608 aequalis
851 3553 1074 3608 quoque
1102 3545 1365 3608 quantum
1397 3536 1466 3591 ad
1490 3538 1764 3591 actionem
1805 3538 1931 3591 erit.
1959 3537 2039 3591 Ac

459 3643 679 3694 rursus,
706 3642 828 3682 cum
855 3626 995 3682 idem
1027 3629 1234 3681 ratione
1252 3626 1602 3680 immanitatis
1621 3625 1778 3680 nobis
1810 3626 1880 3678 sit
1909 3638 2042 3679 con-

459 3721 860 3786 substantialis,
917 3739 1014 3793 par
1063 3723 1226 3778 etiam
1270 3731 1536 3792 quantum
1567 3721 1633 3776 ad
1664 3720 2038 3791 operationem

459 3815 587 3872 erit.
623 3815 714 3868 Ait
762 3815 963 3885 quippe
985 3816 1175 3869 beatus
1193 3813 1490 3884 Gregorius
1523 3813 1817 3882 episcopus
1841 3811 2040 3883 Nysse-

463 3905 627 3962 nus”
647 3921 693 3957 ξι
722 3905 965 3971 Quorum
995 3906 1137 3959 actio
1159 3920 1266 3959 una
1286 3914 1388 3969 est,
1409 3905 1604 3959 horum
1632 3918 1858 3974 prorsus
1875 3912 1930 3958 et
1959 3902 2041 3957 vis

461 3999 676 4056 eadem.
708 4016 727 4049 ι
745 3995 936 4052 Omnis
961 3998 1106 4052 enim
1135 4005 1294 4052 actus
1321 4005 1377 4052 et
1413 3998 1659 4066 operatio
1677 4005 1761 4051 est
1787 3996 2042 4065 potentia:

461 4089 745 4163 perfectio.
786 4087 927 4143 Fieri
970 4103 1132 4158 porro
1171 4089 1375 4158 nequit,
1410 4096 1470 4143 ut
1501 4089 1757 4140 increataa
1773 4094 2040 4142 etcreatae

461 4193 672 4237 naturae
695 4195 798 4235 una
826 4180 896 4234 sit
927 4186 1144 4244 natura,
1165 4178 1247 4233 vis
1277 4187 1330 4232 et
1346 4176 1609 4247 operatio.
1639 4175 1792 4241 Quod
1811 4177 1858 4232 si
1877 4192 2040 4232 unam

463 4278 521 4336 in
547 4277 766 4332 Christo
787 4275 1056 4330 actionem
1079 4271 1399 4334 dixerimus,
1427 4268 1560 4322 nihil
1591 4267 1772 4322 alierri
1810 4268 2030 4337 poterit,

463 4367 597 4438 quin
637 4367 799 4422 Verbi
831 4365 1104 4421 divinitati
1153 4363 1350 4417 animae.
1383 4361 1738 4431 intelligentis
1788 4360 2036 4416 aliectio-

2137 3263 2512 3332 εὐαγγελικῶς
2549 3281 2608 3317 τε
2638 3265 2732 3318 καὶ
2766 3265 3045 3335 πατρικῶς
3071 3263 3457 3334 ὁμολογοῦμεν,
3483 3262 3576 3316 δύο
3609 3265 3712 3318 καὶ

2136 3354 2237 3417 τὰς
2284 3355 2565 3424 ἐνεργείας
2611 3354 2962 3425 καταλλήλως
3009 3355 3191 3416 αὐτοῖς
3228 3352 3523 3422 ἑπομένους
3573 3367 3705 3404 συν-

2138 3447 2440 3519 ομολογεῖν.
2459 3447 2772 3518 Ὀμοούσιος
2793 3447 2901 3519 γὰρ
2922 3445 2996 3501 ὢν
3016 3446 3094 3517 τῷ
3113 3445 3228 3515 Θεῷ
3253 3445 3345 3498 καὶ
3364 3445 3478 3497 Πατ
3487 3441 3540 3514 pi.
3557 3442 3704 3496 κατὰ

2136 3538 2235 3610 τὴν
2267 3539 2516 3610 θεότητα,
2547 3538 2662 3602 ἴσος
2695 3538 2848 3592 ἔσται
2899 3539 2992 3592 καὶ
3025 3538 3168 3592 κατὰ
3212 3536 3307 3608 τὴν
3351 3535 3632 3605 ἐνέργειαν
3656 3532 3707 3588 ί.

2149 3630 2468 3702 Ὀμοούσιος
2493 3630 2550 3683 δὲ
2587 3628 2664 3682 ὢν
2699 3632 2830 3701 ἡμῖν
2861 3631 2889 3682 ὁ
2912 3629 3076 3693 αὐτὸς
3115 3628 3260 3683 κατὰ
3290 3627 3388 3698 τὴν
3421 3625 3708 3696 ἀνθρωπόο

2138 3738 2299 3790 τητα,
2329 3720 2442 3783 ἴσος
2475 3721 2628 3772 ἔσται
2663 3720 2758 3772 καὶ
2787 3718 2929 3772 κατὰ
2959 3718 3057 3789 τὴν
3093 3718 3400 3788 ἐνέργειαν.
3429 3716 3570 3784 Φησὶ
3601 3715 3712 3786 γὰρ

2140 3815 2169 3867 ὁ
2195 3811 2465 3882 μακάριος
2484 3801 2807 3882 Γρηγόριος,
2827 3812 2853 3863 ὁ
2883 3809 3182 3862 Νυσσαέων
3209 3809 3509 3870 ἐπίσκοπος
3530 3822 3544 3836 ⁸
3579 3799 3706 3858 (Ὧν

2141 3906 2175 3974 ή
2213 3903 2465 3974 ἐνέργεια
2511 3902 2628 3973 μία,
2660 3901 2867 3955 τούτων
2914 3901 3130 3964 πάντως
3183 3901 3282 3954 καὶ
3326 3901 3360 3970 ἡ
3411 3898 3640 3966 δύναμις
3674 3897 3709 3967 ἠ

2142 3998 2302 4068 αὐτή.
2330 4015 2348 4048 ι
2383 3997 2541 4048 Πᾶσα
2575 3994 2685 4065 γὰρ
2718 3992 2971 4064 ἐνέργεια
3006 3989 3294 4062 δυνάμεώς
3336 3992 3485 4042 ἐστιν
3515 3989 3711 4042 ἀποτέ-

2141 4091 2340 4162 λεσμα.
2377 4089 2664 4142 Ἀδύνατον
2695 4086 2752 4139 δέ
2781 4085 3039 4140 ἀκτίστου
3095 4083 3191 4135 καὶ
3227 4081 3456 4151 κτιστῆς
3499 4079 3710 4149 φύσεως

2146 4181 2273 4252 μίαν
2303 4179 2485 4250 φύσιν,
2510 4177 2543 4247 ἢ
2566 4176 2817 4245 δύναμιν,
2846 4175 2878 4245 ἢ
2913 4175 3196 4244 ἐνέργειαν
3220 4166 3380 4226 εἶναι.
3410 4171 3473 4224 Ei
3499 4170 3555 4223 δέ
3583 4169 3711 4239 μίαν

2145 4271 2384 4341 Χριστοῦ
2417 4269 2516 4340 τὴν
2544 4268 2828 4338 ἐνέργειαν
2863 4265 3133 4335 εἴποιμεν,
3162 4265 3228 4334 τῇ
3265 4258 3360 4314 τοῦ
3394 4261 3569 4327 Λόγου
3598 4258 3711 4312 θεό-

2144 4381 2268 4436 τητι
2296 4359 2651 4433 προσάψομεν
2675 4357 2774 4426 τῆς
2805 4355 2998 4423 νοερᾶς
3032 4351 3213 4422 ψυχῆς
3243 4351 3312 4404 τὰ
3345 4347 3516 4418 πάθη,
3553 4345 3713 4416 φόϐον

466 4437 586 4524 nes,
651 4466 779 4530 puta
835 4465 1062 4524 metum,
1121 4461 1519 4523 moerorem,et
1557 4454 1751 4508 mortis
1810 4467 2034 4523 angores

2148 4456 2314 4528 φημὶ,
2353 4437 2448 4507 καλ.
2484 4451 2685 4520 λύπην,
2715 4446 2812 4502 καὶ
2835 4444 3099 4514 ἀγωνίαν.

469 4553 860 4607 attribuamus.

539 4637 980 4691 Adversariorum
1035 4638 1230 4692 evasio.
1268 4635 1513 4690 Auctoris
1566 4636 1846 4690 instantia.
1884 4664 1957 4678 —
1984 4633 2044 4690 Si

469 4727 708 4782 dixerint
732 4728 799 4791 ³⁸,
826 4727 1080 4797 equidem
1111 4736 1332 4784 sanctos
1362 4727 1572 4793 Patres,
1605 4743 1730 4782 cum
1761 4728 1828 4782 de
1861 4724 2048 4781 Trini-

2210 4634 2275 4686 Εἰ
2297 4631 2353 4684 δὲ
2381 4629 2613 4697 λέγοιεν,
2644 4625 2721 4688 ὡς
2748 4621 2876 4693 περὶ
2904 4620 3004 4690 τῆς
3025 4618 3188 4687 ἁγίας
3219 4614 3448 4686 Τριάδος
3468 4610 3712 4678 διαλεγό-

2148 4743 2298 4797 μενοι
2326 4724 2376 4776 οἱ
2395 4721 2636 4790 Πατέρες
2653 4719 2700 4770 oi
2727 4715 2872 4784 ἅγιοι
2895 4711 3148 4797 ίὲφασανίς
3168 4725 3182 4739 ο
3211 4701 3390 4776 «Ὧνή
3412 4702 3712 4797 οὺσίαᾉμία,

469 4823 582 4872 tate
611 4792 975 4888 disputarem,
998 4819 1098 4873 hoc
1132 4819 1498 4882 adstruxisse,
1541 4834 1813 4888 (quorum
1848 4833 1955 4872 una
1981 4820 2034 4874 Si]

2143 4792 2348 4871 τούτων
2372 4813 2466 4866 καὶ
2488 4813 2520 4881 ὴ
2547 4809 2797 4880 ἐνέργεια
2828 4805 2946 4874 μία,
2971 4803 3066 4856 καὶ
3087 4795 3159 4854 ὧν
3181 4798 3436 4888 διάφορος
3471 4796 3503 4865 ἡ
3537 4795 3596 4888 οὐ
3607 4792 3714 4888 σίαι,

470 4909 732 4969 essentia,
765 4922 955 4961 eorum
976 4915 1032 4962 et
1058 4923 1221 4962 unam
1251 4909 1519 4962 actionem
1543 4924 1665 4964 esse
1694 4924 1707 4960 :
1731 4917 1786 4964 et
1814 4924 2034 4978 quorum

2145 4905 2351 4958 τούτων
2380 4900 2636 4969 διάφορος
2681 4896 2775 4949 xui.
2822 4895 2854 4963 ἡ
2894 4892 3163 4963 ἐνέργεια,
3197 4907 3216 4939 ι
3261 4885 3354 4940 καὶ
3395 4883 3471 4946 ὡς
3521 4883 3583 4978 ού
3612 4881 3716 4952 χρὴ

471 4998 665 5068 dispar
696 5001 768 5053 sit
815 4999 1080 5064 essentia,
1117 4999 1314 5052 horum
1369 5015 1590 5070 quoque
1617 5001 1892 5071 disparem
1919 5018 2046 5058 esse

469 5090 740 5146 actionem
765 5107 781 5159 ;
808 5110 824 5142 ι
852 5091 947 5146 sed
985 5107 1096 5146 non
1126 5107 1343 5160 aequum
1379 5107 1518 5154 esse,
1549 5101 1608 5146 ut
1634 5109 1697 5148 ea
1720 5109 1840 5163 qua:
1868 5093 1935 5150 de
1965 5095 2047 5150 di-

468 5181 698 5237 vinitate
722 5181 1002 5247 dicuntur,
1021 5183 1087 5236 ad
1111 5181 1548 5238 incarnationem
1572 5184 2036 5254 detorqueamus;

539 5335 584 5369 ³²
613 5335 806 5392 Matth.
831 5353 950 5401 vm,
1008 5337 1061 5390 5.

2146 4997 2216 5050 τὰ
2265 4996 2366 5065 τῆς
2420 4991 2701 5058 θεολογίας
2753 4987 2845 5040 ἐπὶ
2895 4985 2993 5054 τὴν
3049 4978 3363 5048 οἰκονομίαν
3419 4974 3717 5044 μετάγειν,

2152 5087 2409 5160 ἐροῦμεν,
2451 5084 2500 5137 εἱ
2551 5081 2645 5134 ἐπὶ
2677 5079 2776 5148 τῆς
2811 5073 3087 5143 θεολογίας
3137 5071 3298 5142 μόνον
3347 5067 3567 5138 εἴρηται
3607 5066 3717 5160 τοξς

2152 5158 2422 5252 Πατράσι,
2455 5175 2553 5230 καὶ
2579 5175 2682 5229 οὐκ
2715 5171 2829 5224 ἐστι
2864 5170 2960 5222 καὶ
2992 5165 3130 5238 μετὰ
3156 5163 3255 5233 τὴν
3311 5161 3590 5232 σάρκωσιν
3621 5158 3721 5224 τῆς

1158 5336 1202 5368 ³³
1221 5335 1378 5391 Joan.
1409 5351 1485 5403 νι,
1523 5335 1608 5389 ll.
1686 5335 1730 5367 ³⁵
1757 5333 1972 5389 Videsis
2022 5334 2124 5390 PP.
2166 5334 2285 5389 loca
2319 5341 2426 5388 act.
2457 5329 2524 5386 10
2577 5335 2744 5385 sexta:
2796 5323 2992 5397 synodi
3085 5321 3131 5353 ³⁸
3173 5318 3326 5374 Orat.
3357 5315 3425 5371 de
3443 5325 3639 5369 natura
3668 5317 3725 5364 ει

470 5403 602 5476 hyp.
644 5408 742 5461 Est
767 5409 930 5463 etiam
967 5407 1110 5462 inter
1161 5405 1329 5462 Basil.
1363 5407 1455 5462 45.
1536 5405 1581 5437 ³⁸
1612 5404 1754 5458 Max.
1788 5404 1933 5457 Dial.
1966 5421 2083 5458 cum
2113 5403 2342 5474 Pyrrho.

1655 5561 1660 5566 ·
1763 5541 1998 5598 νΑιιιίΕ
2040 5542 2448 5599 LECTIONES.

544 5651 731 5729 d_C_od.
765 5656 823 5710 S.
846 5658 956 5713 Hi1.
981 5655 1285 5729 exemend.
1304 5652 1707 5729 καὶ-διάφορος.
1791 5657 1953 5729 οῐίεε.
1984 5656 2039 5722 2,
2077 5654 2286 5712 ροισι
2330 5651 2638 5723 θεοφόρους.
2699 5647 2764 5705 Ν.
2795 5645 2976 5718 ἁγίας.
3057 5639 3078 5682 τ
3113 5637 3255 5696 Edit.
3282 5633 3370 5688 hic
3421 5636 3477 5686 cl
3532 5625 3719 5684 illim;

477 5724 596 5777 κατ’
624 5723 922 5794 ἐνέργειαν.
998 5737 1023 5774 ε
1047 5726 1269 5797 ἐρησαν.
1304 5724 1370 5778 R.
1404 5727 1425 5778 ι
1454 5723 1720 5794 ἔφθασαν.
