4072 6146
303 357 425 426 1053

1304 364 1404 424 DE
1442 365 1619 424 FIDE
1662 364 2122 426 ORTHODOXA
2163 368 2309 428 LIB.
2362 366 2476 428 III.

3374 363 3518 433 1054

298 473 560 544 ἐνεργείας
611 474 641 527 ὁ
671 473 798 539 Υίδς
829 475 909 547 τῷ
958 475 1136 548 Πατρὶ
1181 478 1283 547 τῆς
1316 477 1531 546 αὐτῆς,
1580 476 1706 530 οὺδέ
1753 477 1856 548 τῆς

1960 480 2042 534 his
2066 480 2144 534 ita
2169 480 2654 550 respondebimus:
2683 478 2744 534 Si
2775 478 2843 534 de
2886 478 3172 533 divinitate
3199 478 3376 534 solum
3412 481 3517 534 hoc

297 567 445 635 αὐτῆς
485 564 637 618 ἔσται
689 566 898 630 οὐσίας.
954 568 1074 620 Τίνι
1125 568 1182 621 δὲ
1219 567 1602 638 ἀπονεμοῦμεν
1635 568 1728 620 τό·
1779 569 1844 620 '0

296 655 479 723 Πατήρ
504 673 622 724 μου
664 656 775 723 ἕως
805 658 934 726 ᾶρτι
977 657 1296 728 ἐργάζεται,
1322 658 1484 727 κάγὼ
1515 658 1844 728 ἐργάζομαι,

296 748 403 800 καί’
438 749 505 800 "A
551 747 627 801 ἂν
649 749 870 813 βλέπει
907 749 1013 802 τὸν
1045 750 1275 816 Πατέρα
1314 750 1634 812 ποιοῦντα,
1663 751 1848 805 ταῦτα

296 839 380 891 καί
424 843 457 892 ό
515 839 643 906 Υἱὸς
697 841 910 908 ὁμοίως
955 842 1130 904 ποιεῖ,
1171 840 1296 895 καί⁸
1351 843 1419 894 El
1472 841 1600 910 ἐμοὶ
1643 844 1714 895 οὐ
1750 856 1848 894 πι-

277 918 523 983 ’στεύετε
548 971 564 994 ,
607 930 727 996 τοῖς
767 931 963 1000 ἔργοις
1006 949 1125 1000 μου
1159 931 1561 996 πιστεύσατε,
1606 931 1738 984 καίο
1772 931 1850 986 Tit

295 1022 454 1087 ἔργα,
498 1021 537 1075 d
590 1021 705 1090 ἐγω
755 1021 922 1086 ποιῶ,
973 1022 1270 1092 μαρτυρεῖ
1323 1023 1458 1091 περὶ
1503 1023 1671 1092 ἐμοῦ,
1713 1023 1849 1076 καί·

299 1113 510 1179 Ὠσπερ
538 1114 571 1165 ό
621 1111 822 1180 Πατὴρ
855 1113 1067 1181 ἐγείρει
1095 1114 1236 1180 τοὺς
1288 1114 1540 1182 νεκροὺς
1578 1115 1680 1168 καὶ
1715 1113 1851 1174 ζωο-

297 1204 455 1266 ποιεῖ,
479 1204 632 1258 οὕτω
657 1205 754 1257 καὶ
786 1207 819 1258 ὁ
853 1205 1007 1272 Υἱὸς,
1026 1206 1129 1272 οὒς
1158 1205 1318 1260 θέλει
1347 1205 1636 1269 (amazon-2?;
1666 1205 1852 1260 Ταῦτα

297 1293 392 1362 γὰρ
421 1294 598 1348 πάντα
632 1295 692 1346 οὐ
745 1293 904 1364 μόνον
943 1297 1228 1366 ὁμοούσιον
1261 1296 1356 1351 καὶ
1388 1297 1526 1366 μετά
1576 1297 1852 1367 σάρκωσιν

297 1383 364 1455 τῷ
390 1386 501 1438 Πατ
511 1385 563 1456 pi.
585 1385 862 1440 δείκνυσιν
882 1388 1065 1453 αὐτὸν,
1098 1387 1234 1442 ἀλλὰ
1256 1389 1352 1443 καὶ
1377 1389 1478 1460 τῆς
1509 1388 1681 1458 αὐτῆς
1703 1389 1855 1459 ἐνερ-

299 1476 464 1544 γείας.

360 1741 468 1794 Καὶ
494 1741 757 1795 πάλινέί
811 1741 844 1810 ή
897 1739 1025 1810 περὶ⁹
1071 1738 1141 1793 τὰ
1175 1739 1303 1793 ὄντα
1339 1739 1566 1810 πρόνοια
1595 1740 1657 1794 οὐ
1691 1740 1858 1810 μόνον

1951 589 1978 625 a
2022 572 2278 628 Patribus
2306 573 2514 627 dictum
2542 581 2648 640 est,
2684 587 2748 626 ac
2769 587 2876 625 non
2906 572 3068 627 etiam
3103 577 3224 641 post
3257 572 3521 625 incarna-

1946 663 2148 716 tionem
2167 661 2339 717 Filius
2356 663 2601 718 eamdem
2622 677 2786 732 quam
2809 661 2968 715 Pater
2985 662 3249 716 actionem
3273 661 3516 727 habet",

1948 751 2192 821 profecto
2222 767 2321 806 nec
2347 751 2592 820 ejusdem
2614 767 2738 805 cum
2769 765 2835 806 eo
2856 751 3176 805 substantiae
3201 751 3322 804 erit.
3344 751 3412 803 At
3431 753 3518 804 cui

1948 843 2164 897 tandem
2194 843 2325 897 illud
2355 844 2764 912 assignabimus
2787 861 2800 896 :
2830 841 2992 895 Pater
3015 858 3157 894 meus
3184 858 3345 910 usque
3366 843 3521 895 modo

1948 944 2216 1002 operatur,
2247 946 2297 988 et
2335 950 2426 1004 ego
2449 950 2635 1001 operor
2650 934 2716 996 ³³,
2741 942 2795 988 et
2835 952 2848 986 :
2877 932 3004 996 Qua:
3027 933 3162 986 videt
3190 932 3406 986 Patrem
3434 933 3522 1002 fa-

1949 1028 2190 1090 cientem,
2225 1027 2335 1079 Itth
2377 1036 2427 1080 et
2458 1024 2636 1080 Filius
2667 1027 2914 1079 similiter
2934 1026 3064 1089 facit
3086 1026 3151 1089 ³³,
3194 1038 3284 1079 et:
3318 1026 3376 1080 Si
3423 1028 3522 1078 mi-

1950 1117 2005 1169 hi
2036 1133 2139 1170 non
2170 1117 2408 1182 creditis,
2444 1117 2686 1186 operibus
2717 1117 2875 1186 233
2914 1118 3042 1169 meis
3071 1116 3265 1170 credite
3306 1116 3373 1180 ⁸ο,
3416 1127 3468 1170 ει
3505 1137 3519 1172 :

1959 1205 2135 1275 Opera
2157 1224 2273 1277 qua:
2301 1224 2392 1277 ego
2432 1208 2573 1276 facio
2604 1210 2722 1276 ipsa
2779 1209 3138 1261 testimonium
3166 1207 3430 1274 perhibent
3461 1207 3526 1260 de

1953 1313 2034 1350 me
2057 1301 2125 1362 ιι,
2162 1309 2215 1353 ει
2245 1319 2258 1353 :
2284 1298 2431 1353 Sicut
2463 1299 2626 1353 Pater
2663 1300 2884 1353 suscitat
2917 1309 3154 1353 mortuos
3180 1308 3229 1351 et
3257 1299 3480 1366 viviﬁcat
3505 1312 3524 1349 :

1951 1387 2030 1440 ita
2063 1397 2113 1440 et
2144 1385 2321 1442 Filius
2352 1405 2478 1458 quos
2509 1389 2638 1454 vult,
2666 1390 2894 1458 viviﬁcat
2915 1389 2998 1441 “'2
3028 1387 3151 1442 Haec
3179 1389 3322 1441 enim
3345 1387 3524 1438 omnia

1955 1492 2064 1530 non
2115 1477 2274 1530 modo
2323 1472 2472 1543 cuin,
2503 1478 2664 1532 etiam
2715 1487 2839 1546 post
2873 1477 3329 1539 incarnationem,
3376 1473 3525 1528 Patri

1955 1568 2474 1623 consubstantialem
2509 1584 2631 1624 esse
2686 1569 2999 1635 ostendunt,
3048 1569 3142 1623 sed
3175 1576 3228 1621 et
3277 1563 3525 1620 eamdem

1957 1674 2080 1712 cum
2109 1660 2202 1712 illo
2227 1661 2504 1714 actionem
2544 1675 2785 1714 servare.

2028 1750 2106 1803 Ac
2140 1765 2354 1811 rursus,
2403 1751 2448 1805 si
2498 1751 2839 1820 providentia
2890 1751 3057 1805 totius
3111 1750 3378 1812 universi,
3418 1763 3526 1802 non

299 1831 504 1904 Πατρὸς
550 1833 646 1885 καὶ
702 1831 858 1900 ἁγίου
893 1831 1230 1899 Πνεῦματος,
1266 1829 1402 1884 ἀλλὰ
1444 1831 1539 1884 καὶ
1579 1831 1672 1884 τοῦ
1725 1831 1858 1884 Υίοῦ

1965 1840 2138 1895 solum
2174 1840 2240 1894 ad
2294 1839 2508 1895 Patrem
2542 1851 2591 1895 et
2627 1839 2888 1910 Spiritum
2925 1853 3199 1906 sanctum,
3237 1842 3332 1896 sed
3363 1841 3526 1894 etiam

299 1922 409 1974 ἐστὶ
443 1923 535 1974 καὶ
591 1920 729 1992 μετά
773 1919 872 1992 τὴν
922 1921 1232 1989 σάρκωσιν,
1273 1920 1524 1991 ἐνέργεια
1588 1918 1647 1971 δὲ
1699 1917 1859 1971 τοῦτό

299 2015 471 2066 ἐστιν’
505 2014 613 2084 ἄρα
639 2015 731 2066 καὶ
761 2014 898 2082 μετὰ
927 2011 1027 2083 τὴν
1077 2013 1352 2083 σάρκωσιν
1380 2012 1478 2082 τῆς
1509 2009 1680 2080 αὐτῆς
1711 2010 1859 2062 ἐστιν

301 2105 573 2176 ἐνεργείας
601 2105 680 2174 τῷ
711 2105 907 2175 Πατρί.

367 2200 430 2252 Ei
455 2199 510 2252 δὲ
539 2201 602 2252 ἐκ
627 2199 734 2251 τῶν
761 2197 1060 2268 Θαυμὰτων
1090 2197 1188 2266 τῆς
1218 2196 1388 2264 αὐτῆς
1417 2193 1604 2256 οὐσίας
1629 2193 1758 2247 ὄντα
1781 2191 1861 2262 τῷ

300 2290 471 2360 Πατρὶ
495 2290 584 2342 τὸν
613 2289 845 2359 Χριστὸν
872 2289 1138 2358 ἐγνωμεν,
1156 2287 1406 2357 ἐνέργεια
1425 2285 1480 2338 δὲ
1493 2283 1626 2338 Θεοῦ
1655 2285 1862 2354 τυγχά-

300 2383 466 2436 νειτά
487 2381 759 2453 θαύματα,
789 2382 896 2453 ἄρα
917 2380 1054 2451 μετὰ
1086 2379 1361 2449 σάρκωσιν
1387 2377 1487 2446 τῆς
1511 2376 1681 2447 αὐτῆς
1707 2379 1862 2445 ἐνερ-

300 2474 450 2543 γείας
480 2474 597 2527 ἐστὶ
622 2473 698 2544 τῷ
732 2472 926 2544 Πατρί.

368 2564 430 2616 Ei
459 2565 515 2617 δέ
539 2563 634 2633 μία
697 2563 949 2633 ἐνέργεια
995 2561 1095 2631 τῆς
1146 2559 1400 2630 Οεότητος
1438 2557 1602 2612 αὐτοῦ
1635 2557 1728 2610 καὶ
1765 2555 1864 2625 τῆς

301 2653 500 2724 σαρκὸς
522 2653 706 2719 αὐτοῦ,
735 2652 987 2714 σύνθετος
1014 2652 1188 2715 ἔσται,
1228 2651 1320 2704 καὶ
1345 2649 1518 2712 ἔσται,
1549 2648 1581 2718 ἢ
1612 2647 1804 2717 ἐτέρας
1834 2647 1864 2686 h

300 2747 578 2816 ἐνεργείας
619 2745 770 2815 παρὰ
824 2745 917 2798 τὸν
982 2744 1222 2813 Πατέρα,
1254 2743 1287 2812 ἢ
1323 2742 1416 2796 καὶ
1448 2743 1476 2793 ὁ
1518 2741 1705 2810 Πατὴρ
1737 2757 1865 2793 συν-

301 2836 459 2890 θέτου
485 2835 765 2906 ἐνεργείας
821 2835 994 2888 ἐσται.
1047 2835 1110 2886 Et
1163 2833 1220 2886 δέ
1257 2831 1510 2886 συνθέτου
1565 2830 1864 2902 ἐνεργείας,

299 2927 460 2998 δῆλον
488 2928 571 2979 ὅτι
595 2928 689 2980 καὶ
716 2924 953 2994 φύσεως.

371 3016 436 3068 Εί
467 3014 522 3066 δέ
544 3015 769 3080 εἴποιεν,
801 3015 883 3067 ὅτι
933 3015 1000 3084 τῇ
1035 3012 1285 3083 ἐνεργείᾳ
1329 3011 1617 3083 πρόσωπον
1657 3028 1869 3065 συνεισ-

299 3103 515 3172 άγεται,
543 3103 892 3174 ἐροῦμεν,ὅτι
927 3104 1056 3172 εἰτῇ
1079 3102 1329 3174 ἐνεργεία
1346 3104 1869 3174 πρόσωποννσυνεισ-

1965 1927 2033 1982 ad
2086 1926 2305 1994 Filium,
2357 1944 2569 1983 necnon
2632 1939 2754 1998 post
2815 1931 3247 1984 incarnationem
3293 1937 3525 1998 spectat,

1964 2017 2209 2088 profecto
2235 2035 2358 2073 cum
2401 2020 2516 2088 ipsa
2551 2019 2624 2074 sit
2650 2022 2813 2084 actio,
2850 2023 3100 2091 sequitur
3129 2036 3252 2074 eum
3283 2019 3529 2074 eamdem

1967 2120 2090 2159 cum
2121 2105 2283 2160 Patre
2323 2107 2593 2162 actionem
2628 2107 2846 2161 habere.

2037 2195 2190 2260 Quod
2225 2197 2272 2250 si
2315 2213 2381 2251 ex
2429 2197 2592 2252 editis
2641 2197 2922 2251 miraculis
2954 2196 3232 2251 Christum
3285 2195 3532 2265 ejusdem

1967 2302 2090 2341 cum
2147 2285 2310 2342 Patre
2356 2289 2610 2343 essentia
2664 2303 2789 2344 esse
2839 2289 3232 2357 comperimus.
3272 2285 3364 2339 Dei
3407 2299 3534 2339 vero

1968 2379 2214 2433 actiones
2266 2379 2527 2433 miracula
2565 2387 2725 2445 sunt;
2764 2387 2980 2448 oportet
3011 2387 3068 2432 ut
3100 2378 3262 2432 etiam
3299 2383 3421 2446 post
3449 2377 3535 2428 in-

1969 2469 2342 2525 carnationem
2373 2471 2619 2540 ejusdem
2649 2487 2771 2526 cum
2804 2470 2964 2524 Patre
2993 2471 3226 2523 actionis
3255 2469 3346 2524 sit.

2039 2561 2195 2626 Quod
2223 2562 2267 2618 si
2308 2578 2413 2617 una
2443 2563 2750 2618 divinitatis
2775 2573 2830 2617 et
2852 2561 3037 2616 carnis
3069 2562 3242 2631 ipsius
3265 2562 3407 2615 actio
3429 2566 3537 2620 est,

1970 2653 2085 2708 haec
2118 2657 2419 2723 composita
2455 2656 2580 2720 erit,
2634 2663 2798 2724 atque
2853 2655 2948 2717 ita,
2995 2662 3089 2709 aut
3134 2653 3407 2707 diversam
3451 2649 3542 2704 ille

1972 2760 2001 2798 a
2033 2743 2193 2798 Patre
2225 2746 2495 2800 actionem
2532 2746 2774 2808 habebit,
2825 2754 2920 2798 aut
2951 2746 3116 2799 etiam
3168 2743 3349 2798 Patris
3397 2740 3542 2796 actio

1972 2833 2274 2902 composita
2317 2835 2440 2888 erit.
2489 2833 2546 2888 Si
2581 2835 2884 2905 composita
2934 2835 3109 2904 ipsius
3155 2834 3297 2888 actio
3349 2830 3538 2896 fuerit,

1974 2939 2107 2979 sane
2128 2932 2183 2978 et
2218 2931 2437 2978 natura.

2045 3012 2172 3067 Non
2201 3014 2389 3082 inferri
2411 3028 2475 3066 ea:
2499 3015 2706 3069 actione
2734 3031 3034 3084 personam,
3073 3015 3151 3069 vel
3189 3013 3444 3069 vicissim.
3473 3038 3544 3050 ——

1975 3105 2130 3170 Quod
2168 3105 2213 3159 si
2245 3105 2577 3160 contendant
2605 3121 2712 3160 una
2739 3122 2863 3162 cum
2893 3107 3112 3161 actione
3138 3118 3427 3175 personam
3463 3103 3546 3155 in-

299 3197 518 3265 άγεται,
560 3195 701 3248 κατὰ
729 3195 828 3265 τὴν
861 3193 1082 3262 εὔλογον
1106 3194 1464 3264 ἀντιστροφὴν
1490 3176 1582 3247 καὶ
1613 3194 1688 3264 τῷ
1710 3212 1858 3264 προσ·

1974 3195 2122 3259 duci,
2175 3203 2287 3250 tum
2349 3195 2745 3266 subjungamus
2771 3197 2858 3252 "z
2897 3196 2952 3250 Si
2999 3212 3105 3250 una
3155 3210 3277 3248 cum
3331 3193 3546 3246 actione

298 3288 437 3357 ὠπῳ
467 3287 717 3358 ἐνέργεια
751 3286 1265 3356 συνεισαχθήσεταν
1300 3285 1398 3339 καὶ
1442 3284 1657 3339 ἔσονται
1686 3285 1877 3355 ὥσπερ

297 3378 429 3447 τρία
454 3377 743 3449 πρόσωπα,
767 3378 888 3447 ἦτοι
922 3377 1268 3440 ὑποστάσεις,
1303 3376 1402 3446 τῆς
1433 3375 1592 3444 ἁγίας
1626 3375 1874 3444 Τριάδος,

299 3465 445 3520 οὕτω
465 3465 560 3520 καὶ
592 3468 740 3534 τρεῖς
789 3465 1084 3537 ἐνέργειαι,
1137 3465 1171 3536 ἢ
1223 3464 1412 3535 ὥσπερ
1455 3463 1553 3534 μία
1601 3463 1872 3532 ἐνέργεια,

1969 3300 2202 3354 persona
2248 3287 2548 3352 inducitur,
2599 3297 3031 3344 consentaneum
3065 3286 3306 3340 vicissim
3339 3289 3447 3342 est,
3477 3289 3538 3335 ut

1970 3384 2026 3429 et
2062 3390 2168 3429 una
2204 3391 2328 3430 cum
2359 3392 2593 3446 persona
2637 3381 2782 3434 actio
2809 3379 3101 3433 inferatur.
3134 3377 3310 3445 Atque
3337 3375 3409 3427 ita
3431 3373 3542 3434 tlet,

1972 3473 2030 3517 ut
2061 3465 2206 3520 sicut
2237 3474 2350 3521 tres
2385 3475 2513 3522 sunt
2544 3483 2809 3537 personae,
2843 3469 2960 3524 sive
2990 3476 3103 3521 tres
3129 3475 3337 3520 sanctae
3365 3460 3549 3517 Trini-

299 3556 445 3611 οὕτω
482 3556 539 3609 ἐν
575 3557 867 3628 πρόσωπον
915 3557 1011 3608 xui.
1051 3556 1149 3626 μία
1204 3555 1520 3618 ὑπόστασις.
1561 3555 1623 3607 Οἱ
1647 3548 1702 3605 δὲ
1729 3553 1854 3621 ἆγιο

1968 3558 2099 3611 tatis
2127 3557 2468 3629 hypostases,
2496 3559 2577 3614 sic
2603 3567 2716 3614 tres
2743 3573 2962 3629 quoque
2993 3557 3240 3612 actiones
3267 3556 3376 3610 sint
3406 3572 3421 3609 :
3454 3561 3548 3606 aut

299 3649 546 3720 Πατέρες
577 3647 883 3717 συμφώνως
913 3649 1190 3718 εἰρήκασι,
1220 3645 1289 3700 τὰ
1324 3649 1426 3716 τῆς
1460 3645 1631 3715 αὐτῆς
1663 3643 1874 3710 οὐσίας,

298 3743 397 3794 καὶ
421 3741 520 3810 τῆς
558 3741 729 3809 αὐτῆς
761 3734 900 3792 εἶναι
927 3737 1226 3809 ἐνεργείας.

1971 3657 2192 3712 contra,
2223 3648 2685 3717 quemadmodum
2718 3664 2825 3702 una
2859 3655 2943 3704 est
2972 3648 3138 3710 actio,
3178 3647 3253 3700 ita
3276 3659 3383 3698 una
3411 3657 3548 3712 quo-

1975 3753 2082 3808 que
2112 3753 2368 3808 persona,
2391 3747 2445 3793 et
2475 3739 2809 3809 hypostasis.
2841 3739 3002 3808 Atqui
3029 3736 3207 3794 sancti
3238 3736 3428 3790 Patres
3446 3736 3548 3789 hoc

299 3849 412 3891 una
476 3847 609 3888 voce
638 3832 966 3893 docuerunt,
1012 3846 1074 3884 ea
1130 3843 1250 3899 quae
1297 3827 1542 3898 ejusdem
1595 3827 1914 3883 substantia-
1935 3837 2082 3895 sunt,
2111 3829 2356 3898 ejusdem
2387 3843 2607 3898 quoque
2638 3829 2870 3884 actionis
2901 3843 3044 3883 esse.

377 3924 500 3976 Ἔτι
530 3922 609 3987 δὲ,
641 3921 688 3973 εί
721 3922 786 3990 τῇ
838 3919 1089 3990 ἐνεργείᾳ
1148 3919 1440 3988 πρόσωπον
1472 3918 1852 3984 συνεισάγεται

2045 3918 2251 3973 Deinde
2293 3933 2443 3982 vero,
2478 3919 2524 3974 si
2559 3933 2791 3988 persona
2819 3932 2928 3973 una
2965 3933 3092 3972 cum
3137 3915 3355 3971 actione
3381 3913 3552 3970 infer-

295 4017 350 4071 οἱ
383 4015 521 4085 μήτε
555 4013 702 4083 μίαν,
737 4013 876 4081 μήτε
898 4010 991 4062 δύο
1017 4008 1252 4079 Χριστοῦ
1285 4009 1383 4070 τὰς
1401 4007 1679 4078 ἐνεργείας
1699 4007 1858 4076 λέγειπ

1974 4017 2089 4074 tur,
2123 4011 2216 4079 qui
2248 4025 2346 4064 nec
2375 4025 2564 4073 unam,
2605 4025 2706 4064 nec
2753 4008 2892 4064 duas
2931 4008 3135 4064 Christi
3186 4007 3435 4062 actiones
3463 4005 3551 4060 di-

299 4105 683 4168 θεσπίσαντες,
714 4100 837 4154 οὔτε
874 4098 932 4154 ἓν
965 4100 1254 4168 πρόσωπον
1304 4097 1468 4150 αὐτοῦ
1511 4098 1714 4166 λέγειν,
1749 4095 1858 4152 οὔτε

1973 4099 2183 4156 cendas
2230 4100 2711 4170 praescripserunt,
2757 4099 2989 4169 proinde
3037 4113 3214 4167 neque
3259 4108 3550 4166 personam

295 4194 397 4250 δύο
427 4191 784 4264 προσέταξαν.

1975 4207 2167 4256 unam,
2199 4208 2379 4262 neque
2411 4191 2550 4247 duas
2579 4192 2762 4247 dicere
2786 4197 3188 4260 praeceperunt.

372 4285 485 4338 Καὶ
511 4283 605 4336 ἐπὶ
632 4282 730 4351 τῆς
758 4277 1268 4350 πεπυρακτωμένης
1297 4276 1354 4330 δὲ
1378 4276 1671 4348 μαχαίρας,
1688 4277 1858 4350 ὥσπεε

2043 4281 2352 4351 Exemplum
2391 4282 2594 4337 Basilio
2677 4284 2900 4350 aliisque
2972 4281 3265 4349 familiare.
3318 4305 3385 4319 —-
3439 4273 3548 4330 Sed

295 4378 358 4434 αἱ
390 4374 582 4446 φύσεις
607 4371 867 4434 σώζονται
902 4368 996 4421 τοῦ
1043 4385 1103 4420 τε
1139 4367 1311 4439 πυρὸς
1350 4369 1448 4421 καὶ
1485 4368 1578 4421 τοῦ
1629 4369 1858 4440 σιδήρου1

1979 4378 2034 4425 ει
2083 4371 2138 4424 in
2191 4373 2441 4424 candenti
2489 4371 2688 4441 gladio,
2725 4370 2800 4424 uti
2864 4377 2978 4421 tum
3038 4366 3202 4434 ignis,
3250 4373 3365 4418 tum
3420 4361 3550 4416 ferri

295 4436 448 4522 οῦτιι)
480 4467 574 4519 καὶ
596 4465 689 4517 δύο
715 4461 1007 4534 ἐνέργειαι,
1021 4459 1116 4512 καὶ
1130 4457 1199 4511 τὰ
1214 4436 1419 4512 τούτων
1434 4436 1850 4532 ἀποτελέσματα

1979 4469 2187 4514 natura:
2251 4459 2539 4514 servantUr
2597 4460 2678 4524 ν’,
2735 4463 2812 4512 ita
2867 4469 2922 4512 et
2981 4456 3101 4511 dua:
3150 4454 3437 4516 actiones,
3495 4459 3552 4507 et

300 4561 467 4628 Ἐχει
502 4557 600 4628 μὲν
631 4555 758 4625 γὰρ,
809 4554 838 4605 ὁ
895 4552 994 4622 μὲν
1039 4551 1256 4621 σίδηρος
1301 4549 1360 4603 τὸ
1398 4551 1687 4622 τμητικὸν,
1732 4553 1793 4605 τὸ
1819 4552 1858 4605 δί

1973 4567 2162 4607 earum
2211 4549 2422 4606 eﬂ‘ecta.
2463 4551 2596 4604 Nam
2641 4558 2695 4604 et
2742 4549 2944 4603 ferrum
3008 4545 3249 4607 secandi,
3311 4552 3366 4599 et
3410 4543 3554 4613 ignis

299 4649 439 4720 πῦρ,
494 4647 556 4700 τὸ
601 4644 918 4707 καυστικὸν,
986 4643 1082 4696 καὶ
1141 4645 1176 4712 ἡ
1209 4641 1345 4712 τομὴ
1376 4642 1496 4710 μὲν,
1531 4642 1630 4709 τῆς
1662 4643 1756 4697 τοῦ
1798 4661 1858 4697 σιε

1975 4640 2168 4696 urendi
2225 4640 2333 4692 vim
2387 4641 2618 4704 habent;
2695 4646 2754 4692 ut
2813 4637 2983 4692 sectio
3050 4634 3269 4704 quidem
3319 4633 3553 4688 actionis

296 4741 474 4812 δήρου
520 4737 802 4809 ἐνεργείας
851 4735 998 4787 ἐστὶν
1051 4733 1425 4802 ἀποτέλεσμα,
1472 4733 1505 4802 ἡ
1553 4733 1609 4786 δὲ
1663 4733 1856 4798 καῦσις

1976 4730 2107 4785 ferri
2162 4744 2300 4799 opus
2352 4730 2442 4793 sit,
2498 4729 2641 4783 ustio
2704 4736 2884 4783 autem
2935 4727 3076 4797 ignis
3140 4743 3154 4780 :
3223 4740 3288 4780 ac
3352 4723 3553 4780 discri-

297 4832 410 4904 τῆς
438 4831 530 4885 τοῦ
564 4830 769 4899 πυρός’
797 4827 891 4880 καὶ
933 4825 1164 4890 σώζεται
1205 4825 1264 4877 τὸ
1307 4824 1514 4878 τούτων
1542 4825 1797 4896 διάφορον
1824 4827 1858 4878 ἐι

1981 4838 2128 4887 men,
2179 4831 2292 4876 tum
2347 4822 2402 4875 in
2453 4820 2581 4874 ferri
2618 4820 2829 4875 ardenti
2873 4819 3139 4881 sectione,
3171 4824 3286 4870 tum
3319 4815 3372 4870 in
3405 4825 3556 4870 secta

295 4927 374 4994 τῇ
404 4923 726 4994 κεκαυμένῃ
782 4922 947 4990 τομῇ,
984 4919 1076 4971 καὶ
1133 4919 1189 4970 ἐν
1213 4919 1278 4988 τῇ
1309 4918 1626 4988 τετμημένῃ
1661 4918 1854 4972 καύσει

1985 4914 2201 4970 ustione
2231 4921 2479 4967 servatur
2503 4928 2517 4976 ;
2545 4912 2758 4966 tametsi
2787 4919 2908 4981 post
2940 4907 3252 4979 hujusmodi
3278 4908 3554 4967 unionem,

297 5014 357 5066 ei
380 5013 478 5067 καὶ
515 5013 651 5082 μήτε
675 5013 709 5082 ἡ
744 5009 939 5072 καῦσις
970 5011 1068 5078 τῆς
1089 5006 1262 5078 τομῆς
1311 5006 1432 5077 δίχα
1472 5006 1710 5075 γίγνοιτο
1741 5008 1858 5078 μετέ

1983 5020 2085 5060 nec
2106 5005 2248 5058 ustio
2268 5004 2404 5059 citra
2431 5003 2722 5058 sectionem
2743 5003 2834 5065 sit,
2851 5017 2950 5055 nec
2971 4999 3143 5056 sectio
3159 4999 3277 5053 sine
3301 4997 3553 5052 ustione:

295 5104 411 5172 τὴν
459 5103 674 5164 ἕνωσιν,
719 5103 858 5172 μήτε
910 5101 945 5170 ἡ
1000 5097 1141 5169 τομὴ
1191 5097 1314 5167 δίχα
1340 5097 1439 5166 τῆς
1471 5098 1747 5162 καύσεως·
1786 5102 1858 5153 κα

1983 5113 2083 5153 nec
2105 5097 2231 5168 quia
2270 5097 2467 5165 duplex
2496 5107 2581 5150 est
2622 5095 2888 5150 naturalis
2914 5099 3056 5150 actio
3077 5135 3092 5160 ,
3133 5095 3272 5148 duos
3332 5085 3559 5159 proinde

297 5193 436 5247 οὔτε
463 5193 552 5248 διὰ
596 5192 659 5245 τὸ
715 5191 889 5246 διττὸν
933 5190 1033 5261 τῆς
1089 5190 1325 5261 φυσικῆς
1355 5189 1637 5260 ἐνεργείας
1671 5188 1764 5242 δύο
1790 5206 1858 5242 πε

1979 5189 2276 5245 candentes
2303 5186 2512 5258 gladios
2543 5185 2781 5240 dicimus
2809 5203 2824 5253 ;
2864 5200 2963 5240 nec
2989 5199 3205 5247 rursus,
3241 5182 3370 5249 quia
3413 5191 3558 5254 unus

390 5369 1320 5444 {’_Max.Qial.cuncAPyrrho_ibid.
1385 5371 1449 5444 δέ
1491 5368 1653 5444 19311.
1708 5369 1858 5444 v.17

1977 5369 2021 5402 ”
2054 5370 2188 5444 ibid.
2226 5369 2312 5424 19.
2390 5368 2436 5444 ‘3
2457 5367 2617 5444 Joau.
2649 5383 2701 5434 τ,
2731 5366 2822 5420 21.
2909 5364 2950 5396 δ’
2977 5359 3110 5417 ibid.
3137 5358 3228 5413 25.
3323 5355 3368 5386 "
3392 5351 3557 5408 Joan.

303 5458 366 5510 V,
395 5440 489 5499 ‘21.
578 5443 625 5474 ”
647 5439 791 5496 Max.
825 5440 962 5496 ibid.
997 5436 1018 5444 ⁷
1046 5441 1093 5475 ⁸⁸
1131 5441 1351 5496 Maxim.
1385 5440 1484 5496 lib.
1515 5439 1592 5494 De
1619 5439 1783 5493 duab.
1821 5439 1924 5494 υοί.
1969 5447 2022 5494 ει
2053 5440 2203 5495 Dial.
2241 5455 2360 5493 cum
2396 5436 2624 5510 Pyrrho.

1622 5591 1854 5650 VARIZE
1889 5590 2293 5648 LECTIONES.

386 5727 423 5772 δ
445 5725 583 5785 Cod.
609 5727 667 5784 S.
706 5725 820 5786 Hii.
854 5724 920 5782 Β.
953 5724 978 5779 i
1016 5731 1073 5780 et
1105 5722 1176 5778 Μ.
1225 5724 1319 5778 καὶ
1369 5723 1587 5794 ἐτέρας.
