4072 6146
443 368 585 441 1055

1625 374 1689 437 8.
1724 375 2046 437 JOANNIS
2072 378 2504 441 DAMASCENI

3567 377 3703 445 1056

438 492 711 546 duntaxat
747 490 1006 547 incensus
1055 495 1142 546 est
1193 486 1432 558 gladius,
1487 485 1557 542 ob
1610 501 1733 543 eam
1790 501 2018 543 causam

2125 492 2562 561 πυρακτωμὲνας
2594 492 2870 562 μαχαίρας
2927 491 3121 563 φαμὲν,
3163 491 3283 546 οὔτε
3312 492 3403 546 διὰ
3435 491 3495 546 τὸ
3545 510 3708 564 μονα-

438 582 854 638 substantialem
887 582 1084 636 horum
1129 579 1544 636 distinctionem
1594 579 2013 635 contundimus.

439 670 642 728 Eodem
678 672 839 727 modo
863 673 918 726 in
952 672 1174 728 Christo
1207 686 1430 742 quoque
1458 671 1772 728 divinitatis
1797 673 2018 742 quidem

439 764 634 831 ipsius,
671 763 852 817 divina
873 771 927 819 et
956 765 1303 833 omnipotens
1331 765 1576 834 operatio
1602 771 1687 818 est
1717 781 1731 817 :
1764 763 2022 818 humani-

436 854 566 909 tatis
638 863 821 910 autem
884 855 1082 924 ipsius,
1140 857 1378 909 humana
1428 861 1483 908 et
1530 863 1736 908 nostra:
1799 852 2018 909 similis.

438 942 703 999 Humana:
746 960 909 1015 porro
961 947 1192 1001 actionis
1228 960 1369 1015 opus
1399 944 1455 998 id
1502 944 1623 1009 fuit,
1668 944 1817 1014 quod
1854 959 2019 999 manu

438 1036 675 1105 puellam
726 1037 967 1092 tenuerit
1014 1047 1177 1107 atque
1222 1035 1451 1091 traxerit
1487 1035 1569 1099 ’⁵⁸;
1606 1034 1801 1090 divina:
1831 1043 2013 1089 autem

436 1128 584 1197 quod
634 1143 755 1184 eam
812 1129 880 1184 ad
930 1131 1093 1184 vitam
1145 1127 1487 1184 revocaverit
1533 1127 1602 1182 ⁸⁸.
1658 1127 1817 1182 Aliud
1870 1126 2019 1182 enim

436 1217 564 1284 hoc,
590 1225 646 1273 et
683 1218 829 1273 aliud
856 1219 992 1274 illud
1023 1228 1143 1281 est;
1178 1218 1397 1272 tametsi
1429 1218 1485 1270 in
1515 1214 1886 1277 Theandrica,
1916 1228 2019 1268 seu

436 1309 496 1364 in
531 1308 626 1364 Dei
655 1310 819 1365 simul
851 1319 905 1365 et
929 1310 1170 1365 hominis
1195 1308 1415 1363 actione
1445 1316 1723 1376 nequeant
1751 1303 2016 1375 disjungi.

439 1401 598 1466 Quod
628 1402 698 1467 si,
730 1403 857 1473 quia
888 1415 996 1457 una
1028 1400 1245 1456 Domini
1278 1412 1513 1470 persona
1546 1397 1663 1453 sive
1701 1396 2019 1467 hypostasis

440 1498 546 1557 cst,
574 1508 678 1548 una
695 1508 914 1565 quoque
936 1491 1186 1563 operatio
1210 1489 1394 1545 futura
1420 1495 1539 1554 est;
1561 1487 1810 1557 proiecto
1831 1487 2017 1553 etiam,

442 1584 664 1652 eoquod
685 1599 790 1639 una
812 1599 1045 1655 persona
1065 1585 1156 1649 sit,
1176 1598 1285 1640 una
1299 1598 1520 1653 quoque
1544 1582 1854 1639 substantia
1875 1581 2001 1636 erit.

2120 582 2268 634 δικὸν
2290 584 2391 653 τῆς
2424 583 2937 654 πεπυρακτωμένης
2974 583 3270 655 μαχαίρας,
3311 584 3578 654 σύγχυσιν
3604 587 3705 655 τῆς

2119 669 2414 734 ούσιὼδους
2472 673 2653 725 αὐτῶν
2695 672 2959 744 διαφορᾶς
2993 674 3363 744 ἐργαζόμεθα.
3410 676 3568 728 υῦτω
3609 677 3704 730 καὶ

2119 761 2179 815 ὲν
2213 760 2293 831 τῷ
2318 762 2559 832 Χριστῷ,
2595 763 2694 833 τῆς
2728 763 2828 833 μὲν
2883 763 3139 833 θεότητος
3167 763 3358 828 αὐτοῦ,
3387 766 3422 836 ἡ
3451 765 3568 819 θεία
3609 768 3704 818 καὶ

2118 850 2530 921 παντοδύναμος
2552 853 2821 924 ἐνέργεια,
2838 854 2935 923 τῆς
2955 853 3011 906 δὲ
3038 852 3460 924 ἀνθρωπότητος
3513 854 3699 918 αὐτοῦ,

2121 941 2155 1010 ἠ
2191 943 2314 994 καθ’
2337 944 2506 1012 ἡμᾶς.
2533 944 2907 1014 Ἀποτέλεσμα
2932 945 2991 997 δὲ
3007 946 3104 1015 τῆς
3125 945 3223 1016 μὲν
3245 945 3616 1017 ἀνθρωπίνης,
3639 947 3700 1000 τὸ

2121 1033 2459 1104 κρατηθῆναι
2476 1034 2575 1104 τὴν
2596 1036 2753 1107 χεῖρα
2785 1034 2878 1089 τοῦ
2898 1035 3088 1098 παιδὸς
3110 1037 3201 1089 καὶ
3224 1036 3572 1107 ἑλκυσθῆναι,
3604 1037 3702 1107 τῆς

2128 1124 2185 1177 δὲ
2211 1124 2385 1190 θείας,
2414 1127 2448 1197 ἡ
2473 1125 2994 1199 ζωοποίησις.”Αλλο
3015 1129 3125 1201 γὰρ
3144 1129 3561 1192 τοῦτο,κάκεῖνο
3582 1127 3702 1181 ἓτε-

2120 1231 2233 1287 ρον,
2282 1217 2332 1268 εί
2391 1218 2484 1270 καὶ
2535 1217 2784 1289 ἀλλήλων
2832 1219 3128 1291 ἀχώριστοι
3176 1220 3516 1291 ὑπάρχουσιν
3550 1220 3608 1273 ἐν
3632 1222 3699 1290 τῇ

2118 1303 2406 1376 θεανδρικῇ
2430 1307 2702 1380 ἐνεργείᾳ.
2740 1309 2801 1361 Εί
2830 1309 2887 1362 δὲ
2925 1310 3014 1363 διὰ
3051 1311 3113 1363 τὸ
3149 1310 3277 1381 μίαν
3304 1307 3443 1364 εἶναι
3477 1310 3577 1381 τὴν
3606 1309 3701 1363 τοῦ

2118 1397 2329 1469 Κυρίου
2379 1399 2697 1467 ὑπόστασιν,
2757 1402 2854 1471 μία
2907 1402 3061 1455 ἔσται
3100 1404 3194 1457 καὶ
3237 1405 3271 1474 ἡ
3307 1403 3573 1475 ἐνέργεια,
3609 1402 3702 1456 διὰ

2117 1488 2219 1557 τὴν
2248 1489 2377 1560 μίαν
2414 1495 2740 1560 ὑπόστασιν,
2778 1494 2878 1564 μία
2899 1495 3055 1549 ἔσται
3083 1496 3180 1549 καὶ
3209 1497 3244 1565 ἠ
3275 1496 3444 1549 οὐσία.

515 1672 679 1745 234
701 1673 765 1727 Ει
796 1690 1011 1740 rursus,
1039 1673 1084 1729 si
1114 1673 1485 1744 operationem
1505 1687 1670 1727 unam
1706 1671 1762 1725 in
1796 1669 2019 1724 Domino

2199 1666 2311 1721 Kal.
2333 1668 2529 1722 πάλινο
2565 1672 2613 1724 εἰ
2644 1672 2773 1743 μίαν
2819 1673 3100 1743 ἐνέργειαν
3131 1672 3222 1726 ἐπὶ
3259 1674 3352 1727 τοῦ
3383 1676 3588 1740 Κυρίου
3623 1677 3712 1729 ετ-

444 1763 692 1821 dicamus
718 1805 733 1829 ,
770 1773 866 1820 aut
901 1766 1146 1820 divinam
1198 1781 1324 1820 esse
1347 1806 1362 1832 ,
1412 1772 1519 1824 aut.
1556 1765 1850 1817 humanam
1873 1803 1889 1829 ,
1926 1768 2022 1815 aut

442 1863 691 1911 neutram
729 1856 1045 1912 fatebimur.
1090 1856 1147 1911 Si
1178 1855 1422 1910 divinam
1451 1855 1533 1921 ‘7,
1571 1853 1740 1909 Deum
1776 1860 2025 1906 tantum-

440 1948 604 2003 modo
631 1950 807 2019 ipsum
838 1957 1022 2004 nostra
1047 1962 1279 2002 vacuum
1311 1945 1651 2000 humanitate
1684 1957 2018 1999 asscremus.

443 2040 502 2097 Si
536 2040 853 2105 humanam,
895 2038 1170 2093 hominem
1203 2038 1356 2091 illum
1397 2050 1594 2105 purum
1621 2034 1788 2104 impie
1812 2040 2023 2086 astrue-

439 2147 585 2188 mus.
628 2130 686 2184 Si
717 2131 952 2199 denique
989 2144 1089 2184 nec
1119 2129 1385 2191 divinam,
1429 2142 1528 2182 nec
1574 2126 1906 2190 humanam,
1952 2137 2022 2178 ne

441 2222 607 2279 Deum
634 2222 878 2289 quidem,
903 2234 1005 2274 nec
1035 2219 1313 2273 hominem
1334 2257 1348 2280 ,
1390 2232 1491 2272 nec
1523 2216 1693 2278 Patri,
1729 2230 1827 2269 nec
1857 2216 2021 2269 nobis

436 2328 561 2370 esse
589 2310 1116 2368 consubstantialem
1161 2317 1497 2364 statuemus.
1534 2307 1818 2385 Contingit
1871 2306 2017 2360 enim

436 2420 504 2461 ex
537 2405 739 2459 unione
772 2402 1036 2457 identitas
1064 2400 1371 2455 secundum
1409 2399 1772 2468 hypostasim,
1812 2412 1915 2451 nec
1950 2395 2019 2451 ob

437 2496 493 2552 id
522 2504 704 2550 tamen
723 2500 1041 2547 naturarum
1061 2492 1358 2547 discrimen
1377 2491 1649 2545 aufertur.
1671 2486 1896 2542 Servata
1923 2501 2020 2540 au-

439 2595 548 2642 tem
598 2592 924 2640 naturarum
982 2582 1365 2645 distinctione,
1422 2582 1585 2650 plane
1643 2579 2020 2634 servabuntur

435 2677 600 2734 etiam
648 2691 836 2731 earum
882 2674 1254 2744 operationes.
1307 2671 1466 2727 Nulla
1510 2672 1657 2727 enim
1706 2678 1906 2723 natura
1934 2677 2020 2726 est

437 2769 674 2824 actionis
695 2782 918 2837 expers.

506 2856 662 2913 Actio
707 2856 997 2921 naturalis,
1042 2865 1251 2909 natura
1298 2852 1457 2908 index
1483 2861 1534 2907 et
1572 2864 1722 2908 nota.
1754 2883 1824 2896 —
1863 2855 2020 2908 Insu-

441 2965 540 3021 per
566 2950 634 3018 ⁸⁸,
672 2951 851 3005 siuna
887 2949 1091 3005 Christi
1126 2948 1343 3003 Domini
1380 2946 1525 3005 actio
1552 2954 1659 3011 est,
1695 2954 1788 3001 aut
1831 2954 2015 3002 creata

438 3042 567 3104 erit,
601 3048 696 3095 aut
728 3041 1013 3106 increata;
1047 3054 1224 3109 neque
1246 3038 1392 3094 enim
1426 3037 1608 3093 media
1635 3038 1742 3093 alia
1768 3039 2015 3110 operatio

441 3133 726 3202 interiecta
753 3140 859 3196 est,
894 3133 974 3187 uti
1005 3146 1105 3186 nec
1139 3140 1360 3185 natura.
1411 3128 1591 3196 Quare
1623 3131 1669 3185 si
1695 3140 1879 3185 creata
1911 3139 2019 3195 est,

440 3228 615 3284 solam
659 3234 900 3281 creatam
949 3231 1205 3279 naturam
1254 3223 1520 3278 indicabit
1550 3240 1563 3276 :
1594 3222 1678 3277 sin
1711 3230 1895 3279 autem
1936 3223 2022 3276 in-

439 3327 647 3380 creata,
693 3316 866 3371 solam
900 3315 1199 3371 increatam
1226 3315 1531 3370 essentiam
1558 3313 1852 3383 exprimet.
1882 3311 2021 3367 Nam

440 3421 561 3477 qua
616 3405 891 3459 naturalia
939 3412 1090 3469 sunt,
1144 3416 1209 3456 ea
1266 3418 1390 3458 cum
1454 3402 1669 3456 naturis
1717 3413 2024 3472 congruant

442 3510 671 3551 necesse
715 3504 821 3550 est.
855 3493 1044 3565 Neque
1087 3495 1233 3549 enim
1284 3494 1402 3549 ﬁeri
1454 3499 1676 3563 potest,
1713 3502 1774 3547 ut
1826 3503 2022 3549 natura

442 3586 669 3641 exsistat
708 3599 831 3655 quae
877 3584 1099 3639 minime
1138 3582 1381 3654 perfecta
1431 3582 1523 3637 sit.
1570 3580 1840 3637 Caeterum
1876 3585 2022 3641 actio

444 3684 655 3732 natura:
684 3685 1072 3742 consentanea,
1105 3691 1172 3730 ex
1201 3675 1268 3731 iis
1292 3691 1399 3729 non
1433 3681 1518 3730 est
1540 3688 1662 3744 qua:
1685 3684 1841 3730 extra
1870 3686 2019 3731 sunt.

448 3767 600 3835 Quod
631 3766 828 3823 exinde
861 3768 1209 3837 perspicuum
1246 3766 1325 3834 iit,
1356 3765 1503 3837 quod
1539 3766 1659 3822 sine
1703 3767 2023 3836 operatione

446 3866 655 3914 naturae
678 3866 1070 3922 consentanea,
1091 3873 1192 3914 nec
1207 3873 1350 3922 esse,
1377 3873 1476 3914 nec
1498 3858 1759 3928 cognosci
1788 3858 1899 3912 ulla
1920 3874 2014 3911 na-

2123 1775 2343 1831 ποιμεν,
2394 1762 2427 1833 ἢ
2474 1761 2622 1815 θείαν
2670 1762 2878 1834 ταύτην
2918 1763 3224 1834 λέξομεν,ἢ
3266 1763 3636 1836 ἀνθρωπίνην,
3668 1766 3706 1838 ἢ

2119 1851 2433 1923 οὐδετέραν.
2483 1852 2624 1907 Ἀλλ’
2671 1856 2719 1908 εί
2770 1855 2869 1925 μὲν
2925 1854 3099 1921 θείαν,
3146 1854 3279 1909 Θεὸν
3335 1855 3495 1925 μόνον
3541 1858 3705 1911 αὑτὸν

2120 1942 2328 2012 γυμνὸν
2357 1941 2460 2013 τῆς
2491 1943 2613 1997 καθ’
2637 1947 2788 2015 ἡμᾶς
2816 1945 3236 2017 ἀνθρωπότητος
3273 1947 3525 2016 λέξομεν.
3560 1950 3624 2003 El
3646 1950 3704 2004 δὲ

2120 2034 2490 2105 ἀνθρωπίνην,
2524 2036 2679 2107 ψιλὸν
2707 2037 2869 2091 αὐτὸν
2901 2038 3187 2110 ἄνθρωπον
3207 2038 3698 2112 βλασφημήσομεν.

2120 2125 2184 2177 Et
2208 2125 2265 2178 δὲ
2293 2126 2414 2180 οὑδὲ
2444 2126 2598 2180 θείαν
2631 2127 2752 2181 οὐδὲ
2793 2127 3165 2199 ἀνθρωπίνην,
3219 2129 3339 2182 οὐδὲ
3393 2129 3527 2183 Θεὸν
3578 2132 3701 2184 οὐδὲ

2119 2216 2425 2287 ἄνθρωπον,
2451 2217 2570 2270 οὑδὲ
2601 2217 2678 2288 τῷ
2707 2219 2902 2288 Πατρὶ,
2939 2218 3060 2272 οὐδὲ
3094 2221 3227 2289 ἡμῖν
3256 2220 3561 2289 όμοούσιον.
3598 2221 3694 2274 Ἐκ

2120 2309 2229 2382 γὰρ
2266 2311 2364 2380 τῆς
2389 2310 2635 2376 ὲνώσεως
2654 2314 2686 2381 ἡ
2705 2312 2829 2366 καθ’
2851 2313 3144 2368 ὑπόστασιν
3164 2316 3431 2385 ταυτότης
3452 2315 3691 2384 γέγονεν,

2119 2401 2181 2453 οὐ
2211 2401 2318 2470 μὴν
2341 2401 2419 2465 δὲ,
2458 2404 2550 2456 καὶ
2575 2405 2607 2472 ἠ
2636 2404 2869 2474 διαφορά
2895 2403 3003 2457 τῶν
3030 2404 3246 2474 φύσεων
3276 2404 3557 2477 ἀνῄρηται.
3578 2406 3696 2476 Τῆς

2118 2492 2176 2545 δὲ
2193 2495 2459 2564 διαφορᾶς
2518 2495 2836 2565 σωζομένης
2894 2496 3003 2549 τῶν
3070 2496 3307 2565 φύσεων,
3364 2498 3702 2570 σωθήσονται

2118 2582 2320 2655 δηλαδὴ
2359 2585 2454 2638 καὶ
2482 2585 2539 2638 αί
2572 2585 2776 2639 τούτων
2807 2586 3098 2658 ἐνέργειαι.
3132 2588 3207 2641 υύ
3241 2590 3352 2661 γάρ
3393 2592 3507 2644 ἐστι
3541 2591 3703 2659 φύσις

2119 2672 2501 2745 ἀνενέργητος.

2193 2853 2254 2906 Ei
2280 2853 2377 2923 μία
2397 2851 2491 2907 τοῦ
2540 2854 2811 2908 Δεσπότου
2852 2853 3089 2924 Χριστοῦ
3137 2855 3171 2925 ἡ
3217 2854 3488 2926 ἐνέργεια,
3523 2856 3557 2928 ἦ
3592 2874 3706 2911 κτιι-

2123 2945 2224 3014 στὴ
2251 2944 2426 3007 ἔσται,
2457 2945 2489 3016 ἢ
2519 2944 2775 3009 ἇκτιστος
2793 2961 2808 2977 ·
2846 2946 3010 3016 μέσον
3032 2945 3140 3018 γάρ
3185 2946 3398 3001 τούτων
3427 2949 3528 3002 οὒκ
3553 2948 3702 3003 ἔστιν

2118 3036 2389 3107 ἐνέργεια,
2412 3035 2602 3108 ὥσπερ
2628 3038 2751 3092 οὐδὲ
2808 3036 2990 3107 φύσις.
3023 3038 3087 3091 Εἰ
3112 3035 3207 3092 οῦν
3234 3039 3449 3111 κτιστὴ,
3476 3040 3703 3113 κτιστὴν

2123 3128 2290 3198 μόνην
2319 3127 2548 3198 δηλώσει
2570 3128 2752 3197 φύσινθ
2781 3129 2829 3181 εί
2855 3128 2913 3181 δὲ
2944 3129 3220 3193 ἀκτιστος,
3241 3129 3496 3185 ἄκτιστον
3533 3132 3704 3201 μόνην

2119 3220 2515 3291 χαρακτηρίσει
2577 3220 2788 3275 οὐσίαν.
2848 3221 2941 3273 Δεῖ
2982 3219 3092 3293 γὰρ
3124 3209 3344 3287 πάντως
3384 3223 3703 3295 κατάλληλα

2118 3317 2241 3378 ταῖς
2268 3314 2495 3383 φύσεσιν
2536 3311 2675 3368 εἶναι
2696 3314 2766 3368 τὰ
2796 3314 3034 3384 φυσικά·
3087 3316 3341 3370 ἀδύνατον
3380 3317 3488 3388 γὰρ
3518 3316 3698 3371 ἐλλει-

2122 3404 2259 3469 ποῦς
2283 3405 2497 3477 φύσεως
2555 3406 2790 3478 ὕπαρξιν
2835 3401 2998 3464 εἶναι.
3041 3406 3106 3461 Ἦ
3159 3409 3174 3448 ί
3234 3407 3291 3460 δὲ
3342 3407 3482 3461 κατά
3527 3407 3696 3477 φύσιν

2118 3498 2390 3569 ἐνέργεια,
2414 3500 2474 3552 οὐ
2511 3498 2620 3552 τῶν
2665 3498 2821 3562 ἐκτὸς
2873 3499 3111 3569 ὑπάρχει
3142 3496 3239 3553 καῖ
3273 3497 3428 3567 δῆλον
3459 3500 3544 3553 ὅτι
3568 3497 3699 3552 οὔτε

2118 3588 2280 3654 εἶναι,
2304 3591 2426 3657 οὔτε
2459 3590 2825 3659 γινώσκεσθαι
2856 3593 2956 3662 τὴν
3001 3591 3163 3662 φύσιν
3192 3591 3416 3645 δυνατὸν
3441 3578 3569 3645 ἄνευ
3602 3593 3703 3663 τῆς

2120 3682 2262 3736 κατά
2292 3682 2456 3752 φύσιν
2480 3682 2782 3753 ἐνεργείας.
2818 3684 2894 3734 Δι’
2927 3674 3001 3736 ὧν
3051 3683 3163 3752 γὰρ
3210 3682 3426 3753 ἐνεργεῖ
3448 3680 3699 3742 ἕκαστον,

2119 3773 2217 3844 τὴν
2244 3773 2451 3827 οἰκείαν
2504 3773 2666 3842 φύσιν
2711 3772 3019 3838 πιστοῦται,
3070 3773 3209 3842 ὅπερ
3239 3773 3358 3826 ἐστὶ
3390 3773 3464 3845 μὴ
3504 3772 3701 3843 τρεπό-

2127 3881 2305 3936 μενον.

452 3960 567 4004 tura
586 3955 785 4018 petest.
803 3946 960 4002 Exeo
984 3948 1133 4003 enim
1147 3950 1293 4018 quod
1315 3950 1522 4019 aliquid
1545 3950 1679 4020 agit,
1716 3958 1926 4006 naturae
1952 3966 2069 4010 sua:
2099 3964 2477 4028 argumentum
2503 3956 2719 4024 edit,ab
2739 3972 2804 4011 eo
2827 3956 2972 4026 quod
3006 3965 3090 4013 est
3114 3957 3338 4012 minime
3365 3956 3697 4014 descisccns-

513 4035 785 4092 Praeterea
830 4036 879 4091 si
926 4050 1033 4090 una
1063 4036 1269 4093 Christi
1302 4040 1449 4093 actio
1477 4046 1583 4102 est,
1616 4039 1806 4095 eadem
1842 4047 1897 4094 et
1929 4040 2016 4094 di-

450 4127 697 4181 vinarum
730 4135 784 4180 et
815 4124 1182 4179 humanarum
1211 4140 1397 4181 rerum
1431 4126 1536 4182 erit
1560 4126 1829 4183 etl‘eetrix.
1853 4128 2019 4200 Atqui

2196 4045 2261 4100 Εί
2299 4046 2395 4118 μία
2438 4046 2674 4118 Χριστοῦ
2721 4049 2754 4118 ἡ
2812 4047 3087 4117 ἐνέργεια,
3150 4049 3183 4118 ἡ
3223 4047 3360 4117 αὑτὴ
3389 4047 3499 4101 τῶν
3547 4047 3702 4101 θείων

2125 4137 2221 4192 καὶ
2277 4137 2634 4210 ἀνθρωπίνων
2680 4139 2939 4210 ποιητική
2974 4154 2987 4169 ο
3039 4137 3193 4192 οὐδὲν
3218 4138 3275 4192 δὲ
3314 4139 3421 4192 τῶν
3446 4138 3614 4193 ὄντων
3646 4142 3703 4192 ἐν

446 4218 595 4272 nulla
641 4231 732 4272 res
772 4222 856 4271 est
890 4229 1012 4286 quae
1054 4214 1110 4270 in
1161 4217 1399 4272 naturali
1437 4230 1540 4273 suo
1589 4224 1736 4273 statu
1790 4233 2019 4276 manens

2123 4232 2236 4294 τοῖς
2268 4230 2409 4285 κατά
2443 4231 2602 4301 φύσιν
2644 4232 2801 4301 μένον
2832 4231 2903 4285 τά
2953 4230 3174 4284 ὲναντία
3217 4234 3395 4285 ποιεῖν
3433 4230 3660 4284 δύναται
3689 4248 3701 4259 ·

447 4308 737 4365 οοιιιτοτίοι
766 4307 982 4365 efﬁcere
1027 4315 1216 4379 queat.
1251 4306 1441 4380 Neque
1476 4311 1626 4367 enim
1674 4311 2020 4383 ignisrefri-

447 4409 601 4474 gerat
627 4410 684 4458 et
711 4400 1004 4458 calefacit:
1045 4378 1225 4472 neque
1259 4378 1403 4473 aqua
1435 4378 1721 4467 exsiccat,‘
1739 4412 1793 4459 et
1830 4378 2026 4459 hume-

447 4502 582 4550 ctat.
622 4493 871 4561 Quonam
926 4501 1089 4566 pacto
1138 4494 1305 4564 igitur
1352 4495 1446 4551 ille
1493 4496 1589 4567 qui
1638 4505 1832 4552 natura
1882 4495 2023 4552 Deus

447 4595 552 4651 est,
582 4592 638 4640 et
676 4594 876 4641 natura
909 4586 1089 4643 iactus
1113 4594 1198 4643 est
1228 4588 1418 4652 homo,
1450 4589 1616 4643 unica
1656 4590 1880 4644 actione
1908 4596 2022 4643 tum

448 4675 716 4734 miracula
738 4677 992 4745 ediderit,
1025 4686 1141 4734 tum
1172 4679 1458 4750 passiones
1492 4679 1690 4735 obierit
1715 4680 1740 4734 ?

522 4764 681 4831 Quod
726 4766 775 4820 si
820 4765 1073 4822 Christus
1111 4777 1346 4824 mentem
1376 4769 1671 4825 humanam
1703 4772 2023 4843 assumpsit,

454 4855 562 4911 hoc
589 4862 694 4921 est,
728 4855 965 4910 animam
999 4857 1215 4914 ratione
1246 4867 1301 4914 et
1327 4860 1689 4933 intelligentia
1716 4864 2024 4933 praeditam,

456 4946 720 5018 cogitavit
758 4948 950 5017 procul
989 4948 1189 5014 dubio,
1235 4957 1292 5006 et
1336 4965 1556 5022 semper
1599 4955 1864 5026 cogitabit
1898 4975 1911 5012 :
1963 4970 2029 5011 ac

447 5038 686 5111 proinde
714 5042 843 5110 quia
878 5040 1140 5111 cOgitatio
1179 5041 1264 5097 est
1304 5043 1507 5101 mentis
1554 5046 1721 5114 actio,
1771 5046 2028 5104 Christus

457 5137 625 5197 certe,
654 5138 928 5201 quatenus
960 5131 1125 5187 homo
1152 5139 1259 5198 est,
1294 5139 1557 5193 actuosus
1586 5144 1693 5206 est,
1726 5145 1781 5194 et
1813 5154 2026 5209 semper

460 5228 739 5278 actuosus.

528 5312 730 5371 Christi
762 5317 942 5387 patrio
981 5317 1122 5372 actio
1147 5326 1245 5373 est.
1280 5347 1349 5359 —
1374 5318 1516 5387 Quin
1547 5320 1712 5376 etiam
1736 5320 2029 5391 sapientis-

2124 4322 2317 4395 οὐγὰρ
2341 4323 2401 4377 τὸ
2432 4323 2544 4396 πῦρ
2585 4322 2748 4394 ψύχει
2799 4322 2896 4377 καὶ
2954 4322 3260 4395 θερμαίνει,
3307 4322 3431 4378 οὐδὲ
3458 4322 3704 4394 ξηραίνει

2124 4418 2218 4472 καὶ
2249 4418 2498 4491 ὑγραίνει
2564 4418 2625 4472 τὸ
2669 4416 2847 4489 ὑδωρ’
2885 4415 3003 4481 πῶς
3049 4413 3143 4470 οῦν
3169 4416 3198 4470 ό
3238 4416 3399 4484 φύσει
3443 4416 3519 4471 ὣν
3546 4416 3700 4479 Θεὸς,

2124 4509 2220 4562 καὶ
2246 4507 2405 4578 φύσει
2447 4506 2740 4578 γενόμενος
2769 4506 3081 4577 ἄνθρωπος,
3121 4505 3191 4560 τά
3234 4522 3293 4558 τε
3325 4502 3575 4574 θαύματα
3610 4504 3703 4557 καὶ

2122 4601 2194 4655 τά
2214 4599 2361 4672 πάθη
2389 4601 2487 4671 μιᾷ
2507 4599 2756 4671 ἐνεργείᾳ
2779 4597 3106 4652 ἀπετέλεσεν
3125 4613 3142 4663 ;

2200 4774 2264 4828 Ei
2316 4770 2408 4828 οὖν
2470 4771 2734 4827 ἀνέλαϐεν
2779 4773 2808 4825 ό
2859 4771 3092 4844 Χριστὸς
3140 4771 3266 4826 νοῦν
3314 4770 3657 4842 ἀνθρώπινον
3686 4812 3701 4833 ,

2130 4865 2298 4935 ἤγουν
2339 4864 2518 4936 ψυχὴν
2547 4865 2738 4936 νοεράν
2769 4882 2830 4917 τε
2860 4864 2954 4919 καὶ
3004 4864 3251 4934 λογικὴν,
3290 4863 3708 4933 διανοηθήσεται

2130 4958 2369 5021 πάντως,
2393 4958 2487 5010 καὶ
2513 4957 2598 5010 ἀεὶ
2657 4955 3071 5026 διανοηθήσεται
3091 4971 3106 4988 ο
3158 4955 3407 5025 ἐνέργεια
3440 4954 3498 5006 δὲ
3525 4953 3638 5020 νοῦ,
3669 4957 3704 5024 ἠ

2130 5048 2366 5102 διάνοιαν
2397 5049 2505 5120 ἄρα
2535 5049 2627 5102 καὶ
2659 5048 2793 5104 καθὸ
2815 5048 3102 5119 ἄνθρωπος
3130 5047 3359 5119 ἐνεργὴς
3391 5048 3420 5100 ό
3446 5044 3706 5118 Χριστὸς,

2131 5139 2228 5195 καὶ
2256 5139 2345 5195 ἀεὶ⁵
2374 5128 2620 5212 ὲνεργῆς.

2216 5318 2277 5372 '0
2305 5318 2361 5372 δὲ
2388 5318 2660 5388 πάνσοφος
2679 5320 2772 5373 καὶ
2798 5317 2971 5390 μέγας
2992 5316 3145 5386 ἅγιος
3175 5316 3428 5388 Ἰωάννης
3448 5316 3475 5369 ὁ
3492 5308 3711 5386 Χρυσό-

528 5481 578 5518 ⁶⁶
609 5480 743 5541 Luc.
776 5502 900 5554 vm,
946 5487 1035 5544 54.
1127 5488 1173 5522 ⁸⁸
1209 5486 1351 5545 Max.
1392 5489 1536 5544 Dial.
1561 5504 1680 5543 cum
1705 5487 1934 5559 Pyrrho.
2010 5487 2056 5521 "
2081 5486 2220 5542 Max.
2257 5489 2394 5547 ibid.
2483 5489 2528 5522 ⁸⁸
2550 5487 2691 5545 Max.
2720 5488 2856 5546 ibid.

1760 5641 1988 5698 VARIAS
2029 5641 2431 5701 LECTIONES.

543 5770 562 5811 ί
604 5768 751 5825 Multi
805 5775 963 5829 codd.
1000 5778 1067 5829 εἰ.
1120 5777 1291 5834 Vetus
1348 5779 1622 5847 interpres
1657 5779 1723 5832 si.
