3996 6166
253 267 387 335 1057

1267 272 1364 333 DE
1385 273 1564 334 FIDE
1595 273 2060 334 ORTHODOXA
2102 276 2250 335 LIB.
2291 276 2405 336 III.

3363 276 3500 344 1058

251 399 446 452 στομος
468 382 524 434 ἐν
546 381 610 452 τῇ
647 381 911 453 ἑρμηνείᾳ
941 382 1046 436 τῶν
1075 383 1353 454 Πράξεων,
1391 385 1630 456 δευτέρῳ
1656 386 1818 456 λόγῳ,

1933 390 2098 444 simus
2116 397 2170 443 et
2193 404 2423 459 magnus
2454 389 2543 444 ille
2563 391 2645 444 vir
2673 389 3148 446 sanctusJoannes
3171 391 3502 464 Chrysosto-

247 473 390 526 οὑτω
413 471 610 542 φησίν·
651 491 669 524 ι
701 474 814 526 Οὑκ
860 473 926 527 ἄν
965 491 1050 538 τις
1101 476 1357 546 ἁμάρτοι,
1405 477 1496 529 καὶ
1550 478 1610 532 τὸ
1657 477 1827 541 πάθος

247 561 412 614 αὑτοῦ
439 561 637 631 πρᾶξιν
674 564 930 627 καλέσας.
976 565 1063 617 Ἐν
1099 564 1180 635 τῷ
1212 566 1318 636 γὰρ
1347 566 1418 619 τὰ
1460 564 1476 616 i
1513 568 1692 621 πάντα
1724 585 1828 620 πα-

247 657 380 712 θεῖν.
406 657 631 727 ἐποίησε
657 659 718 712 τὸ
751 661 893 730 μέγα
944 663 1038 715 καὶ
1085 662 1399 734 θαυμαστὸν
1441 666 1620 718 ἐκεῖνο
1644 666 1824 737 ἔργον,

244 747 336 800 τὸν
365 747 596 802 θάνατον
623 752 954 819 καταλύσας,
993 755 1088 807 καὶ
1121 756 1192 809 τὰ
1220 757 1354 811 ἄλλα
1381 758 1556 812 πάντα
1585 761 1824 829 ἐργασά-

252 855 436 907 μενος.
480 860 499 891 ι

316 1026 380 1078 Ei
404 1026 553 1080 πᾶσα
580 1024 848 1096 ἐνέργεια,
887 1026 1104 1094 φύσεώς
1163 1046 1308 1093 τινος
1339 1030 1600 1104 οὑσιώδης
1650 1035 1826 1107 ὁρίζε-

248 1135 336 1170 ται
368 1117 602 1187 κίνησις,
631 1117 706 1181 ὡς
740 1119 788 1171 oi
819 1119 948 1187 περὶ
973 1119 1148 1173 ταῦτα
1177 1121 1338 1174 δεινοὶ
1365 1123 1696 1195 διειλήφασι,
1721 1128 1824 1180 ποῦ

250 1210 412 1280 φύσιν
455 1228 541 1274 τις
592 1209 733 1264 οἶδεν
782 1212 1115 1283 ἁκίνητον,ἣ
1158 1215 1435 1280 παντελῶς
1465 1218 1845 1290 ἀνενέργητον,

247 1304 281 1375 ἢ
314 1301 594 1374 ἐνέργειαν
649 1303 884 1374 εὕρηκεν
910 1306 935 1344 Ιι
964 1306 1026 1358 οὐ
1064 1308 1300 1377 φυσικῆς
1335 1309 1617 1379 δυνάμεως
1647 1313 1824 1384 ὑπάρ-

248 1412 449 1465 χουσαν
485 1395 738 1464 κίνησιν;
770 1395 914 1448 Μίαν
942 1397 998 1449 δὲ
1026 1399 1262 1467 φυσικὴν
1287 1400 1397 1470 (57)
1420 1402 1517 1472 τὴν
1545 1403 1824 1473 ἐνέργειαν

249 1485 384 1539 θεοῦ
418 1486 512 1539 καὶ
537 1487 842 1557 ποιήματος
868 1489 966 1540 οὑκ
983 1487 1048 1540 ἄν
1065 1507 1146 1552 τις
1179 1485 1236 1542 εὖ
1269 1491 1481 1560 φρονῶν
1515 1493 1654 1563 δοίη.
1685 1493 1826 1547 κατὰ

247 1578 337 1630 τὸν
365 1579 631 1648 μακάριον
679 1579 947 1648 Κύριλλον
967 1598 978 1609 ·
1008 1580 1129 1634 οὑδὲ
1169 1579 1428 1644 ζωοποιεῖ
1445 1583 1537 1636 τὸν
1575 1585 1824 1656 Λάζαρον

248 1670 282 1739 ἡ
312 1669 625 1743 ἀνθρωπίνη
653 1669 839 1737 φύσις,
865 1669 988 1724 οὑτε
1035 1672 1263 1742 δακρύει
1292 1675 1324 1744 ή
1361 1674 1517 1746 θεῖκὴ
1573 1676 1820 1742 ἐξουσία·

248 1759 312 1812 τὸ
354 1760 452 1829 μὲν
491 1760 598 1828 γὰρ
623 1759 882 1830 δάκρυον,
923 1761 1022 1830 τῆς
1054 1763 1475 1834 ἀνθρωπότητος
1514 1767 1668 1830 ῐδιον,
1706 1770 1738 1836 ἠ
1770 1768 1826 1820 δὲ

249 1849 384 1920 ζωὴ,
415 1852 512 1920 τῆς
557 1853 924 1907 ὲνυποστάτου
983 1853 1152 1924 ζωῆς.
1215 1856 1354 1908 Ἀλλ’
1423 1858 1572 1926 ὅμως
1631 1859 1828 1922 κοινῶς

246 1943 575 2012 ἀμφοτέρων
606 1945 864 2015 ἑκάτερα,
889 1946 977 1999 διὰ
1003 1947 1060 1998 τὸ
1104 1947 1302 2001 ταύτὸν
1327 1950 1426 2019 τῆς
1453 1950 1825 2012 ὑποστάσεως.

247 2029 344 2098 Εἷς
377 2034 476 2104 μὲν
503 2035 610 2105 γάρ
647 2037 796 2088 ἐστιν
817 2037 844 2088 ό
868 2037 1122 2107 Χριστὸς,
1153 2038 1247 2090 καὶ¹
1285 2037 1344 2092 ἒν
1375 2039 1536 2092 αὑτοῦ
1565 2041 1626 2093 τὸ
1659 2042 1830 2111 πρόσ-

246 2142 417 2189 ωπον,
444 2127 560 2196 ἦτοι
581 2128 613 2196 ἠ
635 2127 932 2190 ὑπόστασις
953 2145 965 2157 ·
998 2128 1112 2180 ἀλλ’
1157 2131 1306 2200 ὅμως
1342 2130 1455 2201 ἔχει
1486 2130 1579 2184 δύο
1613 2133 1826 2198 φύσεις,

245 2217 346 2287 τῆς
372 2217 623 2288 θεότητος
653 2219 749 2271 καὶ
777 2220 876 2288 τῆς
914 2219 1336 2290 ἀνθρωπότητος
1375 2221 1563 2276 αὑτοῦ.
1609 2222 1702 2274 Ἐκ
1729 2222 1828 2289 μὲν

244 2303 338 2361 οὖν
368 2309 467 2378 τῆς
497 2309 752 2380 θεότητος
781 2311 814 2380 ἠ
872 2309 999 2376 δόξα
1032 2309 1278 2378 φυσικῶς
1314 2311 1601 2380 προιοῦσα,
1632 2311 1828 2364 ἑκατέ-

248 2417 343 2471 ρου
369 2400 522 2468 κοινὴ
547 2400 635 2453 διὰ
656 2401 754 2470 τὴν
773 2402 871 2470 τῆς
887 2402 1242 2464 ὑποστάσεως
1263 2402 1481 2470 ἐγένετο
1503 2401 1828 2470 ταυτότητα,

246 2492 310 2544 ὲκ
335 2492 391 2546 δὲ
423 2492 522 2562 τῆς
559 2493 781 2561 σαρκὸς,
813 2492 882 2545 τὰ
903 2493 1139 2546 ταπεινά
1163 2494 1413 2565 ἑκατέρῳ
1448 2491 1468 2531 ι
1505 2493 1682 2548 κοινά.
1731 2488 1830 2557 Εἷς

244 2585 354 2653 γάρ
386 2585 501 2637 ἐστι
534 2587 628 2638 καὶ
661 2585 822 2648 αὐτὸς
855 2585 882 2636 ὁ
903 2585 1062 2638 τοῦτό
1085 2603 1144 2638 τε
1173 2587 1397 2640 κάκεῖνο
1433 2585 1529 2651 ὢν,
1559 2586 1678 2656 ἦτοι
1695 2585 1829 2648 Θεὸς

243 2678 341 2731 καὶ
373 2677 684 2748 ἄνθρωπος,
713 2680 808 2731 καὶ
843 2677 940 2730 τοῦ
987 2677 1178 2742 αὑτοῦ,
1220 2677 1289 2732 τά
1341 2695 1400 2732 τε
1434 2677 1535 2748 τῆς
1574 2677 1829 2747 θεότητος

245 2768 342 2822 καὶ
366 2769 432 2820 τὰ
451 2769 552 2838 τῆς
585 2769 1005 2839 ἀνθρωπότητος
1026 2785 1040 2799 ο
1071 2770 1170 2830 τὰς
1224 2770 1324 2839 μὲν
1347 2769 1455 2839 γὰρ
1501 2767 1831 2838 θεοσημείας

245 2855 282 2926 ὴ
311 2856 500 2925 θεότης
525 2857 833 2926 εἰργάζετο,
881 2855 994 2907 ἀλλ’
1037 2857 1098 2908 οὑ
1126 2857 1251 2926 δίχα
1291 2861 1391 2928 τῆς
1423 2856 1623 2927 σαρκός
1641 2871 1655 2886 ·
1677 2855 1748 2908 τὰ
1769 2855 1825 2907 δὲ

247 2947 483 3000 ταπεινὰ
531 2950 564 3018 ἠ
616 2948 772 3016 σὰρξ,
803 2947 918 3000 ἀλλ’
964 2948 1024 2999 οὑ
1072 2949 1241 3018 χωρὶς
1284 2949 1384 3018 τῆς
1421 2947 1828 3017 θεότητος.Κα“ι

1929 493 2073 539 mus.
2114 479 2167 531 in
2203 479 2463 533 Actorum
2499 481 2885 550 explanatione
2917 481 2983 543 ",
3014 481 3234 535 homilia
3260 483 3502 538 secunda

1929 571 2010 626 sic
2057 571 2339 640 loquitur:
2387 589 2405 622 ‹
2455 570 2610 626 Haud
2667 574 2946 642 quispiam
3005 574 3344 628 aherraverit
3374 613 3388 634 ,
3452 573 3501 628 si

1929 663 2100 732 ipsius
2123 678 2343 732 quoque
2384 665 2693 732 passionem
2721 666 2976 718 actionem
3009 665 3316 734 appellarit.
3345 666 3402 718 ln
3436 679 3504 719 eo

1927 753 2070 808 enim
2098 752 2244 822 quod
2267 753 2453 806 omnia
2491 769 2781 823 perpessus
2810 767 2914 816 est,
2943 756 3140 823 ingens
3176 756 3305 810 illud
3341 765 3505 824 atque

1927 845 2236 898 mirandum
2269 860 2410 914 opus
2452 846 2711 913 patravit,
2742 848 3321 911 mortem'destruens,
3364 847 3502 900 alia-

1927 951 2034 1006 que
2067 937 2247 990 omnia
2278 953 2531 1006 operans.
2577 956 2596 989 ›
2883 988 2900 994 .-

1996 1027 2199 1083 Christi
2228 1032 2461 1082 actiones
2495 1030 2768 1100 utriusque
2810 1031 2998 1100 forma:
3027 1033 3394 1086 communiter.
3433 1060 3505 1072 —

1924 1117 2046 1172 Jam
2093 1118 2140 1174 si
2183 1119 2363 1174 omnis
2393 1120 2639 1188 operatio
2670 1121 2742 1173 ita
2775 1121 3056 1183 delinitur.
3095 1131 3152 1175 ut
3186 1122 3258 1176 sit
3293 1129 3505 1174 naturae

1927 1209 2232 1280 cujuspiam
2266 1211 2647 1267 substantialis
2692 1220 2908 1277 motus,
2941 1212 3086 1267 sicut
3119 1212 3309 1269 harum
3341 1211 3500 1282 periti

1927 1302 2286 1366 tradiderunt,
2306 1305 2527 1357 ubinam
2555 1305 2771 1358 tandem
2800 1304 2999 1374 aliquis
3033 1315 3282 1357 naturam
3315 1306 3504 1359 immo-

1923 1394 2113 1459 bilem,
2139 1405 2232 1448 aut
2265 1397 2603 1464 operationis
2643 1404 2924 1465 expertem
2973 1398 3148 1460 novit,
3215 1405 3309 1448 aut
3352 1397 3499 1464 ejus-

1925 1483 2073 1537 modi
2098 1485 2472 1551 operationem
2506 1484 2738 1547 invenit,
2773 1501 2896 1553 qua:
2925 1485 3188 1554 potentiae
3229 1487 3506 1540 naturalis

1926 1581 2108 1629 motus
2159 1589 2266 1628 non
2315 1576 2499 1630 esset?
2543 1574 2716 1630 Unam
2761 1591 2928 1644 porro
2979 1577 3285 1630 naturalem
3345 1574 3507 1646 235

1928 1666 2198 1720 actionem
2227 1665 2317 1720 Dei
2350 1674 2402 1721 et
2425 1674 2710 1730 creaturae,
2743 1683 2904 1722 nemo
2928 1668 3171 1736 prudens
3211 1683 3506 1722 concesse-

1929 1758 2020 1824 rit,
2047 1766 2270 1812 auctore
2304 1758 2466 1813 beato
2491 1758 2696 1829 Cyrillo
2729 1760 2797 1813 ⁸ο.
2821 1759 2934 1814 Nec
2964 1761 3111 1815 enim
3139 1761 3376 1814 humana
3410 1775 3510 1813 na-

1928 1855 2054 1902 tura
2113 1847 2379 1902 Lazarum
2428 1863 2459 1901 a
2520 1850 2753 1903 mortuis
2787 1849 2990 1904 excitat
3025 1850 3106 1914 ";
3171 1865 3271 1904 nec
3308 1865 3508 1904 rursus

1930 1941 2262 2011 lacrymatur
2300 1941 2487 1994 divina
2515 1942 2759 2010 potentia
2785 1941 3067 2011 (Iacrymaa
3098 1942 3365 2010 siquidem
3409 1941 3510 1994 hu-

1930 2031 2210 2085 manitatis
2239 2033 2477 2101 propriae
2505 2042 2664 2097 sunt;
2700 2033 2806 2085 vita
2844 2043 3048 2095 autem,
3084 2049 3225 2086 verae
3252 2034 3398 2088 illius
3445 2049 3510 2088 ac

1930 2123 2288 2178 subsistentis
2321 2124 2500 2189 vitae):
2530 2135 2659 2176 sunt
2680 2132 2861 2178 tamen
2888 2131 3119 2193 utraque
3144 2125 3228 2179 his
3257 2139 3509 2178 commu-

1928 2214 2020 2268 nia
2055 2215 2121 2274 ",
2151 2216 2277 2282 quia
2311 2229 2417 2267 una
2459 2215 2761 2283 eademque
2793 2230 3025 2284 persona
3057 2223 3162 2269 est.
3195 2215 3330 2270 Nam
3365 2233 3509 2274 unus

1928 2305 2148 2374 quidem
2191 2304 2444 2359 Christus
2473 2315 2556 2360 est
2579 2345 2592 2367 ,
2626 2315 2788 2375 atque
2819 2321 2923 2359 una
2954 2306 3074 2375 ejus
3109 2323 3365 2376 persona,
3407 2327 3505 2365 seu

1928 2395 2243 2466 hypostasis
2271 2415 2283 2450 :
2315 2405 2570 2450 caeterum
2604 2396 2742 2452 duas
2781 2405 3008 2453 naturas
3050 2398 3236 2463 habet,
3286 2400 3509 2457 deitatis

1929 2485 2188 2539 nimirum
2239 2495 2292 2540 et
2339 2485 2698 2540 humanitatis
2733 2502 2864 2542 suae.
2915 2487 2978 2543 Et
3009 2489 3230 2557 quidem
3275 2491 3506 2547 claritas

1931 2577 2258 2631 naturaliter
2277 2593 2343 2631 ex
2375 2577 2662 2632 divinitate
2691 2580 2970 2647 prodiens,
3007 2583 3228 2650 utrique
3253 2583 3510 2636 substan-

1928 2669 2018 2724 tiae
2048 2671 2364 2724 communis
2395 2669 2587 2724 eﬂecta
2619 2677 2704 2725 est
2741 2671 2811 2724 ob
2847 2687 3098 2741 persona:
3127 2672 3464 2726 identitatem
3491 2690 3510 2741 ;

1929 2770 1984 2817 et
2015 2779 2210 2818 rursus
2241 2763 2313 2817 ob
2341 2778 2594 2828 carnem,
2630 2779 2752 2832 quae
2799 2763 3027 2818 humilia
3071 2775 3257 2830 erant,
3290 2766 3513 2835 utrique

1930 2863 2140 2909 naturae
2169 2855 2484 2908 communia
2533 2855 2703 2910 fuere.
2751 2855 2906 2910 Unus
2941 2858 3084 2911 enim
3132 2866 3186 2910 et
3219 2857 3358 2912 idem
3401 2867 3507 2922 est,

1930 2947 2024 3016 qui
2064 2953 2119 3000 et
2167 2945 2272 2998 hoc
2313 2953 2367 2997 et
2412 2944 2546 2998 illud
2599 2954 2707 3010 est,
2769 2961 2966 3016 nempe
3019 2946 3163 3002 Deus
3210 2957 3264 3003 et
3315 2949 3507 3015 homo;

247 3035 531 3110 πασχούσῃ
573 3036 680 3105 γὰρ
724 3039 790 3107 τῇ
840 3037 1003 3107 σαρκὶ
1057 3039 1378 3108 συνημμένη
1425 3035 1494 3109 ἦν
1541 3042 1574 3109 ἡ
1615 3039 1824 3107 θεότης,

1933 3037 2294 3106 ejusdemque
2335 3046 2483 3102 sunt,
2534 3043 2647 3090 tum
2699 3053 2821 3106 quze
2856 3039 3172 3107 divinitati,
3232 3047 3344 3094 tum
3389 3053 3512 3110 quas

247 3127 466 3198 ἀπαθὴς
490 3128 843 3197 διαμένουσα,
888 3129 984 3181 καὶ
1020 3129 1086 3182 τὰ
1114 3129 1261 3198 πάθη
1298 3129 1593 3182 ἐκτελοῦσα
1624 3130 1692 3183 τὰ
1720 3147 1829 3184 σω-

244 3220 434 3288 τήρια,
467 3219 560 3272 καὶ
588 3219 888 3292 ὲνεργούσῃ
943 3223 1010 3292 τῇ
1080 3219 1175 3274 τοῦ
1225 3220 1401 3288 Λόγου
1451 3221 1668 3290 θεότητι
1701 3237 1826 3274 συν-

247 3310 493 3381 ημμένος
538 3307 605 3382 ἦν
643 3315 670 3366 ὁ
720 3312 878 3381 ἅγιος
906 3311 1052 3378 νοῦς,
1085 3312 1223 3367 νοῶν
1239 3313 1333 3366 καὶ
1362 3312 1518 3376 εἰδὼς
1545 3312 1612 3366 τὰ
1641 3313 1830 3366 τελού-

251 3419 409 3472 μενα.

247 3494 644 3564 passionesque
689 3493 964 3549 salutares
1012 3495 1246 3550 reddens
1281 3501 1335 3548 et
1367 3493 1658 3564 perﬁciens
1703 3512 1718 3549 :

1937 3129 2265 3184 humanitati
2291 3130 2645 3184 conveniunt.
2673 3129 2882 3184 Etenim
2907 3132 3089 3184 divina
3119 3133 3273 3201 signa
3292 3133 3508 3197 edebat,

1937 3225 1992 3271 at
2029 3233 2134 3271 non
2177 3219 2296 3273 sine
2343 3234 2549 3273 carne:
2596 3235 2724 3274 caro
2759 3233 2952 3275 rursus
2998 3221 3224 3274 humilia
3251 3261 3266 3287 ,
3300 3229 3354 3274 at
3400 3236 3513 3279 non

1937 3311 2167 3365 seorsim
2203 3326 2233 3363 a
2267 3310 2573 3366 divinitate.
2625 3309 2761 3365 Nam
2800 3319 2854 3365 et
2903 3312 3132 3380 patienti
3181 3313 3334 3365 carni
3379 3324 3514 3370 (on-

1930 3401 2122 3471 juncta
2183 3410 2302 3456 erat
2357 3401 2640 3467 divinitas,
2709 3403 3064 3471 impassibilis
3124 3420 3512 3473 perseverans,

1791 3508 1857 3549 ac
1931 3507 2129 3548 rursus
2195 3495 2446 3563 operanti
2519 3493 2685 3550 Verbi
2749 3493 3031 3549 divinitati
3089 3510 3246 3551 mens
3314 3507 3509 3553 sancta

246 3586 500 3654 copulata
529 3593 671 3648 erat,
703 3587 953 3656 cogitans
984 3597 1036 3642 et
1070 3587 1383 3657 intelligens
1413 3601 1475 3642 ea
1509 3603 1630 3657 quae
1661 3585 2085 3657 peragebantur.

319 3677 439 3729 Τῶν
477 3677 574 3746 μὲν
603 3673 695 3731 οὖν
718 3678 936 3730 οἰκείων
957 3681 1294 3751 αὐχημάτων
1325 3679 1357 3748 ἡ
1381 3677 1572 3749 θεότης
1610 3677 1687 3749 τῷ
1720 3676 1825 3732 σώ-

249 3783 379 3839 ματι
412 3768 798 3839 μεταδίδωσιν
825 3768 964 3842 αὕτη
995 3770 1053 3824 δὲ
1099 3770 1208 3824 τῶν
1244 3770 1346 3840 τῆς
1382 3771 1586 3842 σαρκὸς
1634 3770 1826 3826 παθῶν

312 3948 544 4021 “_Hom.
584 3949 637 4006 1.
702 3951 748 3983 ⁵ο
778 3951 898 4006 Lib.
928 3965 1078 4005 χχιιι
1105 3951 1284 4020 Thes.,
1322 3970 1372 4009 (τ.
1399 3955 1455 4011 2.
1496 3954 1712 4011 Citatur
1739 3967 1827 4011 act

1933 3957 1954 4010 J
1982 3968 2154 4015 sextae
2183 3957 2400 4029 synodi.

2007 3677 2078 3730 At
2109 3677 2373 3733 divinitas
2419 3677 2641 3746 quidem
2693 3677 2911 3748 corpori
2950 3680 3347 3750 prmrogativas
3381 3697 3512 3737 suas

1923 3768 2291 3840 impertiebat,
2361 3785 2483 3825 cum
2536 3769 2758 3825 interim
2805 3771 2926 3842 ipsa
2969 3772 3216 3841 corporis
3263 3773 3512 3829 dolorum

2496 3958 2540 3990 "
2575 3957 2734 4013 Joan.
2767 3974 2844 4023 xx,
2871 3959 2920 4012 1.
3004 3959 3048 3991 ⁵⁸
3075 3957 3206 4022 Leo,
3231 3960 3392 4029 epist.
3424 3958 3511 4012 l0.

1546 4107 1782 4164 VARIA‘J
1831 4107 2236 4167 LECTIONES.

319 4219 498 4300 {cui}.
551 4217 609 4300 8ἷ
645 4218 750 4274 Hil.
776 4227 829 4274 et
859 4220 1160 4300 aliisndeest
1188 4223 1460 4300 rd'_apud
1489 4223 1774 4300 Clir‘ysost.
1803 4228 2019 4296 legitur,
2051 4231 2110 4282 ὲν
2144 4230 2254 4299 γὰρ
2285 4230 2362 4300 τῷ
2394 4229 2608 4296 παθεῖν,
2643 4233 2886 4300 ἐποίησε.

2989 4233 3015 4272 ι
3053 4232 3280 4298 Quidam
3331 4227 3512 4304 εὗρεν.

255 4285 270 4328 ι
304 4287 371 4344 ﬂ.
414 4289 722 4359 1ὲκατέρων
775 4290 950 4345 κοινά.
987 4290 1078 4347 Sic
1099 4302 1256 4350 vetus
1292 4285 1521 4364 interpr.
1551 4285 1934 4350 al'terutroru'm
1968 4285 2289 4354 communia.
2322 4285 2454 4370 Reg.
2483 4285 2621 4356 alter
2644 4285 2878 4372 ἑκατέρᾳ

1713 4434 1948 4492 NOTAE.

319 4543 430 4625 (ξεῖ)
460 4541 614 4625 Μίακ
643 4541 712 4625 δέ
732 4544 1023 4625 φυσικήτς.
1065 4543 1456 4625 Ungniporro,
1485 4558 1591 4625 etc.
1629 4548 1823 4625 Mpno-
1856 4531 1900 4585 θ
1929 4551 2086 4606 deret
2143 4569 2308 4607 unam
2346 4569 2492 4625 esse
2537 4555 2913 4624 operationem
2967 4557 3281 4614 divinitatis
3311 4600 3327 4625 ,
3392 4564 3509 4620 sive

245 4611 460 4686 theletae
494 4621 616 4686 post
674 4611 1087 4686 Severum'hoc
1134 4611 1332 4686 _Cyrilli
1390 4611 1509 4672 loco
1551 4623 1626 4684 (in
1664 4618 1830 4677 Joan.

246 4683 790 4755 p.551)_uitchantu[
820 4701 830 4734 :
871 4681 1003 4755 Cum
1029 4681 1435 4755 arcltisynagogi
1464 4681 1631 4755 ﬁliam
1665 4693 1835 4744 susci-

249 4750 398 4827 tavit,
426 4750 668 4827 dicendo,
689 4771 713 4827 _«
749 4750 963 4827 Puella,
989 4770 1164 4823 surge,
1202 4750 1226 4803 ἱ
1261 4750 1424 4827 tenuit
1449 4750 1659 4810 manum
1688 4759 1828 4827 ejus;

239 4822 396 4890 jussu
419 4824 628 4891 quidem
651 4823 813 4876 vitam
829 4821 1197 4892 reddensﬂyuo
1229 4826 1405 4877 omnia
1434 4827 1688 4892 condidit,
1709 4821 1830 4882 ian;-

252 4906 409 4958 quam
453 4892 625 4965 petis.
680 4893 905 4965 itemque
948 4895 1178 4965 proprice
1213 4894 1416 4965 carnis,
1475 4896 1603 4965 μίαν
1641 4914 1699 4949 τε
1734 4900 1828 4952 καὶ

253 4961 490 5028 συγγενῆ
509 4962 576 5012 δι’
606 4962 808 5030 ἀμφοῖν
836 4961 1054 5026 δεικνὺς
1085 4963 1181 5033 τὴν
1231 4961 1536 5034 ἐνέργειαν,
1569 4983 1729 5019 unam
1775 4979 1825 5022 et

252 5041 583 5100 congenerem
614 5046 703 5097 per
728 5044 1005 5100 utramque
1042 5034 1396 5099 operationem
1429 5035 1604 5089 edens.
1652 5037 1824 5089 Maxi-

254 5110 403 5172 mus,
438 5097 751 5172 Dial._cum
800 5097 1025 5172 Pyrrh1
1048 5097 1257 5156 necnon
1316 5104 1567 5170 epistolis
1622 5106 1686 5159 ad
1733 5107 1824 5160 Ni-

251 5163 441 5240 candr.
473 5170 624 5240 et__ad
649 5163 948 5226 monachos
996 5170 1152 5225 Sicil.
1185 5163 1401 5240 reponit
1440 5183 1690 5230 sanctum
1720 5177 1822 5230 d‘o-

251 5239 461 5310 storem
489 5236 591 5310 a|i_o
614 5237 752 5310 loco,
786 5240 966 5302 (’I'ltes.
997 5241 1094 5296 lib.
1119 5236 1570 5309 xxxti,assert.2)
1589 5246 1817 5310 dixisse,

250 5303 338 5384 ἔτι
357 5304 586 5384 ποιητοῦ,
603 5308 692 5358 καὶ
717 5310 1021 5384 ποιήματος
1058 5311 1183 5379 μίαν
1208 5311 1487 5384 ἐνέργειαν
1510 5303 1612 5367 οὑκ
1645 5314 1711 5368 ἄν
1735 5303 1820 5380 τις

248 5372 369 5452 δοίη
407 5372 725 5440 σωφρόνως⁹
769 5372 938 5452 Unam
977 5372 1200 5448 factoris
1250 5372 1311 5435 et.
1346 5372 1584 5450 factum:
1627 5372 1817 5452 opera:

251 5445 452 5493 tionem
485 5456 594 5492 esse
625 5445 876 5522 .‘prudens
934 5445 1082 5504 nemo
1105 5445 1420 5506 concesserit
1445 5471 1464 5518 ;
1493 5463 1541 5507 et
1581 5445 1815 5522 rursum,

247 5525 437 5594 eorum
465 5525 578 5576 quae
603 5510 819 5565 diversa:
846 5529 1045 5572 natura:
1087 5510 1518 5594 sunt,_diversam
1546 5541 1658 5578 esse
1691 5510 1815 5594 ope;

248 5586 513 5662 rationem
546 5595 686 5662 :Incc
737 5598 1005 5662 nonLqua:
1051 5602 1168 5662 sunt
1197 5591 1431 5662 ejusdem
1461 5586 1806 5662 operationis,

240 5647 487 5716 ejusdem
507 5647 836 5706 substantiae.
855 5647 1522 5732 Quamobrem'Cyrillum',
1536 5647 1609 5720 fut
1626 5647 1810 5722 esten:

1941 4637 2066 4674 cum
2099 4635 2287 4703 carne,
2313 4623 2628 4703 sive_extra_
2660 4639 2905 4703 carnem.
2946 4642 3107 4703 unam
3151 4623 3358 4687 dixisse
3383 4651 3510 4703 qua

1937 4705 2032 4759 per
2063 4695 2534 4772 utrmnque_edita
2585 4695 2676 4757 sit,
2713 4695 2930 4772 quando
2959 4695 3507 4772 Verbumassum'pta

1935 4774 2120 4824 carne,
2153 4776 2262 4814 non
2299 4764 2414 4816 solo
2456 4763 2648 4830 jussu,
2683 4767 2947 4818 miracula
3003 4771 3262 4834 patravit,
3315 4763 3506 4829 sed'et

1932 4839 2220 4895 contactu,
2279 4847 2571 4904 corporum
2632 4850 2804 4896 more,
2836 4844 2893 4889 ut
2943 4839 3117 4904 palam
3155 4839 3502 4896 l'at‘eretcars

1932 4913 2052 4974 nem
2085 4915 2243 4954 suam
2283 4902 2558 4954 vivilicam
2585 4918 2729 4967 esse,
2759 4921 2880 4972 qum
2906 4902 3192 4974 suiipsius.
3227 4926 3334 4964 non
3367 4913 3500 4966 alte-

1930 4968 2212 5042 ri_us_esset
2235 4987 2253 5042 ξ
2274 4987 2340 5022 eo
2367 4973 2476 5025 lere
2507 4977 2667 5026 modo
2696 4968 2804 5042 quo
2831 4977 2969 5041 ignis
2994 4968 3178 5032 u'uitus
3209 4994 3330 5032 cum
3359 4980 3504 5035 ferro

1927 5037 2116 5111 edicit,
2148 5049 2206 5092 ut
2232 5040 2436 5111 ferrum
2494 5037 2804 5107 comhurat,
2836 5037 2972 5100 adeo
3006 5055 3062 5099 ut
3106 5049 3322 5104 adustio
3349 5049 3502 5111 ferri,

1927 5107 2125 5188 ipsius,
2156 5109 2352 5188 nedum
2387 5113 2549 5188 ignis,
2575 5117 2913 5188 propriaisit.
2955 5117 3192 5171 Basilius
3241 5128 3367 5171 ante
3397 5107 3502 5188 (ly:-

1925 5178 2136 5254 riliurn,
2201 5178 2446 5254 omnium
2501 5178 2695 5237 forsan
2743 5187 2986 5254 primus,
3036 5189 3342 5254 exemplum
3399 5178 3504 5254 hoc

1925 5249 2257 5303 adhibuerat
2307 5253 2358 5304 in
2419 5253 2562 5306 hom.
2617 5255 2670 5306 in
2711 5243 2843 5308 Chr.
2887 5243 3010 5307 Nai.
3078 5243 3412 5310 Scholiastes
3436 5243 3500 5313 in

1921 5315 2221 5394 C_ullectan.
2253 5329 2400 5377 Cont.
2433 5321 2618 5394 Sever.
2645 5340 2694 5376 (ξ.
2719 5325 2808 5388 20,
2833 5325 2898 5377 ad
2935 5325 3076 5377 hunc
3105 5324 3290 5394 (Iyrilli
3320 5326 3502 5394 locum

1919 5389 2200 5462 observat,
2225 5393 2463 5462 συγγενῆ
2492 5393 2795 5462 ἐνέργειαν,
2837 5394 2970 5446 nihil
3015 5389 3164 5462 esse'
3186 5392 3356 5455 aliud,
3395 5397 3501 5452 nisi

1921 5473 2089 5532 unum
2113 5461 2480 5532 ἀποτέλεσμα,
2502 5461 2764 5532 cﬂ'éclum,
2796 5463 2939 5532 quod
2963 5478 2989 5513 a
3013 5461 3192 5514 Verbo
3230 5470 3500 5532 contactu

1919 5528 2108 5602 carnis
2155 5530 2363 5584 editum
2386 5528 2396 5532 ⁷
2420 5533 2490 5584 sit
2515 5528 3126 5602 ;"quinimduaddeudo
3157 5530 3253 5602 καὶ
3297 5531 3365 5584 δι’
3393 5535 3502 5602 ἀμο

1919 5599 2200 5677 φοζν,άιιαε
2256 5611 2481 5654 naturas
2537 5599 2761 5669 propter
2811 5600 3058 5655 diversas
3113 5601 3362 5658 auctiones
3417 5599 3499 5658 ἱίιη

1919 5682 2131 5724 11111538.
