4072 6146
502 271 644 338 1059

1697 272 1759 330 S.
1788 270 2106 333 JOANNIS
2137 271 2567 332 DAMASCENI

3612 263 3744 331 1060

496 378 760 437 immunis
780 381 1044 434 maneret.
1074 373 1194 430 Non
1220 372 1386 439 enim,
1413 371 1870 442 quemadmodum
1901 372 2061 428 Verbi

2167 378 2410 447 διαμένει
2440 379 2726 449 ἀμέτοχος.
2760 376 2836 430 Οὐ
2865 374 2995 448 γὰρ,
3029 375 3222 447 ὥσπερ
3241 371 3330 428 διὰ
3354 372 3457 442 τῆς
3484 374 3686 444 σαρκὸς
3711 377 3741 446 ή

495 472 757 529 divinitas
789 486 883 540 per
909 481 1129 524 carnem
1167 475 1442 536 operatur,
1490 466 1564 519 ita
1609 465 1768 520 etiam
1802 481 1900 534 per
1926 465 2067 519 divi-

495 566 723 625 nitatem
752 575 882 616 caro
911 559 1085 629 ipsius
1114 558 1544 628 perpetiebatur.
1571 556 1885 611 Divinitatis
1918 558 2065 611 enim

493 669 762 726 organum
789 667 918 706 caro
957 650 1078 704 fuit.
1113 649 1435 718 Quanquam
1465 649 1632 718 igitur
1662 664 1690 701 a
1728 649 1904 718 prima
1935 663 2068 703 con—

494 749 748 814 ceptione
795 744 1005 798 nullum
1053 742 1273 795 omnino
1329 741 1467 793 inter
1519 749 1804 809 utramque
1835 739 2066 794 formam

495 837 695 892 divisio
727 836 907 888 locum
942 835 1173 899 invenit,
1203 849 1390 886 verum
1427 832 1591 886 unius
1619 847 1866 900 persona
1896 832 2067 884 actio-

493 942 616 988 nes,
669 926 868 995 quovis
920 933 1163 994 tempore
1205 923 1364 978 editae
1417 923 1547 986 sint,
1608 925 1898 992 utriusque
1949 922 2068 976 for-

492 1034 595 1072 mae
624 1019 989 1084 exstiterunt;
1027 1031 1126 1070 nos
1161 1023 1342 1069 tamen
1392 1030 1455 1069 ea
1506 1030 1627 1083 quae
1674 1016 1814 1068 citra
1846 1029 2069 1084 separa-

494 1111 697 1164 tionem
738 1117 891 1180 gesta
928 1116 1076 1173 sunt,
1123 1107 1276 1160 nullo
1323 1106 1485 1160 modo
1519 1105 1935 1169 conl'undimus,
1971 1105 2066 1160 sed

494 1202 624 1272 quid
660 1201 930 1269 cujusque
980 1198 1168 1254 formae
1208 1205 1358 1253 esset
1411 1213 1477 1253 ex
1529 1213 1757 1268 operum
1792 1197 2066 1267 qualitate

493 1293 899 1363 cognoscimus.

580 1383 730 1437 Verbi
764 1393 894 1435 nutu
930 1382 1233 1434 humanitas
1262 1397 1362 1434 sua
1397 1380 1794 1447 exsequebatur.
1824 1409 1890 1419 —
1923 1379 2067 1445 Quo-

495 1476 642 1530 circa
694 1475 742 1508 ⁵³
791 1474 1049 1529 Christus
1100 1473 1402 1528 secundum
1463 1481 1755 1542 utramque
1814 1482 2066 1524 naturam

495 1579 650 1620 suam
682 1571 961 1634 operatur,
1007 1578 1072 1617 ac
1119 1564 1173 1616 in
1223 1578 1288 1616 eo
1341 1571 1574 1629 utraque
1608 1570 1805 1614 natura
1837 1577 1960 1616 cum
1989 1561 2067 1614 al-

494 1655 667 1710 terius
699 1655 1088 1730 communione
1121 1662 1378 1722 operatur
1411 1671 1424 1706 :
1465 1652 1637 1706 Verbo
1666 1654 1923 1707 nimirum
1949 1667 2069 1722 quae

501 1744 661 1800 Verbi
713 1752 864 1807 sunt,
905 1760 1027 1798 cum
1081 1746 1408 1799 auctoritate
1448 1753 1502 1798 et
1552 1746 1796 1814 potentia
1843 1743 2066 1799 deitatis

492 1838 789 1903 eﬁiciente;
824 1837 928 1891 hoc
949 1845 1034 1891 est
1068 1839 1214 1907 regia
1247 1838 1434 1892 omnia
1463 1845 1517 1891 et
1545 1853 1667 1906 quae
1697 1838 2065 1908 principatum

493 1928 689 1984 decent
723 1948 736 1984 :
779 1944 1011 1998 corpore
1043 1939 1248 1992 autem,
1284 1945 1407 1999 quae
1443 1938 1574 1984 sunt
1624 1930 1874 2000 corporis
1907 1945 2067 1984 exse-

492 2031 715 2090 quente,
749 2020 816 2074 ad
847 2020 1010 2076 Verbi
1043 2021 1146 2076 sibi
1175 2021 1334 2085 uniti,
1365 2021 1528 2090 cujus
1569 2021 1735 2075 etiam
1783 2022 2066 2090 proprium

493 2111 696 2166 factum
730 2117 834 2176 est,
871 2111 1180 2165 arbitrium.
1208 2110 1394 2180 Neque
1427 2111 1576 2164 enim
1602 2121 1801 2179 suopte
1841 2120 1974 2164 nutu
2000 2110 2068 2165 ad

493 2202 774 2256 naturales
807 2199 1035 2254 allectus
1068 2201 1410 2270 prosiliebat,
1447 2216 1550 2256 nec
1600 2217 1794 2256 rursus
1833 2201 2069 2255 molesta

494 2291 820 2360 refugiebat,
850 2306 912 2345 ac
938 2290 1302 2355 detrectabat,
1335 2297 1429 2345 aut
1466 2307 1529 2346 ea
1569 2307 1689 2362 qua:
1713 2306 1939 2346 externe
1983 2291 2070 2345 in-

493 2382 782 2454 gruebant,
815 2382 1163 2451 patiebatur;
1197 2382 1293 2437 sed
1337 2383 1638 2437 secundum
1686 2391 1898 2438 natura:
1930 2397 2068 2438 cono

493 2474 758 2528 ditionem
824 2474 1182 2538 movebatur,
1237 2472 1418 2528 Verbo
1488 2475 1750 2537 volente,
1808 2485 2070 2544 certoque

493 2567 729 2621 consilio
791 2566 1140 2635 permittente
1193 2566 1370 2636 ipsum
1435 2567 1545 2635 pati
1603 2573 1656 2622 et
1709 2581 1870 2637 agere
1923 2567 2069 2636 quod

494 2657 777 2728 proprium
805 2664 947 2718 erat,
981 2665 1039 2710 ut
1067 2671 1163 2726 per
1203 2671 1370 2726 Opera
1420 2657 1645 2713 veritati
1693 2666 1900 2712 natura:
1936 2658 2069 2715 ﬁdes

492 2757 856 2805 astrueretur.

566 2840 818 2895 Humana
861 2839 1100 2896 Christus
1137 2842 1314 2896 divina
1354 2843 1515 2896 modo
1547 2842 1754 2913 agebat,
1792 2851 1841 2896 et
1885 2858 1912 2897 e
1947 2859 2072 2896 con-

496 2941 596 2988 tra.
627 2963 697 2972 —
723 2934 1194 2999 Quemadmodum
1224 2934 1272 2966 “
1311 2943 1492 2990 autem
1543 2951 1706 3004 supra
1743 2951 1905 3005 quam
1936 2935 2072 2990 sub-

495 3025 699 3079 stantia
732 3024 894 3091 lerat,
931 3026 1175 3094 virgineo
1227 3035 1384 3095 partu
1442 3027 1813 3081 substantiam
1867 3027 2064 3091 induit,
2103 3062 2143 3117 Β

496 3119 572 3173 ita
601 3119 766 3173 etiam
796 3133 962 3188 supra
995 3133 1156 3188 quam
1204 3117 1346 3172 ferat
1392 3118 1630 3171 lturnana
1673 3117 1939 3180 conditio,
1999 3132 2064 3171 ea

493 3222 616 3277 quae
647 3207 930 3260 hominum
961 3214 1091 3262 sunt
1123 3206 1349 3274 agebat;
1384 3213 1443 3260 ut
1477 3223 1600 3260 cum
1643 3206 1696 3260 in
1729 3205 1872 3258 ﬁura
1907 3205 2067 3259 mini-

493 3314 689 3368 meque
729 3298 912 3352 stabili
949 3313 1088 3368 aqua
1125 3299 1364 3353 terrenis
1417 3298 1646 3368 pedibus
1680 3297 2064 3367 gradiebatur,

494 3405 606 3445 non
643 3400 702 3445 ut
730 3399 888 3444 terrae
915 3390 1090 3445 instar
1124 3405 1265 3459 aqua
1293 3390 1700 3454 ohdurcsceret,
1737 3388 1832 3443 sed
1859 3396 1918 3442 ut
1969 3405 2068 3443 su-

495 3481 884 3551 perexcellenti
909 3481 1211 3535 divinitatis
1249 3481 1491 3551 potentia
1521 3483 1593 3534 ita
1628 3490 2065 3550 compararetur,

495 3577 558 3624 ut
588 3585 936 3642 nequaquam
967 3572 1258 3640 diﬁlueret,
1303 3589 1405 3628 nec
1451 3589 1838 3643 corporeorum
1871 3572 2068 3642 pedum

495 3661 749 3729 gravitati
778 3662 1021 3718 cederet.
1053 3663 1172 3718 Non
1203 3665 1349 3718 enim
1383 3666 1627 3718 humano
1655 3680 1804 3719 more
1829 3664 2069 3717 humana

496 3751 803 3815 factitabat,
849 3753 943 3823 qui
996 3769 1104 3808 non
1150 3755 1314 3810 homo
1364 3757 1565 3819 solum,
1611 3771 1797 3811 verum
1829 3764 1884 3810 et
1919 3754 2068 3810 Deus

495 3851 642 3898 esset
667 3842 834 3912 (unde
863 3846 1151 3913 passiones
1190 3862 1409 3916 quoque
1456 3849 1631 3917 ipsius
1659 3846 1888 3902 viviﬁca:
1938 3845 2060 3900 fue-

2171 470 2362 540 θεότης
2391 472 2634 541 ἐνήργει,
2695 467 2835 522 οὕτω
2883 468 2978 522 καὶ
3009 468 3096 522 διὰ
3117 467 3218 534 τῆς
3267 466 3579 536 θεότητοςή
3612 466 3746 537 σὰρξ

2168 562 2334 615 αὑτοῦ
2369 563 2625 632 ἔπασχεν.
2670 563 2940 633 Ὀργανον
2975 561 3083 628 γὰρ
3113 562 3146 631 ἡ
3183 557 3321 629 σὰρξ
3361 559 3460 628 τῆς
3494 557 3746 628 θεότητος

2168 651 2557 721 ἐχρημάτισεν.
2593 653 2656 704 Εί
2695 651 2788 704 καὶ
2813 651 2991 704 τοίνυν
3017 650 3074 716 ἐξ
3104 651 3279 718 ἄκρας
3303 647 3616 718 συλλήψεως
3639 648 3745 700 οὐδ’

2168 743 2348 796 ὁτιοῦν
2395 744 2726 816 διῃρημένον
2777 739 2845 814 ἦν
2896 743 2996 812 τῆς
3049 741 3316 810 ἑκατέρας
3361 739 3600 809 μορφῆς,
3633 740 3746 792 ἀλλ’

2170 835 2288 898 ἐνὸς
2323 835 2619 904 προσώπου
2646 836 2703 887 αἱ
2735 834 2827 887 τοῦ
2859 833 3056 897 παντὸς
3083 833 3275 903 χρόνου
3298 831 3526 900 πράξεις
3553 832 3746 883 ἐκατέ-

2170 943 2271 996 ρας
2303 926 2517 996 μορφῆς
2549 927 2862 994 γεγόνασιν,
2891 927 3041 996 ὅμως
3091 925 3232 978 αὑτά
3259 924 3404 993 ἅπερ
3426 922 3745 992 ἀχωρίστως

2167 1017 2512 1086 γεγένηνται,
2537 1017 2658 1069 κατ’
2690 1016 2880 1069 οὐδένα
2911 1016 3112 1086 τρόπον
3157 1014 3476 1083 συγχέομεν,
3510 1010 3647 1064 ἀλλά
3675 1013 3744 1072 τί,

2169 1109 2328 1169 ποίας
2351 1109 2436 1178 εῐη
2469 1109 2682 1180 μορφῆς
2709 1110 2773 1161 ἐκ
2790 1107 2891 1177 τῆς
2919 1107 3027 1160 τῶν
3049 1106 3226 1177 ἔργων
3246 1105 3533 1174 ποιότητος
3558 1102 3746 1157 αἰσθα-

2169 1199 2393 1270 νόμεθα.

2255 1379 2497 1447 Ἐνεργεῖ
2525 1374 2703 1430 τοίνυν
2754 1377 2782 1428 ό
2833 1374 3066 1444 Χριστὸς
3105 1372 3228 1426 καθ’
3276 1372 3541 1443 ἑκατέραν
3583 1364 3746 1426 αὑτοῦ

2168 1469 2276 1522 τῶν
2299 1469 2534 1537 φύσεων,
2562 1468 2659 1520 καὶ
2687 1469 2903 1537 ἐνεργεῖ
2922 1466 3159 1535 ἐκατέρα
3184 1463 3345 1533 φύσις
3366 1466 3422 1516 ἐν
3439 1463 3582 1532 αὐτῷ
3607 1462 3747 1533 μετά

2168 1563 2266 1632 τῆς
2301 1561 2535 1631 θατέρου
2563 1560 2845 1621 κοινωνίας
2869 1574 2883 1590 °
2914 1556 3010 1610 τοῦ
3051 1557 3150 1626 μὲν
3182 1557 3360 1625 Λόγου
3408 1555 3745 1624 κατεργαζο-

2174 1655 2337 1723 μένου
2374 1654 2517 1724 ἅπερ
2558 1654 2676 1706 ἐστὶ
2704 1651 2798 1704 τοῦ
2827 1650 3023 1717 Λόγου,
3058 1649 3148 1701 διὰ
3195 1649 3294 1718 τὴν
3321 1646 3604 1701 αὐθεντίαν
3652 1645 3747 1700 καὶ

2097 1721 2142 1779 Β
2170 1721 2418 1811 ἐξουσίαν
2465 1721 2564 1817 τῆς
2598 1744 2869 1816 θεότητος,
2920 1745 3020 1798 ὅσα
3063 1744 3209 1796 ἐστὶν
3241 1742 3444 1811 ἀρχικά
3476 1742 3573 1794 καὶ
3599 1739 3747 1810 βασι-

2167 1837 2295 1890 λικά
2315 1853 2328 1866 '
2361 1835 2456 1889 τοῦ
2487 1837 2544 1888 δὲ
2578 1834 2847 1905 σώματος,
2885 1835 3021 1906 πρὸς
3047 1834 3109 1888 τὸ
3136 1833 3381 1902 βούλημα
3405 1830 3498 1884 τοῦ
3525 1830 3748 1883 ἐνωθέν-

2167 1945 2258 1991 τος
2289 1925 2438 1997 αὐτῷ
2473 1927 2672 1994 Λόγου,
2709 1921 2768 1980 οὗ
2814 1927 2908 1979 καὶ
2953 1925 3184 1994 ςέγονεν
3223 1923 3372 1976 ἴδιον.
3403 1918 3480 1975 Οὐ
3514 1922 3623 1993 γὰρ
3651 1922 3746 1988 ἀφ’

2168 2017 2364 2072 ἐαυτοῦ
2407 2018 2546 2088 πρὸς
2581 2018 2647 2071 τά
2689 2016 2896 2086 φυσικά
2927 2016 3078 2086 πάθη
3129 2015 3227 2085 τὴν
3273 2014 3452 2086 ὁρμὴν
3487 2015 3744 2074 ἐποιεῖτο,

2167 2111 2274 2164 οὐδ’
2309 2110 2479 2180 αὐτὴν
2511 2111 2575 2163 ἐκ
2621 2109 2727 2162 τῶν
2768 2107 3030 2178 λυπηρῶν
3061 2106 3318 2179 ἀφορμὴν
3343 2106 3440 2159 καὶ
3477 2105 3745 2174 παραίτη-

2169 2221 2279 2266 σιν,
2312 2203 2344 2273 ἢ
2385 2202 2454 2256 τὰ
2481 2201 2678 2266 ἔξωθεν
2719 2201 3133 2271 προσπίπτοντα
3178 2199 3438 2268 ἔπασχεν,
3475 2197 3588 2250 ἀλλ’
3632 2197 3741 2248 ἐκι-

2169 2300 2312 2353 νεῖτο
2345 2297 2487 2350 κατά
2515 2295 2617 2367 ’τὴν
2652 2295 2974 2348 ἀκολουθίαν
3016 2293 3114 2363 τῆς
3145 2290 3386 2360 φύσεως,
3435 2289 3528 2342 τοῦ
3568 2288 3737 2356 Λόγου

2170 2393 2436 2454 θέλοντος,
2476 2391 2569 2444 καὶ
2612 2383 3071 2461 παραχωροῦντος
3109 2386 3468 2456 οἰκονομικῶς
3515 2386 3741 2455 πάσχειν

2169 2485 2301 2538 αὐτὸ
2333 2485 2427 2537 καὶ
2466 2483 2724 2554 πράττειν
2766 2481 2834 2534 τὰ
2896 2482 3023 2546 ἴδια,
3059 2482 3146 2534 ἵνα
3187 2479 3275 2533 διὰ
3299 2479 3410 2532 τῶν
3446 2479 3622 2550 ἔργων
3652 2479 3746 2548 τῆς

2171 2576 2385 2646 φύσεως
2413 2575 2659 2647 πιστωθῇ
2688 2576 2721 2645 ή
2745 2573 2993 2643 ἀλήθεια.

2245 2848 2455 2917 ’Ὠσπερ
2489 2845 2545 2901 δὲ
2573 2845 2714 2918 ὑπὲρ
2740 2842 2929 2901 οὐσίαν
2950 2841 3186 2916 οὖσιώοη
3215 2847 3278 2898 ἐκ
3314 2843 3584 2916 παρθένου
3611 2859 3748 2913 κυη-

2172 2937 2304 3000 θεὶς,
2350 2935 2492 2990 οὓτω
2543 2938 2638 2990 καὶ
2690 2937 2828 3007 ὑπὲρ
2860 2936 3146 3006 ἄνθρωπον
3169 2937 3239 2988 τὰ
3285 2937 3396 2988 τῶν
3443 2935 3754 3006 ἀνθρώπων

2173 3030 2411 3100 ἐνήργει,
2443 3031 2535 3082 ἐπὶ
2560 3030 2796 3082 ἀστάτου
2834 3029 3026 3093 ὕδατος
3050 3030 3259 3100 γηϊνοις
3283 3029 3412 3081 ποσὶ
3445 3029 3754 3100 πορευόμε-

2172 3136 2281 3183 νος,
2306 3120 2366 3172 οὺ
2395 3119 2691 3188 γεωθέντος
2716 3119 2810 3172 τοῦ
2853 3120 3063 3186 ὓδατος,
3101 3119 3237 3173 ἀλλά
3270 3123 3335 3190 τῇ
3364 3115 3462 3189 τῆς
3501 3119 3756 3186 θεότητος

2173 3212 2447 3282 ὑπερφυεῖ
2477 3213 2703 3281 δυνάμει
2736 3212 3132 3280 συνισταμένου
3169 3210 3306 3282 πρὸς
3344 3210 3404 3262 τὸ
3434 3210 3753 3278 ἀδιάχυτον,

2174 3304 2268 3356 καὶ
2295 3303 2452 3375 βάρει
2476 3303 2677 3356 ὑλικῶν
2704 3303 2880 3355 ποδῶν
2915 3303 2989 3372 μὴ
3023 3302 3358 3363 ὑπείκοντος.
3393 3301 3504 3353 Οὐκ
3532 3299 3757 3368 ἀνθρω-

2175 3391 2345 3458 πίνως
2375 3395 2483 3465 γάρ
2513 3396 2750 3465 ἔπραττε
2773 3394 2842 3446 τά
2874 3387 3187 3464 ἀνθρώπινα
3205 3410 3218 3424 ·
3240 3392 3301 3445 οὐ
3324 3392 3431 3460 γὰρ
3451 3389 3754 3460 ἄνθρωπος

2179 3487 2360 3556 μόνον,
2387 3487 2521 3540 ἀλλά
2541 3489 2634 3539 καὶ⁵
2657 3486 2792 3551 Θεός
2812 3503 2827 3518 ο
2853 3487 2976 3540 ὅθεν
3002 3487 3098 3541 καὶ
3125 3485 3193 3539 τά
3218 3483 3406 3538 τούτου
3431 3481 3580 3550 πάθη
3606 3480 3756 3545 ζωο-

2171 3577 2302 3629 ποιά
2331 3577 2426 3630 καὶ
2454 3575 2698 3649 σωτήρια
2718 3593 2733 3610 ο
2769 3577 2888 3631 οὐδὲ
2916 3577 3116 3640 θεῖκῶς
3155 3577 3377 3648 ἐνήργει
3403 3573 3473 3627 τὰ
3498 3573 3618 3626 θεῖα
3638 3589 3652 3601 ·
3690 3566 3756 3625 οὐ

2169 3666 2279 3737 γὰρ
2309 3667 2441 3731 Θεὸς
2476 3669 2658 3738 μόνον,
2693 3667 2830 3722 ἀλλά
2861 3669 2956 3722 καὶ
2989 3669 3275 3738 ἄνθρωπος
3299 3682 3313 3696 ·
3341 3667 3463 3720 ὃθεν
3487 3665 3553 3717 δι’
3579 3663 3757 3732 ἁφῆς,

2171 3757 2267 3810 καὶ
2292 3757 2476 3826 λόγου,
2511 3758 2735 3814 καὶτῶν
2767 3759 3024 3813 τοιούτων
3056 3760 3158 3822 τὰς
3188 3757 3520 3828 θεοσημείας
3560 3758 3758 3826 εἱργάι

2167 3845 2308 3912 ζετο.

496 3943 628 3991 runt
651 3944 706 3991 et
733 3937 1026 4005 salutares)
1056 3954 1156 3994 nec
1197 3940 1383 3994 divina
1427 3956 1646 4023 rursum
1678 3941 1868 3995 divino
1898 3941 2060 3996 modo
2098 3943 2328 4013 agebat;
2375 3944 2538 4016 236
2584 3946 2786 4018 quippe
2835 3949 2932 4019 qui
2974 3964 3084 4003 non
3128 3949 3276 4004 Deus
3350 3953 3589 4011 tantum,
3661 3942 3759 3999 διὰ

497 4029 724 4100 insuper
781 4029 945 4086 homo
984 4041 1140 4088 erat:
1190 4035 1546 4104 quamobrem
1613 4043 1783 4100 tactu,
1835 4045 1891 4092 et
1941 4050 2218 4105 sermone,
2289 4041 2523 4112 aliisque
2586 4043 2858 4112 ejusmodi
2921 4043 3294 4108 adminiculis,
3335 4039 3522 4096 divina
3594 4039 3758 4110 signa

495 4121 772 4192 patrabat.

566 4207 1046 4265 Honotheletarum
1092 4214 1382 4283 responsio.
1425 4213 1646 4271 Nullius
1679 4217 1756 4271 rei
1805 4226 1976 4273 status
2005 4235 2070 4272 ea:

495 4302 886 4370 comparatione
947 4307 1305 4374 cognoscitur.
1337 4335 1406 4346 —-
1445 4307 1542 4361 Sin
1599 4317 1784 4364 autem
1834 4310 1882 4343 ⁸⁸
1943 4311 2070 4380 quis

495 4390 682 4447 dicat:
715 4390 836 4447 Non
883 4394 1270 4451 submovendae
1321 4398 1573 4453 humanae
1618 4399 1852 4454 actionis
1893 4384 2069 4473 gratia

496 4497 662 4539 unam
705 4483 761 4540 in
810 4484 1030 4543 Christo
1057 4490 1332 4545 actionem
1367 4490 1638 4559 dicimus;
1671 4491 1766 4547 sed
1798 4494 1926 4564 quia
1953 4495 2058 4550 bu-

2237 4217 2301 4270 Ei
2335 4218 2394 4272 δέ
2426 4219 2573 4288 λέγοι
2631 4231 2671 4253 ¹²³
2728 4239 2812 4286 τις
2837 4221 2912 4286 ὡς
2939 4222 3054 4276 Οὐκ
3084 4222 3172 4276 ἐπ’
3201 4222 3479 4295 ἀναιρέσει
3517 4222 3632 4292 τῆς
3664 4224 3762 4278 άν-

2167 4312 2448 4386 θρωπίνης
2475 4317 2778 4386 ἐνεργείας,
2811 4318 2940 4388 μίαν
2968 4319 3250 4390 ἐνέργειαν
3278 4320 3370 4372 ἐπὶ
3389 4319 3644 4391 Χριστοῦ
3672 4318 3761 4373 λέ-

2166 4421 2357 4475 γομεν,
2406 4407 2522 4461 ἀλλ’
2562 4409 2749 4478 ἐπειδὴ
2799 4409 2910 4481 (58)
2950 4410 3500 4480 ἀντιδιαστελλομένη
3529 4413 3608 4482 τῇ
3641 4409 3765 4480 θείᾳ

2165 4496 2417 4570 ἐνεργείᾳ
2439 4497 2612 4563 πάθος
2637 4500 2853 4569 λέγεται
2879 4503 2914 4574 ή
2941 4502 3261 4574 ἀνθρωπίνη
3293 4501 3576 4572 ἐνέργεια,
3617 4501 3765 4555 κατὰ

564 4657 616 4693 ⁸⁸
639 4657 769 4725 Leo,
800 4659 960 4732 epist.
987 4661 1085 4716 cit.
1155 4663 1204 4696 ”
1220 4663 1380 4722 Dion.
1407 4681 1534 4738 cap.
1571 4668 1629 4722 2.
1655 4666 1734 4722 De
1753 4668 1861 4723 div.
1881 4685 2024 4726 nom.
2058 4685 2114 4728 et
2139 4672 2302 4748 epist.
2333 4675 2389 4729 4.
2440 4674 2506 4741 ,⁸⁵
2533 4677 2682 4732 Max.
2721 4677 2865 4734 Dial.
2895 4695 3013 4734 cum
3049 4678 3280 4750 Pyrrho.

1792 4827 2027 4885 VARIE
2067 4831 2472 4892 LEC’I‘IONES.

568 4905 612 4940 η
636 4898 794 4956 Edita
830 4899 998 4970 λέγει.

1963 5033 2198 5092 NOTIE.

541 5103 678 5186 .(5.8)
724 5103 1130 5187 ’AMLtiJQEtﬁri.
1154 5107 1274 5187 βοά
1299 5111 1600 5187 quia_actio
1641 5119 1875 5178 humana

491 5170 759 5256 iiimirum
781 5190 845 5256 es
868 5170 1248 5256 Dial._M_aximi
1267 5170 1390 5234 cum
1417 5170 1626 5256 Pyrrho
1651 5170 1916 5249 dissilui};
1947 5170 2060 5250 lia;

492 5245 788 5327 reticorum
806 5245 968 5327 hunc
1010 5247 1188 5327 fuisse
1202 5265 1447 5327 sensum,
1462 5245 1718 5312 'naturam
1754 5245 2053 5319 humanam

493 5316 840 5396 instrumenti
875 5316 997 5396 loc_o
1027 5318 1216 5396 deitati
1251 5316 1442 5396 fuisse,
1477 5329 1802 5396 passiveque,
1851 5316 2057 5388 utine;

494 5387 593 5466 atri
635 5387 809 5466 aiunt,
855 5401 915 5441 se
953 5387 1211 5466 habuisse
1257 5391 1310 5445 in
1345 5387 1648 5453 actionibus
1674 5387 1902 5466 Christi,
1942 5387 2056 5459 Sive

494 5454 1007 5540 ptatu‘raile'sipesseiit,
1029 5458 1144 5540 sive
1185 5469 1398 5540 naturae
1423 5465 1570 5522 vires
1607 5454 2056 5540 excederentEet

495 5527 638 5602 sicut
665 5527 1018 5602 instrumenti
1037 5535 1090 5582 et
1109 5531 1383 5602 moventis
1415 5550 1521 5589 una
1546 5548 1628 5591 est
1651 5541 1814 5602 actio,
1845 5544 1922 5596 sic
1947 5527 2053 5597 bna

497 5601 714 5673 quoque
741 5591 910 5673 fuerit
936 5596 1154 5673 diritatis
1193 5609 1258 5673 et_
1274 5591 1679 5673 humanitatis;
1696 5591 2052 5673 ῥιῖὁιῖἷίεῖέῖξ

493 5670 620 5712 mus
654 5657 706 5710 in
738 5657 1025 5728 Opusculis
1058 5665 1364 5736 Polemicis,
1392 5687 1446 5742 p.
1476 5657 1538 5728 ’51
1580 5657 1856 5742 assii];
1889 5657 2065 5739 12:11:-

1881 5165 1906 5212 ,A
1947 5134 2059 5212 etc.
2093 5133 2138 5188 D
2172 5132 2277 5212 li_t_:
2315 5152 2334 5186 ι
2369 5135 2801 5212 instrumentum
2847 5148 2942 5195 aut
2981 5145 3232 5200 naturale
3282 5154 3388 5212 est,
3427 5152 3521 5198 aut
3582 5147 3766 5202 artiﬁ-

2169 5204 2309 5286 ciale
2327 5221 2377 5286 ;L
2404 5214 2460 5286 at
2494 5209 2806 5286 humanitas
2861 5213 3289 5286 instrumentum
3349 5204 3616 5272 naturale
3656 5236 3771 5272 non

2167 5275 2518 5355 estdeitatis,
2573 5281 2660 5355 cui
2689 5296 2866 5336 coaeva
2901 5299 3009 5355 non
3053 5285 3157 5355 psit,
3207 5295 3266 5340 ut
3297 5301 3495 5355 corpus
3529 5289 3768 5342 animae.

2165 5342 2595 5421 Instrumentum
2640 5351 2766 5406 item
2812 5353 3099 5410 artiﬁciale
3143 5342 3441 5410 inanimum
3487 5366 3608 5421 est,
3650 5366 3709 5411 et
3739 5372 3772 5412 α

2165 5427 2415 5497 movente
2433 5418 2742 5486 sejunctum
2767 5437 2782 5474 :
2812 5423 3122 5497 humanitas
3156 5442 3286 5481 vero
3309 5441 3410 5480 nec
3443 5418 3771 5481 inanimum

2163 5484 2441 5568 quidpiam
2484 5484 2589 5553 est,
2619 5507 2720 5546 nec
2747 5509 2774 5545 a
2799 5493 3001 5568 deitate
3025 5494 3207 5568 Verbi,
3239 5497 3528 5568 dirempta.
3573 5499 3767 5551 (laete-

2165 5565 3133 5636 rumhinstrumentumconjunctum
3159 5565 3466 5621 divinitatis
3493 5577 3633 5622 erat
3667 5580 3775 5624 hu-

2163 5633 2419 5688 manitas,
2473 5633 2695 5704 quando
2754 5633 3008 5690 Christus
3063 5637 3326 5694 miracula
3374 5639 3605 5704 edebat,
3664 5654 3774 5695 nec

2174 5704 2352 5752 tamen
2381 5701 2627 5756 naturale
2653 5715 2789 5771 erat,
2821 5720 2921 5760 nec
2947 5706 3248 5764 artiﬁciale.
3276 5727 3300 5764 ι
