3996 6166
335 281 474 349 1061

1329 283 1429 343 DE
1461 275 1640 344 FIDE
1681 281 2150 343 ORTHODOXA
2187 283 2336 344 LIB.
2377 285 2473 345 III

3437 289 3572 356 1062

315 399 476 453 τοῦτο
507 394 639 468 μίαν
661 395 944 466 ἐνέργειαν
973 395 1066 450 ἐπὶ
1085 394 1308 466 Χριστῷ
1332 395 1564 468 λέγομεν
1587 414 1602 428 °
1639 396 1888 469 ἐροῦμεν,

2009 410 2169 450 mana
2200 397 2367 460 actio,
2400 408 2460 452 ut
2488 409 2680 454 contra
2709 397 2952 453 divinam
2981 398 3249 456 actionem
3285 401 3573 473 distingui-

313 492 398 544 ὅτι
426 500 454 528 ιι
490 487 632 543 κατά
665 487 854 540 τοῦτον
883 487 974 541 τὸν
1003 487 1190 556 λόγον,
1227 488 1324 540 καὶ
1361 489 1411 541 oi
1458 489 1587 559 μίαν
1617 488 1780 558 φύσιν
1809 487 1894 540 λέ-

313 597 525 650 γοντες,
581 580 681 633 οὐκ
711 579 798 632 ἐπ’
848 579 1128 650 ἀναιρέσει
1161 579 1263 648 τῆς
1309 578 1660 651 ἀνθρωπίνης
1690 581 1894 653 ταύτην

309 671 583 739 λέγουσιν,
603 670 717 724 ἀλλ’
741 669 930 739 ἐπειδὴ
948 669 1490 740 ἀντιδιαστελλομένη
1516 673 1549 741 ὴ
1575 672 1891 744 ἀνθρωπίνη

311 762 475 831 φύσις
531 760 668 832 πρὸς
723 759 824 831 τὴν
876 761 1028 813 θείαν
1085 761 1268 830 φύσιν,
1320 760 1600 832 παθητικὴ
1649 763 1892 831 λέγεται.

321 852 387 905 Ἦ
395 853 502 923 μᾶς
523 852 579 905 δὲ
611 852 686 922 μὴ
710 853 919 920 γένοιτο
945 854 1010 923 τῇ
1030 851 1167 922 πρὸς
1184 851 1284 923 τὴν
1307 851 1456 906 θείαν
1485 852 1766 924 ἐνέργειαν
1787 855 1896 910 δια·

313 943 475 1013 στολῇ
507 942 679 1005 πάθος
709 942 810 1013 τὴν
862 942 1214 1014 ἀνθρωπίνην
1258 944 1699 1016 προσαγορεῦσαι
1737 945 1892 1017 κίνη-

313 1050 420 1086 σιν.
455 1031 682 1094 Οὐδενὸς
714 1032 844 1103 γάρ,
881 1032 1112 1086 καθόλου
1149 1031 1335 1101 φάναι,
1361 1030 1595 1102 ὖπαρξις
1624 1034 1688 1086 ἐκ
1713 1050 1892 1105 παρα-

312 1126 606 1195 θέσεως,ἢ
655 1127 718 1178 ἐκ
766 1125 1108 1196 συγκρίσεως
1164 1124 1496 1193 γινώσκεται
1547 1125 1579 1194 ἢ
1631 1126 1889 1196 ὁρίζεται.

311 1216 496 1279 Οὕτως
519 1215 917 1285 ὑπαλληλαίτια
941 1215 1303 1286 εὑρηθήσεται
1324 1214 1392 1268 τὰ
1420 1215 1545 1268 ὄντα
1569 1214 1890 1286 πράγματα.

309 1307 373 1360 El
403 1307 515 1378 γάρ
544 1307 631 1361 διὰ
662 1306 722 1360 τὺ
761 1307 1044 1378 ἐνέργειαν
1098 1302 1238 1359 εἶναι
1269 1307 1368 1377 τὴν
1399 1288 1559 1360 ’θείαν
1614 1308 1827 1378 κίνησιν
1854 1310 1887 1378 ἡ

309 1397 624 1470 ἀνθρωπίνη
664 1398 835 1462 πάθος
874 1397 1014 1462 ἐστὶ,
1045 1398 1265 1462 πάντως
1305 1400 1400 1453 καὶ
1425 1398 1514 1450 διὰ
1541 1398 1600 1450 τὸ
1632 1397 1839 1467 ἀγαθὴν
1867 1405 1891 1433 ο

310 1488 452 1546 εἶναι
483 1495 581 1563 τὴν
619 1491 770 1546 θείαν
810 1492 974 1558 φύσιν
1028 1491 1240 1562 πονηρά
1289 1491 1441 1544 ἐσται
1469 1492 1503 1561 ἡ
1533 1490 1847 1561 ἀνθρωπίνη
1875 1507 1889 1522 ·

310 1587 402 1639 καὶ
431 1584 574 1638 κατὰ
596 1585 694 1656 τὴν
721 1585 819 1638 σὺν
845 1581 1121 1637 ἀντιθέσει
1151 1581 1536 1652 ἀντιστροφὴν,
1571 1582 1658 1635 διὰ
1690 1582 1750 1634 τὸ
1784 1581 1890 1634 πά-

310 1676 404 1740 θος
429 1675 679 1745 λέγεσθαι
711 1675 811 1747 τὴν
835 1674 1184 1746 ἀνθρωπίνην
1213 1675 1446 1746 κίνησιν,
1470 1677 1502 1744 ἡ
1527 1673 1644 1727 θεία
1677 1673 1890 1744 κίνησις

311 1767 560 1838 ἐνέργεια
589 1765 828 1834 λέγεται,
861 1766 955 1818 καὶ
984 1763 1072 1818 διά
1100 1764 1161 1815 τὸ
1205 1765 1450 1834 πονηρὰν
1495 1760 1636 1816 εἶναι
1664 1764 1763 1832 τὴν
1794 1764 1890 1816 ἀν-

312 1856 591 1929 θρωπίνην
621 1855 806 1925 φύσιν,
835 1852 1016 1924 ἀγαθὴ
1049 1851 1202 1906 ἔσται
1241 1855 1274 1924 ἡ
1311 1853 1465 1907 θεία·
1501 1855 1594 1906 καὶ
1624 1853 1800 1906 πάντα
1835 1852 1891 1906 δὲ

310 1947 381 2000 τὰ
409 1947 683 2017 κτίσματα
715 1944 888 2007 οὕτως
927 1943 1079 1996 ἔσται
1123 1943 1360 2013 πονηρὰ,
1391 1944 1487 1996 καὶ
1539 1942 1800 2011 ψεύσεται
1861 1943 1890 1994 ὁ

312 2035 481 2091 είπών
503 2054 515 2068 ·
547 2040 656 2091 Καὶ
695 2033 858 2090 εἶδεν
877 2037 910 2089 ό
940 2033 1085 2100 Θεὸς
1115 2031 1315 2088 πάντα
1337 2033 1454 2088 ὅσα
1478 2033 1750 2101 ἐποίησε,
1789 2031 1889 2085 καὶ

313 2128 443 2184 ίδοὺ
471 2129 629 2183 καλὰ
650 2129 814 2183 λίαν.

390 2393 582 2464 Ἡμεῖς
609 2394 666 2447 δέ
691 2411 892 2465 φαμεν,
921 2395 1002 2448 ὅτι
1023 2395 1070 2448 οἱ
1095 2393 1241 2462 ἅγιοι
1273 2391 1517 2462 Πατέρες
1539 2387 1890 2460 πολυτρόπως

309 2485 408 2554 τὴν
434 2483 782 2556 ἀνθρωπίνην
806 2484 1097 2555 ὠνόμασαν
1128 2485 1343 2553 κίνησιν
1376 2482 1509 2551 πρὸς
1540 2481 1638 2544 τὰς
1670 2481 1893 2533 ὑποκει-

314 2576 482 2647 μένας
510 2577 742 2639 ἐννοίας.
776 2575 1238 2648 Προσηγόρευσαν
1269 2574 1378 2644 γὰρ
1404 2571 1572 2643 αὐτὴν
1602 2571 1695 2624 καὶ
1732 2571 1890 2623 δύνα-

315 2685 432 2738 μιν,
469 2667 564 2721 καὶ⁵
589 2667 903 2738 ἐνέργειαν,
940 2667 1037 2722 καὶ
1075 2665 1362 2737 διαφορὰν,
1408 2665 1502 2717 καὶ
1533 2664 1766 2732 κίνησιν,
1799 2662 1891 2715 καὶ

317 2759 576 2829 ίδιότητα,
613 2759 706 2810 καὶ
733 2758 1016 2827 ποιότητα,
1048 2759 1144 2811 καὶ
1177 2757 1376 2821 πάθος,
1403 2757 1462 2809 οὐ
1489 2754 1627 2809 κατὰ
1652 2753 1890 2807 ἀντιδια-

316 2849 509 2918 στολὴν
536 2849 637 2918 τῆς
667 2847 839 2910 θείας,
868 2847 983 2900 ἀλλ’
1009 2847 1084 2910 ὼς
1107 2848 1430 2917 συνεκτικὴν
1470 2846 1570 2915 μὲν
1605 2846 1698 2898 καὶ
1724 2844 1887 2898 ἀναλ-

314 2938 536 2990 λοίωτον
560 2937 819 3005 δύναμινο
848 2937 1130 3006 ἐνέργειαν
1155 2938 1233 3001 δὲ,
1260 2939 1334 3000 ὡς
1365 2936 1888 3006 χαρακτηριστικὴν,

1997 490 2102 547 tur,
2135 481 2338 536 dicitur
2368 485 2574 553 passio,
2613 485 2826 556 hacque
2862 487 3074 542 ratione
3091 503 3251 542 unam
3274 489 3329 544 in
3352 490 3572 548 Christo

1995 573 2267 628 actionem
2329 575 2633 644 docemus;
2691 593 3022 646 reponemus
3095 580 3284 635 eadem
3350 597 3574 652 quoque

1995 665 2208 720 ratione
2247 665 2327 720 illi
2360 666 2452 735 qui
2485 676 2742 724 naturam
2780 685 2944 723 unam
2981 679 3259 736 asserunt,
3303 689 3412 727 non
3461 677 3572 728 tot-

1994 753 2170 809 lenda:
2219 755 2472 810 humana:
2522 771 2691 812 causa
2747 759 2886 813 hanc
2935 767 3222 829 astruere;
3283 764 3379 819 sed
3441 766 3572 834 quia

1997 847 2234 901 humana
2288 859 2508 912 natura,
2564 864 2686 903 cum
2737 867 2802 905 ex
2850 852 3080 908 adverso
3128 855 3311 909 divina
3374 865 3571 911 natura

1994 936 2373 1007 distinguitur,
2426 939 2669 1009 patibilis
2715 941 2937 997 dicitur.
2987 945 3142 998 Absit
3175 955 3354 1000 autem
3397 947 3500 1000 hoc
3541 962 3572 1000 a

1995 1028 2174 1092 nobis,
2218 1037 2277 1082 ut
2307 1029 2374 1082 ad
2408 1030 2699 1084 humanam
2734 1033 3004 1088 actionem
3061 1050 3091 1089 a
3144 1036 3331 1090 divina
3377 1039 3575 1093 distin-

1994 1119 2290 1188 guendam,
2315 1119 2615 1174 humanum
2639 1130 2842 1176 motum
2875 1125 3184 1192 passionem
3214 1129 3568 1196 appellemus.

1993 1208 2208 1265 Nullius
2238 1211 2383 1265 enim
2418 1212 2518 1276 rei,
2555 1220 2616 1266 ut
2657 1213 2910 1268 universe
2939 1214 3143 1281 dicam,
3173 1220 3446 1274 exstantia
3478 1227 3572 1273 aut

1994 1307 2169 1356 status
2208 1317 2271 1354 ex
2307 1304 2724 1371 comparatione
2759 1311 2820 1359 et-
2848 1305 3147 1361 collatione
3192 1311 3570 1378 cognoscitur,

1993 1399 2089 1446 aut
2115 1387 2392 1447 delinitur.
2443 1392 2557 1448 lloc
2598 1395 2748 1449 enim
2792 1407 2952 1465 pacto
2988 1413 3076 1452 res
3121 1414 3242 1468 quae
3274 1410 3424 1467 sunt,
3465 1401 3570 1456 sibi

1992 1492 2185 1538 mutuo
2206 1498 2385 1539 causa:
2410 1500 2530 1540 esse
2561 1486 2961 1542 invenirentur.
3002 1487 3135 1542 Nam
3170 1491 3236 1554 si,
3266 1491 3396 1560 quia
3429 1493 3570 1545 divi-

1993 1590 2098 1629 nus
2146 1583 2328 1630 motus
2367 1577 2511 1630 actio
2533 1585 2638 1641 est,
2676 1577 2885 1633 idcirco
2921 1578 3156 1633 etlicitur
3194 1590 3251 1634 ut
3301 1582 3572 1637 lmmanus

1993 1667 2180 1736 passio
2213 1667 2304 1731 sit,
2347 1668 2539 1736 procul
2591 1667 2758 1723 dubio
2805 1670 2968 1724 etiam
3019 1674 3161 1725 mala
3214 1673 3319 1726 erit
3370 1681 3570 1726 natura

1993 1757 2253 1820 humana,
2288 1757 2416 1826 quia
2459 1757 2644 1811 divina
2679 1758 2819 1812 bona
2849 1767 2956 1813 est.
2984 1758 3049 1812 Et
3097 1761 3340 1816 vicissim
3375 1777 3406 1816 e
3440 1778 3573 1816 cou-

1995 1847 2184 1912 trario,
2219 1847 2265 1902 si
2297 1848 2424 1916 quia
2461 1848 2736 1904 humanus
2769 1859 2952 1904 motus
3000 1853 3186 1920 passio
3223 1853 3449 1918 dicitur,
3488 1855 3573 1908 di-

1991 1940 2152 1994 vinus
2196 1938 2427 2010 proinde
2476 1947 2659 1994 motus
2713 1940 2860 1994 actio
2913 1951 3210 2008 censetur,
3273 1947 3346 1998 ita
3404 1945 3571 2000 etiam

1992 2031 2176 2086 divina
2229 2041 2426 2084 natura
2468 2031 2610 2084 bona
2649 2033 2774 2096 erit,
2808 2032 2935 2101 quia
2988 2033 3227 2088 humana
3278 2036 3416 2090 mala
3445 2049 3569 2093 est:

1993 2133 2155 2192 atque
2190 2123 2259 2176 ita
2290 2133 2557 2176 creaturae
2579 2136 2773 2178 omnes
2804 2123 2960 2176 malae
2993 2133 3177 2190 erunt,
3206 2127 3574 2198 meutitusque

1991 2213 2301 2282 reperietur
2334 2213 2424 2266 ille
2453 2213 2546 2282 qui
2593 2211 2732 2266 dixit
2759 2228 2777 2265 :
2802 2212 2870 2265 Et
2908 2214 3037 2268 vidit
3065 2214 3204 2269 Deus
3229 2228 3422 2272 cuncta
3456 2236 3572 2290 qua:

1995 2305 2208 2367 fecerat,
2237 2314 2286 2357 et
2315 2311 2465 2357 erant
2491 2303 2643 2357 valde
2665 2306 2799 2357 bona
2827 2304 2895 2358 ”.

2072 2394 2235 2448 Varia
2265 2395 2480 2448 nomina
2508 2394 2792 2449 humanam
2820 2398 3079 2450 actionem
3105 2397 3457 2457 declarantia.
3498 2432 3570 2442 —-

1993 2486 2241 2541 Dicimus
2308 2487 2494 2555 itaque
2533 2486 2578 2518 "
2637 2494 2862 2543 sanctos
2915 2487 3103 2545 Patres
3151 2507 3254 2560 pro
3305 2493 3569 2560 subjectis

1993 2579 2095 2634 sibi
2160 2577 2700 2633 considerationibus
2757 2578 3058 2633 humanum
3126 2593 3334 2636 motum
3399 2584 3570 2640 variis

1992 2670 2168 2725 modis
2201 2667 2527 2738 appellasse.
2567 2667 2702 2722 Eum
2737 2669 3010 2740 siquidem
3045 2681 3099 2726 et
3141 2676 3463 2742 potentiam,
3513 2688 3568 2732 et

1993 2762 2397 2830 operationem,
2452 2769 2506 2815 et
2554 2760 2941 2829 ditlerentiam,
2990 2773 3045 2818 et
3097 2776 3322 2835 motum,
3356 2778 3410 2823 et
3443 2785 3570 2838 pro.

1992 2855 2305 2923 prietatem,
2341 2859 2394 2906 ct
2441 2853 2783 2922 qualitatem,
2836 2864 2888 2908 et
2938 2857 3258 2924 passionem
3316 2861 3570 2914 nomina-

1993 2955 2156 3010 runt;
2199 2958 2304 2996 non
2337 2942 2458 2996 ideo
2490 2954 2670 2997 tamen
2705 2952 2760 2997 ut
2793 2944 2944 2997 illurn
2971 2956 3158 3000 contra
3185 2949 3425 3004 divinum
3454 2967 3570 3006 ruo-

316 3029 412 3082 καὶ
441 3029 541 3098 τὴν
570 3031 628 3081 ἐν
659 3029 794 3080 πᾶσι
822 3030 932 3092 τοῖς
983 3029 1287 3098 ὁμοειδέσιν
1335 3027 1750 3098 ἀπαραλλαξίαν
1789 3028 1888 3094 ἐμ-

1995 3042 2109 3087 tum
2144 3033 2580 3102 distinguerent;
2617 3047 2806 3086 verum
2858 3037 3157 3103 potentiam
3220 3039 3462 3106 quidem,
3512 3049 3572 3094 ut

316 3122 616 3192 φαίνουσαν
643 3137 658 3152 ο
687 3121 954 3191 διαφοράν
997 3121 1074 3187 δὲ,
1117 3122 1192 3182 ὠς
1225 3121 1581 3190 άφοριστικήν
1603 3137 1614 3150 ·
1675 3119 1890 3189 κίνησιν

313 3214 392 3276 δὲ,
419 3215 494 3278 ὡς
516 3213 854 3283 ἐνδεικτικήν
877 3229 890 3242 ⁸
922 3212 1160 3282 ἰδιότητα
1185 3211 1265 3273 δὲ,
1288 3211 1364 3273 ὡς
1397 3209 1750 3278 συστατικὴν,
1799 3210 1892 3262 καὶ

316 3302 453 3376 μόνῃ
483 3301 640 3373 αὐτῇ,
680 3302 772 3354 καὶ
819 3302 918 3354 οὑκ
951 3300 1087 3372 ἄλλῃ
1142 3299 1452 3371 προσοῦσαν
1475 3317 1488 3330 ο
1523 3300 1782 3368 ποιότητα
1811 3299 1886 3364 δέ,

311 3395 387 3458 ὡς
415 3393 682 3448 είδοποιόν
701 3409 714 3421 ·
743 3393 914 3457 πάθος
934 3392 992 3446 δὲ
1013 3432 1026 3457 ,
1065 3391 1140 3454 ὼς
1170 3391 1517 3461 κινουμένην.
1552 3390 1736 3444 Πάντα
1782 3389 1890 3458 γάρ

311 3484 379 3538 τά
410 3485 476 3537 ἐκ
503 3483 596 3536 τοῦ
623 3481 758 3536 Θεοῦ
794 3494 842 3548 P,
868 3483 963 3536 καὶ
997 3481 1136 3553 μετὰ
1157 3481 1311 3545 Θεὸν,
1351 3481 1550 3550 πάσχει
1597 3479 1675 3548 τῷ
1720 3482 1890 3533 κινεῖ-

314 3573 459 3639 σθαι,
495 3572 571 3635 ὡς
606 3572 680 3642 μὴ
702 3571 831 3626 ὄντα
856 3569 1286 3641 αὑτοκίνησις,ῆ
1315 3569 1676 3640 αὐτοδύναμις
1699 3585 1714 3601 ·
1748 3567 1891 3622 κατὰ

311 3659 718 3731 ἀντιδιαστολὴν
773 3655 885 3723 οὖν,
928 3662 1004 3723 ὡς
1044 3659 1280 3730 εἴρηται,
1316 3659 1452 3712 ἀλλὰ
1483 3660 1623 3713 κατὰ
1669 3659 1761 3712 τὸν
1795 3659 1890 3730 δη-

315 3753 649 3824 μιουργικῶς
695 3753 828 3823 αὐτῇ
857 3761 886 3802 ιι
927 3752 1213 3806 ἐντεθέντα
1239 3751 1389 3822 παρά
1418 3753 1518 3821 τῆς
1556 3749 1616 3803 τὸ
1651 3751 1757 3804 πᾶν
1798 3767 1890 3802 συ-

312 3844 658 3917 στησαμένης
690 3843 868 3908 αίτίας
899 3843 1056 3912 λόγον
1079 3860 1094 3874 ο
1125 3841 1248 3896 ὅθεν
1277 3843 1373 3896 καὶ
1422 3842 1562 3912 μετά
1590 3841 1689 3911 τῆς
1737 3839 1888 3904 θείας

310 3935 784 4004 συνεκφωνοῦντες
829 3935 998 4005 αὐτὴν
1025 3974 1040 3999 ,
1083 3933 1368 4003 ἐνέργειαν
1411 3931 1883 4003 προσηγόρευσαν.

309 4030 379 4084 '0
412 4032 520 4100 γὰρ
555 4029 724 4082 εἰπών
745 4044 758 4058 ·
787 4047 807 4079 ι
851 4025 1100 4097 Ἐνεργεϊ
1125 4025 1233 4095 γάρ
1263 4025 1500 4095 ἑκατέρα
1532 4023 1714 4094 μορφὴ
1749 4023 1886 4093 μετά

307 4117 405 4190 τῆς
432 4119 662 4190 θατέρου
697 4118 1006 4182 κοινωνίας,
1049 4133 1067 4167 ι
1111 4117 1163 4168 τί
1205 4115 1391 4185 ἕτερον
1437 4115 1756 4186 πεποίηκεν,
1798 4115 1886 4188 ἢὸ

308 4209 478 4264 εἰπών
498 4229 510 4242 ο
540 4211 649 4264 Καὶ
682 4210 790 4280 γὰρ
831 4206 1290 4275 τεσσαράκοντα
1319 4206 1544 4275 ἡμέρας
1593 4209 1886 4272 ἀπόσιτος

302 4303 537 4372 μείνας,
568 4301 827 4369 ὕστερον
854 4300 1205 4354 ἐπείνασεν·
1247 4298 1412 4352 ἔδωκε
1443 4299 1551 4370 γὰρ
1601 4302 1666 4370 τῇ
1701 4299 1881 4369 φύσει,

1993 3125 2076 3179 vis
2104 3134 2186 3178 est
2218 3125 2599 3178 conservatrix
2641 3133 2696 3178 et
2749 3126 3130 3194 invariabilis;
3185 3131 3562 3198 operationem

1993 3201 2196 3278 autem,
2233 3225 2288 3270 ut
2309 3231 2430 3287 quae
2455 3226 2602 3270 certa
2634 3225 2764 3271 nota
2797 3233 2907 3273 rem
2940 3218 3196 3286 exprimit
3219 3258 3234 3282 ,
3255 3229 3307 3273 et
3331 3221 3570 3290 undique

1992 3307 2296 3362 absolutam
2344 3308 2397 3361 in
2429 3308 2687 3362 omnibus
2727 3324 2846 3375 quae
2885 3308 3130 3376 ejusdem
3169 3310 3370 3378 speciei
3413 3321 3567 3377 sunt,

1991 3398 2403 3453 similitudinem
2455 3398 2736 3465 declarat;
2767 3398 3131 3453 differentiam
3165 3415 3315 3463 vero,
3359 3409 3418 3454 ut
3448 3401 3568 3457 dis-

1993 3488 2411 3556 criminantem;
2465 3497 2714 3552 motum,
2770 3496 2827 3542 ut
2893 3487 3376 3556 manifestantem;
3436 3506 3566 3560 pro-

1991 3580 2301 3649 prietatem,
2329 3589 2387 3634 ut
2407 3581 2856 3644 constituentem,
2881 3587 2933 3634 et
2955 3580 3084 3650 quia
3109 3581 3187 3634 illi
3221 3581 3344 3646 soli,
3376 3589 3429 3636 et
3452 3597 3563 3637 non

1991 3669 2083 3722 alii
2141 3667 2300 3735 insit;
2365 3668 2686 3738 qualitatem
2739 3683 2958 3732 rursus,
3017 3677 3077 3722 ut
3135 3667 3562 3738 informantem;

1988 3759 2301 3829 passionem
2365 3759 2632 3830 denique,
2691 3761 2819 3830 quia
2889 3759 3160 3815 movendo
3230 3760 3309 3815 tit.
3370 3759 3566 3816 Omnia

1987 3853 2158 3915 enim,
2191 3866 2311 3922 qua:
2340 3867 2408 3907 ex
2446 3851 2576 3916 Deo,
2609 3860 2663 3907 et
2693 3861 2817 3923 post
2847 3851 3017 3907 Deum
3059 3860 3210 3916 sunt,
3239 3867 3304 3906 ea
3349 3855 3566 3909 ratione

1986 3944 2292 4014 patiuntur,
2350 3959 2460 4012 qua
2523 3954 2858 3999 moventur:
2893 3951 3082 4014 utpote
3114 3959 3236 4013 qua:
3284 3960 3395 3998 non
3444 3946 3564 4015 ipsa

1985 4035 2176 4098 motio,
2211 4049 2313 4089 nec
2341 4035 2456 4104 ipsa
2497 4034 2672 4090 virtus
2721 4045 2868 4090 sunt.
2914 4036 3117 4102 Quare,
3168 4037 3311 4091 sicut
3357 4037 3564 4092 dictum

1984 4134 2091 4197 est,
2124 4142 2234 4181 non
2279 4135 2338 4182 ut
2365 4143 2433 4182 ex
2463 4126 2694 4182 adverso
2716 4128 3139 4198 distinguerent,
3169 4128 3242 4180 ita
3272 4143 3562 4196 nuncupa-

1984 4221 2133 4280 runt,
2158 4213 2253 4269 sed
2275 4215 2580 4270 secundum
2610 4216 2874 4271 rationem
2907 4231 3027 4286 qua:
3069 4216 3149 4269 illi
3175 4215 3244 4268 ab
3273 4216 3562 4272 universo-

1984 4319 2106 4358 rum
2151 4304 2430 4360 etl‘ectrice
2459 4320 2626 4361 causa
2660 4307 2964 4362 conditoris
3015 4320 3166 4360 more
3213 4305 3384 4359 indita
3432 4307 3556 4362 fuit.

309 4395 398 4448 ὅτε
426 4392 584 4465 ηθελε
614 4393 684 4447 τά
731 4392 840 4445 ίδια
885 4391 1127 4462 ἐνεργεῖν
1146 4409 1159 4422 ο
1193 4390 1227 4460 ἢ
1258 4393 1306 4442 oi
1330 4390 1585 4459 διάφορον
1639 4392 1698 4444 ἐν
1729 4393 1879 4463 αὐτῷ

1991 4395 2115 4448 Nam
2168 4396 2262 4465 qui
2315 4396 2490 4450 dixit:
2519 4396 2644 4466 Agit
2691 4397 2834 4450 enim
2871 4394 2918 4426 ⁵⁸
2950 4404 3181 4463 utraque
3229 4395 3401 4450 forma
3432 4411 3558 4452 cum

308 4486 582 4557 φήσαντες
611 4483 922 4555 ἐνέργειαν,
953 4482 986 4554 ἢ
1016 4483 1066 4536 oi
1093 4481 1307 4550 διπλῆν,
1330 4481 1364 4552 ἢ
1387 4483 1437 4534 οἱ
1469 4481 1636 4554 ἀλλην
1665 4484 1760 4536 καὶ
1785 4485 1881 4538 ἀλ-

305 4578 440 4649 λην;
463 4577 650 4631 Ταῦτα
678 4578 790 4646 γὰρ
833 4576 900 4628 δι’
941 4574 1287 4644 ἀντωνυμίας
1325 4572 1418 4626 δύο
1449 4574 1549 4636 τὰς
1602 4575 1884 4644 ἐνεργείας

307 4669 652 4743 σημαίνουσι.
677 4668 790 4722 Καὶ
813 4668 880 4721 δι’
913 4666 1258 4736 ἀντωνυμίας
1287 4664 1398 4736 γάρ
1423 4665 1682 4729 πολλάκις
1715 4667 1744 4718 ὁ
1765 4667 1886 4736 ἀρι-

307 4763 442 4835 θμὸς
493 4761 844 4827 ἐνδείκνυται,
899 4760 991 4813 καὶ
1043 4757 1131 4810 διὰ
1179 4756 1273 4810 τοῦ
1306 4758 1501 4820 εἰπεῖν,
1539 4756 1682 4810 θεῖον
1737 4767 1758 4794 ι’
1790 4757 1884 4810 καὶ⁸

307 4855 668 4925 ἀνθρώπινον.
706 4853 772 4906 Ἠ
801 4852 908 4923 γάρ
929 4847 1162 4920 διαφορά
1193 4847 1564 4918 διαφερόντων
1616 4847 1733 4900 ἐστὶ
1763 4848 1882 4900 δια-

311 4945 449 5017 φορά
471 4959 486 4977 ⁶
515 4945 584 4999 τά
619 4943 694 5015 μὴ
725 4943 875 5007 ὄντα,
905 4941 1024 5004 πῶς
1061 4939 1390 5003 διοίσουσινς

1989 4485 2216 4540 alterius
2255 4485 2663 4548 communione,
2696 4483 2830 4553 quid
2863 4483 3011 4537 aliud
3057 4482 3212 4548 fecit,
3253 4500 3418 4554 quam
3463 4486 3560 4556 qui

1989 4575 2127 4631 dixit
2156 4593 2171 4629 :
2207 4575 2274 4628 Et
2295 4591 2414 4628 cum
2431 4575 2734 4644 jejunasset
2764 4573 3123 4645 quadraginta
3143 4576 3347 4643 diebus,
3375 4591 3560 4645 postea

1988 4667 2177 4721 esuriit
2215 4667 2260 4698 ⁸⁸
2291 4665 2464 4737 (dedit
2485 4667 2631 4720 enim
2660 4676 2872 4721 natura:
2891 4667 3112 4737 quando
3134 4670 3309 4723 voluit
3361 4677 3561 4742 atquae

1991 4771 2090 4812 sua
2120 4765 2276 4810 erant
2308 4764 2493 4825 ageret
2509 4756 2576 4826 ⁸ο)
2607 4767 2699 4812 aut
2723 4757 2814 4827 qui
2847 4758 3120 4814 diversam
3156 4760 3212 4815 in
3243 4759 3362 4831 ipso
3385 4760 3560 4818 actio-

1990 4861 2115 4902 nem
2145 4847 2534 4916 praadicarunt,
2570 4857 2665 4902 aut
2687 4850 2780 4920 qui
2809 4849 3106 4921 duplicem,
3148 4860 3242 4906 aut
3264 4852 3359 4922 qui
3396 4853 3558 4908 aliam

1991 4946 2156 5008 atque
2185 4939 2349 4993 aliam
2373 4940 2451 4994 “2
2471 4939 2628 5010 237
2653 4939 2779 4996 Haec
2808 4941 3034 5012 quippe,
3059 4949 3284 5000 mutatis
3315 4943 3557 4998 nomini-

313 5031 416 5088 bus
464 5034 709 5091 actiones
757 5033 898 5089 duas
937 5030 1268 5103 signiﬁcant.
1312 5025 1450 5081 Nam
1500 5036 1554 5083 et
1588 5043 1876 5094 numerus,
1918 5029 2068 5084 haud
2101 5043 2228 5084 raro
2259 5032 2666 5100 permutatione
2698 5033 2982 5088 nominum
3023 5031 3335 5100 indicatur;
3371 5045 3559 5102 quem-

369 5186 416 5260 '_°
441 5187 575 5260 Gen.
600 5206 665 5260 ﬁt,
690 5191 778 5245 31.
827 5190 899 5260 7"
931 5186 1470 5260 Maximi__responsi_o
1500 5187 1560 5260 i_n_
1591 5186 1758 5244 citato
1789 5187 2040 5259 Dialogo.
2129 5188 2176 5220 ⁸⁸
2219 5187 2350 5254 Leo,
2392 5188 2554 5260 epist.
2595 5191 2680 5246 10.
2757 5190 2804 5224 ”
2842 5189 3031 5245 Matth.
3073 5205 3149 5255 tv,
3185 5189 3240 5241 2.
3321 5181 3552 5255 “Nysa.

313 5254 450 5312 Adv.
477 5259 651 5327 Apoll.
717 5261 760 5292 “
811 5259 1103 5332 Chrysost.
1138 5254 1297 5313 Ηοηιῖ
1331 5261 1386 5311 in
1413 5256 1474 5312 S.
1497 5255 1696 5310 Thom.

1619 5404 1853 5463 VARIIE
1896 5402 2189 5460 LECTION
2199 5403 2303 5460 ES.

385 5598 416 5628 ιι
440 5587 598 5643 Deest
649 5588 730 5642 ὅτι
761 5589 813 5643 in
841 5592 1095 5644 omnibus
1130 5603 1263 5646 mss.

312 5675 449 5719 mss.
484 5658 686 5723 αὐτοῖς.
717 5659 786 5715 At
815 5658 1177 5717 Combetisius
1200 5659 1486 5732 legendum
1505 5658 1644 5729 αὐτῇ
1672 5659 1905 5712 monuit.

1342 5596 1367 5624 ο
1411 5587 1565 5642 Edita
1599 5593 1654 5641 et
1712 5585 1960 5640 nonnulli
2011 5584 2134 5638 cod.
2196 5583 2418 5650 ἀγαθόν.
2497 5595 2524 5633 P
2590 5584 2748 5640 Edita
2780 5587 2844 5639 ἐκ
2885 5584 2978 5640 τοῦ
3015 5581 3170 5639 Θεοῦ.
3246 5594 3274 5635 ει
3303 5581 3460 5644 Edita
3497 5597 3553 5648 et

1986 5664 2007 5691 τ
2042 5654 2222 5721 Edita,
2257 5652 2400 5706 θεῖον
2427 5653 2505 5707 δέ.
