4072 6146
374 334 504 403 i069

1423 332 1520 393 DE
1552 329 1730 392 FIDE
1759 327 2221 389 ORTHODOXA
2250 320 2556 389 LIB.'IIi.

3469 332 3605 399 1070

373 447 569 518 Κυρίου
601 445 896 502 τεθεῶσθαι
951 444 1192 515 λέγεται,
1239 444 1333 498 καὶ
1370 445 1621 515 ὁμόθεος,
1668 442 1766 495 καὶ
1799 440 1931 503 Θεὸς

2039 437 2286 494 deiﬁeata
2317 440 2413 504 sit,
2437 440 2796 510 ejusdemque
2822 439 3040 495 deitatis
3094 455 3345 506 consors,
3391 443 3525 511 quin
3553 453 3610 498 et

370 532 652 602 γενέσθαι,
694 533 768 599 ὥς
812 551 978 606 φησιν
1009 537 1039 588 6
1067 534 1331 604 Θεολόγος
1372 533 1678 605 Γρηγόριος
1708 547 1721 560 θ
1770 524 1845 584 ὧν
1871 529 1934 583 τὸ

371 623 462 692 μὲν
491 623 716 689 ὲθέωσε,
758 626 819 679 τὸ
846 626 902 679 δὲ
933 625 1164 697 ὲθεὼθη,
1198 626 1289 679 καὶ
1331 623 1524 695 θαρῥῶ
1551 623 1756 693 λέγειν,
1803 621 1934 691 ὁμό-

367 713 481 778 θεος
504 724 553 771 ι.
587 718 700 770 Καὶ
729 718 1017 789 ἄνθρωπον
1050 718 1306 787 γενέσθαι
1342 718 1402 770 τὸ
1431 716 1652 787 χρίσαν,
1684 716 1781 770 καὶ
1801 715 1933 770 Θεὸν

363 803 418 856 τὸ
439 805 753 876 χριόμενον.
772 806 957 861 Ταῦτα
977 807 1085 878 γὰρ
1107 808 1167 860 οὐ
1193 807 1335 860 κατὰ
1366 805 1671 877 μεταϐολὴν
1694 804 1931 874 φύσεως,

363 894 494 947 ἀλλὰ
537 897 680 949 κατὰ
710 897 809 967 τὴν
840 897 1197 969 οἰκονομικὴν
1239 898 1456 964 ἕνωσιν,
1484 897 1603 967 τὴν
1643 896 1764 950 καθ’
1803 897 1936 950 ὑπό-

366 1000 552 1041 στασιν
574 987 740 1056 λέγω,
770 988 893 1042 καθ’
922 989 989 1059 ῆν
1044 989 1444 1054 ἀδιασπάστως
1477 988 1558 1059 τῷ
1605 987 1725 1058 Θεῷ
1777 988 1935 1059 Λόγῳ

364 1078 564 1149 ἥνωται
584 1118 598 1143 ,
648 1080 742 1133 καὶ
771 1080 871 1150 τὴν
903 1082 963 1133 ἐν
1000 1080 1259 1150 ἀλλήλαις
1293 1080 1403 1134 τῶν
1436 1080 1654 1151 φύσεων
1698 1078 1935 1152 περιχώ-

366 1186 552 1241 ρησιν,
592 1169 668 1234 ὥς
704 1187 888 1241 φαμεν
935 1172 1031 1227 καὶ
1069 1172 1170 1243 τὴν
1223 1172 1319 1228 τοῦ
1371 1173 1591 1245 σιδήρου
1642 1173 1892 1245 πύρωσιν
1921 1189 1933 1203 ·

361 1261 548 1333 ὥσπερ
577 1262 686 1333 γὰρ
711 1263 812 1333 τὴν
837 1262 1258 1336 ὲνανθρώπησιν
1285 1265 1454 1336 χωρὶς
1499 1265 1810 1334 μεταϐολῆς
1841 1265 1935 1319 καὶ

360 1351 565 1422 τροπῆς
591 1352 986 1423 ὁμολογοῦμεν,
1010 1351 1154 1407 οὕτω
1192 1353 1288 1407 καὶ
1325 1353 1426 1423 τὴν
1451 1353 1648 1407 θέωσιν
1670 1354 1770 1423 τῆς
1797 1368 1934 1424 σαρ-

363 1443 451 1501 κὸς
481 1441 737 1508 γενέσθαι
775 1441 1075 1512 δοξάζομεν
1101 1458 1115 1473 '
1170 1442 1297 1498 οὔτε
1340 1445 1450 1513 γὰρ
1506 1443 1640 1496 διότι
1685 1444 1714 1496 6
1761 1445 1936 1512 Λόγος

362 1530 496 1600 σὰρξ
542 1532 760 1600 ἐγένετο
787 1572 801 1597 ,
845 1532 956 1587 τῶν
983 1535 1126 1605 ὅρων
1154 1536 1345 1605 ἐξέστη
1375 1537 1476 1605 τῆς
1508 1535 1715 1598 οἰκείας
1741 1534 1935 1606 θεότη-

359 1636 468 1687 τος,
495 1622 618 1676 οὗτε
653 1624 764 1679 τῶν
797 1625 1113 1695 προσόντων
1148 1627 1285 1697 αὐτῇ
1315 1625 1643 1697 θεοπρεπῶν
1675 1626 1931 1697 αὐχημά-

358 1729 466 1766 των
487 1730 500 1743 ·
530 1713 653 1767 οὔτε
679 1715 786 1785 μὴν
814 1716 848 1786 ἡ
882 1715 1020 1788 σὰρξ
1050 1716 1316 1771 θεωθεῖσα
1350 1718 1450 1788 τῆς
1479 1716 1687 1780 οἰκείας
1719 1717 1932 1789 ἐτράπη

2033 528 2180 584 Deus
2205 544 2328 586 esse
2360 530 2566 590 dicitur
2615 531 2719 600 (sic
2770 530 2916 585 enim
2954 530 3255 601 Gregorius
3300 530 3610 603 Tlieologus

2034 620 2276 693 loquitur
2304 622 2387 677 ἐς
2424 621 2699 688 «Quorum
2718 623 2950 679 alterum
2975 623 3179 679 deitate
3204 622 3448 688 donavit,
3472 625 3609 679 alte-

2035 727 2157 767 rum
2187 712 2389 768 deitate
2411 711 2674 767 donatum
2701 721 2806 778 est,
2833 722 2909 779 et,
2936 714 3195 770 audacter
3227 714 3432 779 dicam,
3461 714 3610 784 ejus-

2036 805 2159 859 dem
2186 804 2405 860 deitatis
2426 819 2682 861 consors.
2746 805 3013 876 Quodque
3039 815 3095 862 et
3138 806 3190 861 id
3228 807 3376 877 quod
3434 809 3609 868 unxit,

2034 896 2201 951 homo
2227 895 2434 952 factum
2456 897 2548 964 sit,
2579 904 2633 952 et
2666 896 2829 963 Deus,
2858 897 2915 953 id
2946 898 3093 969 quod
3131 906 3353 953 unctum
3387 908 3472 953 est
3489 899 3554 954 ".
3586 916 3610 951 ι

2036 988 2153 1044 Non
2182 989 2253 1044 ob
2282 998 2495 1044 naturae
2528 989 2981 1055 immutationem,
3029 998 3123 1045 aut
3169 986 3609 1051 conversionem,

2034 1089 2131 1137 aut
2177 1081 2576 1147 alterationem,
2635 1090 2731 1136 aut
2763 1080 3143 1137 confusionem
3194 1081 3299 1137 ista
3328 1081 3609 1136 dicuntur.

2033 1169 2146 1226 Nec
2199 1170 2345 1226 enim
2397 1171 2513 1226 haec
2564 1171 2732 1226 verba
2787 1177 2994 1225 naturae
3037 1171 3392 1226 mutationem
3446 1171 3609 1226 ullam

2037 1262 2369 1331 signiﬁcant,
2396 1262 2490 1317 sed
2519 1263 2699 1332 potius
2721 1262 3153 1332 dispensationis
3196 1261 3476 1326 unionem,
3516 1277 3610 1316 seu

2037 1354 2337 1410 secundum
2373 1355 2733 1425 hypostasim,
2765 1363 3034 1425 quatenus
3065 1355 3137 1409 ita
3171 1353 3279 1411 Deo
3321 1356 3612 1424 conjuncta

2037 1453 2141 1512 est,
2172 1454 2232 1500 ut
2267 1446 2336 1500 ab
2366 1461 2432 1501 eo
2463 1447 2642 1503 divelli
2676 1460 2784 1501 non
2815 1446 3023 1516 possit:
3056 1453 3222 1516 atque
3243 1445 3312 1499 ob
3365 1444 3417 1499 id
3446 1445 3610 1498 etiam

2036 1537 2184 1607 quod
2211 1547 2422 1593 natura:
2447 1538 2588 1593 inter
2612 1555 2670 1593 se
2704 1538 2946 1594 vicissim
2981 1538 3260 1602 immeent,
3285 1536 3453 1592 veluti
3483 1533 3609 1589 ferri

2037 1644 2259 1700 quoque
2285 1629 2521 1685 dicimus
2556 1629 2900 1700 ignitionem.
2932 1629 3092 1684 Velut
3151 1629 3294 1683 enim
3349 1628 3616 1682 humana-

2040 1719 2243 1775 tionem
2274 1718 2414 1774 citra
2446 1719 2808 1774 mutationem
2841 1725 2894 1774 et
2929 1718 3342 1774 conversionem
3388 1717 3615 1772 conﬁtc-

360 1803 592 1873 φύσεως,
625 1804 658 1876 ἢ
693 1805 803 1859 τῶν
830 1807 1000 1878 αὐτῆς
1038 1806 1283 1877 φυσικῶν
1314 1806 1641 1878 ἰδιωμάτων.
1676 1809 1934 1879 Μεμενή-

2041 1810 2313 1878 mur;sic
2366 1810 2492 1865 item
2547 1809 2731 1864 carnis
2787 1809 3187 1864 deiiicationem
3239 1807 3437 1863 laetam
3492 1821 3617 1862 esse

360 1914 487 1950 κασι
524 1897 633 1968 γὰρ
668 1898 764 1950 καὶ
792 1898 931 1969 μετὰ
957 1899 1055 1969 τὴν
1081 1898 1300 1964 ἕνωσιν,
1346 1899 1488 1953 αἵτε
1516 1897 1710 1966 φύσεις
1746 1898 1930 1969 ἀσύμ-

361 2004 592 2057 φυρτοι,
635 1988 730 2040 καὶ
761 1988 818 2040 αί
855 1987 1063 2042 τούτων
1115 1988 1378 2059 ἰδιότητες
1431 1986 1739 2058 ἀλώόητοιο
1788 1989 1823 2059 ἡ
1871 1987 1929 2041 δὲ

360 2077 452 2137 τοῦ
486 2079 696 2151 Κυρίου
745 2078 882 2150 σὰρξ
936 2080 1036 2143 τὰς
1087 2079 1241 2144 θείας
1273 2078 1558 2151 ἐνεργείας
1602 2078 1928 2151 ἐπλούτησε,

357 2167 445 2221 διὰ
490 2167 590 2237 τὴν
645 2167 785 2239 πρὸς
823 2168 915 2222 τὸν
964 2169 1136 2237 Λόγον
1180 2169 1664 2241 ἀκραιφνεστάτην
1717 2169 1932 2235 ἕνωσιν,

358 2259 475 2328 ἦτοι
509 2259 608 2329 τὴν
642 2258 766 2313 καθ’
803 2260 1127 2326 ὑπόστασιν,
1165 2259 1418 2331 οὐδαμῶς
1444 2261 1554 2315 τῶν
1591 2261 1737 2337 κατὰ
1775 2260 1938 2330 φύσιν

362 2351 508 2407 ἰδίων
536 2354 822 2409 ὑποστᾶσα
856 2354 1135 2409 ἔκπτωσιν
1165 2369 1178 2385 ’
1225 2355 1287 2409 οὐ
1314 2354 1426 2427 γὰρ
1453 2355 1578 2411 κατ’
1608 2357 1819 2411 οἰκείαν
1854 2358 1940 2411 ὲν-

358 2442 601 2514 έργειαν,
640 2445 775 2499 ⁴Ξιλλὰ
811 2446 901 2500 διὰ
934 2445 1027 2501 τὸν
1052 2447 1334 2518 ἡνωμένον
1360 2449 1497 2519 αὐτῇ
1527 2449 1701 2517 Λόγον
1725 2451 1795 2504 τὰ
1819 2450 1940 2504 θεῖα

361 2537 604 2607 ἐνήργει,
638 2536 734 2590 τοῦ
766 2537 944 2607 Λόγου
983 2539 1052 2592 δι’
1089 2539 1264 2611 αὐτῆς
1303 2539 1404 2611 τὴν
1431 2540 1642 2594 οἰκείαν
1674 2541 1943 2596 ὲνδεικνὺ·

365 2628 527 2699 μένου
557 2630 842 2699 ἐνέργειαν
867 2646 880 2660 ·
927 2630 1076 2685 καίει
1102 2631 1216 2703 γὰρ
1242 2633 1271 2685 6
1312 2632 1823 2703 πεπυρακτωμένος
1858 2632 1938 2686 σί-

360 2720 544 2793 δηρος,
579 2722 641 2774 οὐ
674 2721 891 2792 φυσικῷ
916 2722 1059 2792 λόγῳ
1082 2722 1183 2794 τὴν
1213 2723 1516 2793 καυστικὴν
1550 2722 1892 2795 κεκτημένος
1910 2731 1941 2773 1

361 2814 669 2884 ἐνέργειαν,
700 2811 817 2866 ἀλλ’
864 2813 930 2865 ὲκ
962 2813 1066 2885 τῆς
1106 2815 1247 2884 πρὸς
1271 2813 1332 2866 τὸ
1363 2812 1477 2885 πῦρ
1506 2812 1756 2877 ὲνώσεως
1787 2814 1943 2869 τοῦτο

363 2904 727 2974 κεκτημένος.

2040 1917 2349 1958 censemus.
2367 1899 2555 1971 Neque
2597 1901 2746 1956 enim
2774 1899 2903 1971 quia
2935 1898 3177 1955 Verbum
3232 1913 3363 1953 caro
3413 1897 3615 1971 factum

2036 2001 2141 2059 est,
2158 1974 2449 2065 propterea
2468 2009 2497 2049 e
2522 1991 2826 2049 divinitatis
2853 2005 2968 2047 suae
2991 1990 3275 2060 gradibus,
3308 1987 3617 2056 divinisque

2039 2084 2116 2138 illi
2141 2084 2578 2152 competentibus
2607 2081 2832 2138 dotibus
2848 2080 3119 2136 excessit:
3147 2093 3247 2133 nec
3274 2093 3464 2132 rursus
3486 2090 3617 2131 caro

2041 2174 2327 2237 deiﬁcata,
2363 2189 2393 2228 a
2427 2180 2621 2227 natura
2657 2187 2754 2228 sua
2801 2172 2885 2227 vel
2935 2170 3282 2225 naturalibus
3328 2169 3445 2223 suis
3488 2182 3616 2238 pro-

2041 2266 2367 2339 prietatibus
2400 2264 2652 2321 descivit.
2688 2264 2825 2319 Nam
2856 2272 2981 2333 post
3004 2262 3328 2322 unitionem,
3365 2268 3480 2313 tum
3518 2273 3621 2313 na-

2040 2368 2178 2416 turae
2230 2358 2554 2422 inconfuste,
2621 2365 2733 2412 tum
2761 2369 2950 2411 earum
3016 2356 3197 2409 illaesa
3253 2352 3619 2424 proprietates

2043 2460 2191 2509 sunt.
2223 2451 2366 2508 Caro
2389 2456 2569 2505 autem
2603 2447 2819 2503 Domini
2855 2447 3164 2502 divinarum
3192 2444 3469 2500 actionum
3495 2442 3619 2514 opi-

2041 2545 2146 2601 bus
2193 2543 2423 2609 aﬂluxlt,
2460 2543 2530 2598 ob
2589 2539 3020 2597 sincerissimam
3082 2538 3231 2593 illam
3260 2551 3384 2592 cum
3440 2534 3621 2590 Verbo

2041 2637 2322 2701 unionem,
2357 2650 2477 2704 quae
2512 2642 2594 2689 est
2617 2631 2919 2688 secundum
2961 2629 3341 2703 hypostasim:
3396 2628 3479 2684 sic
3534 2636 3621 2681 ta-

2042 2742 2165 2782 men
2196 2733 2255 2781 ιιι
2282 2724 2676 2796 proprietatum
2709 2721 3042 2778 naturalium
3085 2721 3359 2792 iacturam
3411 2720 3619 2775 nullam

2042 2818 2347 2890 pertulerit.
2382 2816 2498 2872 Non
2528 2818 2672 2872 enim
2700 2816 2922 2887 propria
2944 2816 3020 2881 vi,
3048 2815 3142 2873 sed
3173 2813 3243 2871 ob
3274 2814 3484 2870 unitum
3513 2812 3619 2868 sibi

2045 2909 2283 2965 Verbum
2309 2909 2492 2964 divina
2520 2907 2774 2978 patrabat
2800 2923 2816 2974 ;
2841 2905 3022 2962 Verbo
3045 2907 3303 2961 nimirum
3331 2906 3438 2959 vim
3466 2917 3621 2959 suam

364 3006 462 3061 per
489 2992 636 3045 illam
666 3000 945 3047 exerente.
978 2989 1115 3044 Nam
1145 2996 1199 3045 et
1219 2989 1463 3046 candens
1497 2989 1703 3047 ferrum
1727 3007 1793 3049 eo
1827 3008 1935 3049 non
1974 2998 2108 3066 uri,
2133 2996 2280 3069 quod
2311 2996 2502 3051 urendi
2544 2995 2596 3049 vi
2635 3009 2665 3049 a
2705 3005 2901 3050 natura
2932 2993 3172 3066 polleat,
3213 2994 3305 3051 sed
3351 2992 3495 3064 quod
3555 3005 3623 3048 ex

365 3081 755 3149 conjunctione
780 3097 904 3138 cum
942 3083 1067 3153 igne
1091 3083 1200 3136 vim
1235 3096 1354 3137 eam
1389 3086 1809 3142 contraxerit“.

446 3173 512 3226 Ἦ
540 3174 677 3244 αὑτὴ
694 3172 991 3245 τοιγαροῦν
1021 3174 1189 3245 θνητὴ
1222 3169 1292 3245 ἧν
1322 3173 1392 3227 δι’
1418 3175 1643 3247 ἑαυτὴν,
1681 3179 1776 3231 καὶ
1812 3178 1937 3244 Cmo-

2123 3175 2188 3232 σε
2213 3179 2336 3231 item
2365 3176 2616 3246 deiﬁcata
2651 3175 2894 3231 voluntas
2924 3175 3180 3230 humana.
3220 3206 3277 3217 —
3307 3175 3494 3243 Itaque
3528 3190 3623 3231 ea-

365 3264 520 3329 ποιὺς
562 3265 651 3318 διὰ
686 3262 785 3335 τὴν
824 3265 962 3334 πρὸς
992 3265 1084 3318 τὸν
1118 3266 1291 3334 Λόγον
1335 3266 1459 3321 καθ’
1488 3268 1786 3323 ὑπόστασιν
1814 3270 1947 3325 ἔνω-

368 3371 474 3409 σιν.
513 3353 748 3425 Ὁμοίως
801 3356 897 3408 καὶ
945 3356 1047 3427 τὴν
1064 3354 1177 3428 (42)
1223 3356 1318 3410 τοῦ
1368 3356 1675 3428 θελήματος
1723 3359 1941 3426 θέωσιν,

365 3446 467 3515 οὐχ
485 3444 561 3508 ὡς
599 3445 1038 3519 μεταϐληθείσης
1064 3449 1165 3520 τῆς
1196 3449 1435 3522 φυσικῆς
1471 3451 1762 3522 κινήσεως,
1788 3452 1944 3522 λέγο-

371 3551 497 3603 μεν,
531 3534 650 3588 ἀλλ’
684 3536 760 3598 ὼς
790 3535 1086 3606 ἡνωμένης
1116 3536 1195 3606 τῷ
1228 3536 1358 3609 θείῳ
1397 3538 1565 3592 αὐτοῦ
1611 3540 1706 3594 καὶ
1746 3557 1947 3595 παντο-

368 3622 594 3694 δυνάμῳ
632 3623 919 3696 θελήματι,
952 3625 1048 3679 καὶ
1082 3626 1374 3694 γεγονότος
1408 3626 1546 3681 Θεοῦ
1589 3629 1947 3700 ὲνανθρωπή-

371 3730 563 3777 σαντος
596 3714 841 3787 θέλημαο
871 3715 997 3770 ὅθεν
1030 3716 1204 3771 θέλων
1240 3718 1427 3773 λαθεῖν
1458 3719 1560 3773 οὐκ
1594 3719 1834 3792 ἠδυνήθη
1879 3720 1949 3774 δι’

370 3806 552 3875 ἑαυτὸ,
586 3807 982 3879 εὐδοκήσαντος
1018 3809 1117 3864 τοῦ
1153 3810 1290 3864 Θεοῦ
1338 3811 1515 3880 Λόγον
1558 3810 1837 3884 δειχθῆναι
1884 3814 1945 3868 ἐν

2052 3269 2172 3324 dem
2204 3282 2336 3322 caro
2364 3275 2558 3338 suapte
2587 3275 2783 3321 natura
2812 3265 3062 3323 mortalis
3091 3272 3230 3329 erat,
3258 3273 3311 3319 et
3355 3266 3427 3319 ob
3452 3267 3625 3335 hypo-

2052 3355 2301 3411 staticam
2333 3371 2458 3410 cum
2492 3352 2675 3412 Verbo
2695 3357 2978 3420 unionem,
3009 3355 3179 3409 vitam
3212 3353 3377 3426 250
3430 3355 3618 3410 confe-

2042 3446 2217 3502 rebat.
2244 3447 2528 3503 Consimiii
2553 3446 2715 3503 modo
2742 3446 3043 3502 voluntatis
3065 3460 3283 3516 quoque
3316 3445 3618 3501 deiﬁcatio—

2043 3553 2165 3593 nem
2207 3537 2493 3606 docemus,
2526 3554 2636 3593 non
2659 3539 2804 3610 quod
2833 3538 3100 3594 naturalis
3132 3537 3302 3593 motio
3325 3538 3616 3593 immutata

2042 3629 2233 3697 fuerit,
2270 3631 2363 3687 sed
2389 3630 2535 3701 quod
2559 3631 2757 3686 divinae
2783 3630 2955 3700 ipsius
2981 3644 3045 3684 ac
3075 3630 3395 3701 praepotenti
3427 3631 3624 3685 volun-

2044 3720 2141 3775 tati
2177 3720 2332 3776 unita
2368 3720 2463 3787 sit,
2499 3720 2706 3793 Deique
2736 3721 2870 3776 facti
2921 3721 3162 3777 hominis
3199 3722 3451 3777 voluntas
3490 3733 3621 3777 eva-

2042 3813 2177 3870 serit
2197 3814 2264 3868 ⁶⁹.
2291 3808 2414 3881 Quo
2437 3812 2600 3870 etiam
2624 3815 2825 3870 factum
2862 3823 2969 3878 est,
3003 3822 3062 3867 ut
3082 3828 3208 3869 eum
3240 3814 3411 3869 latere
3434 3812 3620 3877 vellet,

441 3983 488 4060 ξ
520 3982 681 4060 Greg:
705 3994 845 4041 orat.
879 3985 970 4041 42.
994 3985 1097 4060 __f’
1132 3984 1402 4060 ld:._o_rat.
1432 3986 1500 4039 '59
1528 4004 1542 4052 ;
1579 3986 1717 4039 Max.
1747 3986 1843 4043 lib.
1870 3985 1948 4041 De
1983 3985 2189 4044 duabus
2213 3988 2602 4043 voluntatibus.
2687 3990 2730 4021 ⁸³
2763 3989 2903 4045 Max.
2965 3988 3138 4060 Epist.
3211 3988 3279 4045 ad
3360 3986 3618 4045 Nicandr.

364 4053 414 4087 ”
443 4053 604 4124 Greg.
638 4052 772 4112 Naz.
807 4066 952 4112 orat.
992 4057 1088 4117 55,
1113 4069 1164 4125 p.
1202 4053 1330 4110 595.

1651 4207 1885 4265 ΥΛΒΙΑΞ
1920 4207 2323 4269 LECTIONES.

437 4377 466 4407 ι
502 4368 758 4425 Nonnulli
794 4369 920 4427 cod.
946 4369 1193 4440 ὁμόθεον.
1225 4367 1394 4440 Alteri
1419 4365 1641 4440 lectioni
1673 4364 2030 4440 favent_ed_ita
2054 4374 2106 4422 et
2131 4366 2625 4440 msstiazianzeni.
2686 4379 2731 4440 ι
2764 4368 2920 4426 Colb.
2958 4369 3096 4425 i539
3123 4368 3486 4440 κτησάμενος.
3513 4368 3623 4440 Αδίο

362 4454 583 4510 quoque
613 4440 754 4495 infra
790 4441 847 4495 in
936 4435 1128 4496 eodem
1164 4438 1287 4494 cod.
1323 4444 1377 4493 et
1411 4436 1626 4493 duobus
1674 4436 1799 4492 aliis
1847 4435 2002 4491 Colb.
2054 4444 2109 4492 et
2142 4435 2329 4507 Regiis
2368 4454 2507 4509 pene
2528 4439 2784 4495 omnibus
2808 4478 2822 4503 ,
2888 4451 2988 4493 nec
3016 4453 3125 4505 non
3174 4435 3229 4493 in
3261 4435 3383 4495 cod.
3418 4442 3479 4497 b‘.
3508 4438 3617 4496 Hii.

360 4509 497 4566 etin
529 4509 595 4564 N.

1844 4658 2074 4717 NOTAE.

402 4800 549 4882 ,(⁸’)·
591 4797 826 4867 ὀμοίως
843 4793 1446 4882 ,κεὶ,,τ⁷ίιν,ιίῖείῖ’ξ⁸ῗ¹ῗξί¹έξ
1483 4796 1659 4882 ’ἔνθ’
1694 4803 1801 4882 ἷξε·
1835 4794 1947 4882 ξδ’
1975 4799 2026 4859 Ῑ)

364 4864 686 4931 ιίοήέεηιιέ,
740 4874 883 4923 orat.
913 4866 1003 4921 36.
1038 4864 1254 4920 Domini
1293 4866 1460 4918 verba
1502 4865 1615 4919 hazc
1648 4883 1663 4920 :
1696 4864 1820 4919 Non
1841 4865 1936 4919 dc-

362 4939 545 4994 scendi
573 4938 635 4992 de
673 4936 801 4992 cwlo
857 4944 915 4989 ut
942 4934 1138 5004 faciam
1174 4933 1500 5004 voluntatem
1524 4950 1717 5004 meum,
1736 4934 1812 5004 ita
1843 4950 1938 4989 ex-

362 5010 520 5079 ponit
555 5026 570 5063 :
607 5005 732 5062 Nisi
755 5006 818 5060 ab
837 5006 930 5060 illo
943 5001 1038 5079 qui
1055 5001 1345 5079 descendit,
1371 5019 1541 5079 sermo
1557 5004 1642 5079 hic
1658 5002 1937 5079 haberetur

360 5071 538 5133 Hicere
564 5092 834 5146 possemus
874 5071 1031 5129 verba
1064 5074 1191 5146 ista_
1222 5071 1361 5146 uelut
1395 5073 1461 5126 ab
1480 5073 1701 5146 nomine
1728 5073 1933 5146 e/ferri,

358 5149 457 5218 qui
490 5141 596 5202 non
629 5146 958 5214 intelligatur
993 5159 1106 5198 esse
1152 5141 1424 5225 Saluator.
1479 5143 1554 5195 Τὸ
1576 5142 1686 5230 γὰρ
1723 5141 1934 5224 ἐκείνου

358 5218 428 5270 τὸ
466 5217 665 5270 θέλειν.
683 5215 792 5269 οὐδ’
820 5213 1143 5268 ὑπεναντίον
1173 5213 1311 5270 Geo),
1351 5210 1555 5266 θεωθὲν
1583 5213 1706 5267 ολον
1727 5227 1743 5242 ’
1776 5210 1935 5266 Illius

359 5286 555 5357 quippe
581 5257 824 5357 voiuntns
857 5283 966 5357 Deo
1024 5298 1128 5337 non
1163 5252 1645 5357 adesisaturlgttw
1680 5289 1789 5357 tota
1818 5283 1934 5336 dei-

359 5350 533 5425 ﬁcdt'a
590 5357 681 5409 sit.
730 5352 1004 5425 Maximus
1062 5367 1150 5421 ep.
1194 5351 1446 5425 ad_mon.
1474 5350 1629 5425 SiCil.
1677 5352 1936 5425 observat

359 5420 722 5482 'Anastasium
751 5422 1035 5486 Antioch.,
1089 5420 1161 5475 ne
1193 5420 1449 5476 voluntas
1473 5435 1582 5477 una
1613 5421 1936 5486 inferretur,

358 5495 565 5566 legisse
583 5492 767 5566 θεόθεν
786 5491 906 5566 δλον
929 5500 1040 5566 tota
1060 5506 1092 5544 a
1112 5488 1219 5543 Deo
1235 5505 1254 5552 ;
1273 5504 1472 5566 verum
1487 5491 1781 5566 participio
1803 5489 1939 5566 θεω-

358 5559 459 5620 θεν
496 5564 645 5638 aliud
676 5578 705 5616 a
731 5562 938 5638 deitate
969 5560 1283 5638 importare,
1328 5559 1820 5638 quod’deiiicetur,
1863 5560 1942 5638 si-

357 5642 463 5689 cut
493 5633 638 5689 aliud
664 5642 751 5688 est
775 5629 918 5702 quod
945 5627 1214 5702 accendit,
1249 5638 1305 5702 et
1335 5627 1481 5702 aiiud
1506 5629 1654 5702 quod
1682 5631 1937 5702 accendi-

358 5712 489 5772 tur;
527 5703 671 5759 aliud
692 5696 1141 5771 quo'dilluminat,
1171 5706 1224 5751 et
1237 5696 1383 5754 aliud
1404 5696 1546 5769 quod
1566 5699 1935 5768 illuminatur;

2046 4791 2405 4920 guamobrem
2476 4790 2633 4856 illud,
2687 4791 2833 4873 quod
2875 4806 2986 4874 ’ροι-
3029 4807 3302 4877 summam
3363 4798 3621 4879 unionem

2087 4864 2360 4920 elﬁcatur.
2460 4862 2528 4916 ab
2607 4862 2890 4917 essential:
2966 4877 3066 4918 sua
3133 4864 3445 4920 drﬁerentia
3510 4886 3621 4920 non

2087 4864 2360 4927 eiticatur,
2460 4862 2528 4916 ab
2607 4861 2890 4917 essentiali
2966 4877 3066 4918 sua
3133 4864 3445 4922 diﬁ'erentia
3510 4886 3623 4927 non

2044 4932 2699 5002 desciscere.,Caeterum
2756 4939 2959 5002 negant
3012 4934 3204 4990 Patres
3257 4936 3457 4994 debere
3515 4941 3623 4997 diei

2045 5004 2339 5084 humanam
2369 5000 2577 5084 Qhristi
2608 5000 2863 5084 naturam
2891 5002 3323 5073 ἁποτεθεῶσθαι,
3356 5020 3427 5084 ne
3457 5007 3625 5084 illiri-

2043 5079 2186 5137 stus,
2224 5077 2393 5127 veluti
2422 5077 2647 5126 numina
2667 5077 2944 5194 gentium,
2975 5083 3335 5131 consecratus
3365 5077 3421 5128 in
3452 5077 3621 5130 Deum

2042 5140 2596 5214 censeretur,_ve_l_uti
2628 5141 2818 5214 ii__e|es
2845 5142 3052 5198 sentire
3090 5141 3378 5214 Nestorius
3413 5146 3623 5214 garrie-

2041 5213 2155 5277 bat,
2189 5221 2330 5284 teste
2375 5210 2622 5284 Cyrilio,_
2649 5212 2744 5267 lib.
2799 5228 2859 5284 ιιΔ
2892 5221 3087 5284 contra
3135 5213 3335 5284 ipsum,
3371 5210 3500 5284 pag,
3528 5214 3620 5279 48.

2042 5297 2167 5339 cum
2190 5283 2306 5352 ipse
2328 5281 2509 5352 potius
2533 5281 2660 5336 huic
2686 5282 2865 5352 errori
2896 5281 3214 5352 impegisset
3235 5299 3249 5334 :
3273 5281 3387 5335 Οὐκ
3412 5281 3625 5352 ἄνθρω-

2041 5370 2143 5407 πον
2174 5350 2962 5421 ἁποθέωθένταίκηρύττομεν,
2987 5350 3065 5405 ait
3097 5350 3351 5421 Proclus,
3377 5350 3526 5406 orat.
3553 5350 3622 5407 de

2040 5421 2385 5497 beataVirg._,
2401 5420 2539 5497 ἀλλὰ
2559 5418 2694 5476 Θεδν
2715 5418 3070 5491 σαρκωθέντα
3090 5419 3479 5497 ὁμολογοῦμεν.
3501 5422 3621 5497 Non

2042 5488 2333 5547 hominem'
2359 5491 2412 5546 in
2461 5489 2634 5545 Deum
2696 5488 3060 5545 consecratum
3105 5488 3481 5556 prwdicantus,
3530 5488 3622 5545 sed

2045 5562 2213 5617 Deum
2233 5576 2443 5617 carnem
2476 5560 2677 5629 factum
2705 5557 3036 5625 conﬁtemur.
3083 5556 3240 5623 Quod
3262 5558 3468 5616 dictum
3511 5556 3620 5619 No-

2047 5641 2160 5688 ster
2196 5631 2413 5700 excepit
2449 5627 2573 5700 cap.
2604 5627 2658 5683 2.

2043 5079 2186 5137 stus,
2224 5071 2393 5127 veluti
2422 5071 2647 5126 numina
