4072 6146
546 311 671 377 ΙθἨ

1729 313 1787 371 S.
1817 312 2134 373 JOANNIS
2168 314 2596 375 DAMASCENI

3645 315 3773 381 1072

543 428 596 482 id
635 443 698 482 ex
731 440 791 482 se
825 442 930 480 non
969 423 1302 494 patuerit”:
1363 422 1488 491 quia
1555 439 1747 492 nempe
1780 424 1888 479 Deo
1934 424 2101 480 Verbc

2219 426 2397 495 ἐαυτῷ
2456 427 2675 496 ’ἀληθῶς
2731 427 2970 497 ὑπάρχον
3024 431 3081 480 τὸ
3129 427 3351 490 ἀσθενὲς
3418 427 3510 480 τοῦ
3563 426 3770 497 ἀνορω-

538 519 808 585 placebat,
844 525 900 570 ut
953 530 1076 569 vere
1130 515 1233 568 sibi
1289 515 1470 569 inesse
1523 515 1777 570 humana:
1811 518 2107 572 voluntatis

541 608 914 660 inﬁrmitatem
970 607 1305 661 ostenderet.
1367 606 1717 677 Rursumque
1756 608 1986 663 volcndo
2027 610 2108 663 le-

540 701 682 768 prosi
737 698 1147 753 mundationem
1210 699 1535 768 patravit“,
1583 708 1805 770 propter
1851 701 2108 755 unionem

536 805 661 842 cum
694 790 877 842 divina
907 789 1210 842 voluntate.

607 880 900 933 Sciendum
937 889 1118 934 autem
1151 889 1252 942 est,
1297 888 1506 934 naturae
1532 889 1586 934 et
1619 879 1922 935 voluntatis
1951 879 2106 934 deill-

535 977 773 1036 catioue,
814 988 1078 1042 perquam
1113 971 1320 1041 liquido
1344 979 1399 1025 et
1429 987 1688 1040 expresse
1715 971 1854 1027 duas
1882 979 2109 1026 naturas

533 1076 582 1119 et
617 1065 924 1118 voluntates
952 1061 1244 1116 declarari.
1281 1060 1433 1115 Sicut
1461 1062 1604 1115 enim
1640 1062 1836 1132 iguitio
1893 1077 2000 1115 non
2029 1061 2108 1116 rei

537 1157 719 1225 ignitae
751 1163 1002 1208 naturam
1032 1153 1086 1206 in
1119 1152 1262 1223 ignis
1297 1160 1552 1206 naturam
1595 1161 1787 1216 mutat,
1831 1167 2020 1206 verum
2055 1161 2110 1214 et

536 1245 586 1300 id
599 1244 742 1314 quod
763 1244 994 1314 ignitum
1025 1252 1106 1297 est
1123 1249 1177 1295 et
1195 1240 1246 1296 id
1266 1241 1408 1310 quod
1423 1241 1649 1311 ignitum
1673 1243 1815 1303 fecit,
1833 1242 2105 1296 ostendit:

537 1335 614 1388 sic
632 1334 795 1387 etiam
813 1331 1086 1386 deilicatio
1119 1345 1225 1384 non
1267 1345 1429 1384 unam
1459 1331 1819 1399 compositam
1860 1339 2109 1384 naturam

539 1425 689 1488 facit,
713 1423 808 1478 sed
840 1423 1000 1489 duas,
1029 1423 1396 1490 unionemque
1425 1421 1723 1475 secundum
1752 1420 2108 1491 hyposlasim.

535 1516 621 1569 Ait
642 1516 842 1584 quippe
863 1513 1172 1581 Theologus
1200 1511 1495 1581 Gregorius
1523 1530 1535 1566 :
1565 1530 1582 1562 ι
1608 1513 1852 1577 Quorum
1880 1511 2109 1566 alterum

533 1606 824 1669 deiﬁcavit,
855 1605 1084 1659 alterum
1114 1604 1422 1658 deilicatum
1445 1603 1629 1657 est".i
1665 1601 1903 1656 Dicendo
1941 1600 2107 1666 enim,

532 1711 751 1764 quorum
777 1701 828 1748 et
865 1694 1109 1758 alterum,
1143 1703 1302 1763 atque
1327 1695 1550 1745 alterunt
1579 1691 1719 1746 duas
1749 1689 1994 1761 profecto
2019 1703 2107 1746 res

534 1786 814 1841 indicavit.

1135 1877 1288 1932 CAP.
1323 1875 1516 1930 XVIII.

537 1973 735 2025 lterum
769 1971 834 2023 de
877 1969 1075 2036 duplici
1122 1969 1409 2029 voluntate,
1458 1945 1770 2036 arbitriique
1809 1965 2101 2027 libertate;

603 2049 769 2094 mente
797 2035 1314 2106 item,scien:iaque,
1348 2047 1396 2091 et
1433 2037 1694 2104 sapientia
1720 2035 1940 2102 duplici.

603 2131 889 2195 Assumpta
929 2137 1123 2180 natura
1151 2126 1406 2189 humana,
1445 2135 1500 2177 ut
1533 2126 1648 2194 ipsa
1687 2125 1740 2177 in
1771 2123 1988 2178 Christo
2027 2125 2104 2178 vi-

535 2221 672 2272 ctrix
733 2219 876 2287 ﬁeret
941 2216 1164 2270 diaboli.
1213 2245 1283 2254 -—
1319 2214 1775 2284 Quandoquidem
1822 2215 2103 2270 Christum

538 2310 832 2380 perlectum
864 2308 1032 2363 Deum
1080 2323 1144 2362 ac
1179 2305 1478 2376 perlectum
1533 2307 1814 2361 hominem
1845 2305 2102 2369 dicimus,

536 2405 694 2473 plane
723 2401 905 2456 omnia
934 2415 1054 2470 qua:
1089 2407 1203 2453 tum
1244 2397 1430 2464 Patri,
1465 2408 1580 2452 tum
1620 2396 1782 2450 Matri
1836 2397 2104 2452 naturalia

533 2504 681 2561 sunt,
720 2493 768 2548 ei
807 2492 1142 2547 tribuamus.
1196 2489 1370 2544 l‘lomo
1416 2490 1614 2558 quippe
1664 2487 1842 2542 lactus
1887 2495 2006 2552 est,
2047 2495 2105 2542 ut

531 2583 678 2654 quod
704 2583 911 2637 victum
944 2580 1125 2636 fuerat
1152 2579 1422 2635 vinceret.
1473 2576 1630 2632 Haud
1677 2578 1820 2632 enim
1849 2577 1972 2648 eius
2006 2578 2104 2632 im-

535 2676 845 2731 becillitatis
872 2682 992 2728 erat
1014 2673 1126 2737 ille,
1150 2671 1248 2742 qui
1278 2672 1462 2726 omnia
1507 2678 1709 2740 potest,
1749 2670 1879 2740 quin
1931 2670 2105 2724 omni-

533 2764 740 2834 potenti
774 2777 874 2819 sua
905 2763 1107 2817 virtute
1141 2760 1417 2815 hominem
1453 2774 1518 2814 ex
1561 2759 1778 2829 tyranni
1820 2759 2102 2813 dominatu

529 2856 746 2924 eripere
777 2855 1006 2910 valeret.
1040 2851 1244 2906 Verum
1270 2859 1542 2921 tyrannus
1571 2850 1821 2920 querelae
1853 2850 2102 2904 occasio-

534 2961 656 3000 nem
688 2945 988 3007 habuisset,
1016 2942 1062 2998 si
1091 2949 1380 3012 postquam
1413 2941 1691 2994 hominem
1731 2939 1846 3008 ipsc
1873 2939 2100 3002 vicerat,

2211 518 2365 569 πίνου
2413 517 2735 587 θελήματος.
2783 518 2964 571 Θέλων
3022 519 3077 572 δὲ
3136 520 3231 589 τὴν
3291 519 3383 570 τοῦ
3441 518 3644 589 λεπροῦ
3695 521 3772 571 ἐν·

2209 610 2418 679 ήργησε
2461 611 2768 680 κάθαρσιν,
2827 611 2914 664 διὰ
2953 612 3050 681 τὴν
3089 612 3226 678 πρὸς
3280 613 3342 663 τὸ
3387 611 3530 662 οεῖον
3573 610 3772 681 Θέλημσ

2209 699 2425 753 ἕνωσιν.

2292 873 2488 926 ’ἰστέον
2537 875 2592 927 δὲ
2626 873 2703 937 ὡς
2735 876 2768 945 ή
2802 873 2994 939 Θέωσις
3036 874 3136 945 τῆς
3187 891 3246 929 τε
3289 875 3508 945 φύσεως
3547 877 3644 930 καὶ
3682 877 3773 931 τοῦ

2211 962 2510 1032 Θελήματος
2570 964 3020 1032 ὲμφατικώτατον
3064 966 3159 1017 καὶ⁹
3199 955 3621 1019 δεικτικώτατόν
3664 968 3774 1019 ἐστι

2209 1053 2317 1106 τῶν
2351 1071 2410 1106 τε
2445 1054 2537 1107 δύο
2560 1055 2797 1123 φύσεων,
2832 1055 3055 1108 καὶτῶν
3083 1056 3176 1108 δύο
3197 1056 3524 1126 θελημάτων
3544 1075 3556 1088 ·
3594 1056 3776 1127 ὥσπερ

2210 1145 2378 1216 γὰρὴ
2412 1147 2658 1217 πύρωσις
2690 1148 2751 1199 οὐ
2789 1147 3114 1216 μεταϐάλλει
3153 1147 3254 1218 τὴν
3296 1147 3391 1202 τοῦ
3434 1148 3776 1220 πυρωθέντος

2211 1235 2374 1305 φύσιν
2401 1239 2482 1300 είς
2505 1237 2604 1308 τὴν
2635 1238 2728 1302 τοῦ
2765 1238 2958 1309 πυρὸς,
2997 1239 3132 1293 ἀλλὰ
3157 1239 3307 1308 δηλοῖ
3329 1239 3392 1292 τό
3414 1254 3472 1290 τε
3495 1238 3775 1308 πυρωθὲν,

2211 1329 2306 1382 καὶ
2337 1330 2396 1382 τὸ
2431 1329 2714 1399 πυρῶσαν,
2745 1331 2840 1383 καὶ
2864 1333 2963 1401 οὐχ
3003 1332 3146 1396 ἑνὸς,
3175 1331 3311 1385 ἀλλά
3338 1331 3434 1385 δύο
3470 1333 3590 1384 ἐστὶ
3620 1331 3778 1400 δηλω-
3807 1387 3811 1392 ,

2209 1419 2398 1472 τικόν⁶
2442 1420 2586 1473 οὕτω
2636 1422 2731 1474 καὶ
2763 1424 2796 1492 ἡ
2834 1422 3032 1485 θέωσις
3053 1423 3114 1475 οὐ
3153 1422 3282 1493 μίαν
3316 1423 3480 1491 φύσιν
3527 1424 3779 1477 ἀποτελεί

2213 1511 2498 1574 σύνθετον,
2535 1510 2672 1564 ἀλλὰ
2704 1511 2802 1574 τὰς
2851 1511 2978 1577 δύο,
3027 1512 3121 1565 καὶ
3166 1513 3264 1582 τὴν
3309 1511 3434 1566 καθ’
3477 1514 3776 1566 ὑπόστασιν

2211 1604 2405 1656 ἕνωσιν
2425 1621 2438 1634 '
2469 1603 2605 1675 φησὶ
2635 1603 2766 1672 γοῦν
2803 1605 2830 1656 ὁ
2859 1603 3120 1672 Θεολόγος
3159 1604 3456 1676 Γρηγόριος
3477 1620 3492 1634 θ
3526 1623 3544 1656 ι
3578 1599 3681 1656 Ὧν
3718 1603 3774 1656 τό

2219 1695 2328 1764 μὲν.
2353 1695 2574 1758 ὲθέωσε,
2609 1696 2670 1748 τὸ
2705 1695 2762 1748 δὲ
2793 1695 3000 1766 ἐθεώθη
3024 1711 3038 1724 '
3076 1715 3094 1746 ι
3128 1689 3215 1750 ὧν
3254 1696 3364 1766 γὰρ
3399 1694 3569 1748 εἰπὼν
3593 1735 3607 1760 ,
3658 1698 3771 1756 καὶ,

2134 1757 2184 1819 Β
2210 1757 2275 1838 τὸ
2300 1783 2436 1852 μὲν,
2467 1757 2650 1836 καὶτὸ
2683 1784 2770 1848 δὲ,
2805 1783 2900 1837 δύο
2925 1757 3146 1849 ἔδειξεν.

2697 1873 2948 1926 ΚΕΦΛΛ.
2982 1874 3068 1925 IH'
3116 1871 3282 1945 [53'].

2210 1965 2331 2018 Ἔτι
2358 1965 2492 2032 περὶ
2528 1963 2875 2032 θελημάτων
2908 1964 3005 2016 καὶ
3033 1965 3468 2028 αὑτεξουσίων.
3500 1963 3660 2018 νοῶν
3693 1983 3771 2029 τε,

2558 2035 2654 2089 καὶ
2699 2033 2996 2102 γνώσεων,
3045 2035 3142 2088 καὶ
3174 2035 3426 2104 (rogatam.

2275 2125 2408 2178 Θεὸν
2431 2123 2638 2177 τέλειον
2657 2124 2770 2195 (45)
2813 2125 2908 2177 καὶ
2958 2123 3249 2196 ἄνθρωπον
3288 2125 3494 2178 τέλειον
3535 2127 3777 2197 λέγοντες

2205 2216 2296 2269 τὸν
2335 2216 2568 2287 Χριστὸν
2593 2259 2607 2280 ,
2656 2216 2878 2280 πάντως
2920 2216 3100 2271 πάντα
3154 2216 3434 2288 δώσομεν,
3479 2219 3546 2272 τά
3594 2237 3650 2272 τε
3685 2219 3775 2272 τοῦ

2207 2307 2421 2376 Πατρδς
2452 2307 2680 2376 φυσικὰ,
2711 2307 2779 2361 τά
2805 2324 2864 2359 τε
2894 2307 2994 2378 τῆς
3018 2308 3240 2378 Μητρός
3259 2323 3275 2339 ⁸
3330 2309 3524 2378 γέγονε
3553 2311 3657 2382 γὰρ
3686 2311 3773 2365 ἄν·

2207 2395 2446 2467 ορωπος,
2490 2399 2577 2451 ἵνα
2606 2398 2667 2451 τὸ
2698 2398 2919 2468 νικηθὲν
2968 2400 3188 2470 νικήσῃ.
3225 2400 3339 2454 υὺκ
3380 2401 3640 2466 ἀδύνατος
3669 2403 3778 2474 γὰρ

2206 2484 2274 2558 ἦν
2303 2489 2330 2540 ὁ
2358 2485 2427 2540 τὰ
2466 2488 2644 2541 στάντα
2679 2487 3002 2558 δυνάμενος,
3031 2490 3125 2540 καὶ
3149 2491 3214 2559 τῇ
3250 2491 3656 2563 παντοδυνάμῳ
3688 2493 3778 2546 αὖ.

2205 2584 2300 2638 τοῦ
2327 2585 2548 2656 ἐξουσίᾳ
2574 2586 2668 2639 καὶ
2688 2584 2919 2655 δυνάμει
2947 2583 3223 2651 ἐξελέσθαι
3250 2584 3344 2638 τοῦ
3382 2586 3779 2656 τυραννοῦντος

2205 2678 2298 2730 τὸν
2328 2676 2613 2745 ἄνθρωπον
2639 2693 2652 2707 ·
2686 2676 2800 2730 ἀλλ’
2827 2671 2895 2748 ἦν
2925 2675 3272 2747 ἐγκλήματος
3310 2675 3387 2746 τῷ
3423 2677 3780 2748 τυραννοῦντι

2207 2769 2482 2832 ὑπόθεσις,
2516 2769 2804 2840 ἄνθρωπον
2841 2771 3164 2839 νικήσαντι,
3215 2771 3308 2822 κα)⁸
3350 2771 3455 2822 ὑπὸ
3493 2770 3634 2823 Θεοῦ
3668 2771 3770 2842 βια-

2208 2859 2407 2912 σθέντι.
2451 2859 2626 2912 Αὑτὶν
2663 2855 2756 2911 οῦν
2809 2859 2902 2912 τὸν
2946 2851 3183 2912 πεσόντα
3231 2858 3460 2930 νικητὴν
3504 2858 3784 2924 ἀναδεῖξαι

2206 2949 2492 3020 βουληθεὶς
2553 2953 2581 3003 ὁ
2643 2950 2941 3021 συμπαθὴς
3005 2949 3138 3013 Θεὸς
3206 2949 3303 3003 καὶ
3364 2950 3772 3021 φιλάνθρωπος.

535 3037 685 3090 illata
716 3035 767 3089 vi
799 3050 827 3088 a
860 3033 969 3088 Deo
993 3033 1264 3102 spoliatus
1302 3043 1468 3088 esset.
1503 3030 1776 3096 Quocirca
1827 3028 1969 3085 Deus
2002 3045 2101 3099 pro

2206 3040 2490 3113 ἅνθρωπος
2530 3041 2740 3110 γίνεται
2792 3041 2870 3112 τῷ
2914 3041 3086 3112 ὁμοίῳ
3130 3039 3189 3094 τὸ
3241 3041 3428 3111 ὅμοιον
3469 3042 3778 3097 ἀνακαλού-

532 3145 631 3185 sua
659 3127 1064 3191 misericordia,
1097 3133 1152 3180 et
1180 3139 1309 3194 erga
1377 3123 1630 3178 homines
1679 3123 2059 3178 benevolentia
2083 3163 2102 3190 ,

531 3223 697 3275 homo
720 3219 800 3282 ﬁt,
836 3233 945 3288 quo
978 3217 1156 3272 simile
1195 3215 1391 3270 similis
1415 3229 1582 3284 opera
1611 3214 1900 3268 instauret.

597 3300 882 3378 desumpta
941 3309 1124 3362 anima
1170 3316 1327 3378 atque
1387 3323 1532 3360 mens
1587 3306 1824 3359 humana
1854 3347 1869 3366 ,
1919 3315 2104 3359 contra

531 3403 966 3472 Apollinarium.
1010 3399 1259 3465 —Quod
1293 3405 1474 3452 autem
1499 3396 1663 3452 homo
1682 3396 1754 3451 sit
1776 3395 1980 3451 animal
2016 3411 2104 3450 ra-

532 3497 678 3550 tione
703 3502 758 3548 et
785 3493 1140 3563 intelligentia
1170 3490 1480 3560 praeditum,
1515 3503 1676 3543 nemo
1707 3488 1833 3542 ierit
1861 3485 2098 3542 inﬁcias.

529 3585 766 3651 Quinam
801 3584 967 3654 igitur
1000 3583 1178 3637 factus
1228 3589 1312 3636 est
1347 3581 1530 3646 homo,
1570 3580 1614 3635 si
1657 3593 1878 3634 carnem
1913 3579 2095 3632 inani-

529 3687 754 3740 matam,
787 3686 880 3730 aut
916 3683 1196 3744 expertem
1251 3673 1449 3728 mentis
1510 3671 1747 3725 animam
1807 3669 2094 3738 suscepit?

529 3770 646 3823 lloc
675 3767 818 3821 enim
841 3781 1183 3837 nequaquam
1215 3765 1377 3819 homo
1403 3769 1507 3819 est.
1549 3762 1692 3828 Quid
1727 3776 1853 3817 vero
1877 3775 2094 3816 rursum

527 3877 593 3916 ex
620 3867 900 3926 assumpta
940 3857 1010 3911 ah
1036 3872 1102 3912 eo
1137 3856 1480 3910 humanitate
1508 3852 1864 3910 emolumenti
1893 3852 1958 3906 ad
1995 3867 2094 3907 nos

528 3950 709 4014 rediit,
740 3949 787 4003 si
818 3948 892 4002 illi
935 3947 1026 4017 qui
1061 3947 1320 4016 primario
1350 3945 1625 4001 contraxit
1683 3945 1882 4010 labem,
1945 3943 2094 4000 salus

526 4043 694 4096 allata
729 4055 837 4093 non
872 4045 955 4093 est
981 4055 995 4104 ;
1025 4051 1202 4106 neque
1234 4035 1290 4090 id
1330 4042 1512 4090 actum
1545 4035 1668 4099 fuit,
1703 4043 1763 4089 ut
1820 4049 1916 4104 per
1963 4049 2094 4090 con-

521 4133 868 4204 junctionem
906 4145 1031 4184 cum
1067 4125 1349 4183 divinitate
1388 4127 1765 4190 innovaretur,
1825 4132 1878 4180 et
1931 4126 2099 4180 robur

523 4223 834 4280 obtineret?
857 4221 990 4275 Nam
1015 4229 1266 4275 curatum
1293 4233 1400 4272 non
1425 4217 1551 4282 fuit,
1579 4217 1722 4286 quod
1749 4225 2096 4288 assumptum

524 4335 632 4374 non
663 4327 778 4384 est;
815 4321 1149 4388 quapropter
1181 4318 1354 4366 totum
1414 4311 1691 4365 hominem
1757 4310 2095 4379 assumpsit,

2209 3149 2391 3202 μενος.

2280 3312 2403 3364 Ὅτι
2463 3311 2520 3363 δὲ
2577 3311 2796 3380 λογικὸν
2839 3310 2933 3364 καὶ
2983 3310 3168 3382 νοερὸν
3219 3309 3353 3375 ζῶον
3396 3312 3422 3364 6
3455 3309 3774 3381 ἄνθρωπος,

2203 3404 2377 3467 οὐδεὶς
2431 3405 2695 3474 ἀντερεῖ·
2755 3403 2873 3466 πῶς
2925 3398 3018 3456 οὖν
3085 3403 3364 3474 ἄνθρωπος
3413 3403 3658 3470 γέγονεν,
3721 3404 3774 3455 εί

2204 3495 2384 3565 σάρκα
2408 3494 2617 3564 ἄψυχον
2649 3495 2681 3564 ἢ
2707 3493 2888 3564 ψυχὴν
2919 3494 3080 3548 ἄνουν
3101 3492 3329 3559 ἐλαϐεν;
3367 3494 3438 3546 Οὐ
3469 3491 3630 3545 τοῦτο
3663 3493 3780 3563 γὰρ

2205 3587 2514 3655 ἄνθρωπος.
2549 3585 2616 3637 Τί
2659 3585 2715 3636 δὲ
2767 3586 2862 3637 καὶ
2896 3585 2994 3654 τῆς
3044 3583 3511 3655 ὲνανϐρωπήσεως
3549 3583 3780 3636 ὰπωνά-

2207 3675 2366 3747 μεΘα,
2411 3674 2506 3728 τοῦ
2540 3675 3076 3746 πρωτοπαθήσαντος
3117 3676 3193 3747 μὴ
3233 3676 3602 3747 σεσωσμένον,
3639 3675 3778 3746 μηδὲ

2201 3769 2267 3837 τῇ
2300 3766 2563 3836 συναφείᾳ
2594 3765 2694 3836 τῆς
2729 3765 2980 3837 θεότητος
3015 3767 3542 3836 ἀνακεκαινισμένου
3574 3784 3637 3819 τε
3683 3769 3776 3820 καὶ

2201 3857 2607 3927 νενευρωμένου
2635 3873 2651 3922 ;
2680 3857 2753 3909 Τὸ
2786 3857 2895 3928 γὰρ
2925 3857 3336 3928 ἀπρόσληπτον,
3362 3857 3772 3926 ἀθεράπευτον.

2213 3948 2608 4018 Ἀναλαμῦάνει
2652 3948 2832 4002 τοίνυν
2876 3948 2996 4000 ὅλον
3055 3949 3148 4000 τὸν
3199 3947 3522 4019 ἄνθρωπον,
3580 3948 3778 4002 καὶτὸ

2192 4039 2384 4095 τούτου
2427 4039 2739 4103 κάλλιστον,
2788 4039 2892 4092 ὑπὸ
2939 4041 3120 4110 ἁρῤωο
3139 4039 3250 4092 τίαν
3279 4039 3474 4102 πεσὸν,
3525 4039 3622 4093 ἵνα
3669 4038 3776 4109 ὅλῳ

2195 4130 2292 4201 τὴν
2340 4129 2614 4200 σωτηρίαν
2646 4127 2979 4198 χαρίσηται·
3013 4126 3136 4189 νοῦς
3187 4125 3243 4179 δὲ
3285 4125 3506 4191 ἄσοφος,
3541 4126 3777 4195 ἐστερηο

2198 4219 2355 4288 μένος
2387 4219 2666 4287 γνώσεως,
2699 4216 2800 4270 οὐκ
2832 4215 2898 4270 ἂν
2937 4216 3021 4286 εἴη
3051 4216 3203 4268 ποτέ.
3243 4216 3304 4267 Εἰ
3340 4214 3448 4283 γὰρ
3479 4215 3778 4286 ἁνενέργη-

2196 4327 2288 4372 τος
2317 4310 2412 4362 καὶ
2441 4309 2720 4377 ἀκίνητος,
2753 4308 2847 4360 καὶ
2878 4307 3225 4377 ἀνύπαρκτος
3264 4307 3497 4366 πάντως.

524 4411 778 4478 illamque
817 4407 954 4461 adeo
993 4405 1170 4475 ipsius
1212 4411 1422 4474 partem
1461 4415 1583 4471 quae
1632 4399 1868 4455 obnoxia
1915 4400 2107 4454 morbo
2145 4398 2344 4464 fuerat,
2402 4407 2462 4453 ut
2509 4399 2608 4453 toti
2667 4398 2896 4453 salutem
2963 4397 3251 4466 largiretur
3275 4395 3342 4448 ⁷³.
3401 4393 3561 4448 Nulla
3611 4410 3776 4466 porro

525 4517 678 4556 mens
708 4515 936 4570 usquam
975 4499 1163 4566 fuerit,
1213 4513 1336 4568 quae
1376 4495 1643 4567 sapientia
1675 4502 1728 4550 et
1766 4494 2078 4565 cognitione
2109 4494 2370 4550 destituta
2414 4495 2506 4550 sit.
2559 4491 2692 4547 Nam
2723 4493 2767 4546 si
2797 4493 2946 4547 iners
2993 4501 3046 4545 et
3071 4490 3192 4544 sine
3217 4499 3387 4550 motu,
3419 4489 3572 4543 nulla
3617 4506 3778 4561 pror-

524 4607 618 4647 sus
649 4593 857 4644 ratione
887 4591 1127 4644 exsistit.

592 4682 750 4752 24],
787 4679 931 4734 Mens
961 4681 1016 4732 in
1039 4671 1245 4734 hemina
1277 4681 1339 4733 τὸ
1393 4682 1517 4732 κατ’
1557 4680 1762 4733 εἰκόνα
1826 4676 1979 4732 Verbi
2034 4686 2082 4732 et

2259 4674 2332 4726 Τὸ
2384 4669 2476 4726 οὖν
2519 4681 2540 4708 ι
2583 4673 2700 4724 κατ’
2743 4671 2929 4724 εἰκόνα
2981 4672 3326 4724 ἀνακαινίσαι
3375 4671 3712 4741 βουλόμενος
3748 4675 3775 4725 ό

525 4771 697 4824 carnis
725 4768 916 4820 media.
947 4797 1016 4807 —
1041 4767 1228 4836 Itaque
1277 4767 1420 4822 Deus
1464 4766 1705 4822 Verbum
1728 4767 1795 4832 ⁷⁸,
1831 4766 1885 4822 id
1938 4765 2084 4836 quod

598 4952 641 4983 ⁷ο
674 4951 840 5005 Marc.
879 4963 976 5008 vn,
1003 4947 1073 5002 24
1143 4949 1187 4979 ⁷⁸
1220 4947 1410 5000 Matth.
1467 4963 1585 5010 vm,
1623 4950 1675 5002 5.

1771 4948 1816 4979 ⁷⁸
1874 4945 2035 5017 Greg.
2068 4945 2199 5017 Naz.
2229 5015 2235 5017 _
2265 4953 2408 5000 orat.
2441 4946 2529 4999 4'2.

2192 4765 2323 4828 Θεὸς
2348 4763 2538 4832 Λόγος,
2567 4763 2789 4830 γέγονεν
2817 4761 3120 4831 ἄνθρωπος.
3145 4761 3209 4813 Τί
3232 4761 3289 4814 δὲ
3320 4761 3378 4813 τὸ
3412 4761 3534 4814 κατ’
3557 4765 3771 4828 εἰκόνα,

2623 4943 2668 4973 ⁷³
2705 4941 2866 5012 Greg.
2909 4939 3038 4994 Naz.
3075 4940 3154 4994 Ad
3187 4939 3406 4996 Cledon.
3501 4940 3552 4972 ⁷⁸
3597 4940 3766 5012 Greg.

517 5019 650 5076 Naz.
681 5035 851 5076 carm.
879 5033 1059 5074 seuar.
1102 5018 1223 5070 adv.
1248 5017 1507 5086 Apollin.,
1539 5019 1699 5087 epist.
1735 5017 1824 5071 ad.
1859 5015 2007 5072 Cled.
2031 5024 2086 5072 et
2113 5015 2264 5072 alibi.

1814 5167 2053 5224 VARUE
2093 5167 2498 5225 LECTIONES.

591 5284 612 5310 ι
647 5272 812 5328 Abest
843 5258 1015 5324 il‘latio
1038 5262 1130 5321 οῦν
1167 5267 1219 5319 in
1253 5279 1385 5318 mss.

1984 5322 2213 5379 ΝΟΤᾹΞ.

588 5431 699 5502 (45)
751 5431 866 5502 Καὶ
905 5425 1356 5502 Θεὸν-τέλειον.
1430 5415 2075 5502 ριιαηάοᾳιιὶάεῃλςίηίί-

517 5486 695 5576 slain,"
708 5498 1049 5576 etc_._Pugqat_
1077 5497 1180 5550 hoc
1205 5504 1321 5576 ιριο
1349 5486 1528 5576 capite
1549 5486 1772 5576 "contra
1784 5486 2073 5576 lippum}:-

517 5559 681 5622 ristas
707 5577 762 5621 et
785 5559 1194 5622 Monotheletas.
1220 5564 1354 5619 Nam
1384 5559 1526 5618 sicut
1548 5560 1624 5614 illi
1646 5559 1924 5613 Christum
1957 5559 2076 5609 ani-

516 5647 602 5688 ma
636 5636 884 5704 rationali
915 5634 1220 5704 spoliando,
1252 5634 1491 5704 divinam
1530 5629 1868 5704 voluntatem
1888 5625 2073 5704 solam

516 5703 884 5774 agnoscebant
912 5695 1043 5760 z'sic
1071 5703 1162 5759 isti
1191 5695 1407 5780 dempta
1429 5701 1666 5756 humana
1713 5695 1996 5780 voluntate
2023 5700 2076 5747 et

2183 5417 2430 5490 actione_,_
2458 5432 2566 5490 uno
2607 5418 2716 5472 ictu
2755 5420 2950 5473 anima:
2977 5421 3097 5489 ejus
3125 5417 3488 5476 substantiam
3518 5421 3773 5490 perime-

2183 5485 2347 5558 bant;
2379 5485 2544 5558 Nulla
2563 5490 2746 5558 quippe
2775 5500 2970 5542 natura
3001 5485 3175 5544 exstat
3197 5485 3762 5558 operationis—expers.

2181 5563 2230 5608 et
2259 5556 2349 5609 ubi
2385 5557 2534 5610 nulla
2570 5556 2646 5612 est
2687 5559 2921 5626 operatio
2949 5599 2962 5621 ,
3017 5560 3168 5613 nulla
3226 5562 3420 5614 ibidem
3453 5556 3665 5614 natura
3694 5562 3766 5614 sit

2183 5627 2681 5698 oportel,__in_quiunt
2731 5629 2893 5698 prisci
2939 5629 3194 5697 theologi,
3238 5645 3466 5698 quorum
3493 5632 3767 5698 testimo-

2185 5694 2291 5762 nia,
2318 5704 2354 5750 t.
2388 5693 2432 5749 Il
2469 5693 2703 5766 Operam
2733 5693 2792 5754 Β.
2817 5697 3036 5753 Maximi
3069 5693 3358 5766 habentur,
3392 5714 3441 5769 p.
3477 5693 3542 5750 Εἰ
3562 5700 3610 5753 ι.
