3996 6166
299 282 404 351 1073

1347 292 1443 351 DE
1475 294 1649 354 FIDE
1688 295 2147 359 ORTHODO'XA
2187 300 2327 360 LIB.
2374 302 2488 360 ΙΙΙ.

3396 298 3529 369 1074

299 400 336 452 sl
361 399 423 471 μὴ
452 401 480 452 ό
506 395 661 467 νοῦς;
701 397 773 452 Τὸ
804 399 1052 470 κρεῖττον
1075 395 1166 454 οὖν
1193 403 1410 473 παρεὶς,
1441 404 1503 457 τὸ
1528 408 1708 476 χεῖρον
1761 409 1850 461 ἁν-

1959 410 2020 462 all
2059 409 2147 465 sui
2184 409 2480 478 imaginem
2512 417 2634 466 erat
2664 411 2978 468 instaurare
3004 412 3216 478 volens,
3241 412 3421 469 iactus
3445 423 3528 469 est

297 489 460 549 £1165;
507 490 655 555 Νοῦς
684 490 793 561 γὰρ
821 491 934 561 (44)
968 493 1024 545 ἐν
1072 494 1384 564 μεταιχμίῳ
1415 496 1530 548 ἐστὶ
1579 496 1713 550 Θεοῦ
1754 498 1845 550 καὶ

297 580 488 650 σαρκὸς,
518 581 619 650 τῆς
659 582 756 650 μὲν
781 582 857 647 ὡς
882 582 1150 649 σύνοικος,
1175 585 1269 639 τοῦ
1299 585 1433 638 Θεοῦ
1459 586 1538 649 δὲ,
1567 586 1843 650 ὼςείκὼν.

294 669 409 732 Νοῦς
438 666 532 723 οὖν
566 670 648 724 νοτ
697 673 975 742 μίγνυται,
1027 677 1120 729 καὶ
1158 677 1435 746 μεσιτεύει
1479 679 1508 731 ό
1556 678 1680 743 νοῦς
1710 668 1867 735 Θεοῦ

295 759 603 832 καθαρότητι
658 762 752 816 καὶ
805 765 1009 834 σαρκὸς
1051 765 1357 836 παχύτητι·
1401 767 1479 820 εί’
1505 768 1613 840 γὰρ
1668 769 1848 840 ψυχὴν

293 849 428 905 ἄνουν
452 853 479 905 ὁ
502 851 708 923 Κύριος
737 853 1021 922 ἀνέλαϐεν,
1051 855 1245 926 ἀλόγου
1273 855 1414 923 ζώου
1436 857 1615 931 ψυχὴν
1648 860 1847 915 ἀνέλα-

294 939 390 993 θεν.

1955 500 2142 554 homo.
2168 499 2310 565 Quid
2335 516 2465 556 vero
2492 501 2629 556 illud
2652 502 2753 558 fuit
2778 503 2925 574 quod
2952 512 3098 560 esset
3119 505 3185 560 ad
3210 505 3527 575 imaginem,

1954 596 2318 659 praeterquam
2351 591 2556 646 mens?
2592 591 2743 648 Itane
2764 593 2972 650 omisso
3000 593 3223 663 potiori,
3252 593 3397 663 quod
3429 595 3528 649 de-

1956 680 2129 738 terius
2155 689 2277 735 erat
2300 682 2647 752 assumpsit!
2698 683 2851 741 Mens
2897 684 3175 755 siquidem
3232 687 3286 738 in
3338 683 3431 738 Dei
3475 690 3528 738 et

1954 771 2144 827 carnis
2179 771 2484 826 meditullio
2504 779 2631 828 est:
2662 774 2849 830 carnis
2888 775 3172 841 nimirum,
3214 782 3279 829 ut
3332 782 3530 829 contu-

1954 861 2236 929 bernalis;
2274 861 2365 918 Dei
2401 870 2607 927 autem,
2644 872 2701 918 ut
2726 864 2928 936 imago.
2956 864 3112 922 Mens
3145 865 3331 937 itaque
3360 865 3527 920 menti

1948 951 2222 1024 jungitur,
2258 959 2424 1022 atque
2454 955 2599 1009 inter
2623 953 2716 1011 Dei
2754 955 3047 1025 puritatem
3074 964 3129 1011 et
3155 956 3344 1011 carnis
3375 969 3529 1010 cras-

293 1030 448 1087 sitiem
482 1032 798 1092 intercedit.
831 1022 965 1090 Nam
997 1037 1042 1092 si
1068 1035 1335 1095 Dominus
1395 1041 1634 1095 animam
1689 1049 1874 1099 urente
1944 1022 2174 1101 vacuam
2250 1045 2592 1115 assumpsit,
2664 1022 2810 1101 bruti
2885 1045 3077 1115 utique
3138 1046 3379 1103 animam
3435 1062 3527 1103 as-

294 1126 531 1193 sumpsit.
1060 1132 1065 1135 ’
1390 1190 1399 1197 .

351 1216 406 1269 El
435 1217 492 1269 δὲ
542 1216 722 1289 σάρκα
776 1222 1035 1289 γενέσθαι
1064 1236 1089 1265 ι
1120 1226 1150 1278 ὁ
1181 1224 1576 1297 εὐαγγελιστὴς
1620 1227 1724 1299 ἔφη
1756 1227 1848 1282 τὸν

293 1307 465 1376 Λόγον,
513 1310 690 1364 ίστέον
739 1312 816 1375 ὡς
864 1313 1016 1383 παρὰ
1062 1317 1129 1387 τῇ
1183 1316 1314 1389 ἁγίᾳ
1342 1319 1555 1390 Γραφῇ,
1590 1320 1719 1373 ποτὲ
1751 1321 1848 1391 μὲν

290 1397 431 1469 ψυχὴ
444 1398 661 1468 λέγεται
694 1402 723 1454 ὁ
752 1403 1059 1475 ἄνθρωπος,
1079 1407 1155 1470 ὡς
1187 1409 1248 1462 τό
1266 1425 1279 1438 ο
1330 1410 1427 1462 Ἐν
1445 1411 1851 1482 ἐϐδομήκοντα

290 1491 450 1544 πέντε
475 1493 701 1561 ψυχαῖς
715 1495 1220 1562 εἰσῆλθεν-Ἰακὼϐ
1243 1504 1331 1568 εὶς
1346 1502 1656 1573 Αιγυπτον
1673 1521 1687 1537 ’
1718 1507 1850 1560 ποτὲ

288 1580 337 1634 δὲ
367 1580 514 1652 σὰρξ,
564 1585 640 1649 ὡς
669 1586 758 1640 τό·
792 1589 1040 1658 Ὄψετιιι
1069 1591 1237 1647 πᾶσα
1265 1594 1421 1664 σὰρξ
1441 1596 1506 1649 τὸ
1555 1596 1851 1665 σωτήριον

289 1673 382 1768 τοᾷ
408 1674 573 1729 Θεοῦ.
618 1677 693 1730 Οὐ
728 1678 864 1749 σὰρξ
894 1681 1072 1736 τοίνυν
1105 1683 1334 1755 ἄψυχος,
1374 1686 1506 1768 οὐδὲ.
1528 1687 1711 1751 ἄνους,
1734 1686 1848 1740 ἀλλ’

2025 1228 2545 1298 Apollinaristarum
2578 1227 2802 1297 objectio
2834 1227 3074 1282 solvitur.
3107 1226 3297 1282 Anima
3325 1238 3375 1281 at
3403 1243 3527 1282 caro

1954 1335 2051 1389 pro
2089 1320 2298 1373 homine
2331 1320 2387 1373 in
2435 1318 2736 1384 Scriptura.
2773 1348 2831 1359 -—
2871 1318 3030 1384 Quod
3083 1319 3132 1373 si
3191 1320 3527 1389 evangelista

1962 1408 2194 1467 Verbum
2220 1425 2442 1465 carnem
2472 1409 2675 1463 factum
2711 1409 2882 1465 fuisse
2908 1409 3068 1472 dixit,
3103 1410 3386 1465 sciendum
3431 1418 3526 1465 est

1958 1501 2011 1555 in
2043 1515 2200 1556 sacra
2225 1499 2515 1569 Scriptura
2539 1502 2776 1554 animam
2811 1514 3208 1568 nonnunquam
3251 1500 3525 1554 hominem

1956 1591 2241 1661 appellari,
2282 1597 2343 1643 ut
2384 1591 2439 1643 in
2474 1590 2566 1643 illo
2596 1590 2717 1644 loco
2760 1606 2774 1642 :
2818 1588 2884 1643 In
2922 1591 3254 1657 septuaginta
3303 1590 3528 1658 quinque

1958 1677 2238 1732 animabus
2277 1679 2543 1747 ingressus
2574 1683 2657 1732 est
2675 1676 2844 1732 Iacob
2866 1679 2925 1732 in
2951 1677 3243 1750 Egyptum
3264 1680 3324 1732 ⁷⁸.
3366 1678 3513 1731 Νοη-

291 1762 559 1832 ἄνθρωπος
580 1768 803 1836 γέγονεν
830 1773 858 1824 ό
881 1772 1111 1843 Κύριος,
1145 1776 1283 1844 Φησὶ
1305 1776 1437 1845 γοῦν
1459 1758 1623 1841 αθτός
1643 1793 1656 1806 ·
1692 1777 1752 1831 Τί
1761 1794 1850 1846 ,με

1959 1784 2236 1841 nunquam
2270 1769 2403 1825 item
2445 1783 2694 1835 carnem,
2728 1779 2790 1823 ut
2812 1778 2897 1824 est
2923 1769 3057 1824 illud
3085 1792 3098 1823 :
3136 1768 3336 1824 Videbit
3357 1770 3526 1823 omnis

290 1850 463 1920 δέρεις
491 1855 826 1924 ἄνθρωπον,
866 1861 930 1925 ὃς
968 1862 1083 1931 τὴν
1110 1864 1396 1931 ἀλήθειαν
1424 1866 1569 1935 ὑμῖν
1584 1866 1847 1934 λελάλη-

290 1958 391 2006 xa;
430 1945 684 2001 Ἀνέλαϐε
714 1950 893 2004 τοίνυν
926 1953 1105 2024 σάρκα
1137 1956 1497 2028 ὲψυχωμὲνην
1532 1957 1678 2029 ψυχῇ
1704 1956 1847 2025 λογι-

292 2033 354 2104 κῇ
385 2049 443 2085 τε
474 2035 567 2088 καὶ
594 2040 777 2110 νοερᾷ,
808 2040 1109 2114 ἡγεμονικῇ
1138 2045 1237 2116 μὲν
1268 2047 1367 2116 τῆς
1393 2047 1613 2117 σαρκὸς,
1644 2047 1849 2117 ἡγεμο-⁹

289 2122 540 2198 νευομένῃ
570 2124 629 2178 δὲ
657 2127 761 2180 ὑπὸ
783 2129 882 2200 τῆς
907 2131 1003 2184 τοῦ
1044 2134 1219 2201 Λόγου
1251 2134 1524 2206 θεότητος.

1954 1876 2080 1914 caro
2101 1860 2339 1915 salutare
2380 1859 2477 1914 Dei
2493 1860 2564 1912 ⁷⁸.
2588 1858 2668 1914 Ac
2690 1859 2922 1930 proinde
2950 1858 3238 1921 Dominus,
3265 1873 3375 1912 non
3397 1871 3528 1912 caro

1954 1951 2222 2029 inanima,
2251 1966 2353 2006 nec
2381 1958 2562 2005 mente
2599 1965 2793 2015 vacua,
2850 1951 2944 2006 sed
2980 1950 3144 2006 homo
3183 1950 3366 2005 lactus
3417 1957 3526 2004 est.

1957 2041 2045 2097 Ait
2068 2043 2270 2113 quippe
2297 2042 2452 2111 ipse:
2482 2039 2624 2104 Quid
2657 2056 2739 2095 me
2761 2040 2949 2102 credis,
2983 2041 3246 2095 hominem
3271 2041 3361 2106 qui
3391 2040 3529 2094 veri-

1962 2142 2125 2188 tatem
2157 2133 2363 2187 locutus
2393 2148 2510 2186 sum
2538 2131 2784 2186 vobis"?
2817 2130 3129 2199 Assumpait
3182 2130 3352 2200 igitur
3405 2144 3529 2184 car-

290 2226 403 2267 nem
432 2216 613 2271 anima
643 2220 901 2278 rationali
931 2231 986 2278 et
1015 2222 1351 2296 intelligente
1377 2227 1719 2295 animatum,
1749 2240 1982 2299 quaeque
2004 2265 2021 2291 ,
2060 2226 2206 2284 sicut
2242 2223 2428 2281 carnis
2474 2221 2845 2293 principatum
2896 2218 3151 2287 tenebat,
3202 2219 3277 2275 ita
3332 2232 3526 2284 rursus

288 2301 547 2360 divinitati
578 2311 824 2377 parebat,
851 2314 919 2369 ab
939 2329 1114 2386 eaque
1139 2317 1450 2385 regebatur.

352 2391 477 2467 Εἶχε
501 2399 601 2467 μὲν
630 2396 727 2453 οὖν
762 2404 1027 2469 φυσικῶς,
1056 2407 1149 2460 καὶ
1172 2407 1245 2470 ὡς
1261 2408 1414 2472 Θεὸς,
1441 2410 1535 2462 καὶ
1556 2409 1632 2472 ὡς
1654 2406 1855 2479 ἄνθρω-

289 2502 403 2551 πος,
440 2487 502 2540 τὸ
546 2488 723 2544 θέλειν
744 2506 757 2520 ·
789 2494 976 2547 εἵπετο
998 2496 1056 2550 δὲ
1089 2498 1182 2552 καὶ
1214 2498 1555 2557 ὑπετάσσετο
1584 2497 1659 2569 τῷ
1688 2496 1854 2556 αὐτοῦ

288 2575 549 2647 θελήματι
572 2579 634 2633 τὸ
657 2583 1020 2654 ἀνθρώπινον,
1045 2587 1124 2658 μὴ
1153 2589 1475 2659 κινούμενον
1502 2588 1696 2660 γνώμῃ
1727 2587 1854 2659 ἰδίᾳ.

286 2666 414 2721 ἀλλὰ
442 2670 616 2724 ταῦτα
644 2672 834 2741 θέλων,
867 2675 905 2730 ἃ
946 2677 1009 2730 τὸ
1056 2678 1196 2733 θεῖον
1225 2679 1394 2734 αὐτοῦ
1426 2679 1587 2751 ἤθελε
1616 2680 1851 2751 θέλημα.

286 2759 726 2834 Παραχωρούσης
751 2765 860 2833 γὰρ
889 2768 991 2838 τῆς
1027 2770 1178 2834 θείας
1221 2771 1517 2843 θελήσεως,
1549 2771 1759 2841 ἔπασχε
1786 2770 1855 2824 τὰ

288 2848 388 2905 ἴδια
429 2853 698 2918 φυσικῶς.
733 2856 863 2909 Ὅτε
889 2860 987 2926 μὲν
1018 2858 1124 2931 γὰρ
1154 2866 1450 2934 παρῃτεῖτο
1469 2863 1559 2915 τὸν
1598 2862 1849 2920 θάνατον.

285 2941 526 3007 φυσικῶς
549 2945 649 3013 τῆς
679 2945 828 3009 θείας
866 2947 1033 3001 αὐτοῦ
1083 2950 1391 3022 θελησάσης
1442 2953 1716 3023 θελήσεως
1760 2953 1855 3007 καὶ

284 3033 784 3104 παραχωρησάσης,
808 3038 1166 3107 παρῃτήσατο
1182 3041 1273 3094 τὸν
1296 3041 1545 3110 θάνατον,
1578 3041 1852 3113 ἠγωνίασέ

2039 2399 2296 2454 Voluntas
2317 2400 2549 2453 humana
2584 2396 2790 2453 Christi
2835 2396 3028 2452 divina:
3057 2397 3290 2452 subdita.
3328 2428 3397 2440 —
3433 2400 3529 2457 At-

1955 2490 2049 2561 qui
2072 2490 2164 2546 ille
2190 2487 2412 2560 quidem
2440 2488 2789 2558 naturaliter,
2813 2495 2870 2542 et
2893 2495 2953 2543 ut
2977 2488 3144 2553 Deus,
3164 2495 3220 2544 et
3251 2495 3313 2544 ut
3339 2489 3524 2556 homo,

1957 2581 2200 2639 habebat
2229 2587 2291 2635 ut
2325 2579 2525 2635 vellet:
2553 2587 2809 2634 caeterum
2844 2579 3088 2635 divinam
3122 2580 3302 2650 ipsius
3331 2582 3526 2637 volun-

1959 2680 2129 2729 tatem
2163 2673 2405 2728 bumana
2439 2671 2795 2743 sequebatur,
2828 2669 2993 2740 eique
3018 2671 3240 2727 subdita
3279 2681 3420 2738 erat,
3468 2681 3529 2727 ut

1959 2780 2080 2835 qua;
2112 2765 2335 2835 prapria
2359 2763 2635 2820 sententia
2680 2778 2788 2818 non
2828 2768 3161 2826 moveretur,
3213 2778 3403 2818 verum
3461 2777 3526 2818 ea

1959 2855 2182 2911 demum
2233 2855 2416 2915 vellet,
2454 2868 2579 2923 qum
2631 2853 2819 2908 divina
2869 2852 2993 2923 ejus
3035 2852 3294 2908 voluntas
3351 2853 3531 2923 ipsam

1959 2945 2176 3000 volebat
2200 2943 2354 2999 velle.
2377 2942 2732 2999 Permittente
2788 2941 3063 3012 siquidem
3113 2941 3297 2997 divina
3328 2943 3526 2997 volun-

1960 3044 2072 3091 tate
2107 3076 2123 3100 ,
2157 3035 2483 3090 naturaliter
2512 3049 2577 3089 ea
2601 3048 2724 3103 quae
2750 3032 2856 3090 sibi
2899 3033 3122 3103 propria
3176 3041 3336 3088 erant
3360 3033 3530 3100 patie-

280 3133 339 3168 τε
367 3117 459 3170 καὶ
490 3119 753 3174 ὲδειλίασε
774 3140 787 3152 ·
822 3126 916 3177 καὶ
945 3127 1036 3180 ὅτε
1063 3128 1254 3197 ἤθελεν
1289 3132 1322 3197 ἡ
1358 3130 1479 3183 θεία
1500 3130 1667 3184 αὐτοῦ
1696 3130 1850 3201 θέλη-

1961 3127 2122 3183 batur
2142 3127 2211 3181 ⁷⁸.
2240 3125 2474 3181 .Etanim
2529 3139 2656 3180 cum
2713 3131 2946 3181 mortem
3003 3123 3360 3185 detrectaret,
3386 3121 3530 3176 hanc

282 3221 367 3267 σις
390 3206 665 3277 αἱρεῖσθαι
694 3209 791 3280 τὴν
819 3210 1172 3284 ἀνθρωπίνην
1195 3215 1362 3269 αὐτοῦ
1393 3215 1610 3288 θέλησιν
1641 3217 1734 3273 τὸν
1761 3217 1850 3275 ϐάς

1961 3217 2151 3272 divina
2188 3216 2365 3285 ipsius
2387 3215 2671 3270 voluntate
2705 3213 2781 3272 ita
2816 3212 3026 3268 ferente
3051 3219 3107 3266 et
3165 3210 3526 3274 concedente;

279 3315 457 3363 νατον,
490 3300 737 3354 ἑκούσιον
773 3303 910 3374 αὐτῇ
935 3303 1047 3375 (45)
1079 3304 1139 3358 τὸ
1168 3304 1341 3367 πάθος
1371 3305 1613 3373 ἐγένετο*
1650 3307 1711 3360 οὐ
1744 3307 1850 3376 γὰρ

1961 3306 2288 3360 naturaliter
2338 3302 2702 3367 detrectabat,
2768 3311 2933 3371 atque
2994 3301 3049 3356 in
3096 3300 3293 3355 mortis
3335 3299 3529 3370 agonia

277 3389 415 3441 καθὸ
452 3390 584 3454 Θεὸς
615 3392 773 3461 μόνον
797 3395 1062 3458 ἑκουσίως
1083 3396 1278 3450 ἑαυτὸν
1310 3395 1623 3466 παρέδωκεν
1652 3397 1734 3460 είς
1762 3396 1850 3453 θά-

1961 3404 2101 3453 erat.
2146 3397 2363 3453 Rursus
2393 3396 2579 3450 divina
2615 3395 2790 3464 ipsius
2856 3393 3141 3449 voluntate
3179 3392 3415 3456 volente,
3471 3399 3532 3445 ut

276 3497 459 3545 νατον,
498 3482 634 3536 ἀλλὰ
658 3485 751 3538 καὶ
781 3485 918 3542 καθὸ
933 3486 1239 3557 ἄνθρωπος.
1270 3488 1434 3541 Ὅθεν
1458 3489 1600 3542 κατὰ
1625 3488 1850 3544 θανάτου

1964 3487 2205 3542 humana
2239 3487 2498 3542 voluntas
2530 3494 2761 3542 mortem
2800 3484 3246 3554 amplecteretur,
3276 3482 3530 3537 volunta-

274 3571 484 3639 τόλμαν
512 3566 605 3625 καὶ
630 3576 765 3643 ἡμῖν
798 3576 1113 3647 ἐχαρίσατο,
1142 3578 1286 3633 οὕτω
1324 3576 1456 3646 γοῦν
1493 3579 1601 3649 πρὸ
1627 3579 1721 3636 τοῦ
1747 3598 1850 3635 σω-

1959 3578 2041 3632 ria
2075 3576 2184 3647 ipsi
2213 3577 2402 3647 passio
2436 3576 2559 3631 fuit.
2603 3575 2719 3631 Non
2749 3577 2896 3631 enim
2933 3588 3043 3644 qua
3070 3572 3217 3630 Deus
3264 3574 3530 3629 duntaxat

275 3658 471 3727 τηρίου
501 3662 707 3726 πάθους
737 3666 900 3735 φησί’
934 3668 1142 3736 Πάτερ,
1178 3670 1231 3722 εἰ
1258 3668 1528 3723 δυνατὸν
1570 3671 1850 3739 1098.105-

1959 3668 2121 3723 morti
2156 3682 2216 3724 se
2240 3674 2437 3738 sponte
2460 3665 2710 3732 tradidit,
2738 3665 2834 3721 sed
2858 3665 3022 3720 etiam
3053 3670 3327 3734 quatenus
3345 3663 3528 3719 homo.

276 3764 359 3801 τω
380 3749 483 3803 ἀπ’
503 3752 650 3821 ἐμοῦ
672 3754 737 3807 τὸ
758 3754 1046 3825 ποτήριον
1068 3757 1245 3814 τοῦτο
1265 3775 1277 3787 ·
1305 3759 1545 3829 δηλονότι
1566 3759 1640 3825 ὡς
1660 3760 1850 3831 ἄνθρω

1966 3758 2127 3816 Unde
2155 3760 2319 3817 nobis
2340 3759 2508 3815 etiam
2546 3757 2715 3812 animi
2759 3756 3048 3812 audaciam
3087 3756 3354 3812 adversus
3383 3769 3533 3810 mor-

357 3927 409 4005 '_"
429 3929 564 3985 Gen.
592 3945 736 4005 ιιίνι,
769 3935 860 4001 27,
888 3949 979 4004 ap.
1011 3934 1187 4004 LXX;
1223 3936 1354 3992 Act.
1383 3951 1479 4005 vn,
1509 3936 1597 3993 ιι.
1680 3938 1726 3969 ⁷⁸
1753 3936 1859 3991 lsa.
1892 3951 1979 4000 xu,
2017 3935 2085 4003 5;
2158 3934 2292 3990 Luc.
2326 3949 2410 3998 Ill,
2442 3933 2501 3987 '6.
2573 3932 2617 3963 ⁷⁷
2652 3928 2812 3986 Joan.
2849 3944 2964 3995 vm,
2996 3929 3086 3984 40.
3163 3929 3207 3960 ⁷⁸
3236 3927 3509 4001 Sophron.

282 3995 731 4070 cpist.synod.'
844 3995 856 4001 ”
924 3995 941 4004 ’
1174 3995 1185 4004 ’
1466 3995 1478 4005 ’
1966 3995 1975 4000 ’
2071 3995 2082 4003 ⁷

1585 4088 1818 4151 ἺΑΒΙᾹΞ
1860 4088 2261 4151 LECTIONES.

342 4188 372 4219 ι
401 4175 661 4237 Nonnulli
717 4174 879 4232 codd.
939 4175 1285 4252 γεγενῆσθαι.

1788 4331 2017 4390 NOTAE.
2038 4356 2039 4359 η

343 4444 487 4517 (44).
526 4444 690 4509 Νοῦς
735 4444 865 4513 γάρ.
907 4444 1054 4497 Mens
1099 4444 1259 4498 enim.
1293 4444 1511 4511 Repetit
1537 4444 1671 4498 illud
1706 4445 1851 4512 quod

257 4531 425 4592 cap._
450 4516 506 4581 ti,
545 4515 781 4592 dixerat,
840 4515 1056 4592 aliaque
1100 4512 1382 4592 Theologi
1415 4512 1580 4568 verba
1624 4524 1861 4583 usurpat

256 4584 501 4655 cx'ejus
537 4584 776 4640 senariis
805 4592 997 4637 contra
1028 4584 1454 4653 Apollinaristas
1490 4600 1502 4636 :

352 4677 524 4732 Ἐπεί
550 4675 602 4728 δ’
633 4675 883 4744 ἄμικτός
908 4675 1038 4744 ἐοξτι
1061 4674 1292 4742 σαρκιῳ
1320 4675 1466 4739 Θεός
1483 4690 1497 4704 ’

345 4745 531 4816 Ψυχὴ
562 4745 631 4799 δὲ
662 4740 761 4816 ᾆιαὶ
789 4743 902 4816 ⁴ινοοῦ
934 4740 1064 4816 οἷον
1099 4740 1167 4797 ὲὶι
1181 4744 1530 4816 μεταιχμίῳ2

339 4810 581 4885 Σαρὂιὸς
601 4813 739 4885 μὲν,
771 4815 853 4879 ὡς
878 4810 1196 4885 σύνοικος,
1221 4813 1303 4885 ᾡς
1338 4810 1591 4866 δἐἰκὼν
1619 4812 1787 4867 Θεοῦο

342 4883 441 4951 Τῷ
461 4883 751 4954 currere?
766 4883 1013 4954 μιγεῖσα
1048 4884 1087 4951 ἡ
1121 4883 1272 4937 Θεοῦ
1297 4885 1503 4952 φύσις,

339 4951 608 5009 Ἐκεῖθέν
626 4951 777 5024 ἕσχέ
803 4952 903 5007 καὶ
932 4951 1170 5022 πάχους
1197 4951 1537 5009 κοινωνίαν.

345 5044 496 5110 Quia
518 5061 636 5099 vero
662 5045 874 5100 misceri
912 5060 1031 5097 eum
1064 5059 1224 5114 carne
1253 5044 1431 5114 nequit
1477 5044 1650 5105 Deus,-

341 5115 549 5169 Anima
581 5123 756 5171 autem
801 5124 852 5170 et
886 5130 1054 5178 mens,
1099 5113 1239 5168 velut
1285 5115 1341 5167 in
1368 5114 1663 5168 meditullio
1700 5123 1858 5174 sunt;

339 5182 546 5253 Qarnls
572 5183 901 5253 quidem,ceu
924 5184 1340 5247 contubernalis,
1363 5193 1522 5253 utque
1542 5185 1716 5253 imago
1745 5179 1858 5249 Dei,

338 5249 489 5305 Cum
519 5251 659 5371 a/ﬁni
691 5254 966 5306 commista
993 5253 1087 5307 Dei
1116 5263 1334 5317 natura,

338 5320 515 5371 Illinc
561 5320 727 5371 tabuit
759 5330 807 5371 et
836 5337 1031 5371 crassm
1059 5324 1223 5371 malis
1242 5338 1334 5371 soc

270 5341 281 5349 ·
334 5320 515 5375 Illinc
544 5320 727 5372 habuit
759 5330 807 5373 et
836 5337 1031 5378 crassis
1059 5324 1223 5377 molis
1242 5323 1568 5377 societatem.

338 5410 494 5483 (-55).
547 5408 879 5483 Ἐκρρσιοζ
908 5413 1080 5483 αὐτῇ.
1149 5413 1468 5468 Voluntaria
1504 5414 1607 5483 ipsi
1652 5414 1853 5479 passio.

237 5476 389 5540 Imb
426 5476 625 5534 libera.
659 5476 792 5530 Nam
822 5476 1074 5537 Christus
1103 5484 1179 5537 ait
1205 5502 1218 5537 :
1256 5483 1424 5539 Nemo
1454 5476 1595 5539 tollit
1621 5476 1854 5538 animum

236 5566 450 5623 nteant
470 5564 517 5623 a_
529 5561 646 5601 me:
674 5547 764 5600 sed
782 5563 876 5623 ego
896 5563 1029 5623 pono
1054 5567 1167 5605 eam
1196 5571 1228 5607 a
1264 5554 1503 5623 me'ipso.
1532 5553 1601 5608 Et
1633 5562 1856 5623 potesta-

237 5633 376 5679 tem
422 5616 591 5674 habeo
649 5616 876 5686 ponendi
924 5620 1159 5675 animam
1204 5616 1399 5689 meam,
1438 5634 1488 5680 et
1535 5616 1851 5696 potestatem

735 4442 1054 4516 τάρεΜοηε
1099 4444 1269 4516 enim.
1293 4440 1671 4516 Repetitillud
1706 4445 1851 4512 quod
1888 4436 1928 4489 Ι)
1957 4442 2123 4516 habeo
2148 4443 2608 4516 iterum_suntendi
2630 4461 2767 4501 eam.
2806 4444 2924 4516 Hoc
2936 4443 3261 4516 mandatum
3288 4447 3464 4516 accepi
3499 4463 3531 4499 a

1959 4512 2130 4583 Patre
2161 4528 2294 4566 meo.
2331 4512 2410 4583 Ex
2443 4513 2857 4583 Chrysostomo,
2890 4512 3109 4567 dicendo
3132 4531 3187 4569 se
3219 4512 3531 4583 praereptum

1959 4582 2222 4653 accepisse
2251 4598 2284 4634 a
2321 4580 2508 4653 Patre,
2541 4580 2673 4653 nihil
2704 4582 3119 4653 aliud_ostendit,
3147 4585 3181 4653 ἢ
3209 4580 3238 4638 ὃ
3257 4602 3310 4637 τι
3338 4580 3454 4638 ἐκεί

1956 4650 2296 4723 δοκεῖποιξτο,
2336 4650 2449 4718 ἐγὼ
2497 4651 2658 4723 ποιῷ,
2694 4652 2819 4723 nisi,
2849 4651 2945 4723 hoc
2975 4669 3067 4723 ego
3101 4650 3241 4721 facio
3281 4654 3421 4722 quod
3448 4650 3531 4707 illi

1957 4720 2152 4793 placet.
2190 4717 2327 4773 Inde
2365 4717 2429 4793 ne
2480 4718 2744 4793 audiendo
2780 4717 3238 4793 mandatum-enm
3268 4717 3530 4793 accepisse

1959 4806 1990 4842 a
2019 4787 2205 4849 Patre,
2229 4789 2548 4862 praeclarum
2580 4788 2676 4843 hoc
2713 4806 2841 4859 opus
2863 4790 3090 4846 alienum
3113 4791 3179 4845 ab
3205 4792 3320 4862 ipso
3345 4787 3531 4847 emisti-

1960 4859 2389 4931 mares,_pergit:
2442 4876 2462 4910 ι
2490 4859 2673 4931 Bonus
2702 4869 2887 4927 pastor
2925 4863 3159 4915 animant
3198 4859 3350 4915 suam
3381 4863 3529 4931 ponit

1958 4941 2054 5001 pro
2089 4926 2499 5001 ovibussuisu
2533 4928 2656 4983 hinc
2687 4926 2814 4984 suas
2847 4947 2986 5001 oves,
3015 4939 3064 4986 et
3092 4931 3362 5001 quidquid
3382 4926 3530 5001 recte

1958 4997 2165 5071 [actum
2206 4997 2298 5060 sit,
2347 4998 2502 5053 suum
2548 5015 2678 5069 opus
2715 5015 2849 5066 esse,
2875 5000 2964 5071 καὶ
2993 5001 3053 5071 οὐ
3084 4997 3338 5071 δεόμενον
3369 5000 3528 5071 αὐτὸν

1957 5065 2213 5140 ἐντολῆς,
2229 5083 2321 5121 nec
2345 5084 2401 5140 se
2431 5065 2690 5140 pra'ceptg
2713 5065 2880 5138 egere.
2915 5069 3118 5140 Eodem
3146 5065 3386 5140 Cyrillus
3414 5068 3527 5140 col-

1958 5135 2129 5208 lineat
2161 5137 2257 5208 lib.
2284 5138 2401 5208 xin
2432 5135 2568 5192 Joan
2591 5135 2611 5193 ξ
2644 5135 2877 5208 Paterna
2907 5135 3251 5208 βουλεύματα
3277 5137 3523 5208 consilia,

1961 5205 2163 5275 inquit,
2196 5206 2254 5259 ὲν
2278 5204 2430 5271 τάξει
2457 5208 2705 5272 ἐντολῶν,
2747 5207 2862 5263 loco
2907 5204 3281 5265 mandatorum
3318 5205 3526 5275 Christo

1962 5274 2362 5347 [υὸνιιιιεηϐιιηι
2391 5280 2549 5344 enim,
2580 5289 2758 5340 utpote
2801 5279 2891 5347 qui
2933 5276 3155 5347 Verbum
3186 5283 3322 5347 erat,
3350 5274 3523 5326 consi-

1961 5346 2036 5399 lia
2070 5344 2252 5416 Patris
2285 5359 2587 5416 pernoscat,
2625 5344 2990 5414 Genitorisque
3027 5344 3296 5416 profunda
3323 5351 3526 5416 scrute-

1963 5426 2069 5480 tur,
2120 5414 2218 5467 hoc
2276 5411 2410 5484 quod
2433 5419 2478 5471 ei
2522 5418 2689 5472 visum
2744 5426 2844 5479 est,
2893 5411 3314 5484 exsequitur_,._et
3353 5411 3526 5484 instar

1961 5479 2209 5554 prterepti
2236 5479 2408 5540 habet.
2447 5486 2545 5541 Ulli
2594 5489 2790 5555 repetit
2822 5484 2967 5554 quod
3003 5479 3161 5555 initio
3193 5479 3287 5555 lib.
3317 5479 3518 5555 vu_do-

1962 5547 2174 5619 cuerat,
2211 5555 2413 5609 Christi
2465 5547 2673 5609 dictum'
2727 5547 2927 5622 ubique
2975 5549 3296 5624 accipiendo
3324 5547 3529 5614 eodem

1961 5638 2071 5698 quo
2102 5623 2534 5697 Chrysostomus
2558 5639 2746 5679 sensu.
