4072 6146
501 299 637 365 1075

1700 297 1758 355 S.
1800 297 2118 358 JUANNIS
2155 298 2580 359 DAMASCENI

3624 303 3749 371 1076

498 419 607 462 tem
645 405 1008 477 comparavit.
1038 404 1114 458 Ita
1144 403 1348 474 quippe
1383 414 1510 457 ante
1565 404 1908 458 salutiferam
1956 420 2079 474 pas-

2185 422 2283 468 πος
2313 407 2371 457 τὸ
2400 408 2662 476 ποτήριον
2720 407 2895 462 πίνειν
2925 408 3180 480 ἔμελλεν·
3214 411 3273 465 οὐ
3321 412 3429 482 γὰρ
3483 411 3560 476 ὡς
3606 414 3749 480 Θεός.

499 502 714 556 sionem
750 515 906 555 suam
942 498 1225 567 loquitur:
1252 497 1434 561 Pater,
1457 499 1504 550 si
1525 497 1643 564 ﬁeri
1675 506 1865 566 potest,
1903 506 2076 550 trans-

498 603 584 646 eat
623 609 655 646 a
688 607 769 645 me
799 589 943 644 calia:
970 589 1150 643 iste".
1180 586 1318 642 Illud
1346 604 1511 657 porro
1542 596 1780 649 constat,
1812 588 1956 656 quod
2021 595 2079 640 ut

501 687 667 738 homo
708 683 934 738 calicem
963 681 1242 736 bibiturus
1275 689 1426 734 erat:
1461 695 1568 733 non
1607 681 1754 733 enim
1794 688 1853 733 ut
1913 681 2075 734 Deus.

499 778 682 842 Quare
709 783 974 843 tanquam
1014 773 1178 826 homo
1216 771 1443 826 calicem
1478 771 1713 825 transire
1752 773 1884 825 vult.
1951 771 2078 827 Haec

502 878 685 921 autem
715 865 882 920 verba
918 879 948 918 a
974 862 1213 918 naturali
1251 869 1424 929 metu,
1456 871 1510 917 et
1538 862 1916 917 imbecillitate
1952 878 2078 932 pro-

504 955 642 1009 iecta
685 964 832 1010 sunt.
878 953 1272 1018 Verumtamen,
1309 953 1510 1022 inquit,
1567 970 1670 1007 non
1687 970 1801 1007 mea
1833 953 2076 1008 voluntas

500 1046 681 1114 ﬁat”,
716 1051 820 1100 hoc
860 1055 968 1110 est,
1005 1059 1113 1114 qua
1152 1045 1366 1098 ratione
1392 1044 1624 1099 diversae
1655 1059 1683 1097 a
1711 1052 1765 1098 te
1795 1060 1916 1098 sum
1949 1047 2077 1099 sub-

501 1140 759 1203 stantiai;
813 1139 902 1192 sed
957 1148 1071 1202 tua,
1101 1137 1206 1191 hoc
1255 1145 1339 1192 est
1389 1151 1527 1199 mea,
1565 1144 1836 1204 quatenus
1885 1136 2075 1190 eadem

500 1231 631 1284 mihi
668 1246 733 1284 ac
765 1231 863 1284 tibi
890 1229 1198 1284 substantia
1217 1237 1321 1283 est.
1345 1227 1477 1294 Quae
1497 1229 1717 1297 quidem
1743 1227 1936 1281 iterum
1961 1228 2076 1282 lor-

503 1324 571 1376 tis
599 1323 766 1376 animi
807 1323 968 1376 verba
1020 1321 1349 1391 snnt.2&2
1373 1321 1586 1374 Etenim
1617 1320 1800 1373 anima
1837 1319 2076 1386 Domini,

501 1407 594 1474 qui
627 1405 861 1475 benigna
893 1420 991 1458 sua
1036 1405 1320 1458 voluntate
1358 1403 1523 1456 homo
1558 1417 1686 1457 vere
1721 1403 1897 1458 factus
1931 1411 2077 1465 erat,

500 1513 624 1552 cum
679 1499 981 1551 naturalem
1031 1495 1405 1550 inﬁrmitatem
1447 1504 1576 1548 ante
1626 1503 1851 1564 experta
1909 1502 2078 1559 esset,

499 1596 763 1658 percepto
795 1589 1010 1642 doloris
1080 1601 1246 1642 sensu
1281 1601 1347 1641 ex
1381 1587 1630 1655 corporis
1677 1584 2078 1655 disiunctione,

499 1680 684 1735 divina
744 1695 967 1734 rursum
1015 1679 1302 1734 voluntate
1355 1677 1750 1738 corroborata,
1817 1676 2080 1731 adversus

2193 496 2278 559 Ὠς
2311 496 2598 567 ἄνθρωπος
2641 499 2822 552 τοίνυν
2861 500 3003 553 θέλει
3035 503 3096 554 τὸ
3131 504 3388 572 ποτήριον
3427 505 3751 574 παρελθεῖνο

2181 585 2354 639 ταῦτα
2385 587 2481 656 τῆς
2535 590 2772 660 φυσικῆς
2816 590 3016 656 δειλίας
3060 593 3128 645 τὰ
3186 594 3434 664 ρήματα’
3479 596 3651 663 Πλὴν
3671 598 3751 666 μὴ

2179 679 2246 731 τὸ
2281 677 2428 748 ἐμὸν
2457 679 2719 748 γενέσθω
2755 681 3005 750 θέλημα,
3028 684 3144 752 ἦτοι
3193 683 3314 736 καθ’
3337 684 3365 736 ὃ
3397 685 3490 737 σοῦ
3514 687 3752 757 ἐτεροού-

2184 771 2300 834 σιός
2325 773 2464 841 είμι,
2501 773 2636 826 ἀλλά
2661 775 2722 826 τὸ
2747 773 2857 839 σὸν,
2891 775 3010 844 ἦτοι
3043 773 3104 826 τὸ
3146 773 3279 843 ἐμὸν
3309 775 3404 826 καὶ
3428 774 3516 827 σὸν
3552 775 3602 840 b,
3638 764 3791 848 καθ’,

2180 862 2208 915 ὂ
2248 864 2330 916 σοὶ
2359 865 2582 934 πέφυκα
2616 864 2902 936 ὁμοούσιος
2921 883 2934 895 ·
2967 865 3142 919 ταῦτα
3170 866 3271 934 τῆς
3293 867 3582 936 εὐτολμίας
3599 867 3753 920 πάλιν

2184 955 2408 1023 ῥήματα
2430 970 2443 983 ’
2480 955 2744 1025 πρότερον
2775 956 2883 1025 γὰρ
2917 955 3016 1023 τῆς
3065 955 3302 1024 φυσικῆς
3330 955 3615 1018 ἀσθενείας
3639 973 3752 1009 πει-

2187 1044 2432 1112 ραθεϊσα,
2467 1047 2588 1097 κατ’
2623 1045 2875 1114 αἴσθησιν
2897 1044 2997 1112 τὴν
3031 1046 3124 1097 ἐπὶ
3153 1044 3230 1113 τῷ
3259 1045 3529 1115 χωρισμῷ
3558 1047 3650 1098 καὶ
3668 1045 3754 1099 τοῦ

2184 1134 2437 1203 σώματος
2486 1135 2577 1186 καὶ
2625 1135 2859 1204 φυσικὴν
2913 1133 3257 1216 συμπάθειαν
3303 1134 3551 1188 παθοῦσα
3605 1137 3640 1205 ἡ
3670 1136 3756 1188 τοῦ

2183 1224 2394 1295 Κυρίου
2427 1225 2595 1294 ψυχὴ,
2635 1224 2712 1287 ὡς
2741 1223 2958 1294 ἀληθῶς
2997 1223 3288 1296 ἀνθρώπου
3317 1226 3612 1295 γενομένου
3645 1229 3758 1280 κατ’

2183 1317 2435 1370 εὐδοκίαν
2461 1315 2628 1369 αὐτοῦ
2652 1333 2662 1344 ·
2688 1312 2847 1379 αὖθις
2867 1316 2943 1386 τῷ
2969 1317 3098 1386 θείῳ
3126 1318 3456 1388 νευρωθεϊσα
3475 1317 3758 1388 θελήματι,

2182 1410 2275 1462 τοῦ
2308 1409 2541 1462 θανάτου
2590 1409 3087 1480 καταθαρῤύνεται.
3134 1409 3352 1478 Ἐπειδὴ
3389 1409 3496 1479 γὰρ
3536 1412 3564 1463 ὁ
3601 1410 3761 1471 αὐτὸς

2181 1503 2300 1565 ὅλος
2329 1497 2396 1572 ἦν
2426 1502 2558 1564 Θεὸς
2579 1502 2717 1570 μετά
2732 1503 2831 1572 τῆς
2851 1500 3277 1570 ἀνθρωπότητος
3307 1499 3492 1565 αὐτοῦ,
3523 1501 3617 1552 καὶ
3643 1499 3759 1561 ὅλος

2183 1593 2470 1662 ἄνθρωπος
2503 1593 2642 1660 μετά
2673 1591 2772 1660 τῆς
2821 1589 2988 1644 αὐτοῦ
3037 1589 3323 1657 θεότητος,
3369 1589 3531 1650 αὐτὸς
3561 1588 3637 1650 ὼς
3669 1588 3759 1640 ἄν·

2186 1682 2403 1752 θρωπος
2433 1685 2491 1735 ὲν
2525 1681 2705 1752 ἑαυτῷ
2737 1681 2833 1733 καὶ
2859 1680 2926 1734 δι’
2960 1678 3156 1734 ἑαυτοῦ
3191 1679 3424 1743 ὑπέταξε
3456 1680 3517 1730 τὸ
3553 1679 3761 1748 ἀνθρώ-

501 1779 732 1826 mortem
762 1771 1052 1825 audaciam
1087 1769 1352 1839 concipit.
1422 1766 1556 1820 Nam
1614 1767 1743 1837 quia
1807 1776 1862 1820 et
1928 1773 2077 1821 totus

2184 1790 2340 1826 πινον
2361 1775 2439 1843 τῷ
2461 1771 2581 1843 Θεῷ
2609 1773 2700 1826 καὶ
2737 1771 2937 1842 “arpi,
2960 1771 3133 1823 τύπον
3167 1771 3298 1839 ἡμῖν
3330 1771 3523 1822 ἑαυτὸν
3547 1771 3762 1838 ἄριστον

501 1859 650 1914 Deus
685 1869 805 1914 erat
834 1873 957 1913 cum
984 1873 1082 1912 sua
1114 1858 1481 1919 humanitate,
1513 1864 1566 1910 et
1587 1862 1736 1910 totus
1765 1855 1929 1909 homo
1952 1872 2076 1909 cum

508 1966 606 2010 sua
641 1951 953 2017 divinitate,
989 1952 1106 2019 ipse
1136 1958 1394 2018 tanquam
1428 1947 1594 2001 homo
1630 1947 1683 1998 in
1715 1962 1774 2000 se
1804 1957 1857 2000 et
1893 1963 1990 2015 per
2017 1964 2076 2002 se

2186 1865 2277 1916 καὶ
2312 1865 2678 1934 ὐπόγραμμον
2704 1863 2898 1927 διδοὺς,
2937 1862 3032 1914 καὶ
3070 1860 3310 1930 ὑπήκοος
3346 1861 3424 1930 τῷ
3459 1861 3638 1931 Πατρ“ι
3676 1860 3762 1927 γέ-

2184 1972 2357 2022 γονεν.

525 2041 557 2096 d
586 2041 735 2111 quod
769 2043 1072 2095 humanum
1102 2047 1241 2105 erat,
1277 2038 1390 2092 Deo
1421 2047 1474 2092 et
1508 2037 1658 2090 Patri
1716 2039 1975 2106 subjecit,
2011 2050 2066 2092 et
2108 2041 2256 2098 Patri
2289 2046 2472 2100 factus
2531 2045 2813 2111 obediens,
2857 2043 3372 2113 praestantissimam
3425 2057 3547 2097 sese
3617 2042 3764 2096 nobis

504 2129 731 2187 formam
762 2139 816 2185 et
843 2133 1151 2199 exemplum
1189 2128 1438 2198 praibuit.

575 2221 807 2276 Frustra
859 2223 998 2274 ratio
1028 2224 1078 2275 in
1113 2222 1343 2283 homine,
1372 2221 1417 2274 si
1447 2219 1582 2273 desit
1617 2219 1700 2272 illi
1746 2220 1985 2274 libertas.
2013 2252 2082 2260 —

504 2315 705 2371 Libere
742 2329 902 2383 porro
965 2313 1183 2366 volebat
1225 2319 1340 2364 tum
1377 2311 1596 2374 divinaa,
1655 2323 1766 2363 tum
1829 2311 2082 2365 humanae

504 2408 810 2463 voluntatis
840 2404 1073 2458 ratione.
1108 2402 1272 2458 Omni
1319 2401 1783 2472 quippe‘naturaa
1829 2402 2082 2456 rationali

506 2500 676 2554 libera
705 2498 963 2552 voluntas
997 2511 1024 2548 a
1058 2504 1253 2548 natura
1285 2494 1452 2548 insita
1478 2499 1584 2548 est.
1623 2493 1899 2558 Quorsum
1934 2495 2078 2548 enim

506 2589 709 2659 alioqui
739 2594 946 2658 partem
984 2586 1314 2640 rationalem
1358 2585 1604 2648 habebit,
1657 2585 1703 2638 si
1764 2600 1870 2638 non
1913 2585 2084 2639 libere

506 2678 916 2733 ratiocinator?
964 2676 1099 2729 Nam
1145 2675 1452 2730 naturalem
1492 2675 1714 2744 quidem
1769 2676 2078 2744 appetitum

506 2785 756 2824 summus
789 2768 991 2838 Opifex
1037 2767 1216 2822 brutis
1249 2766 1417 2819 etiam
1455 2764 1674 2829 indidit,
1709 2778 1821 2833 quo
1870 2765 1936 2818 ad
1971 2779 2084 2819 sua:

513 2869 727 2915 natura:
757 2860 1238 2914 conservationem
1270 2860 1596 2912 necessitate
1620 2857 1920 2911 ducuntur.
1942 2857 2078 2911 Cum

505 2951 654 3005 enim
689 2951 901 3004 ratione
928 2955 1172 3010 careant,
1214 2948 1418 3002 ducere
1457 2963 1564 3002 non
1606 2954 1857 3016 possunt,
1891 2962 2078 3001 verum

505 3041 744 3095 naturali
775 3040 1057 3093 ducuntur
1083 3039 1346 3107 appetitu.
1408 3037 1484 3090 Ex
1546 3052 1655 3106 quo
1691 3038 1768 3101 lit,
1827 3047 1884 3090 ut
1919 3037 2080 3090 simul

2259 2221 2638 2284 Αὐτεεουσίως
2693 2221 2749 2274 δὲ
2794 2220 2952 2291 ἤθελε
2995 2220 3076 2290 τῷ
3134 2218 3265 2288 θείῳ
3309 2219 3404 2272 καὶ⁵
3443 2221 3763 2294 ἀνθρωπίνῳ

2187 2311 2470 2381 θελήματι.
2503 2312 2660 2383 nam
2684 2313 2790 2382 γὰρ
2828 2311 3020 2380 λογικῇ
3053 2310 3212 2379 φύσει
3240 2310 3457 2374 πάντως
3479 2314 3762 2382 ἐμπέφυκε

2183 2404 2244 2455 τὸ
2276 2403 2624 2468 αὐτεξούσιον
2674 2405 2906 2477 θέλημα.
2939 2407 3034 2472 Et;
3069 2409 3121 2461 τί
3147 2409 3254 2480 γὰρ
3292 2409 3402 2474 ἕξει
3432 2412 3493 2463 τὸ
3526 2411 3764 2480 λογικὸν,

2187 2493 2262 2563 μὴ
2299 2493 2666 2559 αὐτεξουσίως
2715 2495 3072 2567 λογιζομένη;
3129 2498 3227 2568 τὴν
3257 2501 3357 2570 μὲν
3391 2501 3500 2571 γὰρ
3531 2503 3770 2574 φυσικὴν

2181 2579 2360 2653 ὄρεξιν
2380 2582 2473 2636 καὶ
2499 2587 2612 2648 τοῖς
2639 2585 2855 2653 ἀλόγοις
2887 2586 3046 2652 ζώοις
3063 2591 3090 2642 ό
3112 2591 3451 2661 Δημιουργὸς
3484 2593 3770 2665 ἐνέσπειρε

2183 2672 2320 2742 πρὸς
2374 2671 2633 2726 σύστασιν
2679 2675 2781 2745 τῆς
2836 2675 3044 2740 οἰκείας
3079 2677 3295 2744 φύσεως
3337 2680 3772 2750 ἡναγκασμένως

2181 2765 2317 2818 αὐτά
2346 2765 2606 2833 ἄγουσαν.
2644 2766 2821 2835 Λόγου
2862 2767 2972 2838 γὰρ
3005 2768 3344 2839 ἀμοιροῦντα
3379 2780 3402 2808 σ
3443 2771 3504 2822 οὐ
3544 2771 3773 2824 δύναται

2185 2856 2359 2924 ἄγειν,
2409 2857 2524 2908 ἀλλ’
2555 2856 2749 2924 ἄγεται
2781 2858 2885 2910 ὐπὸ
2914 2859 3012 2928 τῆς
3046 2859 3284 2929 φυσικῆς
3305 2859 3559 2929 ὀρέξεως.
3610 2861 3774 2915 Ὅθεν

2189 2946 2304 3015 ἀμα
2342 2949 2375 3016 ὴ
2411 2946 2590 3016 ὄρεξις
2620 2949 2866 3018 γένηται,
2899 2949 3102 3012 εὐθέως
3132 2951 3227 3003 καὶ
3270 2953 3302 3020 ἡ
3336 2952 3473 3022 πρὸς
3501 2953 3605 3023 τὴν
3637 2956 3775 3024 πρᾶ-

2191 3035 2269 3099 ξιν
2291 3037 2435 3107 όρμή
2460 3053 2472 3068 ⁸
2505 3039 2566 3090 οὐ
2601 3037 2710 3108 γὰρ
2738 3038 2902 3108 λόγῳ,
2933 3039 2964 3107 ἢ
2995 3039 3180 3110 βουλῇ,
3213 3040 3246 3109 ἦ
3284 3041 3494 3109 σκέψει,
3527 3043 3558 3112 ἦ
3595 3043 3772 3113 κρίσει

505 3137 674 3198 atque
713 3127 987 3197 appetitus
1021 3127 1218 3192 oritur,
1253 3128 1437 3182 statim
1471 3126 1538 3180 ad
1583 3127 1852 3196 agendum
1897 3126 2078 3194 prosi-

2189 3127 2474 3198 κέχρηται.
2509 3127 2670 3179 ’Ὅθεν
2692 3127 2814 3180 οὔτε
2845 3129 2920 3191 ὡς
2941 3128 3140 3199 ἀρετὴν
3165 3131 3414 3200 μετιόντα
3444 3133 3773 3196 ἐπαινεῖται,

503 3221 663 3274 liant.
696 3219 885 3288 Neque
908 3219 1056 3273 enim
1085 3218 1301 3272 ratione
1328 3225 1424 3271 aut
1456 3217 1713 3282 consilio,
1740 3224 1836 3269 aut
1897 3217 2084 3270 consi-

502 3311 812 3374 deratione,
863 3318 956 3365 aut
1004 3310 1215 3378 judicio
1274 3317 1523 3363 utuntur.
1585 3309 1661 3363 Ac
1707 3307 1940 3377 proinde
1981 3322 2084 3362 nec

505 3403 658 3455 velut
681 3403 872 3456 virtuti
899 3401 1180 3456 studentia
1220 3399 1542 3462 laudantur,
1575 3413 1640 3452 ac
1675 3399 1831 3452 beata
1856 3412 2085 3452 censen-

506 3499 642 3557 tur;
678 3505 780 3544 nec
817 3500 1078 3559 tanquam
1111 3489 1316 3544 malum
1352 3489 1571 3558 agentia
1605 3488 1938 3557 plectuntur.
1981 3487 2086 3540 Na-

509 3591 629 3634 tura
666 3594 798 3635 vero
829 3581 1114 3636 rationalis
1165 3580 1327 3635 habet
1359 3579 1582 3649 quidem
1633 3579 1940 3633 naturalem
1988 3592 2087 3646 ap-

505 3671 762 3738 petitum,
787 3671 880 3741 qui
906 3679 1236 3736 moveatur;
1277 3669 1548 3739 ejusmodi
1601 3679 1805 3732 tamen,
1841 3677 1898 3720 ut
1935 3667 1986 3721 in
2012 3667 2080 3721 iis

505 3776 627 3831 quae
661 3770 876 3817 naturae
911 3771 1337 3817 consentaneam
1389 3761 1772 3816 rectitudinem
1827 3767 2078 3822 servant,

507 3865 537 3902 a
560 3850 773 3904 ratione
793 3853 1128 3920 gubernetur
1155 3866 1218 3905 ac
1247 3859 1631 3919 componatur.
1658 3847 1912 3902 Rationis
1935 3849 2080 3902 enim

2184 3220 2278 3270 καὶ
2312 3217 2702 3286 μακαρίζεται,
2756 3217 2882 3270 οὔτε
2924 3219 3000 3281 ὡς
3032 3219 3228 3272 κακίαν
3259 3222 3561 3291 πράττοντα
3602 3223 3776 3274 κολά-

2183 3307 2356 3371 ζεται.
2393 3306 2454 3360 Ἦ
2485 3307 2540 3358 δὲ
2569 3308 2762 3378 λογικὴ
2797 3309 2960 3376 φύσις
2984 3309 3103 3378 ἔχει
3137 3311 3232 3377 μὲν
3264 3311 3358 3378 τὴν
3387 3311 3624 3380 φυσικὴν
3649 3312 3776 3381 δρε-

2183 3397 2265 3464 ξιν
2295 3398 2646 3467 κινουμένην,
2698 3399 2802 3450 ὐπὸ
2834 3399 2890 3452 δὲ
2929 3399 3024 3452 τοῦ
3055 3401 3226 3467 Λόγου
3265 3400 3534 3470 ἀγομένην
3567 3417 3629 3453 τε
3669 3402 3773 3454 καὶ

2185 3488 2593 3559 ρυθμιζομένην
2624 3490 2716 3541 ἐπὶ
2741 3489 2850 3542 τῶν
2881 3491 3264 3558 φυλασσόντων
3291 3491 3350 3543 τὸ
3382 3492 3523 3544 κατὰ
3561 3492 3736 3559 φύσιν
3762 3511 3776 3524 ·

2183 3578 2274 3632 τοῦ
2311 3579 2418 3649 γὰρ
2452 3581 2629 3646 Λόγου
2664 3581 2990 3650 προτέρημα
3029 3581 3187 3634 τοῦτό
3227 3583 3394 3645 ἐστιν,
3439 3584 3472 3650 ἠ
3512 3583 3748 3650 αὐτεξού

2192 3684 2305 3727 σιος
2343 3667 2580 3745 θέλησις,
2613 3669 2806 3738 ἥντινα
2854 3670 3094 3738 φυσικὴν
3125 3671 3183 3721 ὲν
3221 3670 3300 3738 τῷ
3330 3670 3535 3740 λογικῷ
3593 3669 3781 3740 φαμεν

2189 3757 2438 3828 κίνησιν·
2468 3757 2548 3809 διὸ
2574 3759 2668 3809 καὶ
2695 3757 2770 3820 ὼς
2797 3757 2998 3828 ἀρετὴν
3037 3758 3297 3827 μετιοῦσα
3337 3760 3650 3812 ἐπαινεῖται
3687 3761 3780 3813 καὶ

2195 3847 2583 3916 μακαρίζεται,
2626 3848 2722 3899 καὶ
2745 3847 2819 3910 ὡς
2852 3847 3054 3900 κακίαν
3093 3848 3357 3917 μετιοῦσα
3387 3847 3709 3911 κολάζεται.

509 3943 870 4014 praecellentia
901 3944 1018 3996 haec
1047 3948 1154 4006 est,
1199 3942 1388 3996 liberae
1442 3941 1727 4010 potestatis
1762 3941 2057 3994 voluntas:
2097 3953 2260 4007 quam
2291 3939 2511 4008 quidem
2541 3939 2844 3994 naturalem
2891 3949 3099 3993 motum
3166 3941 3221 3994 in
3307 3940 3622 3994 substantia
3697 3955 3784 3994 ra-

507 4038 695 4093 tionali
731 4037 986 4091 dicimus.
1033 4033 1216 4101 anue
1252 4031 1320 4085 de
1360 4046 1526 4086 causa
1569 4039 1623 4086 et
1657 4045 1780 4084 cum
1825 4031 2078 4086 virtutem
2113 4029 2268 4095 colit,
2297 4030 2514 4084 laudem
2537 4030 2766 4092 obtinet,
2814 4044 2876 4082 ac
2911 4030 3065 4084 beata
3089 4031 3462 4098 praedicatur;
3533 4043 3593 4086 et
3656 4046 3781 4085 cum

506 4147 565 4188 se
587 4131 720 4186 vitio
751 4128 922 4188 dedit,
957 4126 1202 4195 punitur.

580 4222 789 4276 Divina:
818 4229 866 4273 et
890 4219 1139 4271 humana:
1172 4217 1460 4270 voluntatis
1489 4216 1775 4268 discrimen
1813 4216 1868 4268 in
1925 4215 2083 4269 Chri-

505 4321 608 4366 sto.
632 4339 702 4354 ~—
733 4307 933 4377 Ergo"
975 4305 1195 4360 volebat
1221 4304 1442 4374 quidem
1476 4303 1693 4357 Domini
1715 4305 1894 4357 anima
1915 4303 2086 4359 libere

503 4403 762 4465 excitata,
801 4399 894 4452 sed
936 4411 1000 4451 ea
1025 4396 1193 4450 libere
1221 4394 1439 4448 demum
1482 4392 1716 4458 volebat,
1753 4408 1873 4462 qum
1901 4392 2082 4444 divina

507 4490 681 4559 ipsius
708 4487 965 4542 voluntas
994 4485 1132 4540 velle
1161 4499 1279 4538 eam
1317 4485 1556 4538 volebat.
1587 4481 1705 4536 Non
1737 4485 1882 4538 enim
1922 4481 2082 4538 Verbi

508 4586 645 4633 nutu
678 4592 809 4632 caro
841 4578 1194 4638 movebatur,
1239 4575 1400 4642 juxta
1451 4588 1516 4627 ac
1564 4574 1744 4629 Moses
1797 4586 1850 4628 et
1902 4575 2081 4630 sancti

506 4683 698 4722 omnes
729 4667 918 4721 divino
943 4674 1080 4720 nutu
1115 4667 1516 4720 movebantur:
1550 4681 1736 4721 verum
1771 4665 1910 4721 idem
1944 4667 2081 4736 ipse,

507 4773 631 4811 cum
663 4769 716 4811 et
752 4756 896 4810 Deus
926 4765 981 4811 et
1012 4757 1175 4810 homo
1205 4766 1381 4818 esset.
1419 4768 1533 4812 tum
1570 4759 1758 4813 divina
1780 4799 1794 4824 ,
1831 4769 1944 4813 tum
1978 4763 2080 4814 hu-

507 4864 669 4902 mana
697 4847 978 4901 voluntate
1005 4849 1242 4902 volebat.
1279 4848 1362 4903 0b
1392 4865 1512 4903 eam
1547 4866 1774 4906 causam
1809 4867 1917 4906 non
1951 4867 2083 4907 con-

507 4940 632 4997 silio
667 4955 730 4992 ae
770 4939 1046 5000 sententia
1071 4981 1084 5003 ,
1126 4939 1220 4993 scd
1261 4942 1532 4996 naturalis
1575 4944 1757 5012 potius
1797 4942 2080 4998 facultatis

507 5033 757 5093 ratione,
790 5029 912 5084 dua:
955 5029 1170 5084 Domini
1206 5031 1526 5086 voluntates
1566 5034 1708 5089 inter
1749 5052 1808 5090 se
1843 5036 2079 5091 disside-

506 5123 658 5177 bant.
710 5121 922 5176 Etenim
978 5121 1164 5175 divina
1220 5122 1344 5191 ejus
1395 5123 1648 5180 voluntas
1691 5126 1947 5195 principii
1987 5143 2083 5181 ex-

2265 4211 2429 4262 Ὢστε
2445 4209 2602 4278 ἤθελε
2639 4209 2736 4278 μὲν
2771 4209 3132 4274 αὐτεξουσίως
3161 4210 3451 4278 κινουμένη
3483 4211 3516 4277 ἠ
3539 4210 3644 4262 τοῦ
3674 4212 3783 4264 Ku-

2193 4303 2309 4372 ρίου
2350 4300 2520 4370 ψυχὴ,
2545 4301 2659 4354 ἀλλ’
2690 4302 2871 4352 ἐκεῖνα
2904 4299 3264 4365 αὐτεξουσίως
3286 4301 3498 4370 ἤθελεν,
3533 4301 3576 4355 ἆ
3602 4304 3638 4372 ή
3669 4302 3784 4354 θεία

2193 4392 2361 4445 αὐτοῦ
2394 4393 2615 4462 θέλησις
2645 4391 2804 4462 ἤθελε
2837 4391 3012 4444 θέλειν
3064 4391 3263 4462 αὐτήν.
3297 4393 3372 4444 Οὐ
3408 4392 3518 4462 γὰρ
3545 4393 3784 4464 νεύματι

2187 4483 2283 4536 τοῦ
2317 4483 2494 4551 Λόγου
2529 4484 2562 4551 ἡ
2597 4481 2735 4553 σὰρξ
2767 4486 2998 4536 ἐκινεῖτο
3023 4499 3036 4512 °
3069 4484 3163 4536 καὶ
3197 4482 3440 4551 Μωῦσῆς
3471 4483 3495 4520 ἀ
3529 4483 3648 4554 γὰρ
3696 4485 3788 4536 καὶ

2189 4576 2393 4636 πάντες
2425 4577 2474 4626 οξ
2507 4576 2652 4644 ἅγιοι
2681 4575 2911 4644 νεύματι
2933 4575 3062 4646 θείῳ
3083 4574 3388 4628 ἐκινοῦντοο
3421 4575 3540 4627 ἀλλ’
3565 4578 3597 4628 ὁ
3625 4576 3789 4638 αὐτὸς

2191 4665 2271 4730 εἷς
2293 4666 2370 4720 ὢν
2404 4667 2538 4729 Θεός
2562 4683 2620 4720 τε
2653 4667 2746 4719 καὶ
2783 4666 3089 4736 ἄνθρωπος,
3117 4668 3258 4720 κατά
3280 4684 3336 4719 τε
3371 4667 3471 4736 τὴν
3502 4667 3671 4722 θείαν
3695 4667 3789 4720 καὶ

2188 4760 2288 4830 τὴν
2326 4758 2679 4829 ἀνθρωπίνην
2708 4757 2864 4827 ἤθελε
2898 4757 3118 4827 θέλησιν
3139 4775 3152 4788 ·
3185 4757 3264 4812 διὸ
3285 4759 3346 4810 οὐ
3373 4756 3598 4830 γνώμῃ,
3631 4775 3790 4828 φυσι-

2191 4851 2260 4920 κῇ
2284 4849 2339 4901 δὲ
2371 4848 2572 4918 μᾶλλον
2617 4848 2865 4920 δυνάμει,
2914 4850 2970 4900 αἱ
3012 4849 3107 4901 δύο
3154 4848 3249 4900 τοῦ
3280 4848 3484 4918 Κυρίου
3527 4849 3790 4919 θελήσεις

2187 4940 2440 5011 διέφερον
2473 4939 2737 5010 ἀλλήλων.
2807 4941 2871 4992 Ἦ
2909 4940 3009 5010 μὲν
3041 4939 3148 5010 γάρ
3180 4940 3302 4992 θεία
3347 4938 3515 4992 αὐτοῦ
3559 4940 3789 5008 θέλησις

2187 5037 2420 5106 ἀναρχός
2453 5053 2510 5087 τε
2547 5037 2641 5088 καὶ
2668 5036 3005 5106 παντουργὸς
3033 5031 3120 5104 ἦν,
3149 5034 3422 5104 ἑπομένην
3449 5033 3669 5102 ἔχουσα
3690 5036 3790 5102 τὴν

2193 5126 2440 5196 δύναμιν,
2475 5125 2568 5178 καὶ
2589 5125 2802 5196 ἀπαθής
2827 5142 2839 5155 ·
2867 5126 2898 5194 ἡ
2924 5125 2980 5178 δὲ
3011 5124 3328 5196 ἀνθρωπίνη
3362 5121 3528 5176 αὐτοῦ
3557 5123 3789 5194 θέλησις

576 5299 1054 5374 "_Matth.ﬂrxvt,
1094 5302 1195 5368 59;
1249 5301 1384 5356 Luc.
1442 5321 1578 5367 xxii,
1614 5304 1701 5358 42.
1739 5304 1919 5374 Locus
1951 5323 2096 5374 su‘pt‘.
2129 5305 2199 5358 ab
2234 5306 2560 5370 Athanasio,
2593 5304 2938 5374 Nazianyet
3003 5303 3431 5374 Chrysostomo_
3481 5300 3789 5370 expositus

509 5370 680 5446 ct_cit.
716 5378 822 5423 act.
858 5372 924 5424 10
990 5381 1158 5427 sexta.
1222 5373 1442 5444 synodi.
1503 5376 1549 5406 '°
1585 5376 1716 5430 ibid.

1804 5375 1843 5404 “
1878 5369 2045 5426 Max.
2079 5374 2200 5427 Dial
2231 5392 2348 5428 t'um
2378 5375 2606 5445 Pyrrho.
2639 5374 2800 5444 Grcg.
2828 5372 2959 5427 Naz.
2988 5390 3073 5442 cp.
3122 5369 3174 5438 ἰ,
3208 5371 3276 5426 ad
3305 5369 3456 5425 Cled.

1820 5487 2060 5543 νΑιιιΑε
2103 5487 2513 5544 LECTIONES.

580 5601 607 5638 δ
641 5599 698 5653 1η
723 5604 880 5674 editis
907 5606 1060 5660 deest
1088 5608 1312 5663 misti-1.
1360 5619 1379 5645 ο
1415 5607 1562 5660 Multi
1593 5607 1808 5660 codices
1836 5605 2140 5674 ἀμοιροῦσα
2179 5647 2188 5657 .
2231 5647 2242 5660 .
2286 5646 2297 5660 .

2343 5603 2624 5672 μετιοῦσα,
2658 5610 2847 5656 contra
2874 5597 3416 5672 exinanisset-inm,
3453 5610 3582 5663 qua:
3622 5596 3788 5652 bruta

540 5681 664 5724 Cum
697 5671 1053 5730 rationalibus
1084 5678 1410 5730 substantiis
1443 5685 1746 5744 comparat.
1784 5665 1953 5730 liJi'tis
1975 5665 2172 5730 lavent
2195 5665 2522 5743 interpretes
2549 5683 2601 5729 ct
2623 5674 2777 5729 Coll).
2820 5665 2992 5726 1559f
3051 5668 3074 5707 ἀ
3109 5668 3218 5723 Als.
3251 5667 3474 5736 Μωσῆς.
