4072 6146
478 288 615 358 1079

1641 295 1699 354 S.
1731 294 2055 356 JOANNIS
2095 296 2523 355 DAMASCEN]

3603 295 3734 361 1080

479 408 651 462 tienis
676 447 690 472 ,
721 423 844 477 qua:
878 423 941 461 ex
977 405 1242 460 ineffabili
1281 406 1529 459 unitione
1555 406 1753 466 oritur,
1793 406 2062 460 rationem

2187 406 2366 458 ἱνωσιν
2394 401 2712 468 ἀντιδόσεως
2736 425 2749 436 ο
2800 407 2859 458 οὐ
2903 405 3009 476 γὰρ
3057 405 3394 476 διῃρημένας
3429 405 3611 475 φαμὲν
3651 407 3740 472 τὰς

481 497 772 553 indicaret.
834 498 948 551 Non
992 498 1138 552 enim
1183 507 1277 550 aut
1311 497 1591 565 sejunctas
1628 496 1912 558 actiones,
1969 504 2064 549 aut

483 600 712 643 naturas
743 589 963 642 divisim
1008 588 1224 656 operari
1270 589 1512 640 dicimus
1539 627 1553 650 ,
1591 587 1684 639 sed
1723 587 2062 654 conjunctim

483 688 775 747 utramque
821 694 946 730 cum
1005 678 1234 731 alterius
1285 681 1673 730 communione
1727 676 1859 729 illud
1917 675 2098 744 quod'

483 787 718 839 qumque
751 771 1036 839 proprium
1075 770 1240 824 habet
1270 784 1436 840 agerc
1467 770 1532 824 δ”.
1570 768 1758 839 Neque
1787 769 1932 822 enim
1965 769 2067 820 hu-

489 877 649 915 mana
684 863 1007 917 humanitus
1040 861 1348 926 efficiebat,
1385 879 1509 915 cum
1546 877 1720 931 purus
1757 863 1920 914 homo
1957 875 2066 914 non

485 961 634 1008 esset
662 972 675 1016 ;
732 969 832 1007 nec
867 969 1061 1008 rursus
1095 954 1279 1007 divina
1313 953 1501 1006 divino
1547 953 1817 1006 duntaxat
1868 952 2030 1006 modo
2052 993 2066 1017 ,

487 1045 938 1115 quandoquidem
972 1062 1078 1100 non
1114 1048 1292 1100 solum
1325 1043 1472 1099 Deus
1503 1051 1620 1097 erat
1643 1083 1656 1107 ,
1691 1045 1783 1098 sed
1818 1043 1961 1097 Deus
1993 1043 2070 1099 si-

491 1137 601 1189 mul
635 1144 689 1190 et
738 1136 919 1190 homo.
952 1136 1086 1190 Nam
1133 1138 1211 1189 uti
1249 1143 1573 1190 naturarum
1617 1144 1730 1189 tum
1773 1135 2066 1199 unionem,

492 1237 604 1280 tum
647 1229 949 1280 naturalem
989 1227 1401 1282 distinctionem
1441 1227 1742 1294 habemus,
1792 1229 1862 1280 ita
1903 1228 2068 1281 etiam

495 1322 827 1375 naturalium
861 1321 1207 1374 voluntatum
1241 1329 1294 1374 et
1327 1320 1729 1388 operationum.

566 1414 845 1465 Attianum
874 1410 1078 1465 Christi
1101 1413 1308 1464 alterna
1336 1411 1765 1466 communicatio.
1798 1441 1862 1453 —
1886 1411 2074 1481 Itaque

497 1503 782 1557 sciendum
813 1515 890 1558 est
919 1543 933 1565 ,
970 1505 1022 1556 in
1058 1503 1288 1557 Domino
1325 1512 1519 1558 nostro
1553 1502 1679 1558 Jcsu
1717 1503 1942 1558 Christo
1974 1520 2073 1560 nos

497 1595 812 1659 interdum,
857 1603 1120 1664 tanquam
1162 1595 1230 1650 de
1259 1594 1476 1649 duabus
1513 1597 1730 1650 naturis
1761 1611 2073 1650 sermonem

495 1685 735 1749 habere,
777 1687 1057 1740 interdum
1093 1697 1354 1754 tanquam
1392 1684 1462 1740 de
1508 1701 1616 1738 una
1666 1702 1943 1756 persona:
1995 1695 2077 1740 at-

496 1791 602 1846 que
632 1777 738 1829 hoc
764 1784 818 1830 et
846 1775 982 1830 illud
1013 1775 1079 1830 ad
1109 1775 1364 1830 eumdem
1401 1791 1622 1830 sensum
1653 1777 1911 1830 refertur.
1941 1774 2074 1829 Nam

496 1874 550 1921 et
583 1867 708 1922 dum
739 1877 952 1922 naturae
979 1884 1124 1922 unus
1157 1867 1418 1922 Christus
1452 1874 1577 1934 est;
1620 1877 1673 1922 et
1724 1883 1868 1922 unus
1912 1867 2078 1922 Chri-

499 1967 656 2024 stus,
691 1961 814 2016 dua:
863 1969 1094 2015 naturae.
1147 1958 1339 2028 itaque
1387 1960 1615 2015 dicere:
1651 1961 1775 2028 Agit
1825 1960 2081 2015 Christus

498 2053 807 2108 secundum
863 2059 1158 2120 utramque
1212 2058 1506 2118 naturam;
1559 2051 1790 2121 perinde
1843 2061 1965 2113 est,
2018 2066 2082 2105 ac

499 2153 626 2194 cum
681 2139 925 2194 dicimus
963 2157 976 2192 :
1011 2140 1137 2209 Agit
1196 2148 1433 2210 utraque
1486 2147 1685 2194 natura
1754 2141 1808 2194 in
1859 2141 2084 2195 Christo

501 2243 628 2284 cum
671 2229 904 2285 alterius
947 2231 1357 2285 communione.
1404 2230 1590 2297 Quare
1632 2231 1819 2284 divina
1861 2229 2082 2300 quidem

504 2325 702 2374 natura
733 2334 798 2374 eo
831 2321 1055 2375 nomine
1088 2335 1213 2374 cum
1260 2335 1428 2376 carne
1467 2329 1734 2391 operante
1775 2322 2086 2375 communi-

503 2418 629 2477 cat,
662 2411 808 2481 quod
839 2426 972 2466 caro
999 2412 1203 2467 divinae
1229 2413 1532 2468 voluntatis
1565 2413 1932 2484 beneplacito,
1967 2429 2088 2484 qua:

506 2503 611 2573 ipsi
654 2503 880 2573 propria
921 2511 1090 2569 sunt,
1122 2505 1234 2574 pati
1267 2514 1319 2559 et
1353 2519 1518 2574 agere
1559 2505 1796 2570 sinatur,
1831 2506 2088 2576 quodque

505 2595 692 2651 carnis
724 2597 871 2651 actio
898 2611 1130 2666 prorsus
1163 2596 1451 2663 salutifera
1496 2597 1615 2662 sit;
1672 2595 1722 2650 id
1779 2598 1923 2666 quod
1978 2612 2086 2652 non

508 2690 801 2752 humanae,
844 2689 937 2743 sed
974 2688 1170 2743 divinae
1201 2689 1392 2758 potius
1427 2688 1673 2743 actionis
1707 2695 1809 2742 est.
1855 2689 1924 2740 At
1956 2702 2088 2742 caro

507 2781 756 2836 vicissim
785 2796 912 2836 cum
947 2789 1214 2851 operante
1240 2779 1407 2835 Verbi
1444 2780 1738 2834 divinitate
1777 2781 2090 2834 cmumuni-

505 2870 674 2924 cabat
695 2909 710 2932 ,
742 2879 855 2924 tum
891 2870 1022 2938 quia
1055 2885 1154 2940 per
1183 2883 1392 2940 corpus
1421 2870 1595 2924 veluti
1621 2885 1718 2939 per
1752 2871 2094 2925 instrumen-

509 2969 624 3012 tum
659 2957 976 3028 quoddam,
1035 2959 1252 3014 divinas
1301 2959 1548 3015 actiones
1607 2960 1920 3026 etlieiebat;
1974 2970 2088 3015 tum

509 3050 644 3120 quia
672 3044 821 3107 unus
850 3049 1107 3122 idemque
1135 3060 1292 3118 erat,
1325 3053 1420 3123 qui
1467 3060 1521 3107 et
1553 3052 1740 3107 divino
1786 3053 1988 3118 simul,
2036 3060 2089 3108 et
2115 3076 2162 3137 α

511 3140 757 3195 humano
790 3142 952 3197 modo
986 3144 1342 3212 operabatur.

584 3231 738 3288 Mens
761 3234 1013 3296 humana,
1043 3248 1098 3288 ut
1129 3235 1295 3290 Verbo
1320 3241 1692 3296 communicet.
1714 3272 1782 3284 -
1807 3239 1964 3296 Scire
1996 3257 2093 3296 ιλιι-ν

510 3331 621 3381 tem
654 3324 887 3388 attinet,
923 3335 1176 3380 sanctam
1209 3341 1430 3397 quoque
1461 3329 1636 3399 ipsius
1667 3341 1902 3387 mentem
1933 3332 2095 3404 244

513 3414 801 3468 naturales
833 3429 962 3470 suas
994 3415 1247 3472 actiones
1296 3421 1548 3490 exsequi.
1593 3420 1730 3475 Nam
1780 3431 1836 3477 et
1889 3438 1949 3478 se
1999 3425 2092 3479 Dei

513 3513 757 3558 mentem
791 3520 953 3572 esse,
997 3513 1164 3577 atque
1207 3508 1277 3564 ab
1326 3511 1586 3566 omnibus
1642 3513 1806 3569 rebus
1857 3516 2094 3572 conditis

515 3593 737 3653 adorari
769 3597 980 3666 cogitat
1003 3607 1057 3654 et
1081 3602 1362 3670 agnoscit,
1391 3617 1453 3657 ac
1480 3618 1674 3658 eorum
1707 3620 1830 3674 quae
1859 3606 1911 3659 in
1949 3616 2094 3661 terra

518 3687 690 3756 gessit
723 3697 778 3742 et
818 3691 1079 3759 pertulit,
1115 3695 1460 3749 recordatur.
1495 3696 1766 3751 Caeterum
1798 3713 1925 3752 cum
1961 3716 2094 3770 ope-

519 3787 676 3834 rante
709 3779 871 3835 Verbi
907 3781 1147 3848 deitate,
1185 3801 1294 3856 qua
1336 3793 1538 3840 cuncta
1584 3799 1852 3858 reguntur
1892 3797 1945 3844 et
1996 3806 2098 3860 gu-

520 3869 854 3934 bernantur,
903 3874 1315 3938 communicat,
1371 3876 1556 3930 omnia
1613 3879 1966 3949 intelligens,
2003 3895 2098 3934 co-

518 3971 832 4028 gnoscens,
887 3966 942 4013 et
997 3960 1436 4027 administrans,
1492 3980 1600 4018 non
1658 3974 1716 4020 ut
1769 3968 2001 4036 simplex
2048 3976 2101 4022 et

519 4045 666 4102 nuda
687 4062 842 4102 mens
878 4047 1139 4112 hominis,
1169 4049 1264 4103 sed
1298 4059 1356 4103 ut
1385 4067 1508 4121 quae
1541 4053 1651 4108 Deo
1683 4054 1984 4109 secundum
2007 4056 2102 4128 hy-

523 4140 796 4210 postasim
831 4141 985 4194 unita
1014 4141 1110 4206 sit,
1145 4139 1352 4210 Deique
1383 4157 1538 4198 mens
1570 4145 1818 4202 exsistat.

597 4229 930 4287 Theaudrica
956 4228 1154 4285 Christi
1178 4231 1342 4287 actio.
1360 4231 1588 4286 -—Nihil
1619 4235 1784 4304 igitur
1809 4236 1954 4290 aliud
1980 4236 2102 4293 the~

521 4322 756 4380 andrica
789 4325 937 4380 actio
967 4323 1253 4392 declarat,
1284 4340 1448 4396 quam
1481 4327 1627 4396 quod
1657 4327 1766 4382 Deo
1793 4328 1941 4385 iacto
1964 4329 2102 4395 viro,

2167 496 2471 565 ἐνεργείας,
2510 495 2632 548 ούδέ
2657 496 2999 568 διῃρημένως
3039 496 3368 565 ἐνεργούσας
3396 497 3490 558 τὰς
3531 495 3738 565 φύσεις,

2168 586 2592 657 ἀλλ’ἠνωμένως
2633 588 2870 656 ἑκάστην
2907 587 3043 656 μετὰ
3070 588 3166 655 τῆς
3203 586 3432 656 θατέρου
3462 589 3742 652 κοινωνίας

2170 677 2499 748 ἐνεργοῦσαν
2525 677 2672 730 τοῦθ’
2697 679 2832 749 ὅπερ
2884 679 3014 730 [διον
3064 679 3315 746 ἔσχηκεν.
3367 675 3506 728 Οῦτε
3547 677 3743 752 γὰρτὰ

2171 769 2496 841 ἀνθρώπινα
2575 769 2931 841 ἀνθρωπίνως
2988 770 3290 840 ἐνήργησεν
3313 781 3329 796 ⁸
3371 768 3430 820 ού
3457 769 3566 838 γὰρ
3596 769 3744 838 ψιλὸς

2172 857 2240 934 ἧν
2277 862 2600 934 ἄνθρωπος’
2644 861 2767 914 οὔτε
2805 860 2878 914 τὰ
2924 861 3046 915 θεία
3084 861 3228 914 κατὰ
3268 859 3401 913 Θεὸν
3449 861 3606 930 μόνον
3632 877 3644 890 ·
3686 862 3745 914 οὐ

2172 955 2280 1024 γὰρ
2317 949 2388 1024 ἦν
2420 953 2626 1023 γυμνὸς
2685 952 2840 1017 Θεὸς,
2881 951 3015 1006 ἀλλὰ
3066 951 3199 1014 Θεὸς
3236 951 3374 1020 ὁμοῦ
3432 952 3693 1020 ὑπάρχων
3727 951 3742 990 ί

2174 1045 2269 1100 καὶ
2303 1030 2854 1114 ἄνθρωποςζὪσπερ
2911 1044 3019 1114 γὰρ
3057 1042 3166 1095 τῶν
3228 1043 3468 1112 φύσεων,
3517 1043 3612 1095 καὶ
3656 1041 3750 1112 τὴν

2173 1139 2389 1200 ἓνωσιν,
2449 1138 2541 1189 καὶ
2599 1137 2696 1206 τὴν
2758 1136 2993 1207 φυσικὴν
3058 1135 3322 1206 διαφορὰν
3390 1133 3750 1204 ἐπιστάμεθα,

2173 1229 2436 1283 οὕτωκαὶ
2505 1229 2616 1281 τῶν
2674 1228 2920 1296 φυσικῶν
2973 1227 3295 1297 θελημάτων
3346 1243 3404 1278 τε
3460 1226 3554 1278 καὶ
3599 1226 3750 1297 ἐνερ-

2175 1323 2361 1392 γειῶν.

2260 1416 2458 1469 ’ἰστέον
2494 1413 2808 1485 τοιγαροῦν,
2841 1413 2914 1477 ώς
2957 1413 3051 1465 ἐπὶ
3089 1408 3184 1463 τοῦ
3217 1409 3422 1479 Κυρίου
3453 1407 3605 1478 ἡμῶν
3657 1408 3758 1478 Ἰη-

2180 1509 2272 1563 σοῦ
2331 1507 2592 1579 Χριστοῦ,
2636 1505 2766 1559 ποτὲ
2818 1506 2917 1576 μὲν
2966 1505 3040 1567 ώς
3077 1502 3171 1556 ἐπὶ
3223 1503 3318 1556 δύο
3356 1504 3380 1541 ε
3421 1501 3630 1569 φύσεων
3667 1500 3758 1552 τὸν

2177 1603 2335 1671 λόγον
2363 1599 2693 1668 ποιούμεθα,
2735 1598 2866 1651 ποτέ
2923 1597 2980 1650 δέ
3009 1595 3083 1658 ώς
3132 1597 3216 1663 ἐφ’
3266 1593 3384 1657 ἐνὸς
3438 1592 3757 1662 προσώπου,

2180 1695 2274 1746 καὶ
2301 1691 2458 1745 τοῦτο
2482 1689 2539 1743 δέ
2573 1690 2794 1742 κάκεῖνο
2818 1689 2896 1750 είς
2925 1686 3053 1756 μίαν
3079 1684 3411 1755 ἀναφέρεται
3444 1682 3677 1736 ἔννοιαν·
3710 1683 3761 1734 αἱ

2180 1787 2289 1856 γὰρ
2314 1783 2407 1836 δύο
2440 1782 2628 1851 φύσεις
2659 1775 2738 1843 εἷς
2783 1782 2898 1832 ἐστι
2935 1777 3190 1848 Χριστὸς,
3224 1776 3320 1830 καὶ
3361 1779 3388 1828 ὁ
3423 1771 3503 1837 είς
3530 1773 3760 1845 Χριστος

2179 1879 2272 1932 δύο
2307 1875 2496 1946 φύσεις
2518 1872 2633 1931 ἐστί
2655 1891 2667 1903 ο
2701 1872 2896 1926 ταύτὸν
2943 1866 3034 1924 οῦν
3064 1869 3210 1922 ἔστιν
3252 1869 3428 1922 εἰπεῖν
3451 1884 3464 1897 ο
3497 1868 3764 1936 ἐνεργεῖρ

2182 1969 2416 2044 Χριστος
2478 1966 2601 2019 καθ’
2667 1964 2934 2034 ἑκατέραν
2995 1963 3105 2017 τῶν
3158 1961 3323 2016 αὑτοῦ
3382 1959 3617 2030 φύσεων,
3676 1958 3764 2014 καὶ

2184 2062 2396 2132 ἐνεργεῖ
2428 2057 2663 2130 ἑκατέρα
2705 2054 2866 2125 φύσις
2897 2055 2954 2107 ἐν
2987 2053 3064 2124 τῷ
3109 2051 3335 2122 Χριστῷ
3378 2051 3517 2118 μετὰ
3543 2051 3644 2120 τῆς
3672 2051 3764 2102 θαε

2183 2153 2344 2226 τέρου
2373 2148 2678 2210 κοινωνίας.
2746 2147 3013 2203 Κοινωνεί
3061 2142 3241 2198 τοίνυν
3273 2145 3304 2211 ἠ
3341 2143 3438 2212 μὲν
3459 2141 3577 2194 θεία
3607 2139 3764 2208 φύσις

2185 2247 2250 2316 τῇ
2283 2242 2446 2313 σαρκὶ
2475 2237 2774 2311 ἐνεργούσῃ
2805 2236 2894 2291 διὰ
2933 2235 2995 2289 τὸ
3022 2234 3241 2306 εὐδοκίᾳ
3274 2236 3372 2304 τῆς
3425 2233 3572 2294 θείας
3603 2232 3760 2300 θελή-

2188 2349 2325 2394 σεως
2356 2326 2803 2401 παραχωρεϊσθαι
2833 2326 3062 2394 πάσχειν
3097 2323 3192 2376 καὶ
3225 2323 3489 2393 πράττειν
3514 2321 3582 2374 τὰ
3625 2320 3766 2384 ίόια,

2188 2423 2282 2477 καὶ
2307 2422 2396 2476 διὰ
2423 2421 2485 2474 τὸ
2510 2420 2607 2490 τὴν
2635 2419 2918 2489 ἐνέργειαν
2951 2416 3048 2486 τῆς
3086 2414 3290 2486 σαρκὸς
3331 2414 3548 2476 πάντως
3572 2414 3598 2452 ιι
3633 2409 3768 2466 εῖναι

2191 2515 2486 2584 σωτήριονο
2521 2511 2659 2580 ὅπερ
2687 2510 2748 2561 οὐ
2781 2509 2881 2577 τῆς
2904 2506 3253 2576 ἀνθρωπίνης
3283 2504 3570 2575 ἐνεργείας
3600 2505 3766 2570 ἐστὶν,

2190 2602 2327 2656 ἀλλὰ
2354 2604 2454 2671 τῆς
2494 2599 2666 2662 θείας.
2709 2597 2774 2651 Ἥ
2825 2597 2881 2650 δὲ
2939 2595 3076 2667 σὰρξ
3102 2598 3168 2666 τῇ
3200 2594 3418 2665 θεότητι
3456 2594 3549 2647 τοῦ
3597 2595 3768 2663 Λόγου

2191 2691 2513 2762 ἐνεργούσῃ,
2536 2689 2626 2743 διὰ
2642 2706 2701 2741 τε
2735 2688 2796 2741 τὸ
2823 2687 2896 2750 ώς
2927 2687 2992 2740 δι’
3015 2687 3249 2758 ὀργάνου
3277 2685 3370 2737 τοῦ
3398 2683 3658 2752 σώματος
3680 2685 3772 2748 τὰς

2191 2785 2338 2848 θείας
2396 2781 2734 2858 ἐκτελεῖσθαι
2799 2781 3105 2850 ἐνεργείας,
3165 2779 3259 2830 καὶ
3314 2777 3401 2830 διὰ
3450 2777 3512 2830 τὸ
3557 2777 3660 2831 ἕνα
3695 2773 3772 2830 εῐ-

2193 2894 2280 2930 ναι
2335 2877 2426 2929 τὸν
2487 2874 2817 2948 ἐνεργοῦντα
2875 2870 3071 2934 θεῖκῶς
3115 2887 3175 2929 τε
3227 2869 3366 2943 ἅμα,
3413 2868 3509 2922 καὶ
3560 2869 3774 2945 ἀνθρω-

2194 2985 2384 3030 πινως,

2267 3233 2481 3289 Είδέναι
2524 3232 2580 3285 δὲ
2639 3229 2744 3300 χρὴ
2799 3228 2911 3299 (47)
2963 3228 3039 3290 ώς
3081 3228 3109 3280 ὁ
3144 3226 3298 3296 ἃγιος
3334 3223 3495 3277 αὑτοῦ
3521 3223 3647 3285 νοῦς
3680 3225 3782 3276 καὶ

2195 3330 2292 3392 τὰς
2327 3324 2562 3396 φυσικὰς
2610 3321 2774 3375 αὐτοῦ
2818 3320 3036 3392 ἐνεργεῖ
3096 3317 3390 3388 ἐνεργείας,
3419 3315 3554 3368 νοῶν
3584 3331 3642 3366 τε
3675 3316 3779 3373 καὶ

2195 3419 2480 3488 γινώσκων
2513 3417 2593 3469 ὅτι
2618 3413 2733 3467 ἐστι
2762 3411 2898 3465 Θεοῦ
2965 3409 3111 3475 νοῦς,
3170 3409 3262 3464 καὶ
3303 3410 3382 3462 ὅτι
3440 3408 3546 3460 ὑπὸ
3588 3407 3783 3477 πάσης

2198 3512 2588 3584 προσκυνεῖται
2626 3507 2726 3576 τῆς
2759 3505 3015 3568 κτίσεως,
3043 3504 3140 3556 καὶ
3167 3499 3514 3573 μεμνημένος
3553 3499 3668 3552 τῶν
3691 3497 3788 3552 ἐπὶ

2197 3604 2296 3674 τῆς
2325 3605 2427 3671 γῆς
2449 3597 2616 3654 αὑτοῦ
2642 3596 2937 3668 διατριϐῶν
2971 3612 3032 3646 τε
3073 3594 3167 3646 καὶ
3212 3592 3423 3654 παθών,
3460 3589 3789 3652 κοινωνεῖδὲ

2199 3693 2499 3766 ἐνεργούσῃ
2529 3694 2594 3762 τῇ
2646 3689 2738 3743 τοῦ
2795 3688 2968 3756 Λόγου
2997 3687 3234 3756 θεότητι,
3279 3687 3372 3738 καὶ
3397 3683 3667 3756 διεπούσῃ
3696 3683 3790 3736 καὶ

2201 3783 2522 3855 κυϐερνώσῃ
2538 3781 2598 3834 τὸ
2635 3781 2765 3844 πᾶν,
2803 3779 2961 3844 νοῶν,
2997 3778 3092 3832 καὶ
3115 3775 3426 3846 γινώσκων,
3447 3775 3542 3829 καὶ
3563 3775 3791 3836 διέπων,

2200 3878 2299 3947 οὐχ
2338 3876 2414 3937 ὡς
2480 3873 2634 3944 ψιλὸς
2681 3869 2972 3942 ἀνθρώπου
3033 3868 3178 3932 νοῦς,
3231 3867 3347 3923 ἀλλ’
3399 3867 3474 3931 ώς
3507 3866 3632 3937 Θεῷ
3672 3865 3794 3919 καθ’

2205 3970 2504 4025 ὑπόστασιν
2541 3965 2840 4035 ἡνωμένος,
2873 3962 2967 4016 καὶ
2985 3960 3119 4020 Θεοῦ
3149 3960 3272 4023 νοῦς
3290 3959 3672 4030 χρηματίσας,

2279 4230 2450 4286 Τοῦτο
2472 4226 2563 4285 οῦν
2595 4229 2747 4300 δηλοῖ
2775 4229 2808 4299 ἡ
2845 4226 3134 4298 θεανδρικὴ
3171 4227 3440 4294 ἐνέργεια,
3469 4227 3555 4280 ὅτι
3587 4226 3798 4300 ἀνδρων

2208 4321 2391 4382 θέντος
2424 4319 2583 4383 Θεοῦ,
2616 4319 2784 4387 ἤγουν
2818 4315 3360 4387 ἐνανθρωπήσαντος,
3383 4317 3478 4370 καὶ
3506 4319 3540 4388 ὴ
3588 4317 3798 4387 ἀνθρω-

525 4415 634 4469 hoc
667 4423 790 4480 est,
825 4417 1118 4471 inearnato
1141 4454 1156 4479 ,
1190 4417 1432 4472 humana
1465 4433 1697 4488 quinque
1739 4419 1914 4490 ipsius
1959 4423 2087 4478 actit

2212 4412 2337 4481 πίνη
2364 4410 2528 4463 αὑτοῦ
2557 4410 2806 4480 ἐνέργεια
2830 4407 2950 4460 θεία
2976 4403 3065 4474 ἦν,
3113 4407 3284 4476 ἡγουν
3327 4407 3675 4477 τεθεωμένη,
3708 4406 3801 4459 καὶ

524 4505 710 4561 divina
742 4515 894 4574 erat,
925 4508 1044 4564 sive
1074 4509 1328 4564 deiﬁcata
1353 4549 1368 4573 ,
1409 4525 1510 4564 nec
1535 4510 1735 4564 divinae
1767 4509 1942 4579 ipsius
1974 4499 2106 4581 ope;

526 4597 758 4652 rationis
807 4612 1050 4666 expers:
1104 4614 1442 4670 rursumque
1494 4601 1681 4656 divina
1737 4601 1914 4671 ipsius
1963 4603 2108 4658 actio

527 4687 783 4741 humanae
817 4688 995 4757 ipsius
1032 4691 1272 4745 actionis
1307 4691 1508 4747 exsors
1546 4709 1654 4747 non
1695 4703 1812 4748 erat
1842 4712 1855 4762 ;
1907 4709 2098 4748 verum

528 4790 766 4848 utraque
823 4795 932 4839 una
987 4795 1113 4836 cum
1165 4783 1335 4842 altera
1391 4785 1871 4843 considerabatur.
1926 4785 2101 4845 Porro

609 4952 655 4984 “
683 4952 793 5007 Leo
840 4953 998 5021 epist.
1031 4954 1051 5005 ι
1091 4953 1158 5008 ad
1197 4953 1350 5012 Flav.

2210 4504 2309 4556 οῦκ
2334 4500 2688 4572 ἄμοιροςτῆς
2717 4498 2866 4562 θείας
2909 4497 3075 4551 αὑτοῦ
3135 4499 3437 4568 ἐνεργείας,
3481 4503 3583 4552 καὶ
3620 4501 3653 4569 ἡ
3684 4497 3801 4554 θεία

2210 4592 2382 4648 αὑτοῦ
2406 4593 2656 4663 ἐνέργεια
2720 4591 2819 4644 οὐκ
2850 4590 3078 4660 ἄμοιρος
3111 4589 3211 4658 τῆς
3244 4589 3604 4661 ἀνθρωπίνης
3634 4587 3801 4642 αὑτοῦ

2213 4687 2514 4756 ἐνεργείας,
2547 4684 2665 4738 ἀλλ’
2691 4683 2929 4753 ἑκατέρα
2957 4681 3072 4735 σὺν
3119 4684 3185 4752 τῇ
3222 4683 3384 4753 ἑτέρᾳ
3413 4681 3799 4752 θεωρουμένη.

2213 4781 2446 4851 Λέγεται
2479 4779 2538 4840 δέ
2567 4779 2596 4832 ὁ
2623 4776 2824 4848 τρόπος
2853 4769 3004 4838 οὗτος
3039 4774 3394 4850 περίφρασις,
3424 4774 3558 4834 ὅταν
3594 4791 3682 4839 τις
3712 4770 3806 4830 δύο

1778 5109 2012 5166 VARIAS
2071 5107 2472 5166 LECTIONES.

605 5232 625 5272 ί
659 5231 816 5288 Deest
854 5230 1139 5300 ὑπάρχων,
1176 5232 1230 5286 in
1265 5231 1450 5288 editis.
1499 5235 1524 5272 ε
1577 5232 1719 5286 Edit.
1775 5231 1882 5284 τῶν
1915 5231 2028 5284 δύο.
2073 5232 2098 5274 δ
2131 5230 2196 5284 R.
2235 5231 2259 5283 1
2301 5228 2459 5284 Coll).
2494 5228 2518 5282 i
2559 5227 2796 5284 πάντων.

2046 5363 2280 5418 NOTAE.

612 5467 722 5537 (47)
765 5467 999 5522 Ellis-rat
1043 5467 1112 5520 δὲ
1150 5466 1289 5537 χρή.
1350 5465 1497 5521 Scire
1534 5476 1706 5537 autem
1742 5463 1954 5537 attinet,
2012 5470 2118 5537 etc.

536 5533 665 5608 "ait:
687 5533 1042 5605 t'ransutnpta
1083 5533 1216 5608 puto
1246 5533 1313 5591 ex
1346 5537 1442 5608 lib.
1473 5552 1568 5590 vm
1599 5534 1832 5588 Joannis
1872 5533 2118 5608 _S_cytho-

535 5605 742 5676 politae,
788 5603 1341 5676 cujuslraghreutum
1375 5607 1572 5658 lectum
1601 5613 1683 5676 est
1724 5614 1828 5676 act.
1867 5603 1932 5655 ιθ
1958 5611 2122 5676 scitir.

542 5673 738 5750 synodi
770 5690 782 5726 :
815 5671 1101 5747 fusiusque
1133 5694 1193 5731 ea
1226 5677 1578 5749 prosequitur
1613 5673 1956 5748 Nicephort's
2006 5671 2110 5724 δι’.

2234 5459 2479 5532 Antirrh.
2523 5457 2814 5532 "1,3559,
2857 5456 3234 5532 cuj_us_locum_
3283 5457 3373 5532 hic
3410 5465 3661 5532 recttale
3704 5468 3811 5532 non

2231 5531 2366 5585 satis
2397 5529 2586 5584 refert.
2615 5527 2831 5584 Dixisse
2863 5527 3116 5591 sumciat,
3142 5526 3461 5582 inductione
3491 5527 3606 5579 ista
3631 5525 3812 5580 evinci

2234 5601 2527 5654 humanam
2555 5598 2757 5671 Christi
2795 5599 3030 5671 animam
3053 5638 3066 5665 ,
3105 5612 3204 5653 nec
3241 5609 3438 5665 tuente,
3473 5610 3574 5651 nec
3606 5607 3810 5671 Opem

2222 5672 2373 5727 tione
2411 5669 2630 5743 propria
2659 5669 2927 5726 caruisse.
