4026 6156
353 320 478 388 1085

1367 325 1464 384 DE
1486 325 1663 385 FIDE
1699 321 2158 386 ORTHODOXA
2194 324 2337 384 LIB.
2369 325 2482 384 III.

3451 324 3586 391 1086

348 440 596 497 ἐνωθετσα
630 439 750 492 καθ’
784 437 1084 493 ὑπόστασιν
1130 439 1277 511 αὐτῷ
1306 441 1382 512 τῷ
1415 440 1535 510 Θεῷ
1597 442 1775 512 Λόγῳ,
1812 441 1908 508 τῆς

2016 439 2228 495 vivitica
2261 455 2371 495 non
2398 448 2521 505 est;
2569 438 2784 496 Domini
2832 446 3016 495 autem
3056 454 3189 495 caro
3240 439 3352 496 Deo
3405 440 3588 499 Verbo

349 529 437 597 μὲν
452 527 592 581 κατὰ
621 525 782 596 φύσιν
810 525 1138 597 θνητότητος
1166 527 1266 580 οὐκ
1292 527 1525 597 ἀπέστη,
1559 524 1820 590 ζωοποιὸς
1849 524 1906 576 δὲ

345 617 544 683 γέγονε,
580 614 669 668 διὰ
718 614 818 686 τὴν
867 613 1005 686 πρὸς
1060 615 1153 669 τὸν
1198 616 1371 684 Λόγον
1435 615 1556 669 καθ’
1610 615 1907 668 ὑπόστασιν

344 706 551 775 ἕνωσιν,
584 709 678 760 καὶ
694 707 756 760 ού
783 707 1062 778 δυνάμεθα
1090 708 1270 775 λέγειν
1300 709 1382 761 ὅτι
1410 703 1608 781 ούκρἦ
1638 706 1735 761 καὶ
1760 706 1908 759 ἔστιν

344 798 423 853 ἀεὶ
464 797 758 864 ζωοποιός·
787 798 961 862 οὓτως
1008 800 1043 870 ἡ
1086 799 1183 869 μὲν
1241 798 1560 869 ἀνθρωπίνη
1606 797 1770 866 φύσις
1813 797 1906 850 οὐ·

349 889 541 955 σιωδῶς
571 892 629 945 ού
654 891 919 960 κέκτηται
958 891 1057 962 τὴν
1081 891 1190 946 τῶν
1244 890 1551 963 μελλόντων
1605 889 1807 959 γνῶσιν
1829 906 1841 919 ·
1873 890 1906 960 ἡ

343 982 392 1036 δὲ
414 980 509 1034 τοῦ
543 982 747 1051 Κυρίου
780 980 929 1052 ψυχὴ
952 981 1039 1035 διὰ
1063 981 1165 1052 τὴν
1220 982 1356 1053 πρὸς
1410 980 1577 1034 αὐτὸν
1633 979 1725 1033 τὸν
1775 977 1909 1032 Θεὸν

342 1072 507 1141 Λόγον
530 1072 755 1138 ἕνωσιν,
789 1073 884 1126 καὶ
914 1072 1013 1142 τὴν
1045 1071 1416 1142 ὕιποστατικὴν
1438 1070 1743 1140 ταυτότητα
1774 1087 1905 1123 κατ-

342 1165 689 1235 επλούτησεν,
745 1164 821 1228 ὡς
876 1163 1036 1233 ἔφην,
1097 1163 1235 1233 μετὰ
1289 1163 1399 1216 τῶν
1462 1162 1665 1216 λοιπῶν
1717 1161 1907 1231 θεοση-

346 1254 527 1324 μειῶν,
546 1255 640 1308 καὶ
668 1255 767 1324 τὴν
798 1253 910 1306 τῶν
930 1252 1232 1322 μελλόντων
1261 1252 1487 1319 γνῶσιν.

418 1343 614 1397 Ἰστέον
640 1343 699 1398 δὲ
721 1340 831 1415 (51)
858 1343 942 1396 ὅτι
973 1343 1093 1395 οὐδὲ
1133 1341 1321 1397 δοῦλον
1349 1340 1375 1380 ¹ι
1411 1342 1574 1396 αὐτὸν
1618 1342 1796 1410 λέγειν
1821 1341 1908 1393 δυ-

344 1436 545 1508 νάμεθα
574 1436 804 1508 ’τὸγὰρ
836 1440 938 1509 τῆς
990 1437 1238 1501 δουλείας
1291 1438 1386 1491 καὶ
1440 1435 1542 1506 τῆς
1595 1433 1909 1497 δεσποτείας

342 1529 504 1599 ὄνομα
532 1530 592 1581 ού
617 1526 835 1597 φύσεώς
872 1529 981 1582 εισι
1019 1528 1399 1601 γνωρίσματα,
1451 1526 1586 1580 ἀλλὰ
1615 1525 1722 1577 τῶν
1773 1524 1909 1595 πρός

341 1637 409 1684 τι,
454 1618 642 1689 ὥσπερ
667 1618 728 1672 τὸ
755 1619 854 1689 τῆς
881 1619 1221 1695 πατρότητος
1272 1619 1366 1672 καὶ
1406 1617 1469 1670 τὸ
1500 1616 1602 1687 τῆς
1640 1617 1906 1686 υἱότητος.

344 1710 525 1765 Ταῦτα
550 1709 660 1782 γὰρ
688 1710 789 1764 οὐκ
810 1710 1021 1773 οὐσίας,
1042 1709 1178 1763 ἀλλὰ
1208 1708 1445 1780 σχέσεώς
1468 1709 1585 1761 ἐστι
1611 1704 1906 1778 δηλωτικὰ.

2014 527 2169 582 unita
2191 568 2206 593 ,
2237 543 2348 583 non
2375 529 2598 598 quidem
2632 544 2660 582 a
2696 530 2936 584 naturali
2967 532 3303 587 mortalitate
3327 543 3586 603 exempta

2013 622 2147 690 fuit,
2180 622 2277 678 sed
2310 630 2492 677 tamen
2516 622 2589 677 ob
2620 623 3022 693 hypostaticam
3056 638 3178 679 cum
3211 624 3394 679 Verbo
3426 626 3590 681 unio-

2013 728 2139 767 nem
2173 712 2386 768 viviﬁca
2433 712 2577 768 facta
2620 723 2743 778 est,
2787 729 2890 770 nec
2933 713 3121 771 dicere
3167 715 3253 771 fas
3296 725 3382 772 est
3425 732 3545 772 eam
3571 761 3585 785 ,

2012 803 2098 859 vel
2130 819 2239 858 non
2270 803 2548 858 viviﬁcam
2580 804 2786 873 fuisse,
2814 807 2901 862 vel
2929 822 3042 861 non
3074 822 3291 877 semper
3317 823 3476 863 esse:
3508 809 3591 863 sic

2014 896 2257 950 humana
2283 908 2481 951 natura
2503 935 2518 960 ,
2541 904 2738 967 suapte
2759 897 2980 968 quidem
3004 900 3248 954 essentia
3276 898 3589 953 Futurorum

2015 987 2269 1042 notitiam
2302 1001 2412 1041 non
2439 986 2647 1054 habet;
2677 995 2734 1042 at
2765 986 2983 1043 Domini
3016 989 3200 1044 anima
3230 991 3299 1044 ob
3328 991 3588 1044 unionem

2016 1092 2142 1133 cum
2173 1078 2296 1148 ipso
2326 1079 2439 1135 Deo
2468 1078 2652 1135 Verbo
2673 1087 2728 1135 et
2758 1070 3070 1151 hypostasis
3111 1082 3455 1138 identitatem
3479 1121 3495 1147 ,
3530 1088 3591 1135 ut

2016 1169 2362 1240 reliquorum
2394 1171 2797 1226 miraculorum
2833 1179 3142 1241 potestate,
3188 1173 3268 1228 sic
3299 1175 3465 1228 etiam
3509 1173 3591 1226 ιἰι-

2014 1266 2264 1313 turarum
2293 1272 2478 1316 rerum
2501 1300 2516 1324 ,
2550 1267 2608 1313 ut
2632 1259 2744 1313 dixi
2764 1298 2779 1325 ,
2818 1261 3134 1330 cognitione
3160 1261 3329 1316 ditata
3357 1260 3482 1315 fuit.

2085 1346 2251 1419 κω
2281 1349 2528 1404 Christus
2570 1366 2754 1405 seruus
2795 1351 2904 1404 dici
2937 1366 3039 1406 nan
3081 1360 3287 1420 potest:
3330 1352 3449 1405 tiret
3492 1366 3591 1404 nas

2017 1447 2139 1490 tura
2166 1454 2325 1505 quam
2354 1440 2645 1506 assumpsit
2673 1455 2739 1494 ea;
2765 1448 2925 1495 semet
2953 1441 3105 1495 sefua
3131 1442 3223 1495 sit.
3252 1439 3591 1494 Nestoriame

2012 1528 2228 1583 ha'resis
2258 1529 2435 1584 dicere
2466 1531 2609 1599 quod
2627 1529 2872 1585 Christus
2900 1549 3079 1587 seruus
3105 1531 3422 1588 ιιι-111υά
3455 1545 3591 1601 quo-

2015 1634 2121 1688 que
2152 1618 2439 1675 sciendum
2485 1627 2597 1687 est,
2631 1634 2757 1676 eum
2788 1636 2856 1675 ne
2889 1637 3108 1678 servum
3146 1622 3367 1692 quidem
3406 1623 3593 1676 dicere

2016 1725 2120 1767 nos
2161 1725 2366 1781 posse:
2412 1712 2700 1768 servitutis
2732 1698 2888 1767 enim
2917 1721 2973 1768 et
3003 1714 3400 1771 dominationis
3428 1729 3590 1770 voca-

345 1802 551 1873 ’Ὠσπερ
579 1798 672 1856 οὗν
699 1804 793 1857 καὶ
836 1802 930 1856 ἐπὶ
964 1801 1066 1871 τῆς
1116 1800 1337 1870 ἀγνοίας
1381 1799 1633 1870 εἴπομεν,
1686 1800 1765 1851 ὅτι
1815 1797 1908 1850 ἐὰν

2016 1802 2142 1857 bula
2171 1818 2282 1857 non
2302 1809 2543 1859 naturas
2564 1844 2580 1869 ,
2614 1803 2709 1859 sed
2737 1818 2859 1874 qua:
2885 1804 2954 1857 ad
2987 1805 3197 1875 aliquid
3241 1805 3577 1871 referuntur,

346 1895 547 1964 ίσχναῖς
578 1894 865 1959 ἐπινοίαις,
895 1895 1015 1965 ἢτοι
1038 1892 1130 1947 νοῦ
1158 1894 1381 1955 λεπταῖς
1444 1890 1790 1961 φαντασίαις,
1827 1888 1909 1941 δι-

343 1983 465 2058 έλῃς
487 1985 548 2038 τὸ
572 1985 791 2039 κτιστὸν
823 1986 888 2038 ὲκ
912 1982 1006 2037 τοῦ
1034 1983 1311 2050 ἀκτίστου,
1332 1981 1493 2052 δούλη
1515 1979 1662 2032 ἐστὶν
1685 1981 1718 2049 ή
1750 1977 1906 2047 σὰρξ,

342 2078 388 2129 εἰ
417 2076 492 2146 μὴ
515 2076 691 2145 ἧνωτο
718 2077 734 2116 ί
771 2073 848 2146 τῷ
868 2075 990 2146 Θεῷ
1015 2074 1175 2145 Λόγῳ
1193 2089 1207 2104 ·
1240 2073 1388 2137 ἅπαξ
1408 2071 1466 2125 δὲ
1498 2070 1761 2125 ἑνωθεῖσα
1786 2067 1908 2123 καθ’

344 2166 656 2230 ὑπόστασιν,
684 2165 801 2231 πῶς
835 2166 988 2220 ἔσται
1010 2165 1172 2235 δούλη
1192 2182 1207 2231 ;
1229 2159 1324 2227 Εἷς
1349 2162 1460 2233 γὰρ
1484 2160 1564 2218 ὢν
1593 2163 1623 2216 ὁ
1654 2158 1907 2231 Χριστὸς,

341 2257 399 2310 οὐ
420 2255 642 2310 δύναται
686 2256 870 2320 δοῦλος
913 2254 1110 2310 ἑαυτοῦ
1153 2251 1292 2309 εἶναι
1336 2253 1432 2306 καὶ
1466 2251 1670 2323 Κύριος
1693 2267 1705 2280 ·
1738 2247 1911 2302 ταῦτα

340 2346 446 2418 γὰρ
472 2347 532 2400 οὗ
558 2346 667 2400 τῶν
692 2347 877 2410 ἁπλῶς
897 2346 1208 2419 λεγομένων
1235 2345 1394 2410 εἰσιν,
1429 2341 1569 2396 ἀλλὰ
1617 2340 1725 2395 τῶν
1776 2339 1912 2409 πρὸς

341 2438 545 2509 ἕτερον.
575 2438 732 2501 Τίνος
787 2433 880 2492 οὖν
929 2438 1083 2492 ἔσται
1113 2436 1297 2500 δοῦλος
1318 2454 1332 2504 ;
1357 2435 1464 2488 T06
1494 2432 1705 2504 Πατρός
1726 2449 1744 2499 ;
1768 2432 1910 2484 Οὐκ-

340 2527 433 2583 οῦν
452 2529 515 2582 οὐ
545 2530 723 2584 πάντα
758 2530 858 2583 ὅσα
909 2529 1025 2600 ἔχει
1057 2530 1087 2582 ό
1113 2528 1304 2600 Πατὴρ
1338 2525 1551 2580 καὶτοῦ
1585 2523 1714 2577 Υἱοῦ
1749 2525 1909 2588 εἰσιν,

341 2621 498 2691 εἴπερ
520 2619 615 2678 τοῦ
648 2622 863 2692 Πατρός
910 2622 1028 2675 ἐστι
1076 2619 1284 2683 δοῦλος,
1336 2617 1530 2672 ἑαυτοῦ
1555 2616 1610 2670 δὲ
1636 2615 1908 2683 οὐδαμῶς.

342 2709 465 2773 Πῶς
492 2710 549 2764 δὲ
575 2711 706 2780 περὶ
751 2708 907 2780 ἡμῶν
938 2708 1088 2778 λέγει
1118 2709 1147 2760 ὁ
1177 2706 1726 2770 Ἀπόστολος·”Ωστε
1777 2706 1913 2758 οὐκ·

340 2801 425 2854 ἐτι
444 2798 911 2866 εἷδοῦλοςβλλῖ
942 2800 1095 2866 υίὸς,
1123 2799 1190 2852 δι’
1226 2797 1392 2852 αὐτοῦ
1428 2796 1801 2856 υίοτεθέντων,
1836 2795 1913 2846 εί-

279 2944 289 2958 .
343 2909 449 2963 περ
481 2891 642 2954 αὐτὸς
673 2890 858 2954 δοῦλός
896 2891 1012 2945 ἐστι
1046 2908 1061 2956 ;
1113 2888 1546 2961 Προσηγορικῶς
1567 2882 1660 2941 οὖν
1697 2885 1913 2953 λέγεται

342 2979 548 3041 δοῦλος,
581 2979 681 3032 οὐκ
711 2979 874 3041 αὐτὸς
891 2981 968 3032 ὣν
988 2981 1169 3043 τοῦτο,
1194 2977 1261 3032 δι’
1290 2981 1438 3048 ἡμᾶς
1462 2978 1517 3030 δὲ
1540 2976 1727 3031 δούλου
1779 2992 1914 3045 μορ-

343 3071 449 3141 φὴν
498 3071 757 3141 είληφὼς,
805 3072 902 3124 καὶ
949 3070 1134 3133 δοῦλος
1175 3070 1294 3142 μεθ’
1346 3069 1503 3139 ἡμῶν
1547 3067 1909 3138 κεκλημένος.

2015 1893 2298 1958 indicant,
2330 1900 2392 1949 ut
2430 1894 2784 1965 paternitatis
2825 1902 2884 1951 et
2928 1895 3211 1951 ﬁliationis
3246 1910 3427 1952 voces.
3464 1897 3590 1953 Hice

2014 1987 2163 2042 enim
2209 2001 2322 2041 non
2374 1986 2712 2051 essentiam,
2762 1986 2858 2042 sed
2910 1986 3237 2042 relationem
3282 1987 3585 2043 declarant.

2019 2075 2179 2131 Sicut
2217 2089 2354 2145 ergo
2386 2074 2457 2131 de
2492 2076 2802 2146 ignorantia
2845 2089 2876 2128 a
2922 2076 3082 2131 nobis
3128 2075 3336 2130 dictum
3382 2085 3497 2142 est,
3541 2076 3588 2130 si

2015 2167 2252 2223 exilibus
2320 2165 2777 2237 cogitationibus,
2822 2165 2930 2220 hoc
2955 2172 3041 2221 est
3090 2165 3390 2221 subtilibus
3420 2166 3588 2220 animi

2016 2257 2596 2323 considerationibus,
2641 2257 2695 2313 id
2736 2257 2884 2327 quod
2927 2263 3174 2313 creatum
3217 2264 3340 2320 est,
3387 2258 3457 2311 ab
3505 2256 3592 2311 ln-

2017 2351 2202 2400 creato
2246 2344 2597 2412 seiunxeris,
2659 2344 2876 2400 servilis
2935 2352 3022 2400 est
3092 2346 3428 2409 caro,~nisi
3481 2344 3593 2399 Deo

2019 2435 2199 2491 Verbo
2231 2436 2488 2505 copulata
2516 2443 2682 2491 esset.
2708 2436 2779 2489 At
2804 2448 2930 2490 cum
2960 2433 3134 2491 semel
3164 2435 3465 2490 secundum
3496 2436 3591 2506 hy-

2016 2526 2279 2596 postasim
2308 2525 2464 2581 unita
2498 2526 2603 2590 sit,
2637 2540 2875 2597 quonam
2910 2533 3073 2596 pacto
3097 2540 3260 2582 serva
3289 2523 3589 2582 eritiCum

2016 2614 2164 2670 enim
2196 2614 2456 2671 Christus
2484 2629 2628 2671 unus
2662 2614 2766 2681 sit,
2794 2615 3068 2686 suiipsius
3102 2614 3353 2689 profecto
3374 2622 3430 2670 et
3471 2629 3588 2669 scr-

2018 2722 2120 2761 vus
2160 2717 2212 2761 et
2247 2707 2515 2763 Dominus
2554 2723 2678 2764 esse
2718 2722 2826 2762 non
2869 2714 3069 2778 potest.
3122 2706 3249 2762 Haec
3287 2707 3433 2762 enim
3483 2722 3591 2760 non

2019 2815 2084 2854 ex
2120 2801 2186 2855 iis
2218 2810 2349 2855 sunt
2380 2814 2504 2869 quae
2536 2800 2792 2856 absolute
2828 2798 3114 2862 dicuntur,
3153 2799 3250 2854 sed
3290 2814 3414 2868 qute
3453 2800 3595 2853 rela-
3655 2869 3659 2874 ν

2019 2891 2167 2946 tione
2197 2892 2262 2945 ad
2299 2892 2555 2945 alterum.
2586 2891 2883 2962 Cujusnam
2916 2893 3083 2962 igitur
3111 2907 3303 2947 servus
3331 2891 3471 2945 erit?
3493 2889 3592 2944 Pa—

2021 2982 2238 3036 trisne?
2264 2982 2405 3051 Ergo
2430 2997 2539 3035 non
2561 2983 2749 3035 omnia
2774 2996 2895 3051 qua:
2917 2983 3082 3037 habet
3105 2981 3285 3046 Pater,
3314 2981 3432 3035 Filii
3458 2996 3595 3051 quo-

2020 3086 2128 3141 que
2164 3082 2313 3125 sunt.
2364 3070 2648 3142 Siquidem
2682 3071 2861 3128 Patris
2908 3089 3103 3129 servus
3137 3081 3256 3135 est,
3291 3072 3377 3127 sui
3409 3081 3590 3125 autem

354 3139 732 3235 ’Ᾰπαθὴςήγὰρ
787 3160 882 3227 ὢν,
914 3139 1483 3232 δι’ήμᾶςνὲδούλευσε
1537 3158 1756 3217 πάθεσι,
1820 3155 1908 3207 καὶ

2018 3160 2196 3229 ipsius
2225 3159 2472 3214 minime.
2504 3158 2753 3225 Quonam
2780 3169 2960 3215 autem
2991 3161 3154 3213 modo
3182 3160 3249 3214 de
3278 3160 3439 3214 nobis
3458 3198 3472 3219 ,
3499 3160 3593 3227 qui

349 3256 583 3317 διάκονος
608 3254 706 3326 τῆς
731 3253 889 3326 ἡμῶν
940 3251 1215 3323 σωτηρίας
1269 3249 1516 3317 γέγονεν.
1546 3248 1610 3299 Οί
1641 3246 1697 3299 δὲ
1727 3244 1912 3311 λέγον-

336 3363 429 3411 τες
455 3346 614 3401 αὐτὸν
636 3346 818 3399 δοῦλον
834 3344 1083 3398 διιστῶσι
1107 3344 1200 3396 τὸν
1258 3342 1355 3395 ἕνα
1384 3338 1620 3410 Χριστὸν
1660 3338 1739 3398 είς
1780 3335 1905 3397 δύο,

338 3440 589 3509 καθάπερ
610 3438 926 3509 Νεστόριος.
953 3438 1146 3508 Ἡμεῖς
1176 3436 1232 3489 δὲ
1261 3434 1534 3501 Δεσπότην
1584 3429 1745 3483 αὐτόν
1802 3443 1910 3495 φας

340 3548 440 3601 μεν
475 3530 787 3600 καὶΚύριον
810 3530 1100 3600 πάσηςτῆς
1123 3528 1374 3593 κτίσεως,
1405 3523 1496 3578 τὸν
1525 3523 1621 3576 ἕνα
1650 3519 1908 3592 Χριστὸν,

334 3621 428 3674 τὸν
461 3622 623 3675 αὐτὸν
656 3621 789 3690 ὁμοῦ
838 3620 973 3674 Θεόν
1001 3637 1059 3672 τε
1087 3620 1180 3673 καὶ
1230 3617 1541 3687 ἄνθρωπον,
1586 3613 1683 3667 καὶ
1730 3612 1911 3664 πάντα

333 3712 570 3766 εἰδέναι·
611 3714 715 3767 Ἐν
733 3710 892 3777 αὐτῷ
918 3711 1030 3781 γάρ
1083 3712 1202 3765 εισι
1262 3707 1489 3773 πάντες
1527 3707 1583 3759 οἱ
1609 3702 1909 3773 θησαυροὶ

334 3799 442 3868 τῆς
474 3803 694 3871 σοφίας
727 3801 954 3870 καὶτῆς
968 3799 1263 3871 γνώσεως,
1294 3803 1348 3855 οί
1372 3799 1733 3866 ἀπόκρυφοι.

2017 3265 2115 3320 per
2165 3266 2290 3307 eum
2332 3250 2578 3321 adoptati
2624 3267 2857 3316 sumus,
2900 3250 3198 3320 Apostolus
3238 3250 3313 3303 ait
3348 3267 3363 3302 ;
3406 3248 3595 3317 Itaque

2009 3343 2130 3407 jam
2178 3358 2282 3395 non
2323 3352 2401 3397 est
2449 3358 2665 3406 servus,
2711 3341 2803 3396 sed
2851 3340 2996 3410 ﬁtius
3028 3337 3097 3405 ⁸⁸,
3153 3337 3425 3408 siquidem
3477 3338 3595 3405 ipse

2020 3445 2215 3486 servus
2258 3420 2541 3487 exsistat?
2587 3431 2663 3485 Ex
2711 3446 2823 3501 quo
2868 3438 3017 3501 patet
3062 3444 3185 3484 eum
3231 3427 3595 3498 appellatione

2019 3524 2135 3578 sola
2179 3522 2291 3577 dici
2341 3538 2561 3578 servum
2589 3562 2604 3587 ,
2655 3536 2780 3577 cum
2826 3523 2932 3576 hoc
2979 3520 3205 3575 minime
3251 3520 3356 3583 sit,
3402 3534 3593 3574 verum

2019 3612 2194 3668 nostri
2231 3627 2403 3667 causa
2441 3612 2587 3667 servi
2625 3612 2859 3667 formam
2894 3611 3245 3682 susceperit,
3289 3625 3597 3680 servosque

2021 3705 2311 3759 nobiscum
2345 3705 2419 3760 sit
2450 3713 2703 3759 vocatus.
2734 3700 2868 3756 Nam
2903 3718 3027 3758 cum
3061 3703 3131 3758 ab
3161 3703 3310 3757 omni
3343 3702 3598 3772 passione

2022 3795 2287 3851 immunis
2318 3802 2500 3860 esset,
2533 3795 2711 3850 nostri
2743 3808 2912 3849 causa
2945 3793 3300 3864 passionibus
3326 3791 3593 3858 servivit,

329 3897 644 3967 Salutisque
689 3904 897 3953 nostrae
937 3896 1249 3952 ministerio
1292 3893 1619 3964 perfunctus
1650 3900 1758 3947 est.
1801 3891 1878 3945 Illi
1919 3897 2100 3945 autem
2149 3891 2241 3960 qui
2287 3906 2508 3946 servum
2548 3905 2675 3947 eum
2720 3889 2948 3953 dicunt,
2992 3904 3160 3942 unum
3201 3888 3483 3943 Christum
3526 3887 3591 3941 ad

332 3988 511 4045 instar
556 3985 799 4043 Nestorii
832 3987 888 4041 in
923 3987 1063 4043 duos
1093 3985 1367 4041 dividunt.
1414 3984 1485 4038 At
1530 3999 1635 4039 nos
1684 3982 1876 4037 herum
1912 3983 2090 4051 ipsum
2132 3982 2370 4037 dicimus
2394 4022 2408 4047 ,
2448 3981 2809 4051 omniumque
2845 3988 3225 4036 creaturarum
3265 3979 3592 4041 Dominum,

332 4092 503 4129 unum
534 4074 814 4131 Christum
841 4113 858 4141 ,
906 4075 1163 4131 eumdem
1194 4073 1358 4130 simul
1389 4072 1559 4127 Deum
1603 4078 1769 4141 atque
1808 4071 2084 4127 homincm
2108 4113 2121 4137 ,
2155 4081 2209 4128 ct
2242 4075 2333 4144 qui
2366 4073 2506 4129 sciat
2546 4075 2771 4141 omnia;
2808 4072 2876 4128 In
2919 4074 3032 4142 ipso
3084 4073 3217 4128 enim
3256 4080 3379 4126 sunt
3416 4086 3593 4123 omnes

332 4170 570 4226 thesauri
606 4172 882 4237 sapientia:
907 4179 955 4224 et
987 4170 1221 4224 scientia:
1254 4166 1551 4222 abseonditi
1578 4166 1644 4220 ⁸⁸.

813 4264 1066 4318 Restm.
1093 4264 1198 4316 KB'
1233 4261 1414 4335 [ει-,τη

858 4353 999 4422 Περὶ
1021 4352 1351 4422 προκοπῆς.

398 4447 738 4517 Προκόπτειν
767 4444 824 4499 δὲ
852 4444 1075 4512 λέγεται
1102 4443 1286 4515 σοφίᾳ,
1319 4445 1411 4497 καὶ
1448 4443 1656 4515 ἡλικίᾳ,
1696 4443 1789 4495 καὶ
1808 4442 1907 4512 χὰ-

404 4602 453 4633 ⁸⁷
484 4600 654 4671 Creg.
687 4596 818 4654 Naz.
842 4605 989 4654 orat.
1013 4597 1105 4654 24.

2561 4257 2756 4314 CAP.
2836 4253 3058 4309 XXII.

2626 4348 2699 4400 De
2730 4346 2989 4414 profectu.

2083 4439 2288 4496 Christi
2321 4438 2594 4509 profectus
2629 4435 2893 4505 sapientia
2920 4444 2968 4488 et
2995 4435 3193 4506 gratia.
3224 4432 3412 4489 Gratia
3440 4431 3592 4488 Chri-

1204 4595 1250 4629 ⁸⁸
1278 4594 1470 4652 Galat.
1504 4611 1574 4658 iv,
1606 4597 1657 4648 7.
1748 4596 1794 4628 ⁸⁹
1833 4594 2049 4649 Coloss.
2087 4608 2144 4652 ιι.
2181 4593 2234 4647 5.

1617 4709 1850 4772 VARUS
1891 4706 2186 4764 LECTION
2196 4706 2299 4763 ES.

399 4811 423 4850 κ
454 4810 708 4867 Nonnulli
738 4809 899 4866 codd.
932 4808 1150 4880 δούλην.
1228 4807 1245 4847 ι
1289 4808 1405 4863 Duo
1434 4808 1558 4864 cod.
1597 4809 1826 4876 ἥνωται.

378 4970 411 4995 ο
1838 4922 2074 4980 NOTAE.

408 5024 519 5092 (Eii)
570 5024 770 5078 Ἰστέον
816 5024 893 5078 δέ.
965 5020 1112 5078 Illud
1169 5036 1371 5093 quoque
1431 5023 1726 5083 sciendum.
1791 5033 1899 5076 etc.
1934 5016 2225 5093 ολιανῷν,
2257 5017 2614 5093 [Iulianarum
2646 5017 2917 5093 meminit,
2963 5019 3057 5089 qui
3107 5018 3418 5093 forsan__ita
3451 5031 3581 5076 sunt

324 5091 596 5153 Quamvis
633 5093 823 5148 Patres
852 5094 1075 5149 Arianis
1104 5091 1485 5149 concesserint
1514 5093 1791 5146 Christum
1830 5093 1903 5146 ob

328 5170 673 5231 assumptam
704 5171 956 5231 naturam
987 5178 1205 5218 servmn
1243 5165 1295 5216 in
1321 5162 1602 5231 Scriptura
1636 5162 1901 5224 vocitari;

325 5236 578 5286 attamen
606 5230 676 5283 ad
700 5230 1079 5286 Nestorianam
1105 5233 1353 5286 fraudem
1381 5230 1786 5291 declinandam,
1832 5231 1903 5284 ob

321 5311 401 5347 ea
443 5300 843 5364 nuncupatione
881 5300 1078 5357 Noster
1101 5312 1289 5357 censet
1338 5302 1747 5356 abstinendum.
1784 5300 1904 5367 Quo

328 5373 743 5446 vero‘auctore,
794 5372 1018 5446 assequi
1059 5387 1167 5427 non
1221 5373 1393 5446 potui.
1455 5371 1623 5446 Multa
1676 5369 1899 5446 Patrum

325 5437 541 5502 quinti,
594 5437 752 5499 sexti,
808 5437 1131 5509 septi‘mique
1172 5437 1361 5496 saeculi
1416 5441 1691 5496 volumina
1727 5441 1902 5508 perie-

2017 5088 2293 5157 appellati,
2323 5086 2453 5154 quia
2485 5088 2769 5143 Christum
2808 5088 2862 5144 in
2898 5086 3181 5145 servorum
3212 5090 3460 5142 ordinem
3502 5106 3591 5139 ro-

2013 5160 2276 5225 digerent.
2333 5157 2586 5225 Ejusdem
2618 5159 2907 5213 sententia:
2953 5161 3172 5213 fuerunt
3206 5158 3357 5212 Felix
3392 5164 3444 5209 et
3479 5157 3590 5210 Eli-

2013 5229 2223 5299 pandus
2257 5243 2397 5296 quos
2444 5229 2718 5284 Adrianus
2758 5236 2812 5283 et
2843 5228 3086 5299 synodus
3121 5225 3586 5280 Francol‘ordicn-

2012 5297 2090 5353 sis
2149 5297 2500 5354 damnavere.
2555 5300 2624 5352 At
2680 5313 2810 5353 vero
2876 5297 2935 5351 S.
3008 5299 3245 5351 'l‘homas
3311 5308 3367 5345 ιιι
3439 5305 3580 5361 part.

2011 5380 2207 5436 quam.
2238 5367 2331 5434 20,
2361 5376 2467 5421 art.
2507 5370 2558 5430 1,
2590 5369 2749 5423 docet
2794 5367 2927 5421 nihil
2976 5368 3250 5431 prohibere
3308 5363 3581 5419 Christum

2011 5435 2184 5492 dicere
2214 5435 2372 5491 Patri
2401 5439 2717 5508 subjectum,
2750 5439 2827 5491 vel
2855 5453 3057 5489 servum
3090 5441 3301 5508 propter
3328 5439 3580 5508 naturam

321 5511 493 5577 runt,
515 5502 960 5577 quorumaliqua
987 5502 1112 5564 dum
1145 5511 1261 5566 haec
1288 5511 1580 5577 scriberet,
1609 5511 1679 5567 ob
1703 5502 1897 5566 oculos
2007 5509 2294 5561 humanam
2320 5524 2340 5562 :
2367 5502 2751 5562 conuenientius
2775 5514 2947 5577 tamen
2973 5503 3239 5577 essehane
3260 5502 3581 5557 determina-

325 5573 593 5651 habebat.
632 5573 1205 5651 _Sophronius,_epist.
1262 5581 1329 5636 ad
1382 5573 1713 5651 Sergfpost
1752 5580 1895 5634 Mar-

324 5642 602 5699 cianistas
632 5642 919 5701 Iiwrcticos
949 5647 1041 5715 qui
1079 5642 1281 5707 saeculo
1311 5667 1359 5704 vi
1397 5642 1733 5723 prodierunt,
1771 5653 1897 5703 Aou-

2008 5578 2198 5631 tionem
2239 5593 2534 5646 apponere;
2561 5574 3001 5646 quemadmodum
3043 5571 3303 5646 dicendus
3354 5587 3456 5626 non
3495 5585 3577 5627 est

2008 5658 2250 5702 creatura
2274 5644 2343 5701 ad
2375 5644 2675 5703 evitandum
2701 5659 2928 5697 errorem
2960 5644 3096 5710 Arii,
3118 5650 3224 5698 ctc.
3450 5670 3453 5673 -
