4026 6156
453 348 592 414 I087

1628 354 1688 414 S.
1725 355 2045 419 JOANNIS
2073 361 2502 423 DAMASCENI

3571 362 3709 428 1088

449 458 521 513 sti
551 460 744 514 anima
777 475 840 513 ea:
870 462 1060 513 unione
1105 470 1154 513 et
1179 469 1236 512 ut
1273 462 1324 514 in
1353 463 1524 531 capite
1550 473 1600 519 et
1629 466 1795 535 fonte.
1818 499 1892 512 -—
1914 470 2044 526 Ριό⁴

2155 476 2360 544 ριτι,τῇ
2387 474 2484 543 μὲν
2522 472 2709 545 ἡλικίᾳ
2741 472 2942 540 αῦξων,
2993 473 3081 527 διὰ
3100 474 3265 545 δέτῆς
3295 472 3577 545 αὐξήσεως
3592 474 3711 545 (5‘2)

450 550 619 604 ﬁcere
649 559 834 605 autem
874 550 1152 619 sapientia
1195 559 1251 605 et
1292 561 1456 608 aetate
1498 563 1553 610 et
1590 558 1767 626 gratia
1810 560 2028 617 idcirco

449 640 657 695 dicitur
678 642 746 703 “,
772 641 918 709 quod
942 648 1102 694 aetate
1126 643 1347 709 quidem
1376 656 1654 701 cresceret
1680 664 1694 711 ;
1727 662 1825 719 per
1850 653 2027 708 aetatis

451 746 635 791 autem
671 744 1024 806 augmentum
1049 776 1064 798 ,
1118 738 1445 807 sapientiam
1501 756 1626 811 quae
1660 742 1715 797 in
1767 759 1830 799 se
1872 757 2026 811 erat,

452 828 507 881 in
543 828 721 881 lucem
762 825 1080 896 proferret;
1114 843 1179 882 ac
1204 838 1500 898 propterea
1544 833 1690 901 quod
1741 836 2025 890 hominum

451 918 504 970 in
535 917 806 985 sapientia
835 923 889 971 et
918 917 1094 986 gratia
1125 933 1480 989 progressum
1501 959 1517 984 ,
1548 930 1903 994 paternaeque
1929 940 2028 980 vo-

452 1007 682 1060 luntatis
708 1008 1081 1077 expletionem
1105 1048 1119 1073 ,
1158 1009 1262 1063 hoc
1288 1018 1411 1074 est,
1449 1010 1735 1067 hominum
1771 1013 1824 1067 in
1859 1013 2027 1069 Deum

453 1098 614 1155 ﬁdem
660 1107 827 1170 atque
870 1101 1146 1165 salutem,
1193 1099 1500 1169 proiectum
1552 1117 1714 1157 suum
1766 1103 2025 1169 duceret,

455 1192 658 1260 ubique
691 1194 836 1261 quod
887 1201 1139 1247 nostrum
1174 1200 1293 1247 erat
1339 1192 1447 1246 sibi
1494 1193 1787 1251 vindicans
1816 1196 1885 1250 “.
1923 1196 2027 1262 Qui

454 1291 634 1338 autem
661 1283 740 1338 sic
763 1298 888 1337 eum
918 1282 1188 1352 sapientia
1218 1289 1275 1337 et
1301 1283 1477 1352 gratia
1507 1283 1813 1353 profecisse
1839 1288 1993 1341 aiunt
2011 1331 2027 1356 ,

456 1385 716 1444 tanquam
766 1373 964 1427 borum
1016 1375 1420 1428 incrementum
1473 1374 1783 1443 acciperet,
1838 1391 1949 1431 non
1999 1391 2029 1432 a

458 1468 637 1539 primo
668 1466 855 1521 carnis
888 1474 1015 1520 ortu
1055 1464 1259 1519 iactam
1292 1480 1419 1521 esse
1449 1465 1611 1536 247
1644 1467 1902 1523 unionem
1939 1483 2031 1524 as-

2135 562 2236 632 τῆς
2271 563 2489 633 ἡλικίας
2508 563 2609 633 τὴν
2635 563 3049 637 ἐνυπάρχουσαν
3076 564 3222 633 αὐτῷ
3254 564 3445 634 σοφίαν
3489 565 3572 628 είς
3605 582 3714 633 φα-

2136 652 2366 722 νέρωσιν
2412 653 2560 721 ἄγων
2584 669 2597 684 ·
2627 652 2708 706 ἔτι
2739 652 2795 705 δέ
2826 653 2926 723 τὴν
2953 652 3062 706 τῶν
3122 652 3423 722 ἀνθρώπων
3452 655 3511 705 ἐν
3548 653 3753 767 σοφίαι·

2136 742 2224 767 ...Α
2246 741 2421 767 _.:._.-.
2444 742 2726 767 _---.-...L_.
2763 742 2851 767 -.-ι
2870 741 3139 767 -ι..--π-ι,
3157 758 3257 767 .-.,.
3279 741 3479 767 ..τη,π
3501 743 3614 767 η--
3627 745 3677 767 ,ι
3693 761 3713 767 ,

2136 742 2229 794 καὶ
2245 741 2427 813 χάριτι
2443 742 2747 813 προκοπὴν,
2763 742 2856 795 καὶ
2870 741 2968 813 τὴν
2979 741 3257 794 τελείωσιν
3278 741 3373 811 τῆς
3384 741 3480 794 τοῦ
3500 743 3713 812 Πατρὺς

2136 832 2404 896 εὐδοκίας,
2431 834 2598 904 ἤγουν
2616 834 2713 903 τὴν
2741 834 2847 887 τῶν
2868 832 3170 905 ἀνθρώπων
3193 834 3522 901 θεογνωσίαν
3537 852 3597 886 τε
3619 818 3725 888 καὶΙ

2137 924 2431 995 σωτηρίαν,
2453 923 2659 977 οίκείαν
2676 924 2960 994 προκοπὴν
2981 923 3329 992 ποιούμενος,
3354 925 3452 977 καὶ
3472 915 3726 995 οίκειούοί

2138 990 2302 1085 μενος
2361 1014 2638 1085 πανταχοῦ
2661 990 3031 1085 ἐδ-ἡμέτερον.
3060 1016 3123 1068 Οί
3149 990 3221 1068 ἠδὲ
3244 1016 3577 1084 προκόπτειν
3617 990 3729 1070 αύ-ὅ

2133 1102 2226 1156 τδν
2253 1102 2504 1171 λέγοντες
2536 1105 2700 1175 σοφίᾳ
2729 1105 2825 1157 καὶ
2852 1103 3060 1174 χάριτι,
3095 1103 3171 1167 ὡς
3200 1104 3525 1176 προσθήκην
3588 1105 3717 1159 τού·-

2135 1210 2245 1248 των
2275 1194 2560 1265 δεχόμενον
2590 1236 2604 1262 ,
2633 1196 2733 1248 οὐκ
2761 1194 2819 1261 ἐξ
2845 1196 3021 1266 άκρας
3050 1194 3338 1264 ὑπάρξεως
3362 1198 3463 1266 τῆς
3512 1196 3719 1267 σαρκὸς

2136 1283 2462 1352 γεγενῆσθαι
2492 1284 2592 1354 τὴν
2626 1283 2825 1337 ἕνωσιν
2850 1283 3118 1351 λέγουσιν,
3149 1283 3273 1345 οὐδέ
3307 1286 3407 1353 τὴν
3422 1284 3544 1337 καθ’
3582 1284 3718 1338 ὑπό·

2139 1389 2349 1439 στασιν,
2374 1374 2570 1428 ἕνωσιν
2604 1374 2988 1446 πρεσϐεύουσι,
3012 1374 3294 1443 Νεστορίῳ
3310 1373 3366 1426 δὲ
3391 1373 3469 1443 τῷ
3494 1374 3719 1443 ματαιό-

2138 1481 2296 1536 φρονι
2319 1465 2600 1536 πείθομαι,
2624 1464 2880 1537 σχετικὴν
2900 1466 3112 1528 ἕνωσιν,
3137 1464 3233 1517 καὶ
3248 1462 3413 1534 ψιλὴν
3436 1465 3720 1534 ἐνοίκησιν

459 1565 690 1619 serunt,
726 1570 831 1610 nec
861 1555 1122 1609 unionem
1159 1554 1468 1609 secundum
1500 1555 1837 1626 bypostasim
1870 1565 2029 1612 tuen-

2151 1556 2543 1627 ιερατεύονται,
2590 1557 2680 1627 μὴ
2726 1556 3129 1627 γινώσκοντες
3175 1552 3388 1625 μήτεὰ
3439 1553 3712 1623 λέγουσι,

459 1657 590 1714 tur;
623 1660 817 1700 verum
852 1646 1160 1700 vanissimo
1192 1642 1447 1700 Nestorio
1482 1647 1668 1715 potius
1713 1646 2031 1700 auscultan-

2151 1648 2288 1715 μήτε
2309 1649 2443 1716 περὶ
2501 1650 2688 1703 τίνων
2738 1647 3235 1703 διαϐεϐαιοῦνται.
3263 1647 3326 1699 Et
3360 1644 3470 1715 γὰρ
3500 1645 3717 1715 άληθῶς

458 1745 579 1802 tes,
613 1737 871 1792 unionem
908 1735 1200 1804 quamdam
1245 1724 1554 1791 secundum
1602 1735 1949 1791 aﬂ'ectionem
1977 1743 2031 1789 et

2151 1739 2325 1810 ἡνὼθη
2348 1740 2427 1809 τῷ
2481 1739 2603 1809 Θεῷ
2657 1740 2870 1807 Λόγῳή
2926 1737 3065 1807 σὰρξ
3096 1737 3155 1801 ἐξ
3177 1736 3354 1807 ἄκρας
3405 1733 3715 1805 ὑπάρξεως,

459 1835 803 1897 respectum,
855 1827 1165 1882 acnudam
1216 1827 1673 1881 inhabitationem
1716 1827 2037 1898 prodigiose

2151 1833 2342 1902 μᾶλλον
2370 1831 2425 1884 δὲ
2440 1830 2500 1884 ἐν
2526 1830 2677 1899 αὐτῷ
2708 1827 2921 1900 ὑπῆρξε
2950 1829 3046 1883 καὶ
3068 1828 3168 1897 τὴν
3186 1823 3560 1894 ὑποστατικὴν
3581 1823 3718 1893 πρὸς

459 1919 708 1986 tingunt,
748 1920 1040 1973 nescientes
1073 1935 1165 1972 nec
1204 1933 1324 1988 quia
1355 1916 1575 1984 dicunt,
1614 1934 1706 1972 nec
1744 1919 1808 1973 de
1844 1920 2034 1990 quibus

2151 1924 2311 1993 ιῦτὴν
2346 1922 2471 1993 ἔσχε
2517 1921 2844 1990 ταυτότητα,
2879 1920 2998 1984 πῶς
3046 1919 3108 1972 ού
3136 1918 3359 1981 τελείως
3414 1913 3718 1970 κατεπλού-

459 2009 725 2078 αῇὶνηιαηι
755 2011 826 2062 ⁸⁸.
858 2008 994 2064 Nam
1026 2009 1073 2063 si
1102 2023 1236 2063 caro
1265 2022 1295 2061 a
1327 2010 1508 2078 primo
1538 2010 1724 2063 statim
1753 2017 1878 2065 ortu
1908 2025 2037 2066 vere

2151 2032 2272 2083 r'qce
2301 2015 2482 2067 πᾶσαν
2499 2013 2697 2081 σοφίαν
2723 2013 2817 2065 καὶ
2839 2012 3031 2083 χάριν;
3064 2010 3181 2063 Οὐκ
3211 2008 3350 2080 αὐτὴ
3372 2008 3472 2078 τῆς
3497 2008 3720 2077 χάριτος

458 2101 571 2155 Deo
600 2101 755 2154 unita
781 2108 902 2165 est;
935 2099 1046 2153 imo
1079 2100 1264 2168 potius
1293 2100 1347 2154 in
1370 2099 1492 2169 ipso
1518 2101 1765 2165 exstitit,
1793 2110 1850 2157 et
1873 2101 2033 2157 iden-

2151 2104 2654 2175 μεταλαμβάνουσα,
2688 2102 2806 2155 οὐδὲ
2838 2102 2980 2156 κατὰ
3009 2100 3171 2171 χάριν
3217 2100 3327 2153 τῶν
3387 2097 3484 2151 τοῦ
3524 2098 3717 2164 ,Λόγου

461 2189 671 2243 titatem
698 2186 1003 2241 secundum
1042 2186 1383 2257 hypostasim
1414 2202 1542 2241 cum
1570 2202 1635 2243 eo
1667 2187 1902 2253 habuit;
1938 2189 2035 2259 qui

2151 2193 2460 2263 μετέχουσα,
2485 2191 2618 2246 ἀλλὰ
2642 2191 2838 2263 μᾶλλον
2868 2191 2958 2244 διὰ
2984 2189 3081 2261 τὴν
3105 2189 3226 2243 καθ’
3256 2187 3557 2242 ὑπόστασιν
3583 2185 3715 2239 ἐνω-

458 2280 575 2334 tieri
625 2279 837 2347 potuit,
891 2285 951 2333 ut
1002 2292 1114 2332 non
1163 2278 1422 2334 omnibus
1468 2293 1701 2349 prorsus
1748 2280 2035 2349 sapientia

2151 2300 2226 2337 rw
2249 2282 2359 2337 τῶν
2386 2300 2445 2336 τε
2468 2281 2843 2354 ἀνθρωπίνων,
2895 2281 3004 2336 τῶν
3035 2298 3095 2334 τε
3120 2279 3279 2333 θείων
3302 2277 3398 2332 τοῦ
3437 2279 3559 2341 ἐνὸς
3582 2278 3713 2346 Χρι-

459 2368 1015 2441 gratiaeque-dotibus
1043 2368 1363 2425 adluxerit?
1393 2368 1512 2424 Non
1552 2372 1772 2440 quidem
1803 2378 1863 2426 ut
1905 2386 2033 2442 gra-

2151 2373 2267 2426 στοῦ
2287 2374 2587 2442 γεγονότων
2602 2388 2617 2403 ο
2648 2371 2839 2430 ἐπειδὴ
2858 2374 2886 2425 ὁ
2902 2371 3064 2435 αὐτὸς
3087 2366 3157 2443 ἦν
3194 2371 3328 2434 Θεός
3356 2386 3416 2423 τε
3463 2367 3598 2439 όμοῦ
3620 2368 3716 2420 καὶ

459 2464 591 2515 tiam
625 2461 1020 2532 participaret,
1055 2475 1157 2515 nec
1196 2475 1296 2530 per
1324 2460 1559 2531 gratiam
1598 2462 1654 2516 in
1690 2462 2031 2518 communio-

2151 2464 2425 2535 Ξνθρωπος
2491 2463 2591 2534 τὴν
2613 2464 2795 2535 χάριν.
2828 2464 2925 2517 καὶ
2948 2463 3050 2533 τὴν
3107 2462 3323 2529 σοφίαν,
3364 2461 3462 2514 καὶ
3499 2459 3720 2513 πάντων

457 2570 582 2611 nem
616 2571 808 2610 eorum
841 2569 967 2625 qua:
997 2554 1160 2610 Verbi
1189 2564 1349 2609 erant
1386 2554 1643 2620 veniret;
1681 2556 1814 2623 quin
1848 2554 2039 2623 potius

2151 2552 2247 2606 τῶν
2268 2552 2490 2621 ἀγαθῶν
2519 2552 2622 2623 τὴν
2674 2551 2992 2623 πληρότητα
3019 2550 3100 2621 τῷ
3125 2551 3317 2619 κόσμῳ
3371 2546 3718 2619 πηγάξουσα.

459 2646 529 2700 ob
559 2646 820 2701 unionem
850 2645 999 2700 illam
1032 2645 1336 2700 secundum
1404 2645 1787 2715 hypostasim,
1851 2659 1978 2699 cum
2037 2643 2285 2698 humana
2330 2641 2627 2712 divinaque
2694 2643 2861 2697 unius
2900 2640 3107 2695 Christi
3165 2638 3388 2709 propria
3438 2636 3584 2691 facta
3627 2651 3720 2691 es-

459 2745 617 2825 sent,
655 2739 859 2809 quippe
893 2741 987 2810 qui
1027 2739 1172 2795 Deus
1208 2739 1378 2795 simul
1417 2739 1693 2810 homoque
1729 2746 1889 2805 erat,
1919 2739 2197 2811 gratiam”,
2227 2741 2281 2794 et
2320 2738 2688 2809 sapientiam,
2758 2743 2815 2792 et
2888 2736 3158 2792 bonorum
3227 2732 3475 2789 omnium
3545 2730 3724 2802 pleni:

461 2829 707 2884 tudinem
742 2829 915 2888 fontis
944 2832 1122 2888 instar
1156 2830 1364 2885 mundo
1396 2830 1722 2901 profuderit.

1032 2941 1190 2997 CAP.
1235 2940 1425 2997 XXIII.

2640 2935 2894 2992 ΚΕΦΑΛ.
2924 2935 3031 2988 κιν
3059 2932 3225 3010 ιεΖἹ.

1082 3053 1161 3108 De
1202 3055 1411 3109 timore.

2721 3047 2863 3115 Περὶ
2890 3045 3139 3113 δειλίας.

536 3147 717 3202 Timor
733 3146 949 3216 duplex.
985 3145 1117 3213 Quis
1145 3146 1307 3199 timor
1337 3145 1622 3209 naturalis,
1651 3152 1773 3200 etut
1802 3144 1855 3198 in
1882 3142 2041 3199 Chri-

2213 3141 2286 3195 Τὸ
2322 3140 2421 3210 τῆς
2468 3138 2669 3204 δειλίας
2707 3139 2877 3210 ὄνομα
2934 3138 3132 3209 διπλῆν
3180 3137 3293 3208 ἔχει
3338 3137 3439 3209 τὴν
3488 3135 3719 3191 ἔννοιαν.

463 3243 565 3288 sto.
584 3264 651 3274 -—
671 3233 911 3288 'l‘imoris
939 3248 1138 3307 nomen
1161 3233 1439 3302 duplicem
1479 3233 1642 3288 habet
1668 3233 2032 3289 intellectum.

2151 3233 2303 3287 Ἔστι
2348 3231 2458 3301 γὰρ
2487 3231 2660 3286 δειλία
2706 3231 2932 3301 φυσικὴ,
2978 3231 3054 3300 μὴ
3086 3228 3348 3299 θελούσης
3397 3228 3501 3298 τῆς
3543 3227 3725 3298 ψυχῆς

464 3323 560 3379 Est
587 3327 732 3380 enim
784 3325 948 3378 timor
984 3325 1275 3389 naturalis,
1324 3324 1547 3394 quando
1597 3325 1778 3379 anima
1819 3323 2037 3394 sejungi

2151 3323 2483 3393 διαιρεθῆναι
2505 3323 2598 3376 τοῦ
2637 3323 2912 3394 σώματος,
2939 3322 3028 3376 διὰ
3072 3322 3172 3393 τὴν
3203 3321 3265 3387 ἐξ
3288 3321 3469 3393 ἀρχῆς
3502 3322 3609 3394 ὑπο
3632 3318 3725 3374 τοῦ

466 3432 574 3469 nun
609 3417 784 3469 vulta
835 3430 1069 3485 corpore
1121 3415 1192 3471 ob
1237 3416 1549 3470 naturalem
1602 3415 1943 3471 aﬂectionem
1986 3424 2041 3471 et

2151 3413 2489 3487 Δημιουργοῦ
2511 3413 2824 3467 ἐντεθεῖσαν
2846 3414 2984 3485 αὐτῇ
3012 3412 3253 3482 φυσικὴν
3283 3412 3639 3483 συμπάθειαν
3667 3428 3728 3468 τε.

466 3505 953 3570 necessitudinem,
984 3506 1076 3577 qui
1108 3521 1176 3561 ex
1209 3506 1443 3576 ipsemet
1479 3512 1604 3559 ortu
1641 3505 1710 3558 ab
1740 3504 1941 3575 Opiﬁce
1989 3503 2039 3560 ei

2151 3504 2241 3558 καὶ
2261 3504 2594 3573 οίκειότητα,
2619 3504 2686 3557 δι’
2710 3505 2778 3575 ἢν
2807 3503 3057 3573 φυσικῶς
3093 3505 3343 3573 φοϐεῖται
3376 3505 3473 3558 καὶ
3513 3506 3726 3574 ἀγωνιᾷ

358 5252 365 5258 ³
477 5235 779 5296 cretionem
829 5235 1114 5305 sapientiae
1151 5236 1454 5289 accessisse
1501 5246 1681 5305 negat.

468 3595 633 3648 insita
685 3606 792 3658 est,
848 3611 956 3665 qua
989 3597 1049 3650 lit
1107 3606 1166 3651 ut
1236 3596 1612 3666 pertimescat,
1674 3604 1930 3665 angatur,
1987 3599 2043 3649 et

469 3692 700 3738 mortem
738 3697 974 3741 recuset.
1010 3688 1182 3757 Cujus
1222 3688 1442 3742 timoris
1474 3687 1588 3740 haec
1629 3686 1878 3743 deﬁnitio
1912 3694 2038 3741 est:

470 3774 661 3830 Timor
695 3778 964 3830 naturalis
1008 3788 1092 3833 est
1127 3779 1209 3834 vis
1247 3780 1351 3835 sibi
1394 3794 1521 3835 esse
1565 3777 1880 3836 vindicandi
1913 3793 2040 3833 cum

471 3866 855 3920 contractione
882 3866 948 3920 ".
982 3866 1118 3920 Nam
1150 3869 1279 3938 quia
1308 3878 1516 3924 cuncta
1538 3885 1603 3924 ex
1636 3869 1812 3924 nihilo
1837 3883 1869 3921 a
1904 3866 2047 3922 Con-

471 3954 652 4009 ditore
696 3970 882 4010 rerum
928 3956 1195 4027 producta
1245 3969 1392 4022 sunt,
1461 3958 1674 4012 idcirco
1730 3958 2050 4012 naturaliter

471 4060 599 4101 esse
633 4052 920 4116 appetunt,
968 4046 1399 4116 haudquaquam
1454 4062 1584 4102 vero
1623 4062 1731 4101 non
1775 4062 1920 4101 esse.
1955 4045 2051 4101 llis

472 4144 656 4191 autem
703 4152 733 4190 a
765 4146 964 4191 natura
1019 4139 1304 4208 proprium
1356 4144 1462 4203 est,
1492 4146 1552 4190 ut
1593 4137 1648 4191 in
1683 4152 1745 4190 ea
1782 4135 2050 4203 ferantur,

471 4246 711 4299 quarunt
748 4245 851 4301 ope
880 4230 1216 4286 consistunt.
1251 4229 1527 4295 Quocirca
1575 4227 1668 4282 Dei
1716 4242 1935 4297 quoque
1966 4226 2055 4282 Fi-

476 4322 608 4390 Iitts,
644 4337 768 4377 cum
815 4321 999 4377 factus
1037 4329 1183 4376 esset
1216 4320 1404 4383 homo,
1444 4318 1590 4373 hunc
1622 4319 1919 4388 appetitum
1955 4319 2052 4372 ha-

2149 3595 2246 3649 καὶ
2274 3595 2627 3664 παραιτεῖται
2656 3593 2746 3646 τὸν
2776 3593 3031 3659 θάνατον,
3065 3589 3133 3666 ἦς
3170 3595 3296 3665 ὅρος
3320 3610 3335 3624 ·
3376 3594 3519 3647 κατὰ
3563 3593 3727 3661 φύσιν

2154 3685 2326 3741 δειλία
2360 3685 2478 3737 ἐστὶ
2508 3684 2739 3755 δύναμις
2774 3685 2917 3741 κατὰ
2966 3685 3233 3757 συστολὴν
3283 3685 3377 3740 τοῦ
3400 3685 3557 3747 ὄντος
3594 3684 3726 3736 ἀνθ-

2152 3776 2445 3844 εκτική.Εῐ
2473 3775 2582 3847 γάρ
2610 3779 2675 3829 ἐκ
2702 3776 2796 3829 τοῦ
2824 3776 2900 3848 μὴ
2925 3776 3077 3841 ὄντος
3106 3778 3186 3841 είς
3206 3778 3264 3829 τὸ
3294 3772 3429 3831 εἶναι
3457 3773 3717 3844 παρήχθη

2153 3866 2260 3920 ὑπὸ
2297 3864 2390 3918 τοῦ
2422 3864 2771 3935 Δημιουργοῦ
2817 3866 2890 3920 τὰ
2921 3866 3121 3934 πάντα,
3151 3864 3238 3919 τοῦ
3292 3861 3428 3916 εἶναι
3452 3903 3467 3927 ,
3515 3862 3611 3914 καὶ
3643 3862 3709 3913 ού

2153 3956 2247 4010 τοῦ
2286 3956 2361 4025 μὴ
2397 3947 2539 4009 εἶναι
2583 3955 2686 4025 τὴν
2727 3955 2914 4025 ἔφεσιν
2968 3956 3082 4031 ἔχει
3114 3957 3365 4027 φυσικῶς.
3391 3951 3611 4005 Τούτων
3656 3950 3719 4005 δέ

2156 4045 2300 4099 κατὰ
2342 4044 2505 4114 φύσιν
2538 4045 2688 4112 ίδιον,
2712 4047 2745 4115 ὴ
2777 4047 2917 4116 πρὸς
2942 4047 3009 4100 τά
3045 4043 3342 4100 συστατικὰ
3372 4042 3539 4113 ὁρμή·
3574 4039 3676 4095 καὶ
3697 4043 3729 4101 ὁ

2155 4137 2292 4202 Θεὸς
2321 4138 2504 4206 Λόγος
2527 4139 2708 4192 τοίνυν
2736 4139 3025 4210 ἄνθρωπος
3056 4140 3348 4209 γενόμενος
3372 4136 3496 4207 ἔσχε
3522 4135 3731 4205 ταύτην

2160 4230 2261 4300 τὴν
2285 4228 2496 4300 ἔφεσιν,
2536 4230 2594 4284 ἐν
2621 4229 2720 4301 μὲν
2750 4233 2862 4294 τοῖς
2894 4232 3238 4292 συστατικοῖς
3269 4228 3370 4297 τῆς
3396 4227 3611 4296 φύσεως
3636 4226 3734 4298 τὴν

2163 4319 2344 4390 ὁρμὴν
2374 4318 2753 4391 ἐνδειξάμενος
2783 4319 3042 4392 βρώσεώς
3070 4338 3130 4374 τε
3158 4321 3253 4375 καὶ
3301 4318 3536 4385 πόσεως,
3565 4317 3737 4373 ὕπνου

518 4462 587 4538 ⁸⁸⁸
620 4506 753 4560 Luc.
787 4523 845 4571 ιι,
889 4507 976 4561 52.
1055 4507 1095 4538 "
1128 4505 1291 4573 Grex.
1331 4503 1460 4560 Νη.
1491 4512 1628 4561 orat.
1661 4503 1732 4559 20
1768 4513 1825 4560 et
1851 4504 1941 4559 36.
2041 4507 2086 4539 "
2116 4503 2138 4558 l
2163 4504 2305 4559 Tim.
2344 4521 2381 4570 t,
2413 4507 2465 4561 7.
2546 4507 2592 4539 ”
2641 4503 2783 4561 Max.
2819 4501 2966 4557 Dial.
3002 4519 3123 4557 cum
3160 4500 3394 4572 Pyrrho.

1987 4655 2219 4711 ΝΟΤᾹΣ.

497 4725 502 4728 Ι
546 4750 658 4822 (52)
689 4750 787 4822 Δμιά
812 4750 1000 4822 δέ-τῆς
1049 4750 1350 4822 αὐξήσεως.
1384 4752 1487 4806 Per
1514 4755 1689 4808 a’tatis
1712 4764 1910 4818 autem,
1936 4761 2044 4808 etc.

2154 4758 2409 4822 enarrat;
2463 4759 2586 4822 tum_
2610 4750 2795 4822 alium
2850 4749 3016 4822 addit
3049 4763 3136 4822 ex_
3159 4745 3426 4822 Iheologi
3448 4750 3732 4822 'orat._56.

473 4819 830 4880 Athanasius,
880 4819 976 4887 lib.
1006 4834 1059 4870 tv
1082 4819 1236 4874 Cant.
1284 4823 1535 4887 Arianos,
1572 4824 1715 4878 haud
1748 4824 1857 4877 alio
1888 4823 2051 4877 modo

474 4889 757 4962 Christum
807 4885 1109 4962 profecisse
1154 4890 1424 4962 sapientia
1456 4885 1665 4954 censet,
1723 4908 1885 4962 quam
1936 4907 2053 4962 am-

476 4958 636 5031 pliori
658 4955 878 5031 deitatis
897 4971 1009 5009 sua:
1036 4955 1378 5031 ostensione,
1406 4955 1807 5031 συνεπιδέδοέαι
1830 4964 1886 5016 ἐν
1907 4961 2054 5031 αὐτῷ

476 5025 509 5100 ἦ
538 5029 638 5101 τῆς
667 5025 922 5101 θεότητος
966 5025 1294 5101 φανέρωσις.
1328 5028 1439 5101 Nec
1466 5031 1675 5101 abludit
1715 5025 2054 5101 Theologus‘,

475 5095 638 5170 epist.
681 5099 731 5164 1,
761 5095 826 5170 ad
860 5095 1092 5170 Cledon.
1131 5095 1184 5148 in
1217 5111 1322 5170 q_u__a
1357 5099 1684 5170 Apollinei-ii
1710 5095 2057 5156 criminatio;

478 5164 579 5225 nes
608 5165 1020 5247 propulsat..At
1050 5177 1199 5246 .orat.
1235 5164 1691 5245 20,'humanitati
1720 5182 1939 5288 (ﬁloque
1965 5184 2059 5225 ac-

478 5241 779 5294 cretionem
829 5242 1114 5294 sapientia:
1151 5249 1454 5289 acceSSIsse
1501 5246 1681 5294 negat.
1782 5239 2059 5294 roﬁciebat

1782 5248 2059 5292 νοηοιθυαι

477 5321 534 5362 ut
559 5318 736 5367 a’tate.
780 5307 977 5376 inquit,
1009 5306 1086 5360 sic
1125 5314 1169 5376 et
1214 5306 1477 5372 sapientia
1505 5320 1523 5368 ;
1557 5307 1630 5358 Οὐ
1656 5305 1735 5374 τῷ
1763 5305 2061 5376 λαμϐάνειν

477 5380 650 5432 ταῦτα
671 5373 919 5449 αὔξησίν,
943 5394 1045 5431 non
1064 5374 1245 5449 ut_lta'c
1259 5376 1637 5449 incrementum
1655 5373 1900 5449 caperent
1916 5373 2062 5449 (nam

480 5449 573 5501 illo
603 5449 693 5516 qui
734 5442 982 5502 ab'initt'o
1012 5446 1279 5518 perfectus
1316 5445 1439 5518 fuit,
1477 5445 1604 5518 quid
1642 5442 1752 5499 esse
1779 5442 2060 5518 perfectius

481 5513 682 5585 queat),
722 5518 858 5570 ἀλλὰ
909 5518 986 5588 τῷ
1013 5513 1178 5571 ’κατὰ
1209 5587 1215 5588 γ
1228 5513 1423 5587 μικρὸν
1467 5513 1643 5569 ταῦτα
1669 5513 2062 5588 παραγυμνοῖ)-

486 5592 630 5645 συαι,
696 5588 790 5638 καὶ
821 5585 1306 5656 παρεκφαίνεσθαι,
1332 5585 1428 5641 sed
1460 5603 1577 5640 cum
1601 5586 1888 5656 sensint_ea
1912 5585 2057 5656 dete-

487 5662 755 5726 gtft'cnlurl
782 5664 829 5707 et
865 5653 913 5707 in
941 5653 1133 5726 ducem
1173 5656 1463 5726 prodirent.
1487 5655 1761 5726 Concinit
1792 5653 2056 5726 Cyrillus,

490 5719 586 5779 tib.
626 5735 685 5773 tu
718 5719 871 5775 Cont.
930 5719 1429 5796 Nestor.,'quorum
1467 5742 1688 5783 sensum
1721 5719 1917 5780 Noster
1967 5722 2054 5777 hic

2156 4819 2212 4875 S.
2238 4816 2525 4882 Maximus,
2554 4819 2695 4876 Dial.
2715 4836 2833 4873 cum
2856 4818 3048 4888 Pyrrh.
3070 4817 3137 4872 ad
3159 4816 3547 4888 Nestorianam
3562 4819 3741 4874 labem

2158 4893 2420 4946 accedere
2465 4892 2562 4953 ait,
2597 4890 2851 4959 quisquis
2892 4886 3183 4943 Dominum
3234 4886 3575 4959 addiscendo
3605 4903 3738 4959 pro:

2157 4961 2356 5017 fecisse
2392 4961 2572 5027 dicat;
2600 4956 2703 5015 nec
2733 4956 2988 5027 dissentit
3027 4964 3221 5027 auctor
3260 4956 3633 5027 Qua'stionunt
3672 4956 3740 5010 ad

2156 5031 2498 5086 orthodoxos
2538 5025 2681 5084 inter
2707 5042 2873 5098 Opera
2903 5026 3108 5083 Justini
3146 5025 3218 5081 Μ.
3248 5026 3745 5098 Quocircamirari

2158 5102 2332 5164 subit,
2381 5098 2671 5154 Leontium
2704 5095 2969 5168 Agnoetis
3017 5096 3366 5168 concessisse
3413 5095 3743 5168 Christum;

2162 5187 2271 5240 qua
2320 5175 2486 5240 homo
2522 5180 2662 5234 erat,
2694 5165 2863 5240 multa
2895 5165 3219 5240 nesciyisse,
3253 5165 3749 5240 qua:_proﬁ_eiendo

2164 5233 2436 5309 sapientia
2461 5245 2515 5309 e_t
2542 5247 2706 5293 aetate
2734 5236 3016 5309 didicerit.
3044 5233 3285 5309 Legerat
3319 5233 3511 5309 utique
3545 5235 3746 5309 librum

2162 5303 2436 5363 Ambrosii
2476 5307 2547 5361 De
2585 5307 2974 5374 incarnatione,
3003 5306 3096 5373 qui
3127 5318 3155 5356 a
3189 5303 3751 5374 temporibusAEphe-

2165 5378 2272 5430 sini
2312 5377 2535 5446 concilii
2559 5378 2613 5430 in
2652 5376 2891 5446 linguam
2919 5371 3163 5446 Graecam
3194 5387 3502 5446 conversus
3547 5371 3748 5446 fuerat.

2165 5455 2220 5500 et
2250 5446 2305 5500 in
2345 5462 2455 5516 quo
2481 5445 2686 5500 dicitur
2714 5441 2977 5516 Christus
3016 5442 3341 5516 profecisse,
3369 5452 3531 5516 (etate
3573 5441 3750 5495 homi—

2168 5518 2272 5583 nis,
2296 5512 2379 5569 ita
2400 5527 2449 5570 et
2476 5516 2741 5583 sapientia
2775 5514 3004 5568 hominis
3027 5526 3044 5564 :
3072 5512 3218 5565 unde
3243 5513 3597 5567 concluditur
3618 5525 3755 5565 cou-

2167 5594 2251 5639 tra
2285 5586 2658 5655 Apollinarem
2692 5585 2745 5639 in
2776 5601 2842 5639 eo
2878 5583 3336 5655 fuissescnsum,
3383 5597 3482 5655 seu
3513 5588 3754 5655 ruentem

2168 5649 2427 5711 hominis.
2464 5653 2610 5724 Idem
2640 5664 2917 5724 rcpererat
2955 5652 3007 5707 in
3040 5650 3181 5707 libro
3217 5649 3453 5722 Nysseni
3484 5649 3759 5707 adversus

2164 5724 2313 5778 hunc
2353 5723 2707 5790 hmrcticum,
2731 5741 2784 5778 ιι.
2818 5723 2908 5778 ‘28.
