4026 6156
347 312 482 381 1089

1401 300 1498 360 DE
1534 297 1709 359 FIDE
1737 287 2199 356 ORTHODOXA
2243 286 2392 346 LIB.
2428 283 2541 345 ῐῐῐ.

3460 273 3597 340 1090

344 438 401 475 τε
428 419 736 490 ἐφιέμενος,
770 414 865 469 καὶ
897 413 1141 482 φυσικῶς
1172 411 1229 463 ὲν
1260 408 1427 479 πείρᾳ
1452 406 1657 461 τούτων
1692 402 1919 473 γενόμε-

2027 398 2164 459 buit,
2195 411 2359 451 suam
2388 393 2608 462 quidem
2643 403 2771 459 erga
2815 387 2905 442 illa
2946 400 3066 456 quae
3106 392 3357 440 naturam
3390 382 3596 438 consti-

344 525 429 571 νος
449 486 563 558 ’γὲν
590 504 646 558 δὲ
677 505 789 565 τοῖς
823 500 1142 571 φθαρτικοῖς
1172 496 1271 567 τὴν
1321 493 1599 565 ἀφορμὴν,
1630 493 1706 555 ὡς
1748 492 1804 543 ὲν
1835 486 1913 558 τῷ

344 596 516 668 καιρῷ
549 595 755 657 πάθους
786 591 1049 652 ἑκουσίως
1098 588 1197 659 τὴν
1245 587 1378 657 πρὸς
1410 584 1504 638 τὸν
1552 583 1782 638 θάνατον
1821 597 1913 634 συ-

288 726 293 731 -
341 688 533 759 στολὴν
558 683 909 754 ποιήσασθαι.
935 683 997 733 Εἰ
1016 680 1125 751 γὰρ
1152 679 1246 731 καὶ
1267 677 1417 747 νόμῳ
1448 674 1664 747 φύσεως
1702 673 1915 741 ἐγίνετο

340 779 403 831 vi
434 775 729 844 γινόμενα,
787 771 901 825 ἀλλ’
955 771 1016 823 οὐ
1069 768 1194 824 καθ’
1252 768 1400 838 ἡμᾶς
1453 761 1908 835 ήναγκασμὲνως.

350 863 649 923 Ἑκουσίως
678 861 789 932 γὰρ
822 859 892 915 τά
927 859 1136 929 φυσικά
1162 857 1334 912 θέλων
1371 854 1719 921 κατεδέξατο.
1744 853 1911 905 ’Ὥστε

339 955 481 1023 αὐτὴ
510 957 542 1022 ή
571 952 767 1015 δειλία,
800 951 896 1004 καὶ
929 953 956 1004 6
985 949 1171 1019 φόϐος,
1206 950 1301 1003 καὶ
1337 950 1370 1019 ἡ
1397 948 1629 1015 ἀγωνία,
1672 944 1781 998 τῶν
1812 961 1910 1012 φυο

342 1045 509 1099 σικῶν
544 1046 660 1097 ἐστι
700 1043 794 1095 καὶ
831 1042 1175 1113 άδιαϐλήτων
1206 1038 1419 1104 παθῶν,
1450 1038 1546 1091 καὶ
1586 1036 1663 1107 μὴ
1690 1037 1913 1119 ὑποκει-

348 1137 523 1205 μένων
547 1124 817 1205 ἁμαρτία.

2023 498 2191 543 luunt
2242 484 2669 556 propensionem
2722 478 3043 542 ostendens,
3101 486 3215 530 tum
3255 475 3364 530 cibi
3408 483 3597 543 potus-

2019 595 2124 650 que
2158 588 2212 632 ct
2262 575 2444 632 somni
2495 571 2822 644 cupiditate,
2892 576 3006 622 tum
3072 566 3220 621 facto
3277 566 3474 619 horum
3524 578 3592 618 ex

2017 680 2232 725 natura:
2263 667 2482 736 legibus
2526 662 2819 735 periculo;
2852 661 2907 716 in
2945 661 3015 714 iis
3055 665 3237 712 autem
3282 671 3404 726 quae
3457 657 3596 709 inte-

2016 761 2183 814 ritum
2252 756 2501 825 pariunt,
2547 754 2731 826 fugam
2792 749 3161 822 praetendens,
3204 755 3265 801 ut
3318 744 3596 815 passionis

2019 857 2267 918 tempore
2297 847 2491 902 mortis
2538 846 2733 899 timore
2774 840 3084 897 voluntarie
3125 835 3595 905 compressionem

2019 938 2325 994 admiserit.
2378 937 2700 1005 Quanquam
2741 933 2888 988 enim
2942 939 3154 984 naturae
3204 928 3322 994 lege
3369 924 3594 989 ﬁebant,

2019 1048 2144 1103 quae
2175 1031 2415 1097 ﬁebant;
2445 1038 2501 1083 at
2534 1042 2643 1081 non
2680 1033 2741 1080 ut
2773 1023 2829 1078 in
2866 1021 3026 1076 nobis
3067 1021 3118 1073 vi
3149 1027 3202 1073 et
3258 1013 3594 1071 necessario.

2018 1125 2094 1179 Ea
2141 1123 2409 1194 siquidem
2457 1134 2580 1190 quae
2626 1126 2825 1171 natura
2874 1122 3053 1175 erant,
3098 1118 3297 1180 sponte
3330 1116 3385 1162 et
3419 1107 3597 1161 libens

342 1200 603 1293 suscepit.
643 1200 718 1276 Ac
751 1200 978 1291 proinde
1019 1228 1193 1275 metus
1221 1216 1333 1281 hic,
1369 1224 1424 1272 et
1466 1214 1782 1287 trepidatio,
1814 1229 2119 1284 pavorque,
2169 1211 2441 1266 naturalis
2506 1216 2563 1263 et
2618 1206 2920 1275 inculpata,
2965 1217 3069 1257 nec
3140 1200 3394 1269 subjecta
3470 1211 3598 1266 pec-

340 1327 464 1370 cato
490 1314 705 1368 aﬂ’ectio
746 1320 850 1366 est.

413 1407 570 1459 Ἐστι
594 1405 755 1461 πάλιν
780 1403 973 1469 δειλία,
998 1404 1031 1474 ἡ
1058 1412 1123 1456 ὲκ
1155 1401 1449 1474 προδοσίας
1480 1401 1757 1472 λογισμῶν
1785 1415 1912 1453 συν-

343 1498 633 1567 ισταμένη,
694 1496 792 1550 καὶ⁵
832 1495 1114 1561 ἀπιστίας,
1157 1494 1251 1548 καὶ
1285 1493 1381 1546 τοῦ
1414 1495 1628 1562 ἀγνοεῖν
1675 1492 1773 1564 τὴν
1819 1490 1913 1545 τοῦ

341 1586 569 1640 θανάτου
614 1585 802 1656 ὥραν,
851 1585 927 1649 ὡς
974 1586 1104 1638 ὅταν
1158 1583 1354 1655 νυκτὸς
1402 1582 1690 1651 δειλιῶμεν
1739 1581 1915 1652 ψόφου

340 1679 485 1742 τινὸς
512 1652 834 1746 γινομένου·
882 1676 1005 1747 ἥτις
1060 1652 1210 1745 ποιρά
1272 1674 1436 1743 φύσιν
1486 1674 1655 1736 ἐστὶν,
1709 1673 1777 1743 ἢν
1822 1671 1918 1724 καὶ

2027 1664 2147 1735 quis
2205 1659 2401 1714 mortis
2470 1658 2662 1711 horam
2698 1655 2932 1724 ignoret,
2977 1652 3223 1720 exsurgit
3277 1670 3291 1705 :

341 1770 649 1842 ὁριζόμενοι
678 1767 911 1838 λέγομεν
937 1785 952 1799 ο
982 1767 1134 1838 παρά
1178 1766 1339 1835 φύσιν
1374 1765 1547 1819 δειλία
1583 1763 1701 1817 ἐστὶ
1734 1761 1916 1832 παρά-

342 1862 497 1930 λογος
520 1859 772 1929 συστολή.
811 1858 1029 1928 Ταύτην
1056 1859 1083 1911 6
1115 1856 1321 1927 Κύριος
1353 1856 1415 1908 οὐ
1452 1854 1803 1930 προσήκατο·
1837 1851 1918 1903 διὸ

343 1922 760 2006 οὐδὲήὲδειλίασέ
790 1966 944 2015 ποτε,
972 1922 1020 2002 ἐι
1055 1948 1129 2019 μὴ
1162 1922 1219 2000 ἐν
1252 1945 1330 2017 τῷ
1357 1945 1451 1998 τοῦ
1476 1922 1685 2007 πάθους
1719 1939 1917 2011 καιρῷ,

346 2045 396 2096 εἰ
430 2044 525 2095 καὶ
551 2041 914 2112 οἰκονομικῶς
946 2041 1141 2094 ἑαυτὸν
1173 2038 1491 2093 συνέστελλε
1522 2035 1785 2098 πολλάκις
1807 2049 1818 2063 ⁸
1857 2034 1917 2087 οὐ

345 2135 453 2206 γὰρ
482 2135 668 2204 ἠγνόει
700 2133 791 2187 τὸν
819 2133 1032 2203 καιρόν.

420 2390 542 2443 Ὅτι
578 2389 637 2442 δὲ
666 2387 885 2459 άληθῶς
910 2388 1197 2454 ἐδειλίασε,
1234 2385 1401 2457 φησὶν
1452 2388 1481 2441 6
1520 2386 1663 2459 ἱερὸς
1697 2385 1925 2441 Ἀθανά-

350 2497 465 2545 σιος
488 2484 545 2534 ἐν
567 2479 643 2551 τῷ
683 2481 824 2534 κατά
850 2480 942 2534 τοῦ
974 2476 1353 2550 ’Λπολιναρίου
1380 2477 1555 2549 λόγῳο
1592 2495 1610 2529 ι
1636 2477 1737 2530 Διά
1764 2476 1924 2529 τοῦτο

348 2574 379 2626 6
401 2572 605 2644 Κύριος
633 2569 819 2640 ἔλεγεν
839 2589 853 2604 ο
878 2572 1010 2627 Νῦν
1037 2570 1075 2641 ἡ
1103 2570 1276 2639 ψυχή
1297 2588 1417 2639 μου
1445 2566 1816 2637 τετάρακται.
1850 2567 1925 2620 Τὺ

348 2661 429 2726 δὲ,
451 2663 587 2725 νῦν,
628 2661 786 2714 τοῦτό
817 2662 989 2724 ἐστιν,
1022 2662 1109 2714 ὅτε
1141 2660 1430 2732 ἠθέλησεν,
1471 2660 1620 2731 ὅμως
1655 2660 1840 2731 μέντοι
1864 2660 1926 2712 τὸ

350 2753 408 2806 ὂν
448 2751 845 2804 ἐπιδείκνυται·
894 2753 956 2805 οὐ
993 2752 1099 2823 γάρ
1141 2751 1202 2805 τὸ
1236 2752 1314 2823 μὴ
1350 2751 1409 2806 ὃν
1450 2750 1525 2815 ὡς
1578 2751 1753 2823 παρὸν
1793 2751 1926 2806 ὠνό-

354 2841 548 2911 μαζεν,
582 2843 658 2906 ὡς
695 2843 917 2913 δοκήσει
958 2844 1263 2915 γινομένων
1291 2845 1402 2897 τῶν
1444 2844 1787 2914 λεγομένωνο
1820 2842 1926 2914 φύ-

274 2992 301 3001 l
356 2950 441 2986 σει
467 2935 577 3004 γὰρ
611 2934 705 2986 καὶ
735 2933 966 3004 ἀληθερςι
993 2935 1063 2987 τὰ
1102 2936 1281 2988 πάντα
1326 2936 1556 3003 ἐγίνετο.
1593 2954 1611 2986 ι
1646 2936 1757 2988 Καὶ
1806 2934 1925 3004 μεθ’

2099 1390 2229 1456 Quis
2262 1403 2365 1440 non
2409 1382 2698 1438 naturalis.
2751 1381 2909 1435 [huic
2938 1378 3179 1434 Christus
3210 1394 3313 1431 non
3358 1378 3595 1433 admisit.

2021 1482 2171 1536 --Et
2213 1492 2436 1534 rursum
2484 1475 2635 1529 aliud
2687 1473 2904 1527 timoris
2942 1488 3139 1542 genus,
3177 1472 3321 1541 quod
3356 1486 3420 1525 ex
3451 1472 3601 1542 cogi-

2021 1574 2295 1628 tationum
2341 1565 2649 1623 defeetione
2693 1572 2747 1618 et
2784 1562 3109 1623 diliidentia,
3145 1576 3321 1630 exque
3361 1575 3426 1615 eo
3453 1560 3599 1630 quod

3355 1662 3417 1706 υι
3472 1667 3619 1706 cum

2021 1761 2209 1817 noctu,
2255 1751 2453 1805 oborto
2505 1748 2693 1816 aliquo
2749 1745 3013 1813 strepitu,
3054 1745 3249 1798 timore
3277 1743 3546 1797 amcimur
3581 1761 3597 1797 :

2019 1845 2114 1915 qui
2147 1841 2368 1913 quidem
2422 1840 2588 1893 timor
2637 1852 2747 1891 non
2798 1834 3069 1889 naturalis
3099 1840 3207 1899 est,
3246 1832 3438 1903 sicque
3466 1832 3602 1889 deli-

2021 1934 2214 1988 nitur:
2256 1931 2446 1986 Timor
2506 1942 2615 1982 non
2664 1924 2960 1987 naturalis,
2995 1931 3080 1979 est
3131 1922 3428 1993 improvisa
3466 1938 3602 1979 con-

2021 2023 2245 2079 tractio.
2310 2021 2470 2075 llunc
2517 2034 2685 2089 porro
2748 2017 3000 2072 timorem
3057 2014 3323 2069 Dominus
3358 2030 3467 2070 non
3507 2029 3599 2070 as-

2022 2114 2279 2184 sumpsit.
2310 2111 2658 2181 Quapropter
2682 2123 2962 2180 nunquam
2998 2107 3208 2171 timuit,
3241 2106 3346 2162 nisi
3385 2106 3596 2178 passio-

2022 2206 2108 2261 nis
2150 2213 2394 2274 tempore
2437 2219 2451 2255 :
2498 2201 2605 2256 etsi
2647 2200 2853 2271 alioqui
2900 2205 3056 2255 certo
3097 2198 3337 2262 consilio
3362 2213 3506 2269 saepe
3538 2214 3601 2256 se

2023 2295 2308 2353 subduxit.
2343 2293 2460 2347 Non
2496 2292 2643 2347 enim
2677 2299 2893 2361 tempus
2927 2289 3241 2361 ignorabat.

2093 2385 2251 2452 Quod
2292 2393 2476 2439 autem
2522 2398 2653 2437 vere
2697 2381 2967 2444 timuerit,
3014 2381 3176 2435 testis
3231 2387 3318 2436 est
3368 2387 3603 2436 sanctus

2023 2478 2359 2532 Athanasius
2415 2476 2471 2529 in
2524 2472 2789 2529 Oratione
2860 2470 3125 2525 adversus
3200 2469 3600 2539 Apollinarium

2024 2570 2113 2625 liis
2150 2568 2358 2623 verbis:
2393 2584 2411 2618 ι
2458 2564 2543 2620 0b
2576 2579 2694 2619 eam
2744 2576 2971 2617 causam
3031 2559 3251 2616 dicebat
3288 2559 3553 2617 Dominus
3585 2579 3598 2614 :

2026 2660 2184 2714 Nunc
2235 2660 2413 2714 anima
2460 2672 2576 2711 mea
2605 2654 2817 2709 turbata
2861 2664 2937 2709 est
2964 2653 3033 2706 ⁸⁸.
3086 2651 3244 2719 Quod
3283 2661 3463 2707 autem
3501 2651 3601 2716 ait,

2027 2769 2183 2819 nunc,
2216 2752 2359 2806 idem
2394 2755 2483 2806 est
2522 2763 2610 2815 ac,
2663 2762 2790 2802 cum
2840 2745 3035 2801 voluit.
3079 2746 3337 2799 Attamen
3372 2744 3424 2797 id
3455 2746 3600 2813 quod

2026 2854 2147 2901 erat
2183 2842 2451 2899 ostendit.
2484 2839 2606 2897 Non
2657 2839 2805 2895 enim
2855 2837 2991 2893 illud
3030 2836 3178 2908 quod
3227 2852 3336 2891 non
3371 2843 3512 2900 erat,
3539 2851 3603 2889 ac

2028 2936 2077 2992 si
2110 2935 2277 3006 248
2306 2934 2571 2997 adesset,.
2600 2930 2906 2986 nominavit
2954 2948 2967 2984 :
3023 2928 3251 3000 perinde
3300 2928 3512 2983 scilicet
3542 2941 3607 2981 ac

355 3023 522 3094 ἕτερα
542 3040 555 3054 ·
588 3041 606 3074 ι
634 3023 905 3094 Οὐδαμῶς
933 3024 988 3078 δὲ
1029 3025 1223 3097 θεότης
1253 3026 1427 3088 πάθος
1463 3025 1775 3095 προσίεται,
1801 3025 1921 3094 δίχα

2030 3029 2075 3084 si
2109 3030 2165 3082 in
2195 3027 2435 3097 speciem
2464 3026 2732 3081 duntaxat
2774 3024 2972 3080 tierent
3002 3038 3066 3079 ea
3098 3036 3223 3093 qua:
3250 3021 3602 3077 dicebantur.

360 3113 670 3183 πάσχοντος
710 3112 986 3184 σώματος,
1029 3115 1152 3167 οὐδὲ
1179 3113 1426 3185 ταραχὴν
1467 3115 1561 3167 καὶ
1600 3112 1779 3184 λύπην
1810 3115 1931 3166 ὲπι-

355 3201 654 3267 δείκνυται,
675 3203 800 3273 δίχα
818 3201 998 3274 ψυχῆς
1015 3203 1359 3275 λυπουμένης
1373 3204 1464 3256 καὶ
1494 3204 1926 3275 ταρασσομένης·

356 3291 480 3346 οὔτε
506 3294 768 3366 ἀδημονεῖ
795 3295 887 3348 καὶ
937 3295 1324 3366 προσεύχεται,
1365 3294 1488 3364 δίχα
1511 3296 1751 3364 νοήσεως
1802 3295 1933 3365 ἀδη-

362 3382 629 3453 μονούσης
677 3384 771 3436 καὶ
824 3382 1306 3453 προσευχομένης·
1343 3380 1482 3435 ἀλλά
1547 3380 1657 3452 γὰρ
1707 3378 1808 3433 κᾶν
1856 3380 1930 3451 μὴ

359 3473 634 3542 ἡττήματι
665 3475 882 3542 φύσεως
920 3475 1205 3527 συνέϐαινε
1230 3473 1298 3527 τὰ
1327 3472 1609 3543 γινόμενα,
1660 3470 1776 3525 ἀλλ’
1804 3472 1932 3524 ὲπι-

358 3561 525 3626 δείξει
559 3565 848 3635 ὑπάρξεως
878 3565 1088 3633 ἐγίνετο
1111 3574 1174 3621 ω.
1207 3582 1227 3616 ι
1276 3563 1349 3617 Τὸ
1380 3563 1459 3624 δὲ,
1501 3562 1791 3631 ἡττήματι
1822 3563 1933 3631 φύ-

359 3667 513 3720 σεως
536 3655 635 3724 μὴκ
654 3657 1011 3725 συμϐαίνειν
1048 3657 1117 3711 τὰ
1147 3659 1449 3727 γινόμενα,
1479 3654 1541 3707 τὸ
1568 3653 1643 3726 μὴ
1659 3653 1935 3717 ἀκουσίως

357 3746 533 3799 ταῦτα
574 3748 812 3817 ὐπομένε
822 3765 890 3811 ιν,
921 3749 1093 3820 δηλοῖ.

2033 3117 2241 3173 Natura
2270 3119 2417 3173 enim
2445 3133 2510 3172 ac
2540 3132 2667 3171 vere
2688 3116 2872 3170 omnia
2906 3115 3129 3170 ﬁebant.
3148 3113 3262 3168 »Αο
3292 3120 3415 3183 post
3443 3112 3552 3165 alia
3587 3128 3602 3165 :

2034 3206 2197 3262 Nullo
2226 3216 2411 3263 autem
2438 3207 2602 3262 modo
2644 3206 2899 3261 divinitas
2924 3205 3236 3275 passionem
3258 3203 3456 3273 recipit
3486 3203 3609 3258 sine

2037 3311 2268 3365 corpore
2301 3296 2447 3367 quod
2475 3297 2742 3367 patiatur,
2770 3310 2871 3350 nec
2894 3295 3014 3351 sine
3042 3295 3226 3349 anima
3259 3309 3380 3364 quae
3412 3293 3608 3349 triste-

2037 3398 2130 3440 tur
2156 3402 2220 3440 ac
2247 3387 2524 3453 turbetur,
2573 3386 2942 3441 turbationem
2989 3399 3398 3454 maeroremque
3423 3392 3610 3439 osten-

2038 3474 2119 3530 dit
2147 3493 2161 3529 :
2201 3490 2379 3545 neque
2407 3475 2568 3530 anxia
2595 3483 2699 3536 est,
2730 3484 2784 3530 et
2823 3482 3015 3555 exorat
3046 3482 3226 3528 mente
3260 3486 3625 3543 nequaquam.

2038 3567 2201 3619 anxia
2235 3574 2290 3620 et
2320 3574 2605 3621 exorante.
2632 3565 2845 3621 Etenim
2884 3564 3139 3635 quamvis
3177 3580 3286 3619 non
3322 3565 3481 3619 victa:
3508 3578 3609 3617 na-

2039 3663 2179 3711 tura:
2234 3656 2683 3713 consternatione
2745 3656 2851 3712 ista
2898 3657 3304 3727 contingerent,
3366 3663 3608 3709 attamen

2040 3747 2185 3803 facta
2208 3757 2341 3804 sunt
2381 3756 2443 3803 ut
2486 3749 2612 3819 quis
2640 3756 2787 3803 esset
2842 3748 3018 3819 paiam
3072 3748 3446 3803 innotesceret
3475 3746 3544 3799 ’⁸.
3586 3763 3604 3795 ι

357 3835 516 3902 Quod
572 3844 754 3893 autem
810 3853 921 3893 non
966 3850 1177 3896 natura:
1227 3839 1640 3897 succumbentis
1711 3837 1928 3909 ignavia
1966 3840 2376 3911 contingerent,
2406 3856 2530 3913 quae
2568 3839 2795 3907 ﬁebant,
2842 3840 2971 3895 hinc
3002 3830 3178 3910 liquet
3239 3836 3389 3909 quod
3462 3826 3611 3890 haud

359 3926 568 3983 invitus
597 3941 660 3981 ea
688 3926 1040 3982 sustinuerit.

844 4017 1094 4070 κΕψΑΑ.
1130 4019 1232 4070 KA'
1265 4015 1434 4089 [ειη.

588 4107 726 4174 Περὶ
762 4106 872 4174 τῆς
910 4107 1017 4161 τοῦ
1062 4110 1281 4175 Κυρίου
1334 4108 1702 4178 προσευχῆς.

437 4197 719 4267 Προσευχή
760 4199 906 4249 ἐστιν
935 4196 1201 4262 ἀνάϐασις
1225 4198 1318 4252 νοῦ
1350 4198 1488 4269 πρὸς
1520 4198 1675 4263 Θεὸν,
1707 4198 1741 4268 ἢ
1778 4200 1934 4269 αἴτη-

2638 4014 2789 4071 CAI‘.
2818 4013 3010 4070 XXIV.

2543 4107 2616 4162 De
2649 4108 2863 4163 Domini
2892 4108 3151 4161 oratione.

2113 4198 2254 4267 Quid
2286 4199 2478 4265 oratio,
2510 4210 2665 4269 atque
2706 4208 2762 4251 ut
2789 4197 3033 4253 Christus
3069 4194 3316 4249 oraverit.
3338 4189 3612 4247 —Oratio

361 4302 454 4349 σις
484 4286 591 4338 τῶν
612 4287 999 4357 προσηκόντων
1032 4290 1182 4359 παρά
1211 4289 1372 4345 Θεοῦ.
1404 4289 1529 4353 Πῶς
1549 4292 1728 4344 τοίνυν
1761 4294 1789 4344 6
1819 4292 1921 4345 Κύ-

2041 4300 2127 4350 est
2174 4307 2440 4347 ascensus
2483 4292 2681 4346 mentis
2732 4290 2785 4342 in
2842 4287 3051 4342 Deum:
3107 4295 3202 4338 aut
3238 4298 3427 4337 eorum
3491 4299 3614 4353 qua:

365 4393 489 4449 ριος
514 4378 605 4430 ἐπὶ
652 4377 930 4448 Λαζάρου,
986 4381 1081 4433 καὶ
1121 4382 1180 4434 ὲν
1223 4381 1303 4451 τῷ
1350 4380 1529 4453 καιρῷ
1575 4382 1668 4436 τοῦ
1731 4383 1921 4444 πάθους

2044 4393 2414 4439 consentanea
2461 4390 2592 4437 sunt
2631 4379 2931 4451 postulatio
2966 4391 2994 4428 a
3037 4375 3166 4430 Deo.
3215 4374 3320 4440 Qui
3359 4390 3489 4446 ergo
3518 4375 3615 4428 iic-

360 4464 748 4535 προσηύχετος
806 4465 942 4519 Οΰτε
998 4466 1106 4538 γάρ
1158 4470 1479 4533 ἀναϐάσεως
1522 4471 1620 4541 τῆς
1666 4473 1803 4544 πρὸς
1849 4472 1921 4525 τὸη

2049 4458 2229 4529 δοῖύι
2271 4472 2531 4526 Dominus
2565 4470 2620 4523 in
2666 4466 2858 4521 Lazari
2903 4464 3263 4519 suscitatione
3298 4480 3362 4519 ac
3394 4464 3612 4535 passio-

360 4555 504 4611 Θεὸν
534 4556 707 4610 ὲδεῖτο
737 4557 765 4610 6
787 4556 939 4621 ἅγιος
968 4558 1134 4613 αὑτοῦ
1158 4560 1305 4627 νοῦς,
1332 4560 1479 4625 ἅπαξ
1498 4562 1618 4615 καθ’
1643 4564 1921 4617 ὑπόστασιε

2048 4569 2135 4622 nis
2193 4573 2443 4633 tempore
2483 4559 2711 4615 oraret?
2773 4570 2949 4625 neque
2996 4555 3143 4609 enim
3193 4565 3385 4610 sancta
3440 4556 3615 4627 ipsius

358 4650 449 4721 τῷ
476 4648 595 4719 Θεῷ
647 4648 806 4719 Λόγῳ
835 4650 1134 4721 ἡνωμένος,
1167 4651 1291 4705 οὔτε
1339 4653 1439 4722 τῆς
1487 4654 1638 4725 παρὰ
1681 4653 1817 4707 Θεοῦ
1860 4657 1921 4708 αἰη

2049 4671 2206 4712 mens
2230 4652 2534 4709 elevatione
2584 4650 2640 4703 in
2688 4647 2856 4703 Deum
2892 4646 3108 4717 egebat,
3141 4647 3343 4718 quippe
3373 4664 3497 4719 qua;
3527 4664 3615 4706 se.

356 4741 580 4811 τήσεως
601 4756 615 4771 ’
655 4735 737 4803 εἷς
756 4740 867 4810 γάρ
889 4741 1036 4794 ἐστιν
1063 4743 1092 4794 6
1119 4743 1383 4812 Χριστός·
1411 4743 1550 4797 ἀλλά
1576 4744 1640 4798 τὸ
1674 4745 1921 4817 ἡμέτεροτ

2050 4747 2156 4802 mel
2183 4744 2294 4799 Deo
2341 4741 2640 4799 secundum
2691 4739 3036 4809 bypostasim
3079 4739 3230 4794 unita
3279 4748 3471 4808 esset;
3516 4758 3619 4799 nec

358 4831 742 4902 οἰκειούμενος
781 4840 809 4869 ³³
844 4832 1160 4903 πρόσωπον,
1191 4836 1285 4887 καὶ
1329 4834 1521 4888 τυπῶν
1562 4838 1620 4888 ὲν
1670 4836 1851 4906 ἑαυτῷ
1883 4840 1921 4889 τέ

2043 4850 2264 4891 rursum
2299 4833 2349 4889 ei
2377 4847 2517 4902 opus
2546 4838 2687 4893 erat,
2710 4840 2767 4883 ut
2791 4827 3088 4899 quidquam
3120 4845 3151 4884 a
3183 4830 3293 4886 Deo
3314 4833 3620 4903 postularet

358 4924 664 4995 ⁴ἡμέτερον,
697 4925 791 4978 καὶ
822 4924 1194 4995 ὑπογραμμὸς
1232 4927 1361 4996 ήμῖν
1404 4927 1711 4998 γενόμενος,
1744 4928 1840 4981 καὶ
1868 4928 1919 4981 δι

2046 4929 2228 4998 (unus
2278 4927 2425 4981 enim
2462 4930 2546 4978 est
2573 4920 2890 4992 Christus),
2932 4938 3122 4977 verum
3161 4923 3293 4993 quia
3328 4940 3617 4995 personam

358 5013 590 5067 δάσκων
643 5017 789 5084 ἡμᾶς
827 5015 982 5087 παρά
1036 5016 1172 5070 Θεοῦ
1221 5019 1413 5082 αἰτεῖν,
1446 5018 1539 5071 καὶ
1598 5019 1737 5089 πρὸς
1785 5019 1917 5072 αὐτὸ

2045 5026 2292 5073 nostram
2350 5015 2678 5081 sustinebat,
2753 5013 2807 5069 id
2885 5012 3030 5084 quod
3087 5026 3336 5070 nostrum
3391 5024 3512 5070 erat
3562 5016 3618 5070 in

362 5102 778 5172 ἀνατείνεσθαι,
814 5107 909 5160 καὶ
932 5107 1023 5160 διὰ
1047 5105 1144 5161 τοῦ
1179 5107 1335 5176 ἁγίου
1363 5106 1530 5162 αὐτοῦ
1567 5108 1658 5161 νοῦ
1688 5109 1919 5162 ὁδοποιῶ

2050 5111 2233 5181 scipso
2281 5109 2613 5179 exprimens,
2665 5122 2788 5163 sese
2817 5107 2974 5162 nobis
3018 5108 3327 5177 exemplmn
3360 5106 3615 5176 praebuit,

371 5270 721 5399 ﬁngl‘ndoau.
785 5296 900 5346 xu,
947 5282 1036 5337 27.
1128 5285 1174 5317 "
1218 5283 1276 5337 S.
1340 5284 1601 5341 Atltanas.
1666 5284 1739 5338 De
1805 5284 2033 5340 saltari
2087 5283 2310 5338 adventu
2370 5283 2617 5348 Christi,
2681 5290 2871 5337 contra
2944 5280 3349 5351 Apollinarem,
3429 5294 3620 5337 versus

1693 5480 1927 5538 VARI/ﬁ
1968 5481 2143 5538 LECT
2153 5483 2372 5540 IONES.

452 5567 908 5653 ’ληρεῖ-ὡροψ.
944 5569 969 5622 1
1004 5571 1324 5653 ἐπράττετο.
1352 5577 1519 5634 Vetus
1555 5577 1785 5648 interpr.
1819 5581 2129 5646 agebantur.
2167 5576 2232 5630 Β.
2258 5576 2398 5633 292i
2435 5579 2642 5647 ἐγίνετο
2677 5574 2743 5629 τὰ
2776 5567 3101 5639 τελούμενα.
3180 5577 3205 5605 τι
3244 5568 3379 5635 Cod.
3421 5569 3479 5626 S.
3510 5572 3617 5629 llil.

361 5643 453 5698 ιι.
474 5640 530 5706 5,
564 5639 721 5696 Coib.
755 5638 781 5692 1
814 5638 1247 5709 οἰκειωσάμενος.
