4026 6156
386 270 517 337 1091

1570 269 1630 327 S.
1664 268 1984 330 JOANNIS
2023 270 2453 333 DAMASCENI

3508 274 3658 344 1092

383 379 636 437 docendo
670 394 770 436 nos
811 394 840 433 a
891 382 1003 436 Deo
1028 376 1313 446 postulare
1345 386 1399 432 et
1432 386 1644 432 mentes
1698 379 1765 431 ad
1812 380 1965 435 illum

2074 383 2203 453 ἡμῖν
2265 384 2364 453 τὴν
2410 383 2546 453 πρὸς
2577 383 2711 440 Θεὸν
2763 384 3027 441 ἀνάϐασιν
3057 395 3103 442 θ.
3155 388 3367 460 Ὠσπερ
3413 390 3530 463 γὰρ
3581 393 3656 445 τὰ

382 475 617 539 erigere,
653 484 859 541 perque
906 474 1159 525 sanctam
1194 478 1435 524 mentem
1466 483 1629 525 suam
1667 484 1961 526 ascensum

387 566 549 620 nobis
575 565 638 618 ad
674 563 843 616 Deum
873 560 1197 616 muniendo.
1240 560 1712 628 Quemadmodum
1733 562 1781 594 "
1813 561 1959 618 enim

383 656 674 724 passiones
700 652 988 717 tolerabat,
1013 659 1072 704 ut
1105 653 1285 717 nobis,
1305 651 1741 720 sicutdicebam,
1766 666 1961 709 ascen-

383 762 504 801 sum
555 744 622 797 ad
692 742 860 799 Deum
929 751 1239 809 sterneret,
1307 753 1364 800 et
1411 759 1512 815 pro
1554 743 1746 808 nobis,
1812 745 1964 799 velut

379 832 581 890 Joanni
634 835 838 897 aiebat,
884 834 1158 904 justitiam
1188 850 1409 891 omnem
1440 836 1697 906 impleret
1727 835 1795 902 ",
1832 849 1962 891 nos-

381 943 489 999 que
540 943 666 982 cum
722 927 886 983 Patre
936 926 1335 982 reconciliaret
1368 945 1379 979 :
1414 928 1497 984 sic
1537 927 1705 983 etiam
1741 936 1802 982 ut
1835 942 1960 983 eum

380 1035 481 1074 ceu
531 1018 864 1089 principium
908 1028 962 1075 et
1006 1032 1233 1074 causam
1286 1017 1372 1073 sui
1443 1019 1652 1073 honore
1698 1016 1960 1087 alliceret,

381 1127 551 1183 seque
578 1112 688 1165 Deo
722 1112 952 1166 minime
985 1110 1272 1166 adversari
1303 1118 1794 1167 commonstraret.
1824 1110 1960 1165 Nam

379 1205 603 1276 quando
620 1204 817 1260 Lazari
866 1217 1036 1258 causa
1083 1202 1303 1257 dicebat
1341 1219 1353 1253 :
1392 1200 1578 1267 Pater,
1625 1202 1833 1271 gratias
1864 1217 1962 1272 ago

380 1299 497 1365 tibi,
543 1299 796 1368 quoniam
828 1296 1028 1349 audisti
1083 1309 1185 1348 me.
1217 1291 1330 1362 Ego
1363 1302 1542 1346 autem
1581 1292 1810 1347 sciebam
1841 1294 1966 1363 quia

379 1407 583 1465 semper
604 1406 684 1443 me
713 1388 906 1454 audis;
957 1386 1049 1441 sed
1077 1394 1293 1456 propter
1332 1383 1587 1453 populum
1622 1384 1712 1449 qui
1735 1387 1965 1438 circum-

377 1492 510 1545 stat,
542 1482 678 1545 dixi,
712 1489 770 1534 ut
814 1479 1029 1533 credant
1059 1478 1188 1549 quia
1224 1485 1278 1530 tu
1318 1493 1401 1530 me
1448 1476 1647 1531 misisti
1684 1476 1751 1542 ⁹⁶;
1782 1490 1965 1531 annon

377 1574 557 1630 cuivis
588 1573 946 1645 perspicuum
984 1576 1070 1624 est
1111 1582 1234 1624 eum
1278 1582 1389 1622 non
1429 1566 1536 1622 alia
1566 1567 1634 1623 de
1663 1581 1834 1623 causa
1879 1567 1965 1623 bis

2066 474 2215 543 πάθη
2239 475 2557 544 ὑπέμεινεν,
2601 477 2733 547 ἡμῖν
2765 477 2865 548 τὴν
2902 479 3022 532 κατ’
3060 479 3242 533 αὐτῶν
3316 480 3477 553 νίκην
3512 480 3655 553 βραι

2066 562 2263 630 δεύων,
2301 563 2571 619 οὕτωκαὶ
2622 567 3009 638 προσεύχεται,
3065 570 3196 639 ἡμῖν
3239 570 3527 636 ὁδοποιῶν,
3573 571 3655 635 ὡς

2068 654 2227 726 ἔφην,
2271 656 2372 728 τὴν
2403 656 2539 728 πρὸς
2569 656 2703 712 Θεὸν
2739 659 3024 724 ἀνάϐασιν,
3051 660 3143 712 καὶ
3177 660 3317 732 ὑπὲρ
3351 663 3512 732 ἡμῶν
3537 664 3651 718 πᾶ·
3716 666 3727 679 ⁸

2067 766 2166 802 σαν
2202 748 2552 819 δικαιοσύνην
2575 750 2822 820 πληρῶν,
2846 750 2922 815 ὡς
2946 750 3050 823 ἔφη
3072 753 3212 822 πρὸς
3239 753 3518 820 Ἰωάννην,
3551 758 3652 810 καὶ

2068 838 2455 894 καταλλάττων
2482 842 2613 912 ἡμῖν
2634 842 2725 896 τὸν
2744 842 2941 897 ἑαυτοῦ
2972 843 3212 914 Πατέρα,
3242 845 3337 897 καὶ
3366 845 3444 909 ὡς
3470 845 3652 919 ἀρχὴν

2071 932 2165 985 καὶ
2195 932 2375 986 αἰτίαν
2401 931 2594 986 τοῦτον
2621 933 2822 1004 τιμῶν,
2841 932 2937 989 καὶ
2973 935 3211 1002 δεικνὺς,
3249 937 3326 1000 ὡς
3358 939 3460 993 οὐκ
3500 939 3653 993 ἐστιν

2070 1023 2337 1091 ἀντίθεος.
2370 1024 2500 1078 Ὅτε
2551 1026 2649 1096 μὲν
2681 1025 2791 1097 γὰρ
2837 1025 3026 1095 ἔλεγεν
3071 1028 3165 1081 ἐπὶ
3206 1028 3497 1101 Λαζάρουσ
3527 1029 3651 1084 Πά-

2068 1132 2188 1182 τερ,
2227 1116 2565 1185 εὐχαριστῶ
2611 1135 2733 1183 σοι,
2768 1118 2859 1173 ὅτι
2900 1119 3176 1188 ἤκουσάς
3200 1138 3343 1190 μου.
3390 1123 3540 1192 Ἐγὼ
3584 1123 3655 1176 δὲ

2070 1206 2265 1275 ᾔδειν,
2297 1206 2388 1262 ὅτι
2434 1209 2697 1264 πάντοτέ
2730 1228 2851 1281 μου
2880 1211 3143 1277 ἀκούεις,
3193 1212 3357 1266 ἀλλὰ
3402 1212 3502 1268 διὰ
3544 1215 3655 1268 τὸν

2069 1283 2491 1366 παρεστηκότα
2534 1300 2724 1370 ὄχλον
2761 1297 2968 1369 εἷπον,
3000 1303 3105 1356 ἵνα
3148 1302 3395 1373 γνῶσιν,
3444 1305 3536 1359 ὅτι
3568 1306 3653 1359 σύ

2063 1404 2143 1457 με
2173 1388 2562 1456 ἀπέστειλας,
2594 1392 2654 1444 οὐ
2702 1393 2836 1445 πᾶσι
2872 1391 3214 1461 σαφέστατον
3257 1394 3524 1462 πέφυκεν,
3568 1397 3654 1447 ὅτι

2068 1480 2145 1543 ὡς
2169 1480 2365 1534 ἑαυτοῦ
2395 1483 2491 1535 καὶ
2517 1483 2702 1537 αἰτίαν
2732 1483 2910 1552 τιμῶν
2933 1483 3025 1538 τὸν
3056 1483 3253 1538 ἑαυτοῦ
3286 1485 3532 1556 Πατέρα,
3554 1486 3655 1540 καὶ

2066 1568 2281 1633 δεικνὺς
2311 1571 2384 1634 ὡς
2406 1572 2507 1624 οὐκ
2540 1570 2690 1626 ἐστιν
2711 1571 2981 1638 ἀντίθεος,
3012 1571 3188 1626 ταῦτα
3213 1572 3416 1644 ἔφησεν
3440 1584 3467 1624 Ρ
3492 1591 3507 1639 ;

377 1667 562 1723 verbis
592 1680 753 1722 nsum
808 1677 952 1729 esse,
1007 1660 1115 1717 nisi
1178 1667 1238 1715 ut
1294 1658 1535 1723 Patrem,
1574 1670 1838 1731 tanquam
1912 1662 1998 1715 sui
2040 1662 2374 1735 principium
2446 1677 2502 1720 et
2540 1680 2766 1722 causam
2809 1665 3132 1731 honoraret,
3174 1682 3343 1739 seque
3387 1666 3498 1723 Deo
3558 1683 3654 1724 ne-

378 1776 653 1833 quaquam
688 1760 967 1815 adversari
1002 1754 1325 1812 ostenderet
1354 1754 1424 1809 ’⁸.

448 1851 664 1907 llursus
693 1864 821 1904 cum
857 1850 929 1903 ita
977 1845 1309 1916 loquebatur
1343 1865 1356 1900 ε
1403 1844 1589 1909 Pater,
1623 1847 1672 1900 si
1718 1845 1969 1916 possibile
1998 1848 2046 1907 B

376 1952 478 2007 est,
513 1951 749 1995 transeat
787 1956 821 1994 α
852 1955 933 1993 me
966 1938 1110 1994 calix
1143 1938 1267 1990 iste.
1304 1934 1681 1991 Verumtamen
1723 1954 1828 1992 nou
1854 1938 1966 1991 sir-

378 2044 435 2090 ut
468 2050 560 2103 ego
615 2032 752 2097 volo,
799 2030 890 2085 sed
928 2029 1065 2084 sicut
1117 2028 1244 2095 tu‘;
1297 2043 1485 2082 annon
1511 2029 1726 2098 quisvis
1756 2027 1968 2098 liquido

384 2125 723 2195 perspicit’,
767 2136 893 2177 eum
936 2120 1146 2175 idcirco
1177 2120 1260 2175 sic
1288 2133 1413 2174 esse
1460 2120 1738 2182 locutum,
1776 2129 1836 2173 ut
1867 2134 1969 2173 nos

380 2209 474 2265 Dei
507 2211 682 2265 solius
741 2221 900 2278 opem
953 2205 1010 2260 in
1067 2204 1470 2260 tentationibus
1529 2206 1852 2275 implorare,
1895 2206 1969 2259 di-

378 2302 678 2370 vinamque
704 2300 1047 2354 voluntatem
1082 2304 1289 2352 nostra:
1329 2302 1667 2365 anteponere
1699 2297 1964 2352 doceret:

384 2394 614 2462 insuper
659 2398 717 2445 ut
779 2389 1115 2454 ostenderet,
1175 2400 1241 2444 ea
1313 2402 1441 2458 qua:
1492 2391 1697 2443 nbstm
1755 2396 1969 2443 natura:

377 2493 554 2548 erant,
592 2498 723 2538 vere
775 2497 875 2538 sua
932 2480 1155 2545 fecisse,
1192 2480 1444 2550 duasque
1497 2480 1831 2544 voluntates,
1864 2494 1967 2534 na-

379 2578 583 2632 turales
611 2574 831 2644 quidem
877 2573 1022 2639 illas,
1061 2570 1389 2641 naturisque
1430 2569 1607 2641 ipsius
1651 2584 1967 2641 congruen-

381 2679 487 2733 tes,
522 2676 784 2722 caeterum
814 2679 1162 2736 nequaquam
1191 2665 1502 2720 contrarias
1528 2678 1658 2719 vere
1682 2662 1964 2719 habuisse.

382 2761 565 2826 Pater,
614 2758 797 2828 inquit
856 2765 1117 2825 tauquam
1174 2755 1423 2826 ejusdem
1477 2771 1603 2812 cum
1666 2757 1788 2828 ipso
1838 2758 1970 2813 sub-

379 2852 616 2915 stantiae,
651 2852 699 2905 si
751 2848 1004 2919 possibile
1053 2857 1176 2913 est;
1210 2862 1319 2902 non
1361 2848 1510 2903 velut
1551 2849 1832 2919 ignoraret
1891 2850 1968 2904 ita

380 2946 617 3015 loquens
641 2940 873 3013 (ecquid
904 2940 1049 2995 enim
1075 2940 1186 2996 Deo
1210 2939 1553 3011 impossibile
1577 2955 1701 2995 esse
1720 2938 1965 3012 queat?),

386 3052 577 3094 verum
605 3045 660 3089 ut
691 3050 793 3089 nos
821 3032 1019 3089 exinde
1041 3031 1309 3088 voluntati
1335 3041 1537 3087 nostra:
1553 3033 1795 3087 divinam
1816 3043 1965 3089 antc-

382 3129 530 3185 l‘erre
575 3126 941 3182 disceremus.
996 3122 1112 3178 Hoc
1141 3124 1288 3178 enim
1329 3124 1675 3179 solummodo
1708 3124 1965 3194 impossi-

2145 1844 2276 1896 Ὅτε
2314 1845 2373 1898 δὲ
2411 1844 2602 1914 Ελεγε*
2639 1847 2853 1916 Πάτερ,
2893 1852 2947 1902 ει
2985 1846 3269 1917 δυνατὸν,
3308 1854 3655 1919 παρελθέτω

2068 1933 2171 1991 ἀπ’
2199 1935 2348 2005 ἐμοῦ
2382 1935 2449 1990 τὸ
2480 1936 2771 2004 ποτήριον
2794 1938 2969 1994 τοῦτο
2992 1955 3009 1971 ο
3053 1940 3223 2008 πλὴν
3265 1943 3378 2011 οὐχ
3416 1943 3497 2008 ὡς
3537 1943 3655 2012 ἐγὼ

2069 2026 2242 2092 θέλω,
2276 2028 2414 2082 ἀλλ’
2456 2028 2539 2096 ὡς
2582 2029 2687 2097 σὺ,
2721 2032 2781 2084 οὐ
2837 2033 3003 2086 παντί
3037 2049 3143 2086 που
3168 2033 3327 2104 δῆλόν
3376 2036 3544 2100 ἐστιν,
3578 2037 3657 2100 ὡς

2068 2118 2340 2173 διδάσκων
2374 2121 2525 2190 ἡμᾶς
2554 2122 2613 2175 ἐν
2644 2125 2757 2184 τοῖς
2790 2127 3120 2195 πειρασμοῖς
3161 2127 3313 2196 παρὰ
3352 2129 3518 2196 μόνου
3559 2127 3653 2182 τεῦ

2069 2209 2204 2263 Θεοῦ
2232 2213 2407 2264 αἰτεῖν
2433 2211 2532 2282 τὴν
2569 2210 2853 2282 βοήθειαν,
2876 2216 2971 2267 καὶ
2997 2214 3057 2267 τὺ
3092 2214 3235 2269 θεῖον
3262 2216 3357 2269 τοῦ
3381 2218 3650 2286 ἡμετέρου

2069 2301 2388 2373 προκρίνειν
2430 2301 2762 2373 θελήματος,
2794 2306 2891 2356 καὶ
2922 2306 3163 2373 δεικνὺς,
3210 2306 3287 2371 ὠς
3337 2307 3553 2377 ἀληθῶς
3579 2307 3653 2362 τὰ

2068 2392 2165 2461 τῆς
2194 2392 2479 2464 ἡμετέρας
2506 2392 2825 2464 ᾠκειώσατο
2852 2396 3091 2464 φύσεως,
3129 2396 3212 2451 ὅτι
3243 2415 3302 2452 τε
3337 2398 3480 2452 κατὰ
3517 2398 3655 2469 ἀλή-

2070 2480 2220 2536 θειαν
2252 2480 2347 2536 δύο
2395 2482 2698 2554 θελήματα,
2751 2486 2957 2554 φυσικὰ
3008 2488 3131 2557 μὲν,
3179 2489 3275 2541 καὶ
3320 2488 3431 2545 τῶν
3487 2489 3655 2544 αὐτοῦ

2070 2574 2388 2646 κατάλληλα
2417 2574 2655 2643 φύσεων,
2703 2576 2820 2631 ἀλλ’
2850 2579 2950 2649 οὐχ
2999 2579 3297 2633 ὑπεναντία
3342 2580 3654 2653 κέκτηται;

2069 2664 2298 2734 Πάτερ,
2351 2666 2553 2736 φησὶν,
2605 2667 2681 2732 ὼς
2738 2667 3065 2738 ὁμοούσιος,
3101 2672 3155 2723 εὶ
3198 2670 3496 2736 δυνατὸν,
3554 2672 3658 2725 οὐκ

2069 2758 2312 2824 ἀγνοῶν·
2348 2758 2399 2813 τι
2448 2759 2507 2811 δὲ
2556 2760 2652 2812 καὶ
2692 2760 2771 2831 τῷ
2807 2759 2928 2831 Θεῷ
2965 2761 3261 2829 ἀδύνατον;
3308 2762 3446 2817 ἀλλὰ
3498 2765 3658 2819 παιδ-

2069 2849 2304 2918 αγωγῶν
2336 2851 2487 2919 ἡμᾶς
2520 2851 2579 2904 τὸ
2618 2850 2761 2905 Θεῖον
2792 2852 2885 2904 τοῦ
2912 2853 3184 2925 ἡμετέρου
3217 2855 3534 2927 προκρίνειν
3563 2856 3655 2910 οε-

2069 2941 2335 3012 λήματος.
2378 2943 2550 2996 Τοῦτο
2597 2944 2715 3014 γὰρ.
2760 2946 2923 3016 μόνον
2975 2932 3263 3012 ἀδύνατον,
3296 2948 3324 3001 ὃ
3358 2949 3496 3013 Θεὸς
3531 2959 3559 2999 ει
3592 2950 3654 3003 οὒ

2072 3034 2344 3105 βούλεται,
2369 3036 2491 3090 οὐδὲ
2522 3040 2867 3110 παραχωρεῖ.
2896 3040 3073 3107 Πλὴν
3091 3043 3206 3112 οὐχ
3236 3042 3317 3108 ὠς
3338 3043 3453 3113 ἐγὼ
3480 3043 3657 3107 θέλω,

2072 3128 2193 3183 ἀλλ
2220 3130 2301 3194 ὡς
2331 3130 2413 3183 σύ
2431 3129 2539 3194 ’ὡς
2564 3132 2663 3201 μὲν
2684 3131 2839 3197 Θεὸς,
2877 3133 3204 3205 ταυτοτελὴς
3233 3133 3308 3188 ὢν
3337 3133 3415 3205 τῷ
3446 3137 3654 3206 Πατρί-

384 3223 493 3277 bile
548 3228 654 3284 cst,
696 3219 844 3289 quod
900 3216 1044 3272 Deus
1093 3231 1204 3270 non
1250 3216 1385 3280 vult,
1426 3224 1535 3270 nec
1586 3217 1855 3286 permittit
1899 3218 1963 3272 ἰ

2084 3224 2156 3282 ῶς
2181 3218 2238 3271 δὲ
2273 3186 2591 3292 ἀνθρωποξ,
2622 3221 2683 3275 τὸ
2714 3186 3655 3297 τῆςῖἀνθρωπόττὶτοςφυσικιοςἓν·

390 3311 762 3367 Verumtamen
793 3327 896 3365 non
934 3310 1069 3363 sicut
1102 3324 1197 3379 ego
1236 3308 1375 3373 volo,
1408 3306 1497 3362 sed
1526 3309 1664 3362 sicut
1708 3318 1783 3363 tu.
1819 3308 1995 3364 Τοιιέ

382 3421 549 3476 quam
584 3402 749 3475 249
779 3403 943 3464 Deus,
972 3400 1220 3457 eamdem
1272 3415 1397 3454 cum
1426 3397 1588 3454 Patre
1632 3399 1969 3455 voluntatem

386 3495 551 3549 habet
597 3509 610 3545 :
666 3502 720 3548 et
750 3494 900 3548 velut
967 3499 1151 3547 autem
1201 3491 1388 3558 homo,

385 3592 618 3642 mortem
652 3585 877 3658 refugit.

455 3684 526 3735 At
587 3696 718 3736 vero
769 3681 926 3747 illud,
986 3681 1127 3737 Deus
1176 3699 1339 3746 meus,
1387 3680 1522 3736 Deus
1546 3698 1712 3748 meus,
1761 3691 1817 3735 ut
1849 3681 1974 3753 quid

387 3774 713 3843 dereliquisti
743 3792 823 3828 me
846 3776 911 3828 εἳ
945 3776 1072 3846 quia
1125 3789 1420 3846 personam
1454 3784 1698 3830 nostram
1724 3775 1969 3845 gerebat,

390 3864 799 3937 pronuntiavit.
860 3864 1051 3935 Neque
1111 3866 1256 3920 enim
1307 3864 1477 3920 Deum
1530 3881 1691 3919 suum
1751 3864 1972 3919 Patrem

389 3960 639 4024 dixisset,
673 3958 780 4013 nisi
832 3958 887 4014 id
935 3959 1084 4028 quod
1126 3957 1231 4013 sub
1265 3967 1550 4027 aspectum
1598 3956 1767 4021 cadit,
1806 3957 1876 4011 ab
1908 3971 1975 4011 eo

388 4052 535 4123 quod
578 4050 858 4105 intellectu
897 4048 1243 4120 capiebatur,
1298 4046 1492 4103 subtili
1533 4047 1734 4101 mentis
1780 4046 1978 4117 imagi-

2075 3309 2356 3365 δείκνυται
2382 3310 2601 3383 θέλημα
2620 3331 2634 3345 ο
2665 3312 2823 3368 τοῦτο
2870 3315 2981 3388 γὰρ
3033 3315 3272 3386 φυσικῶς
3299 3318 3648 3385 παραιτεῖται

2077 3402 2170 3455 τὸν
2205 3403 2460 3460 θάνατον.

1459 3490 1823 3545 humanitatis
1873 3493 2206 3549 voluntatem
2250 3494 2583 3552 naturaliter
2623 3496 2886 3553 ostendit.
2941 3499 3070 3555 Haec
3125 3499 3272 3555 enim
3328 3500 3656 3555 naturaliter

2145 3681 2218 3735 Τὸ
2249 3681 2335 3734 δέ·
2364 3680 2471 3736 Θεέ
2492 3698 2611 3752 μου
2651 3681 2786 3753 (ῖιῦ),
2822 3682 2920 3738 6εέ
2951 3699 3095 3753 μου,
3136 3683 3237 3737 ἵνα
3262 3683 3319 3737 τί
3340 3700 3418 3753 με
3442 3683 3659 3752 ἐγκατ-

2074 3771 2328 3837 έλιπες;
2391 3770 2453 3824 τὸ
2519 3771 2790 3844 ἡμέτερον
2842 3771 3212 3842 οἰκειούμενος
3261 3771 3428 3842 ἔφησε
3482 3772 3657 3842 πρόσ-

2079 3881 2249 3918 ωπον.
2284 3861 2423 3916 Οὔτε
2456 3864 2568 3934 γὰρ
2592 3862 2724 3926 Θεδς
2757 3863 2920 3916 αὑτοῦ
2946 3864 2975 3915 ὁ
3007 3863 3213 3934 Πατὴρ,
3240 3864 3289 3914 εἰ
3325 3862 3397 3931 μή
3429 3877 3493 3929 γε
3514 3861 3657 3914 διαι-

2082 3956 2334 4027 ρεθέντος
2361 3957 2571 4026 ἰσχναῖς
2607 3954 2701 4009 τοῦ
2737 3955 2831 4009 νοῦ
2879 3955 3206 4024 φαντασίαις
3233 3952 3326 4007 τοῦ
3367 3954 3656 4023 ὁρωμένου

2079 4048 2144 4099 ὲκ
2170 4045 2264 4098 τοῦ
2289 4044 2606 4115 νοουμένου,
2646 4045 2901 4099 τάσσοιτο
2928 4043 3049 4115 μεθ’
3077 4042 3256 4115 ἡμῶν,
3285 4041 3409 4096 οὔτε
3437 4043 3494 4096 δὲ
3525 4061 3663 4098 κατ-

445 4191 490 4223 ⁹⁸
508 4188 697 4245 Mattb.
730 4188 893 4257 Greg.
930 4186 1064 4242 Naz.
1094 4193 1238 4241 orat.
1263 4184 1377 4257 56.,
1404 4186 1451 4257 ?7
1487 4184 1968 4257 Mattlt.__m,_15._9

2074 4200 2175 4238 ian.
2207 4201 2264 4248 ll,
2302 4184 2405 4257 42._
2458 4186 2503 4218 ⁸⁸
2534 4185 2696 4254 Greg.
2722 4183 2855 4257 Naz.
2887 4193 3025 4257 orat.
3060 4181 3159 4257 42;
3193 4180 3570 4257 Clirys._liom.
3594 4184 3667 4237 63

398 4266 457 4317 in
486 4260 644 4316 Joau.
708 4260 724 4291 ³
762 4251 952 4314 Matth.
980 4274 1126 4322 uri,
1163 4257 1252 4312 '59.
1315 4257 1335 4286 ³
1358 4256 1557 4326 Chrys.
1591 4256 1645 4309 iu
1671 4255 1787 4310 Cat.
1820 4255 1874 4309 in
1897 4254 2092 4309 Matth.
2125 4271 2275 4310 xxvi.
2327 4256 2347 4287 ³
2369 4255 2532 4325 Grcg.
2563 4251 2704 4309 orat.
2734 4254 2824 4309 56.
2885 4254 2909 4285 ⁸
2934 4253 3123 4308 Matth.
3159 4268 3330 4317 xm],
3360 4251 3451 4307 46.

1688 4391 1914 4448 νΑιιιΑε
1957 4393 2357 4449 LECTIONES.

463 4501 490 4528 ο
527 4493 658 4564 Reg.
689 4495 712 4548 l
745 4494 1032 4553 ἀνάϐασιν,
1075 4490 1168 4545 καὶ
1197 4489 1607 4564 καταλλάττω-ν,
1650 4497 1761 4564 etc.
1804 4489 2016 4564 caneris
2042 4490 2281 4564 omissis,
2313 4487 2552 4564 perinde
2570 4503 2633 4543 ac
2652 4485 3097 4564 in_Colb._l55_9_,_
3118 4487 3170 4540 in
3182 4485 3358 4564 _cuj_us
3419 4488 3667 4564 margine

395 4564 511 4616 haec
576 4559 836 4617 librarius
868 4563 1161 4633 supplevit.
1242 4571 1270 4611 ι’
1296 4562 1511 4616 Absunt
1547 4561 1600 4613 in
1634 4562 1758 4614 cod.
1811 4559 1870 4615 S.

392 4632 544 4696 Θεὸς.
578 4634 645 4690 Il.
670 4637 809 4689 alter
838 4632 975 4703 ὅπερ
995 4633 1189 4695 ὁΘεός.

1929 4559 2037 4615 llil.
2115 4556 2349 4629 aliisque
2399 4559 2608 4614 multis.
2649 4557 2848 4612 ‘1-Cod.
2889 4556 2947 4611 S.
3016 4556 3123 4610 llil.
3182 4556 3311 4610 ΚΒ
3364 4567 3417 4609 et
3440 4556 3502 4611 N.
3548 4558 3577 4609 ὃ
3631 4559 3662 4608 ὁ

1873 4739 2105 4796 NOTAE.

466 4832 579 4901 (53)
620 4831 691 4885 Τὸ
720 4830 809 4905 δὲ,
839 4832 936 4884 θεέ
960 4848 1099 4898 μου.
1128 4831 1284 4905 Illud
1306 4850 1439 4899 vero,
1474 4833 1611 4905 Deus
1637 4849 1805 4905 meus.
1844 4832 1968 4888 llaec
2000 4837 2048 4896 D
2073 4834 2367 4905 ἡμέτερον,
2405 4833 2661 4905 sed_quod
2693 4834 2919 4899 aiebam,
2948 4834 3005 4886 in
3034 4832 3208 4905 seipso
3252 4827 3386 4905 quod
3420 4832 3667 4905 nostrum

393 4902 591 4957 Noster
614 4901 841 4973 accepit
871 4916 939 4954 ex
968 4911 1111 4973 orat.
1146 4904 1214 4956 56
1245 4903 1598 4970 Nazianzeni,
1632 4904 1750 4973 qui,
1783 4919 1908 4958 cum
1940 4918 1970 4956 a

396 4972 631 5038 l'aulo,l
669 4971 795 5025 Cor.
855 4986 944 5042 xv,
992 4970 1188 5042 Filium
1231 4973 1338 5026 dici
1380 4970 1790 5042 subjiciendum
1822 4972 1972 5027 Patri

393 5044 721 5111 intelligeret
742 5081 763 5112 ,Α
817 5040 945 5109 quia
1002 5041 1246 5112 lutu_rum
1307 5040 1498 5112 estut
1576 5044 1827 5097 homines
1881 5044 1970 5112 qui

397 5109 638 5168 membra
691 5110 841 5166 illius
891 5119 1059 5175 sunt,
1111 5109 1224 5164 Deo
1283 5111 1698 5180 subjiciuntur,
1746 5109 1977 5180 Christo

393 5199 553 5239 suum
583 5184 817 5238 faciente
844 5180 895 5235 id
928 5180 1075 5250 quod
1116 5179 1512 5241 nostrum’est,
1556 5179 1754 5233 ἑαυτοῦ
1787 5181 1974 5233 ποιούς

440 5271 556 5316 svo;
573 5255 634 5307 τὸ
661 5252 957 5324 ἡμέτερον,
979 5250 1284 5321 subjungit,
1311 5250 1561 5324 ejusdem
1589 5250 1806 5324 generis
1826 5265 1972 5324 esse,

446 5341 535 5377 eus
580 5319 745 5387 meus,
782 5319 917 5376 Deus
950 5319 1114 5385 meus,
1146 5319 1207 5375 ut
1239 5320 1377 5391 quid,
1398 5337 1477 5374 me
1516 5319 1888 5391 dereliquisti?
1914 5320 1976 5391 ob

393 5395 504 5461 γὰρ
537 5395 699 5457 αὐτὸς
742 5388 1322 5461 ὲγκαταλέλειπται,ἦ
1359 5389 1466 5442 ὑπὸ
1514 5389 1611 5442 τοῦ
1661 5388 1898 5461 ματρὸς,
1943 5389 1977 5459 ἢ

395 5411 465 5459 γα
537 5411 699 5457 αυτος
742 5411 1258 5461 εγκαταρελειπται,
1289 5411 1322 5461 η
1359 5411 1466 5442 uno
1514 5411 1611 5442 του
1661 5411 1898 5456 ιιατρος,
1943 5411 1977 5459 η

395 5411 504 5514 {mg
528 5464 643 5534 τῆς
670 5464 866 5534 ἑαυτοῦ
920 5464 1198 5534 θεότητος,
1227 5460 1444 5534 ὃ-δοκᾳεῖ
1478 5476 1617 5513 τισι·
1640 5458 1794 5534 ἌΝοη-
1817 5461 1977 5534 enim,

392 5532 534 5599 quod
560 5529 769 5600 quidem
803 5543 1014 5603 putant,
1049 5529 1159 5600 ipse
1202 5532 1278 5587 vel
1303 5549 1336 5586 α
1370 5531 1550 5603 Patre,
1575 5529 1653 5584 vel
1692 5547 1725 5584 a
1760 5529 1980 5603 deitate,

396 5616 514 5666 (iure
542 5601 840 5661 passionem
882 5604 1224 5668 extimuerit,
1267 5619 1421 5672 seque
1451 5601 1581 5672 adeo
1630 5601 1979 5665 subtraxerit,

399 5672 681 5725 deretictus
732 5682 808 5726 est
838 5690 856 5727 :
892 5678 948 5729 ἐν
988 5675 1135 5744 αὐτῷ
1173 5675 1263 5741 δὲ,
1314 5668 1449 5743 ὅπερ
1500 5668 1674 5741 εἶπον,
1717 5673 1878 5723 τυποῖ
1922 5672 1981 5725 τὺ

2074 4898 2151 4959 est
2181 4898 2451 4972 exprimit.
2488 4898 2605 4957 Nos
2644 4905 2783 4958 enim
2829 4919 3043 4957 eramus
3084 4898 3169 4956 illi
3205 4898 3470 4972 quondam
3504 4898 3669 4972 dere-

2072 4975 2186 5028 licti
2208 4965 2266 5048 et
2295 4976 2579 5042 contempti
2610 4991 2628 5028 :
2677 4990 2816 5027 nunc
2849 4988 2967 5048 uero
3002 4988 3096 5048 per
3128 4965 3269 5048 illius
3304 4965 3672 5048 impossibilis

2071 5046 2369 5115 passionem
2403 5061 2583 5098 sumus
2611 5044 2875 5113 assumpti
2893 5058 2947 5115 et
2981 5043 3176 5115 saluati
3204 5055 3222 5094 :
3252 5055 3312 5115 e_o
3342 5043 3526 5115 utique
3556 5053 3678 5115 mo—

2071 5106 2140 5168 'do
2176 5130 2279 5197 quo
2302 5114 2401 5185 τὴν
2429 5115 2746 5196 augeatiqu
2795 5106 2957 5183 ὴμῶν
2990 5113 3088 5164 καὶ
3126 5111 3186 5164 τὸ
3229 5106 3557 5231 πλτὶμμελὲς
3591 5108 3680 5189 oi:

2072 5200 2413 5231 κειουιιενοε-
2442 5194 2800 5231 msmientmm
2860 5191 3104 5231 noslram
3159 5189 3211 5231 et
3255 5182 3319 5231 de
3344 5188 3510 5231 totum
3573 5179 3679 5230 Stbt

2072 5179 2414 5252 κειούμενος,
2442 5179 3104 5252 insipientiam"nostram
3159 5189 3211 5235 et
3255 5179 3510 5252 delictum
3573 5179 3679 5230 sibi

2071 5248 2869 5325 ari'ogandotqutesequuntur:
2888 5254 2943 5306 in
2974 5248 3540 5325 psalmopronuntiat,
3565 5256 3680 5303 etc.

2078 5318 2346 5396 $u_ccinit
2382 5318 2648 5394 C'yrillus,
2681 5324 2780 5396 lib.
2834 5322 2910 5377 De
2938 5318 3085 5396 recta
3123 5321 3259 5396 ﬁde,
3308 5318 3377 5372 ad
3424 5321 3679 5396 reginas.

2076 5386 2446 5448 Athanasius'
2472 5386 2641 5458 vero,
2680 5394 2778 5448 lib.
2820 5409 2876 5447 1v
2947 5386 3132 5445 (ὶοηιζ
3161 5390 3433 5451 Arianos,
3472 5395 3531 5441 et
3583 5386 3682 5439 alii

2078 5463 2363 5517 Christum
2391 5473 2624 5517 eatenus
2670 5478 2698 5516 a
2735 5462 2900 5516 Patre
2935 5460 3196 5514 relictum
3241 5465 3497 5518 censent,
3534 5470 3682 5525 qua-

2081 5543 2242 5588 tenus
2273 5531 2394 5599 ejus
2421 5533 2770 5596 humanitas,
2818 5526 3157 5599 substractis
3192 5526 3425 5599 augiliis
3464 5527 3682 5595 quibus

2082 5585 2548 5662 ξιὶιιειυξωιηιιίιτ,
2568 5585 2871 5672 poenarum
2903 5598 3219 5668 mortisque
3253 5585 3687 5654 dolores'acer-

2086 5672 2342 5727 bissimos
2364 5678 2588 5737 experta
2612 5680 2714 5727 est.
