4072 6146
480 288 619 362 1095

1666 290 1729 355 S.
1763 288 2082 353 JOANNIS
2124 287 2518 354 DAMASCEN
2526 293 2547 351 Ι
3157 322 3173 353 I

3594 282 3728 356 109i}

475 428 645 473 carne
680 427 905 484 passum
974 408 1245 477 dicimus;
1275 408 1623 464 divinitatem
1660 420 1842 466 autem
1879 427 2049 465 carne

2161 411 2339 474 θόντα,
2376 394 2649 479 οὐδαμῶς.
2694 407 2755 459 Ei
2782 406 2889 477 γὰρ
2920 405 3071 476 ἡλίου
3102 416 3122 444 ι
3155 404 3356 475 δένδρῳ
3395 402 3723 472 misum.

476 515 723 572 passam,
754 509 848 553 aut
887 498 1055 552 Deum
1093 512 1189 566 per
1214 511 1441 551 carnem
1476 511 1723 566 passum,
1759 513 1868 553 non
1894 500 2048 554 item.

479 592 639 646 Sicut
671 592 841 655 enim,
873 589 918 644 si
951 589 1072 644 sole
1104 589 1285 645 arbori
1325 589 1591 645 illucente
1649 592 1866 646 securis
1891 592 2056 645 arbo-

476 698 592 739 rem
619 682 895 745 inciderit,
926 680 1011 735 sol
1037 688 1222 736 tamen
1262 681 1399 734 nihil
1431 682 1594 737 laesus
1621 691 1845 748 manet;
1877 696 1907 735 a
1939 680 2057 735 for-

478 774 630 836 tiori,
656 772 1021 842 impassibilis
1055 770 1222 827 Verbi
1265 772 1533 829 divinitas
1565 775 1717 828 carni
1750 773 2055 829 secundum

475 865 814 935 hypostasim
877 866 1053 931 unita,
1091 865 1335 935 patiente
1385 881 1553 921 carne
1584 866 1879 920 incolumis
1904 880 2059 919 man-

476 955 549 1009 sit
567 959 609 1011 ⁸.
646 954 712 1011 Ει
741 957 1227 1027 quemadmodum,
1258 958 1304 1013 si
1332 958 1462 1027 quis
1490 972 1689 1027 aquam
1713 957 1884 1027 ignito
1911 954 2058 1012 ferro

478 1047 758 1113 infundat,
787 1047 841 1102 id
881 1047 1027 1118 quod
1062 1049 1137 1101 ita
1163 1057 1546 1116 comparatum
1591 1056 1698 1114 est,
1730 1058 1787 1102 ut
1817 1048 1886 1102 ab
1917 1061 2057 1116 aqua

477 1136 779 1201 afﬁciatur,
836 1137 941 1193 hoc
998 1146 1087 1193 est
1147 1137 1312 1208 ignis,
1355 1139 1424 1192 ab
1466 1152 1609 1207 aqua
1644 1137 2054 1206 exstinguitur;

481 1228 687 1282 ferrum
753 1239 935 1282 autem
996 1220 1179 1284 omnis
1226 1228 1438 1294 injuriae
1464 1244 1661 1298 espers
1686 1239 1869 1284 manet
1903 1228 2056 1300 (non

480 1319 626 1372 cnim
665 1334 694 1370 a
722 1326 919 1372 natura
960 1318 1013 1372 id
1044 1319 1209 1373 habet
1262 1328 1321 1372 ut
1355 1320 1423 1372 ab
1452 1334 1592 1387 aqua
1629 1318 2054 1390 labefactetur),

483 1411 655 1464 multo
676 1409 853 1482 magis
880 1421 1031 1464 certe
1070 1409 1333 1464 divinitas
1359 1425 1479 1481 quae
1509 1411 1626 1465 sola
1655 1411 1723 1465 ab
1754 1412 1901 1464 oumi
1937 1427 2058 1481 per-

483 1502 737 1570 pessione
781 1511 992 1556 remota
1037 1510 1142 1563 est,
1203 1501 1447 1570 patiente
1500 1516 1666 1557 carne
1700 1502 1903 1557 nullam
1942 1504 2059 1572 ipse

482 1592 796 1661 passionem
858 1592 1082 1645 admisit
1112 1610 1124 1645 :
1159 1592 1412 1658 quamvis
1437 1591 1641 1661 alioqui
1673 1593 1741 1646 ab
1765 1592 1860 1646 illa
1903 1593 2055 1647 iuse-

483 1682 756 1750 parabilis
805 1691 971 1736 esset.
1041 1678 1160 1735 Non
1210 1682 1355 1735 enim
1426 1697 1658 1737 necesse
1687 1691 1771 1737 est
1805 1684 2054 1751 exempla

2157 520 2269 565 τος,
2294 504 2326 573 ὴ
2361 501 2515 570 ἀξίνη
2544 500 2734 571 τέμνοι
2767 498 2828 550 τὸ
2861 497 3098 567 δένδρον,
3126 497 3368 566 ἄτμητος
3392 495 3486 547 καὶ
3515 492 3727 564 ἀπαθὴς

2157 592 2401 660 διαμένει
2427 592 2455 642 ὁ
2481 590 2651 660 ἥλιος,
2683 585 2867 657 πολλῷ
2904 585 3103 657 μᾶλλον
3130 586 3164 655 ἡ
3194 582 3413 651 ἀπαθὴς
3433 581 3530 635 τοῦ
3554 581 3728 651 Λόγου

2158 684 2350 754 θεότης
2382 682 2503 736 καθ’
2539 683 2840 736 ὑπόστασιν
2867 678 3124 750 ἡνωμένη
3160 676 3348 745 σαρκὶ,
3391 675 3491 744 τῆς
3532 674 3729 744 σαρκὸς

2157 774 2474 845 πασχούσης
2502 773 2716 843 ἀπαθὴς
2739 771 3007 842 διαμένει.
3028 769 3138 823 Καὶ
3161 768 3350 838 ὥσπερ
3377 768 3429 820 εῐ
3449 785 3535 831 τις
3560 785 3728 820 πεπυ-

2161 867 2499 940 ρακτωμὲνῳ
2544 865 2750 936 σιδήρῳ
2797 865 3007 935 ἐπιχέοι
3047 862 3067 899 ί
3101 857 3269 931 ὕδωρ,
3315 859 3344 913 ὃ
3386 859 3487 930 μὲν
3520 860 3728 928 πέφυκε

2158 960 2387 1031 πάσχειν
2415 959 2519 1012 ὑπὸ
2551 956 2646 1011 τοῦ
2683 955 2895 1020 ὓδατος,
2944 955 3005 1008 τὸ
3038 952 3148 1024 πῦρ
3192 952 3362 1022 λέγω,
3422 951 3726 1015 σϐέννυται,

2157 1051 2399 1121 ἀϐλαϐὴς
2429 1050 2486 1104 δὲ
2518 1047 2761 1118 διαμένει
2795 1049 2824 1101 ό
2867 1044 3114 1116 σίδηρος·
3147 1045 3210 1098 οὑ
3245 1044 3462 1113 πέφυκε
3489 1043 3599 1115 γὰρ
3630 1041 3729 1096 ὑπὸ

2155 1142 2251 1196 τοῦ
2275 1140 2468 1204 ὓδατος
2498 1136 2911 1209 διαφθείρεσθαι
2930 1151 2943 1166 ·
2977 1135 3158 1205 πολλῷ
3192 1133 3435 1205 μᾶλλονιι
3466 1134 3567 1203 τῆς
3602 1150 3730 1204 σαρο

2159 1232 2254 1295 κὸς
2279 1229 2620 1302 πασχούσης,
2653 1230 2687 1299 ἡ
2723 1228 2861 1299 μόνη
2900 1226 3116 1297 ἀπαθὴς
3147 1225 3340 1296 θεότης
3373 1223 3437 1278 τὸ
3476 1225 3647 1289 πάθος
3670 1227 3727 1278 οὒ

2158 1323 2499 1393 προσήκατο,
2542 1321 2638 1374 καὶ
2680 1319 2988 1391 ἀχώριστος
3022 1318 3192 1383 αὑτῆς
3242 1315 3603 1387 διαμένουσα·
3634 1316 3730 1370 οὑκ

2156 1413 2373 1481 ἀνάγκη
2417 1411 2526 1483 γὰρ
2584 1409 2830 1466 παντελῶ
2845 1430 2858 1471 λ
2911 1409 3004 1463 καὶ
3045 1406 3349 1471 ἁνελλιπῶς
3399 1408 3635 1461 ἐοικέναι
3664 1407 3731 1459 τὰ

2159 1504 2598 1575 τωιραδείγματα.
2639 1504 2878 1572 Ἀνάγκη
2916 1503 3028 1572 γὰρ
3064 1504 3122 1556 ὲν
3151 1503 3265 1566 τοῖς
3297 1498 3729 1570 παραδείγμασι,

2158 1596 2344 1650 καὶτὸ
2394 1597 2578 1666 ὅμοιον
2628 1593 2955 1666 θεωρεῖσθαι
3000 1592 3096 1646 καὶ
3143 1592 3202 1645 τὸ
3254 1589 3728 1662 παρηλλαγμένον,

2163 1688 2286 1742 ἐπεὶ
2313 1689 2373 1740 οὐ
2413 1695 2444 1726 '
2479 1686 2867 1759 παράδειγμαο
2918 1682 2980 1737 τὸ
3029 1684 3138 1755 γὰρ
3185 1682 3242 1735 ἐν
3291 1684 3455 1735 πᾶσιν
3505 1680 3731 1749 ὅμοιον,

478 1790 604 1829 esse
631 1773 801 1828 rebus
831 1789 1063 1842 prorsus
1087 1772 1313 1838 similia,
1354 1788 1417 1828 ac
1447 1773 1790 1842 huiusmodi,
1826 1782 1886 1828 ut
1915 1776 2050 1845 nihU

2162 1779 2357 1832 ταὺτὸν
2384 1778 2450 1832 ἂν
2479 1756 2585 1847 εἴη,
2606 1778 2701 1831 καὶ
2728 1779 2786 1830 οὑ
2830 1776 3200 1847 παράδειγμα,
3242 1773 3336 1827 καὶ
3378 1769 3614 1842 μάλιστα
3640 1772 3734 1824 ἐπὶ

479 1865 707 1919 omnino
764 1864 1145 1931 desideretur;
1186 1864 1640 1935 quandoquidem
1670 1865 1722 1918 in
1765 1867 2052 1936 exemplis,

480 1964 595 2009 tum
636 1957 688 2010 id
724 1956 868 2026 quod
902 1956 1082 2011 simile
1106 1964 1210 2021 est,
1237 1965 1352 2010 tum
1384 1957 1437 2010 id
1469 1956 1618 2026 quod
1645 1958 1923 2012 diversum
1941 1967 2050 2024 est,

2159 1868 2268 1921 τῶν
2281 1868 2459 1922 θείων.
2478 1866 2760 1921 Ἀδύνατον
2777 1866 2885 1937 γὰρ
2903 1869 2959 1920 ὲν
2976 1867 3142 1919 πᾶσιν
3160 1866 3343 1935 ὅμοιον
3361 1865 3541 1934 εὑρεῖν
3554 1861 3733 1931 παρά-

2164 1959 2383 2029 δειγμα,
2406 1957 2505 2013 ὲπί
2528 1976 2585 2011 τε
2622 1958 2720 2027 τῆς
2748 1956 3045 2026 θεολογίας,
3069 1957 3161 2011 ἐπί
3184 1974 3240 2010 τε
3270 1956 3369 2025 τῆς
3402 1953 3735 2023 οἰκονομίας,

481 2052 794 2121 perspicere
861 2059 1096 2120 oportet,
1162 2067 1228 2106 eo
1282 2051 1428 2121 quod
1479 2053 1729 2123 exempla
1794 2053 1927 2109 sint.
1984 2051 2123 2107 Nam
2165 2051 2309 2124 quod
2341 2054 2492 2107 omni
2520 2068 2584 2107 ex
2626 2058 2781 2121 parte
2810 2051 2987 2107 simile
3012 2060 3120 2113 est,
3143 2065 3208 2105 ea
3238 2051 3354 2121 ipsa
3383 2065 3473 2105 res
3502 2058 3604 2115 est,
3627 2062 3737 2104 non

480 2142 813 2210 exemplum,
856 2142 1020 2209 idque
1046 2141 1393 2210 potissimum
1432 2142 1485 2195 in
1521 2142 1655 2198 Deo.
1697 2142 1885 2211 Neque
1905 2144 2052 2199 enim
2093 2143 2212 2200 ﬁeri
2247 2152 2448 2214 potest,
2490 2154 2548 2198 ut
2599 2148 2907 2213 exemplum
2947 2143 3179 2197 omnino
3242 2141 3425 2197 simile
3498 2141 3737 2210 reperia-

482 2245 592 2298 tur,
634 2233 747 2287 sive
803 2246 928 2286 cum
982 2233 1050 2287 de
1086 2232 1216 2295 Deo,
1262 2234 1376 2287 sive
1399 2249 1524 2288 cum
1562 2234 1630 2289 de
1657 2234 2040 2292 incarnatione
2073 2250 2257 2293 sermo
2283 2235 2536 2301 habetur,

1061 2323 1215 2378 CAP.
1241 2323 1456 2382 XXVII.

484 2414 637 2488 Quod
668 2414 822 2469 Verbi
848 2414 1107 2488 diuinitas
1131 2415 1195 2467 ab
1226 2418 1403 2488 anima
1435 2426 1484 2470 et
1531 2433 1747 2485 corpore
1776 2418 2054 2488 insepara-

555 2486 674 2539 bilis
711 2486 981 2558 manserit,
1037 2487 1198 2538 eliam
1229 2487 1283 2538 in
1320 2485 1536 2558 Domini
1578 2498 1794 2543 morte:
1834 2485 1898 2542 et'
1916 2489 2056 2558 quod

555 2571 659 2609 una
698 2556 905 2608 interim
929 2569 1153 2622 persona
1180 2557 1492 2623 perstiterit.

552 2713 687 2769 Cum
740 2714 1004 2770 Dominus
1059 2724 1247 2771 noster
1282 2714 1442 2773 Jesus
1494 2716 1758 2772 Christus
1799 2717 1868 2772 ab
1906 2718 2059 2773 omni

485 2804 697 2875 peccati
739 2805 858 2861 labe
885 2821 1057 2875 purus
1081 2814 1232 2861 esset
1257 2826 1270 2861 :
1296 2806 1416 2860 Non
1441 2809 1580 2862 enim
1605 2816 1877 2876 peccatum
1908 2809 2056 2879 fecit,

483 2897 573 2963 qui
622 2906 889 2965 peccatum
922 2897 1057 2950 tollit
1093 2896 1321 2961 mundi;
1363 2913 1454 2951 nec
1497 2898 1652 2952 dolus
1685 2900 1926 2954 inventus
1977 2909 2057 2954 est

483 2990 538 3043 in
560 3005 650 3043 ore
674 2990 789 3057 ejus
806 2992 850 3055 ³,
894 2989 1061 3044 morti
1102 3004 1445 3058 nequaquam
1491 2990 1775 3058 subjectus
1793 2999 1913 3057 erat
1942 3011 1955 3045 :
1983 2992 2060 3045 si—

482 3075 705 3145 quidem
741 3091 836 3145 per
869 3088 1151 3145 peccatum
1180 3091 1334 3131 mors
1357 3077 1604 3131 introivit
1632 3078 1684 3131 in
1704 3077 1968 3131 mundqu
1996 3078 2059 3131 ιθ.

482 3164 715 3220 Moritur
746 3167 952 3236 itaque,
994 3177 1229 3221 mortem
1269 3168 1466 3223 salutis
1499 3176 1705 3224 nostra:
1731 3184 1899 3223 causa
1932 3184 2063 3224 sus-

484 3261 714 3329 cipiens,
752 3273 817 3314 ac
867 3260 1108 3330 seipsum
1162 3259 1309 3314 Patri
1364 3275 1461 3330 pro
1484 3262 1640 3316 nobis
1665 3262 1899 3316 hostiam
1928 3263 2062 3318 olfe-

487 3367 638 3406 rens.
670 3352 727 3405 ln
750 3366 873 3406 eum
922 3352 1071 3406 enim
1132 3351 1575 3421 deliqueramus,
1614 3355 1774 3423 eique
1832 3355 2065 3423 proinde

487 3443 882 3512 redemptionis
928 3454 1132 3499 nostra:
1162 3444 1401 3513 pretium
1453 3446 1796 3514 pendendum
1830 3455 1971 3513 erat,
2006 3454 2065 3501 ut

486 3533 589 3586 hoc
608 3544 766 3601 pacto
785 3548 814 3586 a
828 3533 1286 3589 cundemnatione
1315 3534 1694 3589 liberaremur.
1718 3537 1876 3592 Absit
1897 3537 2066 3603 enim,

2645 2322 2892 2378 ΚΕΦΑΛ.
2929 2322 3035 2376 ΚΖο
3075 2320 3246 2395 [οη.

2162 2416 2301 2484 Περὶ
2336 2415 2442 2470 τοῦ
2491 2413 2835 2484 ἁχώριστοις
2882 2413 3175 2484 διαμεῖναι
3228 2411 3344 2479 τὴν
3390 2408 3499 2465 τοῦ
3542 2410 3740 2484 Λόγου

2232 2481 2488 2552 θεότητα
2527 2481 2637 2552 τῆς
2665 2482 2877 2553 ψυχῆς
2911 2481 3010 2536 καὶ
3047 2483 3155 2536 τοῦ
3198 2484 3493 2553 σώματος,
3528 2481 3651 2553 καί
3677 2483 3743 2534 ὲν

2231 2554 2313 2620 τῷ
2358 2550 2595 2621 θανάτῳ
2636 2550 3036 2620 τὸῦἽΚυρίου,
3084 2554 3183 2607 καὶ
3237 2550 3387 2622 μίαν
3439 2550 3743 2621 διαμεῖναι

2234 2628 2606 2681 ὑπόστασιν.

2248 2716 2660 2785 ’Δναμάρτητος
2679 2714 2753 2768 ὣν
2781 2716 2811 2767 ό
2826 2714 3032 2787 Κύριος
3053 2713 3210 2784 ἡμῶν
3239 2712 3450 2783 Ἰησοῦς
3468 2712 3713 2783 Χριστός
3726 2727 3741 2742 ⁸

2175 2808 2487 2876 Ἁλιαρτίαν
2507 2807 2619 2876 γὰρ
2650 2808 2763 2861 οὐκ
2788 2805 3097 2874 ἐποίησεν,
3123 2807 3156 2858 ό
3184 2804 3370 2872 αἴρων
3410 2801 3526 2870 τὴν
3551 2804 3742 2873 ἁμαρ-

2164 2903 2299 2956 τίαν
2331 2901 2436 2956 toi}
2461 2902 2717 2971 κόσμου,
2751 2899 2894 2955 οὐδὲ
2921 2898 3133 2968 εὑρέθη
3165 2897 3344 2964 δόλος
3385 2896 3456 2950 ἐν
3477 2895 3562 2962 τῷ
3603 2897 3740 2951 στό-

2158 2972 2299 3064 ita}:
2338 2992 2554 3049 αὐτοῦ’
2586 2993 2684 3063 οὑχ
2722 2992 2978 3046 ὑπέκειτο
3015 2991 3257 3060 θανάτῳ,
3288 2991 3449 3060 εῐπερ
3497 2989 3593 3044 διὰ
3643 2991 3740 3057 τῆς

2165 3083 2441 3155 ἁμαρτίας
2482 3083 2564 3146 εἰς
2592 3082 2686 3135 τὸν
2719 3081 2922 3152 κόσμον
2971 3079 3220 3151 εἰσῆλθεν
3247 3081 3276 3132 ό
3307 3078 3560 3141 θάνατος.
3604 3080 3741 3151 Θνή-

2165 3188 2285 3225 σκει
2309 3172 2511 3236 τοίνυν,
2538 3171 2630 3224 τὸν
2675 3171 2814 3242 ὑπὲρ
2852 3170 3007 3241 ἡμῶν
3056 3169 3289 3224 θάνατον
3319 3158 3743 3238 ἀναδεχόμενος,

2164 3266 2258 3319 καὶ
2286 3264 2480 3317 ἑαυτὸν
2505 3264 2582 3335 τῷ
2613 3263 2788 3334 Πατρὶ
2809 3262 3110 3333 προσφέρει
3145 3261 3337 3315 θυσίαν
3369 3260 3507 3330 ὑπὲρ
3538 3259 3703 3331 ἡμῶν
3721 3273 3740 3291 ο

2165 3356 2315 3426 αὑτῷ
2345 3355 2454 3426 γὰρ
2476 3354 3043 3425 πεπλημμελήκαμεν,
3070 3354 3165 3407 καὶ
3187 3353 3342 3406 αὑτὸν
3366 3351 3475 3403 ἔδει
3496 3350 3558 3403 τὸ
3588 3350 3736 3421 ὑπὲρ

2167 3444 2325 3514 ἡμῶν
2351 3444 2548 3514 λύτρον
2582 3443 2859 3509 δέξασθαι,
2884 3444 2979 3498 καὶ
3007 3442 3184 3506 οὑτως
3205 3443 3349 3514 ἡμᾶς
3375 3441 3602 3510 λυθῆναι
3628 3439 3737 3509 τῆς

2165 3535 2584 3606 κατακρίσεωςο
2624 3534 2700 3606 μὴ
2734 3536 2844 3606 γὰρ
2890 3535 3104 3604 γένοιτο
3132 3533 3211 3603 τῷ
3257 3534 3501 3604 τυράννῳ
3525 3531 3598 3585 τὺ
3640 3531 3743 3585 τοῦ

492 3631 553 3677 ut
580 3623 798 3703 Domini
834 3627 1059 3696 sanguis
1083 3626 1302 3682 oblatus
1335 3637 1568 3697 tyranno
1586 3624 1826 3680 fuerit“.
1848 3627 2057 3682 Accedit

2168 3628 2449 3681 Δεσπότου
2500 3626 2929 3696 προσενεχθῆναι
2957 3620 3116 3696 αἷμα.
3150 3625 3409 3696 Πρόσεισι
3441 3619 3748 3693 τοιγαροῦν

493 3714 678 3782 itaque
703 3728 874 3779 mors,
894 3717 1249 3789 corporisque
1268 3730 1452 3772 escam
1474 3715 1632 3770 avide
1653 3716 1955 3784 deglutiens
1986 3715 2057 3770 di-

2167 3720 2197 3771 ὁ
2240 3718 2491 3786 θάνατος,
2546 3720 2640 3773 καὶ
2677 3717 2960 3772 καταπιὼν
3010 3716 3074 3770 τὸ
3119 3716 3371 3786 σώματος
3414 3712 3638 3787 δέλεαρ,
3658 3709 3748 3784 ,τῷ
3774 3754 3785 3767 .

518 3804 767 3858 vinitatis
801 3805 960 3858 hamo
986 3806 1348 3877 lransligitur:
1373 3812 1539 3876 atque
1556 3806 1843 3876 degustato
1858 3807 2057 3862 insonti

2179 3809 2278 3880 τῆς
2309 3808 2563 3879 θεότητος
2612 3809 2893 3881 ἀγκίστρῳ
2925 3806 3329 3879 περιπείρεται,
3366 3805 3463 3858 καὶ
3491 3803 3741 3875 ἀναμαρ-

556 3957 576 3989 ⁸
611 3955 809 4013 Athan.
840 3959 932 4014 lib.
973 3960 1045 4014 De
1072 3961 1211 4015 salut
1268 3964 1476 4035 adveni.
1514 3963 1721 4017 Clu-isti.
1800 3967 1821 3997 ⁸
1858 3966 1958 4019 lsa.
1987 3981 2057 4020 ιιι

2161 3963 2201 4027 i;
2231 3960 2387 4015 Joan.
2430 3979 2466 4019 I.
2502 3962 2594 4016 29.
2671 3964 2714 3993 ¹⁰
2745 3952 2907 4018 Rom.
2942 3979 2996 4027 ν,
3028 3964 3116 4018 12.
3195 3965 3233 3997 ¹¹
3260 3962 3424 4037 Greg.
3449 3979 3537 4021 or.
3569 3963 3668 4022 42.

1755 4122 1988 4179 νΑῐιιιΕ
2023 4123 2428 4183 LECTIONES.

543 4238 726 4316 ’-βοάς
764 4240 1371 4316 S.__Hil._multique_alii
1400 4238 1920 4316 disasp‘rdtp‘ilitioo.
1969 4239 2218 4316 Et_pa_ul(_)
2246 4250 2370 4316 post
2397 4242 2583 4316 τέμνει
2607 4242 2689 4316 vel
2715 4243 2908 4316 τέμνῃ,
2991 4245 3010 4280 ι
3036 4242 3194 4316 Edita
3224 4244 3455 4316 ἐπιχέει.
3534 4256 3567 4316 tl
3608 4245 3748 4316 God.

487 4311 543 4364 ὃ.
571 4309 856 4383 ΙΙιιειίιιςὶἰ
882 4313 1127 4381 .quidam
1158 4307 1211 4366 et
1236 4311 1389 4365 Coll).
1423 4310 1458 4363 2
1488 4307 1662 4379 πολλῷ
1690 4307 1888 4383 πλέονζ
1934 4320 1973 4383 _'
2013 4307 2145 4366 Cod.
2172 4307 2381 4383 rSthl.
2425 4307 2546 4366 ἐπεὶ
2589 4307 2702 4367 οὖν.
2762 4307 2913 4383 Regii
2965 4314 3123 4368 multi
3172 4320 3229 4369 et
3283 4307 3436 4370 (Σὸιι).
3499 4315 3599 4372 οὐ.
3658 4315 3750 4370 Sic

487 4389 643 4435 vetus
679 4378 873 4452 inte-rp.
907 4378 1089 4453 posuit
1111 4383 1235 4451 quia
1272 4391 1470 4435 nonest
1500 4378 1814 4449 exemplum.
1849 4378 2025 4436 Faber
2058 4382 2255 4437 melius
2300 4383 2500 4453 alioqui
2528 4398 2632 4436 non
2669 4391 2802 4437 esset
2832 4378 3149 4454 exemplum.

1965 4518 2194 4577 NOTE.

487 4653 736 4711 quosque
791 4637 1043 4711 Phot_i_us,
1079 4640 1201 4693 cod.
1250 4639 1333 4704 56,
1376 4637 1722 4694 Theodoreto
1778 4638 2050 4711 assignat,
2084 4644 2130 4702 ι)
2157 4640 2429 4703 accidisse,
2460 4641 2553 4693 καὶ
2594 4640 2715 4710 οὑχ).
2746 4640 2877 4704 Θεὸς
2912 4641 3000 4694 διὰ
3031 4641 3231 4711 σαρκὸς
3276 4639 3504 4711 ἔπαθεν,
3545 4658 3659 4695 non
3690 4651 3753 4695 ut

487 4707 693 4761 Marius
731 4724 859 4777 vero
915 4707 1177 4761 Mercator
1234 4725 1416 4763 rerum
1472 4717 1746 4777 gestarum
1797 4709 2046 4776 aqualis,

486 4777 710 4828 Etherio
731 4775 1027 4845 Tyanensi.
1072 4778 1217 4841 Quin
1251 4789 1369 4844 post
1416 4775 1874 4832 Chalcedonense
1913 4793 2048 4830 con-

487 4845 675 4897 cilium
697 4846 1259 4916 pessimeaudierunt
1317 4849 1573 4900 monachi
1625 4846 1860 4916 Scytha',
1901 4845 2047 4914 quod

486 4915 916 4984 propositionem
952 4915 1115 4973 hanc.
1162 4914 1307 4969 Unus
1341 4915 1405 4969 de
1441 4914 1714 4970 Trinitaie'
1730 4930 1919 4983 passus
1949 4927 2047 4979 est,

483 4985 860 5054 defenderent,
892 4998 1053 5051 quam
1097 4984 1293 5040 Petrus
1340 4986 1494 5042 Fullo
1531 4987 1742 5054 primus
1776 4986 2051 5041 invexisse

484 5054 778 5125 fcrebatur.
812 5051 936 5108 ιιωο
962 5066 1144 5125 tamen
1177 5051 1591 5125 postmodum—3
1622 5056 1825 5125 quinta
1840 5057 2050 5125 synodo

483 5124 724 5194 admissa
757 5131 862 5185 est,
890 5123 1101 5177 sublata
1132 5124 1278 5194 omni
1305 5122 1762 5192 Apollinarii'aut
1790 5122 2053 5194 Euiychis

484 5193 1079 5264 Theopaschitarumve
1143 5193 1370 5247 haeresis
1439 5196 1779 5263 suspicione.
1845 5193 2051 5247 [lorum

483 5263 663 5317 autem
700 5279 863 5318 causa
891 5263 1086 5317 Noster
1116 5264 1396 5332 suhjuugit
1423 5281 1434 5316 :
1466 5264 1724 5317 Deilatem
1748 5279 1864 5316 vero
1896 5279 2054 5317 carne

482 5349 717 5401 passam,
760 5345 852 5387 aut
890 5332 1055 5387 Deum
1095 5350 1184 5403 per
1216 5349 1428 5386 carnem
1476 5348 1716 5399 passum,
1748 5348 1852 5384 non
1890 5334 2051 5403 item.

484 5400 578 5470 (ξιιί
618 5407 897 5470 prmiverat
943 5400 1302 5466 Athanasius,
1349 5405 1441 5457 lib.
1504 5404 1576 5456 De
1622 5406 1784 5456 salui.
1829 5400 2052 5453 adventu

483 5468 705 5543 Christi,
743 5476 833 5528 ubi
877 5483 1208 5543 postremam
1268 5474 1414 5543 hanc
1457 5472 1890 5543 propositionem
1936 5472 2053 5524 bla-

483 5540 741 5605 sphemiae
773 5540 922 5614 notat
950 5561 963 5596 :
999 5544 1105 5595 Φεῦ
1135 5544 1234 5613 τῆς
1256 5540 1642 5614 βλασφήμίας,
1655 5540 1933 5614 Scriptura
1966 5546 2055 5592 doc

485 5616 651 5670 cente,
692 5623 785 5672 per
819 5613 913 5666 Dei
947 5610 1267 5667 voluntatem
1298 5614 1350 5664 in
1387 5610 1543 5665 carne
1592 5610 1706 5676 ejus
1751 5612 2050 5677 passionem

2158 4711 2296 4764 Deus
2329 4725 2421 4776 per
2462 4708 2773 4780 carngni'sit
2821 4727 3034 4780 passus.
3077 4708 3334 4765 Attamen
3388 4708 3750 4779 Fuigentius,

2153 4781 2221 4834 ad
2259 4780 2533 4851 5_qti2est.
2571 4778 2838 4834 Ferrandi
2890 4781 3192 4850 respondit,
3217 4780 3599 4851 absquelidei
3634 4783 3753 4836 dis-

2155 4849 2359 4919 pendio
2391 4850 2498 4904 dici
2535 4864 2717 4919 posse,
2779 4850 3119 4904 divinitatem
3158 4849 3444 4904 carne'vel
3480 4866 3589 4918 per
3626 4867 3752 4904 car-

2155 4934 2279 4973 nem
2312 4935 2527 4989 passam
2561 4935 2703 4985 esse,
2736 4921 2865 4988 quia
2890 4920 3063 4989 deitas
3095 4934 3126 4972 a
3159 4935 3390 4988 persona
3428 4919 3601 4989 Verbi
3642 4936 3753 4973 non

2155 4988 2522 5060 distinguitur
2552 5008 2565 5044 :
2597 4997 2651 5042 et
2690 4991 2922 5043 subinde
2947 4988 3284 5060 Ferrandus,
3315 4990 3457 5060 epist
3489 4988 3568 5040 ad
3603 4992 3749 5043 Ana-

2156 5059 2276 5123 tol.,
2311 5057 2425 5113 ait:
2473 5057 2533 5112 Si
2575 5060 2985 5129 respondeamus
3040 5059 3176 5128 quod
3218 5059 3536 5125 respondere
3586 5060 3747 5111 debe-

2150 5144 2299 5190 mus;
2332 5137 2630 5198 passaesl,
2656 5128 2744 5183 Sed
2778 5128 3064 5182 secundum
3120 5143 3357 5191 carnem,
3406 5129 3525 5196 ipsa
3566 5138 3755 5181 tamen

2150 5199 2209 5250 in
2241 5200 2337 5251 hoc
2371 5197 2514 5268 quod
2547 5205 2626 5252 est
2676 5198 3020 5268 impassibilis
3062 5213 3399 5268 permanens.
3450 5200 3595 5262 Qua:
3653 5214 3756 5267 pro

2150 5267 2437 5338 monachis
2471 5268 2691 5338 Scythis
2714 5269 2875 5321 ambo
2896 5267 3258 5338 scripserunt.
3282 5267 3386 5321 Sed
3412 5270 3757 5338 castigatior

2151 5345 2235 5407 est
2264 5336 2579 5407 Graecorum
2622 5336 2997 5407 theologia,_si
3024 5337 3291 5407 quosdam
3313 5336 3595 5404 excipias,
3617 5347 3755 5407 puta

2151 5406 2413 5459 Acacium
2456 5404 2882 5470 Melitinensem,
2921 5404 3310 5471 Saturninum,
3350 5414 3405 5460 et
3436 5404 3755 5474 alios,'qui

2154 5476 2211 5598 itu
2242 5476 2499 5598 dleitatem
2531 5478 2706 5548 ipsam
2747 5476 2966 5533 dolores
3011 5486 3066 5532 et
3120 5484 3357 5531 mortem
3388 5475 3627 5530 incaute
3660 5490 3754 5528 re-

2184 5561 2268 5598 llllt
2296 5555 2470 5598 υνοιιῑ.

2159 5551 2470 5606 [ιιιιιιυνοιιι.
