4072 6146
525 280 664 347 1093

1655 276 1716 336 S'.
1759 273 2084 336 JOANNIS
2123 273 2554 335 DAMASCENI

3660 268 3788 336 1100

528 395 599 447 sti
647 403 833 462 corpus
881 396 1002 446 ante
1055 381 1526 445 resurrectionem;
1573 382 1878 450 posteriori,
1930 381 2108 434 incor-

2213 381 2318 450 γὰρ
2343 380 2411 432 τὰ
2443 379 2764 450 ἀνθρώπινα
2794 374 2969 430 ταῦτα
2999 375 3168 447 πάθη,
3217 377 3428 443 πεῖναν,
3465 376 3650 448 δίψαν,
3694 385 3783 436 κά..

532 483 897 556 ruptibile.—
931 475 1322 548 Comtptionis
1371 474 1414 505 η
1463 473 1720 528 vocabuli
1777 473 1981 542 duplex
2021 480 2108 528 est

529 573 881 649 signiﬁcatio.
916 570 1050 626 Nam
1087 579 1141 625 ct
1172 583 1274 638 pro
1306 566 1566 622 humanis
1600 567 1756 620 hisce
1786 567 2108 636 perpessio-

530 670 691 725 nibus
738 672 1066 735 usurpatur,
1110 677 1310 732 nempe
1367 659 1533 726 fame,
1588 659 1703 724 siti,
1755 659 2106 723 lassitudine,

529 762 811 816 clavorum
859 756 1253 829 perforatione,
1307 761 1502 818 morte,
1540 767 1637 808 seu
1684 752 1882 807 anima:
1911 767 1940 805 a
1981 767 2108 806 cor-

531 871 661 929 pore
701 851 1072 923 separatione,
1123 847 1357 916 aliisque
1403 845 1458 900 id
1487 860 1659 916 genus
1702 865 1715 900 :
1751 859 1862 914 quo
1879 845 2105 916 quidem

527 964 692 1004 sensu
718 942 1058 1014 corruptioni
1088 939 1386 995 obnoxium
1431 938 1606 994 fuisse
1651 937 1867 992 Domini
1901 952 2106 1008 corpus

527 1043 762 1096 dicimus
799 1059 812 1094 :
849 1037 963 1092 haec
1007 1022 1153 1089 enim
1207 1031 1392 1086 omnia
1456 1037 1652 1101 sponte
1709 1030 1973 1100 suscepit.
2030 1028 2108 1084 Ac

529 1148 724 1187 rursus
781 1125 1158 1198 corruptionis
1219 1139 1324 1178 vox
1389 1122 1686 1192 perfectam
1743 1121 1996 1191 corporis
2051 1121 2106 1176 in

527 1227 798 1280 elementa
845 1235 910 1274 ex
955 1218 1159 1288 quibus
1210 1216 1578 1284 compositum
1631 1220 1754 1278 est,
1784 1213 2107 1268 dissolutio-

530 1331 652 1374 nem
682 1311 1224 1378 exstinctionemque
1251 1305 1564 1377 signiﬁcat;
1599 1321 1721 1375 quae
1745 1306 1909 1360 etiam
1936 1320 1964 1359 a
1994 1307 2109 1374 ple-

529 1405 715 1472 risque
761 1399 1028 1470 διαφθορὰ
1080 1396 1411 1470 appellatur.
1448 1393 1605 1460 Quod
1661 1394 1881 1464 quidem
1912 1409 2110 1448 corru-

2213 490 2338 536 πον,
2367 473 2469 543 τὴν
2505 471 2616 525 τῶν
2652 471 2802 542 ήλων
2829 469 3136 540 διάτρησιν,
3175 469 3429 532 θάνατον,
3468 469 3588 539 ἦτοι
3619 489 3784 544 χωριι

2215 565 2352 634 σμὸν
2380 565 2562 634 ψυχῆς
2593 564 2659 617 ὲκ
2685 561 2785 616 τοῦ
2825 563 3101 633 σώματος,
3134 562 3228 615 καὶ¹
3255 562 3326 615 τὰ
3356 561 3606 618 τοιαῦτα.
3636 564 3788 619 Κατὰ

2213 657 2376 710 τοῦτο
2425 657 2486 710 τὸ
2537 657 2942 728 σημαινόμενον
3006 655 3249 726 φθαρτὸν
3299 653 3360 707 τὸ
3424 653 3519 708 τοῦ
3583 656 3788 727 Κυρίου

2216 749 2380 820 σῶμά
2417 767 2623 820 φαμεν.
2655 750 2841 804 Πάντα
2866 749 2977 819 γὰρ
3015 747 3189 802 ταῦτα
3232 746 3500 810 ἑκουσίως
3541 748 3788 802 ἀνέλαϐε.

2216 841 2484 910 Σημαίνει
2521 840 2578 894 δὲ
2616 842 2649 912 ή
2699 841 2876 913 φθορὰ
2910 841 3002 895 καὶ
3045 840 3145 913 τὴν
3170 838 3386 892 τελείαν
3413 839 3509 892 τοῦ
3540 837 3790 908 σώματος

2219 937 2299 997 είς
2325 931 2396 986 τά
2434 932 2493 997 ἐξ
2521 927 2597 986 ὧν
2625 933 2885 1004 συνετέθη
2921 935 3186 1004 στοιχεῖα,
3217 932 3466 986 διάλυσιν
3514 935 3610 987 καὶ
3643 936 3786 1003 ἀφα-

2217 1025 2407 1094 νισμόν
2431 1043 2444 1056 ·
2481 1026 2603 1096 ἥτις
2645 1026 2844 1097 μᾶλλον
2893 1026 3000 1079 ὑπὸ
3040 1025 3249 1078 πολλῶν
3282 1025 3553 1096 διαφθορά
3598 1026 3789 1095 ὀνομάο

2217 1119 2391 1184 ζεται.
2441 1118 2660 1190 Ταύτης
2721 1121 2918 1191 πεῖραν
2971 1119 3032 1172 τὸ
3084 1118 3179 1171 τοῦ
3231 1118 3440 1187 Κυρίου
3491 1117 3651 1187 σῶμα
3695 1119 3788 1172 οὐκ

2216 1210 2396 1281 ἔσχεν,
2427 1210 2500 1275 ὥς
2529 1229 2693 1282 φησιν
2719 1215 2748 1266 ὁ
2777 1213 3061 1282 προφήτης
3095 1209 3262 1264 Δαϐίδ
3278 1225 3298 1242 ’ξ
3331 1210 3454 1262 Ὅτι
3481 1212 3593 1263 οὐκ
3619 1209 3787 1278 ἐγκα-

2215 1305 2527 1372 ταλείψεις
2549 1304 2667 1372 τὴν
2690 1303 2903 1374 ψυχήν
2919 1322 3040 1374 μου
3070 1306 3158 1370 εἰς
3184 1304 3359 1371 ᾅδην,
3398 1301 3543 1356 οὐδὲ
3579 1302 3789 1368 δώσεις

2217 1396 2326 1451 τὸν
2363 1397 2540 1452 ὅσιόν
2567 1413 2685 1452 σου
2713 1398 2864 1452 ἰδεῖν
2895 1397 3245 1468 διαφθοράν.

528 1495 733 1562 ptionis
777 1507 955 1563 genus
1004 1488 1219 1545 Domini
1264 1499 1473 1556 corpus
1519 1491 1807 1554 expertum
1843 1499 1950 1538 non
1988 1483 2113 1546 fuit,
2158 1497 2219 1540 ut
2273 1487 2352 1541 ait
2394 1486 2567 1542 David
2611 1488 2922 1558 propheta:
2974 1486 3238 1551 Quoniam
3303 1501 3406 1540 non
3467 1486 3790 1558 derelinques

527 1588 764 1642 animam
786 1600 960 1640 meam
985 1582 1043 1637 in
1089 1579 1320 1649 inferno,
1350 1593 1443 1631 nec
1485 1574 1637 1630 dabis
1667 1585 1914 1630 sanctum
1966 1585 2112 1631 tuum
2147 1580 2322 1635 videre
2354 1585 2741 1651 corruptionem
2777 1583 2842 1636 ¹⁸.

596 1721 761 1792 252
807 1719 1019 1774 Iuliani
1059 1727 1109 1773 et
1167 1717 1363 1774 Gaiani
1401 1718 1638 1773 hmresis.
1663 1716 2018 1784 -Quocirca
2051 1719 2119 1774 de
2148 1707 2190 1763 Β

525 1815 712 1886 priore
759 1811 1137 1883 corruptionis
1209 1810 1633 1878 signiﬁcatione,
1691 1809 2110 1881 incorruptibile

529 1911 654 1960 ante
684 1900 1155 1959 resurrectionem
1185 1898 1359 1954 fuisse
1400 1897 1620 1954 Domini
1654 1914 1878 1970 corpus,
1908 1902 1974 1956 ad
2022 1903 2110 1957 in-

527 2003 644 2051 star
681 1993 870 2049 vesani
917 1992 1067 2046 illius
1106 1989 1306 2044 Juliani
1360 1997 1414 2042 et
1444 1987 1661 2054 Gaiani,
1708 2005 1960 2046 asserere
2006 1993 2111 2046 im-

534 2084 681 2150 pium
738 2091 843 2138 est.
885 2081 1022 2136 Nam
1063 2080 1108 2136 si
1165 2081 1589 2151 incorruptibile
1624 2090 1763 2147 erat,
1808 2100 1917 2140 non
1959 2096 2111 2142 certe

529 2175 776 2244 ejusdem
816 2173 1102 2228 nobiscum
1133 2173 1457 2229 substantiae
1492 2173 1596 2229 fuit
1627 2193 1640 2229 :
1678 2176 1811 2244 quin
1852 2186 1906 2231 et
1935 2179 2113 2233 ltomi-

531 2282 660 2318 num
702 2271 915 2319 tantum
948 2264 1230 2334 opinione,
1271 2278 1336 2318 ac
1367 2279 1479 2319 non
1508 2280 1635 2321 vere
1661 2281 1724 2320 ea
1752 2269 2106 2338 contigerint,

529 2371 652 2426 qua:
717 2355 1020 2426 contigisse
1094 2354 1448 2425 evangelista:
1516 2368 1846 2422 memorant,
1913 2358 2108 2427 fames,

531 2449 676 2511 sitis,
729 2447 893 2513 clavi,
947 2447 1140 2503 lateris
1191 2449 1414 2513 vulnus,
1448 2464 1619 2504 mors.
1667 2448 1801 2516 Qua:
1834 2451 1882 2507 si
1915 2453 2104 2522 Opina-

528 2540 680 2593 tione
706 2537 974 2592 duntaxat
1013 2538 1370 2602 exstiterunt,
1419 2537 1606 2593 illusio
1650 2539 1820 2610 igitur
1858 2556 1921 2595 ac
1959 2557 2108 2596 mera

532 2631 682 2684 larva
715 2639 831 2683 erat
873 2629 1233 2685 humanitatis
1280 2638 1578 2700 assumpta:
1599 2633 1970 2716 ‘mysterium,
2023 2644 2109 2687 at-

531 2737 638 2791 que
664 2722 802 2776 adeo
844 2721 1103 2792 opinione
1143 2735 1206 2776 ac
1249 2735 1360 2776 non
1403 2737 1531 2778 vere
1565 2721 1744 2778 factus
1777 2723 2106 2791 eritbomo;

529 2820 583 2867 et
621 2813 881 2883 Opinione
925 2827 990 2866 ac
1051 2827 1158 2866 non
1185 2827 1310 2868 vere
1343 2812 1493 2867 salus
1525 2813 1688 2869 nobis
1743 2813 1905 2870 allata
1962 2815 2105 2870 erit:

531 2901 677 2974 quod
744 2900 924 2957 absit!
1007 2909 1062 2958 et;
1119 2903 1211 2973 qui
1268 2903 1394 2957 talia
1462 2901 1763 2969 aﬂirmant,
1838 2917 1868 2959 a
1934 2905 2111 2961 salute

529 3011 759 3067 prorsus
821 2993 1078 3050 excidant
1140 2993 1208 3047 “.
1276 2990 1390 3048 Nos
1419 3007 1551 3049 vero
1623 2993 1856 3050 salutem
1921 3011 2106 3052 veram

530 3087 814 3142 consecuti
862 3101 1055 3142 sumus
1098 3097 1153 3142 et
1205 3100 1627 3157 consequemur.
1692 3084 1964 3142 Caeterum
2022 3074 2178 3145 se-C

527 3179 708 3234 cuuda
768 3176 1144 3248 corruptionis
1211 3175 1633 3248 signiﬁcatione,
1688 3176 2107 3248 incorruptibile

528 3285 732 3340 corpus
776 3268 996 3324 Domini
1038 3269 1388 3333 conﬁtemur,
1436 3267 1892 3338 quemadmodum
1928 3271 2106 3326 sancti

529 3361 723 3417 Patres
755 3361 916 3417 nobis
948 3359 1314 3415 tradiderunt.
1351 3359 1494 3425 Quin
1526 3358 1831 3414 secundum
1862 3361 2100 3430 priorem

531 3455 680 3507 ltunc
708 3468 931 3524 quoque
961 3468 1186 3509 sensum
1225 3459 1349 3521 post
1381 3449 1690 3505 Salvatoris
1734 3452 2103 3507 resurrectio-

533 3561 656 3600 nem
709 3545 1144 3617 incorruptibile
1172 3544 1301 3601 item
1368 3558 1570 3614 corpus
1624 3543 1800 3614 ipsius
1849 3543 2106 3600 dicimus.

533 3637 668 3690 Nam
699 3645 753 3693 et
791 3639 1012 3708 corpori
1055 3646 1253 3693 nostro
1299 3635 1566 3692 Dominus
1616 3639 2108 3700 resurrectionem,

533 3743 598 3782 ac
629 3729 869 3784 subinde
917 3729 1392 3805 incorruptionem
1426 3743 1526 3798 per
1574 3741 1775 3797 corpus
1808 3741 1969 3782 suum
2009 3727 2111 3781 do-

533 3820 703 3884 navit,
761 3827 821 3873 ut
865 3819 960 3890 qui
995 3827 1050 3874 et
1077 3819 1505 3875 resurrectionis
1549 3825 1604 3874 et
1647 3816 2108 3888 impassibilitatis

533 3911 788 3980 primitiae
837 3912 997 3967 nobis
1019 3911 1198 3967 factus
1251 3912 1323 3968 sit
1349 3913 1417 3966 ’⁵.
1478 3911 1724 3980 Oportet,
1751 3911 1826 3966 ait
1886 3909 2109 3965 divinus

532 4003 846 4073 Apostolus,
869 4003 1209 4072 corruptibile
1225 4001 1321 4055 hoc
1339 4000 2021 4070 iuduereinoorruptionem
2041 3999 2109 4054 “.

2295 1719 2608 1791 Ἀφθαρτον
2644 1719 2741 1791 μὲν
2785 1716 2879 1773 οὖν
2926 1720 2986 1772 τὸ
3030 1717 3123 1772 τοῦ
3155 1717 3364 1788 Κυρίου
3403 1717 3562 1788 σῶμα
3615 1717 3792 1786 λέγειν

2213 1813 2358 1868 κατὰ
2386 1814 2478 1866 τὸν
2508 1813 2838 1901 παράφρονα
2905 1810 3190 1865 Ἰουλιανὸν
3218 1810 3314 1864 καὶ
3366 1809 3617 1874 Γαῖανὺν,
3651 1811 3792 1864 κατά

2211 1907 2272 1960 τὺ
2309 1916 2331 1942 ²
2357 1905 2572 1977 πρῶτον
2597 1899 2697 1972 τῆς
2723 1903 2930 1974 φθορᾶς
2961 1900 3388 1972 σημαινόμενον,
3412 1899 3636 1972 πρὸτῆς
3661 1901 3790 1953 ἀνα-

2215 1999 2458 2060 στάσεως
2480 2038 2494 2063 ,
2531 1995 2748 2060 ἀσεϐές.
2784 1996 2844 2048 El
2875 1994 2984 2064 γὰρ
3014 1992 3386 2066 ἀδιάφθαρτον
3408 2033 3424 2057 ,
3472 1992 3573 2062 οὐχ
3605 1992 3795 2063 611.005-

2216 2107 2328 2143 σιον
2360 2090 2518 2159 ἡμῖν,
2551 2087 2688 2142 ἀλλὰ
2718 2087 2811 2140 καὶ
2834 2087 3078 2157 δοκήσει,
3122 2085 3217 2139 καὶ
3245 2085 3344 2138 οὐκ
3375 2083 3604 2156 ἀληθείᾳ
3632 2085 3790 2154 γέγο-

2213 2198 2323 2245 νεν,
2370 2181 2405 2235 δι
2441 2179 2726 2248 γεγονέναι
2766 2178 2899 2248 φησὶ
2937 2177 2996 2230 τὸ
3024 2174 3390 2244 Εὑαγγέλιον,
3434 2175 3534 2245 τὴν
3576 2178 3782 2239 πεῖναν,

2211 2273 2308 2344 τὴν
2341 2272 2522 2342 δίψαν,
2555 2273 2682 2332 τοὺς
2711 2271 2896 2342 ἥλους,
2929 2268 3026 2339 τὴν
3057 2268 3155 2337 τῆς
3205 2266 3448 2338 πλευρᾶς
3487 2265 3658 2331 νύξιν,
3701 2267 3785 2319 τὸν

2213 2365 2464 2418 θάνατον.
2527 2364 2590 2417 Εἰ
2640 2363 2696 2416 δὲ
2741 2363 2960 2433 δοκήσει
3020 2359 3250 2429 γέγονε,
3300 2359 3642 2429 φενακισμὺς
3699 2358 3789 2411 καὶ

2214 2457 2388 2528 σκηνὴ
2429 2457 2490 2510 τὸ
2530 2456 2629 2525 τῆς
2670 2454 2988 2524 οἰκονομίας
3023 2453 3355 2524 μυστήριον,
3401 2450 3496 2506 καὶ
3543 2451 3785 2523 δοκήσει,

2211 2551 2306 2603 καὶ
2349 2549 2448 2602 οὐκ
2487 2548 2718 2618 ἀληθείᾳ
2767 2547 2990 2616 γέγονεν
3039 2545 3358 2614 ἄνθρωπος,
3407 2545 3502 2597 καὶ
3543 2543 3788 2615 δοκήσει,

2211 2642 2307 2696 καὶ
2333 2642 2432 2694 οὐκ
2468 2639 2701 2710 ἀληθείᾳ
2753 2638 3114 2708 σεσῴσμεθα·
3167 2637 3282 2691 ἀλλ’
3322 2639 3503 2704 ἄπαγε
3529 2676 3545 2699 ,
3599 2639 3701 2690 καὶ
3743 2642 3791 2690 ot

2209 2732 2380 2785 ταῦτα
2411 2731 2664 2800 λέγοντες
2702 2730 2802 2800 τῆς
2835 2729 3110 2800 σωτηρίας
3132 2729 3558 2800 ἀμοιρείτωσαν.
3598 2729 3793 2798 Ἡμεῖς

2211 2825 2269 2878 δὲ
2306 2826 2406 2896 τῆς
2451 2823 2686 2896 ἀληθοῦς
2715 2823 2988 2895 σωτηρίας
3024 2823 3290 2894 ἐτύχομεν
3323 2823 3418 2877 καὶ
3458 2821 3788 2891 τευξόμεθα.

2210 2919 2369 2974 Κατὰ
2433 2919 2491 2971 δὲ
2537 2917 2597 2972 τὸ
2647 2918 2900 2986 δεύτερον
2953 2918 3051 2987 τῆς
3103 2916 3311 2990 φθορᾶς
3361 2917 3794 2988 σημαινόμενον,

2211 3011 2528 3083 ἄφθαρτον,
2580 3011 2698 3081 ἤτοι
2758 3009 3087 3080 ἀδιάφθορον
3131 3009 3506 3080 ὁμολογοῦμεν
3567 3010 3627 3063 τὸ
3699 3009 3790 3064 τοῦ

2212 3105 2422 3177 Κυρίου
2456 3103 2654 3172 σῶμα,
2708 3101 2894 3164 καθὼς
2945 3102 3077 3171 ήμῖν
3130 3101 3180 3154 oi
3238 3101 3489 3172 θεοφόροι
3543 3103 3792 3173 Πατέρες

2212 3195 2674 3269 παραδεδώκασιο
2735 3193 2875 3264 μετὰ
2927 3192 3110 3262 μέντοι
3169 3192 3267 3264 τὴν
3307 3194 3370 3246 ὲκ
3423 3192 3638 3262 νεκρῶν
3696 3193 3793 3245 τοῦ

2213 3287 2467 3358 Σωτῆρος
2513 3286 2832 3350 ἀνάστασιν,
2865 3283 2959 3336 καὶ
2991 3281 3136 3336 κατὰ
3171 3286 3230 3336 τὸ
3274 3282 3484 3352 πρῶτον
3514 3283 3792 3351 σημαινό-

2215 3396 2394 3449 μενον,
2442 3377 2720 3448 ἄφθαρτον
2745 3377 2806 3430 τὺ
2835 3375 2928 3429 τοῦ
2966 3375 3176 3446 Κυρίου
3227 3373 3381 3444 σῶμά
3422 3390 3605 3442 φαμεν
3634 3391 3647 3403 ·
3687 3373 3790 3426 καὶ

2211 3471 2290 3543 τῷ
2322 3471 2582 3544 ήμετέρῳ
2619 3469 2729 3540 γὰρ
2755 3466 2970 3540 σώματι
3006 3468 3107 3538 τήν
3133 3483 3195 3520 τε
3224 3465 3516 3520 ἀνάστασιν
3543 3465 3642 3517 καὶ
3687 3465 3795 3534 τὴν

2215 3565 2356 3637 μετά
2385 3562 2555 3618 ταῦτα
2585 3561 2894 3634 ἀφθαρσίαν
2921 3561 2950 3614 ὁ
2983 3559 3191 3631 Κύριος
3230 3557 3319 3612 διά
3357 3555 3450 3611 τοῦ
3491 3557 3628 3610 ἰδίου
3661 3555 3793 3610 ὲδω·

2214 3659 2422 3730 ρήσατο
2455 3655 2730 3725 σώματος,
2760 3655 2924 3718 αὐτὸς
2944 3654 3174 3727 ἀπαρχὴ
3195 3652 3294 3722 τῆς
3322 3667 3383 3704 τε
3412 3649 3792 3713 ἀναστάσεως,

2211 3748 2306 3802 καὶ
2342 3747 2442 3819 τῆς
2465 3745 2798 3817 ἀφθαρσίας,
2833 3745 2929 3799 καὶ⁵
2955 3745 3056 3817 τῆς
3086 3743 3356 3805 ἀπαθείας
3379 3752 3404 3781 α
3455 3740 3591 3810 ἡμῖν
3644 3738 3797 3806 γενό-

2221 3858 2399 3912 μενος.
2459 3837 2561 3892 Δεῖ
2601 3839 2708 3908 γὰρ
2755 3839 2820 3892 τὸ
2873 3835 3137 3907 φθαρτὸν
3185 3834 3362 3888 τοῦτο
3413 3831 3798 3886 ἐνδύσασθαι

2215 3933 2582 4003 ἀφθαρσίαν,
2619 3931 2784 4002 φησὶν
2810 3931 2838 3983 ὁ
2867 3929 3010 3993 θεῖος
3049 3927 3390 3990 Ἀπόστολος.

607 4137 649 4168 ⁸³
682 4136 875 4192 Leont.
911 4137 985 4191 De
1017 4146 1142 4192 sect.
1183 4147 1292 4192 act.
1325 4135 1435 4206 10,7
1457 4144 1512 4191 et
1545 4135 1690 4189 Dial.
1735 4143 1874 4190 conl.
1907 4135 2318 4206 Aphlharlodoc.
2398 4133 2443 4166 ¹³
2467 4131 2617 4188 Psal.
2642 4148 2733 4196 xv,
2757 4133 2843 4188 10.
2923 4133 2967 4164 ’⁸
2989 4133 3180 4186 Anast.
3212 4127 3410 4184 Sinait.
3441 4127 3495 4180 in
3541 4125 3797 4196 ὀδηγῷ,

536 4221 591 4277 p.
633 4206 758 4263 295.
838 4207 1078 4263 "lCor.
1110 4223 1198 4273 xv,
1227 4206 1321 4262 20.
1399 4205 1444 4236 ¹⁶
1488 4206 1625 4262 ibid.
1658 4207 1746 4261 55.

1797 4354 2028 4411 VARIE
2069 4353 2470 4410 LECTIONES.

611 4500 637 4528 ⁸
675 4490 809 4545 Cod.
848 4489 905 4544 S.
949 4489 1054 4543 llil.
1087 4499 1142 4546 et
1167 4489 1262 4545 alii
1300 4488 1524 4562 plurimi
1554 4489 1734 4559 Ἀφθα
1775 4455 2008 4559 τονδμὲν
2051 4484 2145 4543 οὖν
2185 4489 2330 4542 κατά
2372 4487 2466 4541 τὸν
2513 4489 2844 4558 παράφρονα.
2899 4483 3086 4555 (Colb.
3129 4484 3151 4538 ί
3209 4485 3456 4558 ἄφρονα)
3501 4483 3804 4540 Ἰουλιανον

611 4559 636 4614 1
663 4560 887 4615 Γαῖανὸν
918 4559 1118 4615 λέγειν.
1153 4560 1296 4615 κατὰ
1324 4561 1404 4615 τό.
1482 4571 1510 4602 ι
1543 4558 1713 4615 Reae.
1737 4505 1774 4615 ἵ
1798 4558 2136 4615 ἀθανασίαςε
2179 4559 2260 4615 sic
2297 4555 2470 4614 Faber
2499 4557 2960 4614 immortalitatem
2990 4556 3195 4615 posuit.

542 4559 636 4616 καὶ
663 4560 887 4615 Γαῖανὸν
918 4559 1118 4629 λέγειν,
1153 4558 1404 4615 mam.
1482 4571 1510 4602 ι
1543 4558 1713 4632 Regg.

1798 4555 2136 4622 ἀθανασίαςε
2179 4559 2260 4615 sic
2297 4555 2470 4614 Faber
2499 4555 2960 4614 immortalitatem
2990 4556 3195 4625 posuit.

2040 4719 2271 4780 NOTAE.

541 4862 751 4926 εοΐίηῆεν
777 4850 977 4926 ᾆποῖον,
1013 4852 1133 4923 οὐχὶ
1157 4852 1253 4926 τοῦ
1283 4855 1719 4926 πρωτοπλάστον
1757 4850 2109 4926 μόνον,,ᾴλλὰ
2142 4835 2185 4890 D
2216 4855 2408 4912 Patres
2449 4811 2650 4910 dicunt.
2689 4853 2793 4926 Sed
2824 4853 2891 4926 de
2931 4853 3012 4908 his
3057 4866 3162 4926 non
3189 4859 3269 4926 est
3310 4847 3808 4926 uunedisputands‘

541 4920 635 4972 καὶ
661 4919 721 4971 τὸ
863 4919 1045 4990 ἐτερον
1071 4919 1109 4954 λ’
1131 4925 1190 4975 οὐ
1235 4919 1342 4994 γάρ
1384 4925 1453 4977 δι’
1498 4925 1661 4978 αὑτὸν
1700 4919 1907 4975 ἐκεῖνον
1937 4919 2104 4991 ἦλθεν

544 4989 723 5041 μόνον.
755 4920 892 5041 digit
947 4991 1041 5041 καὶ
1078 4991 1146 5041 δι’
1182 4994 1332 5041 ἡμᾶς
1359 5034 1372 5041 -
1427 4995 1584 5041 quale
1624 5002 1760 5041 erat.
1795 5009 1898 5041 non
1935 4992 2104 5041 solum

543 4989 731 5064 μόνον,
755 4988 892 5042 ἀλλά
947 4988 1041 5043 καὶ
1078 4991 1146 5064 δι’
1182 4988 1332 5062 ἡμᾶς
1359 5034 1373 5058 ,
1427 4995 1584 5064 quale
1624 5002 1760 5054 erat,
1795 5009 1898 5046 non
1935 4988 2105 5046 solum

539 5059 732 5132 Adami
755 5072 950 5132 corpus
973 5099 988 5122 ,
1033 5061 1124 5114 sed
1151 5059 1312 5115 etiam
1353 5059 1592 5117 nostrum
1623 5081 1640 5118 :
1672 5071 1850 5131 utpote
1880 5064 1968 5132 qui
2000 5079 2105 5116 non

539 5131 683 5184 illius
729 5129 995 5184 duntaxat
1045 5148 1207 5185 causa
1260 5136 1476 5196 venerit,
1516 5151 1692 5188 verum
1722 5129 2102 5188 etiam-nostri.

537 5200 673 5254 Cum
711 5203 850 5255 enim
883 5203 1175 5256 communis
1210 5217 1344 5258 esset
1368 5204 1598 5266 morbus,
1633 5204 1782 5257 valde
1819 5203 2108 5256 absurdum

539 5271 748 5338 fuisset,
784 5274 941 5325 unius
973 5273 1178 5340 quidem
1209 5290 1321 5327 esse
1358 5274 1606 5338 similem,
1655 5283 1962 5327 cmtcrorum
1994 5289 2110 5326 vero

540 5340 851 5412 dissimilem
899 5343 1178 5412 :quininto
1233 5345 1495 5398 Adamum
1551 5347 1602 5398 in
1638 5345 1807 5412 prima
1847 5345 2110 5396 constitu-

543 5410 680 5464 tione
719 5428 814 5466 sua
851 5410 961 5468 non
1003 5413 1248 5468 habuisse
1279 5425 1335 5467 ut
1376 5416 1430 5468 in
1465 5410 1645 5468 totum
1663 5423 1796 5468 esset
1836 5414 2114 5465 immorta-

543 5478 630 5557 lis.
664 5484 959 5557 unrtéﬁys,
1010 5487 1112 5557 uel
1156 5485 1575 5557 redemptor,
1621 5484 2024 5557 quantonminus
2046 5489 2112 5557 ut

543 5552 960 5625 incgrruptibilis
989 5569 1006 5606 :
1038 5554 1237 5623 alioqui
1268 5559 1367 5607 οὑκ
1397 5552 1462 5607 ἂν
1496 5552 1650 5622 οἶμαι
1687 5555 1779 5607 τοῦ
1801 5554 1979 5625 ξύλου
2007 5553 2112 5625 τῆς

544 5611 693 5693 ζωῆς
727 5611 1108 5694 τέροσεδέησεν,
1141 5611 1268 5692 όριιε
1320 5627 1368 5678 ei
1414 5641 1515 5678 non
1553 5611 1750 5691 'fuisset
1790 5611 1932 5694 liquo
1968 5611 2110 5683 vilic,

545 5691 700 5754 cujus
727 5691 1132 5757 participatione
1170 5695 1409 5760 privatus
1442 5711 1533 5763 per
1563 5691 1847 5763 peccatum
1877 5693 1978 5761 fuit
2000 5731 2014 5756 ,
2052 5701 2109 5745 ut

2213 4937 2414 4995 tempus
2445 4966 2458 4988 ,
2511 4927 2593 4979 ὅτι
2630 4925 2767 4996 μηδὲ
2812 4924 2992 4996 δόγμα
3038 4922 3099 4976 τὸ
3139 4919 3402 4996 κατᾲμτὸν
3451 4919 3643 4996 ξΑδᾲμἶ
3675 4935 3808 4996 cru-{1

2211 4989 2386 5068 χάνὲι’
2419 4997 2612 5067 dogma
2630 4989 2826 5068 quippe
2851 4989 2975 5068 ﬁdei
3000 5002 3211 5068 non-est
3247 4990 3302 5043 id
3331 4989 3471 5068 quod
3501 4990 3583 5068 ad
3608 4990 3807 5042 Adami

2213 5059 2414 5123 statum
2445 5059 2664 5136 spectat.
2697 5059 2819 5120 Non
2851 5059 3005 5136 reniti
3041 5064 3297 5136 Dominus
3321 5060 3526 5113 salvum
3550 5059 3808 5136 facturus

2217 5130 2482 5193 Adamum
2515 5138 2796 5208 insontem,
2847 5145 2904 5188 ut
2961 5133 3230 5208 similis_ei
3260 5132 3407 5208 fieret
3436 5169 3450 5192 ,
3497 5130 3594 5182 sed
3635 5131 3806 5208 magis

2215 5209 2414 5277 peccati
2445 5224 2590 5262 reum
2620 5202 2670 5262 et
2692 5199 2810 5276 jam
2847 5207 3094 5277 lapsum,
3148 5204 3236 5256 ἶνα
3262 5199 3342 5270 δὴ
3388 5199 3808 5268 συμπεπονθὼς

2219 5276 2370 5348 αὐτῷ
2395 5319 2408 5343 ,
2441 5287 2498 5331 ut
2545 5294 2650 5331 una
2679 5294 2797 5330 cum
2835 5277 2928 5330 illo
2958 5276 3164 5342 patiens
3193 5289 3345 5348 ,_u_ua
3375 5286 3584 5348 quoque
3624 5285 3804 5324 serum

2217 5341 2666 5403 eum'suscitaret.
2697 5349 2833 5414 Quia
2882 5341 3013 5400 vero
3046 5343 3283 5399 haeretici
3310 5341 3638 5414 ex‘Patrum
3669 5354 3806 5409 quo-

2217 5419 2468 5473 rumdam
2521 5409 2948 5473 auctoritatibus
3005 5414 3310 5470 inferebant
3338 5409 3541 5467 Christi
3593 5424 3806 5478 corpus

2219 5489 2389 5544 fuis'sc
2419 5503 2449 5542 a
2483 5491 2833 5558 corruptione
2878 5487 3114 5558 liberant
3138 5483 3400 5558 ,__duplex_
3433 5479 3570 5558 illud
3605 5494 3808 5558 eorru-

2221 5561 2380 5683 pt'elzc
2412 5549 2698 5641 distinguit
2746 5573 2940 5631 genus,
2974 5557 3118 5626 quod
3156 5549 3356 5610 Noster
3386 5550 3546 5606 initio
3595 5549 3803 5622 capitis

2221 5644 2492 5683 eussertt.

2221 5644 2492 5687 8015581⁸11..
