4072 6146
3534 336 3672 399 ΗΜ

2617 448 2677 502 οὑ
2732 447 2842 522 γὰρ
2885 448 3202 504 ἐπείνασεν·
3248 448 3566 519 οἰκονομίας
3615 453 3670 503 δὲ

415 343 554 415 119'}
1619 341 1684 402 S.
1716 341 2034 402 JOANNIS
2079 341 2507 402 DAMASCENt

413 457 747 530 ruptionem,
778 458 999 520 laniem,
1033 451 1180 505 sitim
1207 488 1224 514 ,
1272 464 1552 509 somnum,
1582 449 1989 513 lassitudinem,

2110 451 2248 519 νόμῳ
2301 450 2522 518 φύσεως
2551 462 2561 476 ‘

415 552 633 620 aliaque
665 548 718 603 id
761 544 1000 617 generis.
1038 542 1172 597 Nam
1221 542 1324 597 etsi
1353 552 1474 610 post
1526 544 1992 598 resurrectionem

2110 543 2323 615 τρόπῳ,
2362 543 2424 594 τὸ
2479 541 2679 613 ἀληθὲς
2723 541 3087 612 πιστούμενος
3134 542 3233 613 τῆς
3298 542 3672 604 ἀναστάσεως,

411 643 597 698 cibum
639 639 879 710 guStavit
906 641 973 699 ²²,
1005 653 1115 690 non
1144 644 1322 691 tamen
1356 636 1407 690 id
1444 645 1655 692 naturas
1682 637 1795 706 lege
1819 636 1996 691 couti-

2110 634 2170 698 ὒς
2206 633 2342 704 αὐτή
2390 635 2568 700 ἐστιν,
2623 637 2656 704 ἡ
2702 633 2966 706 σὰρξ(60)
3018 637 3050 705 ἡ
3103 633 3354 688 παθοῦσα
3411 635 3506 688 καὶ
3542 636 3674 690 ἁναο

367 765 369 768 ‹
413 735 519 804 git:
550 747 728 802 neque
753 731 898 785 enim
945 728 1089 783 fame
1121 726 1427 794 laboravit;
1465 727 1562 782 sed
1597 736 1748 782 certa
1772 729 1996 797 dispen-

2110 727 2309 778 στᾶσα·
2342 725 2495 779 οὐδὲν
2524 726 2580 779 δέ
2623 725 2732 780 τῶν
2776 727 2878 796 τῆς
2922 725 3140 796 φύσεως
3190 724 3373 796 μερῶν
3416 726 3670 782 ἀπέθετο.

414 823 646 886 satione,
680 830 739 875 ut
769 819 926 875 tidem
958 821 1247 881 faceret,sc
1279 832 1403 872 vere
1435 817 1501 872 ad
1525 817 1688 873 vitam
1738 818 1992 884 rediisse,

2110 815 2156 868 >ὺ
2194 814 2386 886 σῶμα,
2430 815 2490 868 οὐ
2525 815 2702 887 ψυχὴν
2727 857 2740 881 ,
2783 816 2918 870 ἀλλὰ
2969 816 3153 870 καὶτὸ
3201 815 3384 886 σῶμα,
3436 817 3532 869 καὶ
3573 821 3670 887 τὴν
3771 816 3784 830 ⁸

413 915 770 984 eamdemque
827 927 948 968 esse
1001 925 1228 964 carnem
1284 925 1406 979 qua:
1454 925 1576 965 cum
1609 919 1822 966 mortua
1860 910 1997 965 fuis-

2110 906 2277 978 ψυχὴν
2308 908 2535 980 λογικήν
2559 925 2619 960 τε
2648 909 2743 962 καὶ
2774 907 2993 980 γοερὰν,
3032 908 3326 980 θελητικήν
3354 925 3414 961 τε
3450 909 3547 960 καὶ
3590 911 3673 962 ἐν·

414 1016 517 1072 set,
572 1005 869 1062 revixerat.
936 1002 1210 1058 Cancrum
1267 1001 1474 1055 nullam
1521 1011 1733 1056 naturrc
1786 1013 1992 1072 partem

2110 998 2398 1069 ε’ργητικὴν
2434 999 2721 1069 κέκτηται,
2749 1000 2844 1052 καὶ
2870 999 3042 1062 οὕτως
3065 999 3122 1051 ἐν
3149 999 3302 1069 δεξιᾷ
3332 997 3428 1051 τοῦ
3459 999 3673 1069 Πατρδς

414 1099 635 1170 abjeeit,
673 1113 780 1152 non
813 1111 1017 1166 corpus
1047 1135 1062 1159 ,
1105 1110 1212 1149 non
1245 1095 1504 1149 animam.
1537 1093 1690 1162 .Quin
1726 1095 1915 1166 potius
1942 1103 1996 1150 et

2110 1089 2426 1154 καθέζεται,
2483 1089 2652 1143 θέλων
2686 1089 2885 1152 θεῖκῶς
2932 1106 2991 1142 τε
3033 1089 3128 1142 καὶ
3174 1088 3543 1159 ἀνθρωπίνως
3575 1088 3674 1157 τὴν

413 1205 618 1259 corpus
647 1197 700 1243 et
733 1188 974 1241 animant
1007 1185 1217 1238 ratione
1243 1191 1296 1238 et
1323 1183 1630 1247 intellectu,
1655 1185 1996 1254 .volendique

2110 1180 2257 1251 ἡμῶν
2293 1181 2592 1252 σωτηρίαν,
2624 1181 2716 1235 καὶ
2747 1180 3008 1252 ἐνεργῶν,
3047 1181 3244 1243 θεῖκῶς
3280 1178 3399 1250 μὲν,
3432 1181 3532 1250 τὴν
3565 1179 3673 1231 τῶν

411 1289 465 1333 et
513 1278 707 1349 agendi
769 1275 1036 1329 facultate
1103 1272 1384 1344 praeditam
1441 1273 1652 1338 habuit,
1695 1273 1883 1343 sicque
1938 1273 1993 1327 in

2110 1270 2234 1324 ὅλων
2267 1271 2526 1342 πρόνοιάν
2559 1289 2621 1324 τε
2671 1271 2765 1324 καὶ
2797 1271 3147 1341 συντήρησιν,
3181 1271 3275 1324 καὶ
3312 1269 3672 1340 κυϐέρνησις),

413 1371 616 1424 coelum
648 1367 937 1430 ascendit,
992 1375 1159 1434 atque
1191 1364 1256 1418 ad
1280 1361 1460 1419 Patris
1503 1363 1782 1420 dexteram
1819 1364 1992 1431 sedet,

2110 1359 2456 1432 ὶνθρωπίνως
2497 1361 2582 1426 δὲ,
2621 1361 2976 1432 μεμνημένος
3011 1361 3122 1415 τῶν
3160 1361 3254 1416 ἐπὶ
3303 1362 3406 1433 γῆς
3456 1360 3675 1416 αὑτοῦά

410 1462 598 1515 divino
622 1459 979 1527 humanoque
1013 1456 1174 1510 modo
1206 1457 1442 1511 salutem
1477 1464 1719 1511 nostram
1766 1455 1991 1510 volens:

2110 1454 2412 1525 Βιατριϐῶν,
2466 1456 2609 1527 ὁρῶν
2639 1473 2698 1510 τε
2733 1454 2830 1514 καὶ
2863 1458 3147 1527 γινώσκων
3171 1498 3186 1524 ,
3229 1458 3306 1520 ὡς
3346 1455 3451 1509 ὑπὸ
3489 1455 3672 1527 πάσης

411 1554 598 1608 divino
623 1551 843 1623 quidem
895 1565 1002 1616 qua
1052 1549 1219 1604 rebus
1262 1547 1518 1602 omnibus
1551 1549 1842 1617 providet,
1899 1555 1996 1602 eas

2110 1552 2485 1619 προσκυνεῖται
2537 1554 2638 1622 τῆς
2681 1553 2912 1623 λογικῆς
2959 1552 3214 1614 κτίσεως.
3256 1550 3517 1604 Γινώσκει
3557 1550 3671 1619 γὰρ

409 1658 750 1700 conservans
786 1651 840 1698 et
879 1643 1236 1714 gubernans;
1273 1641 1512 1696 humano
1544 1647 1726 1695 autem
1763 1655 1996 1696 conver-

2110 1637 2131 1706 ί)
2161 1637 2296 1704 ἁγία
2339 1638 2506 1692 αὐτοῦ
2542 1639 2710 1711 ψυχὴ,
2741 1641 2824 1694 ὅτι
2866 1657 2938 1711 τε,
2958 1638 3081 1694 καθ’
3110 1638 3410 1693 ὑπόστασιν
3439 1637 3514 1708 τῷ
3551 1638 3674 1706 Θεῷ

411 1737 680 1793 sationem
712 1750 894 1800 suam,
928 1747 1094 1804 quam
1119 1733 1177 1786 in
1204 1731 1367 1787 terris
1403 1731 1596 1803 gessit,
1625 1741 1807 1786 mente
1840 1746 1995 1786 reco-

2110 1728 2256 1800 Δόγῳ
2277 1731 2509 1802 ἥνωται,
2539 1733 2636 1785 καὶ
2666 1735 3198 1806 συμπροσκυνεῖται,
3231 1733 3306 1796 ὡς
3349 1731 3484 1786 Θεοῦ
3506 1732 3676 1802 ψυχὴ.

409 1829 552 1895 iens,
592 1828 898 1898 vidensque
950 1833 1005 1881 et
1057 1825 1247 1880 sciens
1300 1839 1360 1880 se
1417 1824 1486 1878 ab
1541 1823 1689 1878 omni
1738 1831 1995 1882 creatura

2110 1823 2193 1876 καὶ
2217 1823 2317 1894 οὐχ
2345 1819 2420 1889 ὡς
2450 1826 2638 1890 ἁπλῶς
2663 1827 2834 1898 ψυχή.
2869 1827 2980 1880 Καὶ
3009 1827 3071 1879 τὸ
3100 1825 3372 1895 ἀναόἧναι
3401 1824 3457 1877 δὲ
3481 1824 3546 1876 ἐκ
3573 1824 3678 1894 γῆς

410 1921 666 1976 rationali
713 1919 955 1974 adorari.
1032 1917 1250 1972 Sanctae
1311 1916 1516 1971 etenim
1572 1916 1748 1986 ipsius
1799 1917 1996 1970 animae

2110 1916 2180 1979 εἰς
2209 1917 2462 1986 οὐρανὸν,
2496 1918 2594 1970 καὶ
2636 1918 2700 1971 τὸ
2731 1918 3040 1987 καταϐῆναι
3070 1917 3127 1971 δέ
3176 1917 3362 1984 πάλιν,
3405 1916 3680 1986 ἐνέργειαί

407 2023 751 2084 compertum
792 2018 1066 2077 est.,.tum
1106 2009 1260 2079 quod
1315 2007 1426 2062 Deo
1483 2005 1666 2062 Verbo
1689 2008 1995 2063 secundum

2110 2008 2210 2060 εἰσι
2259 2011 2741 2080 περιγραφομένου
2792 2011 3078 2082 σώματος·
3129 2011 3308 2064 -Οὕτω
3351 2010 3460 2078 γὰρ
3492 2009 3683 2063 πάλιν

409 2101 932 2176 hypostasim-unita
969 2099 1063 2163 sit,
1111 2106 1228 2152 tum
1268 2095 1414 2166 quod
1451 2109 1563 2150 una
1613 2109 1740 2149 cum
1792 2109 1860 2150 eo
1902 2094 1999 2148 ad-

2110 2099 2417 2154 ὲλεύσεται
2438 2141 2454 2167 ,
2483 2101 2648 2172 φησὶ,
2683 2103 2831 2173 πρὸς
2862 2102 3041 2172 ὑμᾶς,
3071 2103 3144 2156 ὃν
3175 2103 3400 2170 τρόπον
3426 2100 3682 2155 ἐθεάσα-

410 2199 619 2253 oretur,
658 2189 736 2244 uti
758 2187 854 2243 Dei
888 2186 1094 2248 anima,
1122 2199 1186 2239 ac
1219 2198 1326 2238 non
1348 2191 1410 2237 ut
1437 2181 1763 2252 simpliciter
1794 2183 1996 2236 anima.

2110 2192 2218 2244 σθε
2261 2193 2451 2246 αὐτὸν
2488 2193 2897 2262 πορευόμενον
2929 2196 3017 2259 εἰς
3045 2195 3152 2246 τὸν
3178 2193 3463 2261 οὐρανόν.

410 2283 552 2350 Quin
591 2283 692 2334 hoc
732 2293 955 2349 quoque
999 2277 1175 2346 ipsum
1228 2274 1373 2344 quod
1419 2290 1450 2326 e
1489 2281 1636 2327 terra
1686 2273 1740 2328 in
1798 2274 2000 2329 caelum
2039 2281 2314 2348 ascendit,
2360 2297 2425 2338 ac
2460 2283 2642 2338 denuo
2667 2284 3040 2340 descensurus
3069 2293 3176 2346 est,
3243 2285 3489 2339 actiones
3555 2291 3682 2337 sunt

411 2372 664 2444 corporis
706 2365 1126 2436 circumscripti
1157 2382 1171 2420 :
1221 2363 1310 2420 Sic
1338 2365 1519 2430 enim,
1547 2363 1749 2435 inquit,
1810 2379 1996 2421 rursus
2035 2369 2202 2425 ueniet
2234 2373 2302 2426 ad
2337 2389 2448 2439 vos,
2511 2374 2953 2445 quemadmodum
2991 2375 3210 2430 uidistis
3254 2383 3595 2430 eunteuntem
3626 2376 3686 2429 in

410 2469 598 2524 caelum
631 2465 699 2519 ”.

1079 2591 1230 2650 CAP.
1260 2591 1324 2649 ll.

708 2712 786 2768 De
823 2710 1056 2766 sessione
1087 2707 1155 2763 ad
1184 2706 1457 2762 dexteram
1500 2706 1702 2761 Patris.

2635 2601 2890 2655 ΚΕΦΑΛ.
2923 2601 2978 2653 B'
3016 2599 3187 2674 (om.

2200 2713 2341 2784 Περὶ
2364 2713 2476 2786 τῆς
2517 2716 2587 2770 ἐκ
2611 2715 2830 2781 δεξιῶν
2861 2717 2971 2772 τοῦ
2998 2715 3233 2786 Πατρός
3268 2716 3582 2786 καθέδρας.

486 2829 661 2886 Porro
687 2826 972 2882 Christum
1008 2823 1074 2878 ad
1104 2824 1388 2878 dexteram
1417 2820 1512 2876 Dei
1530 2831 1584 2876 et
1604 2821 1782 2876 Patris
1805 2821 1997 2878 sedere

2189 2828 2286 2883 Ἐκ
2313 2828 2505 2897 δεξιῶν
2544 2829 2605 2883 δέ
2643 2829 2737 2884 τοῦ
2768 2828 2903 2883 Θεοῦ
2935 2830 3030 2885 καὶ
3071 2830 3288 2902 Πατρὺς
3332 2830 3693 2886 κεκαθικὲναι

413 2921 776 2995 corporaliter
800 2917 1072 2973 dicimus:
1105 2929 1205 2970 nec
1241 2912 1472 2985 proinde
1518 2912 1626 2967 loci
1683 2912 1861 2966 instar
1883 2927 2004 2968 esse

2110 2923 2283 2993 φαμὲν
2314 2923 2404 2977 τὸν
2445 2923 2683 2994 Χριστὸν
2728 2922 3100 2994 σωματικῶς,
3149 2924 3210 2977 οὐ
3239 2924 3476 2996 τοπικὴν
3511 2923 3568 2977 δὲ
3593 2924 3693 2977 Ss-

415 3015 596 3072 Patris
617 3014 897 3068 dexteram
933 3009 1293 3062 allirmamus.
1323 3004 1426 3071 Qui
1467 3004 1614 3059 enim
1657 3003 1775 3059 ﬁeri
1807 3005 2003 3075 possit,

2110 3015 2225 3083 Ειὰν
2249 3014 2344 3068 τοῦ
2376 3014 2589 3086 Πατρὸς
2623 3014 2881 3086 λέγομεν.
2920 3015 3045 3078 Πῶς
3072 3014 3182 3087 γὰρ
3211 3018 3240 3069 ὁ
3271 3017 3695 3088 ἁπερίγραπτος

415 3118 477 3164 ιιι
509 3107 606 3178 qui
635 3099 1178 3172 circumscriptionis
1215 3107 1302 3153 est
1332 3112 1552 3168 expers,
1584 3097 1707 3150 loco
1726 3095 2004 3150 definitam

2110 3103 2335 3174 τοπικὴν
2367 3103 2520 3175 σχοίη
2553 3103 2737 3168 δεξιάν
2765 3119 2779 3170 ;
2816 3104 2978 3170 Δεξιὰ
3010 3105 3119 3177 γὰρ
3147 3107 3241 3160 καὶ
3276 3108 3549 3178 ἀριστερὰ
3578 3109 3693 3163 τῶν

415 3201 697 3256 dexteram
755 3194 983 3250 habeat?
1042 3191 1242 3246 Dextra
1272 3191 1420 3245 enim
1449 3198 1504 3245 et
1549 3189 1777 3244 sinistra
1807 3187 1876 3244 iis
1914 3187 2004 3243 de-

2110 3196 2652 3266 περιγεγραμμένων
2683 3197 2792 3250 εἰσί
2817 3213 2830 3228 ·
2857 3197 3042 3264 δεξιὰν
3072 3199 3130 3252 δὲ
3162 3198 3254 3253 τοῦ
3290 3201 3501 3270 Πατρὸς
3526 3202 3693 3269 λέγο-

418 3310 566 3349 mum
600 3289 961 3353 conveniunt,
989 3301 1112 3357 quae
1132 3285 1257 3339 loco
1283 3282 2007 3346 circumscri-buntur.Quo-

419 3387 567 3441 circa
609 3399 702 3453 per
731 3391 965 3452 paterna:
995 3379 1200 3432 dextrae
1231 3375 1561 3432 vocabulum
1623 3374 2001 3444 signiﬁcamus

419 3474 726 3530 divinitatis
759 3471 1021 3525 honorem
1078 3476 1130 3523 et
1174 3466 1401 3536 gloriam
1430 3505 1446 3532 ,
1511 3464 1565 3518 in
1608 3478 1714 3534 qua
1744 3477 1870 3517 cum
1909 3462 2005 3517 Dei

424 3564 606 3621 Filius
638 3603 653 3628 ,
703 3571 964 3634 tanquam
998 3559 1142 3615 Deus
1190 3557 1450 3628 Patrique
1481 3555 2002 3620 consubstantialis,

423 3667 550 3714 ante
578 3657 777 3713 saecula
806 3664 974 3720 esset,
1000 3653 1074 3709 ad
1101 3661 1409 3708 extremum
1445 3664 1577 3704 caro
1598 3648 1787 3704 Tactus
1813 3661 2010 3717 corpo-

422 3767 521 3808 reo
551 3764 770 3820 quoque
821 3748 983 3803 modo
1018 3744 1304 3808 considet,
1353 3743 1407 3797 in
1442 3745 1689 3798 eamdem
1740 3740 1999 3795 nimirum

2113 3303 2212 3353 μεν
2246 3286 2348 3358 τὴν
2391 3287 2553 3351 δόξαν
2591 3290 2686 3342 καί⁵
2727 3288 2825 3360 τὴν
2853 3290 3020 3361 τιμὴν
3051 3290 3153 3361 τῆς
3183 3291 3428 3361 θεότητος
3450 3333 3462 3357 ,
3497 3294 3557 3346 ἐν
3654 3295 3687 3346 6

2106 3377 2202 3431 τοῦ
2251 3378 2386 3432 Θεοῦ
2429 3379 2558 3444 Υίὸς
2596 3380 2702 3452 πρὸ
2738 3381 2951 3435 αἰώνων
2978 3383 3257 3454 ὑπάρχων,
3283 3383 3357 3447 ὡς
3394 3385 3547 3451 Θεὸς,
3583 3387 3686 3439 καὶ

2112 3469 2190 3540 τῷ
2217 3470 2395 3542 Πατρὶ
2429 3471 2716 3542 ὁμοούσιος
2741 3513 2756 3540 ,
2795 3474 2892 3527 ἐπ’
2923 3474 3172 3544 ἐσχάτων
3211 3478 3512 3546 σαρκωθεις
3535 3517 3551 3540 ,
3584 3480 3694 3531 καὶ

2115 3563 2445 3632 σωματικῶς
2493 3565 2772 3636 κάθηται,
2823 3567 3280 3640 συνδοξασθείσης
3327 3571 3426 3639 τῆς
3483 3572 3700 3642 σαρκὸς

2107 3653 2302 3708 αὑτοῦ·
2333 3661 2730 3727 προσκυνεῖται
2751 3659 2860 3731 γὰρ
2896 3663 2993 3732 μιᾷ
3022 3663 3392 3733 προσκυνήσει
3427 3664 3569 3734 μετὰ
3595 3664 3702 3733 τῆς

2113 3745 2313 3815 σαρκὸς
2344 3747 2510 3800 αὐτοῦ
2543 3748 2649 3802 ὑπὸ
2677 3749 2860 3820 πάσης
2889 3748 2988 3819 τῆς
3002 3751 3262 3814 κτίσεως.

424 3843 654 3916 gloriam
687 3839 858 3896 ascita
895 3839 1068 3909 ipsius
1100 3851 1282 3892 carne.
1341 3835 1463 3892 Una
1507 3835 1667 3890 enim
1699 3833 2005 3900 eademque
2037 3846 2162 3891 cum
2217 3853 2316 3895 sua
2371 3854 2537 3895 carne
2584 3841 2907 3898 adoratione
2955 3843 3026 3898 ab
3073 3843 3332 3903 omnibus
3363 3845 3572 3900 creatis
3609 3860 3708 3900 τε-

425 3935 530 3993 bus
553 3933 753 3990 colitur
779 3931 848 3985 “.

496 4094 543 4126 ³⁸
565 4091 701 4149 Luc.
736 4104 884 4153 xxiv,
918 4087 1010 4142 45.
1083 4084 1132 4116 ’³
1153 4086 1272 4138 Act.
1303 4099 1349 4147 ι,
1390 4083 1481 4138 ll.
1554 4084 1600 4116 “
1632 4082 1832 4137 Athan.
1863 4079 1991 4136 Jun.
2024 4096 2080 4152 p.
2109 4080 2180 4136 45
2207 4081 2275 4136 ad
2314 4083 2470 4162 Ant.;_
2500 4081 2662 4139 Basil.
2686 4082 2782 4138 lib.
2815 4082 2893 4138 De
2925 4081 3128 4153 Spiritu
3168 4092 3523 4154 sancto,-eap.
3551 4085 3608 4140 6.

1736 4234 1974 4291 vanu:
2013 4202 2419 4294 LECTIONES.

500 4365 530 4407 ὀ
564 4363 760 4420 Deerat
783 4345 972 4424 αὐτοῦ,
997 4356 1053 4411 in
1082 4354 1265 4411 editis.

1955 4513 2186 4572 NOTAE.

505 4635 641 4707 (60)_
666 4633 956 4707 'Qc_at')tﬂ
986 4626 1338 4707 ’éapgadpf.
1389 4633 1747 4707 Eamdernque
1786 4647 2005 4707 carnem
2043 4634 2084 4690 ι)
2106 4637 2226 4707 jam
2279 4636 2599 4704 terrenisque
2639 4633 3013 4707 affectionibus
3054 4632 3260 4707 Christi
3293 4635 3722 4707 caroobnoxia

434 4701 572 4776 esse.
599 4701 737 4776 Huic
757 4701 1025 4776 doctrina:
1053 4701 1341 4776 Origenes,
1375 4701 1999 4776 uterathosticorum

435 4775 654 4846 placitis
689 4773 935 4846 imbutus
959 4817 991 4846 ,_
1027 4773 1373 4846 repugnavit.
1403 4773 1725 4846 Marcellum
1755 4775 2003 4846 A’ncyra-

432 4841 568 4900 itum
603 4843 820 4896 omitto.
856 4841 913 4896 ln
943 4841 1144 4898 dial.'2
1170 4841 1529 4910 Theodoreti,
1563 4843 1850 4900 Eranistes
1880 4841 2003 4899 hae-

435 4914 643 4971 reticus
662 4950 680 4977 ,
719 4919 943 4985 rogatus
965 4955 980 4980 ,
1022 4929 1134 4983 quo
1168 4923 1412 4985 tempore
1440 4917 1757 4985 humanitas
1787 4913 2002 4970 Christi

2107 4705 2213 4762 non
2244 4706 2337 4770 sit,
2376 4715 2506 4776 puta
2539 4707 2696 4776 fami,
2723 4705 2836 4770 siti,
2881 4705 3072 4776 aliisve
3113 4705 3528 4772 inﬁrmitatibus
3557 4722 3578 4759 :
3609 4721 3722 4759 non

2110 4785 2286 4831 tamen
2319 4774 2383 4829 ut
2405 4774 2746 4846 incorporeus
2768 4776 2862 4846 psit
2883 4813 2900 4840 ,
2928 4774 3022 4846 qui
3055 4776 3267 4829 nativas
3299 4776 3546 4843 corporis
3585 4791 3724 4843 rra-

2108 4849 2362 4917 prietates
2415 4864 2521 4901 non
2551 4845 2802 4916 abjecerit
2829 4883 2845 4908 ,
2884 4845 3137 4917 nimirum
3182 4846 3384 4917 trinam
3410 4846 3727 4917 dimensio-

2109 4915 2228 4973 nem
2253 4960 2268 4983 ,
2318 4918 2585 4988 formam,
2615 4915 2686 4970 iet
2722 4924 2916 4988 ewtera
2953 4915 3008 4988 id
3057 4931 3238 4983 genus.
3271 4915 3510 4988 Fereque
3574 4915 3725 4968 illud

435 4996 657 5057 exstare
692 4980 943 5057 desierit
967 5026 982 5050 ,
1023 4980 1565 5057 respondetsaltem
1609 4980 1892 5057 peratum
1944 4985 2008 5038 ἐκ

433 5054 650 5128 νεκρῶν
678 5053 977 5128 ἀνάστασιν
1007 5056 1041 5124 ὴ
1083 5053 1222 5128 σάρξ
1251 5055 1470 5128 ἐδέξατο
1497 5053 1719 5127 τὴνέίς
1753 5053 2006 5126 θεότητος

437 5122 602 5199 φύσιν
638 5122 976 5199 μεταβολήν,
1014 5122 1243 5199 oaro'in
1288 5127 1521 5199 divinam
1551 5122 2008 5199 natur-nmmum-

437 5193 891 5266 tionem—admisit,
901 5193 1196 5252 Neminem
1215 5206 1417 5253 terreat
1455 5197 1544 5252 hic
1559 5196 1824 5266 Theologi
1852 5197 2006 5266 locus

435 5279 578 5324 orat.
607 5268 700 5333 49,
741 5266 834 5322 ubi
855 5265 1134 5324 Christum
1174 5276 1466 5322 venturum
1494 5282 1620 5323 esse
1640 5265 1796 5329 dicit,
1820 5265 2007 5319 οὐκέτι

434 5339 537 5461 μὲν
569 5338 784 5408 σάρκα·
835 5337 936 5391 οὐκ
976 5336 1270 5409 ἀσώματον
1307 5338 1406 5392 δέ·
1443 5333 1526 5416 οἷς
1576 5337 1653 5418 δὲ¹
1685 5337 1848 5400 αὐτὸς
1873 5333 2007 5419 ,οἶδε

468 5409 618 5461 dyon:
671 5407 1068 5461 θεοειδεστέοου
1122 5407 1392 5461 σώματος.
1451 5407 1576 5461 Non
1635 5425 1745 5461 1am
1794 5408 2006 5461 autdem

468 5409 618 5480 dyon;
647 5406 1068 5480 θεοειδεστέρου
1102 5406 1392 5479 σώματος.
1451 5406 1576 5462 Non
1623 5408 1745 5476 jam
1780 5407 2006 5480 quidem

437 5479 595 5531 illum
620 5494 827 5532 carnem
857 5495 876 5532 :
906 5477 1152 5534 ueterum
1194 5477 1298 5533 non
1335 5481 1724 5546 incorporeum,
1755 5477 2011 5532 diviniori

435 5548 720 5620 exsistente
752 5563 991 5620 corpore,
1023 5550 1285 5620 quomodo
1327 5550 1436 5618 ipse
1472 5549 1652 5620 novit,
1698 5559 1756 5620 ut
1787 5549 1852 5620 ab
1899 5549 2009 5620 illis

437 5619 527 5690 qui
557 5632 613 5690 se
639 5619 971 5690 conﬂagrant
1019 5618 1348 5687 aspiciatur,
1395 5619 1491 5674 καὶ
1534 5618 1692 5689 μείνῃ
1721 5618 1854 5682 Θεὸς
1903 5619 2009 5685 ἔξω

439 5685 771 5763 παχύτητος,
805 5687 1041 5763 Deaeque
1067 5685 1238 5763 omnis
1261 5685 1738 5744 crassitiei'exsors
1773 5697 2006 5763 maneat.

438 5757 662 5812 Nicetas
691 5757 962 5823 siquidem
995 5757 1112 5811 haec
1139 5759 1551 5827 interpretatur,
1587 5769 1643 5812 ut
1668 5758 2009 5813 naturalibus

2109 5003 2297 5056 corpus
2319 4985 2578 5054 divinius,
2605 4985 2746 5056 quod
2780 4994 2830 5040 et
2855 4986 2998 5040 cerni
3019 4995 3198 5056 queat,
3225 4996 3276 5040 et
3306 4987 3523 5041 interim
3555 5001 3729 5040 cras-

2109 5054 2249 5114 sitiei
2286 5074 2471 5128 expers
2501 5054 2732 5128 maneat,
2761 5062 2940 5124 utpote
2967 5071 3071 5109 non
3101 5054 3220 5123 jam
3252 5072 3404 5128 caro,
3439 5055 3538 5110 sed
3573 5057 3731 5110 inter

2110 5127 2426 5191 carnem,et
2459 5129 2514 5182 id
2542 5127 2683 5197 quod
2713 5127 3092 5197 incorporeum
3120 5137 3222 5190 est,
3256 5127 3485 5180 mediam
3511 5141 3731 5195 quam-

2109 5203 2238 5254 dam
2269 5195 2800 5254 rationem'habens.
2840 5195 3046 5265 Niceta;
3071 5197 3479 5265 expositionem
3522 5197 3732 5250 ﬁrmat

2109 5269 2492 5327 Nazianzenus
2517 5269 2654 5339 ipse,
2670 5268 2833 5338 epist.
2863 5267 2887 5321 1
2918 5265 2990 5339 ad
3019 5264 3282 5339 Cledoug.,
3311 5267 3403 5321 ubi
3430 5265 3732 5339 adversus

2110 5341 2514 5410 Apollinarium
2541 5336 2747 5410 'delitiit
2785 5336 3138 5410 anathemati
3159 5337 3396 5410 subesse
3422 5337 3523 5406 qui
3559 5337 3733 5391 dixe-

2111 5405 2184 5464 rit
2213 5411 2492 5466 Christum
2523 5409 2906 5479 ἀποτεθεῖσθαι
2949 5406 3046 5461 νῦν
3089 5405 3189 5478 τὴν
3234 5405 3453 5479 σάρκα,
3482 5422 3734 5479 carnem

2111 5481 2440 5550 deposuisse.
2479 5479 2543 5550 Et
2577 5487 2728 5534 certe
2759 5477 3165 5550 Athenagoras,
3193 5477 3523 5550 quo‘nu‘llus
3577 5478 3733 5550 alter

2113 5545 2313 5606 fortius
2337 5549 2523 5605 carnis
2542 5545 3007 5605 resurrectionem
3022 5545 3287 5613 defendit,
3313 5547 3509 5602 eodem
3542 5548 3733 5602 modo
3755 5571 3758 5575 -

2113 5622 2371 5684 dixerat,
2425 5635 2524 5676 nos
2593 5627 2717 5688 post
2770 5618 3237 5675 resurrectionem
3301 5618 3572 5680 futuros,
3618 5619 3728 5687 οὐχ

2111 5691 2186 5755 ὡς
2218 5693 2424 5762 σάρκες
2449 5731 2464 5755 ,
2499 5689 2602 5744 κᾶν
2631 5689 2846 5762 ἔχωμεν
2873 5729 2889 5755 ,
2932 5705 3036 5744 non
3088 5688 3227 5743 velut
3259 5703 3444 5743 carnes
3499 5688 3725 5753 simus,

2129 5763 2336 5816 tametsi
2367 5762 2672 5815 habeamus.
