  <div class='ocr_page' id='page_1' title='image "/cluster/home/n/w/nwhite01/storage/ocr_20150623/94/mdp.39015008918610/561.png"; bbox 0 0 4072 6146; ppageno 0'>
   <div class='ocr_carea' id='block_1_1' title="bbox 445 286 586 356">
    <p class='ocr_par' dir='ltr' id='par_1_1' title="bbox 445 286 586 356">
     <span class='ocr_line' id='line_1_1' title="bbox 445 286 586 356; baseline -0.007 -1"><span class='ocrx_word' id='word_1_1' title='bbox 445 286 586 356; x_wconf 69' lang='lat'><strong>“07</strong></span> 
     </span>
    </p>
   </div>
   <div class='ocr_carea' id='block_1_2' title="bbox 1689 303 2562 369">
    <p class='ocr_par' dir='ltr' id='par_1_2' title="bbox 1689 303 2562 369">
     <span class='ocr_line' id='line_1_2' title="bbox 1689 303 2562 369; baseline 0.007 -8"><span class='ocrx_word' id='word_1_2' title='bbox 1689 303 1749 362; x_wconf 92' lang='lat' dir='ltr'><strong>S.</strong></span> <span class='ocrx_word' id='word_1_3' title='bbox 1774 303 1808 364; x_wconf 90' lang='lat' dir='ltr'><strong>J</strong></span> <span class='ocrx_word' id='word_1_4' title='bbox 1812 303 1858 362; x_wconf 94' lang='grc' dir='ltr'><strong>Ο</strong></span> <span class='ocrx_word' id='word_1_5' title='bbox 1867 303 2014 365; x_wconf 82' lang='lat' dir='ltr'><strong>ANN</strong></span> <span class='ocrx_word' id='word_1_6' title='bbox 2021 306 2093 365; x_wconf 90' lang='lat' dir='ltr'><strong>IS</strong></span> <span class='ocrx_word' id='word_1_7' title='bbox 2130 306 2527 369; x_wconf 84' lang='lat' dir='ltr'><strong>DAMASCEN</strong></span> <span class='ocrx_word' id='word_1_8' title='bbox 2534 309 2562 367; x_wconf 93' lang='grc' dir='ltr'>Ι</span> 
     </span>
    </p>
   </div>
   <div class='ocr_carea' id='block_1_3' title="bbox 3576 307 3710 375">
    <p class='ocr_par' dir='ltr' id='par_1_3' title="bbox 3576 307 3710 375">
     <span class='ocr_line' id='line_1_3' title="bbox 3576 307 3710 375; baseline 0.022 -3"><span class='ocrx_word' id='word_1_9' title='bbox 3576 307 3710 375; x_wconf 74' lang='lat'><strong>1108</strong></span> 
     </span>
    </p>
   </div>
   <div class='ocr_carea' id='block_1_4' title="bbox 441 400 2030 484">
    <p class='ocr_par' dir='ltr' id='par_1_4' title="bbox 441 400 2030 476">
     <span class='ocr_line' id='line_1_4' title="bbox 441 400 2030 476; baseline 0.004 -20"><span class='ocrx_word' id='word_1_10' title='bbox 441 403 546 467; x_wconf 89' lang='lat' dir='ltr'><strong>est,</strong></span> <span class='ocrx_word' id='word_1_11' title='bbox 571 407 628 458; x_wconf 91' lang='lat' dir='ltr'><strong>et</strong></span> <span class='ocrx_word' id='word_1_12' title='bbox 652 415 758 456; x_wconf 85' lang='lat' dir='ltr'><strong>non</strong></span> <span class='ocrx_word' id='word_1_13' title='bbox 788 400 980 458; x_wconf 85' lang='lat' dir='ltr'><strong>Pater:</strong></span> <span class='ocrx_word' id='word_1_14' title='bbox 1003 400 1242 472; x_wconf 74' lang='lat' dir='ltr'><strong>Spiritus</strong></span> <span class='ocrx_word' id='word_1_15' title='bbox 1265 411 1514 472; x_wconf 88' lang='lat' dir='ltr'><strong>sanctus,</strong></span> <span class='ocrx_word' id='word_1_16' title='bbox 1543 404 1806 476; x_wconf 76' lang='lat' dir='ltr'><strong>Spiritus,</strong></span> <span class='ocrx_word' id='word_1_17' title='bbox 1833 423 1896 462; x_wconf 88' lang='lat' dir='ltr'><strong>ac</strong></span> <span class='ocrx_word' id='word_1_18' title='bbox 1925 424 2030 463; x_wconf 93' lang='lat' dir='ltr'><strong>non</strong></span> 
     </span>
    </p>
   </div>
   <div class='ocr_carea' id='block_1_5' title="bbox 2135 400 3710 484">
    <p class='ocr_par' dir='ltr' id='par_1_5' title="bbox 2143 409 3710 484">
     <span class='ocr_line' id='line_1_5' title="bbox 2143 409 3710 484; baseline 0.003 -20"><span class='ocrx_word' id='word_1_19' title='bbox 2143 415 2237 466; x_wconf 81' lang='grc' dir='ltr'><strong>καὶ</strong></span> <span class='ocrx_word' id='word_1_20' title='bbox 2267 413 2328 466; x_wconf 86' lang='grc' dir='ltr'><strong>ού</strong></span> <span class='ocrx_word' id='word_1_21' title='bbox 2364 414 2592 484; x_wconf 73' lang='grc' dir='ltr'><strong>Πατήρο</strong></span> <span class='ocrx_word' id='word_1_22' title='bbox 2647 409 2876 482; x_wconf 81' lang='grc' dir='ltr'>Πνεῦμα</span> <span class='ocrx_word' id='word_1_23' title='bbox 2919 413 3077 481; x_wconf 72' lang='grc' dir='ltr'>ἅγιον</span> <span class='ocrx_word' id='word_1_24' title='bbox 3129 413 3192 468; x_wconf 69' lang='grc' dir='ltr'><strong>τὸ</strong></span> <span class='ocrx_word' id='word_1_25' title='bbox 3226 412 3474 484; x_wconf 84' lang='grc' dir='ltr'>Πνεῦμα,</span> <span class='ocrx_word' id='word_1_26' title='bbox 3515 415 3610 469; x_wconf 68' lang='grc' dir='ltr'><strong>καὶ</strong></span> <span class='ocrx_word' id='word_1_27' title='bbox 3648 416 3710 468; x_wconf 82' lang='grc' dir='ltr'><strong>ού</strong></span> 
     </span>
    </p>
   </div>
   <div class='ocr_carea' id='block_1_6' title="bbox 444 493 2021 566">
    <p class='ocr_par' dir='ltr' id='par_1_6' title="bbox 444 493 2021 566">
     <span class='ocr_line' id='line_1_6' title="bbox 444 493 2021 566; baseline 0.006 -17"><span class='ocrx_word' id='word_1_28' title='bbox 444 493 630 563; x_wconf 81' lang='lat' dir='ltr'><strong>Pater,</strong></span> <span class='ocrx_word' id='word_1_29' title='bbox 661 511 761 552; x_wconf 88' lang='lat' dir='ltr'><strong>nec</strong></span> <span class='ocrx_word' id='word_1_30' title='bbox 786 494 982 552; x_wconf 90' lang='lat' dir='ltr'><strong>Filius.</strong></span> <span class='ocrx_word' id='word_1_31' title='bbox 1017 494 1340 566; x_wconf 75' lang='lat' dir='ltr'><strong>Proprietas</strong></span> <span class='ocrx_word' id='word_1_32' title='bbox 1387 498 1533 552; x_wconf 89' lang='lat' dir='ltr'><strong>enim</strong></span> <span class='ocrx_word' id='word_1_33' title='bbox 1564 500 1864 558; x_wconf 83' lang='lat' dir='ltr'><strong>immobilis</strong></span> <span class='ocrx_word' id='word_1_34' title='bbox 1905 512 2021 558; x_wconf 91' lang='lat' dir='ltr'><strong>est:</strong></span> 
     </span>
    </p>
   </div>
   <div class='ocr_carea' id='block_1_7' title="bbox 443 588 2028 664">
    <p class='ocr_par' dir='ltr' id='par_1_7' title="bbox 443 588 2028 664">
     <span class='ocr_line' id='line_1_7' title="bbox 443 588 2028 664; baseline 0.002 -21"><span class='ocrx_word' id='word_1_35' title='bbox 443 602 681 656; x_wconf 85' lang='lat' dir='ltr'><strong>quonam</strong></span> <span class='ocrx_word' id='word_1_36' title='bbox 706 588 848 642; x_wconf 91' lang='lat' dir='ltr'><strong>enim</strong></span> <span class='ocrx_word' id='word_1_37' title='bbox 873 589 981 643; x_wconf 82' lang='lat' dir='ltr'><strong>alio</strong></span> <span class='ocrx_word' id='word_1_38' title='bbox 1015 596 1177 642; x_wconf 90' lang='lat' dir='ltr'><strong>modo</strong></span> <span class='ocrx_word' id='word_1_39' title='bbox 1231 591 1544 658; x_wconf 80' lang='lat' dir='ltr'><strong>prOprietas</strong></span> <span class='ocrx_word' id='word_1_40' title='bbox 1569 601 1831 659; x_wconf 83' lang='lat' dir='ltr'><strong>maneret,</strong></span> <span class='ocrx_word' id='word_1_41' title='bbox 1865 594 2028 664; x_wconf 75' lang='lat'><strong>255</strong></span> 
     </span>
    </p>
   </div>
   <div class='ocr_carea' id='block_1_8' title="bbox 443 680 2022 750">
    <p class='ocr_par' dir='ltr' id='par_1_8' title="bbox 443 680 2022 750">
     <span class='ocr_line' id='line_1_8' title="bbox 443 680 2022 750; baseline 0.003 -17"><span class='ocrx_word' id='word_1_42' title='bbox 443 680 490 734; x_wconf 84' lang='lat' dir='ltr'><strong>si</strong></span> <span class='ocrx_word' id='word_1_43' title='bbox 518 689 828 734; x_wconf 70' lang='lat' dir='ltr'><strong>moveretur</strong></span> <span class='ocrx_word' id='word_1_44' title='bbox 850 695 1028 750; x_wconf 73' lang='lat' dir='ltr'><strong>exque</strong></span> <span class='ocrx_word' id='word_1_45' title='bbox 1064 682 1170 735; x_wconf 87' lang='lat' dir='ltr'><strong>alia</strong></span> <span class='ocrx_word' id='word_1_46' title='bbox 1205 683 1260 736; x_wconf 89' lang='lat' dir='ltr'><strong>in</strong></span> <span class='ocrx_word' id='word_1_47' title='bbox 1285 684 1450 737; x_wconf 90' lang='lat' dir='ltr'><strong>aliam</strong></span> <span class='ocrx_word' id='word_1_48' title='bbox 1473 685 1766 739; x_wconf 72' lang='lat' dir='ltr'><strong>transiret?</strong></span> <span class='ocrx_word' id='word_1_49' title='bbox 1798 685 1878 740; x_wconf 87' lang='lat' dir='ltr'><strong>0b</strong></span> <span class='ocrx_word' id='word_1_50' title='bbox 1903 701 2022 741; x_wconf 88' lang='lat' dir='ltr'><strong>eam</strong></span> 
     </span>
    </p>
   </div>
   <div class='ocr_carea' id='block_1_9' title="bbox 441 771 2025 849">
    <p class='ocr_par' dir='ltr' id='par_1_9' title="bbox 441 771 2025 849">
     <span class='ocr_line' id='line_1_9' title="bbox 441 771 2025 849; baseline 0.004 -24"><span class='ocrx_word' id='word_1_51' title='bbox 441 787 666 829; x_wconf 84' lang='lat' dir='ltr'><strong>causam</strong></span> <span class='ocrx_word' id='word_1_52' title='bbox 703 771 798 827; x_wconf 90' lang='lat' dir='ltr'><strong>Dei</strong></span> <span class='ocrx_word' id='word_1_53' title='bbox 842 771 1038 839; x_wconf 86' lang='lat' dir='ltr'><strong>Filius,</strong></span> <span class='ocrx_word' id='word_1_54' title='bbox 1064 774 1308 832; x_wconf 87' lang='lat' dir='ltr'><strong>hominis</strong></span> <span class='ocrx_word' id='word_1_55' title='bbox 1338 776 1483 832; x_wconf 81' lang='lat' dir='ltr'><strong>ﬁlius</strong></span> <span class='ocrx_word' id='word_1_56' title='bbox 1511 777 1587 843; x_wconf 85' lang='lat' dir='ltr'><strong>ﬁt,</strong></span> <span class='ocrx_word' id='word_1_57' title='bbox 1617 785 1675 832; x_wconf 93' lang='lat' dir='ltr'><strong>ut</strong></span> <span class='ocrx_word' id='word_1_58' title='bbox 1703 779 2025 849; x_wconf 89' lang='lat' dir='ltr'><strong>proprietati</strong></span> 
     </span>
    </p>
   </div>
   <div class='ocr_carea' id='block_1_10' title="bbox 441 863 2025 935">
    <p class='ocr_par' dir='ltr' id='par_1_10' title="bbox 441 863 2025 935">
     <span class='ocr_line' id='line_1_10' title="bbox 441 863 2025 935; baseline 0.006 -22"><span class='ocrx_word' id='word_1_59' title='bbox 441 863 796 918; x_wconf 89' lang='lat' dir='ltr'><strong>immobilitas</strong></span> <span class='ocrx_word' id='word_1_60' title='bbox 823 878 920 919; x_wconf 90' lang='lat' dir='ltr'><strong>sua</strong></span> <span class='ocrx_word' id='word_1_61' title='bbox 943 872 1177 920; x_wconf 86' lang='lat' dir='ltr'><strong>constet.</strong></span> <span class='ocrx_word' id='word_1_62' title='bbox 1213 863 1351 921; x_wconf 82' lang='lat' dir='ltr'><strong>Nam</strong></span> <span class='ocrx_word' id='word_1_63' title='bbox 1387 884 1510 922; x_wconf 91' lang='lat' dir='ltr'><strong>cum</strong></span> <span class='ocrx_word' id='word_1_64' title='bbox 1542 868 1636 923; x_wconf 90' lang='lat' dir='ltr'><strong>Dei</strong></span> <span class='ocrx_word' id='word_1_65' title='bbox 1669 868 1835 924; x_wconf 81' lang='lat' dir='ltr'><strong>Filius</strong></span> <span class='ocrx_word' id='word_1_66' title='bbox 1859 877 2025 935; x_wconf 85' lang='lat' dir='ltr'><strong>esset,</strong></span> 
     </span>
    </p>
   </div>
   <div class='ocr_carea' id='block_1_11' title="bbox 440 952 2027 1031">
    <p class='ocr_par' dir='ltr' id='par_1_11' title="bbox 440 952 2027 1031">
     <span class='ocr_line' id='line_1_11' title="bbox 440 952 2027 1031; baseline 0.005 -25"><span class='ocrx_word' id='word_1_67' title='bbox 440 952 621 1008; x_wconf 79' lang='lat' dir='ltr'><strong>factus</strong></span> <span class='ocrx_word' id='word_1_68' title='bbox 651 961 736 1008; x_wconf 92' lang='lat' dir='ltr'><strong>est</strong></span> <span class='ocrx_word' id='word_1_69' title='bbox 771 953 1009 1012; x_wconf 84' lang='lat' dir='ltr'><strong>hominis</strong></span> <span class='ocrx_word' id='word_1_70' title='bbox 1037 957 1204 1024; x_wconf 84' lang='lat' dir='ltr'><strong>ﬁlius,</strong></span> <span class='ocrx_word' id='word_1_71' title='bbox 1235 955 1299 1013; x_wconf 75' lang='lat' dir='ltr'><strong>ei</strong></span> <span class='ocrx_word' id='word_1_72' title='bbox 1332 967 1521 1014; x_wconf 88' lang='lat' dir='ltr'><strong>sancta</strong></span> <span class='ocrx_word' id='word_1_73' title='bbox 1553 958 1776 1031; x_wconf 84' lang='lat' dir='ltr'><strong>Virgine</strong></span> <span class='ocrx_word' id='word_1_74' title='bbox 1805 975 2027 1016; x_wconf 89' lang='lat' dir='ltr'><strong>carnem</strong></span> 
     </span>
    </p>
   </div>
   <div class='ocr_carea' id='block_1_12' title="bbox 440 1051 2028 1124">
    <p class='ocr_par' dir='ltr' id='par_1_12' title="bbox 440 1051 2028 1124">
     <span class='ocr_line' id='line_1_12' title="bbox 440 1051 2028 1124; baseline 0.004 -24"><span class='ocrx_word' id='word_1_75' title='bbox 440 1061 685 1110; x_wconf 81' lang='lat' dir='ltr'><strong>sumens,</strong></span> <span class='ocrx_word' id='word_1_76' title='bbox 730 1062 830 1103; x_wconf 90' lang='lat' dir='ltr'><strong>nec</strong></span> <span class='ocrx_word' id='word_1_77' title='bbox 857 1057 1146 1119; x_wconf 86' lang='lat' dir='ltr'><strong>propterea</strong></span> <span class='ocrx_word' id='word_1_78' title='bbox 1186 1052 1255 1107; x_wconf 88' lang='lat' dir='ltr'><strong>ab</strong></span> <span class='ocrx_word' id='word_1_79' title='bbox 1285 1066 1349 1107; x_wconf 89' lang='lat' dir='ltr'><strong>ea</strong></span> <span class='ocrx_word' id='word_1_80' title='bbox 1392 1053 1729 1123; x_wconf 86' lang='lat' dir='ltr'><strong>proprietate</strong></span> <span class='ocrx_word' id='word_1_81' title='bbox 1768 1068 1890 1124; x_wconf 80' lang='lat' dir='ltr'><strong>quae</strong></span> <span class='ocrx_word' id='word_1_82' title='bbox 1937 1051 2028 1106; x_wconf 85' lang='lat' dir='ltr'><strong>Fi-</strong></span> 
     </span>
    </p>
   </div>
   <div class='ocr_carea' id='block_1_13' title="bbox 442 1139 1087 1199">
    <p class='ocr_par' dir='ltr' id='par_1_13' title="bbox 442 1139 1087 1199">
     <span class='ocr_line' id='line_1_13' title="bbox 442 1139 1087 1199; baseline 0.006 -6"><span class='ocrx_word' id='word_1_83' title='bbox 442 1141 576 1194; x_wconf 91' lang='lat' dir='ltr'><strong>lium</strong></span> <span class='ocrx_word' id='word_1_84' title='bbox 617 1139 774 1197; x_wconf 89' lang='lat' dir='ltr'><strong>decet</strong></span> <span class='ocrx_word' id='word_1_85' title='bbox 793 1142 1087 1199; x_wconf 82' lang='lat' dir='ltr'><strong>excedens.</strong></span> 
     </span>
    </p>
   </div>
   <div class='ocr_carea' id='block_1_14' title="bbox 510 1229 2024 1294">
    <p class='ocr_par' dir='ltr' id='par_1_14' title="bbox 510 1229 2024 1294">
     <span class='ocr_line' id='line_1_14' title="bbox 510 1229 2024 1294; baseline 0.004 -8"><span class='ocrx_word' id='word_1_86' title='bbox 510 1229 673 1288; x_wconf 67' lang='lat' dir='ltr'><strong>Notae</strong></span> <span class='ocrx_word' id='word_1_87' title='bbox 692 1242 741 1287; x_wconf 88' lang='lat' dir='ltr'><strong>et</strong></span> <span class='ocrx_word' id='word_1_88' title='bbox 796 1234 1128 1293; x_wconf 77' lang='lat' dir='ltr'><strong>characteres</strong></span> <span class='ocrx_word' id='word_1_89' title='bbox 1180 1236 1373 1293; x_wconf 73' lang='lat' dir='ltr'><strong>divina:</strong></span> <span class='ocrx_word' id='word_1_90' title='bbox 1428 1247 1656 1294; x_wconf 70' lang='lat' dir='ltr'><strong>natum.</strong></span> <span class='ocrx_word' id='word_1_91' title='bbox 1705 1238 1814 1292; x_wconf 87' lang='lat' dir='ltr'><strong>Cur</strong></span> <span class='ocrx_word' id='word_1_92' title='bbox 1851 1237 2024 1292; x_wconf 82' lang='lat' dir='ltr'><strong>Filius</strong></span> 
     </span>
    </p>
   </div>
   <div class='ocr_carea' id='block_1_15' title="bbox 439 1325 2040 1404">
    <p class='ocr_par' dir='ltr' id='par_1_15' title="bbox 439 1325 2040 1404">
     <span class='ocr_line' id='line_1_15' title="bbox 439 1325 2040 1404; baseline 0.006 -27"><span class='ocrx_word' id='word_1_93' title='bbox 439 1325 773 1382; x_wconf 79' lang='lat' dir='ltr'><strong>incarnatus.</strong></span> <span class='ocrx_word' id='word_1_94' title='bbox 798 1359 867 1370; x_wconf 91' lang='lat'>—</span> <span class='ocrx_word' id='word_1_95' title='bbox 887 1328 1042 1386; x_wconf 84' lang='lat' dir='ltr'><strong>Hanc</strong></span> <span class='ocrx_word' id='word_1_96' title='bbox 1069 1346 1235 1401; x_wconf 87' lang='lat' dir='ltr'><strong>porro</strong></span> <span class='ocrx_word' id='word_1_97' title='bbox 1258 1331 1354 1388; x_wconf 91' lang='lat' dir='ltr'><strong>Dei</strong></span> <span class='ocrx_word' id='word_1_98' title='bbox 1386 1331 1562 1390; x_wconf 87' lang='lat' dir='ltr'><strong>Filius</strong></span> <span class='ocrx_word' id='word_1_99' title='bbox 1595 1333 1837 1388; x_wconf 88' lang='lat' dir='ltr'><strong>uthomo</strong></span> <span class='ocrx_word' id='word_1_100' title='bbox 1871 1335 2040 1404; x_wconf 32' lang='lat' dir='ltr'><strong>lleret.</strong></span> 
     </span>
    </p>
   </div>
   <div class='ocr_carea' id='block_1_16' title="bbox 438 1419 2024 1489">
    <p class='ocr_par' dir='ltr' id='par_1_16' title="bbox 438 1419 2024 1489">
     <span class='ocr_line' id='line_1_16' title="bbox 438 1419 2024 1489; baseline 0.004 -18"><span class='ocrx_word' id='word_1_101' title='bbox 438 1432 662 1474; x_wconf 88' lang='lat' dir='ltr'><strong>causam</strong></span> <span class='ocrx_word' id='word_1_102' title='bbox 696 1419 918 1489; x_wconf 88' lang='lat' dir='ltr'><strong>habuit,</strong></span> <span class='ocrx_word' id='word_1_103' title='bbox 960 1431 1019 1478; x_wconf 92' lang='lat' dir='ltr'><strong>ut</strong></span> <span class='ocrx_word' id='word_1_104' title='bbox 1066 1423 1120 1478; x_wconf 88' lang='lat' dir='ltr'><strong>id</strong></span> <span class='ocrx_word' id='word_1_105' title='bbox 1161 1439 1356 1480; x_wconf 88' lang='lat' dir='ltr'><strong>rursus</strong></span> <span class='ocrx_word' id='word_1_106' title='bbox 1418 1425 1629 1479; x_wconf 88' lang='lat' dir='ltr'><strong>homini</strong></span> <span class='ocrx_word' id='word_1_107' title='bbox 1696 1424 2024 1481; x_wconf 80' lang='lat' dir='ltr'><strong>beneﬁcium</strong></span> 
     </span>
    </p>
   </div>
   <div class='ocr_carea' id='block_1_17' title="bbox 439 1508 2021 1586">
    <p class='ocr_par' dir='ltr' id='par_1_17' title="bbox 439 1508 2021 1586">
     <span class='ocr_line' id='line_1_17' title="bbox 439 1508 2021 1586; baseline 0.006 -23"><span class='ocrx_word' id='word_1_108' title='bbox 439 1508 680 1577; x_wconf 75' lang='lat' dir='ltr'><strong>all‘erret,</strong></span> <span class='ocrx_word' id='word_1_109' title='bbox 707 1513 868 1582; x_wconf 86' lang='lat' dir='ltr'><strong>cujus</strong></span> <span class='ocrx_word' id='word_1_110' title='bbox 903 1515 1080 1585; x_wconf 86' lang='lat' dir='ltr'><strong>gratia</strong></span> <span class='ocrx_word' id='word_1_111' title='bbox 1118 1514 1272 1570; x_wconf 90' lang='lat' dir='ltr'><strong>illum</strong></span> <span class='ocrx_word' id='word_1_112' title='bbox 1309 1529 1346 1570; x_wconf 78' lang='lat' dir='ltr'><strong>‘a</strong></span> <span class='ocrx_word' id='word_1_113' title='bbox 1374 1517 1648 1586; x_wconf 90' lang='lat' dir='ltr'><strong>principio</strong></span> <span class='ocrx_word' id='word_1_114' title='bbox 1675 1517 2021 1572; x_wconf 80' lang='lat' dir='ltr'><strong>condiderat.</strong></span> 
     </span>
    </p>
   </div>
   <div class='ocr_carea' id='block_1_18' title="bbox 439 1598 2025 1676">
    <p class='ocr_par' dir='ltr' id='par_1_18' title="bbox 439 1598 2025 1676">
     <span class='ocr_line' id='line_1_18' title="bbox 439 1598 2025 1676; baseline 0.006 -22"><span class='ocrx_word' id='word_1_115' title='bbox 439 1598 723 1670; x_wconf 85' lang='lat' dir='ltr'><strong>Siquidem</strong></span> <span class='ocrx_word' id='word_1_116' title='bbox 768 1619 893 1658; x_wconf 90' lang='lat' dir='ltr'><strong>eum</strong></span> <span class='ocrx_word' id='word_1_117' title='bbox 946 1606 1013 1660; x_wconf 89' lang='lat' dir='ltr'><strong>ad</strong></span> <span class='ocrx_word' id='word_1_118' title='bbox 1058 1606 1354 1676; x_wconf 82' lang='lat' dir='ltr'><strong>imaginem</strong></span> <span class='ocrx_word' id='word_1_119' title='bbox 1399 1622 1580 1676; x_wconf 88' lang='lat' dir='ltr'><strong>suam,</strong></span> <span class='ocrx_word' id='word_1_120' title='bbox 1627 1607 1908 1664; x_wconf 90' lang='lat' dir='ltr'><strong>intellectu</strong></span> <span class='ocrx_word' id='word_1_121' title='bbox 1969 1615 2025 1663; x_wconf 90' lang='lat' dir='ltr'><strong>et</strong></span> 
     </span>
    </p>
   </div>
   <div class='ocr_carea' id='block_1_19' title="bbox 441 1692 2024 1764">
    <p class='ocr_par' dir='ltr' id='par_1_19' title="bbox 441 1692 2024 1764">
     <span class='ocr_line' id='line_1_19' title="bbox 441 1692 2024 1764; baseline 0.005 -20"><span class='ocrx_word' id='word_1_122' title='bbox 441 1692 697 1749; x_wconf 77' lang='lat' dir='ltr'><strong>libertate</strong></span> <span class='ocrx_word' id='word_1_123' title='bbox 741 1694 1034 1764; x_wconf 69' lang='lat' dir='ltr'><strong>praeditum</strong></span> <span class='ocrx_word' id='word_1_124' title='bbox 1096 1695 1411 1762; x_wconf 81' lang='lat' dir='ltr'><strong>eﬂinxerat;</strong></span> <span class='ocrx_word' id='word_1_125' title='bbox 1473 1713 1689 1753; x_wconf 89' lang='lat' dir='ltr'><strong>necnon</strong></span> <span class='ocrx_word' id='word_1_126' title='bbox 1725 1699 1792 1752; x_wconf 88' lang='lat' dir='ltr'><strong>ad</strong></span> <span class='ocrx_word' id='word_1_127' title='bbox 1825 1699 2024 1754; x_wconf 89' lang='lat' dir='ltr'><strong>simili-</strong></span> 
     </span>
    </p>
   </div>
   <div class='ocr_carea' id='block_1_20' title="bbox 2142 505 3711 579">
    <p class='ocr_par' dir='ltr' id='par_1_20' title="bbox 2142 505 3711 579">
     <span class='ocr_line' id='line_1_20' title="bbox 2142 505 3711 579; baseline 0.002 -20"><span class='ocrx_word' id='word_1_128' title='bbox 2142 506 2357 576; x_wconf 77' lang='grc' dir='ltr'>Πατὴρ,</span> <span class='ocrx_word' id='word_1_129' title='bbox 2387 506 2511 559; x_wconf 80' lang='grc' dir='ltr'>οὐδὲ</span> <span class='ocrx_word' id='word_1_130' title='bbox 2544 505 2690 570; x_wconf 78' lang='grc' dir='ltr'>Υἱός.</span> <span class='ocrx_word' id='word_1_131' title='bbox 2729 505 2794 560; x_wconf 87' lang='grc' dir='ltr'><strong>Ἦ</strong></span> <span class='ocrx_word' id='word_1_132' title='bbox 2827 506 2936 576; x_wconf 86' lang='grc' dir='ltr'><strong>γὰρ</strong></span> <span class='ocrx_word' id='word_1_133' title='bbox 2969 505 3171 578; x_wconf 83' lang='grc' dir='ltr'>ἰδιότης</span> <span class='ocrx_word' id='word_1_134' title='bbox 3197 507 3456 576; x_wconf 83' lang='grc' dir='ltr'>ἀκίνητος</span> <span class='ocrx_word' id='word_1_135' title='bbox 3484 524 3498 538; x_wconf 90' lang='grc'><strong>·</strong></span> <span class='ocrx_word' id='word_1_136' title='bbox 3529 507 3561 579; x_wconf 80' lang='grc' dir='ltr'>ἢ</span> <span class='ocrx_word' id='word_1_137' title='bbox 3595 507 3711 571; x_wconf 83' lang='grc' dir='ltr'>πῶς</span> 
     </span>
    </p>
   </div>
   <div class='ocr_carea' id='block_1_21' title="bbox 2139 598 3712 670">
    <p class='ocr_par' dir='ltr' id='par_1_21' title="bbox 2139 598 3712 670">
     <span class='ocr_line' id='line_1_21' title="bbox 2139 598 3712 670; baseline -0.001 -16"><span class='ocrx_word' id='word_1_138' title='bbox 2139 600 2206 654; x_wconf 86' lang='grc' dir='ltr'>ἂν</span> <span class='ocrx_word' id='word_1_139' title='bbox 2242 599 2442 670; x_wconf 76' lang='grc' dir='ltr'><strong>ἰδιότης</strong></span> <span class='ocrx_word' id='word_1_140' title='bbox 2469 598 2622 670; x_wconf 85' lang='grc' dir='ltr'>μένοι</span> <span class='ocrx_word' id='word_1_141' title='bbox 2655 598 2952 669; x_wconf 82' lang='grc' dir='ltr'><strong>κινουμένη</strong></span> <span class='ocrx_word' id='word_1_142' title='bbox 2995 598 3083 651; x_wconf 62' lang='grc' dir='ltr'><strong>καἰ</strong></span> <span class='ocrx_word' id='word_1_143' title='bbox 3117 598 3532 670; x_wconf 80' lang='grc' dir='ltr'>μεταπίπτουσα</span> <span class='ocrx_word' id='word_1_144' title='bbox 3560 615 3575 662; x_wconf 92' lang='lat'><strong>;</strong></span> <span class='ocrx_word' id='word_1_145' title='bbox 3614 599 3712 652; x_wconf 73' lang='grc' dir='ltr'>Διὰ</span> 
     </span>
    </p>
   </div>
   <div class='ocr_carea' id='block_1_22' title="bbox 2135 689 3708 760">
    <p class='ocr_par' dir='ltr' id='par_1_22' title="bbox 2135 689 3708 760">
     <span class='ocr_line' id='line_1_22' title="bbox 2135 689 3708 760; baseline 0 -16"><span class='ocrx_word' id='word_1_146' title='bbox 2135 692 2297 745; x_wconf 82' lang='grc' dir='ltr'>τοῦτο</span> <span class='ocrx_word' id='word_1_147' title='bbox 2344 693 2372 746; x_wconf 87' lang='grc' dir='ltr'>ὁ</span> <span class='ocrx_word' id='word_1_148' title='bbox 2420 690 2549 754; x_wconf 84' lang='grc' dir='ltr'><strong>Υἱὸς</strong></span> <span class='ocrx_word' id='word_1_149' title='bbox 2599 690 2695 744; x_wconf 84' lang='grc' dir='ltr'>τοῦ</span> <span class='ocrx_word' id='word_1_150' title='bbox 2730 690 2906 756; x_wconf 79' lang='grc' dir='ltr'>Θεοῦ,</span> <span class='ocrx_word' id='word_1_151' title='bbox 2956 690 3079 753; x_wconf 64' lang='grc' dir='ltr'>Υἱὸς</span> <span class='ocrx_word' id='word_1_152' title='bbox 3137 689 3426 760; x_wconf 83' lang='grc' dir='ltr'>ἀνθρώπου</span> <span class='ocrx_word' id='word_1_153' title='bbox 3480 691 3708 758; x_wconf 87' lang='grc' dir='ltr'>γίνεται,</span> 
     </span>
    </p>
   </div>
   <div class='ocr_carea' id='block_1_23' title="bbox 2138 781 3708 856">
    <p class='ocr_par' dir='ltr' id='par_1_23' title="bbox 2138 781 3708 856">
     <span class='ocr_line' id='line_1_23' title="bbox 2138 781 3708 856; baseline 0 -18"><span class='ocrx_word' id='word_1_154' title='bbox 2138 783 2225 838; x_wconf 79' lang='grc' dir='ltr'>ἵνα</span> <span class='ocrx_word' id='word_1_155' title='bbox 2279 783 2440 856; x_wconf 82' lang='grc' dir='ltr'>μείνῃ</span> <span class='ocrx_word' id='word_1_156' title='bbox 2498 785 2533 856; x_wconf 78' lang='grc' dir='ltr'><strong>ἡ</strong></span> <span class='ocrx_word' id='word_1_157' title='bbox 2590 783 2794 852; x_wconf 77' lang='grc' dir='ltr'><strong>ἰδιότης</strong></span> <span class='ocrx_word' id='word_1_158' title='bbox 2842 783 3120 854; x_wconf 85' lang='grc' dir='ltr'>ἀκίνητος.</span> <span class='ocrx_word' id='word_1_159' title='bbox 3178 782 3304 846; x_wconf 82' lang='grc' dir='ltr'><strong>Υἱὸς</strong></span> <span class='ocrx_word' id='word_1_160' title='bbox 3355 781 3462 854; x_wconf 85' lang='grc' dir='ltr'>γὰρ</span> <span class='ocrx_word' id='word_1_161' title='bbox 3496 782 3572 836; x_wconf 85' lang='grc' dir='ltr'>ὢν</span> <span class='ocrx_word' id='word_1_162' title='bbox 3617 784 3708 838; x_wconf 82' lang='grc' dir='ltr'><strong>τοῦ</strong></span> 
     </span>
    </p>
   </div>
   <div class='ocr_carea' id='block_1_24' title="bbox 2134 859 3713 947">
    <p class='ocr_par' dir='ltr' id='par_1_24' title="bbox 2134 859 3713 947">
     <span class='ocr_line' id='line_1_24' title="bbox 2134 859 3713 947; baseline -0.001 -17"><span class='ocrx_word' id='word_1_163' title='bbox 2134 875 2272 930; x_wconf 86' lang='grc' dir='ltr'><strong>Θεοῦ</strong></span> <span class='ocrx_word' id='word_1_164' title='bbox 2297 920 2310 944; x_wconf 89' lang='grc'><strong>,</strong></span> <span class='ocrx_word' id='word_1_165' title='bbox 2355 859 2483 940; x_wconf 83' lang='grc' dir='ltr'>Υἰδς</span> <span class='ocrx_word' id='word_1_166' title='bbox 2525 875 2817 947; x_wconf 83' lang='grc' dir='ltr'>ἀνθρώπου</span> <span class='ocrx_word' id='word_1_167' title='bbox 2859 875 3114 944; x_wconf 85' lang='grc' dir='ltr'>γέγονεν,</span> <span class='ocrx_word' id='word_1_168' title='bbox 3166 873 3472 946; x_wconf 85' lang='grc' dir='ltr'>σαρκωθεὶς</span> <span class='ocrx_word' id='word_1_169' title='bbox 3515 877 3579 928; x_wconf 84' lang='grc' dir='ltr'><strong>ὲκ</strong></span> <span class='ocrx_word' id='word_1_170' title='bbox 3615 879 3713 946; x_wconf 87' lang='grc' dir='ltr'><strong>τῆς</strong></span> 
     </span>
    </p>
   </div>
   <div class='ocr_carea' id='block_1_25' title="bbox 2137 964 3714 1040">
    <p class='ocr_par' dir='ltr' id='par_1_25' title="bbox 2137 964 3714 1040">
     <span class='ocr_line' id='line_1_25' title="bbox 2137 964 3714 1040; baseline -0.001 -15"><span class='ocrx_word' id='word_1_171' title='bbox 2137 969 2302 1038; x_wconf 83' lang='grc' dir='ltr'><strong>ἁγίας</strong></span> <span class='ocrx_word' id='word_1_172' title='bbox 2352 969 2666 1040; x_wconf 81' lang='grc' dir='ltr'><strong>Παρθένου,</strong></span> <span class='ocrx_word' id='word_1_173' title='bbox 2699 969 2794 1023; x_wconf 75' lang='grc' dir='ltr'><strong>καὶ</strong></span> <span class='ocrx_word' id='word_1_174' title='bbox 2829 969 2931 1022; x_wconf 81' lang='grc' dir='ltr'><strong>οὐκ</strong></span> <span class='ocrx_word' id='word_1_175' title='bbox 2971 964 3214 1031; x_wconf 74' lang='grc' dir='ltr'><strong>ἐκστὰς¹</strong></span> <span class='ocrx_word' id='word_1_176' title='bbox 3263 967 3362 1038; x_wconf 84' lang='grc' dir='ltr'><strong>τῆς</strong></span> <span class='ocrx_word' id='word_1_177' title='bbox 3393 967 3552 1039; x_wconf 78' lang='grc' dir='ltr'>ύῐκῆς</span> <span class='ocrx_word' id='word_1_178' title='bbox 3588 969 3714 1023; x_wconf 82' lang='grc' dir='ltr'>ἰδιό-</span> 
     </span>
    </p>
   </div>
   <div class='ocr_carea' id='block_1_26' title="bbox 2133 1079 2316 1132">
    <p class='ocr_par' dir='ltr' id='par_1_26' title="bbox 2133 1079 2316 1132">
     <span class='ocr_line' id='line_1_26' title="bbox 2133 1079 2316 1132; baseline 0.033 -17"><span class='ocrx_word' id='word_1_179' title='bbox 2133 1079 2316 1132; x_wconf 85' lang='grc' dir='ltr'><strong>τητος.</strong></span> 
     </span>
    </p>
   </div>
   <div class='ocr_carea' id='block_1_27' title="bbox 2216 1235 3716 1315">
    <p class='ocr_par' dir='ltr' id='par_1_27' title="bbox 2216 1235 3716 1315">
     <span class='ocr_line' id='line_1_27' title="bbox 2216 1235 3716 1315; baseline 0.001 -20"><span class='ocrx_word' id='word_1_180' title='bbox 2216 1241 2641 1313; x_wconf 83' lang='grc' dir='ltr'>Ἐνηνθρώπησε</span> <span class='ocrx_word' id='word_1_181' title='bbox 2676 1240 2734 1296; x_wconf 82' lang='grc' dir='ltr'>δὲ</span> <span class='ocrx_word' id='word_1_182' title='bbox 2765 1242 2792 1294; x_wconf 84' lang='grc' dir='ltr'><strong>ό</strong></span> <span class='ocrx_word' id='word_1_183' title='bbox 2823 1241 2952 1306; x_wconf 72' lang='grc' dir='ltr'><strong>Υἱὸς</strong></span> <span class='ocrx_word' id='word_1_184' title='bbox 2981 1240 3075 1296; x_wconf 83' lang='grc' dir='ltr'><strong>τοῦ</strong></span> <span class='ocrx_word' id='word_1_185' title='bbox 3124 1241 3283 1305; x_wconf 80' lang='grc' dir='ltr'>Θεοῦ,</span> <span class='ocrx_word' id='word_1_186' title='bbox 3339 1242 3406 1294; x_wconf 82' lang='grc' dir='ltr'><strong>ἵν’</strong></span> <span class='ocrx_word' id='word_1_187' title='bbox 3445 1241 3532 1312; x_wconf 77' lang='grc' dir='ltr'><strong>ἐφ’</strong></span> <span class='ocrx_word' id='word_1_188' title='bbox 3562 1235 3716 1315; x_wconf 81' lang='grc' dir='ltr'>ᾧπερ</span> 
     </span>
    </p>
   </div>
   <div class='ocr_carea' id='block_1_28' title="bbox 2132 1331 3718 1404">
    <p class='ocr_par' dir='ltr' id='par_1_28' title="bbox 2132 1331 3718 1404">
     <span class='ocr_line' id='line_1_28' title="bbox 2132 1331 3718 1404; baseline 0 -18"><span class='ocrx_word' id='word_1_189' title='bbox 2132 1333 2358 1403; x_wconf 80' lang='grc' dir='ltr'>ἐποίησε</span> <span class='ocrx_word' id='word_1_190' title='bbox 2384 1333 2476 1386; x_wconf 75' lang='grc' dir='ltr'><strong>τὸν</strong></span> <span class='ocrx_word' id='word_1_191' title='bbox 2503 1332 2814 1404; x_wconf 77' lang='grc' dir='ltr'>ἄνθρωπον,</span> <span class='ocrx_word' id='word_1_192' title='bbox 2837 1333 3003 1387; x_wconf 85' lang='grc' dir='ltr'>πάλιν</span> <span class='ocrx_word' id='word_1_193' title='bbox 3025 1331 3173 1404; x_wconf 81' lang='grc' dir='ltr'>αύτῷ</span> <span class='ocrx_word' id='word_1_194' title='bbox 3193 1331 3509 1404; x_wconf 72' lang='grc' dir='ltr'>χαρίσηται*</span> <span class='ocrx_word' id='word_1_195' title='bbox 3539 1333 3718 1403; x_wconf 77' lang='grc' dir='ltr'><strong>ἐποίη-</strong></span> 
     </span>
    </p>
   </div>
   <div class='ocr_carea' id='block_1_29' title="bbox 2134 1422 3716 1495">
    <p class='ocr_par' dir='ltr' id='par_1_29' title="bbox 2134 1422 3716 1495">
     <span class='ocr_line' id='line_1_29' title="bbox 2134 1422 3716 1495; baseline 0.001 -19"><span class='ocrx_word' id='word_1_196' title='bbox 2134 1440 2194 1476; x_wconf 90' lang='grc' dir='ltr'>σε</span> <span class='ocrx_word' id='word_1_197' title='bbox 2227 1423 2337 1495; x_wconf 83' lang='grc' dir='ltr'>γὰρ</span> <span class='ocrx_word' id='word_1_198' title='bbox 2366 1423 2530 1478; x_wconf 80' lang='grc' dir='ltr'>αὐτὸν</span> <span class='ocrx_word' id='word_1_199' title='bbox 2553 1423 2674 1477; x_wconf 83' lang='grc' dir='ltr'><strong>κατ’</strong></span> <span class='ocrx_word' id='word_1_200' title='bbox 2697 1425 2880 1478; x_wconf 83' lang='grc' dir='ltr'><strong>εἰκόνα</strong></span> <span class='ocrx_word' id='word_1_201' title='bbox 2897 1422 3111 1490; x_wconf 78' lang='grc' dir='ltr'>ἑαυτοῦ,</span> <span class='ocrx_word' id='word_1_202' title='bbox 3142 1424 3328 1495; x_wconf 86' lang='grc' dir='ltr'>νοερὸν</span> <span class='ocrx_word' id='word_1_203' title='bbox 3344 1423 3438 1477; x_wconf 73' lang='grc' dir='ltr'><strong>καὶ</strong></span> <span class='ocrx_word' id='word_1_204' title='bbox 3459 1423 3716 1489; x_wconf 76' lang='grc' dir='ltr'>αὐτεξούο</span> 
     </span>
    </p>
   </div>
   <div class='ocr_carea' id='block_1_30' title="bbox 2133 1515 3715 1588">
    <p class='ocr_par' dir='ltr' id='par_1_30' title="bbox 2133 1515 3715 1588">
     <span class='ocr_line' id='line_1_30' title="bbox 2133 1515 3715 1588; baseline 0 -19"><span class='ocrx_word' id='word_1_205' title='bbox 2133 1533 2268 1581; x_wconf 92' lang='grc' dir='ltr'>σιον,</span> <span class='ocrx_word' id='word_1_206' title='bbox 2299 1517 2396 1570; x_wconf 76' lang='grc' dir='ltr'><strong>καὶ</strong></span> <span class='ocrx_word' id='word_1_207' title='bbox 2425 1515 2550 1570; x_wconf 90' lang='grc' dir='ltr'>καθ’</span> <span class='ocrx_word' id='word_1_208' title='bbox 2579 1515 2862 1588; x_wconf 84' lang='grc' dir='ltr'>ὁμοίωσιν,</span> <span class='ocrx_word' id='word_1_209' title='bbox 2884 1517 3004 1588; x_wconf 71' lang='grc' dir='ltr'>ἤτοι</span> <span class='ocrx_word' id='word_1_210' title='bbox 3039 1518 3098 1570; x_wconf 82' lang='grc' dir='ltr'>ἐν</span> <span class='ocrx_word' id='word_1_211' title='bbox 3131 1519 3354 1588; x_wconf 76' lang='grc' dir='ltr'><strong>ἀρεταῖς</strong></span> <span class='ocrx_word' id='word_1_212' title='bbox 3385 1517 3604 1581; x_wconf 81' lang='grc' dir='ltr'>τέλειον,</span> <span class='ocrx_word' id='word_1_213' title='bbox 3636 1517 3715 1581; x_wconf 82' lang='grc' dir='ltr'>ὡς</span> 
     </span>
    </p>
   </div>
   <div class='ocr_carea' id='block_1_31' title="bbox 2132 1599 3716 1680">
    <p class='ocr_par' dir='ltr' id='par_1_31' title="bbox 2132 1599 3716 1680">
     <span class='ocr_line' id='line_1_31' title="bbox 2132 1599 3716 1680; baseline -0.001 -18"><span class='ocrx_word' id='word_1_214' title='bbox 2132 1607 2354 1677; x_wconf 74' lang='grc' dir='ltr'>ἐφικτὸν</span> <span class='ocrx_word' id='word_1_215' title='bbox 2386 1607 2677 1678; x_wconf 79' lang='grc' dir='ltr'>ἀνθρώπου</span> <span class='ocrx_word' id='word_1_216' title='bbox 2707 1609 2866 1680; x_wconf 88' lang='grc' dir='ltr'>φύσει</span> <span class='ocrx_word' id='word_1_217' title='bbox 2884 1627 2896 1641; x_wconf 82' lang='grc'><em>’</em></span> <span class='ocrx_word' id='word_1_218' title='bbox 2925 1599 3220 1680; x_wconf 72' lang='grc' dir='ltr'>αὗταιγὰρ</span> <span class='ocrx_word' id='word_1_219' title='bbox 3247 1609 3412 1662; x_wconf 63' lang='grc' dir='ltr'><strong>οἰονε)⁹</strong></span> <span class='ocrx_word' id='word_1_220' title='bbox 3438 1609 3716 1679; x_wconf 85' lang='grc' dir='ltr'><strong>χαρακτῆ-</strong></span> 
     </span>
    </p>
   </div>
   <div class='ocr_carea' id='block_1_32' title="bbox 2131 1698 3721 1772">
    <p class='ocr_par' dir='ltr' id='par_1_32' title="bbox 2131 1698 3721 1772">
     <span class='ocr_line' id='line_1_32' title="bbox 2131 1698 3721 1772; baseline 0.001 -20"><span class='ocrx_word' id='word_1_221' title='bbox 2131 1715 2224 1772; x_wconf 87' lang='grc' dir='ltr'><strong>ρες</strong></span> <span class='ocrx_word' id='word_1_222' title='bbox 2247 1699 2347 1770; x_wconf 86' lang='grc' dir='ltr'>τῆς</span> <span class='ocrx_word' id='word_1_223' title='bbox 2377 1698 2527 1763; x_wconf 84' lang='grc' dir='ltr'><strong>θείας</strong></span> <span class='ocrx_word' id='word_1_224' title='bbox 2552 1699 2858 1770; x_wconf 82' lang='grc' dir='ltr'>ὑπάρχουσι</span> <span class='ocrx_word' id='word_1_225' title='bbox 2890 1699 3126 1769; x_wconf 83' lang='grc' dir='ltr'>φύσεως,</span> <span class='ocrx_word' id='word_1_226' title='bbox 3173 1700 3233 1753; x_wconf 83' lang='grc' dir='ltr'>τὸ</span> <span class='ocrx_word' id='word_1_227' title='bbox 3269 1701 3591 1772; x_wconf 80' lang='grc' dir='ltr'><strong>ἀμέριμνον,</strong></span> <span class='ocrx_word' id='word_1_228' title='bbox 3625 1701 3721 1753; x_wconf 66' lang='grc' dir='ltr'><strong>καί¹</strong></span> 
     </span>
    </p>
   </div>
   <div class='ocr_carea' id='block_1_33' title="bbox 442 1784 2030 1864">
    <p class='ocr_par' dir='ltr' id='par_1_33' title="bbox 442 1784 2030 1859">
     <span class='ocr_line' id='line_1_33' title="bbox 442 1784 2030 1859; baseline 0.002 -20"><span class='ocrx_word' id='word_1_229' title='bbox 442 1784 691 1840; x_wconf 83' lang='lat' dir='ltr'><strong>tudinem</strong></span> <span class='ocrx_word' id='word_1_230' title='bbox 725 1801 908 1852; x_wconf 90' lang='lat' dir='ltr'><strong>suam,</strong></span> <span class='ocrx_word' id='word_1_231' title='bbox 952 1787 1005 1842; x_wconf 89' lang='lat' dir='ltr'><strong>id</strong></span> <span class='ocrx_word' id='word_1_232' title='bbox 1041 1795 1146 1853; x_wconf 87' lang='lat' dir='ltr'><strong>est,</strong></span> <span class='ocrx_word' id='word_1_233' title='bbox 1194 1788 1348 1844; x_wconf 89' lang='lat' dir='ltr'><strong>omni</strong></span> <span class='ocrx_word' id='word_1_234' title='bbox 1385 1788 1654 1843; x_wconf 89' lang='lat' dir='ltr'><strong>virtutum</strong></span> <span class='ocrx_word' id='word_1_235' title='bbox 1682 1804 1880 1858; x_wconf 81' lang='lat' dir='ltr'><strong>genere</strong></span> <span class='ocrx_word' id='word_1_236' title='bbox 1910 1802 2030 1859; x_wconf 90' lang='lat' dir='ltr'><strong>per-</strong></span> 
     </span>
    </p>
   </div>
   <div class='ocr_carea' id='block_1_34' title="bbox 2135 1784 3718 1864">
    <p class='ocr_par' dir='ltr' id='par_1_34' title="bbox 2137 1791 3718 1864">
     <span class='ocr_line' id='line_1_34' title="bbox 2137 1791 3718 1864; baseline -0.001 -19"><span class='ocrx_word' id='word_1_237' title='bbox 2137 1792 2570 1864; x_wconf 85' lang='grc' dir='ltr'>ἀπερίσπαστον,</span> <span class='ocrx_word' id='word_1_238' title='bbox 2608 1793 2704 1848; x_wconf 71' lang='grc' dir='ltr'><strong>καὶ</strong></span> <span class='ocrx_word' id='word_1_239' title='bbox 2728 1791 3007 1864; x_wconf 78' lang='grc' dir='ltr'>ἀκέραιον,</span> <span class='ocrx_word' id='word_1_240' title='bbox 3063 1792 3124 1846; x_wconf 82' lang='grc' dir='ltr'><strong>τὸ</strong></span> <span class='ocrx_word' id='word_1_241' title='bbox 3175 1791 3399 1861; x_wconf 81' lang='grc' dir='ltr'>ἀγαθὸν,</span> <span class='ocrx_word' id='word_1_242' title='bbox 3430 1792 3491 1845; x_wconf 83' lang='grc' dir='ltr'><strong>τὸ</strong></span> <span class='ocrx_word' id='word_1_243' title='bbox 3531 1792 3718 1860; x_wconf 72' lang='grc' dir='ltr'>σοφὸν,</span> 
     </span>
    </p>
   </div>
   <div class='ocr_carea' id='block_1_35' title="bbox 439 1879 2033 1952">
    <p class='ocr_par' dir='ltr' id='par_1_35' title="bbox 439 1879 2033 1952">
     <span class='ocr_line' id='line_1_35' title="bbox 439 1879 2033 1952; baseline 0.001 -18"><span class='ocrx_word' id='word_1_244' title='bbox 439 1879 670 1946; x_wconf 74' lang='lat' dir='ltr'><strong>fectum,</strong></span> <span class='ocrx_word' id='word_1_245' title='bbox 706 1889 973 1949; x_wconf 85' lang='lat' dir='ltr'><strong>quantum</strong></span> <span class='ocrx_word' id='word_1_246' title='bbox 1002 1881 1224 1952; x_wconf 87' lang='lat' dir='ltr'><strong>quidem</strong></span> <span class='ocrx_word' id='word_1_247' title='bbox 1277 1882 1533 1936; x_wconf 65' lang='lat' dir='ltr'><strong>humana:</strong></span> <span class='ocrx_word' id='word_1_248' title='bbox 1589 1889 1802 1937; x_wconf 65' lang='lat' dir='ltr'><strong>natura:</strong></span> <span class='ocrx_word' id='word_1_249' title='bbox 1833 1895 2033 1936; x_wconf 91' lang='lat' dir='ltr'><strong>conse-</strong></span> 
     </span>
    </p>
   </div>
   <div class='ocr_carea' id='block_1_36' title="bbox 441 1971 2031 2044">
    <p class='ocr_par' dir='ltr' id='par_1_36' title="bbox 441 1971 2031 2044">
     <span class='ocr_line' id='line_1_36' title="bbox 441 1971 2031 2044; baseline 0 -18"><span class='ocrx_word' id='word_1_250' title='bbox 441 1971 536 2043; x_wconf 78' lang='lat' dir='ltr'><strong>qui</strong></span> <span class='ocrx_word' id='word_1_251' title='bbox 571 1971 762 2027; x_wconf 79' lang='lat' dir='ltr'><strong>datum</strong></span> <span class='ocrx_word' id='word_1_252' title='bbox 785 1981 954 2029; x_wconf 89' lang='lat' dir='ltr'><strong>esset.</strong></span> <span class='ocrx_word' id='word_1_253' title='bbox 1010 1971 1104 2028; x_wconf 65' lang='lat' dir='ltr'><strong>lla:</strong></span> <span class='ocrx_word' id='word_1_254' title='bbox 1133 1974 1334 2044; x_wconf 91' lang='lat' dir='ltr'><strong>quippe</strong></span> <span class='ocrx_word' id='word_1_255' title='bbox 1380 1973 1581 2030; x_wconf 67' lang='lat' dir='ltr'><strong>divinae</strong></span> <span class='ocrx_word' id='word_1_256' title='bbox 1620 1981 1832 2028; x_wconf 67' lang='lat' dir='ltr'><strong>naturae</strong></span> <span class='ocrx_word' id='word_1_257' title='bbox 1863 1973 2031 2029; x_wconf 82' lang='lat' dir='ltr'><strong>veluti</strong></span> 
     </span>
    </p>
   </div>
   <div class='ocr_carea' id='block_1_37' title="bbox 444 2066 2033 2136">
    <p class='ocr_par' dir='ltr' id='par_1_37' title="bbox 444 2066 2033 2136">
     <span class='ocr_line' id='line_1_37' title="bbox 444 2066 2033 2136; baseline 0 -18"><span class='ocrx_word' id='word_1_258' title='bbox 444 2074 583 2121; x_wconf 61' lang='lat' dir='ltr'><strong>noti?</strong></span> <span class='ocrx_word' id='word_1_259' title='bbox 609 2073 759 2130; x_wconf 88' lang='lat' dir='ltr'><strong>sunt,</strong></span> <span class='ocrx_word' id='word_1_260' title='bbox 791 2081 987 2136; x_wconf 89' lang='lat' dir='ltr'><strong>nempe</strong></span> <span class='ocrx_word' id='word_1_261' title='bbox 1015 2081 1146 2128; x_wconf 78' lang='lat' dir='ltr'><strong>cura</strong></span> <span class='ocrx_word' id='word_1_262' title='bbox 1175 2081 1242 2121; x_wconf 86' lang='lat' dir='ltr'><strong>ac</strong></span> <span class='ocrx_word' id='word_1_263' title='bbox 1260 2067 1630 2122; x_wconf 85' lang='lat' dir='ltr'><strong>sollicitudine</strong></span> <span class='ocrx_word' id='word_1_264' title='bbox 1654 2081 1870 2132; x_wconf 83' lang='lat' dir='ltr'><strong>vacare,</strong></span> <span class='ocrx_word' id='word_1_265' title='bbox 1899 2066 2033 2122; x_wconf 89' lang='lat' dir='ltr'><strong>sim-</strong></span> 
     </span>
    </p>
   </div>
   <div class='ocr_carea' id='block_1_38' title="bbox 442 2142 2030 2229">
    <p class='ocr_par' dir='ltr' id='par_1_38' title="bbox 442 2142 2030 2229">
     <span class='ocr_line' id='line_1_38' title="bbox 442 2142 2030 2229; baseline 0.003 -20"><span class='ocrx_word' id='word_1_266' title='bbox 442 2155 706 2226; x_wconf 85' lang='lat' dir='ltr'><strong>plicitate,</strong></span> <span class='ocrx_word' id='word_1_267' title='bbox 761 2157 1047 2224; x_wconf 80' lang='lat' dir='ltr'><strong>bonitate,</strong></span> <span class='ocrx_word' id='word_1_268' title='bbox 1083 2159 1352 2228; x_wconf 87' lang='lat' dir='ltr'><strong>sapientia</strong></span> <span class='ocrx_word' id='word_1_269' title='bbox 1417 2167 1470 2214; x_wconf 91' lang='lat' dir='ltr'><strong>et</strong></span> <span class='ocrx_word' id='word_1_270' title='bbox 1524 2142 1777 2229; x_wconf 62' lang='grc' dir='ltr'>Ῑυειίιὶίι”</span> <span class='ocrx_word' id='word_1_271' title='bbox 1801 2158 2030 2228; x_wconf 89' lang='lat' dir='ltr'><strong>pollere,</strong></span> 
     </span>
    </p>
   </div>
   <div class='ocr_carea' id='block_1_39' title="bbox 445 2250 2032 2321">
    <p class='ocr_par' dir='ltr' id='par_1_39' title="bbox 445 2250 2032 2321">
     <span class='ocr_line' id='line_1_39' title="bbox 445 2250 2032 2321; baseline 0.003 -17"><span class='ocrx_word' id='word_1_272' title='bbox 445 2261 612 2321; x_wconf 85' lang='lat' dir='ltr'><strong>atque</strong></span> <span class='ocrx_word' id='word_1_273' title='bbox 646 2251 714 2306; x_wconf 85' lang='lat' dir='ltr'><strong>ab</strong></span> <span class='ocrx_word' id='word_1_274' title='bbox 748 2251 898 2305; x_wconf 87' lang='lat' dir='ltr'><strong>omni</strong></span> <span class='ocrx_word' id='word_1_275' title='bbox 941 2251 1077 2306; x_wconf 88' lang='lat' dir='ltr'><strong>vitio</strong></span> <span class='ocrx_word' id='word_1_276' title='bbox 1111 2252 1345 2306; x_wconf 89' lang='lat' dir='ltr'><strong>liberum</strong></span> <span class='ocrx_word' id='word_1_277' title='bbox 1380 2267 1525 2308; x_wconf 88' lang='lat' dir='ltr'><strong>esse.</strong></span> <span class='ocrx_word' id='word_1_278' title='bbox 1563 2250 1734 2306; x_wconf 83' lang='lat' dir='ltr'><strong>Porro</strong></span> <span class='ocrx_word' id='word_1_279' title='bbox 1757 2266 1880 2306; x_wconf 89' lang='lat' dir='ltr'><strong>cum</strong></span> <span class='ocrx_word' id='word_1_280' title='bbox 1931 2251 2032 2308; x_wconf 83' lang='lat' dir='ltr'><strong>ho-</strong></span> 
     </span>
    </p>
   </div>
   <div class='ocr_carea' id='block_1_40' title="bbox 444 2342 2032 2414">
    <p class='ocr_par' dir='ltr' id='par_1_40' title="bbox 444 2342 2032 2414">
     <span class='ocr_line' id='line_1_40' title="bbox 444 2342 2032 2414; baseline 0.001 -18"><span class='ocrx_word' id='word_1_281' title='bbox 444 2344 646 2397; x_wconf 89' lang='lat' dir='ltr'><strong>minem</strong></span> <span class='ocrx_word' id='word_1_282' title='bbox 683 2343 736 2396; x_wconf 91' lang='lat' dir='ltr'><strong>in</strong></span> <span class='ocrx_word' id='word_1_283' title='bbox 761 2357 828 2398; x_wconf 87' lang='lat' dir='ltr'><strong>eo</strong></span> <span class='ocrx_word' id='word_1_284' title='bbox 850 2351 996 2400; x_wconf 86' lang='lat' dir='ltr'><strong>statu</strong></span> <span class='ocrx_word' id='word_1_285' title='bbox 1033 2343 1520 2410; x_wconf 81' lang='lat' dir='ltr'><strong>constituisset,-ut</strong></span> <span class='ocrx_word' id='word_1_286' title='bbox 1566 2359 1624 2400; x_wconf 92' lang='lat' dir='ltr'><strong>se</strong></span> <span class='ocrx_word' id='word_1_287' title='bbox 1647 2342 1752 2414; x_wconf 87' lang='lat' dir='ltr'><strong>ipsi</strong></span> <span class='ocrx_word' id='word_1_288' title='bbox 1784 2356 2032 2398; x_wconf 74' lang='lat' dir='ltr'><strong>Commu-</strong></span> 
     </span>
    </p>
   </div>
   <div class='ocr_carea' id='block_1_41' title="bbox 443 2430 2030 2503">
    <p class='ocr_par' dir='ltr' id='par_1_41' title="bbox 443 2430 2030 2503">
     <span class='ocr_line' id='line_1_41' title="bbox 443 2430 2030 2503; baseline -0.002 -17"><span class='ocrx_word' id='word_1_289' title='bbox 443 2432 682 2501; x_wconf 88' lang='lat' dir='ltr'><strong>nicaret,</strong></span> <span class='ocrx_word' id='word_1_290' title='bbox 706 2449 824 2488; x_wconf 86' lang='lat' dir='ltr'><strong>cum</strong></span> <span class='ocrx_word' id='word_1_291' title='bbox 845 2433 1035 2488; x_wconf 85' lang='lat' dir='ltr'><strong>etenim</strong></span> <span class='ocrx_word' id='word_1_292' title='bbox 1060 2433 1106 2466; x_wconf 79' lang='lat'><strong>&quot;</strong></span> <span class='ocrx_word' id='word_1_293' title='bbox 1131 2433 1416 2502; x_wconf 80' lang='lat' dir='ltr'><strong>fecerat,ut</strong></span> <span class='ocrx_word' id='word_1_294' title='bbox 1439 2434 1752 2503; x_wconf 75' lang='lat' dir='ltr'><strong>corruptela:</strong></span> <span class='ocrx_word' id='word_1_295' title='bbox 1770 2430 2030 2487; x_wconf 70' lang='lat' dir='ltr'><strong>obnoxius</strong></span> 
     </span>
    </p>
   </div>
   <div class='ocr_carea' id='block_1_42' title="bbox 444 2523 2032 2595">
    <p class='ocr_par' dir='ltr' id='par_1_42' title="bbox 444 2523 2032 2595">
     <span class='ocr_line' id='line_1_42' title="bbox 444 2523 2032 2595; baseline -0.003 -17"><span class='ocrx_word' id='word_1_296' title='bbox 444 2540 550 2578; x_wconf 82' lang='lat' dir='ltr'><strong>non</strong></span> <span class='ocrx_word' id='word_1_297' title='bbox 573 2532 726 2590; x_wconf 77' lang='lat' dir='ltr'><strong>esset,</strong></span> <span class='ocrx_word' id='word_1_298' title='bbox 769 2539 867 2595; x_wconf 90' lang='lat' dir='ltr'><strong>per</strong></span> <span class='ocrx_word' id='word_1_299' title='bbox 896 2525 982 2580; x_wconf 87' lang='lat' dir='ltr'><strong>sui</strong></span> <span class='ocrx_word' id='word_1_300' title='bbox 1029 2524 1592 2585; x_wconf 85' lang='lat' dir='ltr'><strong>communicationem</strong></span> <span class='ocrx_word' id='word_1_301' title='bbox 1638 2523 1704 2579; x_wconf 88' lang='lat' dir='ltr'><strong>ad</strong></span> <span class='ocrx_word' id='word_1_302' title='bbox 1775 2523 2032 2577; x_wconf 89' lang='lat' dir='ltr'><strong>incorru-</strong></span> 
     </span>
    </p>
   </div>
   <div class='ocr_carea' id='block_1_43' title="bbox 445 2617 2030 2687">
    <p class='ocr_par' dir='ltr' id='par_1_43' title="bbox 445 2617 2030 2687">
     <span class='ocr_line' id='line_1_43' title="bbox 445 2617 2030 2687; baseline -0.002 -17"><span class='ocrx_word' id='word_1_303' title='bbox 445 2617 692 2687; x_wconf 88' lang='lat' dir='ltr'><strong>ptionem</strong></span> <span class='ocrx_word' id='word_1_304' title='bbox 720 2633 843 2672; x_wconf 92' lang='lat' dir='ltr'><strong>eum</strong></span> <span class='ocrx_word' id='word_1_305' title='bbox 877 2617 1526 2684; x_wconf 86' lang='lat' dir='ltr'><strong>subvehebat.Quoniam</strong></span> <span class='ocrx_word' id='word_1_306' title='bbox 1547 2625 1725 2670; x_wconf 88' lang='lat' dir='ltr'><strong>autem</strong></span> <span class='ocrx_word' id='word_1_307' title='bbox 1749 2629 1844 2685; x_wconf 87' lang='lat' dir='ltr'><strong>per</strong></span> <span class='ocrx_word' id='word_1_308' title='bbox 1873 2627 2030 2667; x_wconf 89' lang='lat' dir='ltr'><strong>man-</strong></span> 
     </span>
    </p>
   </div>
   <div class='ocr_carea' id='block_1_44' title="bbox 445 2702 2029 2779">
    <p class='ocr_par' dir='ltr' id='par_1_44' title="bbox 445 2702 2029 2779">
     <span class='ocr_line' id='line_1_44' title="bbox 445 2702 2029 2779; baseline -0.004 -18"><span class='ocrx_word' id='word_1_309' title='bbox 445 2709 560 2763; x_wconf 86' lang='lat' dir='ltr'><strong>dati</strong></span> <span class='ocrx_word' id='word_1_310' title='bbox 590 2708 944 2764; x_wconf 86' lang='lat' dir='ltr'><strong>violationem</strong></span> <span class='ocrx_word' id='word_1_311' title='bbox 985 2708 1246 2779; x_wconf 78' lang='lat' dir='ltr'><strong>imaginis</strong></span> <span class='ocrx_word' id='word_1_312' title='bbox 1287 2708 1490 2762; x_wconf 73' lang='lat' dir='ltr'><strong>divinae</strong></span> <span class='ocrx_word' id='word_1_313' title='bbox 1515 2705 1777 2760; x_wconf 87' lang='lat' dir='ltr'><strong>ductibus</strong></span> <span class='ocrx_word' id='word_1_314' title='bbox 1807 2713 1862 2759; x_wconf 87' lang='lat' dir='ltr'><strong>et</strong></span> <span class='ocrx_word' id='word_1_315' title='bbox 1897 2702 2029 2756; x_wconf 87' lang='lat' dir='ltr'><strong>cha-</strong></span> 
     </span>
    </p>
   </div>
   <div class='ocr_carea' id='block_1_45' title="bbox 447 2795 2031 2862">
    <p class='ocr_par' dir='ltr' id='par_1_45' title="bbox 447 2795 2031 2862">
     <span class='ocr_line' id='line_1_45' title="bbox 447 2795 2031 2862; baseline -0.004 -9"><span class='ocrx_word' id='word_1_316' title='bbox 447 2799 757 2854; x_wconf 88' lang='lat' dir='ltr'><strong>racteribus</strong></span> <span class='ocrx_word' id='word_1_317' title='bbox 779 2799 1091 2854; x_wconf 89' lang='lat' dir='ltr'><strong>obscuratis</strong></span> <span class='ocrx_word' id='word_1_318' title='bbox 1138 2811 1201 2852; x_wconf 93' lang='lat' dir='ltr'><strong>ac</strong></span> <span class='ocrx_word' id='word_1_319' title='bbox 1231 2797 1451 2862; x_wconf 85' lang='lat' dir='ltr'><strong>deletis,</strong></span> <span class='ocrx_word' id='word_1_320' title='bbox 1518 2797 1572 2850; x_wconf 91' lang='lat' dir='ltr'><strong>in</strong></span> <span class='ocrx_word' id='word_1_321' title='bbox 1609 2795 1872 2848; x_wconf 88' lang='lat' dir='ltr'><strong>malitiam</strong></span> <span class='ocrx_word' id='word_1_322' title='bbox 1903 2807 2031 2861; x_wconf 84' lang='lat' dir='ltr'><strong>pro-</strong></span> 
     </span>
    </p>
   </div>
   <div class='ocr_carea' id='block_1_46' title="bbox 445 2883 2029 2954">
    <p class='ocr_par' dir='ltr' id='par_1_46' title="bbox 445 2883 2029 2954">
     <span class='ocr_line' id='line_1_46' title="bbox 445 2883 2029 2954; baseline -0.004 -10"><span class='ocrx_word' id='word_1_323' title='bbox 445 2890 647 2954; x_wconf 88' lang='lat' dir='ltr'><strong>voluti,</strong></span> <span class='ocrx_word' id='word_1_324' title='bbox 671 2891 860 2945; x_wconf 90' lang='lat' dir='ltr'><strong>divina</strong></span> <span class='ocrx_word' id='word_1_325' title='bbox 896 2889 1400 2946; x_wconf 86' lang='lat' dir='ltr'><strong>communicatione</strong></span> <span class='ocrx_word' id='word_1_326' title='bbox 1420 2888 1598 2943; x_wconf 89' lang='lat' dir='ltr'><strong>orbati</strong></span> <span class='ocrx_word' id='word_1_327' title='bbox 1622 2901 1850 2942; x_wconf 86' lang='lat' dir='ltr'><strong>sumus:</strong></span> <span class='ocrx_word' id='word_1_328' title='bbox 1887 2883 2029 2938; x_wconf 85' lang='lat' dir='ltr'><strong>Nam</strong></span> 
     </span>
    </p>
   </div>
   <div class='ocr_carea' id='block_1_47' title="bbox 447 2977 2030 3052">
    <p class='ocr_par' dir='ltr' id='par_1_47' title="bbox 447 2977 2030 3052">
     <span class='ocr_line' id='line_1_47' title="bbox 447 2977 2030 3052; baseline -0.005 -14"><span class='ocrx_word' id='word_1_329' title='bbox 447 2999 564 3052; x_wconf 75' lang='lat' dir='ltr'><strong>qua:</strong></span> <span class='ocrx_word' id='word_1_330' title='bbox 596 2983 818 3038; x_wconf 79' lang='lat' dir='ltr'><strong>societas</strong></span> <span class='ocrx_word' id='word_1_331' title='bbox 856 2983 960 3037; x_wconf 88' lang='lat' dir='ltr'><strong>luci</strong></span> <span class='ocrx_word' id='word_1_332' title='bbox 991 2983 1062 3036; x_wconf 84' lang='lat' dir='ltr'><strong>ad</strong></span> <span class='ocrx_word' id='word_1_333' title='bbox 1090 2982 1328 3038; x_wconf 82' lang='lat' dir='ltr'><strong>tenebras</strong></span> <span class='ocrx_word' id='word_1_334' title='bbox 1357 2982 1429 3034; x_wconf 79' lang='grc' dir='ltr'><strong>²⁹⁶ί</strong></span> <span class='ocrx_word' id='word_1_335' title='bbox 1455 2989 1619 3051; x_wconf 88' lang='lat' dir='ltr'><strong>atque</strong></span> <span class='ocrx_word' id='word_1_336' title='bbox 1649 2995 1679 3033; x_wconf 95' lang='lat' dir='ltr'><strong>a</strong></span> <span class='ocrx_word' id='word_1_337' title='bbox 1710 2979 1818 3033; x_wconf 91' lang='lat' dir='ltr'><strong>vita</strong></span> <span class='ocrx_word' id='word_1_338' title='bbox 1851 2977 2030 3033; x_wconf 85' lang='lat' dir='ltr'><strong>exclu-</strong></span> 
     </span>
    </p>
   </div>
   <div class='ocr_carea' id='block_1_48' title="bbox 448 3069 2026 3142">
    <p class='ocr_par' dir='ltr' id='par_1_48' title="bbox 448 3069 2026 3142">
     <span class='ocr_line' id='line_1_48' title="bbox 448 3069 2026 3142; baseline -0.005 -12"><span class='ocrx_word' id='word_1_339' title='bbox 448 3075 517 3139; x_wconf 91' lang='lat' dir='ltr'><strong>si,</strong></span> <span class='ocrx_word' id='word_1_340' title='bbox 541 3069 600 3128; x_wconf 38' lang='lat' dir='ltr'><strong>in‘</strong></span> <span class='ocrx_word' id='word_1_341' title='bbox 623 3075 817 3130; x_wconf 90' lang='lat' dir='ltr'><strong>mortis</strong></span> <span class='ocrx_word' id='word_1_342' title='bbox 843 3073 1125 3129; x_wconf 87' lang='lat' dir='ltr'><strong>interitum</strong></span> <span class='ocrx_word' id='word_1_343' title='bbox 1148 3073 1468 3129; x_wconf 83' lang='lat' dir='ltr'><strong>incidimus:</strong></span> <span class='ocrx_word' id='word_1_344' title='bbox 1490 3071 2026 3142; x_wconf 88' lang='lat' dir='ltr'><strong>quoniam,inquam,</strong></span> 
     </span>
    </p>
   </div>
   <div class='ocr_carea' id='block_1_49' title="bbox 2135 1881 3722 1956">
    <p class='ocr_par' dir='ltr' id='par_1_49' title="bbox 2135 1881 3722 1956">
     <span class='ocr_line' id='line_1_49' title="bbox 2135 1881 3722 1956; baseline -0.001 -19"><span class='ocrx_word' id='word_1_345' title='bbox 2135 1883 2195 1937; x_wconf 71' lang='grc' dir='ltr'>τὸ</span> <span class='ocrx_word' id='word_1_346' title='bbox 2221 1883 2448 1950; x_wconf 90' lang='grc' dir='ltr'>δίκαιον,</span> <span class='ocrx_word' id='word_1_347' title='bbox 2477 1885 2540 1938; x_wconf 84' lang='grc' dir='ltr'><strong>τὸ</strong></span> <span class='ocrx_word' id='word_1_348' title='bbox 2565 1883 2746 1956; x_wconf 82' lang='grc' dir='ltr'><strong>πάσης</strong></span> <span class='ocrx_word' id='word_1_349' title='bbox 2776 1883 2978 1947; x_wconf 80' lang='grc' dir='ltr'><strong>κακίας</strong></span> <span class='ocrx_word' id='word_1_350' title='bbox 3003 1881 3306 1954; x_wconf 81' lang='grc' dir='ltr'>ἐλεύθερον.</span> <span class='ocrx_word' id='word_1_351' title='bbox 3351 1883 3441 1936; x_wconf 83' lang='grc' dir='ltr'>Ἐν</span> <span class='ocrx_word' id='word_1_352' title='bbox 3465 1883 3722 1953; x_wconf 65' lang='grc' dir='ltr'>κοινωνία</span> 
     </span>
    </p>
   </div>
   <div class='ocr_carea' id='block_1_50' title="bbox 2138 1972 3723 2048">
    <p class='ocr_par' dir='ltr' id='par_1_50' title="bbox 2138 1972 3723 2048">
     <span class='ocr_line' id='line_1_50' title="bbox 2138 1972 3723 2048; baseline -0.001 -18"><span class='ocrx_word' id='word_1_353' title='bbox 2138 1975 2241 2046; x_wconf 86' lang='grc' dir='ltr'>μὲν</span> <span class='ocrx_word' id='word_1_354' title='bbox 2301 1972 2396 2030; x_wconf 80' lang='grc' dir='ltr'><strong>οὖν</strong></span> <span class='ocrx_word' id='word_1_355' title='bbox 2451 1976 2648 2030; x_wconf 77' lang='grc' dir='ltr'>ἑαυτοῦ</span> <span class='ocrx_word' id='word_1_356' title='bbox 2706 1975 3060 2048; x_wconf 81' lang='grc' dir='ltr'><strong>καταστήσας</strong></span> <span class='ocrx_word' id='word_1_357' title='bbox 3121 1975 3214 2030; x_wconf 79' lang='grc' dir='ltr'>τὸν</span> <span class='ocrx_word' id='word_1_358' title='bbox 3272 1974 3559 2046; x_wconf 80' lang='grc' dir='ltr'>ἄνθρωπον</span> <span class='ocrx_word' id='word_1_359' title='bbox 3610 1975 3723 2043; x_wconf 82' lang='grc' dir='ltr'><strong>(ἐπ’</strong></span> 
     </span>
    </p>
   </div>
   <div class='ocr_carea' id='block_1_51' title="bbox 2135 2067 3721 2142">
    <p class='ocr_par' dir='ltr' id='par_1_51' title="bbox 2135 2067 3721 2142">
     <span class='ocr_line' id='line_1_51' title="bbox 2135 2067 3721 2142; baseline -0.001 -20"><span class='ocrx_word' id='word_1_360' title='bbox 2135 2068 2419 2142; x_wconf 76' lang='grc' dir='ltr'><strong>ἀφθαρσίᾳ</strong></span> <span class='ocrx_word' id='word_1_361' title='bbox 2473 2069 2506 2111; x_wconf 69' lang='grc' dir='ltr'>ί</span> <span class='ocrx_word' id='word_1_362' title='bbox 2560 2070 2668 2140; x_wconf 84' lang='grc' dir='ltr'>γὰρ</span> <span class='ocrx_word' id='word_1_363' title='bbox 2723 2067 2911 2123; x_wconf 78' lang='grc' dir='ltr'>τοῦτον</span> <span class='ocrx_word' id='word_1_364' title='bbox 2945 2068 3192 2138; x_wconf 78' lang='grc' dir='ltr'>ἐποίησε,</span> <span class='ocrx_word' id='word_1_365' title='bbox 3253 2067 3340 2120; x_wconf 83' lang='grc' dir='ltr'>διὰ</span> <span class='ocrx_word' id='word_1_366' title='bbox 3369 2069 3469 2138; x_wconf 84' lang='grc' dir='ltr'><strong>τῆς</strong></span> <span class='ocrx_word' id='word_1_367' title='bbox 3525 2067 3721 2121; x_wconf 80' lang='grc' dir='ltr'>ἑαυτοῦ</span> 
     </span>
    </p>
   </div>
   <div class='ocr_carea' id='block_1_52' title="bbox 2133 2155 3721 2231">
    <p class='ocr_par' dir='ltr' id='par_1_52' title="bbox 2133 2155 3721 2231">
     <span class='ocr_line' id='line_1_52' title="bbox 2133 2155 3721 2231; baseline -0.001 -21"><span class='ocrx_word' id='word_1_368' title='bbox 2133 2158 2425 2222; x_wconf 74' lang='grc' dir='ltr'>κοινωνίας</span> <span class='ocrx_word' id='word_1_369' title='bbox 2453 2159 2730 2231; x_wconf 82' lang='grc' dir='ltr'><strong>ἀνήγαγεν</strong></span> <span class='ocrx_word' id='word_1_370' title='bbox 2756 2157 2916 2212; x_wconf 76' lang='grc' dir='ltr'>αὐτὸν</span> <span class='ocrx_word' id='word_1_371' title='bbox 2958 2157 3094 2230; x_wconf 79' lang='grc' dir='ltr'>πρὸς</span> <span class='ocrx_word' id='word_1_372' title='bbox 3114 2156 3174 2210; x_wconf 81' lang='grc' dir='ltr'><strong>τὸ</strong></span> <span class='ocrx_word' id='word_1_373' title='bbox 3201 2155 3499 2228; x_wconf 77' lang='grc' dir='ltr'>ἄφθαρτον)</span> <span class='ocrx_word' id='word_1_374' title='bbox 3525 2173 3538 2186; x_wconf 72' lang='grc'><strong><em>⁸</em></strong></span> <span class='ocrx_word' id='word_1_375' title='bbox 3571 2158 3721 2210; x_wconf 79' lang='grc' dir='ltr'><strong>ὲπει-</strong></span> 
     </span>
    </p>
   </div>
   <div class='ocr_carea' id='block_1_53' title="bbox 2133 2248 3716 2323">
    <p class='ocr_par' dir='ltr' id='par_1_53' title="bbox 2133 2248 3716 2323">
     <span class='ocr_line' id='line_1_53' title="bbox 2133 2248 3716 2323; baseline -0.002 -19"><span class='ocrx_word' id='word_1_376' title='bbox 2133 2250 2198 2323; x_wconf 83' lang='grc' dir='ltr'>δὴ</span> <span class='ocrx_word' id='word_1_377' title='bbox 2231 2250 2326 2304; x_wconf 72' lang='grc' dir='ltr'>καὶ</span> <span class='ocrx_word' id='word_1_378' title='bbox 2377 2250 2464 2304; x_wconf 77' lang='grc' dir='ltr'><strong>διὰ</strong></span> <span class='ocrx_word' id='word_1_379' title='bbox 2515 2251 2619 2320; x_wconf 74' lang='grc' dir='ltr'><strong>τῆς</strong></span> <span class='ocrx_word' id='word_1_380' title='bbox 2652 2249 3014 2322; x_wconf 74' lang='grc' dir='ltr'><strong>παραϐάσεως</strong></span> <span class='ocrx_word' id='word_1_381' title='bbox 3064 2249 3163 2319; x_wconf 81' lang='grc' dir='ltr'><strong>τῆς</strong></span> <span class='ocrx_word' id='word_1_382' title='bbox 3211 2248 3430 2320; x_wconf 77' lang='grc' dir='ltr'><strong>ἐντολῆς</strong></span> <span class='ocrx_word' id='word_1_383' title='bbox 3460 2248 3586 2312; x_wconf 80' lang='grc' dir='ltr'>τοὺς</span> <span class='ocrx_word' id='word_1_384' title='bbox 3615 2249 3716 2318; x_wconf 76' lang='grc' dir='ltr'><strong>τῆς</strong></span> 
     </span>
    </p>
   </div>
   <div class='ocr_carea' id='block_1_54' title="bbox 2135 2340 3717 2414">
    <p class='ocr_par' dir='ltr' id='par_1_54' title="bbox 2135 2340 3717 2414">
     <span class='ocr_line' id='line_1_54' title="bbox 2135 2340 3717 2414; baseline 0 -20"><span class='ocrx_word' id='word_1_385' title='bbox 2135 2341 2287 2406; x_wconf 86' lang='grc' dir='ltr'><strong>θείας</strong></span> <span class='ocrx_word' id='word_1_386' title='bbox 2316 2341 2525 2405; x_wconf 87' lang='grc' dir='ltr'><strong>εἰκόνος</strong></span> <span class='ocrx_word' id='word_1_387' title='bbox 2553 2342 2912 2414; x_wconf 80' lang='grc' dir='ltr'><strong>χαρακτῆρας</strong></span> <span class='ocrx_word' id='word_1_388' title='bbox 2965 2340 3332 2412; x_wconf 80' lang='grc' dir='ltr'>ὲξεφώσαμέν</span> <span class='ocrx_word' id='word_1_389' title='bbox 3354 2358 3413 2394; x_wconf 88' lang='grc' dir='ltr'>τε</span> <span class='ocrx_word' id='word_1_390' title='bbox 3461 2341 3556 2394; x_wconf 79' lang='grc' dir='ltr'><strong>καὶ</strong></span> <span class='ocrx_word' id='word_1_391' title='bbox 3593 2359 3717 2394; x_wconf 60' lang='lat' dir='ltr'><strong>suv-</strong></span> 
     </span>
    </p>
   </div>
   <div class='ocr_carea' id='block_1_55' title="bbox 2133 2429 3721 2503">
    <p class='ocr_par' dir='ltr' id='par_1_55' title="bbox 2133 2429 3721 2503">
     <span class='ocr_line' id='line_1_55' title="bbox 2133 2429 3721 2503; baseline -0.001 -19"><span class='ocrx_word' id='word_1_392' title='bbox 2133 2432 2390 2503; x_wconf 82' lang='grc' dir='ltr'>εχέαμεν,</span> <span class='ocrx_word' id='word_1_393' title='bbox 2417 2432 2512 2483; x_wconf 69' lang='grc' dir='ltr'><strong>καὶ</strong></span> <span class='ocrx_word' id='word_1_394' title='bbox 2537 2432 2594 2484; x_wconf 87' lang='grc' dir='ltr'>ὲν</span> <span class='ocrx_word' id='word_1_395' title='bbox 2623 2430 2792 2502; x_wconf 72' lang='grc' dir='ltr'>κακία</span> <span class='ocrx_word' id='word_1_396' title='bbox 2807 2429 3228 2500; x_wconf 87' lang='grc' dir='ltr'>γενόμενοι,τῆς</span> <span class='ocrx_word' id='word_1_397' title='bbox 3255 2429 3407 2492; x_wconf 87' lang='grc' dir='ltr'>θείας</span> <span class='ocrx_word' id='word_1_398' title='bbox 3432 2429 3721 2494; x_wconf 80' lang='grc' dir='ltr'>κοινωνίας</span> 
     </span>
    </p>
   </div>
   <div class='ocr_carea' id='block_1_56' title="bbox 2135 2519 3722 2591">
    <p class='ocr_par' dir='ltr' id='par_1_56' title="bbox 2135 2519 3722 2591">
     <span class='ocr_line' id='line_1_56' title="bbox 2135 2519 3722 2591; baseline 0.001 -17"><span class='ocrx_word' id='word_1_399' title='bbox 2135 2520 2533 2591; x_wconf 76' lang='grc' dir='ltr'>ἐγυμνώθημεν</span> <span class='ocrx_word' id='word_1_400' title='bbox 2552 2534 2564 2544; x_wconf 92' lang='grc'><strong>·</strong></span> <span class='ocrx_word' id='word_1_401' title='bbox 2594 2520 2689 2586; x_wconf 86' lang='grc' dir='ltr'><strong>Τίς</strong></span> <span class='ocrx_word' id='word_1_402' title='bbox 2709 2520 2818 2588; x_wconf 78' lang='grc' dir='ltr'><strong>γὰρ</strong></span> <span class='ocrx_word' id='word_1_403' title='bbox 2843 2520 3140 2588; x_wconf 82' lang='grc' dir='ltr'>μετουσία</span> <span class='ocrx_word' id='word_1_404' title='bbox 3174 2519 3318 2591; x_wconf 75' lang='grc' dir='ltr'>φωτὶ</span> <span class='ocrx_word' id='word_1_405' title='bbox 3344 2522 3372 2562; x_wconf 77' lang='lat' dir='ltr'><strong>h</strong></span> <span class='ocrx_word' id='word_1_406' title='bbox 3392 2521 3542 2589; x_wconf 78' lang='grc' dir='ltr'><strong>πρὸς</strong></span> <span class='ocrx_word' id='word_1_407' title='bbox 3571 2524 3722 2576; x_wconf 77' lang='grc' dir='ltr'>σκό-</span> 
     </span>
    </p>
   </div>
   <div class='ocr_carea' id='block_1_57' title="bbox 2132 2605 3722 2680">
    <p class='ocr_par' dir='ltr' id='par_1_57' title="bbox 2132 2605 3722 2680">
     <span class='ocr_line' id='line_1_57' title="bbox 2132 2605 3722 2680; baseline 0.003 -20"><span class='ocrx_word' id='word_1_408' title='bbox 2132 2623 2274 2673; x_wconf 80' lang='grc' dir='ltr'>τος;</span> <span class='ocrx_word' id='word_1_409' title='bbox 2309 2607 2404 2659; x_wconf 77' lang='grc' dir='ltr'><strong>καὶ</strong></span> <span class='ocrx_word' id='word_1_410' title='bbox 2438 2605 2544 2670; x_wconf 73' lang='grc' dir='ltr'><strong>ἔξω</strong></span> <span class='ocrx_word' id='word_1_411' title='bbox 2595 2606 2695 2677; x_wconf 81' lang='grc' dir='ltr'>τῆς</span> <span class='ocrx_word' id='word_1_412' title='bbox 2725 2606 2872 2678; x_wconf 82' lang='grc' dir='ltr'>ζωῆς</span> <span class='ocrx_word' id='word_1_413' title='bbox 2917 2608 3222 2678; x_wconf 86' lang='grc' dir='ltr'>γενόμενοι,</span> <span class='ocrx_word' id='word_1_414' title='bbox 3251 2610 3318 2680; x_wconf 78' lang='grc' dir='ltr'><strong>τῇ</strong></span> <span class='ocrx_word' id='word_1_415' title='bbox 3342 2608 3448 2662; x_wconf 80' lang='grc' dir='ltr'>’τοῦ</span> <span class='ocrx_word' id='word_1_416' title='bbox 3483 2609 3722 2665; x_wconf 85' lang='grc' dir='ltr'>θανάτου</span> 
     </span>
    </p>
   </div>
   <div class='ocr_carea' id='block_1_58' title="bbox 2135 2698 3721 2772">
    <p class='ocr_par' dir='ltr' id='par_1_58' title="bbox 2135 2698 3721 2772">
     <span class='ocr_line' id='line_1_58' title="bbox 2135 2698 3721 2772; baseline 0.001 -18"><span class='ocrx_word' id='word_1_417' title='bbox 2135 2699 2312 2770; x_wconf 81' lang='grc' dir='ltr'>φθορᾷ</span> <span class='ocrx_word' id='word_1_418' title='bbox 2341 2698 2691 2768; x_wconf 84' lang='grc' dir='ltr'>ύπεπέσομεν</span> <span class='ocrx_word' id='word_1_419' title='bbox 2730 2699 2747 2740; x_wconf 76' lang='grc' dir='ltr'><strong>ί</strong></span> <span class='ocrx_word' id='word_1_420' title='bbox 2776 2715 2790 2729; x_wconf 88' lang='grc'><strong>·</strong></span> <span class='ocrx_word' id='word_1_421' title='bbox 2819 2698 3005 2770; x_wconf 78' lang='grc' dir='ltr'>ἐπειδὴ</span> <span class='ocrx_word' id='word_1_422' title='bbox 3035 2699 3309 2770; x_wconf 77' lang='grc' dir='ltr'>μετέδωκε</span> <span class='ocrx_word' id='word_1_423' title='bbox 3343 2701 3438 2755; x_wconf 82' lang='grc' dir='ltr'><strong>τοῦ</strong></span> <span class='ocrx_word' id='word_1_424' title='bbox 3470 2701 3721 2772; x_wconf 84' lang='grc' dir='ltr'>κρείττο-</span> 
     </span>
    </p>
   </div>
   <div class='ocr_carea' id='block_1_59' title="bbox 2133 2789 3722 2864">
    <p class='ocr_par' dir='ltr' id='par_1_59' title="bbox 2133 2789 3722 2864">
     <span class='ocr_line' id='line_1_59' title="bbox 2133 2789 3722 2864; baseline 0.003 -21"><span class='ocrx_word' id='word_1_425' title='bbox 2133 2807 2245 2858; x_wconf 90' lang='grc' dir='ltr'>νος,</span> <span class='ocrx_word' id='word_1_426' title='bbox 2271 2791 2369 2844; x_wconf 76' lang='grc' dir='ltr'><strong>καὶ</strong></span> <span class='ocrx_word' id='word_1_427' title='bbox 2387 2789 2487 2843; x_wconf 78' lang='grc' dir='ltr'>οὐκ</span> <span class='ocrx_word' id='word_1_428' title='bbox 2509 2790 2877 2862; x_wconf 81' lang='grc' dir='ltr'>ὲφυλάξαμεν,</span> <span class='ocrx_word' id='word_1_429' title='bbox 2904 2790 3316 2862; x_wconf 78' lang='grc' dir='ltr'>μεταλαμϐάνει</span> <span class='ocrx_word' id='word_1_430' title='bbox 3332 2791 3428 2845; x_wconf 82' lang='grc' dir='ltr'><strong>τοῦ</strong></span> <span class='ocrx_word' id='word_1_431' title='bbox 3452 2793 3722 2864; x_wconf 83' lang='grc' dir='ltr'>χείρονος,</span> 
     </span>
    </p>
   </div>
   <div class='ocr_carea' id='block_1_60' title="bbox 2132 2880 3725 2954">
    <p class='ocr_par' dir='ltr' id='par_1_60' title="bbox 2132 2880 3725 2954">
     <span class='ocr_line' id='line_1_60' title="bbox 2132 2880 3725 2954; baseline -0.003 -9"><span class='ocrx_word' id='word_1_432' title='bbox 2132 2881 2230 2951; x_wconf 78' lang='grc' dir='ltr'><strong>τῆς</strong></span> <span class='ocrx_word' id='word_1_433' title='bbox 2264 2881 2541 2953; x_wconf 81' lang='grc' dir='ltr'><strong>ἡμετέρας</strong></span> <span class='ocrx_word' id='word_1_434' title='bbox 2567 2880 2712 2950; x_wconf 79' lang='grc' dir='ltr'>λέγω</span> <span class='ocrx_word' id='word_1_435' title='bbox 2759 2880 2997 2954; x_wconf 88' lang='grc' dir='ltr'>φύσεως,</span> <span class='ocrx_word' id='word_1_436' title='bbox 3042 2881 3131 2936; x_wconf 76' lang='grc' dir='ltr'>ἵνα</span> <span class='ocrx_word' id='word_1_437' title='bbox 3179 2881 3247 2937; x_wconf 76' lang='grc' dir='ltr'><strong>δι’</strong></span> <span class='ocrx_word' id='word_1_438' title='bbox 3297 2883 3498 2938; x_wconf 78' lang='grc' dir='ltr'>ἑαυτοῦ</span> <span class='ocrx_word' id='word_1_439' title='bbox 3539 2887 3638 2940; x_wconf 78' lang='grc' dir='ltr'>καὶ</span> <span class='ocrx_word' id='word_1_440' title='bbox 3667 2888 3725 2940; x_wconf 83' lang='grc' dir='ltr'>ὲν</span> 
     </span>
    </p>
   </div>
   <div class='ocr_carea' id='block_1_61' title="bbox 2135 2971 3718 3043">
    <p class='ocr_par' dir='ltr' id='par_1_61' title="bbox 2135 2971 3718 3043">
     <span class='ocr_line' id='line_1_61' title="bbox 2135 2971 3718 3043; baseline 0.003 -19"><span class='ocrx_word' id='word_1_441' title='bbox 2135 2971 2316 3042; x_wconf 76' lang='grc' dir='ltr'>ἑαυτῷ</span> <span class='ocrx_word' id='word_1_442' title='bbox 2353 2971 2684 3043; x_wconf 84' lang='grc' dir='ltr'>ἀνακαινίσῃ</span> <span class='ocrx_word' id='word_1_443' title='bbox 2745 2972 2845 3040; x_wconf 81' lang='grc' dir='ltr'>μὲν</span> <span class='ocrx_word' id='word_1_444' title='bbox 2900 2976 2960 3025; x_wconf 77' lang='grc' dir='ltr'><strong>τὸ</strong></span> <span class='ocrx_word' id='word_1_445' title='bbox 2999 2971 3122 3026; x_wconf 85' lang='grc' dir='ltr'>κατ’</span> <span class='ocrx_word' id='word_1_446' title='bbox 3182 2973 3392 3038; x_wconf 85' lang='grc' dir='ltr'>εἰκόνα,</span> <span class='ocrx_word' id='word_1_447' title='bbox 3448 2975 3543 3028; x_wconf 78' lang='grc' dir='ltr'><strong>καὶ</strong></span> <span class='ocrx_word' id='word_1_448' title='bbox 3594 2976 3718 3031; x_wconf 82' lang='grc' dir='ltr'>καθ’</span> 
     </span>
    </p>
   </div>
   <div class='ocr_carea' id='block_1_62' title="bbox 2132 3063 3724 3136">
    <p class='ocr_par' dir='ltr' id='par_1_62' title="bbox 2132 3063 3724 3136">
     <span class='ocr_line' id='line_1_62' title="bbox 2132 3063 3724 3136; baseline 0.002 -19"><span class='ocrx_word' id='word_1_449' title='bbox 2132 3065 2416 3134; x_wconf 85' lang='grc' dir='ltr'>ὁμοίωσιν,</span> <span class='ocrx_word' id='word_1_450' title='bbox 2464 3063 2651 3135; x_wconf 82' lang='grc' dir='ltr'><strong>διδάξῃ</strong></span> <span class='ocrx_word' id='word_1_451' title='bbox 2687 3063 2743 3115; x_wconf 81' lang='grc' dir='ltr'>δὲ</span> <span class='ocrx_word' id='word_1_452' title='bbox 2795 3063 2887 3117; x_wconf 79' lang='grc' dir='ltr'><strong>καὶ</strong></span> <span class='ocrx_word' id='word_1_453' title='bbox 2940 3065 3091 3134; x_wconf 80' lang='grc' dir='ltr'>ἡμᾶς</span> <span class='ocrx_word' id='word_1_454' title='bbox 3121 3063 3222 3134; x_wconf 81' lang='grc' dir='ltr'><strong>τὴν</strong></span> <span class='ocrx_word' id='word_1_455' title='bbox 3265 3065 3525 3136; x_wconf 74' lang='grc' dir='ltr'>ἐνάρετον</span> <span class='ocrx_word' id='word_1_456' title='bbox 3569 3067 3724 3120; x_wconf 86' lang='grc' dir='ltr'>πολι-</span> 
     </span>
    </p>
   </div>
   <div class='ocr_carea' id='block_1_63' title="bbox 449 3151 2030 3238">
    <p class='ocr_par' dir='ltr' id='par_1_63' title="bbox 449 3165 2027 3238">
     <span class='ocr_line' id='line_1_63' title="bbox 449 3165 2027 3238; baseline -0.006 -12"><span class='ocrx_word' id='word_1_457' title='bbox 449 3170 802 3237; x_wconf 67' lang='lat' dir='ltr'><strong>praastantius</strong></span> <span class='ocrx_word' id='word_1_458' title='bbox 855 3168 1023 3232; x_wconf 84' lang='lat' dir='ltr'><strong>illud,</strong></span> <span class='ocrx_word' id='word_1_459' title='bbox 1092 3169 1240 3238; x_wconf 88' lang='lat' dir='ltr'><strong>quod</strong></span> <span class='ocrx_word' id='word_1_460' title='bbox 1298 3167 1462 3222; x_wconf 85' lang='lat' dir='ltr'><strong>nobis</strong></span> <span class='ocrx_word' id='word_1_461' title='bbox 1515 3165 1834 3236; x_wconf 85' lang='lat' dir='ltr'><strong>impertitus</strong></span> <span class='ocrx_word' id='word_1_462' title='bbox 1885 3169 2027 3226; x_wconf 88' lang='lat' dir='ltr'><strong>erat,</strong></span> 
     </span>
    </p>
   </div>
   <div class='ocr_carea' id='block_1_64' title="bbox 2135 3151 3720 3238">
    <p class='ocr_par' dir='ltr' id='par_1_64' title="bbox 2135 3151 3720 3225">
     <span class='ocr_line' id='line_1_64' title="bbox 2135 3151 3720 3225; baseline 0.002 -17"><span class='ocrx_word' id='word_1_463' title='bbox 2135 3155 2306 3221; x_wconf 82' lang='grc' dir='ltr'>τείαν,</span> <span class='ocrx_word' id='word_1_464' title='bbox 2339 3154 2545 3223; x_wconf 84' lang='grc' dir='ltr'>ταύτην</span> <span class='ocrx_word' id='word_1_465' title='bbox 2573 3154 2641 3207; x_wconf 87' lang='grc' dir='ltr'><strong>δι’</strong></span> <span class='ocrx_word' id='word_1_466' title='bbox 2671 3151 2868 3207; x_wconf 79' lang='grc' dir='ltr'>ἑαυτοῦ</span> <span class='ocrx_word' id='word_1_467' title='bbox 2893 3154 3129 3225; x_wconf 80' lang='grc' dir='ltr'><strong>ποιήσας</strong></span> <span class='ocrx_word' id='word_1_468' title='bbox 3155 3165 3170 3203; x_wconf 75' lang='grc' dir='ltr'><strong>ι</strong></span> <span class='ocrx_word' id='word_1_469' title='bbox 3201 3157 3337 3224; x_wconf 76' lang='grc' dir='ltr'>ἡμῖν</span> <span class='ocrx_word' id='word_1_470' title='bbox 3369 3156 3720 3223; x_wconf 83' lang='grc' dir='ltr'>εὐεπίϐατον,</span> 
     </span>
    </p>
   </div>
   <div class='ocr_carea' id='block_1_65' title="bbox 451 3253 2030 3327">
    <p class='ocr_par' dir='ltr' id='par_1_65' title="bbox 451 3253 2030 3327">
     <span class='ocr_line' id='line_1_65' title="bbox 451 3253 2030 3327; baseline -0.003 -15"><span class='ocrx_word' id='word_1_471' title='bbox 451 3261 678 3316; x_wconf 88' lang='lat' dir='ltr'><strong>minime</strong></span> <span class='ocrx_word' id='word_1_472' title='bbox 712 3259 1151 3322; x_wconf 71' lang='lat' dir='ltr'><strong>custodivimus.;</strong></span> <span class='ocrx_word' id='word_1_473' title='bbox 1201 3257 1412 3313; x_wconf 88' lang='lat' dir='ltr'><strong>idcirco</strong></span> <span class='ocrx_word' id='word_1_474' title='bbox 1443 3257 1566 3327; x_wconf 79' lang='lat' dir='ltr'><strong>ejus</strong></span> <span class='ocrx_word' id='word_1_475' title='bbox 1603 3256 1749 3326; x_wconf 86' lang='lat' dir='ltr'><strong>quod</strong></span> <span class='ocrx_word' id='word_1_476' title='bbox 1781 3253 2030 3308; x_wconf 85' lang='lat' dir='ltr'><strong>deterius</strong></span> 
     </span>
    </p>
   </div>
   <div class='ocr_carea' id='block_1_66' title="bbox 2139 3245 3716 3320">
    <p class='ocr_par' dir='ltr' id='par_1_66' title="bbox 2139 3245 3716 3320">
     <span class='ocr_line' id='line_1_66' title="bbox 2139 3245 3716 3320; baseline -0.001 -18"><span class='ocrx_word' id='word_1_477' title='bbox 2139 3249 2237 3303; x_wconf 78' lang='grc' dir='ltr'>καὶ</span> <span class='ocrx_word' id='word_1_478' title='bbox 2271 3250 2338 3320; x_wconf 74' lang='grc' dir='ltr'>τῇ</span> <span class='ocrx_word' id='word_1_479' title='bbox 2371 3249 2471 3318; x_wconf 74' lang='grc' dir='ltr'>τῆς</span> <span class='ocrx_word' id='word_1_480' title='bbox 2502 3247 2649 3318; x_wconf 81' lang='grc' dir='ltr'>ζωῆς</span> <span class='ocrx_word' id='word_1_481' title='bbox 2683 3247 2942 3317; x_wconf 75' lang='grc' dir='ltr'>κοινωνίᾳ</span> <span class='ocrx_word' id='word_1_482' title='bbox 2987 3245 3328 3318; x_wconf 74' lang='grc' dir='ltr'>ἐλευθερώσῃ</span> <span class='ocrx_word' id='word_1_483' title='bbox 3353 3247 3453 3317; x_wconf 79' lang='grc' dir='ltr'><strong>τῆς</strong></span> <span class='ocrx_word' id='word_1_484' title='bbox 3485 3247 3716 3318; x_wconf 78' lang='grc' dir='ltr'>φθορᾶς,</span> 
     </span>
    </p>
   </div>
   <div class='ocr_carea' id='block_1_67' title="bbox 449 3337 2030 3420">
    <p class='ocr_par' dir='ltr' id='par_1_67' title="bbox 449 3347 2025 3420">
     <span class='ocr_line' id='line_1_67' title="bbox 449 3347 2025 3420; baseline -0.002 -19"><span class='ocrx_word' id='word_1_485' title='bbox 449 3359 554 3415; x_wconf 86' lang='lat' dir='ltr'><strong>est,</strong></span> <span class='ocrx_word' id='word_1_486' title='bbox 585 3357 788 3405; x_wconf 71' lang='lat' dir='ltr'><strong>nostra:</strong></span> <span class='ocrx_word' id='word_1_487' title='bbox 819 3351 1034 3406; x_wconf 89' lang='lat' dir='ltr'><strong>scilicet</strong></span> <span class='ocrx_word' id='word_1_488' title='bbox 1059 3358 1294 3414; x_wconf 66' lang='lat' dir='ltr'><strong>naturae,</strong></span> <span class='ocrx_word' id='word_1_489' title='bbox 1335 3350 1614 3420; x_wconf 84' lang='lat' dir='ltr'><strong>particeps</strong></span> <span class='ocrx_word' id='word_1_490' title='bbox 1653 3348 1772 3418; x_wconf 88' lang='lat' dir='ltr'><strong>ipse</strong></span> <span class='ocrx_word' id='word_1_491' title='bbox 1823 3347 1905 3410; x_wconf 86' lang='lat' dir='ltr'><strong>lit,</strong></span> <span class='ocrx_word' id='word_1_492' title='bbox 1965 3354 2025 3400; x_wconf 88' lang='lat' dir='ltr'><strong>ut</strong></span> 
     </span>
    </p>
   </div>
   <div class='ocr_carea' id='block_1_68' title="bbox 2135 3337 3715 3420">
    <p class='ocr_par' dir='ltr' id='par_1_68' title="bbox 2135 3337 3715 3410">
     <span class='ocr_line' id='line_1_68' title="bbox 2135 3337 3715 3410; baseline -0.004 -14"><span class='ocrx_word' id='word_1_493' title='bbox 2135 3339 2364 3410; x_wconf 78' lang='grc' dir='ltr'><strong>ἀπαρχὴ</strong></span> <span class='ocrx_word' id='word_1_494' title='bbox 2421 3339 2713 3408; x_wconf 88' lang='grc' dir='ltr'>γενόμενος</span> <span class='ocrx_word' id='word_1_495' title='bbox 2771 3338 2869 3409; x_wconf 84' lang='grc' dir='ltr'>τῆς</span> <span class='ocrx_word' id='word_1_496' title='bbox 2918 3337 3080 3408; x_wconf 79' lang='grc' dir='ltr'>ἡμῶν</span> <span class='ocrx_word' id='word_1_497' title='bbox 3121 3337 3484 3400; x_wconf 84' lang='grc' dir='ltr'>ἀναστάσεως,</span> <span class='ocrx_word' id='word_1_498' title='bbox 3531 3337 3626 3390; x_wconf 60' lang='grc' dir='ltr'><strong>καί¹</strong></span> <span class='ocrx_word' id='word_1_499' title='bbox 3653 3337 3715 3390; x_wconf 84' lang='grc' dir='ltr'>τὸ</span> 
     </span>
    </p>
   </div>
   <div class='ocr_carea' id='block_1_69' title="bbox 453 3440 2020 3513">
    <p class='ocr_par' dir='ltr' id='par_1_69' title="bbox 453 3440 2020 3513">
     <span class='ocr_line' id='line_1_69' title="bbox 453 3440 2020 3513; baseline -0.001 -19"><span class='ocrx_word' id='word_1_500' title='bbox 453 3457 546 3510; x_wconf 85' lang='lat' dir='ltr'><strong>per</strong></span> <span class='ocrx_word' id='word_1_501' title='bbox 577 3456 639 3496; x_wconf 85' lang='lat' dir='ltr'><strong>se</strong></span> <span class='ocrx_word' id='word_1_502' title='bbox 669 3441 890 3511; x_wconf 84' lang='lat' dir='ltr'><strong>quidem</strong></span> <span class='ocrx_word' id='word_1_503' title='bbox 921 3451 978 3498; x_wconf 86' lang='lat' dir='ltr'><strong>ct</strong></span> <span class='ocrx_word' id='word_1_504' title='bbox 1017 3443 1071 3498; x_wconf 91' lang='lat' dir='ltr'><strong>in</strong></span> <span class='ocrx_word' id='word_1_505' title='bbox 1105 3458 1166 3498; x_wconf 82' lang='lat' dir='ltr'><strong>se</strong></span> <span class='ocrx_word' id='word_1_506' title='bbox 1218 3441 1474 3513; x_wconf 79' lang='lat' dir='ltr'><strong>imaginis</strong></span> <span class='ocrx_word' id='word_1_507' title='bbox 1525 3440 2020 3510; x_wconf 87' lang='lat' dir='ltr'><strong>similitudinisque</strong></span> 
     </span>
    </p>
   </div>
   <div class='ocr_carea' id='block_1_70' title="bbox 451 3533 2030 3601">
    <p class='ocr_par' dir='ltr' id='par_1_70' title="bbox 451 3533 2030 3601">
     <span class='ocr_line' id='line_1_70' title="bbox 451 3533 2030 3601; baseline 0 -17"><span class='ocrx_word' id='word_1_508' title='bbox 451 3533 707 3588; x_wconf 87' lang='lat' dir='ltr'><strong>decorem</strong></span> <span class='ocrx_word' id='word_1_509' title='bbox 737 3533 1008 3591; x_wconf 87' lang='lat' dir='ltr'><strong>instauret</strong></span> <span class='ocrx_word' id='word_1_510' title='bbox 1036 3575 1052 3601; x_wconf 90' lang='lat'><strong>,</strong></span> <span class='ocrx_word' id='word_1_511' title='bbox 1085 3551 1193 3592; x_wconf 81' lang='lat' dir='ltr'><strong>nos</strong></span> <span class='ocrx_word' id='word_1_512' title='bbox 1246 3551 1379 3592; x_wconf 78' lang='lat' dir='ltr'><strong>vero</strong></span> <span class='ocrx_word' id='word_1_513' title='bbox 1422 3534 1726 3590; x_wconf 82' lang='lat' dir='ltr'><strong>virtutibus</strong></span> <span class='ocrx_word' id='word_1_514' title='bbox 1779 3539 2030 3587; x_wconf 79' lang='lat' dir='ltr'><strong>ornatam</strong></span> 
     </span>
    </p>
   </div>
   <div class='ocr_carea' id='block_1_71' title="bbox 453 3621 2033 3696">
    <p class='ocr_par' dir='ltr' id='par_1_71' title="bbox 453 3621 2033 3696">
     <span class='ocr_line' id='line_1_71' title="bbox 453 3621 2033 3696; baseline -0.002 -20"><span class='ocrx_word' id='word_1_515' title='bbox 453 3621 679 3692; x_wconf 77' lang='lat' dir='ltr'><strong>agendae</strong></span> <span class='ocrx_word' id='word_1_516' title='bbox 706 3624 832 3678; x_wconf 73' lang='lat' dir='ltr'><strong>vita:</strong></span> <span class='ocrx_word' id='word_1_517' title='bbox 854 3625 1148 3688; x_wconf 85' lang='lat' dir='ltr'><strong>rationem,</strong></span> <span class='ocrx_word' id='word_1_518' title='bbox 1176 3640 1274 3696; x_wconf 89' lang='lat' dir='ltr'><strong>per</strong></span> <span class='ocrx_word' id='word_1_519' title='bbox 1319 3641 1378 3681; x_wconf 90' lang='lat' dir='ltr'><strong>se</strong></span> <span class='ocrx_word' id='word_1_520' title='bbox 1401 3624 1563 3680; x_wconf 89' lang='lat' dir='ltr'><strong>nobis</strong></span> <span class='ocrx_word' id='word_1_521' title='bbox 1611 3623 1772 3678; x_wconf 80' lang='lat' dir='ltr'><strong>facile</strong></span> <span class='ocrx_word' id='word_1_522' title='bbox 1827 3622 1894 3677; x_wconf 88' lang='lat' dir='ltr'><strong>ad</strong></span> <span class='ocrx_word' id='word_1_523' title='bbox 1914 3637 2033 3676; x_wconf 84' lang='lat' dir='ltr'><strong>eam</strong></span> 
     </span>
    </p>
   </div>
   <div class='ocr_carea' id='block_1_72' title="bbox 455 3713 2034 3789">
    <p class='ocr_par' dir='ltr' id='par_1_72' title="bbox 455 3713 2034 3789">
     <span class='ocr_line' id='line_1_72' title="bbox 455 3713 2034 3789; baseline -0.002 -21"><span class='ocrx_word' id='word_1_524' title='bbox 455 3716 560 3770; x_wconf 87' lang='lat' dir='ltr'><strong>iter</strong></span> <span class='ocrx_word' id='word_1_525' title='bbox 595 3717 875 3782; x_wconf 85' lang='lat' dir='ltr'><strong>muniens,</strong></span> <span class='ocrx_word' id='word_1_526' title='bbox 913 3719 1166 3785; x_wconf 85' lang='lat' dir='ltr'><strong>edoceat,</strong></span> <span class='ocrx_word' id='word_1_527' title='bbox 1195 3733 1260 3774; x_wconf 92' lang='lat' dir='ltr'><strong>ac</strong></span> <span class='ocrx_word' id='word_1_528' title='bbox 1292 3733 1394 3789; x_wconf 86' lang='lat' dir='ltr'><strong>per</strong></span> <span class='ocrx_word' id='word_1_529' title='bbox 1427 3718 1548 3773; x_wconf 73' lang='lat' dir='ltr'><strong>vita:</strong></span> <span class='ocrx_word' id='word_1_530' title='bbox 1577 3713 2034 3772; x_wconf 78' lang='lat' dir='ltr'><strong>communicatio-</strong></span> 
     </span>
    </p>
   </div>
   <div class='ocr_carea' id='block_1_73' title="bbox 456 3803 2036 3892">
    <p class='ocr_par' dir='ltr' id='par_1_73' title="bbox 456 3803 2036 3892">
     <span class='ocr_line' id='line_1_73' title="bbox 456 3803 2036 3892; baseline -0.001 -34"><span class='ocrx_word' id='word_1_531' title='bbox 456 3822 578 3860; x_wconf 89' lang='lat' dir='ltr'><strong>nem</strong></span> <span class='ocrx_word' id='word_1_532' title='bbox 609 3806 677 3860; x_wconf 91' lang='lat' dir='ltr'><strong>ab</strong></span> <span class='ocrx_word' id='word_1_533' title='bbox 701 3806 925 3862; x_wconf 86' lang='lat' dir='ltr'><strong>interitu</strong></span> <span class='ocrx_word' id='word_1_534' title='bbox 971 3808 1236 3892; x_wconf 78' lang='lat' dir='ltr'><strong>vindicet,</strong></span> <span class='ocrx_word' id='word_1_535' title='bbox 1272 3807 1446 3863; x_wconf 83' lang='lat' dir='ltr'><strong>factus</strong></span> <span class='ocrx_word' id='word_1_536' title='bbox 1480 3808 1596 3877; x_wconf 91' lang='lat' dir='ltr'><strong>ipse</strong></span> <span class='ocrx_word' id='word_1_537' title='bbox 1645 3803 1905 3877; x_wconf 66' lang='lat' dir='ltr'><strong>primitiae</strong></span> <span class='ocrx_word' id='word_1_538' title='bbox 1935 3817 2036 3857; x_wconf 82' lang='lat' dir='ltr'><strong>no-</strong></span> 
     </span>
    </p>
   </div>
   <div class='ocr_carea' id='block_1_74' title="bbox 2138 3428 3718 3502">
    <p class='ocr_par' dir='ltr' id='par_1_74' title="bbox 2138 3428 3718 3502">
     <span class='ocr_line' id='line_1_74' title="bbox 2138 3428 3718 3502; baseline -0.001 -18"><span class='ocrx_word' id='word_1_539' title='bbox 2138 3429 2440 3502; x_wconf 76' lang='grc' dir='ltr'>ἀχρειωθὲν</span> <span class='ocrx_word' id='word_1_540' title='bbox 2462 3429 2554 3483; x_wconf 75' lang='grc' dir='ltr'><strong>καὶ</strong></span> <span class='ocrx_word' id='word_1_541' title='bbox 2579 3428 2864 3500; x_wconf 69' lang='grc' dir='ltr'>συπριὸὲν</span> <span class='ocrx_word' id='word_1_542' title='bbox 2893 3429 3089 3493; x_wconf 81' lang='grc' dir='ltr'>σκεῦος</span> <span class='ocrx_word' id='word_1_543' title='bbox 3121 3429 3466 3500; x_wconf 81' lang='grc' dir='ltr'>ἀνακαινὶσῃ,</span> <span class='ocrx_word' id='word_1_544' title='bbox 3499 3429 3588 3482; x_wconf 74' lang='grc' dir='ltr'><strong>ἵνα</strong></span> <span class='ocrx_word' id='word_1_545' title='bbox 3617 3429 3718 3499; x_wconf 79' lang='grc' dir='ltr'><strong>τῆς</strong></span> 
     </span>
    </p>
   </div>
   <div class='ocr_carea' id='block_1_75' title="bbox 2136 3521 3726 3596">
    <p class='ocr_par' dir='ltr' id='par_1_75' title="bbox 2136 3521 3726 3596">
     <span class='ocr_line' id='line_1_75' title="bbox 2136 3521 3726 3596; baseline -0.002 -18"><span class='ocrx_word' id='word_1_546' title='bbox 2136 3523 2460 3596; x_wconf 82' lang='grc' dir='ltr'>τυραννίδος</span> <span class='ocrx_word' id='word_1_547' title='bbox 2487 3523 2582 3578; x_wconf 82' lang='grc' dir='ltr'><strong>τοῦ</strong></span> <span class='ocrx_word' id='word_1_548' title='bbox 2617 3523 2871 3578; x_wconf 76' lang='grc' dir='ltr'>διαϐόλου</span> <span class='ocrx_word' id='word_1_549' title='bbox 2901 3521 3284 3596; x_wconf 82' lang='grc' dir='ltr'>λυτρώσηται,</span> <span class='ocrx_word' id='word_1_550' title='bbox 3317 3523 3454 3593; x_wconf 80' lang='grc' dir='ltr'>πρὸς</span> <span class='ocrx_word' id='word_1_551' title='bbox 3488 3522 3726 3592; x_wconf 79' lang='grc' dir='ltr'>θεογνω-</span> 
     </span>
    </p>
   </div>
   <div class='ocr_carea' id='block_1_76' title="bbox 2142 3612 3728 3687">
    <p class='ocr_par' dir='ltr' id='par_1_76' title="bbox 2142 3612 3728 3687">
     <span class='ocr_line' id='line_1_76' title="bbox 2142 3612 3728 3687; baseline -0.001 -19"><span class='ocrx_word' id='word_1_552' title='bbox 2142 3615 2265 3670; x_wconf 87' lang='grc' dir='ltr'>σίαν</span> <span class='ocrx_word' id='word_1_553' title='bbox 2295 3617 2445 3686; x_wconf 77' lang='grc' dir='ltr'><strong>ἡμᾶς</strong></span> <span class='ocrx_word' id='word_1_554' title='bbox 2483 3615 2745 3682; x_wconf 79' lang='grc' dir='ltr'>καλέσας,</span> <span class='ocrx_word' id='word_1_555' title='bbox 2778 3617 2873 3669; x_wconf 77' lang='grc' dir='ltr'><strong>καὶ</strong></span> <span class='ocrx_word' id='word_1_556' title='bbox 2898 3613 3149 3687; x_wconf 84' lang='grc' dir='ltr'>νευρώσῃ</span> <span class='ocrx_word' id='word_1_557' title='bbox 3173 3655 3189 3682; x_wconf 85' lang='grc'><strong>,</strong></span> <span class='ocrx_word' id='word_1_558' title='bbox 3221 3617 3315 3670; x_wconf 68' lang='grc' dir='ltr'><strong>καὶ</strong></span> <span class='ocrx_word' id='word_1_559' title='bbox 3350 3613 3621 3686; x_wconf 74' lang='grc' dir='ltr'>παιδεύσῃ</span> <span class='ocrx_word' id='word_1_560' title='bbox 3658 3612 3728 3668; x_wconf 88' lang='grc' dir='ltr'><strong>δι’</strong></span> 
     </span>
    </p>
   </div>
   <div class='ocr_carea' id='block_1_77' title="bbox 2143 3707 3728 3784">
    <p class='ocr_par' dir='ltr' id='par_1_77' title="bbox 2143 3707 3728 3784">
     <span class='ocr_line' id='line_1_77' title="bbox 2143 3707 3728 3784; baseline 0.002 -24"><span class='ocrx_word' id='word_1_561' title='bbox 2143 3707 2423 3780; x_wconf 79' lang='grc' dir='ltr'>ὑπομονῆς</span> <span class='ocrx_word' id='word_1_562' title='bbox 2457 3709 2552 3763; x_wconf 71' lang='grc' dir='ltr'><strong>καὶ</strong></span> <span class='ocrx_word' id='word_1_563' title='bbox 2580 3709 2964 3776; x_wconf 81' lang='grc' dir='ltr'>ταπεινώσεως</span> <span class='ocrx_word' id='word_1_564' title='bbox 2986 3712 3388 3768; x_wconf 83' lang='grc' dir='ltr'>καταπαλαίειν</span> <span class='ocrx_word' id='word_1_565' title='bbox 3411 3712 3502 3766; x_wconf 78' lang='grc' dir='ltr'>τὸν</span> <span class='ocrx_word' id='word_1_566' title='bbox 3528 3710 3728 3784; x_wconf 78' lang='grc' dir='ltr'>τύραν·</span> 
     </span>
    </p>
   </div>
   <div class='ocr_carea' id='block_1_78' title="bbox 2141 3818 2250 3855">
    <p class='ocr_par' dir='ltr' id='par_1_78' title="bbox 2141 3818 2250 3855">
     <span class='ocr_line' id='line_1_78' title="bbox 2141 3818 2250 3855; baseline 0.009 -1"><span class='ocrx_word' id='word_1_567' title='bbox 2141 3818 2250 3855; x_wconf 90' lang='grc' dir='ltr'>νον.</span> 
     </span>
    </p>
   </div>
   <div class='ocr_carea' id='block_1_79' title="bbox 408 3889 3731 3967">
    <p class='ocr_par' dir='ltr' id='par_1_79' title="bbox 408 3889 3731 3967">
     <span class='ocr_line' id='line_1_79' title="bbox 408 3889 3731 3967; baseline 0.001 -18"><span class='ocrx_word' id='word_1_568' title='bbox 408 3889 412 3894; x_wconf 79' lang='grc'><em>’</em></span> <span class='ocrx_word' id='word_1_569' title='bbox 456 3905 587 3950; x_wconf 67' lang='lat' dir='ltr'><strong>strue</strong></span> <span class='ocrx_word' id='word_1_570' title='bbox 610 3897 1056 3960; x_wconf 81' lang='lat' dir='ltr'><strong>resurrectionis,</strong></span> <span class='ocrx_word' id='word_1_571' title='bbox 1093 3889 1255 3967; x_wconf 78' lang='lat' dir='ltr'><strong>atque</strong></span> <span class='ocrx_word' id='word_1_572' title='bbox 1283 3899 1544 3952; x_wconf 83' lang='lat' dir='ltr'><strong>innovate</strong></span> <span class='ocrx_word' id='word_1_573' title='bbox 1574 3910 1706 3950; x_wconf 88' lang='lat' dir='ltr'><strong>vase</strong></span> <span class='ocrx_word' id='word_1_574' title='bbox 1759 3892 1905 3964; x_wconf 87' lang='lat' dir='ltr'><strong>quod</strong></span> <span class='ocrx_word' id='word_1_575' title='bbox 1942 3890 2210 3946; x_wconf 82' lang='lat' dir='ltr'><strong>obtritum</strong></span> <span class='ocrx_word' id='word_1_576' title='bbox 2281 3896 2334 3944; x_wconf 91' lang='lat' dir='ltr'><strong>ct</strong></span> <span class='ocrx_word' id='word_1_577' title='bbox 2369 3890 2562 3945; x_wconf 84' lang='lat' dir='ltr'><strong>inutile</strong></span> <span class='ocrx_word' id='word_1_578' title='bbox 2623 3889 2898 3946; x_wconf 87' lang='lat' dir='ltr'><strong>redditum</strong></span> <span class='ocrx_word' id='word_1_579' title='bbox 2967 3891 3171 3962; x_wconf 82' lang='lat' dir='ltr'><strong>fuerat,</strong></span> <span class='ocrx_word' id='word_1_580' title='bbox 3245 3910 3347 3951; x_wconf 89' lang='lat' dir='ltr'><strong>nos</strong></span> <span class='ocrx_word' id='word_1_581' title='bbox 3402 3895 3630 3952; x_wconf 89' lang='lat' dir='ltr'><strong>demum</strong></span> <span class='ocrx_word' id='word_1_582' title='bbox 3664 3896 3731 3951; x_wconf 87' lang='lat' dir='ltr'><strong>ad</strong></span> 
     </span>
    </p>
   </div>
   <div class='ocr_carea' id='block_1_80' title="bbox 457 3983 3734 4061">
    <p class='ocr_par' dir='ltr' id='par_1_80' title="bbox 457 3983 3734 4061">
     <span class='ocr_line' id='line_1_80' title="bbox 457 3983 3734 4061; baseline -0 -16"><span class='ocrx_word' id='word_1_583' title='bbox 457 3993 542 4046; x_wconf 86' lang='lat' dir='ltr'><strong>sui</strong></span> <span class='ocrx_word' id='word_1_584' title='bbox 573 3990 945 4061; x_wconf 81' lang='lat' dir='ltr'><strong>cognitionem</strong></span> <span class='ocrx_word' id='word_1_585' title='bbox 993 4002 1222 4045; x_wconf 89' lang='lat' dir='ltr'><strong>vocante</strong></span> <span class='ocrx_word' id='word_1_586' title='bbox 1253 3989 1386 4055; x_wconf 86' lang='lat' dir='ltr'><strong>Deo,</strong></span> <span class='ocrx_word' id='word_1_587' title='bbox 1418 4006 1446 4043; x_wconf 90' lang='lat' dir='ltr'><strong>a</strong></span> <span class='ocrx_word' id='word_1_588' title='bbox 1484 3989 1690 4044; x_wconf 88' lang='lat' dir='ltr'><strong>diaboli</strong></span> <span class='ocrx_word' id='word_1_589' title='bbox 1751 3985 2046 4059; x_wconf 87' lang='lat' dir='ltr'><strong>tyrannide</strong></span> <span class='ocrx_word' id='word_1_590' title='bbox 2079 3992 2320 4056; x_wconf 88' lang='lat' dir='ltr'><strong>ereptos,</strong></span> <span class='ocrx_word' id='word_1_591' title='bbox 2372 3983 2723 4054; x_wconf 87' lang='lat' dir='ltr'><strong>corroboret,</strong></span> <span class='ocrx_word' id='word_1_592' title='bbox 2754 3997 2809 4043; x_wconf 90' lang='lat' dir='ltr'><strong>et</strong></span> <span class='ocrx_word' id='word_1_593' title='bbox 2853 4002 2950 4058; x_wconf 89' lang='lat' dir='ltr'><strong>per</strong></span> <span class='ocrx_word' id='word_1_594' title='bbox 3011 3989 3335 4059; x_wconf 77' lang='lat' dir='ltr'><strong>patientiam</strong></span> <span class='ocrx_word' id='word_1_595' title='bbox 3389 3997 3445 4044; x_wconf 90' lang='lat' dir='ltr'><strong>et</strong></span> <span class='ocrx_word' id='word_1_596' title='bbox 3501 3989 3734 4046; x_wconf 84' lang='lat' dir='ltr'><strong>humili-</strong></span> 
     </span>
    </p>
   </div>
   <div class='ocr_carea' id='block_1_81' title="bbox 457 4077 2382 4151">
    <p class='ocr_par' dir='ltr' id='par_1_81' title="bbox 457 4077 2382 4151">
     <span class='ocr_line' id='line_1_81' title="bbox 457 4077 2382 4151; baseline -0.002 -15"><span class='ocrx_word' id='word_1_597' title='bbox 457 4091 622 4138; x_wconf 80' lang='lat' dir='ltr'><strong>tatem</strong></span> <span class='ocrx_word' id='word_1_598' title='bbox 683 4082 755 4137; x_wconf 90' lang='lat' dir='ltr'><strong>ad</strong></span> <span class='ocrx_word' id='word_1_599' title='bbox 800 4081 1182 4138; x_wconf 89' lang='lat' dir='ltr'><strong>debellandum</strong></span> <span class='ocrx_word' id='word_1_600' title='bbox 1240 4081 1681 4150; x_wconf 85' lang='lat' dir='ltr'><strong>vincendnmque</strong></span> <span class='ocrx_word' id='word_1_601' title='bbox 1730 4088 2027 4151; x_wconf 81' lang='lat' dir='ltr'><strong>tyrannum</strong></span> <span class='ocrx_word' id='word_1_602' title='bbox 2065 4078 2283 4136; x_wconf 81' lang='lat' dir='ltr'><strong>erudiat</strong></span> <span class='ocrx_word' id='word_1_603' title='bbox 2317 4077 2382 4133; x_wconf 75' lang='grc'><strong>³⁵.</strong></span> 
     </span>
    </p>
   </div>
   <div class='ocr_carea' id='block_1_82' title="bbox 527 4176 2038 4248">
    <p class='ocr_par' dir='ltr' id='par_1_82' title="bbox 527 4176 2038 4248">
     <span class='ocr_line' id='line_1_82' title="bbox 527 4176 2038 4248; baseline -0.002 -15"><span class='ocrx_word' id='word_1_604' title='bbox 527 4180 662 4246; x_wconf 79' lang='lat' dir='ltr'><strong>Qua:</strong></span> <span class='ocrx_word' id='word_1_605' title='bbox 728 4195 820 4248; x_wconf 82' lang='lat' dir='ltr'><strong>per</strong></span> <span class='ocrx_word' id='word_1_606' title='bbox 881 4179 1302 4233; x_wconf 73' lang='lat' dir='ltr'><strong>incarnationem</strong></span> <span class='ocrx_word' id='word_1_607' title='bbox 1357 4179 1599 4246; x_wconf 76' lang='lat' dir='ltr'><strong>prwstita</strong></span> <span class='ocrx_word' id='word_1_608' title='bbox 1664 4179 1792 4232; x_wconf 79' lang='lat' dir='ltr'><strong>sint.</strong></span> <span class='ocrx_word' id='word_1_609' title='bbox 1851 4176 2038 4233; x_wconf 77' lang='lat' dir='ltr'><strong>Crucis</strong></span> 
     </span>
    </p>
   </div>
   <div class='ocr_carea' id='block_1_83' title="bbox 459 4268 2038 4339">
    <p class='ocr_par' dir='ltr' id='par_1_83' title="bbox 459 4268 2038 4339">
     <span class='ocr_line' id='line_1_83' title="bbox 459 4268 2038 4339; baseline -0.002 -14"><span class='ocrx_word' id='word_1_610' title='bbox 459 4271 657 4325; x_wconf 76' lang='lat' dir='ltr'><strong>Christi</strong></span> <span class='ocrx_word' id='word_1_611' title='bbox 715 4270 812 4324; x_wconf 83' lang='lat' dir='ltr'><strong>vis.</strong></span> <span class='ocrx_word' id='word_1_612' title='bbox 853 4268 1001 4324; x_wconf 78' lang='lat' dir='ltr'><strong>Mors</strong></span> <span class='ocrx_word' id='word_1_613' title='bbox 1027 4286 1120 4339; x_wconf 86' lang='lat' dir='ltr'><strong>per</strong></span> <span class='ocrx_word' id='word_1_614' title='bbox 1185 4269 1388 4324; x_wconf 79' lang='lat' dir='ltr'><strong>Christi</strong></span> <span class='ocrx_word' id='word_1_615' title='bbox 1440 4285 1647 4322; x_wconf 86' lang='lat' dir='ltr'><strong>crucem</strong></span> <span class='ocrx_word' id='word_1_616' title='bbox 1705 4270 1889 4322; x_wconf 83' lang='lat' dir='ltr'><strong>utilior</strong></span> <span class='ocrx_word' id='word_1_617' title='bbox 1931 4269 2038 4322; x_wconf 85' lang='lat' dir='ltr'><strong>vita</strong></span> 
     </span>
    </p>
   </div>
   <div class='ocr_carea' id='block_1_84' title="bbox 458 4356 2038 4414">
    <p class='ocr_par' dir='ltr' id='par_1_84' title="bbox 458 4356 2038 4414">
     <span class='ocr_line' id='line_1_84' title="bbox 458 4356 2038 4414; baseline 0.001 -2"><span class='ocrx_word' id='word_1_618' title='bbox 458 4358 688 4414; x_wconf 81' lang='lat' dir='ltr'><strong>reddita.</strong></span> <span class='ocrx_word' id='word_1_619' title='bbox 729 4386 795 4397; x_wconf 89' lang='lat'><strong>—</strong></span> <span class='ocrx_word' id='word_1_620' title='bbox 833 4357 1126 4413; x_wconf 83' lang='lat' dir='ltr'><strong>Enimvero</strong></span> <span class='ocrx_word' id='word_1_621' title='bbox 1185 4359 1368 4412; x_wconf 89' lang='lat' dir='ltr'><strong>cultus</strong></span> <span class='ocrx_word' id='word_1_622' title='bbox 1459 4362 1765 4411; x_wconf 62' lang='lat' dir='ltr'><strong>daemonum</strong></span> <span class='ocrx_word' id='word_1_623' title='bbox 1825 4356 2038 4413; x_wconf 87' lang='lat' dir='ltr'><strong>desiit:</strong></span> 
     </span>
    </p>
   </div>
   <div class='ocr_carea' id='block_1_85' title="bbox 458 4450 2041 4506">
    <p class='ocr_par' dir='ltr' id='par_1_85' title="bbox 458 4450 2041 4506">
     <span class='ocr_line' id='line_1_85' title="bbox 458 4450 2041 4506; baseline -0.001 0"><span class='ocrx_word' id='word_1_624' title='bbox 458 4459 711 4506; x_wconf 86' lang='lat' dir='ltr'><strong>creatura</strong></span> <span class='ocrx_word' id='word_1_625' title='bbox 789 4465 854 4506; x_wconf 74' lang='lat' dir='ltr'><strong>ex</strong></span> <span class='ocrx_word' id='word_1_626' title='bbox 943 4451 1136 4506; x_wconf 64' lang='lat' dir='ltr'><strong>divino</strong></span> <span class='ocrx_word' id='word_1_627' title='bbox 1211 4465 1410 4506; x_wconf 83' lang='lat' dir='ltr'><strong>cruore</strong></span> <span class='ocrx_word' id='word_1_628' title='bbox 1477 4450 1828 4506; x_wconf 87' lang='lat' dir='ltr'><strong>sanctitatem</strong></span> <span class='ocrx_word' id='word_1_629' title='bbox 1905 4463 2041 4504; x_wconf 61' lang='lat' dir='ltr'><strong>conv</strong></span> 
     </span>
    </p>
   </div>
   <div class='ocr_carea' id='block_1_86' title="bbox 457 4541 2039 4614">
    <p class='ocr_par' dir='ltr' id='par_1_86' title="bbox 457 4541 2039 4614">
     <span class='ocr_line' id='line_1_86' title="bbox 457 4541 2039 4614; baseline -0.001 -18"><span class='ocrx_word' id='word_1_630' title='bbox 457 4544 664 4606; x_wconf 75' lang='lat' dir='ltr'><strong>traxit:</strong></span> <span class='ocrx_word' id='word_1_631' title='bbox 699 4558 808 4597; x_wconf 72' lang='lat' dir='ltr'><strong>ara:</strong></span> <span class='ocrx_word' id='word_1_632' title='bbox 835 4545 1143 4614; x_wconf 78' lang='lat' dir='ltr'><strong>templaque</strong></span> <span class='ocrx_word' id='word_1_633' title='bbox 1191 4544 1462 4608; x_wconf 79' lang='lat' dir='ltr'><strong>idolorum</strong></span> <span class='ocrx_word' id='word_1_634' title='bbox 1495 4543 1674 4598; x_wconf 80' lang='lat' dir='ltr'><strong>diruta</strong></span> <span class='ocrx_word' id='word_1_635' title='bbox 1727 4549 1855 4596; x_wconf 88' lang='lat' dir='ltr'><strong>sunt</strong></span> <span class='ocrx_word' id='word_1_636' title='bbox 1887 4559 1900 4595; x_wconf 90' lang='lat'><strong>:</strong></span> <span class='ocrx_word' id='word_1_637' title='bbox 1948 4541 2039 4595; x_wconf 86' lang='lat' dir='ltr'><strong>Dei</strong></span> 
     </span>
    </p>
   </div>
   <div class='ocr_carea' id='block_1_87' title="bbox 460 4634 2042 4706">
    <p class='ocr_par' dir='ltr' id='par_1_87' title="bbox 460 4634 2042 4706">
     <span class='ocr_line' id='line_1_87' title="bbox 460 4634 2042 4706; baseline 0.001 -18"><span class='ocrx_word' id='word_1_638' title='bbox 460 4635 701 4706; x_wconf 77' lang='lat' dir='ltr'><strong>cognitio</strong></span> <span class='ocrx_word' id='word_1_639' title='bbox 758 4636 812 4689; x_wconf 93' lang='lat' dir='ltr'><strong>in</strong></span> <span class='ocrx_word' id='word_1_640' title='bbox 838 4637 1036 4691; x_wconf 88' lang='lat' dir='ltr'><strong>animis</strong></span> <span class='ocrx_word' id='word_1_641' title='bbox 1083 4636 1365 4691; x_wconf 87' lang='lat' dir='ltr'><strong>hominum</strong></span> <span class='ocrx_word' id='word_1_642' title='bbox 1411 4635 1622 4691; x_wconf 88' lang='lat' dir='ltr'><strong>insita:</strong></span> <span class='ocrx_word' id='word_1_643' title='bbox 1671 4634 2042 4690; x_wconf 85' lang='lat' dir='ltr'><strong>consubstan-</strong></span> 
     </span>
    </p>
   </div>
   <div class='ocr_carea' id='block_1_88' title="bbox 462 4725 2040 4794">
    <p class='ocr_par' dir='ltr' id='par_1_88' title="bbox 462 4725 2040 4794">
     <span class='ocr_line' id='line_1_88' title="bbox 462 4725 2040 4794; baseline 0.001 -16"><span class='ocrx_word' id='word_1_644' title='bbox 462 4726 609 4781; x_wconf 86' lang='lat' dir='ltr'><strong>tialis</strong></span> <span class='ocrx_word' id='word_1_645' title='bbox 626 4725 890 4791; x_wconf 87' lang='lat' dir='ltr'><strong>Trinitas.</strong></span> <span class='ocrx_word' id='word_1_646' title='bbox 916 4727 1161 4782; x_wconf 89' lang='lat' dir='ltr'><strong>increata</strong></span> <span class='ocrx_word' id='word_1_647' title='bbox 1203 4728 1405 4782; x_wconf 90' lang='lat' dir='ltr'><strong>colitur</strong></span> <span class='ocrx_word' id='word_1_648' title='bbox 1421 4727 1718 4794; x_wconf 83' lang='lat' dir='ltr'><strong>divinitas;</strong></span> <span class='ocrx_word' id='word_1_649' title='bbox 1751 4743 1917 4791; x_wconf 87' lang='lat' dir='ltr'><strong>unus,</strong></span> <span class='ocrx_word' id='word_1_650' title='bbox 1953 4727 2040 4783; x_wconf 80' lang='lat' dir='ltr'><strong>in-</strong></span> 
     </span>
    </p>
   </div>
   <div class='ocr_carea' id='block_1_89' title="bbox 463 4816 2041 4885">
    <p class='ocr_par' dir='ltr' id='par_1_89' title="bbox 463 4816 2041 4885">
     <span class='ocr_line' id='line_1_89' title="bbox 463 4816 2041 4885; baseline 0.002 -16"><span class='ocrx_word' id='word_1_651' title='bbox 463 4832 652 4885; x_wconf 80' lang='lat' dir='ltr'><strong>quam,</strong></span> <span class='ocrx_word' id='word_1_652' title='bbox 714 4816 858 4871; x_wconf 85' lang='lat' dir='ltr'><strong>Deus</strong></span> <span class='ocrx_word' id='word_1_653' title='bbox 937 4833 1124 4879; x_wconf 80' lang='lat' dir='ltr'><strong>verus,</strong></span> <span class='ocrx_word' id='word_1_654' title='bbox 1202 4819 1584 4874; x_wconf 87' lang='lat' dir='ltr'><strong>universorum</strong></span> <span class='ocrx_word' id='word_1_655' title='bbox 1646 4818 1901 4872; x_wconf 83' lang='lat' dir='ltr'><strong>conditor</strong></span> <span class='ocrx_word' id='word_1_656' title='bbox 1979 4833 2041 4872; x_wconf 88' lang='lat' dir='ltr'><strong>ac</strong></span> 
     </span>
    </p>
   </div>
   <div class='ocr_carea' id='block_1_90' title="bbox 464 4909 2036 4975">
    <p class='ocr_par' dir='ltr' id='par_1_90' title="bbox 464 4909 2036 4975">
     <span class='ocr_line' id='line_1_90' title="bbox 464 4909 2036 4975; baseline 0 -12"><span class='ocrx_word' id='word_1_657' title='bbox 464 4909 784 4975; x_wconf 87' lang='lat' dir='ltr'><strong>Dominus;</strong></span> <span class='ocrx_word' id='word_1_658' title='bbox 848 4909 1082 4964; x_wconf 85' lang='lat' dir='ltr'><strong>virtutes</strong></span> <span class='ocrx_word' id='word_1_659' title='bbox 1147 4909 1332 4964; x_wconf 87' lang='lat' dir='ltr'><strong>studio</strong></span> <span class='ocrx_word' id='word_1_660' title='bbox 1372 4919 1548 4963; x_wconf 89' lang='lat' dir='ltr'><strong>sunt:</strong></span> <span class='ocrx_word' id='word_1_661' title='bbox 1611 4910 2036 4964; x_wconf 84' lang='lat' dir='ltr'><strong>resurrectionis</strong></span> 
     </span>
    </p>
   </div>
   <div class='ocr_carea' id='block_1_91' title="bbox 535 5088 1750 5163">
    <p class='ocr_par' dir='ltr' id='par_1_91' title="bbox 535 5088 1750 5163">
     <span class='ocr_line' id='line_1_91' title="bbox 535 5088 1750 5163; baseline 0.004 -21"><span class='ocrx_word' id='word_1_662' title='bbox 535 5093 579 5124; x_wconf 73' lang='grc'><strong>’³</strong></span> <span class='ocrx_word' id='word_1_663' title='bbox 622 5091 777 5163; x_wconf 79' lang='lat' dir='ltr'><strong>Vulg.</strong></span> <span class='ocrx_word' id='word_1_664' title='bbox 829 5091 963 5160; x_wconf 84' lang='lat' dir='ltr'><strong>Sap.</strong></span> <span class='ocrx_word' id='word_1_665' title='bbox 994 5105 1054 5157; x_wconf 82' lang='grc' dir='ltr'><strong>ιι,</strong></span> <span class='ocrx_word' id='word_1_666' title='bbox 1090 5088 1183 5156; x_wconf 74' lang='grc'><strong>25,</strong></span> <span class='ocrx_word' id='word_1_667' title='bbox 1223 5089 1750 5147; x_wconf 75' lang='lat' dir='ltr'><strong>inexterminabilem.</strong></span> 
     </span>
    </p>
   </div>
   <div class='ocr_carea' id='block_1_92' title="bbox 465 5163 712 5220">
    <p class='ocr_par' dir='ltr' id='par_1_92' title="bbox 465 5163 712 5220">
     <span class='ocr_line' id='line_1_92' title="bbox 465 5163 712 5220; baseline -0.008 -1"><span class='ocrx_word' id='word_1_668' title='bbox 465 5165 520 5219; x_wconf 80' lang='lat' dir='ltr'><strong>in</strong></span> <span class='ocrx_word' id='word_1_669' title='bbox 555 5163 712 5220; x_wconf 78' lang='lat' dir='ltr'><strong>Joan.</strong></span> 
     </span>
    </p>
   </div>
   <div class='ocr_carea' id='block_1_93' title="bbox 1857 5095 2401 5160">
    <p class='ocr_par' dir='ltr' id='par_1_93' title="bbox 1857 5095 2401 5160">
     <span class='ocr_line' id='line_1_93' title="bbox 1857 5095 2401 5160; baseline 0.004 -12"><span class='ocrx_word' id='word_1_670' title='bbox 1857 5095 1945 5148; x_wconf 78' lang='grc' dir='ltr'><strong>²⁰Ι</strong></span> <span class='ocrx_word' id='word_1_671' title='bbox 2015 5095 2144 5153; x_wconf 87' lang='lat' dir='ltr'><strong>Cor.</strong></span> <span class='ocrx_word' id='word_1_672' title='bbox 2179 5112 2255 5160; x_wconf 83' lang='lat' dir='ltr'><strong>vt,</strong></span> <span class='ocrx_word' id='word_1_673' title='bbox 2314 5096 2401 5150; x_wconf 77' lang='grc'><strong>14.</strong></span> 
     </span>
    </p>
   </div>
   <div class='ocr_carea' id='block_1_94' title="bbox 2213 4173 3737 4248">
    <p class='ocr_par' dir='ltr' id='par_1_94' title="bbox 2213 4173 3737 4248">
     <span class='ocr_line' id='line_1_94' title="bbox 2213 4173 3737 4248; baseline 0.002 -21"><span class='ocrx_word' id='word_1_674' title='bbox 2213 4174 2500 4229; x_wconf 77' lang='grc' dir='ltr'>Πέπαυται</span> <span class='ocrx_word' id='word_1_675' title='bbox 2527 4175 2658 4243; x_wconf 77' lang='grc' dir='ltr'>γοῦν</span> <span class='ocrx_word' id='word_1_676' title='bbox 2681 4175 2715 4247; x_wconf 78' lang='grc' dir='ltr'>ἡ</span> <span class='ocrx_word' id='word_1_677' title='bbox 2740 4175 2850 4229; x_wconf 80' lang='grc' dir='ltr'><strong>τῶν</strong></span> <span class='ocrx_word' id='word_1_678' title='bbox 2867 4175 3140 4248; x_wconf 86' lang='grc' dir='ltr'>δαιμόνων</span> <span class='ocrx_word' id='word_1_679' title='bbox 3177 4173 3468 4248; x_wconf 73' lang='grc' dir='ltr'>θρησκεία,</span> <span class='ocrx_word' id='word_1_680' title='bbox 3491 4178 3524 4248; x_wconf 80' lang='grc' dir='ltr'><strong>ὴ</strong></span> <span class='ocrx_word' id='word_1_681' title='bbox 3555 4177 3737 4240; x_wconf 80' lang='grc' dir='ltr'>κτίσις</span> 
     </span>
    </p>
   </div>
   <div class='ocr_carea' id='block_1_95' title="bbox 2142 4267 3736 4340">
    <p class='ocr_par' dir='ltr' id='par_1_95' title="bbox 2142 4267 3736 4340">
     <span class='ocr_line' id='line_1_95' title="bbox 2142 4267 3736 4340; baseline 0 -20"><span class='ocrx_word' id='word_1_682' title='bbox 2142 4267 2222 4338; x_wconf 81' lang='grc' dir='ltr'><strong>τῷ</strong></span> <span class='ocrx_word' id='word_1_683' title='bbox 2253 4267 2382 4337; x_wconf 86' lang='grc' dir='ltr'>θείῳ</span> <span class='ocrx_word' id='word_1_684' title='bbox 2423 4267 2683 4337; x_wconf 77' lang='grc' dir='ltr'>ἡγίασται</span> <span class='ocrx_word' id='word_1_685' title='bbox 2738 4267 2953 4340; x_wconf 83' lang='grc' dir='ltr'>αἵματι,</span> <span class='ocrx_word' id='word_1_686' title='bbox 2995 4268 3172 4340; x_wconf 76' lang='grc' dir='ltr'>βωμοὶ</span> <span class='ocrx_word' id='word_1_687' title='bbox 3219 4269 3314 4322; x_wconf 76' lang='grc' dir='ltr'>καὶ</span> <span class='ocrx_word' id='word_1_688' title='bbox 3341 4268 3460 4323; x_wconf 65' lang='grc' dir='ltr'>ναοὶ</span> <span class='ocrx_word' id='word_1_689' title='bbox 3495 4269 3736 4322; x_wconf 81' lang='grc' dir='ltr'>εἰδώλων</span> 
     </span>
    </p>
   </div>
   <div class='ocr_carea' id='block_1_96' title="bbox 2143 4357 3737 4431">
    <p class='ocr_par' dir='ltr' id='par_1_96' title="bbox 2143 4357 3737 4431">
     <span class='ocr_line' id='line_1_96' title="bbox 2143 4357 3737 4431; baseline 0 -20"><span class='ocrx_word' id='word_1_690' title='bbox 2143 4357 2504 4429; x_wconf 80' lang='grc' dir='ltr'>καθῄρηνται,</span> <span class='ocrx_word' id='word_1_691' title='bbox 2531 4358 2834 4426; x_wconf 89' lang='grc' dir='ltr'>θεογνωσία</span> <span class='ocrx_word' id='word_1_692' title='bbox 2866 4360 3224 4429; x_wconf 80' lang='grc' dir='ltr'>πεφύτευται,</span> <span class='ocrx_word' id='word_1_693' title='bbox 3265 4360 3438 4431; x_wconf 83' lang='grc' dir='ltr'>Τριὰς</span> <span class='ocrx_word' id='word_1_694' title='bbox 3473 4362 3504 4431; x_wconf 82' lang='grc' dir='ltr'>ἡ</span> <span class='ocrx_word' id='word_1_695' title='bbox 3530 4359 3737 4431; x_wconf 68' lang='grc' dir='ltr'>ὁμοσύ-</span> 
     </span>
    </p>
   </div>
   <div class='ocr_carea' id='block_1_97' title="bbox 2074 4447 3740 4540">
    <p class='ocr_par' dir='ltr' id='par_1_97' title="bbox 2074 4447 3740 4540">
     <span class='ocr_line' id='line_1_97' title="bbox 2074 4447 3740 4540; baseline 0 -37"><span class='ocrx_word' id='word_1_696' title='bbox 2074 4487 2119 4540; x_wconf 74' lang='lat' dir='ltr'><strong>D</strong></span> <span class='ocrx_word' id='word_1_697' title='bbox 2145 4467 2279 4516; x_wconf 84' lang='grc' dir='ltr'>σιος,</span> <span class='ocrx_word' id='word_1_698' title='bbox 2310 4451 2343 4520; x_wconf 81' lang='grc' dir='ltr'><strong>ἡ</strong></span> <span class='ocrx_word' id='word_1_699' title='bbox 2369 4451 2626 4514; x_wconf 75' lang='grc' dir='ltr'>ἄκτιστος</span> <span class='ocrx_word' id='word_1_700' title='bbox 2649 4450 2842 4521; x_wconf 81' lang='grc' dir='ltr'>θεότης</span> <span class='ocrx_word' id='word_1_701' title='bbox 2880 4453 2906 4492; x_wconf 69' lang='grc' dir='ltr'><strong><em>κ</em></strong></span> <span class='ocrx_word' id='word_1_702' title='bbox 2941 4451 3288 4524; x_wconf 76' lang='grc' dir='ltr'>λατρεύεται,</span> <span class='ocrx_word' id='word_1_703' title='bbox 3321 4447 3402 4515; x_wconf 78' lang='grc' dir='ltr'><strong>εἷς</strong></span> <span class='ocrx_word' id='word_1_704' title='bbox 3429 4451 3569 4515; x_wconf 79' lang='grc' dir='ltr'>Θεὸς</span> <span class='ocrx_word' id='word_1_705' title='bbox 3607 4451 3740 4519; x_wconf 78' lang='grc' dir='ltr'><strong>ἀλη-</strong></span> 
     </span>
    </p>
   </div>
   <div class='ocr_carea' id='block_1_98' title="bbox 2145 4541 3740 4613">
    <p class='ocr_par' dir='ltr' id='par_1_98' title="bbox 2145 4541 3740 4613">
     <span class='ocr_line' id='line_1_98' title="bbox 2145 4541 3740 4613; baseline -0.001 -19"><span class='ocrx_word' id='word_1_706' title='bbox 2145 4541 2312 4607; x_wconf 82' lang='grc' dir='ltr'>θινὸς,</span> <span class='ocrx_word' id='word_1_707' title='bbox 2340 4541 2674 4612; x_wconf 81' lang='grc' dir='ltr'>δημιουργὸς</span> <span class='ocrx_word' id='word_1_708' title='bbox 2695 4541 2807 4594; x_wconf 85' lang='grc' dir='ltr'><strong>τῶν</strong></span> <span class='ocrx_word' id='word_1_709' title='bbox 2843 4541 3099 4596; x_wconf 82' lang='grc' dir='ltr'>ἁπάντων</span> <span class='ocrx_word' id='word_1_710' title='bbox 3125 4543 3221 4595; x_wconf 71' lang='grc' dir='ltr'><strong>καὶ</strong></span> <span class='ocrx_word' id='word_1_711' title='bbox 3265 4541 3497 4613; x_wconf 80' lang='grc' dir='ltr'>Κύριος·</span> <span class='ocrx_word' id='word_1_712' title='bbox 3537 4541 3740 4612; x_wconf 76' lang='grc' dir='ltr'>ἀρεταὶ</span> 
     </span>
    </p>
   </div>
   <div class='ocr_carea' id='block_1_99' title="bbox 2147 4631 3740 4704">
    <p class='ocr_par' dir='ltr' id='par_1_99' title="bbox 2147 4631 3740 4704">
     <span class='ocr_line' id='line_1_99' title="bbox 2147 4631 3740 4704; baseline -0.003 -16"><span class='ocrx_word' id='word_1_713' title='bbox 2147 4633 2544 4700; x_wconf 82' lang='grc' dir='ltr'>πολιτεύονται,</span> <span class='ocrx_word' id='word_1_714' title='bbox 2603 4635 2956 4699; x_wconf 77' lang='grc' dir='ltr'>ἀναστάσεως</span> <span class='ocrx_word' id='word_1_715' title='bbox 3004 4634 3161 4700; x_wconf 67' lang='grc' dir='ltr'>ἐλπὶς</span> <span class='ocrx_word' id='word_1_716' title='bbox 3211 4634 3299 4690; x_wconf 83' lang='grc' dir='ltr'>διὰ</span> <span class='ocrx_word' id='word_1_717' title='bbox 3349 4635 3451 4704; x_wconf 84' lang='grc' dir='ltr'><strong>τῆς</strong></span> <span class='ocrx_word' id='word_1_718' title='bbox 3491 4631 3740 4704; x_wconf 70' lang='grc' dir='ltr'>Χριστοῦ</span> 
     </span>
    </p>
   </div>
   <div class='ocr_carea' id='block_1_100' title="bbox 2145 4725 3741 4799">
    <p class='ocr_par' dir='ltr' id='par_1_100' title="bbox 2145 4725 3741 4799">
     <span class='ocr_line' id='line_1_100' title="bbox 2145 4725 3741 4799; baseline -0.003 -17"><span class='ocrx_word' id='word_1_719' title='bbox 2145 4727 2498 4791; x_wconf 78' lang='grc' dir='ltr'>ἀναστάσεως</span> <span class='ocrx_word' id='word_1_720' title='bbox 2523 4725 2848 4799; x_wconf 82' lang='grc' dir='ltr'>δεδώρηται,</span> <span class='ocrx_word' id='word_1_721' title='bbox 2897 4728 3181 4799; x_wconf 78' lang='grc' dir='ltr'>φρίττουσι</span> <span class='ocrx_word' id='word_1_722' title='bbox 3227 4728 3356 4791; x_wconf 79' lang='grc' dir='ltr'>τοὺς</span> <span class='ocrx_word' id='word_1_723' title='bbox 3392 4726 3566 4780; x_wconf 80' lang='grc' dir='ltr'>πάλαι</span> <span class='ocrx_word' id='word_1_724' title='bbox 3604 4728 3741 4779; x_wconf 84' lang='grc' dir='ltr'><strong>ὑπο-</strong></span> 
     </span>
    </p>
   </div>
   <div class='ocr_carea' id='block_1_101' title="bbox 2144 4818 3742 4892">
    <p class='ocr_par' dir='ltr' id='par_1_101' title="bbox 2144 4818 3742 4892">
     <span class='ocr_line' id='line_1_101' title="bbox 2144 4818 3742 4892; baseline -0.001 -20"><span class='ocrx_word' id='word_1_725' title='bbox 2144 4820 2385 4890; x_wconf 79' lang='grc' dir='ltr'>χειρίους</span> <span class='ocrx_word' id='word_1_726' title='bbox 2412 4819 2738 4890; x_wconf 80' lang='grc' dir='ltr'>ἀνθρώπους</span> <span class='ocrx_word' id='word_1_727' title='bbox 2765 4822 2816 4874; x_wconf 89' lang='grc' dir='ltr'><strong>οἰ</strong></span> <span class='ocrx_word' id='word_1_728' title='bbox 2846 4821 3102 4892; x_wconf 86' lang='grc' dir='ltr'>δαίμονες</span> <span class='ocrx_word' id='word_1_729' title='bbox 3124 4836 3139 4852; x_wconf 88' lang='grc'>⁶</span> <span class='ocrx_word' id='word_1_730' title='bbox 3182 4823 3277 4875; x_wconf 72' lang='grc' dir='ltr'>καὶ</span> <span class='ocrx_word' id='word_1_731' title='bbox 3320 4821 3382 4874; x_wconf 87' lang='grc' dir='ltr'>τό</span> <span class='ocrx_word' id='word_1_732' title='bbox 3411 4836 3476 4888; x_wconf 86' lang='grc' dir='ltr'>γε</span> <span class='ocrx_word' id='word_1_733' title='bbox 3512 4818 3742 4890; x_wconf 80' lang='grc' dir='ltr'>θαυμα-</span> 
     </span>
    </p>
   </div>
   <div class='ocr_carea' id='block_1_102' title="bbox 2149 4909 3743 4984">
    <p class='ocr_par' dir='ltr' id='par_1_102' title="bbox 2149 4909 3743 4984">
     <span class='ocr_line' id='line_1_102' title="bbox 2149 4909 3743 4984; baseline -0.001 -21"><span class='ocrx_word' id='word_1_734' title='bbox 2149 4911 2296 4974; x_wconf 73' lang='grc' dir='ltr'>στὸν,</span> <span class='ocrx_word' id='word_1_735' title='bbox 2325 4911 2405 4964; x_wconf 71' lang='grc' dir='ltr'><strong>ὅτι</strong></span> <span class='ocrx_word' id='word_1_736' title='bbox 2439 4912 2614 4966; x_wconf 78' lang='grc' dir='ltr'>ταῦτα</span> <span class='ocrx_word' id='word_1_737' title='bbox 2639 4913 2817 4966; x_wconf 83' lang='grc' dir='ltr'>πάντα</span> <span class='ocrx_word' id='word_1_738' title='bbox 2841 4914 2932 4966; x_wconf 76' lang='grc' dir='ltr'><strong>διὰ</strong></span> <span class='ocrx_word' id='word_1_739' title='bbox 2962 4913 3221 4984; x_wconf 78' lang='grc' dir='ltr'>σταυροῦ,</span> <span class='ocrx_word' id='word_1_740' title='bbox 3259 4914 3355 4967; x_wconf 74' lang='grc' dir='ltr'><strong>καὶ</strong></span> <span class='ocrx_word' id='word_1_741' title='bbox 3390 4911 3610 4976; x_wconf 83' lang='grc' dir='ltr'>παθῶν,</span> <span class='ocrx_word' id='word_1_742' title='bbox 3651 4909 3743 4963; x_wconf 75' lang='grc' dir='ltr'><strong>καὶ</strong></span> 
     </span>
    </p>
   </div>
   <div class='ocr_carea' id='block_1_103' title="bbox 2505 5089 3741 5162">
    <p class='ocr_par' dir='ltr' id='par_1_103' title="bbox 2505 5089 3741 5162">
     <span class='ocr_line' id='line_1_103' title="bbox 2505 5089 3741 5162; baseline -0.008 -14"><span class='ocrx_word' id='word_1_743' title='bbox 2505 5097 2552 5128; x_wconf 75' lang='grc' dir='ltr'><strong>³ο</strong></span> <span class='ocrx_word' id='word_1_744' title='bbox 2572 5095 2772 5149; x_wconf 83' lang='lat' dir='ltr'><strong>Athan.</strong></span> <span class='ocrx_word' id='word_1_745' title='bbox 2809 5095 2905 5149; x_wconf 92' lang='lat' dir='ltr'><strong>lib.</strong></span> <span class='ocrx_word' id='word_1_746' title='bbox 2935 5093 3009 5148; x_wconf 90' lang='lat' dir='ltr'><strong>De</strong></span> <span class='ocrx_word' id='word_1_747' title='bbox 3041 5095 3291 5155; x_wconf 67' lang='lat' dir='ltr'><strong>int-arm;</strong></span> <span class='ocrx_word' id='word_1_748' title='bbox 3323 5089 3513 5162; x_wconf 86' lang='lat' dir='ltr'><strong>Cyrill.</strong></span> <span class='ocrx_word' id='word_1_749' title='bbox 3577 5089 3676 5142; x_wconf 88' lang='lat' dir='ltr'><strong>lib.</strong></span> <span class='ocrx_word' id='word_1_750' title='bbox 3706 5103 3741 5148; x_wconf 83' lang='grc' dir='ltr'><strong>ι,</strong></span> 
     </span>
    </p>
   </div>
   <div class='ocr_carea' id='block_1_104' title="bbox 1760 5306 2436 5363">
    <p class='ocr_par' dir='ltr' id='par_1_104' title="bbox 1760 5306 2436 5363">
     <span class='ocr_line' id='line_1_104' title="bbox 1760 5306 2436 5363; baseline 0 -2"><span class='ocrx_word' id='word_1_751' title='bbox 1760 5306 1992 5361; x_wconf 69' lang='lat' dir='ltr'><strong>VARle</strong></span> <span class='ocrx_word' id='word_1_752' title='bbox 2032 5307 2324 5363; x_wconf 57' lang='lat' dir='ltr'><strong>LECTAON</strong></span> <span class='ocrx_word' id='word_1_753' title='bbox 2336 5307 2436 5361; x_wconf 83' lang='lat' dir='ltr'><strong>ES.</strong></span> 
     </span>
    </p>
   </div>
   <div class='ocr_carea' id='block_1_105' title="bbox 547 5445 2030 5517">
    <p class='ocr_par' dir='ltr' id='par_1_105' title="bbox 547 5445 2030 5517">
     <span class='ocr_line' id='line_1_105' title="bbox 547 5445 2030 5517; baseline -0.001 -17"><span class='ocrx_word' id='word_1_754' title='bbox 547 5447 567 5485; x_wconf 74' lang='grc' dir='ltr'><strong>ί</strong></span> <span class='ocrx_word' id='word_1_755' title='bbox 602 5447 757 5501; x_wconf 83' lang='lat' dir='ltr'><strong>Multi</strong></span> <span class='ocrx_word' id='word_1_756' title='bbox 791 5447 954 5503; x_wconf 86' lang='lat' dir='ltr'><strong>codd.</strong></span> <span class='ocrx_word' id='word_1_757' title='bbox 990 5464 1084 5499; x_wconf 86' lang='grc' dir='ltr'><strong>και</strong></span> <span class='ocrx_word' id='word_1_758' title='bbox 1109 5447 1210 5501; x_wconf 84' lang='grc' dir='ltr'><strong>οὐκ</strong></span> <span class='ocrx_word' id='word_1_759' title='bbox 1247 5445 1466 5517; x_wconf 82' lang='grc' dir='ltr'><strong>ἐξέστη.</strong></span> <span class='ocrx_word' id='word_1_760' title='bbox 1509 5447 1574 5502; x_wconf 80' lang='lat' dir='ltr'><strong>R.</strong></span> <span class='ocrx_word' id='word_1_761' title='bbox 1605 5447 1627 5501; x_wconf 76' lang='grc'>1</span> <span class='ocrx_word' id='word_1_762' title='bbox 1655 5448 1749 5502; x_wconf 54' lang='grc' dir='ltr'><strong>καί⁸</strong></span> <span class='ocrx_word' id='word_1_763' title='bbox 1771 5449 1870 5500; x_wconf 83' lang='grc' dir='ltr'>οὐκ</span> <span class='ocrx_word' id='word_1_764' title='bbox 1895 5445 2030 5510; x_wconf 79' lang='grc' dir='ltr'><strong>ἐξέσ·</strong></span> 
     </span>
    </p>
   </div>
   <div class='ocr_carea' id='block_1_106' title="bbox 2135 5445 3744 5517">
    <p class='ocr_par' dir='ltr' id='par_1_106' title="bbox 2138 5445 3744 5517">
     <span class='ocr_line' id='line_1_106' title="bbox 2138 5445 3744 5517; baseline -0.004 -17"><span class='ocrx_word' id='word_1_765' title='bbox 2138 5448 2239 5517; x_wconf 76' lang='grc' dir='ltr'><strong>τῆς</strong></span> <span class='ocrx_word' id='word_1_766' title='bbox 2286 5448 2493 5510; x_wconf 84' lang='grc' dir='ltr'>οἰκείας</span> <span class='ocrx_word' id='word_1_767' title='bbox 2555 5446 2834 5517; x_wconf 81' lang='grc' dir='ltr'>ἰδιότητος.</span> <span class='ocrx_word' id='word_1_768' title='bbox 2883 5445 2976 5501; x_wconf 79' lang='lat' dir='ltr'><strong>Sic</strong></span> <span class='ocrx_word' id='word_1_769' title='bbox 3009 5454 3188 5517; x_wconf 83' lang='lat' dir='ltr'><strong>velus_</strong></span> <span class='ocrx_word' id='word_1_770' title='bbox 3227 5446 3499 5517; x_wconf 77' lang='lat' dir='ltr'><strong>interpres</strong></span> <span class='ocrx_word' id='word_1_771' title='bbox 3525 5453 3581 5496; x_wconf 84' lang='lat' dir='ltr'><strong>et</strong></span> <span class='ocrx_word' id='word_1_772' title='bbox 3626 5458 3744 5517; x_wconf 27' lang='lat' dir='ltr'><strong>Anon</strong></span> 
     </span>
    </p>
   </div>
   <div class='ocr_carea' id='block_1_107' title="bbox 471 5517 1391 5585">
    <p class='ocr_par' dir='ltr' id='par_1_107' title="bbox 471 5517 1391 5585">
     <span class='ocr_line' id='line_1_107' title="bbox 471 5517 1391 5585; baseline 0.001 -15"><span class='ocrx_word' id='word_1_773' title='bbox 471 5519 681 5570; x_wconf 73' lang='lat' dir='ltr'><strong>secessit</strong></span> <span class='ocrx_word' id='word_1_774' title='bbox 713 5535 745 5570; x_wconf 90' lang='lat' dir='ltr'><strong>a</strong></span> <span class='ocrx_word' id='word_1_775' title='bbox 780 5517 997 5585; x_wconf 84' lang='lat' dir='ltr'><strong>propria</strong></span> <span class='ocrx_word' id='word_1_776' title='bbox 1046 5520 1391 5584; x_wconf 83' lang='lat' dir='ltr'><strong>proprietate.</strong></span> 
     </span>
    </p>
   </div>
   <div class='ocr_carea' id='block_1_108' title="bbox 473 5585 1860 5656">
    <p class='ocr_par' dir='ltr' id='par_1_108' title="bbox 473 5585 1860 5656">
     <span class='ocr_line' id='line_1_108' title="bbox 473 5585 1860 5656; baseline 0.001 -18"><span class='ocrx_word' id='word_1_777' title='bbox 473 5585 704 5644; x_wconf 75' lang='lat' dir='ltr'><strong>scilicet,</strong></span> <span class='ocrx_word' id='word_1_778' title='bbox 745 5596 798 5638; x_wconf 88' lang='lat' dir='ltr'><strong>et</strong></span> <span class='ocrx_word' id='word_1_779' title='bbox 857 5604 955 5654; x_wconf 85' lang='lat' dir='ltr'><strong>pro</strong></span> <span class='ocrx_word' id='word_1_780' title='bbox 990 5589 1265 5656; x_wconf 83' lang='grc' dir='ltr'>ἀνήγαγεν</span> <span class='ocrx_word' id='word_1_781' title='bbox 1318 5588 1520 5642; x_wconf 86' lang='lat' dir='ltr'><strong>habent</strong></span> <span class='ocrx_word' id='word_1_782' title='bbox 1546 5587 1860 5655; x_wconf 82' lang='grc' dir='ltr'>ἀναγαγών.</span> 
     </span>
    </p>
   </div>
   <div class='ocr_carea' id='block_1_109' title="bbox 474 5656 1919 5724">
    <p class='ocr_par' dir='ltr' id='par_1_109' title="bbox 474 5656 1919 5724">
     <span class='ocr_line' id='line_1_109' title="bbox 474 5656 1919 5724; baseline 0.002 -19"><span class='ocrx_word' id='word_1_783' title='bbox 474 5656 586 5724; x_wconf 78' lang='lat' dir='ltr'><strong>fere</strong></span> <span class='ocrx_word' id='word_1_784' title='bbox 619 5669 808 5707; x_wconf 80' lang='lat' dir='ltr'><strong>mnnes</strong></span> <span class='ocrx_word' id='word_1_785' title='bbox 837 5663 890 5708; x_wconf 89' lang='lat' dir='ltr'><strong>et</strong></span> <span class='ocrx_word' id='word_1_786' title='bbox 923 5657 1266 5724; x_wconf 78' lang='lat' dir='ltr'><strong>antiquiores</strong></span> <span class='ocrx_word' id='word_1_787' title='bbox 1307 5658 1510 5712; x_wconf 82' lang='lat' dir='ltr'><strong>habent</strong></span> <span class='ocrx_word' id='word_1_788' title='bbox 1538 5659 1919 5724; x_wconf 67' lang='grc' dir='ltr'>ύπεπέσαμεθ.</span> 
     </span>
    </p>
   </div>
   <div class='ocr_carea' id='block_1_110' title="bbox 1504 5511 2030 5626">
    <p class='ocr_par' dir='ltr' id='par_1_110' title="bbox 1504 5517 2030 5626">
     <span class='ocr_line' id='line_1_110' title="bbox 1504 5517 2030 5572; baseline -0.004 -1"><span class='ocrx_word' id='word_1_789' title='bbox 1504 5519 1528 5557; x_wconf 77' lang='grc' dir='ltr'>ε</span> <span class='ocrx_word' id='word_1_790' title='bbox 1558 5519 1622 5571; x_wconf 74' lang='grc' dir='ltr'><strong>Β.</strong></span> <span class='ocrx_word' id='word_1_791' title='bbox 1682 5517 1824 5572; x_wconf 67' lang='lat'><strong>999.4</strong></span> <span class='ocrx_word' id='word_1_792' title='bbox 1881 5517 1968 5569; x_wconf 78' lang='grc' dir='ltr'><strong>ἐπ’</strong></span> <span class='ocrx_word' id='word_1_793' title='bbox 2020 5536 2030 5569; x_wconf 80' lang='grc' dir='ltr'><strong>ί</strong></span> 
     </span>
     <span class='ocr_line' id='line_1_111' title="bbox 1504 5587 2001 5626; baseline 0 0"><span class='ocrx_word' id='word_1_794' title='bbox 1504 5596 1515 5626; x_wconf 87' lang='grc' dir='ltr'><strong>Ι</strong></span> <span class='ocrx_word' id='word_1_795' title='bbox 1546 5587 1840 5626; x_wconf 67' lang='grc' dir='ltr'><strong>ἇυηνηνιτιυ</strong></span> <span class='ocrx_word' id='word_1_796' title='bbox 1977 5589 2001 5626; x_wconf 81' lang='grc' dir='ltr'><strong>Ιι</strong></span> 
     </span>
    </p>
   </div>
   <div class='ocr_carea' id='block_1_111' title="bbox 2135 5511 3745 5626">
    <p class='ocr_par' dir='ltr' id='par_1_111' title="bbox 2135 5511 3745 5626">
     <span class='ocr_line' id='line_1_112' title="bbox 2135 5511 3745 5586; baseline -0.004 -16"><span class='ocrx_word' id='word_1_797' title='bbox 2135 5511 2352 5586; x_wconf 74' lang='grc' dir='ltr'>αρςῐαν.</span> <span class='ocrx_word' id='word_1_798' title='bbox 2418 5519 2470 5572; x_wconf 91' lang='lat' dir='ltr'><strong>In</strong></span> <span class='ocrx_word' id='word_1_799' title='bbox 2527 5511 2719 5572; x_wconf 83' lang='lat' dir='ltr'><strong>multis</strong></span> <span class='ocrx_word' id='word_1_800' title='bbox 2756 5517 2918 5572; x_wconf 89' lang='lat' dir='ltr'><strong>codd.</strong></span> <span class='ocrx_word' id='word_1_801' title='bbox 2963 5517 3112 5570; x_wconf 87' lang='lat' dir='ltr'><strong>deest</strong></span> <span class='ocrx_word' id='word_1_802' title='bbox 3134 5515 3248 5586; x_wconf 85' lang='grc' dir='ltr'><strong>γὰρ</strong></span> <span class='ocrx_word' id='word_1_803' title='bbox 3269 5511 3390 5569; x_wconf 82' lang='lat' dir='ltr'><strong>sine</strong></span> <span class='ocrx_word' id='word_1_804' title='bbox 3421 5511 3745 5584; x_wconf 80' lang='lat' dir='ltr'><strong>parenthesi</strong></span> 
     </span>
     <span class='ocr_line' id='line_1_113' title="bbox 2138 5583 3743 5626; baseline 0 0"><span class='ocrx_word' id='word_1_805' title='bbox 2138 5589 2170 5626; x_wconf 84' lang='lat' dir='ltr'><strong>h</strong></span> <span class='ocrx_word' id='word_1_806' title='bbox 2228 5589 2247 5626; x_wconf 80' lang='grc' dir='ltr'><strong>Ι</strong></span> <span class='ocrx_word' id='word_1_807' title='bbox 2310 5589 2490 5626; x_wconf 63' lang='grc' dir='ltr'><strong>Μιητῆι·</strong></span> <span class='ocrx_word' id='word_1_808' title='bbox 2582 5586 2752 5626; x_wconf 71' lang='lat' dir='ltr'><strong>Volua</strong></span> <span class='ocrx_word' id='word_1_809' title='bbox 2789 5589 2999 5626; x_wconf 75' lang='lat' dir='ltr'><strong>inlnrnr</strong></span> <span class='ocrx_word' id='word_1_810' title='bbox 3054 5587 3237 5626; x_wconf 79' lang='lat' dir='ltr'><strong>nncnil</strong></span> <span class='ocrx_word' id='word_1_811' title='bbox 3268 5584 3420 5626; x_wconf 61' lang='lat' dir='ltr'><strong>Iunis,</strong></span> <span class='ocrx_word' id='word_1_812' title='bbox 3502 5584 3521 5622; x_wconf 66' lang='grc' dir='ltr'>ξ</span> <span class='ocrx_word' id='word_1_813' title='bbox 3562 5583 3743 5626; x_wconf 50' lang='lat' dir='ltr'><strong>(inriti-</strong></span> 
     </span>
    </p>
   </div>
   <div class='ocr_carea' id='block_1_112' title="bbox 2023 5589 3745 5722">
    <p class='ocr_par' dir='ltr' id='par_1_112' title="bbox 2023 5589 3745 5722">
     <span class='ocr_line' id='line_1_114' title="bbox 2035 5589 3743 5656; baseline -0.004 -16"><span class='ocrx_word' id='word_1_814' title='bbox 2035 5589 2192 5641; x_wconf 76' lang='lat' dir='ltr'><strong>Colb.</strong></span> <span class='ocrx_word' id='word_1_815' title='bbox 2228 5589 2248 5640; x_wconf 82' lang='lat' dir='ltr'><strong>l</strong></span> <span class='ocrx_word' id='word_1_816' title='bbox 2310 5589 2511 5656; x_wconf 82' lang='grc' dir='ltr'>φωτός-</span> <span class='ocrx_word' id='word_1_817' title='bbox 2582 5589 2752 5640; x_wconf 70' lang='lat' dir='ltr'><strong>Vetus</strong></span> <span class='ocrx_word' id='word_1_818' title='bbox 2789 5589 3016 5656; x_wconf 83' lang='lat' dir='ltr'><strong>interpr.</strong></span> <span class='ocrx_word' id='word_1_819' title='bbox 3054 5589 3239 5654; x_wconf 84' lang='lat' dir='ltr'><strong>posuit</strong></span> <span class='ocrx_word' id='word_1_820' title='bbox 3267 5589 3424 5638; x_wconf 81' lang='lat' dir='ltr'><strong>lucis.</strong></span> <span class='ocrx_word' id='word_1_821' title='bbox 3502 5589 3521 5622; x_wconf 66' lang='grc' dir='ltr'>ε</span> <span class='ocrx_word' id='word_1_822' title='bbox 3562 5589 3743 5635; x_wconf 80' lang='lat' dir='ltr'><strong>Codd.</strong></span> 
     </span>
     <span class='ocr_line' id='line_1_115' title="bbox 2023 5652 3745 5722; baseline -0.002 -16"><span class='ocrx_word' id='word_1_823' title='bbox 2023 5655 2042 5706; x_wconf 82' lang='lat' dir='ltr'><strong>i</strong></span> <span class='ocrx_word' id='word_1_824' title='bbox 2087 5657 2237 5722; x_wconf 78' lang='lat' dir='ltr'><strong>Regii</strong></span> <span class='ocrx_word' id='word_1_825' title='bbox 2281 5658 2502 5722; x_wconf 68' lang='lat' dir='ltr'><strong>quidam</strong></span> <span class='ocrx_word' id='word_1_826' title='bbox 2561 5668 2612 5711; x_wconf 84' lang='lat' dir='ltr'><strong>et</strong></span> <span class='ocrx_word' id='word_1_827' title='bbox 2646 5657 2972 5720; x_wconf 85' lang='lat' dir='ltr'><strong>Colbertini,</strong></span> <span class='ocrx_word' id='word_1_828' title='bbox 3021 5671 3232 5712; x_wconf 78' lang='lat' dir='ltr'><strong>necnon</strong></span> <span class='ocrx_word' id='word_1_829' title='bbox 3291 5654 3349 5710; x_wconf 91' lang='lat' dir='ltr'><strong>S.</strong></span> <span class='ocrx_word' id='word_1_830' title='bbox 3381 5655 3485 5709; x_wconf 82' lang='lat' dir='ltr'><strong>ilil.</strong></span> <span class='ocrx_word' id='word_1_831' title='bbox 3511 5652 3745 5715; x_wconf 75' lang='grc' dir='ltr'>διδάξας</span> 
     </span>
    </p>
   </div>
   <div class='ocr_carea' id='block_1_113' title="bbox 2310 5583 3743 5656">
    <p class='ocr_par' dir='ltr' id='par_1_113' title="bbox 2310 5583 3743 5656">
     <span class='ocr_line' id='line_1_116' title="bbox 2310 5583 3743 5656; baseline -0.005 -16"><span class='ocrx_word' id='word_1_832' title='bbox 2310 5589 2511 5656; x_wconf 80' lang='grc' dir='ltr'>φωτός-</span> <span class='ocrx_word' id='word_1_833' title='bbox 2582 5586 2752 5640; x_wconf 72' lang='lat' dir='ltr'><strong>Vetus</strong></span> <span class='ocrx_word' id='word_1_834' title='bbox 2789 5589 3016 5656; x_wconf 83' lang='lat' dir='ltr'><strong>interpr.</strong></span> <span class='ocrx_word' id='word_1_835' title='bbox 3054 5583 3239 5654; x_wconf 82' lang='lat' dir='ltr'><strong>posuit</strong></span> <span class='ocrx_word' id='word_1_836' title='bbox 3267 5583 3458 5656; x_wconf 24' lang='lat' dir='ltr'><strong>lucis;</strong></span> <span class='ocrx_word' id='word_1_837' title='bbox 3502 5584 3535 5656; x_wconf 34' lang='grc' dir='ltr'>ί.</span> <span class='ocrx_word' id='word_1_838' title='bbox 3562 5583 3743 5656; x_wconf 64' lang='lat' dir='ltr'><strong>Codd.</strong></span> 
     </span>
    </p>
   </div>
   <div class='ocr_carea' id='block_1_114' title="bbox 472 5723 2030 5798">
    <p class='ocr_par' dir='ltr' id='par_1_114' title="bbox 472 5723 2030 5798">
     <span class='ocr_line' id='line_1_117' title="bbox 472 5723 2030 5798; baseline -0.01 -22"><span class='ocrx_word' id='word_1_839' title='bbox 472 5723 717 5795; x_wconf 74' lang='grc' dir='ltr'><strong>ἡμᾶς....</strong></span> <span class='ocrx_word' id='word_1_840' title='bbox 741 5724 834 5775; x_wconf 73' lang='grc' dir='ltr'>καὶ</span> <span class='ocrx_word' id='word_1_841' title='bbox 857 5723 1155 5792; x_wconf 78' lang='grc' dir='ltr'>ταύτηνδι’</span> <span class='ocrx_word' id='word_1_842' title='bbox 1180 5726 1375 5778; x_wconf 72' lang='grc' dir='ltr'>ἑαυτοῦ</span> <span class='ocrx_word' id='word_1_843' title='bbox 1401 5731 1653 5798; x_wconf 74' lang='grc' dir='ltr'>ποιήσας,</span> <span class='ocrx_word' id='word_1_844' title='bbox 1735 5729 1756 5766; x_wconf 80' lang='lat' dir='ltr'><strong>k</strong></span> <span class='ocrx_word' id='word_1_845' title='bbox 1803 5723 1867 5780; x_wconf 62' lang='grc' dir='ltr'>ιι,</span> <span class='ocrx_word' id='word_1_846' title='bbox 1897 5728 1932 5779; x_wconf 62' lang='lat'><strong>2</strong></span> <span class='ocrx_word' id='word_1_847' title='bbox 1967 5728 2030 5797; x_wconf 61' lang='grc' dir='ltr'>φς</span> 
     </span>
    </p>
   </div>
   <div class='ocr_carea' id='block_1_115' title="bbox 2135 5723 2979 5798">
    <p class='ocr_par' dir='ltr' id='par_1_115' title="bbox 2169 5728 2979 5784">
     <span class='ocr_line' id='line_1_118' title="bbox 2169 5728 2979 5784; baseline 0.004 -3"><span class='ocrx_word' id='word_1_848' title='bbox 2169 5731 2248 5782; x_wconf 83' lang='lat' dir='ltr'><strong>sic</strong></span> <span class='ocrx_word' id='word_1_849' title='bbox 2285 5728 2457 5783; x_wconf 80' lang='lat' dir='ltr'><strong>Faber</strong></span> <span class='ocrx_word' id='word_1_850' title='bbox 2492 5730 2732 5782; x_wconf 80' lang='lat' dir='ltr'><strong>increata</strong></span> <span class='ocrx_word' id='word_1_851' title='bbox 2764 5740 2979 5784; x_wconf 78' lang='lat' dir='ltr'><strong>natura.</strong></span> 
     </span>
    </p>
   </div>
  </div>
