4026 6156
299 321 434 391 1109

1375 329 1472 389 DE
1511 332 1691 393 FIDE
1731 333 2195 396 OIi'l‘IIODOXA
2229 337 2376 398 LlB.
2415 341 2508 400 Ν.

3419 338 3552 402 1110

294 436 532 491 θανάτου
565 437 946 509 κᾶτώροωται’
988 438 1066 502 εἰς
1093 439 1272 492 πᾶσαν
1291 437 1390 509 τὴν
1410 441 1514 510 γῆν
1544 443 1605 495 τὸ
1627 443 1874 513 Εὐαγγέ-

1988 459 2103 514 spes
2135 459 2232 513 per
2260 435 2462 501 Christi
2487 447 2948 504 resurrectionem
2979 447 3180 503 donata
3212 456 3298 505 est
3328 467 3345 505 ι
3373 450 3554 506 homi-

291 529 403 581 λιον
437 529 537 598 τῆς
572 528 905 598 θεογνωσίας
953 531 1314 603 κεκήρυκται,
1365 532 1426 584 ού
1477 534 1722 606 πολέμῳ,
1779 537 1872 590 καὶ

291 618 500 683 ὅπλοις,
539 621 634 672 καί
677 622 1060 692 στρατοπέδοις
1087 623 1217 686 τοὺς
1250 623 1528 688 ἐναντίους
1567 627 1874 699 τροπούμε-

292 727 380 763 νον
410 709 456 775 1,
484 711 602 764 ἀλλ’
633 711 805 781 ὀλίγοι
834 715 1051 784 γυμνοὶ,
1089 716 1314 786 πτωχοὶ,
1359 715 1454 769 καὶ
1495 717 1870 790 ἀγράμματοι,

292 803 634 872 διωκόμενοι,
660 803 1018 874 αἰκιζόμενοι,
1049 806 1468 879 θανατούμενοι,
1495 811 1875 881 σταυρωθέντα

297 895 484 965 σαρκὶ,
536 895 625 948 καὶ
678 894 908 950 θανόντα
953 898 1353 968 κηρύττοντες,
1402 900 1511 954 τῶν
1567 904 1746 970 σοφῶν
1785 906 1877 957 καὶ

295 985 535 1040 δυνατῶν
570 989 1020 1059 κατεκράτησαν·
1041 990 1230 1045 εἵπετο
1251 992 1358 1064 γὰρ
1386 994 1682 1060 αύτοῖςτοῢ
1714 1014 1878 1050 σταυ-

299 1077 570 1148 ρωθέντος
603 1081 635 1150 ή
659 1080 1072 1153 παντοδύναμος
1099 1082 1346 1156 δύναμις.
1382 1087 1440 1141 '0
1463 1088 1689 1152 θάνατος
1715 1090 1742 1142 ὁ
1775 1091 1880 1145 πά-

296 1172 386 1224 λαι
417 1170 797 1242 φοϐερώτατος
841 1173 1071 1245 ἣττηται
1096 1216 1110 1242 ,
1159 1177 1254 1232 καὶ
1286 1177 1388 1249 τῆς
1421 1179 1570 1252 ζωῆς
1597 1180 1688 1234 νῦν
1718 1183 1746 1234 ὁ
1775 1199 1880 1234 πα-

297 1263 659 1336 λαιστύγητος
682 1274 720 1302 ω
751 1267 846 1321 καί
881 1268 1112 1340 μισητὺς
1137 1270 1514 1343 προκρίνεται.
1557 1272 1743 1327 Ταῦτα
1781 1274 1882 1345 τῆς

298 1355 392 1408 τοῦ
423 1357 666 1428 Χριστοῦ
692 1355 997 1431 παρουσίας
1021 1361 1092 1415 τὰ
1116 1363 1522 1436 κατορθώματα
1537 1380 1552 1395 ο
1583 1365 1760 1420 ταῦτα
1780 1366 1882 1435 τῆς

299 1446 465 1501 αὐτοῦ
485 1447 768 1518 δυνάμεως
789 1450 860 1504 τὰ
883 1453 1267 1524 γνωρίσματα.
1294 1455 1367 1510 ού
1385 1455 1492 1527 γὰρ
1515 1456 1592 1519 ώς
1611 1457 1700 1512 διὰ
1727 1459 1883 1512 Μωῡ·

301 1541 459 1608 σέως,
489 1541 584 1596 ἕνα
611 1543 737 1596 λαὸν
755 1541 820 1608 se
840 1544 1118 1614 Αἰγύπτου
1147 1547 1361 1617 καὶτῆς
1385 1545 1588 1616 Φαραὼ
1618 1547 1881 1614 δουλείας,

1974 551 2073 591 nes
2099 538 2240 606 quos
2285 539 2559 610 mancipio
2589 540 2920 597 constrictos
2963 541 3242 606 tenebant,
3273 541 3556 598 daemones

1973 628 2406 700 perhorrescunt
2445 632 2748 702 :quodque
2803 631 3096 687 miriﬁcqu
3146 641 3254 698 est,
3285 633 3399 690 lucc
3439 648 3559 688 om-

1977 716 2066 770 nia
2126 732 2223 787 per
2275 732 2498 772 crucem
2543 721 2934 792 cruciatusque
2987 737 3051 776 ac
3113 731 3347 777 mortem
3404 730 3559 792 gesta

1978 817 2154 863 sunt:
2197 805 2550 880 Evangelium
2585 825 2695 880 quo
2758 807 2854 865 Dei
2888 813 3130 883 cognitio
3189 814 3386 884 patuit,
3445 821 3561 873 toto

1979 900 2112 956 orbe
2168 903 2574 973 promulgatum
2605 910 2734 971 est;
2775 918 2885 958 non
2949 905 3090 959 bello
3141 905 3440 976 armisque,
3506 910 3561 958 et

1979 993 2316 1050 exercitibus
2345 993 2694 1049 adversarios
2745 992 2988 1050 fundens
3024 1011 3256 1050 :verum
3307 996 3561 1050 homines

1980 1084 2162 1154 pauci,
2189 1084 2341 1150 nudi,
2363 1098 2666 1154 pauperes,
2693 1083 3080 1139 aclitterarum
3112 1084 3302 1151 rudes,
3333 1086 3564 1140 insecta-

1981 1174 2224 1231 tionibus
2258 1190 2323 1232 ac
2357 1174 2682 1232 verberibus
2727 1175 2943 1240 amicti,
2988 1179 3112 1234 neci
3141 1178 3278 1242 dati,
3311 1193 3437 1238 eum
3469 1180 3564 1250 qui

1983 1266 2039 1322 in
2074 1281 2294 1322 crucem
2325 1275 2490 1324 actus
2525 1277 2893 1340 mortuusque
2930 1271 3132 1336 fuerat,
3169 1271 3562 1342 praedicantes,

1985 1357 2180 1418 doctos
2213 1368 2265 1416 et
2305 1370 2556 1431 potentes
2584 1374 2939 1434 superarunt.
2984 1364 3184 1419 Eorum
3213 1364 3358 1419 enim
3381 1378 3566 1420 eomes

1984 1451 2178 1504 aderat
2229 1452 2582 1524 omnipotens
2632 1455 2808 1511 virtus
2854 1471 2920 1511 ac
2977 1464 3224 1527 potestas
3279 1455 3566 1512 Crucitixi.

1984 1541 2127 1609 Quin
2168 1558 2319 1601 mors
2345 1545 2487 1615 ipsa,
2516 1562 2639 1616 quae
2675 1555 2941 1604 terrorem
2978 1550 3285 1604 maximum
3309 1548 3441 1604 olim
3481 1548 3567 1602 in-

302 1634 580 1689 θάλασσαν
623 1636 921 1710 διαστήσας
949 1640 1200 1694 διέσωσε.
1233 1641 1422 1694 Πᾶσαν
1453 1640 1512 1694 δὲ
1560 1640 1758 1711 μᾶλλον
1785 1641 1884 1711 τὴν

1988 1633 2222 1701 ferebat,
2275 1645 2556 1708 prostrata
2608 1639 2747 1706 fuit;
2779 1647 2835 1696 et
2873 1655 2998 1710 quae
3026 1640 3308 1711 quondam
3354 1639 3484 1695 odio
3515 1648 3569 1694 et

225 1756 233 1762 -
302 1725 707 1798 ἀνθρωπότητα
750 1729 817 1783 ὲκ
851 1729 1059 1800 φθορᾶς
1113 1730 1348 1784 θανάτου
1406 1729 1503 1782 καὶ
1552 1729 1649 1782 τοῦ
1685 1728 1884 1800 πικροῦ

1988 1725 2209 1782 horrori
2239 1736 2379 1791 erat,
2420 1728 2535 1784 vita
2569 1727 2686 1797 jam
2731 1730 2915 1799 potior
2946 1729 3207 1788 habetur.
3247 1729 3412 1800 256
3441 1727 3568 1782 Hzec

302 1794 591 1888 τυράννου,
618 1794 752 1890 *τῆς
808 1794 1084 1892 ἁμαρτίας
1132 1820 1440 1892 ἐρρύσατοο
1497 1822 1560 1874 ού
1605 1821 1697 1893 βίᾳ
1737 1794 1886 1890 ἄγων

1988 1817 2193 1874 Christi
2251 1819 2520 1876 adventus
2571 1794 2840 1890 praeclara
2874 1822 3121 1878 facinora
3155 1840 3170 1876 :
3227 1794 3343 1876 haec
3370 1794 3570 1892 ipsius

303 1908 439 1980 πρὸς
465 1910 692 1982 ἀρετὴν,
729 1913 792 1968 ού
834 1916 904 1983 γῇ
936 1913 1287 1984 καταχωννὺς
1315 1912 1446 1984 (65),
1471 1912 1567 1966 καὶ
1603 1912 1741 1980 πυρί
1761 1899 1918 1981 φλέῘ

303 2018 436 2068 γων,
461 2003 555 2056 καὶ
576 2003 970 2058 λιθοϐολεῖσθαι
1005 2004 1366 2076 προστάσσων
1398 2005 1524 2068 τοὺς
1545 2005 1887 2074 ἁμαρτάνον-

305 2110 426 2158 τας,
470 2093 606 2150 ἀλλὰ
658 2095 928 2165 πραότητι
984 2097 1082 2152 καὶ
1119 2095 1477 2168 μακροθυμίᾳ
1526 2095 1728 2150 πείθων
1760 2098 1885 2160 τοὺς

304 2184 629 2254 ἀνθρώπους
673 2187 952 2258 αίρεῖσθαι
1007 2189 1108 2261 τὴν
1162 2188 1390 2259 ἀρετὴν,
1452 2188 1693 2251 καὶτοῖς
1746 2188 1887 2258 ὑπὲρ

302 2274 508 2346 ταύτης
534 2278 930 2348 ὲναμιλλᾶσθαι
959 2279 1164 2345 πόνοις,
1189 2280 1282 2334 καί
1306 2279 1656 2351 ὲνηδύνεσθαι
1673 2296 1686 2310 ·
1715 2279 1883 2334 πάλαι

305 2367 406 2436 μὲν
429 2368 539 2439 γὰρ
570 2369 980 2442 ἁμαρτάνοντες
1009 2372 1284 2444 ᾐκίζοντο,
1313 2373 1410 2426 καὶ
1452 2372 1532 2425 ἔτι
1566 2371 1667 2442 τῆς
1699 2373 1880 2443 ἁμαρ-

302 2459 423 2524 τίας
445 2461 776 2533 ἀντείχοντο,
813 2464 910 2518 καὶ
962 2463 1082 2528 θεὸς
1123 2464 1310 2527 αὐτοῖς
1338 2464 1373 2535 ἡ
1399 2464 1644 2535 ἁμαρτία
1680 2463 1884 2531 λελόγιφ

304 2565 433 2605 στο⁶
478 2551 573 2607 νῦν
616 2553 673 2607 δὲ
719 2553 860 2625 ὑπὲρ
903 2553 1189 2618 εὐσεϐείας
1233 2552 1330 2607 καὶ
1358 2555 1564 2624 ἀρετῆς
1591 2553 1885 2625 αἰκισμοὺς

301 2642 606 2713 αἱροῦνται,
640 2646 736 2699 καὶ
765 2644 1152 2717 στρεϐλώσεις,
1185 2647 1279 2699 καὶ
1313 2644 1566 2700 θάνατον.

1985 1911 2244 1980 potentia;
2305 1911 2516 1967 indicia
2573 1912 2874 1968 luculenta.
2945 1912 3080 1990 Non
3126 1913 3299 1978 enim,
3351 1920 3411 1966 ut
3473 1925 3570 1981 per

1986 2002 2254 2075 Moysem,
2310 2005 2577 2074 populum
2630 2021 2802 2061 unum
2852 2020 2922 2062 ex
2969 2005 3210 2076 ngypto
3258 2019 3324 2059 ae
3379 2003 3573 2060 servili.

1984 2094 2292 2155 Pharaonis
2325 2095 2460 2168 jugo
2487 2097 2776 2154 sdissectis
2811 2097 2986 2153 maris
3017 2095 3469 2152 undis-liberavit
3497 2094 3568 2158 ³⁸,

1985 2202 2178 2248 verum
2227 2202 2394 2244 omne
2441 2187 2627 2259 potius
2673 2187 2981 2244 humanum
3035 2202 3212 2259 genus
3263 2202 3332 2242 ex
3372 2186 3570 2240 mortis

1988 2281 2221 2338 interitu
2263 2290 2320 2337 et
2363 2282 2565 2338 acerba
2603 2281 2813 2353 peccati
2863 2279 3171 2353 tyrannide
3217 2277 3568 2336 vindicavit:

1987 2387 2101 2429 non
2142 2372 2366 2445 quidem
2411 2375 2480 2430 ad
2525 2375 2791 2431 virtutem
2841 2373 2895 2430 vi
2945 2373 3215 2446 adigens;
3253 2386 3366 2427 non
3423 2381 3570 2426 terra

1988 2465 2254 2531 obruens,
2301 2480 2415 2522 non
2471 2465 2708 2523 ﬂammis
2768 2480 3036 2532 exurens,
3092 2479 3205 2521 non
3257 2464 3369 2536 peti
3423 2461 3571 2519 saxis

1991 2567 2319 2627 peceatores
2340 2558 2570 2630 jubens,
2609 2573 2798 2615 verum
2850 2557 3277 2615 mansuetudine
3323 2571 3388 2612 ac
3435 2555 3573 2610 leni-

1993 2654 2105 2701 tate
2153 2647 2409 2704 homines
2433 2649 2502 2703 ad
2535 2648 2796 2704 virtutem
2843 2648 3264 2719 amplexandam
3295 2647 3571 2709 alliciens,

302 2746 469 2808 atque
525 2741 602 2794 ita
639 2750 994 2810 camparans,
1068 2749 1132 2796 ut
1197 2756 1297 2811 pro
1349 2756 1413 2796 ea
1466 2740 1829 2811 adipiscenda
1877 2739 2064 2796 labore
2122 2750 2178 2798 et
2245 2745 2554 2799 certamina
2611 2743 2722 2798 laeti
2769 2743 3138 2814 susciperent.
3178 2741 3394 2797 Etenim
3442 2739 3572 2794 olim

301 2833 522 2902 quidem
561 2834 690 2891 licet
717 2850 843 2892 cum
869 2839 1172 2905 peecabant
1208 2848 1402 2904 poenas
1431 2834 1668 2900 luerent,
1707 2833 1888 2888 adhuc
1921 2840 2103 2890 tamen
2135 2847 2363 2906 peccato
2394 2836 2675 2892 mordicus
2735 2836 3112 2902 adhaerebant,
3183 2835 3330 2906 quod
3402 2834 3576 2888 instar

303 2926 553 2982 numinis
585 2927 876 2982 haberent.
918 2927 990 2984 At
1029 2940 1206 2997 Inunc
1272 2933 1469 2982 contra
1537 2926 1759 2996 pietatis
1819 2926 2154 2998 virtutisque
2206 2942 2376 2984 causa
2458 2928 2691 2984 verbera
2743 2936 2798 2984 et
2851 2927 3155 2994 cruciatus,
3233 2932 3592 2996 mortemque-

304 3016 735 3086 amplectuntur.

373 3103 540 3176 Εὖγε,
567 3103 614 3164 ὧ
640 3111 847 3181 Χριστὲ
874 3111 1012 3183 Θεοῦ
1041 3111 1206 3182 Λόγε,
1231 3111 1330 3166 καὶ
1361 3109 1546 3178 σοφία.
1597 3111 1695 3164 καὶ
1725 3108 1883 3164 δύνα-

2057 3107 2230 3178 Euge,
2255 3105 2498 3172 Christe,
2543 3105 2642 3162 Dei
2671 3104 2938 3170 Verbum,
2972 3105 3264 3175 sapientia,
3295 3113 3350 3161 et
3378 3110 3574 3175 poten-

306 3219 420 3270 μις,
454 3202 551 3256 καί⁹
590 3202 693 3257 Oet
722 3204 1123 3276 παντοκράτωρ
1142 3218 1156 3233 ⁸
1202 3201 1255 3258 τί
1292 3219 1377 3257 σοι
1404 3200 1610 3256 τούτων
1634 3199 1893 3257 ἁπάντων

304 3293 354 3344 οἰ
397 3290 593 3363 ἄποροι
637 3294 802 3365 ἡμεῖς
844 3294 1230 3366 ἀντιδοίημεν;
1265 3293 1343 3347 Σὰ
1390 3293 1500 3364 γὰρ
1531 3292 1770 3360 ἅπαντα,
1799 3294 1894 3348 καὶ

307 3384 480 3447 αἰτεῖς
513 3387 644 3458 παρ’
683 3386 840 3457 ἡμῶν
886 3385 1064 3452 οὐδὲν,
1105 3386 1140 3458 ἢ
1170 3387 1230 3441 τὺ
1267 3384 1559 3450 σώζεσθαι,
1584 3386 1747 3450 αὐτὸς
1799 3387 1894 3441 καὶ

306 3475 466 3529 τοῦτο
487 3477 687 3544 διδοὺς,
712 3478 810 3532 καὶ
833 3478 1173 3549 λαμϐάνουσι
1203 3485 1232 3517 ιι
1266 3478 1428 3550 χάριν
1447 3476 1626 3541 εἰδὼς,
1655 3477 1724 3531 δι’
1753 3477 1894 3546 ἀφα-

307 3584 400 3621 τον
452 3567 808 3640 ἁγαθότηταο
867 3569 953 3623 σοὶ
1007 3569 1186 3641 χάρις,
1217 3571 1296 3640 τῷ
1324 3569 1387 3624 τὺ
1425 3564 1566 3623 εἶναι
1618 3568 1891 3634 δεδωκότι,

309 3655 404 3708 καὶ
433 3655 495 3710 τὸ
523 3653 582 3711 εὖ
615 3652 756 3712 εἶναι
783 3662 1158 3732 χαρισαμένφ,
1195 3661 1306 3716 κάκ
1325 3659 1518 3715 τούτου
1541 3659 1894 3731 παραπεσόν-

309 3761 412 3808 τας
442 3747 843 3818 ὲπαναγαγόντι
871 3749 1009 3822 πρὸς
1030 3749 1210 3817 τοῦτο,
1238 3749 1329 3806 διὰ
1354 3751 1456 3822 τῆς
1473 3751 1686 3822 ἀφάτου
1715 3758 1741 3786 °
1763 3767 1896 3822 συγ-

310 3839 682 3907 καταϐάσεως.

840 4020 1094 4074 ΚΕΦΑΛ.
1121 4018 1176 4073 E’
1208 4019 1386 4092 [om].

313 4111 470 4177 Πρὸς
499 4114 640 4175 τοὺς
683 4111 1050 4178 ἐρωτῶντας,
1079 4113 1132 4165 εί
1174 4121 1202 4160 1)
1225 4112 1571 4180 ὑπόστασις
1612 4107 1719 4162 τοῦ
1757 4111 1893 4180 Χρι-

591 4181 742 4233 στοῦ
767 4180 981 4247 κτιστή
1004 4181 1194 4244 ἐστιν,
1221 4180 1260 4248 ἢ
1292 4179 1601 4245 ᾶκτιστος.

398 4269 461 4320 Ἡ
492 4269 788 4335 ὑπόστασις
805 4271 900 4324 τοῦ
921 4272 1056 4326 Θεοῦ
1081 4273 1258 4340 Λόγου
1286 4273 1394 4345 πρὸ
1414 4277 1514 4346 τῆς
1539 4273 1891 4346 σαρκώσεως,

315 4361 463 4430 ἁπλῆ
492 4356 580 4431 ἦν,
619 4362 711 4414 καὶ
745 4362 1061 4428 ἀσύνθετος,
1114 4366 1209 4419 καί⁴
1255 4367 1570 4436 ἀσώματος,
1612 4367 1707 4420 καὶ
1735 4367 1893 4421 ἄκτι-

1986 3200 2094 3271 ,ῑίθ,
2132 3208 2300 3270 atque
2323 3199 2680 3269 omnipotens
2729 3197 2892 3264 Deus,
2926 3197 3060 3269 quid
3098 3197 3197 3252 tibi
3227 3211 3331 3252 nos
3383 3197 3573 3268 inopes

1993 3301 2050 3349 et
2078 3293 2234 3365 egeni
2268 3307 2368 3363 pro
2397 3292 2521 3349 istis
2550 3291 2812 3348 omnibus
2848 3289 3250 3362 rependemus?
3279 3286 3394 3343 Tua
3424 3287 3573 3343 enim

1994 3393 2126 3442 sunt
2150 3385 2354 3440 omnia.
2387 3382 2531 3450 Quin
2558 3382 2700 3438 nihil
2733 3382 3033 3453 quidquam
3067 3394 3099 3433 ιι
3119 3375 3279 3434 nObis
3293 3377 3573 3448 exposcis,

1995 3475 2106 3534 nisi
2140 3476 2373 3533 salutem
2405 3483 2654 3531 nostram
2688 3493 2703 3530 :
2738 3473 2903 3543 cujus
2931 3481 3058 3526 cum
3089 3480 3147 3524 tu
3201 3469 3320 3540 ipse
3349 3467 3574 3539 largitor

1995 3571 2096 3636 sis,
2127 3568 2495 3624 nihilominus
2524 3582 2627 3639 pro
2657 3563 3016 3622 inenarrabili
3049 3570 3144 3618 tua
3183 3561 3434 3619 bonitate
3464 3560 3577 3616 illis

1987 3660 2230 3732 gratiam
2289 3659 2484 3724 habes,
2529 3659 2626 3731 qui
2679 3672 2802 3715 eam
2861 3662 3302 3726 consequuntur.
3355 3651 3576 3707 Gratias

1995 3752 2124 3819 tibi,
2159 3751 2258 3823 qui
2285 3756 2341 3806 et
2368 3765 2495 3808 esse
2532 3758 2588 3807 et
2641 3750 2784 3806 bene
2832 3763 2958 3806 esse
2989 3747 3152 3803 nobis
3203 3742 3575 3808 concessisti;

1997 3857 2232 3914 cumque
2254 3843 2383 3898 hinc
2405 3843 2827 3915 excidissemus,
2841 3837 3213 3911 inexplicabili
3242 3836 3578 3893 demissione

1996 3945 2053 3992 et
2089 3936 2428 4008 indulgentia
2454 3935 2647 3991 eodem
2683 3951 2785 3990 nos
2815 3931 3108 3989 reduxisti.

2661 4025 2816 4081 CAP.
2851 4023 2916 4079 V.

1997 4117 2079 4174 Ad
2106 4135 2194 4175 eos
2243 4119 2332 4173 aui
2360 4130 2606 4190 quierunt
2639 4134 2657 4172 :
2686 4117 2835 4173 Sitne
2876 4115 3080 4190 Christi
3106 4127 3331 4185 persona
3372 4117 3574 4171 creata,

2599 4204 2669 4243 an
2695 4191 2931 4243 inci-cata
2952 4189 2978 4242 1’

2070 4279 2565 4351 Manaphysitarum
2596 4278 2988 4334 cavillatione»:
3016 4274 3180 4328 aliam
3213 4270 3394 4326 diluit.
3421 4268 3576 4324 Chri-

1997 4373 2068 4428 sti
2125 4387 2348 4442 persona
2403 4370 2640 4422 increata
2673 4378 2720 4420 et
2755 4361 3174 4419 στρατω-ουοί
3223 4359 3389 4414 Verbi
3453 4374 3577 4428 per-

317 4469 462 4516 στος,
490 4452 836 4523 σαρκωθείσα
855 4454 913 4507 δὲ
943 4454 1107 4526 αὕτη,
1135 4456 1326 4525 γέγονε
1351 4458 1448 4512 καὶ
1469 4459 1536 4529 τῇ
1567 4459 1734 4529 σαρκὶ
1759 4459 1887 4512 ύπό-

2001 4474 2164 4525 sona,
2200 4467 2330 4513 ante
2368 4471 2593 4510 carnem
2632 4459 2972 4522 assumptam
3012 4448 3244 4520 simplex
3281 4457 3422 4514 erat,
3472 4462 3577 4503 nec

318 4559 528 4606 στασις,
581 4543 674 4594 καὶ
729 4545 920 4613 γέγονε
981 4545 1237 4610 σύνθετος
1274 4551 1340 4601 ὲκ
1393 4548 1672 4618 θεότητος,
1710 4545 1777 4622 ἧς
1811 4551 1898 4603 ἀεὶ

317 4631 451 4704 εἶχε,
489 4637 583 4689 καὶ
615 4635 674 4702 ἐξ
699 4631 768 4709 ἦς
793 4636 1126 4708 προσείληφε
1157 4639 1362 4709 σαρκός
1383 4655 1398 4670 ο
1430 4640 1525 4694 καὶ⁴
1583 4641 1741 4712 φέρει
1788 4640 1898 4696 τῶν

316 4726 409 4780 δύο
435 4727 653 4796 φύσεων
698 4727 767 4781 τὰ
814 4725 1101 4799 ἰδιώματα,
1137 4731 1195 4783 ὲν
1221 4729 1346 4784 δυσί
1381 4730 1758 4804 γνωριζομένη
1791 4733 1896 4804 φύ-

320 4837 466 4872 σεσιν
486 4837 498 4848 ·
540 4820 683 4874 ὥστε
713 4821 747 4892 ἡ
779 4821 918 4892 αύτὴ
949 4820 1048 4893 μία
1071 4822 1392 4889 ὑπόστασις,
1416 4823 1672 4888 ἀκτιστός
1699 4825 1758 4878 τέ
1779 4827 1901 4878 ἐστι

317 4913 384 4982 τῇ
419 4910 654 4983 θεότητι,
696 4913 794 4967 καὶ
837 4912 1032 4984 κτιστὴ
1059 4917 1125 4986 τῇ
1157 4914 1562 4987 ἀνθρωπότητι,
1597 4916 1766 4988 ὁρατὴ
1802 4919 1898 4972 καὶ

319 5005 583 5076 ἀόρατοςο
637 5006 761 5062 ἐπεὶ
795 5006 1240 5080 ἀναγκαζόμεθα,
1294 5007 1330 5080 ἢ
1387 5007 1615 5080 διαιρεῖν
1661 5009 1752 5061 τὸν
1799 5007 1895 5062 ἕνα

332 5225 337 5230 ι
395 5159 436 5190 ³¹
474 5158 648 5216 Exod.
691 5178 803 5225 xiv.
842 5163 930 5219 16.

1998 4551 2324 4621 composita,
2396 4546 2648 4616 corporis
2703 4559 2900 4614 expers
2950 4548 3007 4597 et
3053 4540 3320 4596 increata.
3355 4539 3431 4594 Ex
3464 4555 3577 4610 quo

1996 4655 2178 4701 autem
2237 4657 2460 4698 carnem
2517 4639 2796 4707 suscepit,
2865 4634 3020 4689 carni
3069 4647 3290 4704 quoque
3337 4648 3575 4702 persona

1998 4737 2143 4793 facta
2176 4743 2282 4800 est,
2317 4733 2739 4800 compositaque
2774 4729 2950 4786 evasit
2980 4743 3043 4783 ex
3075 4725 3385 4791 divinitate,
3411 4739 3575 4794 quam

2004 4840 2286 4896 nunquam
2327 4838 2437 4877 non
2484 4821 2698 4888 habuit,
2728 4828 2783 4876 et
2822 4835 2890 4876 ex
2929 4832 3098 4874 carne
3152 4831 3320 4888 quam
3361 4829 3579 4871 assum-

2004 4919 2136 4990 psit,
2169 4915 2421 4986 geritque
2472 4912 2614 4967 adeo
2659 4910 2899 4981 duplicis
2926 4913 3136 4964 natura:
3184 4905 3573 4976 proprietates,

2004 5015 2064 5063 ut
2124 5019 2247 5076 quas
2305 5004 2362 5059 in
2421 5003 2633 5059 duabus
2689 5000 2911 5058 naturis
2961 5005 3250 5055 noscatur.
3281 4995 3403 5062 Quo
3426 4996 3486 5051 ﬁt
3515 5001 3575 5048 ut

1618 5233 1856 5290 VARIIE
1899 5232 2308 5292 LECTIONES.

401 5337 419 5416 _‘
452 5337 1074 5416 polb._1cpom6usvog.
1094 5342 1164 5416 AS.
1196 5342 1304 5416 Hii.
1336 5352 1390 5416 et
1411 5344 1611 5416 Noster
1634 5343 2013 5416 τροπούμενοι.
2089 5351 2130 5374 ’³⁸
2165 5342 2320 5398 Edita
2353 5338 2626 5411 στυγητὸς
2678 5339 2775 5394 καὶ
2815 5335 3043 5410 μισητὸς
3089 5332 3278 5390 πάλαι.
3367 5336 3396 5365 ιι
3429 5325 3572 5383 Edit.

325 5413 420 5464 καὶ
453 5408 768 5481 λαμϐάνεις.
847 5419 874 5448 °
897 5408 1060 5468 Colb.
1085 5414 1112 5468 1
1145 5424 1200 5470 et
1233 5415 1324 5470 alii
1344 5408 1679 5486 ἀφράστου.’
1729 5425 1756 5463 ν
1784 5408 1914 5470 Mss.
1939 5416 1994 5485 ἡ.

1838 5551 2071 5609 ΝυΤιέΕ.

399 5668 512 5737 (63)
555 5669 649 5738 Οὐκ
687 5666 766 5738 γῆ
803 5668 1215 5738 καταχωννύς,
1284 5669 1409 5724 Non
1463 5678 1604 5724 terra
1651 5670 1896 5724 obruens.

327 5738 592 5810 Theologi
620 5737 803 5794 denuo
838 5737 1020 5794 verbis
1049 5737 1320 5808 signiﬁcat
1345 5739 1662 5808 deglutiisse
1694 5750 1897 5796 terram

2009 5667 2220 5722 Dathan
2271 5674 2321 5719 et
2365 5661 2593 5724 Abiron,
2633 5667 2688 5714 et
2737 5652 3044 5724 immissum
3096 5651 3300 5724 ignem,
3336 5664 3448 5722 quo
3473 5649 3582 5706 tiu-

2009 5737 2149 5793 crnti
2184 5745 2235 5790 et
2267 5721 2663 5804 quinquaginta
2695 5725 2799 5783 viri
2833 5739 2955 5780 cum
2990 5721 3139 5780 Core
3168 5721 3471 5794 perierunt.
