4072 6146
339 286 476 355 1113

1430 306 1529 368 DE
1570 307 1748 369 FIDE
1775 307 2237 373 ORTHODOXA
2264 315 2412 376 LIB.
2446 316 2544 378 IV.

3446 311 3587 378 111i

471 400 561 503 ὅτε
602 403 662 458 δὲ
713 404 936 504 γέγονεν
989 409 1296 483 ἄνθρωπος,
1337 417 1398 470 τὸ
1431 419 1686 487 Χριστὸς
1746 420 1917 492 δνομα

2029 423 2171 480 bium
2237 443 2398 483 nemo
2445 427 2729 484 revocabit
2786 425 3006 480 illorum
3059 425 3155 496 qui
3197 432 3347 481 recte
3377 427 3586 481 sentire

333 489 421 585 διά
461 491 579 585 *τῆς
645 497 848 567 σαρκὸς
900 501 1241 572 προσάγεται
1276 508 1332 573 ί,
1376 510 1566 581 ἐπειδὴ
1621 489 1907 566 ἀκολουθεῖ

2029 527 2437 574 :onsueverunt.
2489 538 2509 572 ›
2539 519 2682 585 Quin
2705 527 2759 574 et
2791 518 3128 574 Athanasius
3154 518 3209 572 in
3231 517 3480 572 oratione
3510 516 3590 571 De

332 580 410 650 τῷ
449 581 670 652 ὀνόματι
704 587 765 640 τὸ
793 590 964 656 πάθος
993 595 1088 647 καὶ
1114 596 1142 647 ό
1169 596 1416 662 θάνατος.
1449 617 1469 651 ι

2009 605 2240 660 salutari
2279 608 2504 662 adventu
2562 608 2784 674 Christi,
2825 608 2906 664 sic
2951 607 3234 677 loquitur:
3267 625 3284 659 ι
3323 605 3470 662 Deus
3493 611 3585 672 qui

334 685 459 775 3'"?
508 682 784 751 “Stabat.
831 701 998 756 (luam
1045 688 1101 743 in
1147 705 1314 747 carne
1352 693 1662 763 adveniret,
1691 711 2040 768 nequaquam
2069 701 2235 759 homo
2267 710 2413 771 erat,
2472 702 2570 759 sed
2609 703 2756 761 Deus
2815 705 2959 775 apud
3029 703 3222 770 Deum,
3287 703 3586 758 invisibilis

337 777 392 822 et
418 769 798 868 impassibilis.
836 779 1127 853 Postquam
1163 793 1344 841 autem
1382 785 1565 844 factus
1591 798 1679 846 est
1709 791 1897 858 homo,
1933 793 2140 851 Christi
2180 769 2638 868 nomen-propter
2676 769 2900 853 carnem
2935 795 3131 852 accivit
3167 769 3308 863 sibi;
3340 793 3588 866 quando-

334 865 558 932 quidem
591 871 780 938 passio
819 879 903 928 est
953 889 1104 931 mors
1142 878 1386 933 nominis
1431 881 1599 951 hujus
1633 885 1974 941 consectaria
2006 896 2157 943 sunt.
2189 909 2208 942 ι

405 960 470 1012 Ei.
494 961 549 1014 δὲ
577 967 671 1017 καὶ
710 965 742 1036 η
773 963 894 1019 θεία
913 967 1105 1042 Γραφή
1133 989 1303 1043 φησιο
1343 973 1446 1028 Διά
1493 976 1671 1031 τοῦτο
1709 977 1916 1047 ἐχρισέ

339 1067 412 1104 σε
455 1054 489 1106 ὀ
539 1055 704 1120 Θεὸς,
743 1059 777 1110 ό
806 1058 949 1125 Θεός
989 1074 1127 1128 σου,
1168 1062 1376 1118 ἔλαιον
1399 1066 1817 1136 ἀγαλλιάσεως
1863 1082 1912 1136 ιι,

343 1141 514 1196 ἰστέον
539 1144 614 1207 ὡς
634 1145 893 1212 πολλάκις
929 1149 1248 1226 κέχρηταιή
1280 1154 1400 1208 θεία
1440 1155 1631 1228 Γραφὴ
1649 1157 1728 1228 τῷ
1770 1175 1915 1231 παρ-

341 1235 578 1304 ῳχηκότι
621 1237 800 1307 χρόνῳ
852 1241 974 1295 ἀντὶ
1029 1243 1123 1296 τοῦ
1162 1245 1468 1316 μέλλοντος,
1523 1248 1599 1313 ὡς
1625 1249 1715 1303 τό·
1753 1250 1913 1305 Μετὰ

342 1325 527 1380 ταῦτα
577 1326 676 1380 ἐπὶ
720 1328 833 1398 τῆς
874 1331 990 1401 γῆς
1039 1333 1227 1405 ὤφθη,
1259 1338 1360 1391 καὶ
1410 1339 1533 1406 τοῖς
1583 1339 1914 1410 ἀνθρώποις

342 1418 831 1489 συνανεστράςρη.
867 1421 1036 1478 Οὔπω
1065 1426 1175 1498 γὰρ
1201 1427 1355 1500 ὤφθη
1377 1471 1392 1495 ,
1418 1431 1538 1484 οὐδὲ
1556 1433 1916 1504 συνανεστρά-

347 1524 416 1578 τμη
452 1508 584 1574 Θεὸς
637 1512 964 1583 ἀνθρώποις,
1004 1516 1094 1570 ὅτε
1146 1519 1321 1573 ταῦτα
1369 1521 1605 1590 ἐλέγετο.
1653 1524 1764 1577 Καὶ
1812 1523 1908 1577 τόο

372 1600 488 1653 Eat
521 1601 638 1654 τῶν
673 1605 954 1674 ποταμῶν
985 1617 1012 1647 ν
1040 1610 1425 1678 Βαϐυλῶνος,
1479 1613 1610 1668 ἐκεῖ
1635 1616 1914 1670 ἐκαθίσα-

2089 981 2245 1049 Quod
2300 984 2438 1042 siin
2488 983 2689 1040 divinis
2737 997 2956 1055 quoque
3004 979 3302 1050 Scripturis
3339 978 3585 1034 dicitur:

2020 1072 2307 1142 Propterea
2329 1073 2482 1126 unxit
2501 1080 2549 1127 te
2572 1071 2736 1136 Deus,
2770 1071 2914 1126 Deus
2946 1080 3085 1135 tuus,
3133 1069 3244 1124 oleo
3286 1068 3482 1124 (milite
3517 1068 3584 1132 ³⁷,

2021 1165 2163 1220 scire
2212 1164 2405 1220 attinet
2427 1162 2769 1234 Scripturam
2801 1177 3014 1217 sacram
3036 1160 3306 1232 praeterito
3343 1167 3588 1228 tempore

2020 1269 2120 1326 pro
2147 1253 2332 1308 futuro
2355 1268 2498 1324 saepe
2525 1254 2624 1308 uti.
2658 1252 2779 1318 Quo
2811 1253 2865 1306 in
2899 1266 3095 1322 genere
3125 1249 3256 1303 illud
3275 1255 3358 1305 est
3386 1267 3400 1302 :
3429 1247 3588 1302 Post-

2019 1347 2128 1400 Iuec
2157 1345 2214 1399 in
2253 1353 2396 1398 terra
2437 1345 2578 1399 visus
2612 1352 2711 1409 est,
2739 1353 2786 1397 et
2816 1359 2932 1396 cum
2971 1341 3270 1395 hominibus
3316 1355 3588 1394 conversa-

2020 1445 2104 1491 tus
2131 1446 2210 1490 est
2235 1435 2298 1489 ³⁸.
2317 1434 2559 1489 Necdum
2584 1435 2728 1490 enim
2756 1421 2912 1488 visus
2939 1432 3116 1488 fuerat
3151 1430 3315 1495 Deus,
3341 1443 3442 1484 nec
3466 1442 3589 1484 cum

2021 1527 2338 1583 hominibus
2384 1537 2641 1583 versatus
2675 1526 2871 1591 fuerat,
2904 1539 3028 1580 cum
3064 1526 3192 1578 haec-
3213 1523 3535 1578 dicebantur
3572 1537 3586 1574 :

2019 1618 2261 1688 Itemque
2307 1617 2488 1672 illud:
2524 1616 2694 1687 Super
2739 1617 2964 1685 ﬂumina
3007 1615 3300 1685 Babylonis
3349 1613 3462 1666 illic
3509 1627 3592 1667 se-

339 1704 476 1756 μεν,
519 1691 617 1744 καὶ
651 1693 1058 1768 ἐκλαύσαμεν.
1107 1699 1331 1754 Οὐδέπω
1368 1701 1478 1774 γὰρ
1522 1705 1696 1759 ταῦτα
1731 1705 1918 1773 ἐγεγό-

2029 1711 2195 1764 dimus
2237 1720 2287 1764 et
2327 1708 2566 1778 ﬂeuimus
2606 1710 2674 1762 ³⁸.
2703 1707 2958 1763 Nondum
3002 1707 3149 1762 enim
3187 1706 3301 1760 haec
3347 1702 3592 1774 contige-

349 1798 448 1834 νει.

883 1881 1134 1938 ΚΕΦΑΛ.
1167 1885 1220 1937 Ζν
1245 1883 1378 1956 [n'].

2021 1809 2164 1857 rant.

2655 1890 2808 1946 CAP.
2847 1888 2959 1944 Vll.

348 1964 488 2056 Περὶ
517 1967 659 2056 troia;
671 1969 1116 2056 ἐπειρωτῶντας,
1141 1978 1194 2056 ei
1215 1975 1324 2056 (fcio
1343 1979 1562 2056 φύσεις
1587 1979 1922 2056 ἐγέννησεν

2029 1995 2100 2039 Λα
2124 2003 2210 2040 eos
2237 1989 2327 2056 qui
2349 1984 2712 2056 sciscitantur,
2749 1997 2819 2035 an
2847 1988 3036 2056 sancta
3060 1977 3155 2032 Dei
3175 1975 3417 2056 Genitria:
3456 1973 3593 2029 duas

417 2036 456 2102 ἡ
494 2038 632 2116 aria
667 2036 972 2116 βεοτόκος,
1015 2036 1187 2100 καίει
1209 2045 1318 2100 δύο
1343 2036 1578 2116 ’φύσεις
1604 2036 1702 2102 ἐπὶ
1725 2036 1911 2106 σὲαυ-

409 2107 524 2173 ροῦ
545 2107 892 2177 ἐκρέμαντο.

415 2196 632 2263 Φύσεως
659 2200 762 2271 μέν
787 2204 905 2257 ἐστι
929 2203 990 2257 τὸ
1008 2205 1277 2279 ἀγένητον
1308 2209 1403 2263 καὶ
1435 2210 1682 2282 γενητὸν,
1713 2211 1800 2266 διὰ
1825 2212 1921 2266 τοῦ

349 2288 469 2351 ἑνὸς
492 2306 532 2344 ν
574 2293 944 2366 γραφόμενον,
985 2297 1124 2370 ὅπερ
1169 2299 1322 2371 δηλοῖ
1351 2301 1412 2355 τὸ
1447 2302 1701 2358 ἄκτιστον
1737 2305 1832 2359 καὶ
1862 2304 1924 2357 τὸ

350 2380 564 2434 κτιστόν
584 2398 596 2411 ·
629 2383 689 2436 τὸ
740 2385 798 2438 δὲ
822 2387 1119 2460 ἀγέννητον
1136 2391 1232 2444 καὶ
1269 2393 1548 2464 γεννητὸν,
1578 2395 1639 2447 οὐ
1672 2395 1886 2464 φύσεως
1905 2435 1921 2461 ,

347 2471 465 2526 ἀλλ’
485 2474 837 2542 ὑποστάσεως
857 2496 872 2512 ·
897 2479 1016 2550 ἦτοι
1043 2481 1104 2534 τὸ
1134 2484 1461 2556 γεννηθῆναι
1504 2486 1597 2539 καὶ
1630 2485 1704 2557 μὴ
1734 2503 1926 2558 γεννη-

347 2563 506 2635 θῆναι
525 2582 540 2598 ο
575 2567 713 2640 ὅπερ
739 2568 828 2623 διὰ
854 2570 964 2625 τῶν
992 2571 1086 2625 δύο
1107 2590 1185 2628 νν
1208 2574 1499 2646 ἐκφέρεται
1530 2589 1580 2630 κ.
1629 2577 1784 2630 Ἔστι
1827 2578 1925 2649 μὲν

347 2654 438 2711 οὖν
467 2661 500 2728 ἡ
535 2659 632 2729 μὲν
656 2659 776 2740 θεία
799 2661 959 2730 φύσις
984 2664 1271 2736 ἀγένητος,
1297 2667 1417 2736 ἢτοι
1449 2669 1722 2735 ἄκτιστος,
1747 2671 1926 2724 πάντα

346 2749 405 2802 δὲ
443 2751 512 2803 τὰ
545 2751 686 2820 μετὰ
735 2752 834 2823 τὴν
867 2753 1018 2807 θείαν
1068 2756 1230 2824 φύσιν
1282 2759 1507 2828 γενητὰ,
1558 2760 1678 2831 ἦτοι
1708 2761 1923 2815 κτιστά.

348 2839 645 2910 Θεωρεῖται
671 2841 852 2895 τοίνυν
884 2843 942 2896 ὲν
977 2844 1075 2913 μὲν
1107 2848 1175 2916 τῇ
1204 2844 1324 2918 θείᾳ
1355 2849 1449 2901 καὶ
1477 2849 1721 2920 ἀκτίστῳ
1745 2850 1926 2919 φύσει,

347 2931 410 2981 τδ
450 2931 551 2998 μὲν
574 2931 869 3002 ἀγέννητον
898 2933 957 2986 ὲν
991 2933 1070 3005 τῷ
1093 2936 1299 3008 Πατρί·
1351 2938 1411 2990 οὐ
1459 2938 1569 3010 γὰρ
1623 2941 1888 3012 ἐγεννήθη
1911 2957 1925 2971 ⁸

2091 2048 2316 2110 naturas
2369 2055 2641 2125 genuerit;
2684 2060 2732 2104 et
2789 2067 2859 2104 an
2914 2049 3036 2102 dua:
3083 2056 3292 2101 natura
3334 2048 3391 2098 in
3444 2059 3596 2098 cruce

2090 2125 2449 2195 pependerint.

2092 2213 2498 2272 Severianorum
2550 2218 2706 2268 sowtt
2754 2209 3123 2278 objectionem.
3178 2203 3370 2276 ,Prima
3409 2222 3444 2258 α
3488 2205 3596 2260 Deo

2022 2316 2224 2375 creata,
2264 2307 2522 2378 ingenita,
2567 2306 2623 2360 id
2650 2307 2742 2372 :est
2788 2319 2894 2358 non
2946 2317 3078 2357 nata
3128 2315 3197 2355 ea;
3252 2299 3398 2354 aliis.
3437 2297 3597 2368 Gigni

2020 2416 2256 2470 persona:
2281 2408 2382 2466 est,
2417 2414 2522 2453 non
2551 2407 2780 2452 naturae.
2802 2427 2872 2439 —-
2903 2395 3190 2465 Ἀγενητον
3245 2398 3301 2448 et
3348 2389 3595 2460 γενητὸν,

2023 2507 2149 2548 cum
2180 2493 2345 2548 unico
2377 2509 2407 2546 ν
2445 2492 2768 2548 scribuntur
2797 2490 2864 2557 ⁸ο,
2895 2495 3106 2543 natura:
3134 2484 3498 2548 conveniunt,
3520 2482 3599 2538 si-

2024 2586 2392 2657 gniﬁcantque
2429 2584 2734 2639 increatum
2777 2589 2832 2636 et
2869 2587 3120 2636 creatum
3155 2596 3170 2633 :
3204 2585 3260 2631 at
3301 2575 3599 2645 ἀγέννητον

2024 2684 2079 2732 et
2103 2675 2384 2746 γεννητὸν,
2413 2674 2466 2730 id
2498 2683 2606 2742 est,
2648 2673 2950 2746 ingenitum
2986 2678 3041 2726 et
3071 2671 3312 2742 genitum
3331 2709 3346 2736 ,
3380 2667 3470 2722 ubi
3501 2665 3600 2721 duo

2025 2769 2154 2839 plici
2171 2786 2231 2843 vv
2259 2767 2586 2834 eﬂeruntur,
2613 2781 2722 2821 non
2753 2773 2986 2828 naturae,
3016 2762 3109 2819 sed
3132 2776 3380 2833 personae
3407 2773 3606 2815 conve-

2027 2860 2208 2915 niunt.
2239 2859 2408 2914 Porro
2438 2859 2621 2913 divina
2669 2858 2889 2928 quidem
2924 2865 3140 2920 natura,
3190 2854 3454 2923 ἀγένητος
3497 2858 3602 2916 est,

2030 2949 2147 3006 sive
2194 2949 2478 3004 iucreata:
2510 2956 2706 3003 caetera
2763 2960 2894 3000 vero
2948 2954 3146 3016 praeter
3196 2942 3361 3013 258
3409 2942 3603 3010 ipsam,

348 3019 412 3072 τὸ
438 3020 496 3072 δὲ
517 3022 772 3093 γεννητὸν
808 3025 866 3077 ἐν
902 3023 980 3095 τῷ
1001 3025 1118 3094 Υἱῷ
1142 3041 1157 3058 ο
1200 3027 1267 3080 ὲκ
1296 3029 1512 3100 Πατρὸς
1544 3039 1574 3079 1
1605 3029 1714 3103 γὰρ
1741 3033 1927 3095 ἀϊδίως

2029 3039 2257 3110 γενητὰ,
2291 3040 2407 3095 sive
2467 3039 2634 3093 facta.
2671 3037 3071 3093 Consideratur
3103 3034 3290 3103 itaque
3322 3032 3379 3086 in
3422 3029 3607 3084 divina

351 3110 676 3182 γεγέννηται
697 3130 711 3144 ο
743 3113 804 3167 τὸ
830 3113 887 3167 δὲ
909 3115 1243 3185 ἐκπορευτδν
1265 3121 1323 3172 ὲν
1352 3119 1430 3189 τῷ
1461 3121 1602 3192 ἁγίῳ
1626 3122 1926 3194 Πνεύματι.

363 3209 625 3263 Ἐκάστου
656 3209 713 3262 δὲ
744 3209 918 3275 εἴδους
950 3211 1126 3277 ζώων,
1162 3213 1231 3267 τὰ
1257 3213 1356 3284 μὲν
1393 3214 1604 3286 πρῶτα,
1632 3217 1926 3290 ἀγέννητα,

350 3298 578 3354 ἀλλὀὐκ
601 3300 841 3371 ἀγένητα
859 3319 872 3334 ’
897 3303 1157 3372 γεγόνασι
1184 3304 1293 3374 γὰρ
1323 3304 1428 3358 ὑπὸ
1448 3305 1542 3359 τοῦ
1558 3307 1926 3380 Δημιουργοῢ,

351 3392 452 3444 οὐκ
482 3393 851 3465 ἐγεννήθησαν
878 3395 935 3447 δὲ
971 3393 1030 3460 ἐξ
1052 3395 1272 3466 ὁμοίων.
1307 3397 1526 3460 Γένεσις
1556 3397 1657 3467 μὲν
1683 3397 1790 3469 γὰρ
1815 3400 1931 3452 κτί-

353 3499 439 3544 σις
461 3482 580 3535 ὲστί
599 3500 614 3516 ο
661 3482 913 3554 γέννησις
947 3483 1024 3547 δὲ,
1056 3485 1152 3537 ἐπὶ
1195 3487 1292 3556 μὲν
1325 3486 1482 3551 Θεοῦ,
1516 3488 1582 3541 ἐκ
1619 3488 1782 3558 μόνου
1814 3490 1929 3543 Πα-

352 3571 514 3643 τρὺς,
559 3574 847 3644 όμοουσίου
889 3573 1021 3628 Υίοΰ
1058 3574 1320 3645 πρόοδος*
1361 3577 1453 3629 ἐπὶ
1487 3576 1545 3631 δὲ
1579 3577 1686 3630 τῶν
1738 3578 1928 3646 σωμά-

354 3681 462 3718 των
493 3675 538 3726 ³,
570 3667 689 3737 ήέκ
715 3669 1006 3740 συναφείας
1036 3669 1266 3742 ἄρρενός
1295 3687 1356 3724 τε
1390 3671 1487 3724 καὶ
1520 3670 1758 3742 θηλείας,
1795 3674 1930 3742 ὀμο-

354 3757 536 3811 ουσίου
569 3758 923 3830 ὑποστάσεως
953 3761 1201 3833 πρόοδος.
1231 3762 1395 3817 Ὅθεν
1426 3761 1768 3834 γινώσκομεν
1793 3761 1929 3835 (65),

353 3847 430 3912 ὡς
457 3850 558 3903 οὐκ
581 3848 696 3905 ἔστι
729 3850 948 3921 φύσεως
975 3853 1037 3906 τὸ
1066 3853 1386 3922 γεννᾶσθαι,
1412 3854 1529 3908 ἀλλ’
1558 3855 1932 3920 ὑποστάσεως.

354 3941 419 3993 El
451 3940 562 4013 γὰρ
591 3941 808 4011 φύσεως
831 3938 922 4014 ἦν,
947 3943 1051 3998 οὐκ
1095 3943 1163 3999 ἂν
1206 3946 1266 4000 ὲν
1301 3949 1370 4016 τῇ
1404 3945 1564 4015 φύσει
1585 3946 1648 4000 τὸ
1677 3946 1935 4018 γεννητὸν

355 4031 644 4103 ὲθεωρεῖτο
665 4033 760 4088 καὶ
778 4034 840 4088 τὸ
861 4034 1183 4107 ἀγέννητον.
1217 4035 1546 4098 ’Υπόστασιν
1568 4037 1749 4092 τοίνυν
1778 4037 1936 4107 ἐγέν-

355 4139 520 4194 νησεν
543 4127 577 4197 ἡ
629 4126 761 4195 ἁγία
809 4126 1075 4192 Θεατόκος
1107 4129 1166 4180 ὲν
1194 4127 1316 4182 δυσὶ
1359 4128 1771 4200 γνωριζομένην
1815 4131 1937 4193 ταῖς

307 4245 322 4256 -
356 4213 574 4283 φύσεσι,
623 4215 837 4287 θεότητι
875 4215 996 4286 μὲν,
1029 4217 1094 4270 ὲκ
1127 4217 1342 4289 Πατρὸς
1364 4218 1718 4288 γεννηθεῖσαν
1760 4219 1931 4291 ἀχρό-

2031 3132 2252 3202 quidem
2282 3139 2336 3188 et
2381 3131 2626 3186 increata
2659 3137 2876 3195 natura,
2929 3127 3156 3200 ingeniti
3194 3125 3504 3197 proprietas
3551 3121 3606 3175 in

2030 3223 2192 3280 Patre
2216 3222 2417 3294 (neque
2440 3221 2587 3277 enim
2614 3220 2708 3275 ille
2737 3219 2954 3290 genitus
2967 3218 3094 3290 est),
3120 3212 3400 3287 generatio
3426 3218 3606 3265 autem
3687 3247 3692 3253 .

2027 3316 2086 3372 in
2123 3315 2262 3370 Filio
2289 3313 2582 3386 (siquidem
2603 3302 2683 3369 ex
2709 3310 2872 3366 Patre
2903 3309 3234 3379 sempiterne
3285 3309 3449 3358 natus
3479 3299 3605 3370 est);

2031 3406 2318 3479 processio
2366 3405 2602 3475 denique
2661 3405 2719 3459 in
2768 3402 2974 3474 Spiritu
3013 3404 3226 3456 sancto.
3272 3393 3332 3449 In
3365 3391 3610 3464 qualibet

2033 3503 2217 3552 autem
2248 3495 2611 3550 animantium
2645 3493 2849 3563 specie,
2885 3505 2949 3546 ea
2977 3503 3100 3560 quae
3127 3493 3254 3542 sunt
3277 3483 3456 3555 primo
3481 3494 3608 3550 pro-

2033 3587 2200 3642 ducta
2232 3585 2503 3656 ἀγὲννητα
2533 3584 2776 3655 quidem,
2811 3584 2926 3639 sive
2948 3579 3185 3652 ingenita
3219 3583 3388 3640 sunt;
3424 3579 3482 3626 at
3501 3583 3616 3637 non.

2035 3678 2166 3734 item
2197 3677 2455 3747 ἀγένητα,
2488 3675 2572 3732 vel
2625 3675 2889 3729 increata.
2926 3671 3140 3728 Etenim
3169 3683 3202 3724 a
3243 3680 3460 3724 summo
3486 3663 3616 3733 Opi-

2036 3765 2141 3821 ﬂce
2186 3771 2372 3820 creata
2427 3769 2593 3830 sunt;
2637 3777 2746 3816 non
2792 3767 2975 3816 autem
3023 3774 3092 3816 ex
3138 3755 3414 3814 similibus
3461 3759 3610 3808 nata.

2037 3855 2174 3912 Nam
2200 3855 2443 3926 γένησις,
2497 3853 2724 3925 quidem
2753 3851 2965 3909 creatio
2998 3858 3101 3907 est.
3137 3848 3208 3903 At
3241 3847 3516 3918 γέννησις,
3559 3843 3611 3897 id

2037 3956 2145 4017 est,
2177 3947 2482 4020 generatio,
2512 3962 2640 4003 cum
2667 3946 2736 4002 de
2765 3945 2876 4001 Deo
2902 3943 3105 4016 agitur,
3134 3949 3220 3999 est
3253 3939 3617 3996 consubstan-o

2039 4041 2187 4097 tialis
2237 4039 2362 4094 Filii
2412 4055 2480 4096 ex
2536 4039 2654 4096 solo
2709 4037 2874 4092 Patre
2919 4043 3275 4092 ortuszcum
3309 4040 3494 4086 autem
3549 4029 3618 4084 de

2039 4129 2386 4200 corporibus,
2425 4126 2919 4184 consubstantialis
2958 4139 3212 4196 personae
3245 4137 3312 4176 ex
3363 4119 3531 4174 maris
3562 4127 3617 4172 et

2036 4219 2254 4278 feminae
2283 4222 2572 4292 complexu
2604 4234 2922 4291 processus.
2952 4217 3032 4273 Ex
3079 4229 3190 4286 quo
3232 4211 3616 4282 perspicimus,

356 4323 486 4373 νως,
511 4306 596 4360 ἐπ’
627 4306 876 4378 ὲσχάτων
905 4306 986 4373 δὲ,
1012 4308 1072 4361 ὲν
1100 4307 1278 4381 χρόνῳ
1315 4307 1375 4377 ἐξ
1403 4307 1592 4381 ,αὐτῆς
1630 4309 1927 4381 σαρκωθεῖ-

2039 4313 2191 4385 gigni
2221 4327 2333 4368 non
2369 4312 2436 4366 ad
2461 4321 2738 4376 naturam,
2763 4309 2860 4365 sed
2893 4307 2960 4363 ad
2987 4317 3282 4377 personam
3321 4299 3614 4370 pertinere.

357 4413 477 4464 σαν,
508 4399 605 4452 καὶ
639 4398 805 4470 σαρκὶ
829 4397 1183 4470 τικτομένην.

2039 4404 2176 4460 Nam
2200 4406 2248 4461 si
2283 4405 2350 4460 ad
2380 4411 2634 4458 naturam
2663 4407 2960 4472 spectaret,
2983 4397 3406 4465 haudquaquam
3433 4391 3488 4446 in
3511 4404 3619 4444 una

355 4487 657 4561 eademque
684 4497 886 4546 natura
908 4490 1154 4563 genitum
1183 4497 1238 4548 et
1270 4491 1573 4565 ingenitum
1597 4505 1937 4552 cerneretur.
1974 4495 2108 4551 Eam
2156 4495 2229 4551 ob
2269 4508 2384 4551 rem
2431 4501 2624 4550 sancta
2657 4490 2755 4546 Dei
2783 4487 3037 4545 Genitrix
3079 4495 3372 4556 personam
3436 4477 3622 4551 genuit

440 4628 648 4686 "Psal.
689 4645 837 4696 κων,
868 4631 921 4687 8.
1000 4630 1048 4665 ³⁸
1096 4629 1334 4686 Baruch.
1387 4645 1469 4698 ιιι,
1499 4630 1587 4688 58.

1694 4632 1739 4664 ³⁸
1773 4631 1923 4689 Psal.
1955 4647 2179 4698 cum,
2215 4633 2268 4687 1.

2383 4630 2428 4662 ιο
2461 4629 2594 4701 Sup.
2656 4627 2752 4685 lib.
2783 4645 2823 4696 1,
2857 4641 2908 4682 c.
2940 4625 2991 4682 9.

1387 4761 1427 4799 κ
1696 4749 1932 4823 viciam
1959 4766 2369 4824 LECTlO-NES.

433 4881 456 4950 β
501 4880 563 4936 lu
619 4881 806 4938 multis
855 4880 1016 4937 codd.
1075 4887 1132 4937 et
1195 4880 1339 4950 apud
1393 4879 1753 4950 Athanasium
1812 4881 1902 4934 ὅτε

2029 4899 2057 4935 ν
2098 4881 2161 4934 τὸ
2221 4877 2458 4950 Χριστὸς
2516 4877 2690 4950 ὄνομα
2712 4875 2868 4950 -ῥίχα
2901 4874 3011 4950 τῇς
3037 4871 3244 4950 σαρκρς
3266 4872 3620 4950 προσάγεται.

356 4957 387 4988 ιι
415 4949 622 5022 Desunt
661 4954 749 5007 hae
803 4951 926 5006 dua:
981 4965 1146 5007 voces
1189 4944 1265 5022 in
1320 4951 1445 5006 cod.
1483 4949 1707 5022 S._Hil.
1771 4951 2004 5022 aliisque
2025 4951 2235 5022 Regiis,
2263 4944 2319 5022 i'n
2360 4944 2830 5022 Colb._et'in_N._"
2857 4955 2884 4984 ν
2914 4944 3061 5000 Edit.

363 5033 395 5066 ι
423 5021 484 5079 In
505 5022 572 5078 Β.
591 5022 732 5077 2427
754 5037 923 5094 supra
954 5022 1155 5078 lineam
1187 5021 1428 5090 λέγεται.
1502 5029 1532 5070 1
1555 5020 1623 5074 Β.
1654 5021 1690 5075 2
1722 5027 1778 5076 et
1813 5021 1884 5076 N.
1915 5020 1927 5073 ἓ

2029 5020 2106 5076 toﬁ
2119 5020 2128 5022 ’
2140 5021 2372 5093 Πατρός.

2451 4950 2516 5004 Ib.
2547 4942 2686 5003 et'in
2711 4947 2777 5004 N.
2797 4942 2830 4947 ’⁷
2857 4955 2884 4984 ν
2914 4942 3061 5000 Edit.
3110 4942 3206 4997 ἐπὶ
3232 4942 3326 4998 τὸν
3360 4942 3623 5014 ποταμόν.

2451 5019 2620 5077 ιΜεε.
2659 5017 2897 5090 plurima
2928 5013 3263 5087 κτισμάτων.

1865 5153 2098 5213 NOTAE.

433 5271 761 5344 (65)_'00s'r
832 5269 1230 5344 rtgtbaxopsr.
1288 5269 1391 5344 Εαῄ
1421 5287 1524 5342 quo
1569 5270 1938 5344 perspicimus.

362 5341 520 5410 Quod
555 5342 876 5398 Latinorum
900 5341 1120 5397 Patrum
1151 5341 1320 5412 aliqui
1339 5341 1618 5412 dixerant,
1642 5341 1940 5397 essentiam

2043 5290 2078 5328 n
2122 5289 2243 5329 mus
2299 5270 2443 5342 apud
2495 5268 2866 5342 Euthymium,
2900 5281 2957 5336 p.
2983 5264 3041 5328 2,
3089 5263 3176 5317 tit.
3227 5257 3260 5314 8
3287 5259 3363 5314 ait
3397 5276 3412 5312 :
3451 5256 3624 5310 Beat“

2055 5290 2212 5397 lyirao
2250 5342 2420 5397 Deum
2438 5340 2647 5397 quidem
2669 5338 2866 5397 genuit,
2894 5351 2997 5389 non
3021 5343 3197 5388 autem
3221 5330 3506 5390 deitatem;
3535 5310 3624 5397 sed

2100 5330 2212 5414 irgo
2250 5330 2420 5397 Deum
2438 5330 2656 5411 quidem.
2668 5330 2878 5414 genuit,
2894 5330 2997 5389 non
3021 5343 3197 5388 autem
3221 5330 3506 5414 deitatem;
3533 5343 3557 5414 Is

363 5395 877 5484 divinamgignere
891 5395 1146 5482 egigni,
1182 5395 1286 5484 hoc
1309 5395 1551 5484 tandem
1571 5395 1824 5484 usurpari
1852 5427 1944 5484 ve-_-
2044 5395 2265 5484 deit‘atis
2295 5395 2519 5484 persona
2558 5395 2810 5484 naturam
2854 5395 3486 5484 humanmanassuntpsit.
3516 5395 3626 5484 illic

365 5483 468 5538 luit
497 5479 742 5554 synodus
779 5498 832 5536 ιν
857 5479 1265 5538 Lateranensis.
1297 5480 1594 5554 Generatio
1640 5482 1845 5554 quippe
1874 5479 1941 5534 ad

371 5551 667 5608 essentiam
726 5561 1046 5606 naturamve
1102 5568 1213 5607 non
1263 5553 1610 5618 terminatur,
1638 5551 1745 5606 nisi
1784 5551 1940 5605 utea

365 5621 624 5678 subsistit
655 5622 708 5676 in
736 5633 989 5691 persona.
1027 5619 1120 5673 Sic
1143 5621 1304 5689 vulgo
1326 5621 1500 5677 Graeci
1549 5630 1739 5676 contra
1775 5621 1943 5688 Apol-

370 5691 649 5749 linaristas
678 5689 1126 5760 ct'Eutychianos
1149 5691 1518 5760 disputarunt.
1546 5691 1681 5746 Nam
1708 5700 1761 5750 ut
1797 5691 1944 5746 Ano-

2043 5466 2122 5538 est
2140 5466 2254 5538 Dei
2275 5466 2474 5548 Filius,
2499 5491 2579 5547 ut,
2611 5482 2699 5550 qui
2727 5480 2784 5550 in
2823 5477 2965 5530 oculis
2997 5482 3098 5538 est,
3132 5466 3528 5550 Filiusﬂitidem
3553 5467 3622 5547 sit

2045 5537 2099 5608 in
2129 5537 2304 5618 terris,
2328 5563 2377 5608 et
2403 5537 2696 5621 proprietas
2721 5549 2942 5600 immota
2961 5537 3292 5613 permaneat.
3310 5537 3466 5610 Gigni
3484 5537 3628 5592 enim

2049 5643 2150 5678 mm
2184 5619 2532 5689 naturw'fuit,
2552 5619 2639 5674 sed
2662 5630 2917 5686 personis.
