4072 6146
247 250 377 315 1121

1303 261 1401 322 DE
1423 261 1598 321 FIDE
1629 259 2092 320 ORTHODOXA
2132 260 2278 320 LIB.
2306 259 2383 320 IV

3389 259 3524 322 1122

243 372 391 443 ὕδωρ
436 373 536 444 μὲν
583 375 662 438 εἰς
715 376 1081 450 ἀναγέννησιν
1130 377 1226 432 καὶ
1280 379 1570 434 ὲπίκλυσιν
1618 379 1717 448 τῆς
1771 395 1822 430 τε

1933 378 2337 450 consequendae
2360 390 2528 432 causa
2561 391 2661 433 nos
2683 375 2829 433 Deus
2851 375 3174 432 condiderat
3205 377 3286 445 ⁶⁰;
3318 377 3521 433 violato

241 463 523 534 ἁμαρτίας
573 465 670 519 καὶ
725 469 826 539 τῆς
879 469 1120 542 φθορᾶς·
1165 465 1306 540 αἷμα
1346 469 1425 535 δὲ,
1461 470 1623 523 πότον
1675 468 1826 539 ζωῆς

240 555 416 607 ἀϊδίου
448 555 728 626 πρόξενον.
778 560 1028 624 Ἐντολὰς
1057 561 1114 614 δὲ
1151 562 1284 632 ἡμῖν
1311 561 1510 614 δέδωκε
1538 559 1606 613 δι’
1638 559 1831 623 ὕδατος

240 647 648 714 ἀναγεννᾶσοαι
671 651 766 704 καὶ
795 652 1134 723 Πνεύματος,
1163 652 1230 704 δι’
1260 651 1555 716 ἐντεύξεως
1587 651 1685 705 καὶ
1709 651 1832 704 ἐπι-

243 738 516 807 κλήσεως,
551 739 630 811 τῷ
667 741 821 795 ὕδατι
873 743 1260 813 ἐπιφοιτῶντος
1314 742 1408 797 τοῦ
1443 743 1603 812 ἁγίου
1654 742 1828 797 Πνεύ-

243 847 438 899 ματος.
491 832 712 904 Ἐπειδὴ
737 834 846 904 γὰρ
886 833 1107 898 διπλοῦς
1134 837 1162 888 ὁ
1190 833 1498 906 ἄνθρωπος,
1530 835 1595 887 ἐκ
1647 833 1829 904 ψυχῆς

239 937 301 972 τε
330 919 427 972 καὶ
467 919 744 990 σώματος,
768 923 965 993 διπλῆν
1009 925 1142 996 ἡμῖν
1171 924 1340 979 ἔδωκε
1369 924 1467 977 καὶ
1499 923 1596 995 τὴν
1620 923 1830 994 κάθαρ-

241 1027 349 1074 σιν,
399 1008 465 1064 δι’
501 1008 694 1076 ὕδατός
745 1029 806 1064 τε
837 1015 946 1081 γκαὶ
997 1015 1316 1087 Πνεύματος
1340 1031 1353 1045 ⁸
1379 1013 1474 1067 τοῦ
1528 1014 1628 1084 μὲν
1649 1013 1823 1066 Πνεύ-

243 1118 434 1169 ματος,
473 1102 535 1154 τὸ
578 1104 698 1156 κατ’
741 1104 927 1158 εἰκόνα
979 1107 1074 1160 καὶ
1116 1106 1240 1162 καθ’
1287 1107 1546 1178 ὁμοίωσιν
1583 1107 1642 1158 ὲν
1693 1107 1824 1176 ἡμῖν

243 1191 710 1257 ἁνακαινίζοντος,
743 1194 838 1247 τοῦ
861 1195 919 1250 δὲ
950 1196 1162 1262 ὓδατος,
1194 1198 1283 1252 διὰ
1315 1199 1416 1268 τῆς
1443 1197 1534 1250 τοῦ
1574 1195 1830 1266 Πνεύμα-

239 1299 334 1345 τος
362 1283 586 1354 χάριτος
621 1285 978 1356 καθαίροντος
1001 1289 1062 1342 τὸ
1093 1289 1254 1360 σῶμα
1273 1288 1376 1360 τῆς
1403 1288 1700 1360 ἁμαρτίας,
1727 1289 1822 1341 καὶ

236 1373 335 1444 τῆς
392 1374 599 1446 φθορᾶς
627 1375 1229 1446 ἀπαλλάττοντος,καὶ
1279 1380 1380 1450 τὴν
1432 1379 1527 1433 τοῦ
1580 1379 1814 1434 Θανάτου

236 1463 424 1517 εἰκόνα
473 1464 875 1536 ἐκπληροῦντος
905 1467 999 1521 τοῦ
1035 1468 1249 1536 ὕδατος,
1289 1469 1382 1524 τὸν
1420 1470 1477 1524 δὲ
1515 1470 1615 1540 τῆς
1664 1470 1812 1540 ζωῆς

236 1554 538 1627 ἀρραϐῶνα
563 1561 940 1630 παρεχομένου
975 1561 1069 1615 τοῦ
1099 1561 1441 1634 Πνεύματος.

229 1647 511 1718 duplicem
576 1649 806 1718 proinde
858 1653 1019 1709 nobis
1078 1655 1459 1726 purgationem
1499 1653 1670 1720 dedit,
1723 1669 1822 1726 per
1853 1668 2052 1725 aquam
2087 1654 2348 1708 nimirum
2384 1661 2440 1710 et
2473 1653 2741 1724 Spiritum
2778 1671 2792 1708 :

1933 478 2114 526 autem
2141 470 2262 540 ejus
2289 477 2583 538 praecepto,
2617 469 2810 525 mortis
2843 469 2985 534 labe,
3023 486 3088 523 ne
3120 477 3442 539 perpetuum
3467 479 3524 526 et

1932 561 2248 617 immortale
2277 560 2481 614 malum
2517 570 2685 623 esset,
2714 576 2816 617 nos
2850 561 2978 614 item
3027 561 3394 626 multaverat;
3440 562 3522 615 id-

1931 651 2082 708 circo
2128 667 2228 722 pro
2267 666 2366 706 sua
2418 650 2758 720 indulgentia
2810 665 2931 706 sese
2959 652 3156 716 1servis
3202 652 3518 716 inclinans,

1930 742 2214 813 nostrique
2251 741 2451 798 similis
2479 740 2726 804 effectus,
2760 741 3029 810 passione
3061 757 3160 798 sua
3200 756 3302 796 nos
3337 757 3365 794 a
3399 757 3522 795 cor-

1929 835 2186 904 ruptione
2220 832 2544 894 vindicavit,
2597 840 2650 885 et
2687 846 2753 885 ex
2807 840 3002 886 saneto
3055 841 3109 886 et
3169 833 3521 886 immaculato

1931 939 2034 980 suo
2072 924 2245 979 latere
2289 924 2463 980 ileniae
2512 923 2720 977 fontem
2769 923 2932 977 nobis
2969 924 3152 978 emisit
3189 925 3231 955 ⁶¹
3267 944 3279 978 :
3318 939 3517 991 aquam

1933 1018 2142 1073 scilicet
2171 1016 2236 1070 ad
2270 1015 2775 1085 regenerationem,
2815 1029 3031 1069 necnon
3065 1017 3274 1082 peccati
3311 1025 3363 1068 et
3397 1030 3520 1067 eor-

1935 1109 2164 1179 rnptelae
2210 1108 2641 1167 abstersionem;
2680 1106 3006 1176 sanguinem
3040 1120 3170 1160 vero
3222 1107 3273 1159 in
3329 1115 3516 1174 potum

1936 1201 2029 1270 qui
2070 1200 2239 1253 vitam
2270 1209 2529 1253 aeternam
2578 1206 2920 1267 procuraret.
2959 1195 3102 1263 Quin
3150 1198 3252 1252 iIOC
3295 1214 3517 1267 quoque

1931 1290 2215 1346 mandavit
2250 1290 2431 1352 nobis,
2467 1299 2528 1343 ut
2587 1305 2683 1359 per
2730 1304 2929 1358 aquam
2962 1297 3016 1344 et
3057 1287 3321 1357 Spiritum
3367 1305 3515 1354 rege-

1928 1397 2255 1437 neraremur
2283 1382 2352 1445 ⁶²,
2385 1379 2593 1450 Spiritu
2626 1391 2818 1435 sancto
2849 1380 2916 1434 ad
2950 1395 3149 1450 aquam
3199 1379 3514 1440 accedente,

1927 1488 2026 1544 per
2061 1473 2288 1528 verbum
2323 1479 2378 1527 et
2413 1472 2720 1526 orationem
2763 1472 2830 1525 ⁸³.
2881 1470 3016 1524 Nam
3052 1470 3312 1540 quoniam
3357 1469 3519 1520 homo

1927 1562 2133 1632 duplici
2162 1570 2359 1616 natura
2387 1569 2627 1626 constat,
2669 1563 2851 1615 anima
2893 1562 3107 1616 scilicet
3157 1568 3214 1616 et
3260 1574 3515 1630 corpore,

2872 1654 2954 1709 sic
3030 1667 3222 1722 nempe
3271 1660 3328 1705 ut
3389 1649 3515 1718 Spi-

238 1741 376 1798 ritus
411 1740 608 1800 divin:e
630 1744 885 1815 imaginis
913 1745 1400 1818 similitudinisque
1428 1749 1598 1804 decus
1630 1747 1686 1802 in
1719 1749 1879 1805 nobis
1929 1749 2283 1813 instauraret,
2333 1763 2475 1818 aqua
2529 1762 2656 1803 vero
2720 1762 2816 1818 per
2883 1745 3121 1816 Spiritus
3185 1747 3415 1823 gratiam
3483 1768 3520 1807 ιι

229 1844 461 1902 peccato
482 1849 686 1906 corpus
711 1835 1281 1908 mundaret,atquea
1339 1841 1698 1911 corruptione
1755 1841 1987 1897 liberum
2043 1839 2318 1906 redderet,
2409 1854 2549 1909 aqua
2609 1839 2830 1910 quidem
2883 1840 3077 1893 mortis
3159 1837 3515 1893 simulacrum

233 1923 592 1992 exprimente,
619 1922 823 1993 Spiritu
859 1933 1039 1979 autem
1065 1925 1190 1980 vitae
1227 1926 1428 1998 pignus
1459 1939 1515 1984 et
1548 1929 1909 1985 arrhabonem
1941 1929 2226 2000 largiente.

319 2015 442 2068 Ἀπ’
465 2016 642 2086 ἀρχῆς
660 2016 767 2088 γὰρ
795 2016 1039 2087 Πνεῦμα
1056 2019 1204 2074 Θεοῦ
1224 2019 1350 2087 τοῖς
1370 2021 1592 2076 ὕδασιν
1609 2023 1822 2092 ἐπεφέ-

1995 2021 2159 2093 Aquaz
2186 2023 2263 2078 vis
2308 2022 2644 2094 purgatoria.
2675 2053 2743 2064 —
2773 2021 2985 2077 Etenim
3017 2037 3046 2076 a
3085 2021 3358 2093 principio
3394 2019 3516 2090 Spi-

226 2122 370 2178 ρετο
393 2123 406 2137 ·
435 2108 529 2160 καὶ⁸
556 2107 764 2162 ἄνωθεν
795 2108 829 2178 ἡ
877 2107 1072 2180 Γραφὴ
1119 2115 1391 2183 μαρτυρεί
1442 2112 1522 2184 τῷ
1548 2113 1722 2181 ὕδατι,
1747 2114 1825 2180 ὥς

236 2201 354 2252 ὲστι
402 2198 794 2271 καθαρτήριον.
837 2201 961 2256 Ἐπὶ
990 2202 1118 2257 Νῶε
1142 2202 1212 2256 δι’
1241 2203 1436 2268 ὓδατος
1468 2207 1498 2258 ό
1545 2206 1678 2271 Θεὸς
1723 2208 1824 2277 τὴν

235 2288 506 2361 κοσμικὴν
534 2290 808 2362 ἁμαρτίαν
829 2291 1156 2348 κατέκλυσε.
1178 2297 1255 2348 Δι’
1289 2295 1482 2360 ὓδατος
1529 2299 1640 2362 πᾶς
1684 2298 1825 2352 ἀκά-

236 2379 434 2452 Θαρτος
463 2380 606 2436 κατὰ
627 2382 718 2436 τὸν
755 2383 920 2455 νόμον
957 2385 1282 2457 καθαίρεται
1307 2387 1352 2455 ί,
1382 2387 1478 2440 καὶ
1507 2387 1688 2442 αὐτῶν
1716 2389 1826 2443 τῶν

236 2473 468 2543 ἱματίων
505 2474 857 2546 πλυνομένων
907 2476 985 2548 τῷ
1037 2476 1216 2543 ὕδατι,
1255 2478 1457 2544 ἔδειξεν
1503 2479 1690 2544 Ἠλίας
1726 2481 1826 2554 τὴν

235 2566 394 2634 χάριν
421 2565 514 2619 τοῦ
532 2566 852 2638 Πνεύματος
878 2571 1348 2642 συμμεμιγμένην
1371 2570 1448 2641 τῷ
1467 2571 1644 2637 ὕδατι,
1665 2571 1820 2626 ὕδατι

237 2655 439 2725 φλέξας
468 2658 568 2730 τὴν
618 2659 1005 2717 ὁλοκαύτωσιν.
1044 2663 1155 2714 Καὶ
1188 2663 1376 2734 σχεδὸν
1421 2664 1640 2719 ᾶπαντα
1679 2665 1821 2720 κατὰ

238 2747 331 2800 τὸν
363 2749 527 2819 νόμον
584 2748 736 2805 ὕδατι
790 2752 1176 2825 καθαρίζει-αι’
1203 2755 1272 2808 τὰ
1299 2754 1408 2825 γὰρ
1457 2755 1652 2826 δρατὰ,
1680 2755 1820 2827 σύμ-

227 2841 370 2894 ϐολα
423 2843 533 2897 τῶν
578 2844 886 2914 νοουμένων
919 2845 1058 2899 εἰσίν
1089 2863 1102 2878 ο
1137 2848 1174 2920 ἠ
1219 2846 1406 2917 μέντοι
1457 2848 1821 2920 ἀναγέννησις

229 2932 381 2984 κατὰ
437 2931 619 3004 ψυχὴν
668 2934 921 3002 γίνεται·
961 2936 1145 3002 πίστις
1195 2936 1305 3008 γὰρ
1364 2937 1627 2993 υἱοθετεῖν
1672 2935 1818 3002 οἶδε,

230 3020 416 3076 καίτοι
456 3023 618 3088 ὄντας
663 3025 943 3097 κτίσματα
973 3026 1062 3082 διὰ
1103 3027 1199 3082 τοῦ
1231 3028 1574 3102 Πνεύματος,
1610 3030 1708 3084 καὶ
1739 3030 1820 3095 εἰς

231 3111 334 3182 τὴν
362 3114 597 3184 ἀρχαίαν
629 3115 791 3186 ἄγειν
826 3119 1230 3190 μακαριότητα.

1929 2115 2066 2168 ritus
2118 2114 2336 2168 Domini
2383 2113 2654 2183 ferebatur
2709 2130 2865 2183 super
2915 2130 3083 2184 aquas
3133 2112 3220 2166 5‘:
3277 2114 3410 2183 quin
3459 2122 3515 2168 et

1930 2205 2201 2262 lustrandi
2257 2206 2459 2260 virtute
2489 2206 2768 2274 praeditam
2812 2221 2934 2261 esse
2986 2221 3181 2276 aquam
3221 2205 3514 2274 Scriptura

1925 2298 2038 2369 jam
2096 2297 2226 2352 olim
2281 2304 2624 2352 contestatur
2690 2297 2756 2350 ⁸⁸.
2806 2295 2922 2351 Noe
2977 2297 3316 2366 temporibus
3371 2297 3516 2350 Deus
3572 2340 3578 2346 .

1932 2389 2121 2443 mundi
2179 2399 2465 2458 peccatum
2531 2404 2628 2459 per
2653 2389 2810 2460 261
2848 2403 3045 2459 aquam
3099 2388 3233 2444 eluit
3289 2390 3356 2442 “.
3412 2387 3516 2442 Per

1930 2494 2126 2549 aquam
2155 2480 2408 2550 quisquis
2457 2481 2776 2536 immundus
2801 2490 2939 2547 erat,
2981 2481 3097 2551 lege
3132 2480 3511 2550 praecipiente,

1929 2571 2321 2637 mundabatur,
2353 2577 2408 2627 et
2441 2570 2516 2624 ita
2549 2571 2769 2642 quidem
2805 2582 2863 2627 ut
2895 2581 2948 2627 et
2979 2573 3113 2642 ipsae
3151 2579 3331 2626 vestes
3369 2587 3510 2640 aqua

1927 2670 2112 2717 essent
2137 2663 2445 2718 abluendae.
2479 2662 2624 2719 Elias
2653 2663 2892 2734 Spiritus
2933 2665 3169 2735 gratiam
3220 2663 3508 2718 admistam

1929 2754 2088 2824 aquis
2117 2755 2382 2820 ostendit,
2408 2763 2522 2809 tum
2553 2755 2812 2810 nimirum
2843 2771 2966 2810 cum
3001 2756 3383 2811 holocaustum
3417 2754 3512 2807 ad-

1929 2846 2102 2901 hibita
2127 2861 2271 2916 aqua
2307 2848 2574 2902 cremavit
2600 2848 2667 2901 ".
2708 2847 2972 2917 Peneque
2995 2848 3178 2902 omnia
3205 2847 3508 2904 secu'hdum

1927 2937 2101 3008 legem
2130 2951 2275 3008 aqua
2324 2937 2684 2992 mundantur.
2723 2937 2834 2995 Res
2865 2939 3009 2993 enim
3041 2939 3288 2995 visibiles
3319 2955 3506 2994 earum

1923 3041 2045 3098 quae
2075 3034 2256 3081 mente
2305 3026 2687 3097 percipiuntur
2739 3027 2894 3096 signa
2950 3035 3102 3083 sunt.
3139 3027 3507 3098 Regeneratio

1921 3133 2088 3188 porro
2117 3117 2173 3173 in
2208 3119 2396 3173 animo
2428 3117 2734 3187 perﬁcitur.
2771 3117 2938 3176 Fides
2970 3120 3172 3190 quippe
3224 3121 3332 3174 vim
3379 3135 3499 3174 eam

228 3205 423 3269 habet,
481 3216 540 3262 ut
595 3209 848 3279 quamvis
898 3225 930 3266 e
987 3211 1154 3268 rebus
1214 3211 1417 3268 creatis
1475 3213 1672 3278 simus,
1727 3226 1826 3283 per
1865 3208 2129 3282 Spiritum
2157 3223 2262 3265 nos
2298 3209 2354 3264 in
2385 3208 2482 3265 Dei
2519 3209 2664 3266 ﬁlios
2689 3208 2926 3281 adoptet,
2960 3219 3125 3280 atque
3191 3210 3260 3265 ad
3319 3211 3505 3280 pristi-

233 3315 362 3354 nam
398 3298 715 3356 felicitatcm
737 3301 890 3356 velut
928 3301 1276 3374 postliminio
1307 3313 1552 3360 revocet.

315 3391 381 3445 Ἠ
415 3392 513 3463 μὲν
537 3387 631 3446 οὖν
678 3393 788 3446 τῶν
837 3395 1125 3466 ἁμαρτιῶν
1154 3396 1348 3466 ἄφεσις
1378 3434 1394 3460 ,
1420 3399 1588 3450 πᾶσιν
1621 3397 1822 3466 ὁμοίως

1999 3391 2264 3462 Baptismi
2313 3394 2492 3464 gratia
2535 3408 2634 3462 pro
2691 3392 3086 3460 suscipientium
3118 3391 3221 3460 ﬁde
3268 3398 3317 3443 et
3350 3406 3506 3444 mun-

232 3484 324 3539 διὰ
354 3482 449 3537 τοῦ
487 3483 866 3555 βαπτίσματος
913 3486 1148 3541 δίδοται·
1173 3490 1208 3558 ἡ
1236 3487 1293 3540 δὲ
1331 3487 1492 3560 χάρις
1525 3488 1622 3542 τοῦ
1645 3489 1818 3542 Πνεύ-

229 3592 410 3646 ματος
430 3575 572 3630 κατὰ
596 3575 695 3646 τὴν
727 3576 1018 3647 ἀναλογίαν
1041 3579 1139 3648 τῆς
1170 3579 1408 3644 πίστεως
1437 3581 1530 3634 κα)⁸
1555 3581 1655 3651 τῆς
1686 3597 1821 3652 προ·

236 3667 582 3738 καθάρσεως.
616 3667 732 3722 Νῦν
774 3668 874 3738 μὲν
906 3663 1001 3723 οὖν
1047 3669 1137 3724 διὰ
1166 3669 1262 3723 τοῦ
1295 3669 1681 3742 βαπτίσματος
1719 3673 1818 3743 τὴν

232 3758 489 3830 ἀπαρχὴν
518 3759 613 3812 τοῦ
634 3760 792 3830 ἁγίου
817 3760 1137 3832 Πνεύματος
1163 3760 1646 3835 λαμϐάνομεν,καὶ
1671 3763 1817 3835 ἀρχὴ

233 3850 423 3921 ἐτέρου
458 3850 572 3922 βίου
594 3851 808 3920 γίνεται
840 3853 970 3923 ἡμῖν
999 3853 1033 3923 ἠ
1058 3853 1448 3923 παλιγγενεσία
1474 3894 1488 3920 ,
1521 3856 1616 3909 καὶ
1647 3872 1816 3926 σφρα-

228 3943 344 4010 γὶς,
374 3943 470 3997 καὶ
499 3942 891 4015 φυλακτήριον,
921 3944 1018 3999 καὶ
1053 3945 1336 4014 φωτισμός
1356 3946 1401 3998 1.

303 4119 426 4192 Χρὴ
476 4119 534 4174 δὲ
578 4119 728 4192 πάσῃ
774 4119 1002 4191 δυνάμει
1053 4117 1314 4188 ἀσφαλῶς
1367 4122 1554 4192 τηρεῖν
1588 4121 1817 4186 ἑαυτοὺς

231 4212 508 4283 καθαροὺς
533 4211 642 4266 ἀπὸ
663 4210 926 4282 ῥυπαρῶν
952 4210 1154 4282 ἔργων,
1189 4211 1278 4265 ἵνα
1311 4211 1387 4283 μὴ
1429 4212 1590 4266 πάλιν
1625 4213 1816 4286 ὥσπερ

231 4303 381 4357 κύων
412 4303 507 4356 ἐπὶ
549 4303 641 4357 τὸν
675 4303 808 4357 ἴδιον
857 4302 1051 4373 ἔμετον
1089 4303 1544 4375 ἐπιστρέψαντες,
1593 4304 1817 4370 δούλους

231 4392 398 4449 πάλιν
429 4394 658 4457 ἑαυτοὺς
685 4394 787 4463 τῆς
817 4393 1094 4465 ἁμαρτίας
1127 4394 1464 4466 ποιήσωμεν.
1495 4394 1687 4459 Πίστις
1709 4395 1818 4468 γὰρ

229 4480 402 4551 χωρὶς
431 4479 610 4552 ἔργων
658 4480 830 4552 νεκρά
871 4481 1021 4535 ἐστιν
1044 4521 1058 4546 ,
1085 4481 1289 4551 ὁμοίως
1321 4481 1419 4536 καὶ
1473 4481 1610 4554 ἔργα
1644 4486 1816 4554 χωρὶς

230 4572 490 4636 πίστεως.
523 4571 586 4625 Ἦ
613 4572 724 4643 γὰρ
755 4570 962 4644 ἀληθὴς
993 4573 1180 4637 πίστις
1207 4572 1300 4627 διὰ
1325 4573 1434 4628 τῶν
1461 4572 1643 4644 ἔργων
1664 4575 1814 4631 δοκι-

233 4664 488 4735 μάζεται.

1920 3484 2078 3540 ditia.
2105 3513 2174 3525 —
2209 3483 2471 3550 Quamvis
2497 3494 2677 3538 autem
2721 3491 3072 3554 peccatorum
3111 3483 3363 3538 remissio
3388 3501 3505 3537 0m-

1920 3574 2083 3629 nibus
2113 3589 2209 3643 per
2239 3588 2396 3644 aqua:
2427 3573 2758 3642 baptismum
2807 3573 3006 3628 detur:
3041 3571 3279 3642 Spiritus
3317 3582 3499 3628 tamen

1919 3663 2094 3734 gratia
2121 3678 2222 3734 pro
2252 3662 2374 3718 lidei
2406 3676 2470 3716 ac
2498 3661 2710 3731 prterire
2736 3662 3081 3733 purgationis
3110 3663 3274 3715 modo
3304 3676 3503 3715 conce-

1919 3755 2088 3810 ditur.
2125 3754 2192 3808 Et
2218 3769 2364 3810 nunc
2395 3755 2616 3826 quidem
2641 3755 2885 3825 Spiritus
2911 3755 3086 3810 sancti
3111 3755 3384 3824 primitias
3408 3773 3503 3826 per

1920 3845 2255 3913 baptismum
2283 3844 2602 3913 accipimus,
2631 3853 2685 3899 et
2717 3845 3059 3913 regeneratio
3080 3883 3096 3908 ,
3139 3846 3368 3900 alterius
3398 3864 3498 3901 no—

1916 3935 2004 3990 bis
2033 3935 2158 3989 vitae
2184 3934 2426 4001 initium,
2451 3942 2506 3989 et
2531 3935 2898 4006 signaculum,
2933 3943 2989 3990 et
3033 3936 3381 4006 praesidium,
3447 3945 3501 3992 et

1918 4025 2250 4082 illuminatio
2278 4025 2534 4083 eiiicitur.

1985 4115 2256 4173 Caeterum
2290 4117 2343 4171 in
2377 4117 2428 4172 id
2463 4117 2623 4174 nobis
2647 4119 2778 4174 totis
2810 4119 3020 4177 viribus
3051 4131 3134 4177 est
3155 4119 3493 4184 enitendum,

1917 4202 1986 4264 ne
2017 4211 2174 4266 canis
2218 4212 2393 4266 instar
2428 4210 2497 4265 ad
2531 4211 2798 4266 vomitum
2846 4212 3145 4267 redeuntes
3186 4213 3250 4278 ⁸⁸,
3287 4216 3493 4282 peccati

1916 4302 2283 4372 nosmetipsos
2341 4301 2527 4356 denuo
2579 4301 2836 4357 servituti
2892 4303 3288 4371 mancipemus.
3328 4304 3494 4359 Fides

1917 4393 2187 4462 siquidem
2213 4392 2332 4449 sine
2367 4393 2628 4462 operibus
2653 4399 2869 4445 mortua
2895 4399 2998 4458 est,
3034 4392 3275 4463 itemque
3306 4409 3492 4464 opera,

1917 4485 2132 4540 sublata
2183 4483 2289 4540 (ide
2318 4483 2384 4537 ".
2410 4481 2550 4539 Vera
2594 4483 2796 4553 quippe
2831 4481 2966 4538 ﬁdes
2998 4497 3094 4553 per
3125 4498 3288 4554 opera
3343 4500 3494 4540 com—

1917 4579 2202 4650 probatur.

301 4756 688 4827 Βαπτιζόμεθα
714 4755 772 4809 δὲ
825 4755 902 4818 εἰς
941 4753 1042 4826 τὴν
1072 4754 1235 4823 ἁγίαν
1267 4756 1474 4826 Τριάδα
1497 4798 1513 4824 ,
1546 4758 1630 4812 ὅτι
1668 4757 1808 4812 αὐτὰ

1983 4751 2093 4809 Cur
2128 4752 2184 4806 in
2209 4749 2526 4807 Trinitatem
2546 4749 2898 4819 baptizemur.
2919 4778 2992 4792 —
3017 4749 3098 4805 Ob
3127 4749 3180 4806 id
3211 4761 3342 4807 vero
3363 4751 3410 4784 ⁷⁸
3438 4751 3492 4807 in
3605 4785 3611 4790 -

227 4843 301 4896 τὰ
337 4841 711 4915 βαπτιζόμενα
758 4841 950 4915 χρῄζει
995 4843 1093 4914 τῆς
1137 4843 1300 4912 ἁγίας
1347 4845 1578 4917 Τριάδος
1604 4849 1683 4911 είς
1706 4847 1807 4919 τὴν

1925 4853 2162 4902 sanctam
2191 4841 2518 4898 Trinitatem
2565 4836 2933 4910 baptizamur,
2975 4843 3105 4912 quia
3141 4859 3262 4913 quae
3309 4844 3489 4915 bapti-

226 4935 412 4990 αὐτῶν
462 4935 726 4990 σύστασίν
749 4953 810 4990 τε
860 4934 958 4991 καὶ
989 4935 1254 5007 διαμονὴν
1276 4975 1292 5003 ,
1317 4937 1413 4990 καὶ
1445 4937 1710 4992 ἀδύνατον
1735 4937 1811 5010 μὴ

1925 4945 2136 5002 rantur,
2164 4933 2232 4990 ad
2267 4933 2372 5002 sui,
2399 4940 2515 4988 tum
2550 4932 3029 5001 constitutionem,
3065 4941 3178 4989 tum
3207 4951 3491 4992 conserva-

1911 5093 1958 5124 “
1985 5088 2146 5161 Joan.
2190 5105 2303 5161 in,
2318 5090 2371 5144 5.
2455 5087 2499 5121 “
2525 5087 2690 5161 (ἔζεε.
2745 5099 2887 5161 ora}.
2927 5089 3019 5156 48.
3081 5158 3100 5161 _
3125 5089 3177 5161 ξι
3198 5087 3402 5161 Gen._t,
3432 5087 3488 5142 9..

302 5091 348 5123 ⁸⁸
393 5091 636 5148 Method.
700 5090 796 5147 lib.
857 5089 933 5144 De
977 5105 1178 5146 resurr.
1270 5091 1314 5124 σι
1359 5089 1519 5146 Joan.
1577 5094 1808 5160 x1354,

314 5161 485 5218 Levit.
543 5179 632 5226 xv,
665 5161 752 5216 10.
817 5161 863 5195 ⁶⁶
891 5161 1028 5218 Gen.
1061 5177 1132 5226 vr,
1191 5161 1278 5216 17.
1352 5163 1395 5194 ⁸⁷
1427 5161 1492 5216 lll
1528 5161 1662 5226 Reg.
1701 5178 1822 5218 xvn:

1925 5093 1958 5124 "
1985 5089 2146 5146 Joan.
2205 5105 2287 5150 ιιι,
2318 5090 2371 5144 5.
2455 5089 2499 5121 ⁸³
2525 5089 2690 5161 Grcg.
2745 5099 2887 5143 orat.
2927 5089 3019 5156 48.
3132 5089 3177 5120 σι
3198 5089 3333 5142 Gen.
3366 5102 3402 5152 ι,
3432 5089 3464 5139 9.

1925 5161 2001 5216 i2.
2108 5160 2152 5193 ⁸⁸
2187 5159 2230 5214 ιι
2276 5158 2423 5216 Petr.
2451 5175 2510 5226 ιι,
2541 5159 2635 5226 22.
2750 5160 2794 5192 θ’
2827 5157 2946 5216 Jac.
2990 5174 3050 5226 ιι,
3075 5158 3163 5214 26.
3244 5158 3288 5190 ⁷⁸
3323 5155 3464 5226 Grcg

225 5161 276 5234 ff
314 5161 485 5218 Levit.
543 5179 633 5234 xv,
655 5161 770 5234 710.
817 5161 863 5234 ξ’
891 5161 1028 5218 Gen.
1055 5177 1153 5234 _vr,_
1191 5161 1278 5216 17.
1352 5163 1395 5234 ξτ
1427 5161 1492 5234 Ill
1528 5161 1662 5234 Reg.
1701 5177 1858 5226 xvm,
1909 5161 2001 5216 52.

223 5230 363 5288 Naz.
411 5241 552 5290 orat.
613 5233 712 5301 60;
745 5232 949 5287 Athan.
1004 5230 1074 5288 ad
1120 5230 1312 5303 Serap.
1347 5231 1422 5286 De
1449 5230 1841 5298 Spirfsancto.

1540 5383 1779 5441 unm
1810 5371 2224 5443 ‘LECTIONES.

305 5500 327 5543 ι
379 5503 532 5560 Multi
581 5499 1189 5572 οοᾱίεςείὲκαθαίρετο.
1258 5499 1392 5572 cod.
1438 5499 1496 5554 S.
1566 5500 1674 5556 Hii.
1739 5500 1794 5556 in

1925 5517 2020 5572 irg.
2071 5500 2106 5571 ἢ
2175 5497 2558 5572 ἐκεκάραρτο..
2616 5493 2768 5572 έηιῃ
2834 5494 2898 5548 R.
2930 5489 3072 5546 2626
3120 5491 3344 5572 additur
3391 5495 3489 5572 καὶ

226 5575 520 5644 ἁγιασμός.
588 5570 681 5628 Sic
736 5570 932 5644 Faber,
988 5562 1082 5638 qui
1141 5570 1423 5644 transtulit
1480 5580 1529 5644 et
1572 5572 1817 5627 illumina

1936 5562 1997 5628 εἴ
2042 5562 2502 5636 οᾰηειὶρεαιὶο.’1η
2522 5563 2589 5624 R.
2614 5563 2776 5632 2924,
2811 5578 2908 5634 pro
2931 5562 3228 5632 φωτισμὸς,
3261 5563 3492 5618 habetur

226 5640 526 5717 ἀξιασμδς,
575 5644 657 5699 sic
688 5650 844 5698 vetus
895 5640 1123 5709 interpr.
1173 5640 1546 5708 sanctiﬁcatio.
