4072 6146
524 237 660 305 “"27

1767 253 1826 311 S.
1862 251 2182 314 JOANNIS
2213 253 2639 314 DAMASCENI

3637 251 3774 318 1128

520 364 604 409 est
635 370 648 404 :
685 352 780 408 Est
827 356 966 409 enim
1000 354 1131 426 ﬁdes
1159 371 1226 411 ex
1253 356 1440 412 auditu
1461 358 1532 414 ⁸⁸,
1573 359 1894 432 Scripturas
1929 380 2084 418 nam-

2200 365 2450 436 στεύομεν
2485 371 2548 438 τῇ
2582 367 2901 438 διδασκαλίᾳ
2936 365 3026 420 τοῦ
3060 366 3215 434 ἁγίου
3249 365 3587 435 Πνεῦματος.
3619 369 3768 440 Αὕτη

519 460 627 515 que
655 461 843 502 sacras
871 446 1162 512 audiendo,
1192 447 1434 520 Spiritus
1467 452 1648 507 sancti
1689 452 1954 509 doctrina;
1974 469 2095 510 cre-

519 539 725 596 dimus.
795 538 975 609 Atque
1030 541 1145 596 haec
1207 542 1342 598 ﬁdes
1391 559 1487 614 per
1539 545 1727 600 omnia
1764 547 1880 612 illa,
1915 562 2093 618 quaea

520 628 739 683 Christo
764 636 967 683 statuta
990 639 1138 695 sunt,
1158 632 1442 702 perﬁcitur
1467 653 1479 687 :
1503 649 1670 705 opere
1691 631 1942 691 videlicet
1971 651 2096 692 cre-

519 719 676 783 dens,
707 719 968 788 pietatem
1000 723 1213 788 colens,
1245 733 1300 778 et
1329 726 1451 796 ejus
1489 727 1580 794 qui
1614 742 1717 783 nos
1746 729 2096 791 instauravit,

519 811 808 878 praeceptis
835 811 1166 882 obsequens.
1195 811 1332 868 Nam
1360 817 1454 884 qui
1487 817 1792 872 secundum
1829 816 2097 873 Ecclesiae

520 899 800 956 catholicae
829 903 1180 958 traditionem
1204 920 1316 960 non
1353 906 1548 972 credit,
1587 908 1673 962 vel
1706 924 1800 977 per
1827 909 2098 976 ﬂagitiosa

503 1002 684 1060 opera
725 1005 850 1044 cum
903 992 1118 1047 diabolo
1165 994 1566 1059 communicat,
1598 995 1687 1049 hic
1717 994 1958 1049 inﬁdelis
1989 1003 2096 1050 est.

591 1077 752 1133 Fides
786 1079 982 1134 donum
1010 1079 1265 1148 Spiritus.
1312 1113 1379 1124 —
1401 1081 1616 1139 Rursus
1659 1102 1672 1138 :
1699 1083 1860 1138 Fides
1878 1093 1953 1137 est
1979 1100 2100 1153 spe-

520 1167 814 1223 randarum
863 1171 1166 1226 substantia
1213 1189 1409 1239 rerum,
1450 1184 1816 1243 argumentum
1868 1191 1969 1229 non
2005 1191 2100 1243 ap-

521 1261 850 1326 parentium,
880 1261 926 1292 ’°
957 1262 1041 1316 vel
1071 1268 1154 1318 est
1181 1277 1307 1332 spes
1339 1263 1559 1319 minime
1581 1265 1745 1318 dubia
1796 1280 1897 1320 nec
1928 1265 2101 1318 ambi-

524 1361 652 1419 gua,
715 1367 821 1420 qua
853 1351 1188 1408 confidimus
1223 1353 1360 1421 fore,
1388 1364 1445 1409 ut
1481 1371 1602 1425 quae
1651 1356 1809 1410 nobis
1837 1357 2100 1410 divinitus

524 1443 796 1512 promissa
856 1452 1005 1510 sunt,
1045 1452 1100 1499 et
1156 1461 1276 1514 qua:
1308 1447 1674 1515 postulamus,
1707 1447 2095 1517 adipiscamur.

521 1533 598 1586 Ac
622 1535 771 1602 prior
797 1535 1039 1605 quidem,
1068 1543 1275 1591 nostra:
1298 1539 1606 1593 voluntatis
1633 1546 1719 1594 est
1745 1558 1759 1606 ;
1800 1541 1974 1594 altera
2001 1556 2098 1594 au-

524 1632 632 1678 tem
669 1626 813 1681 inter
838 1625 1081 1696 Spiritus
1107 1627 1251 1683 dona
1291 1629 1563 1684 censenda
1589 1639 1692 1686 est.

592 1717 862 1786 Spiritalis
917 1719 1268 1776 circumcisio.
1294 1751 1363 1760 —
1397 1720 1694 1776 Sciendum
1751 1730 1836 1776 est
1875 1706 2093 1788 autem,
2131 1715 2175 1773 Β

521 1811 958 1881 integumentum
982 1827 1144 1868 omne
1167 1814 1311 1884 quod
1341 1829 1369 1867 a
1396 1815 1683 1869 nativitate
1699 1817 2098 1876 contraximus,

523 1908 807 1970 peccatum
850 1902 1082 1967 scilicet,
1122 1919 1218 1974 per
1239 1904 1570 1980 baptismum
1605 1908 2101 1970 circumcidi,nos-

523 2008 630 2063 que
686 1993 964 2063 spiritales
1017 1993 1297 2052 Israelitas
1337 2013 1401 2050 ac
1441 1995 1533 2052 Dei
1565 1999 1824 2068 populum
1855 1998 1992 2055 ﬁeri.

1154 2084 1308 2140 CAP.
1346 2085 1438 2138 XI.

858 2174 936 2230 De
967 2191 1139 2238 cruce,
1172 2177 1260 2228 ubi
1287 2193 1501 2231 rursum
1533 2177 1595 2232 de
1629 2179 1753 2247 fide.

592 2259 785 2316 Rerum
836 2263 954 2331 ipsa
1012 2264 1213 2318 creatio
1247 2265 1492 2320 humanis
1541 2271 1833 2325 rationibus
1863 2288 2099 2339 compre—

420 2359 430 2368 ‘
523 2352 678 2407 Itendi
712 2369 818 2407 non
865 2363 1052 2422 potest.
1119 2354 1282 2410 Fides
1327 2359 1572 2412 universa
1608 2364 1920 2417 necessaria.
1959 2365 2100 2430 Quid

523 2443 676 2511 fides.
714 2473 785 2484 —-
822 2443 1046 2499 Verbum
1115 2447 1287 2501 crucis
1345 2449 1684 2516 pereuntibus
1720 2452 1928 2520 quidem
1965 2455 2100 2508 stul-

529 2537 650 2589 titia
681 2545 758 2590 est
791 2554 808 2592 :
841 2538 908 2590 iis
933 2545 1106 2591 autem
1142 2539 1232 2607 qui
1259 2539 1395 2592 salvi
1421 2540 1576 2609 ﬁunt,
1596 2541 1649 2593 id
1680 2553 1756 2596 est
1783 2545 1961 2609 nobis,
1999 2547 2097 2603 Dei

524 2626 692 2680 uirtus
723 2623 878 2680 est".
906 2623 1040 2678 Nam
1071 2627 1370 2696 spiritualia
1402 2630 1613 2700 quidem
1632 2633 1844 2702 judicat
1873 2639 2051 2692 omnia
2079 2657 2098 2695 :

523 2715 774 2768 animalis
801 2724 975 2769 autem
998 2715 1149 2770 homo
1170 2735 1268 2770 non
1293 2721 1514 2790 percipit
1538 2738 1600 2776 ea
1622 2739 1738 2792 qua:
1763 2725 1858 2779 Dei
1887 2738 2009 2782 sunt
2029 2732 2095 2784 ”.

526 2807 770 2861 Stultitia
799 2807 948 2862 enim
984 2807 1093 2878 illis
1124 2817 1231 2874 est,
1260 2811 1353 2880 qui
1386 2827 1449 2867 ea
1497 2815 1832 2886 suscipiunt,
1863 2836 1966 2876 nec
2005 2820 2097 2878 Dei

522 2898 818 2953 bonitatem
841 2905 894 2952 et
909 2899 1356 2969 omnipotentiam
1378 2903 1756 2974 considerant;
1780 2924 1967 2964 verum
2008 2927 2099 2967 res

520 2989 735 3046 divinas
765 2990 1016 3045 humanis
1039 2993 1490 3065 naturalibusque
1528 2997 1837 3056 rationibus
1876 3002 2098 3058 investi-

523 3079 906 3150 gant.Etenim
929 3097 1053 3151 quae
1081 3081 1173 3138 Dei
1201 3093 1352 3148 sunt,
1372 3095 1622 3142 naturam
1641 3097 1693 3144 et
1708 3090 2024 3148 Sermonem
2045 3103 2100 3150 ct

523 3170 902 3240 cogitation‘em
953 3182 1240 3243 superant.
1277 3174 1410 3230 Nam
1445 3177 1491 3233 si
1525 3179 1649 3248 quis
1710 3180 1896 3238 animo
1921 3185 2101 3239 volvat

523 3276 764 3330 quonam
818 3273 1002 3336 pacto,
1036 3272 1091 3320 et
1127 3280 1229 3320 cur
1267 3267 1411 3324 Deus
1449 3271 1632 3326 omnia
1668 3287 1732 3328 ex
1776 3274 1946 3332 nihilo
1975 3293 2102 3347 pro-

521 3354 776 3419 duxerit,
851 3357 1312 3430 naturalibusque
1379 3362 1688 3421 rationibus
1761 3366 1812 3420 id
1879 3370 2098 3440 assequi

522 3445 838 3511 contendat,
858 3463 1200 3520 nequaquam
1240 3453 1344 3509 hoc
1365 3458 1807 3526 comprehendet.
1833 3463 2099 3521 Animalis

523 3536 668 3589 enim
700 3546 755 3591 et
784 3537 1052 3595 diabolica
1082 3551 1167 3599 est
1190 3544 1509 3615 huiusmodi
1533 3551 1786 3606 scientia.
1828 3552 1932 3620 Qui
1963 3571 2095 3611 vero

525 3625 628 3679 lide
656 3627 821 3681 veluti
850 3645 1013 3684 manu
1045 3633 1265 3702 ductus,
1294 3635 1464 3692 Deum
1505 3640 1739 3709 bonum,
1765 3650 1820 3699 et
1848 3646 2098 3716 omnipo-

523 3723 746 3809 tentem,
783 3725 837 3772 et
877 3736 1089 3788 verum,
1126 3731 1180 3778 et
1206 3727 1530 3795 sapientem,
1559 3733 1836 3802 etjustum
1871 3737 2096 3809 cogitat,

524 3805 704 3858 omnia
747 3808 908 3876 plana
955 3821 1005 3866 et
1035 3816 1348 3884 aequabilia,
1403 3821 1666 3894 viamque
1698 3834 1903 3882 rectam
1944 3805 2098 3884 inve-

459 3979 466 3984 Ι
524 3896 656 3952 niet.
683 3896 817 3952 Nam
854 3900 970 3957 ﬁeri
1009 3921 1116 3960 non
1141 3919 1320 3977 potest
1347 3921 1407 3967 ut
1443 3916 1567 3985 quis
1597 3917 1717 3972 sine
1740 3919 1842 3975 fide
1862 3923 2093 3978 salutem

521 3991 980 4058 consequatur".
1015 3993 1149 4052 Fide
1175 4001 1444 4068 siquidem
1473 4012 1588 4060 tum
1617 4005 1857 4063 humana
1887 4013 2094 4078 omnia,

2200 458 2256 511 δὲ
2286 459 2588 512 τελειοῦται
2622 461 2756 512 πᾶσι
2783 461 2895 522 τοῖς
2925 459 3360 529 νομοθετηθεῖσιν
3379 459 3486 512 ὑπὸ
3509 458 3604 512 τοῦ
3637 462 3772 532 Χρι-

2203 549 2353 614 στοῦ,
2381 550 2527 621 ἔργῳ
2561 551 2914 614 πιστεύουσα,
2961 550 3280 613 εὐσεϐοῦσα,
3306 551 3401 603 καὶ
3427 551 3523 613 τὰς
3549 551 3772 614 ἐντολὰς

2202 643 2513 712 πράττουσα
2555 643 2662 696 ιτοῦ
2730 641 3176 704 ἀνακαινίσαντος
3203 701 3206 704 ,
3237 643 3407 712 ἡμᾶς.
3446 641 3504 694 ⁹0
3534 642 3644 713 γὰρ
3699 644 3777 712 μὴ

2203 733 2346 786 κατὰ
2376 734 2474 804 τὴν
2506 734 2805 805 παράδοσιν
2842 734 2940 802 τῆς
2984 732 3277 799 καθολικῆς
3319 732 3644 801 Ἐκκλησίας
3689 749 3779 786 m-

2206 826 2433 892 στεύων,
2466 826 2497 898 ἢ
2533 828 2806 880 κοινωνῶν
2853 826 2943 880 διὰ
3007 826 3117 880 τῶν
3169 825 3388 879 ἀτόπων
3462 824 3641 895 ἔργων
3696 824 3777 895 τῷ

2202 917 2454 986 διαῦόλῳ,
2487 917 2716 981 ἄπιστός
2737 917 2909 972 ἐστιν.

2278 1092 2452 1144 Ἔστι
2479 1090 2537 1143 δὲ
2561 1089 2723 1144 πάλιν
2767 1089 2972 1155 πίστις
2991 1087 3392 1158 ἐλπιζομένων
3409 1089 3770 1156 ὑπόστασις,

2204 1181 2559 1252 πραγμάτων
2583 1181 2835 1250 ἐλεγχος
2860 1182 2933 1234 οὑ
2965 1177 3381 1248 βλεπομένων,
3404 1179 3772 1249 ἢάδίστακτος

2206 1272 2300 1325 καὶ
2331 1271 2642 1342 ἀδιάκριτος
2671 1270 2828 1334 ἐλπὶς
2868 1269 2978 1324 τῶν
3021 1287 3082 1322 τε
3135 1269 3239 1323 ὑπὸ
3269 1269 3407 1323 Θεοῦ
3437 1272 3568 1341 ἡμῖν
3596 1272 3770 1343 ἐπηγο

2205 1362 2506 1432 γελμένων,
2545 1362 2642 1416 καὶ
2671 1362 2772 1432 τῆς
2801 1360 2911 1414 τῶν
2961 1361 3234 1431 αἰτήσεων
3275 1361 3434 1431 ήμῶν
3461 1363 3772 1432 ὲπιτυχίας.

2217 1454 2279 1506 Ἦ
2307 1454 2404 1524 μὲν
2427 1448 2520 1506 οὖν
2549 1451 2767 1522 πρώτη,
2796 1455 2898 1523 τῆς
2934 1451 3208 1522 ἡμετέρας
3237 1450 3460 1523 γνώμης
3491 1453 3631 1521 ἐστὶ,
3652 1455 3686 1522 ἡ
3717 1453 3777 1506 δὲ

2205 1543 2454 1616 δευτέρα,
2485 1543 2596 1598 τῶν
2634 1543 2990 1616 χαρισμάτων
3012 1543 3109 1596 τοῦ
3139 1543 3470 1614 Πνεῦματος.

2281 1720 2480 1774 Ἰστέον
2503 1721 2560 1773 δὲ
2593 1721 2676 1774 ὅτι
2702 1720 2790 1775 διὰ
2809 1721 2901 1775 τοῦ
2929 1719 3307 1793 βαπτίσματος
3330 1723 3775 1793 περιτεμνόμεθα

2205 1815 2348 1870 ἆπαν
2369 1815 2428 1867 τὸ
2463 1815 2569 1868 ἀπὸ
2595 1817 2861 1884 γενέσεως
2890 1816 3174 1888 κάλυμμα,
3192 1818 3312 1887 ἦτοι
3339 1818 3439 1889 τὴν
3475 1819 3773 1889 ἁμαρτίαν,

2203 1906 2298 1959 καὶ
2339 1907 2673 1978 Ἰσραηλῖται
2698 1907 3082 1979 πνευματικοὶ,
3121 1909 3217 1962 καὶ
3248 1908 3385 1962 Θεοῦ
3407 1909 3535 1974 λαὸς
3558 1928 3661 1982 χρη
3670 1929 3776 1982 μα-

2198 1997 2444 2068 τίζομεν.
2508 2022 2512 2025 ν

2696 2090 2947 2146 ΚΕΦΑΛ.
2985 2092 3072 2146 IA'
3106 2091 3279 2164 [na].

2311 2181 2447 2250 Περὶ
2467 2183 2756 2252 σταυροῦ,
2795 2185 2866 2237 ἐν
2901 2178 2950 2253 ᾧ
2979 2185 3065 2239 ἔτι
3087 2185 3188 2238 καὶ
3224 2185 3357 2254 περὶ
3384 2185 3654 2251 πίστεως.

2283 2273 2346 2326 '0
2372 2275 2554 2342 λόγος
2582 2277 2614 2328 ὁ
2634 2273 2739 2328 τοῦ
2767 2275 3054 2343 σταυροῦ,
3092 2275 3219 2342 τοῖς
3252 2275 3368 2344 μὲν
3413 2276 3766 2345 ἀπολλυμέ-

2199 2381 2329 2430 νοις
2354 2365 2544 2433 μωρία
2571 2364 2721 2429 ἐστὶ,
2747 2365 2873 2432 τοῖς
2897 2365 2965 2419 δὲ
2995 2366 3356 2436 σωζομένοις
3390 2368 3551 2436 ἡμῖν,
3584 2368 3769 2422 δύνα-

2195 2475 2297 2527 μις
2323 2457 2471 2511 Θεοῦ
2519 2457 2709 2512 ἐστιν.
2752 2457 2816 2511 '0
2852 2458 2967 2527 μὲν
2994 2457 3102 2529 γὰρ
3149 2460 3551 2528 πνευματικὸς
3575 2460 3770 2514 πάντα

2199 2547 2529 2617 ἀνακρίνει,
2559 2547 2823 2617 ψυχικὸς
2860 2547 2929 2601 δὲ
2983 2548 3296 2617 ἅνθρωπος
3327 2551 3401 2604 οὐ
3437 2549 3674 2618 δέχεται
3697 2551 3769 2604 τὰ

2198 2641 2306 2695 τοῦ
2365 2641 2730 2711 Πνεύματος.
2799 2641 2997 2712 Μωρία
3051 2643 3158 2713 γάρ
3188 2644 3304 2695 ἐστι
3336 2643 3452 2705 τοῖς
3485 2641 3560 2712 μὴ
3589 2643 3768 2698 πίστει

2199 2734 2535 2805 δεχομένοις,
2584 2736 2678 2789 καὶ
2730 2734 2792 2800 τὸ
2847 2720 3050 2804 ἀγαθὸν
3082 2735 3176 2790 καὶ
3218 2738 3630 2808 παντοδύναμον
3672 2740 3765 2793 τοῦ

2199 2825 2335 2879 Θεοῦ
2377 2825 2768 2896 λογιζομένοις,
2835 2827 2950 2880 ἀλλ’
2985 2828 3348 2898 ἀνθρωπίνοις
3392 2830 3490 2882 καὶ
3519 2833 3765 2898 φυσικοῖς

2198 2917 2476 2988 λογισμοῖς
2511 2917 2834 2990 ἐξερευνῶσι
2883 2929 2910 2972 P
2952 2921 3022 2975 τὰ
3053 2921 3173 2973 θεῖα
3192 2933 3208 2949 ⁸
3242 2922 3421 2976 πάντα
3444 2922 3556 2993 γὰρ
3575 2923 3644 2976 τὰ
3671 2924 3765 2976 τοῦ

2201 3007 2336 3060 Θεοῦ
2362 3008 2502 3079 ὑπὲρ
2537 3010 2698 3077 φύσιν
2732 3009 2861 3073 εἰσὶ,
2914 3015 3008 3064 καὶ
3045 3010 3222 3078 λόγον,
3271 3012 3370 3066 καὶ
3419 3011 3648 3068 ἔννοιαν.
3705 3013 3767 3066 EE

2202 3099 2312 3169 γάρ
2342 3117 2426 3163 τις
2447 3100 2737 3171 λογίσηται
2769 3102 2918 3163 ὅπως
2949 3102 3014 3153 ἐκ
3034 3101 3125 3154 τοῦ
3147 3103 3222 3172 μὴ
3239 3103 3394 3167 ὄντος
3416 3104 3495 3166 είς
3523 3104 3584 3157 τὸ
3604 3101 3766 3168 εἶναι,

2199 3192 2345 3256 τίνος
2401 3209 2462 3245 τε
2492 3191 2680 3246 ἕνεκεν
2712 3194 3034 3264 παρήγαγεν
3079 3194 3108 3245 ὁ
3148 3193 3280 3255 Θεὸς
3339 3193 3404 3246 τά
3437 3194 3634 3257 πάντα,
3670 3197 3772 3248 καὶ

2201 3285 2450 3353 φυσικοῖς
2471 3284 2752 3356 λογισμοῖς
2808 3285 3011 3354 φθάσαι
3056 3285 3337 3356 ἐϐουλήθη,
3373 3285 3435 3338 οὐ
3470 3285 3762 3355 καταλαμ-

2199 3375 2372 3430 ϐάνει.
2403 3375 2625 3448 Ψυχικὴ
2658 3378 2764 3448 γάρ
2797 3378 2944 3430 ἐστιν
2972 3378 3005 3448 ἡ
3036 3377 3236 3446 γνῶσις
3263 3378 3401 3446 αῦτη
3428 3378 3521 3430 καὶ⁵
3563 3376 3763 3446 δαιμο-

2200 3462 2416 3535 νιώδης.
2451 3465 2512 3518 Ei
2534 3465 2591 3517 δέ
2620 3481 2706 3528 τις
2739 3465 2923 3519 πίστει
2966 3469 3499 3537 χειραγωγούμενος,
3531 3466 3766 3534 ἀγαθὸν,

2199 3557 2295 3610 καὶ
2323 3556 2756 3628 παντοδύναμον,
2807 3557 2904 3611 καὶ
2946 3557 3164 3627 ἀληθὲς,
3197 3559 3293 3612 καὶ
3335 3559 3517 3627 σοφὸν,
3567 3559 3662 3612 καὶ
3693 3559 3772 3611 δί-

2199 3664 2354 3702 καιον
2393 3647 2455 3700 τὸ
2483 3647 2639 3700 Θεῖον
2689 3645 2998 3719 λογίσηται,
3035 3649 3261 3719 εὑρήσει
3311 3650 3491 3703 πάντα
3521 3649 3641 3702 λεῖα
3674 3650 3768 3701 καὶ

2199 3740 2400 3810 ὁμαλά,
2427 3741 2522 3793 καὶ
2567 3739 2687 3793 ὁδὸν
2730 3739 2967 3794 εὐθεῖαν.
3011 3739 3200 3802 Ἐκτὸς
3229 3739 3339 3810 γὰρ
3378 3739 3614 3802 πίστεως
3639 3739 3768 3792 ἀδύ-

2199 3849 2357 3888 νατον
2411 3832 2686 3902 σωθῆναι·
2747 3831 2926 3885 πίστει
2978 3831 3087 3903 γὰρ
3129 3833 3330 3897 πάντα,
3363 3831 3435 3885 τά
3463 3847 3525 3883 τε
3558 3827 3770 3900 ἀνθρώ-

2199 3943 2350 3990 πινα,
2407 3925 2476 3980 τά
2519 3943 2580 3978 τε
2623 3925 2971 3995 πνευματικὰ
3045 3925 3415 3979 συνίστανται.
3473 3923 3610 3978 Οὔτε
3662 3923 3767 3994 γὰρ

2197 4017 2442 4089 γεωργὸς
2493 4018 2648 4081 ἐκτὸς
2699 4019 2934 4082 πίστεως
2987 4018 3178 4089 τέμνει
3227 4016 3332 4087 γῆς
3382 4015 3635 4070 αὔλακα·
3666 4017 3765 4071 οὐκ

482 4151 486 4154 ﬁ
522 4090 634 4133 tum
708 4081 1017 4150 spiritualia
1066 4098 1342 4146 constant.
1379 4092 1565 4165 Neque
1610 4099 1754 4153 enim
1786 4103 2025 4171 agricola
2047 4103 2095 4135 "

2200 4081 2436 4176 ἔμπορος
2471 4105 2653 4177 μικρῷ
2701 4104 2840 4178 ξύλῳ
2891 4107 2991 4178 τὴν
3045 4081 3251 4160 ἑαυτοῦ.
3288 4081 3484 4177 ’ψυχὴν
3531 4105 3608 4177 τῷ
3641 4103 3767 4176 μαιο

522 4170 639 4225 sine
695 4171 800 4227 [ide
840 4189 1028 4230 arvum
1073 4180 1397 4248 proscindit,
1437 4199 1540 4240 nec
1582 4170 1856 4245 mercator
1889 4194 2087 4264 exiguo

2200 4170 2408 4266 νομένῳ
2427 4170 2529 4266 si];
2557 4170 2834 4266 θαλάσσης
2861 4170 3090 4266 πελάγει
3127 4170 3498 4268 παραδίδωσιν
3518 4212 3532 4226 ·
3564 4170 3767 4263 διδ-γάο

522 4259 668 4330 ligno
703 4271 892 4319 vectus
922 4265 1162 4321 animam
1185 4284 1342 4324 suam
1368 4270 1686 4331 furentibus
1733 4281 1898 4336 maris
1931 4259 2094 4338 undis

2200 4303 2290 4358 μοι
2322 4287 2688 4353 συνίστανται,
2719 4289 2819 4340 οὐκ
2855 4287 2984 4342 ἄλλο
3010 4306 3063 4340 τι
3093 4287 3203 4340 τῶν
3237 4289 3296 4339 ὲν
3323 4287 3399 4356 τῷ
3425 4287 3546 4357 βίῳ.
3577 4287 3767 4339 Πίστει

519 4352 835 4420 committit,
875 4370 978 4410 nec
1015 4359 1362 4416 matrimonia
1392 4367 1820 4434 contrahuntur,
1862 4387 1964 4428 nec
2001 4375 2093 4430 de-

2200 4352 2425 4448 νοοῦμεν
2456 4379 2520 4432 ἐκ
2541 4377 2634 4432 τοῦ
2706 4379 2783 4450 μὴ
2818 4378 2974 4443 bino;
3022 4381 3101 4442 είς
3127 4379 3188 4432 τὸ
3239 4352 3468 4432 εἶναιτὰ
3497 4352 3676 4432 πάντα
3700 4382 3764 4449 τῇ

520 4441 682 4540 nique
705 4444 851 4543 aliud
889 4447 1187 4519 quidquam
1228 4467 1418 4535 eorum
1461 4473 1586 4528 qua:
1613 4460 1724 4516 vita
1756 4462 1882 4529 fert,
1916 4467 2094 4522 susci-

2200 4468 2288 4522 τοῦ
2319 4469 2453 4523 Θεοῦ
2484 4471 2713 4541 δυνάμει
2775 4469 3057 4543 παρῆχθαι
3084 4486 3099 4500 ·
3132 4471 3315 4525 πάντα
3349 4473 3419 4526 τά
3438 4490 3498 4526 τε
3522 4472 3643 4524 θεῖα
3673 4472 3767 4524 καὶ

521 4530 686 4634 pitur.
737 4531 870 4589 Fide
923 4537 1283 4612 intelligimus
1335 4533 1440 4602 Dei
1500 4553 1753 4619 potentia
1793 4564 1992 4611 cuncta
2023 4573 2092 4614 ex

2200 4559 2264 4614 τὰ
2293 4530 2818 4632 ἀνθρώπινα-πίστει
2856 4530 3262 4634 διατορθοῦμεν.
3306 4565 3497 4627 Πίστις
3531 4563 3588 4617 δέ
3621 4565 3769 4618 ἐστιν

521 4620 692 4675 nihilo
742 4625 1006 4692 producta
1070 4647 1217 4689 esse.
1245 4633 1378 4693 Fide
1411 4640 1597 4695 omnia
1645 4651 1795 4698 recte
1820 4647 2090 4715 gerimus,

483 4741 490 4746 -
520 4715 634 4762 tum
665 4713 922 4781 humana,
959 4725 1070 4772 tum
1099 4722 1304 4780 divina.
1328 4727 1490 4784 Fides
1517 4745 1680 4799 porro
1705 4741 1790 4789 est
1818 4713 2081 4794 assensus

519 4801 668 4854 omni
696 4805 910 4858 curiosa
939 4806 1294 4878 inquisitione
1314 4834 1516 4876 vacans
1540 4823 1610 4876 ⁸⁸.

589 4891 791 4949 Christi
819 4913 995 4952 rerum
1018 4903 1166 4958 nulla
1189 4908 1489 4966 mirabilior
1513 4917 1849 4994 cruce..Ejus
1883 4922 2082 4994 beneﬁ-

517 4984 1046 5060 cia.-Quanquam
1083 5004 1265 5052 autem
1291 5003 1472 5059 omnis
1510 4987 1715 5064 Christi
1739 4984 1885 5066 actio
1914 5021 1968 5067 et
1989 4984 2090 5068 mi-

521 5080 835 5136 raculorum
861 5083 1048 5152 editio,
1073 5090 1357 5160 praeclara,
1389 5095 1571 5153 divina
1589 5115 1651 5155 ac
1673 5102 1942 5160 mirabilis
1964 5115 2083 5162 est:

517 5169 653 5225 nihil
683 5179 860 5230 tamen
899 5185 987 5232 est
1022 5193 1086 5234 ex
1127 5183 1382 5240 omnibus
1413 5188 1558 5256 quod
1610 5190 1972 5250 admiratione
2004 5198 2086 5252 di-

585 5337 632 5421 ”.
666 5337 822 5392 Rom.
1097 5343 1168 5421 __’°
1204 5342 1366 5421 Hebr.
1402 5363 1478 5421 tu,
1516 5350 1566 5405 l.
1652 5353 1692 5386 ⁹¹
1732 5353 1905 5411 lCor.
1941 5373 1978 5421 l,
2007 5357 2094 5413 2'5.

519 5408 811 5472 psal.cxv.
889 5413 936 5444 ⁸⁸
985 5410 1152 5468 Basil.
1230 5415 1326 5470 cit.
1411 5408 1517 5474 loc.

2194 4654 2762 4725 άπολυπραγμόνητος
2793 4655 3215 4725 συγκατάθεσις.

2259 4918 2417 4970 Πᾶσα
2474 4917 2571 4988 μὲν
2633 4912 2725 4970 οῦν
2797 4916 2993 4988 πρᾶξις
3050 4919 3144 4974 καὶ
3185 4919 3599 4991 θαυματουργία
3660 4920 3758 4973 τοῦ

2194 5009 2430 5081 Χριστοῦ
2479 5009 2733 5080 μεγίστη,
2793 5013 2887 5065 καὶ
2935 5011 3075 5077 θεία,
3124 5013 3218 5066 καὶ
3263 5012 3588 5083 θαυμαστή·
3632 5011 3769 5065 ἀλλὰ

2194 5103 2410 5157 πάντων
2435 5104 2554 5157 ἐστὶ
2586 5103 3028 5176 θαυμαστότερον
3055 5108 3085 5159 ὁ
3101 5105 3281 5176 τίμιος
3309 5105 3472 5160 αὐτοῦ
3510 5106 3765 5176 σταυρός.

2188 5197 2266 5248 Δι’
2301 5195 2512 5260 οὐδενὸς
2539 5196 2649 5269 γὰρ
2683 5198 2870 5269 ἑτέρου
2903 5200 2930 5250 ὁ
2954 5197 3182 5260 θάνατος
3212 5188 3579 5270 ἧτήργηται,
3616 5199 3648 5267 ἡ
3674 5198 3768 5251 τοῦ

2203 5361 2249 5392 θ’
2280 5361 2297 5414 1
2329 5360 2458 5417 Cor.
2505 5379 2565 5428 tt,
2601 5362 2688 5418 15.

2781 5363 2826 5396 ³³
2879 5362 3039 5416 Hebr.
3092 5379 3165 5430 XI,
3217 5365 3269 5417 6.
3396 5365 3440 5396 "‘
3507 5364 3671 5418 Basil.
3713 5368 3765 5419 in

1797 5511 2030 5569 VARUE
2066 5511 2466 5573 LECTIONES.

583 5610 612 5650 Ρ
643 5600 811 5658 Codd.
847 5607 957 5665 fere
980 5627 1170 5669 omnes
1199 5593 1486 5685 ὲρευνῶσιξ
