4072 6146
302 297 432 366 1137

1353 312 1452 372 DE
1495 313 1674 373 FIDE
1707 314 2172 377 ORTIIUDOXA
2211 319 2356 378 LIB.
2400 319 2503 383 IV:

3427 315 3579 381 1138ι

300 417 376 468 Τά
404 415 462 468 δὲ
487 414 700 484 λογικὰ,
731 415 824 470 καὶ
848 418 992 472 κατὰ
1019 419 1088 475 τὰ
1112 422 1484 492 προειρημένα
1520 425 1640 494 μὲν,
1670 426 1731 477 οὑ
1769 426 1876 496 μὴν

2000 442 2186 482 )onum
2223 444 2347 484 cum
2383 429 2464 485 eis
2499 429 2897 494 communicat,
2927 438 3041 484 tum
3091 433 3367 498 quatenus
3407 435 3562 491 sunt.

296 508 428 562 ἀλλὰ
463 507 605 561 κατὰ
630 508 692 562 τὸ
716 509 960 578 λογικὸν,
988 513 1084 565 καὶ
1108 513 1286 568 ταῦτα
1305 515 1506 585 μᾶλλον
1527 531 1540 544 ⁶
1566 517 1874 590 οἰκειότερα

297 599 402 670 γάρ
453 598 570 663 πώς
623 601 734 654 εἰσι
786 603 928 674 πρὸς
978 604 1162 672 αὑτὸν,
1223 607 1274 659 εί
1319 607 1416 660 καὶ
1469 608 1688 674 πάντως
1719 605 1874 675 οὗτος

297 688 613 760 ὑπέρκειται
649 690 1022 763 άσυγκρίτως.

1981 527 2098 574 tum
2133 531 2410 591 quatenus
2452 523 2616 577 vitam
2671 528 3024 592 acceperunt.
3062 521 3130 576 At
3155 535 3285 575 vero
3317 535 3437 590 qua:
3472 535 3578 574 ra--

1982 609 2134 666 tione
2165 619 2418 682 utuntur,
2456 621 2571 668 tum
2599 613 2670 669 ob
2700 628 2763 670 ea
2788 629 2912 684 quae
2945 613 3109 668 modo
3153 612 3414 676 diximus,
3451 620 3565 664 ttun

1981 702 2053 757 ob
2102 703 2375 758 rationem
2433 705 2599 760 etiam
2667 719 2777 776 qua
2815 705 3048 775 pollent,
3089 705 3222 760 boni
3262 703 3574 773 participa-

297 782 442 836 tione
479 783 764 853 copiosius
796 784 1079 840 fruuntur.
1107 782 1350 842 Arctiori
1389 789 1595 844 etenim
1627 789 2036 862 quodammodo
2088 792 2503 850 necessitudine
2552 809 2680 848 cum
2738 808 2808 850 eo
2870 794 3173 865 cunjuncta
3229 801 3398 850 sunt:
3429 800 3570 847 tam-

295 877 394 934 etsi
426 879 634 951 alioqui
670 881 763 937 ille
784 882 1212 953 incomparabili
1246 883 1590 941 sublimitate
1621 886 1810 941 omnia
1847 895 2090 957 superet.
3422 869 3434 884 ’

373 971 434 1024 '0
490 972 677 1042 μέντοι
723 972 1034 1042 ἄνθρωπος,
1088 973 1310 1044 λογικὸς
1377 977 1472 1030 καὶ
1526 976 1878 1042 αὑτεξοὺσιος

297 1061 608 1132 γενόμενος,
665 1063 916 1131 ἐξουσίαν
973 1065 1200 1138 εἴληφεν
1244 1067 1611 1135 ἀδιαλείπτως
1641 1071 1731 1126 διὰ
1779 1071 1880 1138 τῆς

299 1152 506 1216 οἰκείας
519 1153 900 1226 προαιρέσεως
926 1157 1184 1213 ένοῦσθαι
1205 1159 1284 1231 τῷ
1301 1160 1447 1234 Θεῷ,
1480 1162 1534 1216 εἰ
1556 1180 1620 1232 γε
1651 1163 1884 1236 διαμένῃ

301 1244 357 1295 έν
405 1243 482 1314 τῷ
514 1245 727 1316 ἀγαθῷ,
775 1248 1026 1302 τουτέστι
1058 1253 1125 1322 τῇ
1165 1252 1258 1305 τοῦ
1303 1254 1607 1319 κτίσαντος
1640 1256 1881 1326 ὑπακοῇ.

313 1336 532 1408 Ἐπειδὴ
562 1338 744 1392 τοίνυν
772 1341 832 1394 ὲν
884 1342 1200 1414 παραϐάσει
1237 1343 1338 1416 τῆς
1379 1345 1476 1418 τοῦ
1513 1347 1883 1418 πεποιηκότος

301 1429 460 1484 αὑτὸν
491 1432 713 1502 ἐντολῆς
743 1432 962 1502 γέγονε,
1019 1435 1116 1489 καὶ
1151 1436 1368 1509 θανάτῳ
1417 1440 1511 1492 καὶ
1541 1438 1719 1511 φθορᾷ
1745 1440 1880 1495 ὑπο-

303 1522 610 1584 πέπτωκεν,
650 1522 680 1574 ὁ
708 1524 944 1596 Ποιητὴς
1003 1527 1100 1580 καὶ
1155 1528 1502 1601 Δημιουργὸς
1552 1529 1647 1584 τοῦ
1688 1531 1882 1600 γένους

303 1613 456 1684 ἡμῶν
484 1614 572 1667 διὰ
603 1615 893 1687 σπλάγχνα
952 1617 1140 1683 ἐλέους
1190 1620 1358 1674 αὑτοῦ
1408 1621 1670 1692 ὡμοιώθη
1723 1624 1879 1694 ἡμῖν,

2059 980 2223 1052 Atqui
2257 980 2424 1037 homo
2474 980 2688 1037 ratione
2725 981 3014 1052 liberaque
3051 979 3334 1036 voluntate
3376 977 3572 1048 praedi-

1988 1078 2083 1127 tus
2109 1087 2235 1126 cum
2261 1081 2430 1140 esset,
2471 1073 2616 1129 hanc
2650 1081 2945 1144 acceperat
2995 1079 3345 1143 potestatem,
3377 1077 3438 1126 ιιι
3473 1083 3572 1141 per

1988 1177 2143 1219 suam
2180 1163 2505 1220 electionem
2539 1165 2917 1221 indesinenter
2957 1178 3082 1219 cum
3125 1163 3237 1219 Deo
3270 1161 3576 1233 conjunge-

1988 1262 2162 1319 retur,
2211 1255 2488 1325 siquidem
2539 1255 2594 1310 in
2636 1255 2805 1320 bono,
2867 1255 2970 1310 hoc
3017 1260 3100 1310 est
3153 1254 3211 1307 in
3262 1251 3576 1308 obedientia

1990 1344 2274 1400 Creatoris
2313 1344 2675 1414 perstitisset.
2713 1343 2986 1410 Quoniam
3021 1357 3155 1398 vero
3177 1341 3458 1397 Creatoris
3488 1342 3577 1395 sui

1989 1434 2194 1489 violato
2250 1445 2544 1505 praecepto,
2593 1435 2756 1488 morti
2801 1444 2855 1489 et
2906 1432 3256 1502 eorruptioni
3301 1430 3578 1486 obnoxius

1990 1525 2115 1592 fuit,
2169 1526 2378 1581 idcirco
2437 1527 2656 1597 generis
2711 1526 2888 1581 nostri
2911 1523 3222 1581 Productor
3263 1533 3318 1580 et
3357 1521 3578 1594 Opifex,

1989 1615 2060 1670 ob
2089 1613 2479 1670 misericordiae
2507 1630 2622 1670 suae
2649 1616 2879 1681 viscera,
2917 1615 3265 1671 assimilatus
3289 1623 3374 1669 est
3396 1614 3580 1677 nobis,

303 1706 442 1759 κατὰ
477 1706 656 1761 πάντα
709 1709 1006 1779 γενόμενος
1064 1710 1351 1783 ἄνθρωπος
1376 1715 1548 1784 χωρὶς
1577 1715 1882 1785 ἁμαρτίας,

2000 1707 2160 1760 homo
2199 1707 2378 1761 factus
2409 1706 2532 1762 sine
2561 1714 2818 1776 peccato,
2857 1718 3165 1775 nostraeque
3203 1711 3417 1760 naturae
3442 1704 3582 1757 uni-

303 1795 395 1848 καὶ
432 1795 617 1867 ήνώθη
651 1800 716 1869 τῇ
750 1798 995 1871 ἡμετέρᾳ
1030 1799 1216 1869 φύσει.
1259 1802 1480 1875 ’Ἐπειδὴ
1523 1804 1632 1876 γὰρ
1659 1805 1922 1874 μετέδω-’

305 1901 398 1938 κεν
431 1887 566 1955 ἡμῖν
595 1889 694 1958 τῆς
728 1887 867 1952 ἰδίας
895 1889 1126 1953 εἰκόνος,
1163 1891 1259 1944 καὶ
1284 1892 1378 1945 τοῦ
1398 1893 1530 1946 ἰδίου
1556 1894 1888 1964 πνεύματος,

304 1976 396 2028 καὶ
425 1977 526 2029 οὑκ
555 1977 922 2051 ὲφυλάξαμεν,
965 1981 1376 2053 μεταλαμϐάνει
1411 1985 1575 2049 αὑτὸς
1613 1989 1711 2058 τῆς
1748 2004 1892 2040 πτω-

305 2068 407 2140 χῆς
428 2071 522 2123 καὶ
544 2071 807 2137 ἀσθενοῦς
837 2073 996 2145 ἡμῶν
1047 2075 1286 2144 φύσεως,
1344 2077 1431 2131 ἵνα
1460 2080 1609 2150 ἡμᾶς
1649 2080 1890 2152 καθάρῃ,

307 2165 398 2216 καὶ
424 2163 760 2238 ἀφθαρτίσῃ,
794 2166 889 2220 καὶ
915 2167 1179 2239 μετόχους
1206 2169 1370 2225 πάλιν
1408 2172 1504 2243 τῆς
1525 2171 1693 2226 αὑτοῦ
1718 2191 1892 2228 κατα-

307 2255 480 2326 στήσῃ
514 2255 793 2328 θεότητος.

381 2349 528 2402 Ἔδει
558 2349 616 2403 δὲ
653 2350 730 2421 μὴ
761 2349 925 2420 μόνον
953 2350 1055 2424 τὴν
1079 2353 1336 2425 ἀπαρχὴν
1358 2355 1458 2424 τῆς
1487 2356 1763 2428 ἡμετέρας
1789 2355 1892 2426 φύ-

309 2457 447 2504 σεως
479 2442 537 2495 ὲν
562 2445 764 2514 μετοχῇ
823 2443 1078 2512 γενέσθαι
1120 2445 1214 2500 τοῦ
1263 2447 1593 2518 κρείττονος,
1637 2449 1776 2503 ἀλλὰ
1802 2450 1895 2503 καὶ

309 2532 486 2584 πάντα
514 2535 603 2585 τὸν
633 2531 960 2604 βουλόμενον
992 2535 1305 2608 ἄνθρωπον,
1340 2539 1436 2592 καὶ
1472 2539 1731 2612 δευτέραν
1765 2540 1894 2610 γέν-

307 2641 463 2693 νησιν
489 2625 841 2696 γεννηθῆναι,
882 2629 978 2681 καὶ
999 2628 1278 2700 τραφῆναι
1329 2631 1536 2702 τροφὴν
1569 2631 1751 2704 ξένην,
1802 2636 1896 2689 καὶ

308 2715 374 2784 τῇ
402 2716 658 2785 γεννήσει
689 2717 1022 2788 πρόσφορον,
1055 2719 1150 2771 καὶ
1182 2717 1326 2773 οὓτω
1374 2720 1580 2790 φθάσαι
1607 2721 1668 2775 τὺ
1696 2722 1896 2795 μέτρον

307 2806 405 2875 τῆς
438 2805 798 2876 τελειότητος.
841 2808 940 2861 Διὰ
973 2808 1072 2878 μὲν
1109 2805 1204 2862 οὖν
1233 2812 1332 2880 τῆς
1384 2811 1552 2865 αὑτοῦ
1583 2814 1897 2884 γεννήσεως

309 2897 429 2965 ἦτοι
463 2896 817 2966 σαρκώσεως,
851 2897 1068 2952 καὶτοῦ
1107 2899 1508 2969 βαπτίσματος,
1539 2903 1634 2957 καὶ
1658 2905 1752 2973 τοῦ
1788 2906 1897 2960 πά·

311 2986 460 3051 θους,
490 2986 708 3057 καὶτῆς
757 2989 1135 3056 ἀναστάσεως,
1196 2991 1544 3064 ἠλευθέρωσε
1589 2994 1689 3066 τὴν
1734 2996 1897 3066 φύσιν

1995 1809 2084 1853 tus
2111 1797 2212 1851 fuit
2243 1799 2310 1851 ³⁸.
2349 1797 2508 1865 Nam,
2553 1799 2681 1868 quia
2725 1797 3019 1867 imaginem
3075 1797 3269 1866 ipsius,
3327 1805 3382 1852 et
3412 1796 3586 1866 spici-6

1995 1901 2111 1945 tum
2142 1905 2305 1961 quem
2339 1892 2504 1946 nobis
2533 1890 2783 1955 dederat,
2811 1889 3042 1944 minime
3066 1889 3435 1955 servavimus,
3464 1890 3584 1959 ipso

1993 1999 2120 2040 cum
2158 1997 2400 2055 paupere
2438 1985 2770 2051 inﬁrmaque
2823 1988 3022 2035 natura
3083 1991 3275 2037 nostra
3305 1997 3586 2036 commer-

1996 2077 2140 2132 cium
2167 2076 2312 2144 iniit,
2339 2091 2449 2146 quo
2474 2090 2577 2130 nos
2600 2074 2872 2143 expiaret,
2907 2081 3072 2141 atque
3112 2073 3178 2126 ad
3211 2071 3587 2141 incorruptio-

1995 2171 2084 2226 nis
2126 2177 2329 2226 statum
2359 2170 2678 2234 translatos,
2715 2182 2830 2223 sua:
2862 2181 3082 2222 rursum
3113 2165 3422 2220 divinitatis
3461 2165 3587 2222 red-

1996 2257 2152 2314 deret
2182 2257 2502 2329 participes.

2067 2351 2469 2405 lncarnationis
2526 2349 2602 2404 vis
2657 2349 2714 2402 in
2753 2347 2970 2420 reliquis
3018 2363 3050 2400 a
3089 2344 3301 2402 Christo
3358 2345 3588 2400 homini-

1997 2443 2527 2514 bus.—()portebat
2555 2441 2702 2498 enim
2771 2449 2832 2496 ut
2863 2455 2974 2495 non
3016 2441 3195 2497 solum
3238 2439 3457 2513 generis
3483 2454 3590 2494 no-

1999 2538 2098 2594 stri
2127 2536 2407 2608 primitias,
2443 2536 2538 2591 sed
2589 2547 2640 2590 et
2683 2534 2941 2606 quisquis
2980 2533 3267 2588 hominum
3311 2533 3497 2599 vellet,
3529 2532 3586 2588 in

2001 2632 2148 2686 illius
2192 2630 2392 2686 summi
2441 2622 2570 2685 boni
2622 2629 3106 2700 participationem
3139 2627 3369 2683 veniens
3402 2627 3590 2683 denuo

1998 2732 2345 2788 nasceretur,
2379 2736 2635 2793 novoque
2671 2719 2910 2778 subinde
2937 2719 3088 2786 cibo,
3125 2719 3221 2790 qui
3270 2717 3588 2788 huiusmodi

2000 2815 2275 2869 nativitati
2305 2821 2715 2869 consentaneus
2755 2819 2924 2874 esset,
2959 2810 3259 2877 enutritus,
3293 2808 3590 2881 perfectio—

2001 2907 2092 2963 nis
2123 2907 2343 2962 modum
2369 2907 2684 2976 attingeret.
2717 2901 3086 2970 Quamobrem
3132 2918 3230 2974 per
3261 2917 3415 2957 suam
3448 2901 3592 2957 nati-

2003 3001 2251 3066 vitatem,
2322 2999 2440 3054 sive
2507 2998 2974 3063 incarnationem,
3032 2996 3367 3068 baptismum
3438 2996 3590 3061 item,

308 3076 411 3147 τῆς
439 3078 713 3150 ἁμαρτίας
733 3079 828 3134 τοῦ
865 3082 1230 3152 προπάτορος,
1272 3083 1367 3138 τοῦ
1407 3083 1639 3140 θανάτου
1682 3089 1776 3141 καὶ
1801 3089 1895 3161 τῆς

2002 3091 2340 3162 passionem,
2398 3097 2453 3144 ct
2505 3087 2998 3155 resurrectionem,
3031 3089 3330 3142 humanum
3358 3101 3534 3158 genus
3560 3099 3591 3139 a

311 3170 544 3243 φθορᾶς,
597 3168 692 3226 καὶ
735 3174 833 3245 τῆς
888 3175 1242 3241 ἀναστάσεως
1277 3177 1505 3251 ἀπαρχὴ
1558 3179 1778 3250 γέγονε,
1805 3183 1900 3236 καὶ

312 3263 432 3317 ὁδὸν
466 3263 564 3318 καὶ
592 3264 762 3319 τύπον
825 3267 1018 3321 ἑαυτὸν
1065 3270 1162 3322 καὶ
1213 3270 1586 3343 ὑπογραμμὸν
1631 3273 1898 3344 τέθεικεν,

313 3356 402 3410 ἵνα
455 3357 549 3411 καὶ
589 3360 750 3429 ἡμεῖς
789 3362 902 3425 τοῖς
943 3361 1110 3415 αὑτοῦ
1167 3363 1645 3436 ἀκολουθήσαντες
1704 3367 1898 3438 ἴχνεσι,

312 3447 605 3520 γενώμεθα
667 3451 837 3516 θέσει,
890 3453 1028 3524 ὅπερ
1094 3453 1258 3518 αὑτός
1307 3458 1426 3511 ἐστι
1452 3457 1636 3526 φύσει,
1665 3459 1774 3512 υἱοὶ
1805 3459 1902 3513 καὶ

314 3544 644 3616 κληρονόμοι
673 3543 832 3612 Θεοῦ,
857 3547 952 3600 xa‘t
989 3547 1155 3601 αὑτοῦ
1191 3550 1628 3622 συγκληρονόμοι
1656 3553 1684 3591 ιι
1709 3567 1722 3582 ·
1772 3551 1904 3606 ἐδω-

315 3652 410 3688 κεν
440 3631 533 3689 οὖν
564 3638 716 3708 ἡμῖν,
745 3637 821 3702 ὡς
851 3638 1011 3710 ἔφην,
1031 3639 1284 3709 γέννησιν
1309 3641 1593 3714 δευτέραν,
1617 3645 1683 3697 ἵν’
1715 3642 1902 3716 ὥσπερ

314 3728 670 3801 γεννηθέντες
697 3733 761 3785 ἐκ
791 3731 887 3786 τοῦ
941 3732 1133 3805 ’Λδὰμ,
1162 3734 1534 3808 ὡμοιώθημεν
1561 3737 1732 3810 αὑτῷ,
1769 3740 1903 3811 κλη-

315 3825 723 3902 ρονομήσαντες
775 3825 877 3896 τὴν
930 3825 1180 3896 κατάραν
1217 3827 1314 3880 καὶ
1353 3830 1456 3898 τὴν
1499 3826 1728 3900 φθορὰν,
1761 3828 1904 3884 οὕτω

315 3916 412 3970 καὶ
446 3916 503 3982 ἐξ
537 3905 703 3971 αὑτοῦ
769 3918 1146 3987 γεννηθέντες,
1196 3919 1560 3991 όμοιωθῶμεν
1599 3919 1770 3992 αὐτῷ,
1809 3921 1905 3975 καὶ

316 4007 861 4080 κληρονομήσωμενί
901 4011 1003 4080 τήν
1037 4027 1098 4062 τε
1131 4010 1464 4083 ἀφθαρσίαν,
1499 4014 1595 4065 καὶ
1617 4012 1716 4086 τὴν
1748 4014 1902 4068 εὑλο-

314 4099 463 4169 γίαν,
501 4101 597 4154 καὶ
630 4100 730 4172 τὴν
765 4099 924 4166 δόξαν
952 4101 1118 4154 αὑτοῦ

2005 3185 2169 3256 primi
2209 3181 2456 3254 parentis
2504 3191 2751 3253 peccato,
2803 3189 2981 3236 morte
3012 3194 3236 3250 quoque
3281 3193 3347 3233 ac
3389 3191 3592 3231 corru-

2007 3279 2192 3347 ptione
2243 3274 2536 3341 liberavit;
2584 3271 3131 3341 resurrectionisque
3183 3269 3365 3326 factus
3398 3266 3594 3339 primi-

2007 3369 2118 3433 tiae,
2153 3369 2396 3438 seipsum
2439 3367 2582 3421 viam
2634 3379 2997 3435 normamque
3034 3371 3091 3418 ct
3141 3362 3422 3432 exemplar
3453 3375 3591 3416 con-

2007 3462 2208 3526 stituit,
2253 3469 2311 3516 ut
2356 3476 2459 3515 nos
2494 3474 2716 3531 quoque
2767 3457 3016 3526 vestigiis
3052 3455 3175 3526 ejus
3220 3453 3590 3521 adhaerentes,

2005 3555 2153 3627 quod
2198 3554 2312 3625 ipse
2347 3563 2542 3607 natura
2573 3560 2679 3615 est,
2723 3550 2825 3604 hoc
2857 3549 3155 3618 adoptione
3188 3562 3460 3609 essemus,
3489 3546 3589 3600 tilii

2009 3648 2296 3712 nimirum,
2325 3653 2380 3700 et
2406 3643 2653 3699 literedes
2687 3641 2806 3708 Dei,
2850 3641 3140 3712 ipsiusque
3180 3637 3497 3695 colunrcdes
3525 3637 3590 3696 ".

2006 3739 2178 3797 Nobis
2207 3741 2392 3810 itaque
2422 3737 2748 3802 secundum,
2786 3743 2843 3789 ut
2867 3733 3005 3798 dixi,
3045 3732 3389 3788 nativitatem
3419 3730 3592 3799 dedit;

2008 3844 2068 3889 ut
2096 3831 2562 3905 quemadmodum
2611 3845 2675 3884 ex
2722 3827 2935 3882 Adamo
2973 3825 3274 3897 procreati,
3331 3823 3594 3879 similitu-

2007 3927 2192 3981 dinem
2245 3923 2367 3994 cjus
2431 3919 2841 3983 contraximus,
2897 3916 3488 3986 maledictionemqne,
3541 3921 3599 3969 et

2008 4016 2421 4086 corruptionem
2456 4011 2807 4069 haereditario
2844 4007 3012 4064 veluti
3039 4007 3166 4078 jure
3197 4007 3344 4062 nacti
3375 4021 3594 4062 smnus:

2011 4111 2092 4166 sic
2117 4125 2184 4164 ex
2230 4109 2352 4180 ipso
2380 4106 2576 4180 geniti,
2617 4105 2830 4162 similes
2853 4103 2904 4159 ei
2941 4100 3266 4166 cliieiamur,
3295 4107 3461 4170 atquc
3489 4099 3597 4153 im-

2009 4203 2374 4258 mortalitatis
2425 4201 2626 4272 ipsius,
2679 4195 3226 4263 benedictionisque,
3280 4206 3345 4246 ac
3405 4190 3596 4262 gloriae

2010 4296 2386 4363 luereditatem
2431 4304 2862 4360 consequamur.

399 4378 618 4450 Ἐπειδὴ
669 4378 727 4432 δὲ
765 4386 1138 4451 πνευματικός
1180 4382 1327 4436 ἐστιν
1366 4375 1522 4444 οὗτος
1579 4383 1592 4434 j
1631 4385 1660 4438 ὁ
1708 4385 1895 4458 “Si?”

2082 4387 2360 4441 Nativitas
2391 4401 2482 4454 per
2507 4384 2800 4444 Christum,
2843 4379 3092 4448 cibusque
3129 4374 3346 4444 duplex.
3377 4371 3594 4428 Eucha-

315 4468 427 4522 ἔδει
448 4471 542 4523 καὶ
567 4472 668 4540 τὴν
690 4471 948 4542 γέννησιν
983 4474 1365 4546 πνευματικὴν
1389 4470 1553 4541 εἶναι,
1581 4478 1784 4547 ὁμοίως
1806 4481 1902 4534 καὶ

312 4560 416 4630 τὴν
450 4561 676 4630 βρῶσιν.
709 4563 826 4616 ἀλλ’
875 4564 1064 4634 ἐπειδὴ
1090 4565 1269 4618 διπλοῖ
1292 4565 1439 4628 τινές
1461 4567 1631 4636 ἐσμεν
1654 4568 1749 4621 καὶ
1777 4567 1903 4620 σύν-

313 4650 483 4716 θετοι,
518 4652 599 4706 δεῖ
628 4653 724 4707 καὶ
756 4653 855 4725 τὴν
887 4654 1144 4724 γέννησιν
1166 4655 1364 4724 διπλῆν
1391 4651 1552 4720 εἶναι,
1573 4656 1776 4726 ὁμοίως
1806 4655 1902 4710 καὶ

312 4744 416 4815 τὴν
445 4744 649 4816 βρῶσιν
685 4746 960 4802 σύνθετον.
1008 4747 1072 4800 Ἥ
1122 4749 1222 4818 μὲν
1261 4743 1356 4800 οὖν
1391 4747 1644 4816 γέννησις
1671 4751 1804 4820 ἡμῖν
1833 4749 1899 4802 δι’

314 4834 513 4900 ὕδατος
537 4839 633 4892 καὶ
661 4837 984 4910 Πνεύματος
1035 4839 1242 4892 δέδοται
1267 4854 1282 4870 ·
1341 4841 1486 4910 φημὶ
1531 4839 1588 4893 δὲ
1619 4841 1715 4894 τοῦ
1747 4841 1903 4910 ἁγίου

316 4929 699 5002 βαπτίσματος
722 4947 736 4962 ο
765 4933 800 5003 ὴ
831 4931 888 4984 δὲ
920 4929 1122 5002 βρῶσις
1151 4931 1314 4991 αὐτὸς
1345 4935 1373 4984 ὁ
1403 4931 1570 5002 ἄρτος
1605 4932 1705 5004 τῆς
1733 4931 1903 5002 ξωῆςν

313 5024 349 5075 ὁ
372 5021 578 5093 Κύριος
603 5023 762 5095 ἡμῶν
803 5022 1012 5095 Ἰησοῦς
1067 5022 1325 5093 Χριστὸς,
1362 5023 1391 5074 ό
1422 5025 1488 5076 ἐκ
1527 5023 1622 5078 τοῦ
1669 5024 1904 5098 οὐρανοῦ

312 5116 586 5181 καταϐάς.
609 5115 836 5171 Μέλλων
871 5117 981 5188 γὰρ
1009 5115 1102 5172 τὸν
1126 5116 1372 5172 ἑκούσιον
1388 5116 1531 5190 ὑπὲρ
1547 5117 1706 5189 ἡμῶν
1737 5134 1909 5172 κατα-

387 5273 436 5308 ³³
473 5272 734 5342 Ποῦιν.·ιὶ,
763 5275 850 5331 i7.
907 5275 952 5308 “
990 5273 1154 5332 Rom.
1219 5291 1318 5341 vn,
1357 5275 1444 5332 17.

2011 4481 2178 4536 ristia:
2208 4476 2500 4532 institutio.
2539 4473 2699 4527 Vetus
2735 4470 2951 4525 Pascha
2977 4466 3204 4522 comedit
3242 4465 3597 4520 Christus.—

2009 4576 2279 4630 Cmterum
2338 4569 2606 4640 quoniam
2672 4565 2764 4620 hic
2800 4563 2974 4617 Adam
3015 4560 3321 4632 spiritualis
3355 4566 3462 4626 est,
3495 4573 3596 4628 par

2009 4676 2149 4729 erat,
2182 4673 2238 4718 ut
2267 4668 2384 4717 tum
2415 4658 2679 4714 nativitas
2724 4653 3038 4727 spiritualis
3084 4659 3256 4716 esset,
3289 4659 3405 4706 tum
3443 4651 3596 4722 pari-

2011 4766 2095 4812 ter
2127 4753 2411 4809 alimonia.
2446 4750 2649 4806 Verum
2697 4747 2825 4818 quia
2856 4745 3093 4817 duplicis
3131 4753 3345 4799 natura:
3377 4759 3596 4809 sumus,

2005 4860 2060 4908 et
2107 4844 2426 4918 compositi,
2477 4842 2754 4914 duplicem
2809 4855 3031 4912 quoque
3089 4839 3460 4900 nativitatem,
3511 4846 3598 4891 at-

2007 4954 2115 5008 que
2147 4938 2279 4990 item
2312 4932 2686 5004 compositum
2722 4930 2909 4986 cibum
2939 4944 3067 4986 esse
3100 4928 3415 4999 oportebat.
3447 4927 3596 4994 Quo-

2013 5029 2163 5083 circa
2196 5026 2363 5096 268
2402 5022 2664 5079 nativitas
2697 5021 2924 5092 quidem
2973 5019 3136 5076 nobis
3167 5034 3266 5090 per
3299 5033 3499 5089 aquam
3538 5025 3594 5070 et

2015 5117 2310 5190 Spiritum,
2370 5117 2475 5172 hoc
2529 5123 2636 5183 est,
2674 5129 2772 5188 per
2821 5123 3078 5170 sanctum
3139 5111 3414 5182 baptisma
3459 5108 3589 5162 data

1629 5449 1866 5507 VARUE
1907 5447 2308 5506 LECTIONES.

393 5615 422 5656 ιι
457 5612 688 5682 παντο,
720 5611 892 5685 ,φύσει
915 5611 1028 5685 ,καὶ
1072 5611 1399 5683 κληρονόμοι
1448 5614 1546 5685 τῆς
1585 5612 1753 5667 αὑτοῦ
1798 5611 2088 5684 γενώμεθα
2132 5611 2378 5685 χάριτος,
2416 5606 2524 5685 καὶ.
2563 5603 2762 5685 .αὐτοῦ’
2792 5600 3106 5685 plen-fati.
3129 5598 3296 5685 συγκλ

3345 5601 3588 5681 ρονόμρι.

393 5615 422 5656 ιι
457 5612 690 5697 εἶτ-295θέ
730 5611 892 5682 φύσει
932 5611 1028 5664 καὶ
1072 5611 1399 5696 κληρονόμοι
1448 5614 1546 5696 τῇς
1585 5612 1768 5695 αὑτοῦ.
1798 5611 2088 5684 γενώμεθα
2132 5611 2378 5692 χάριτος,
2416 5610 2512 5662 καὶ
2571 5610 2739 5659 αὑτοῦ
2792 5610 2924 5689 υἱοὶ,
2962 5610 3075 5682 ¹καὶ.
3129 5610 3588 5726 συγκλὲρονόμρι.

321 5689 344 5730 ἱ
391 5685 544 5764 Regii
601 5684 825 5764 quidam
879 5681 1412 5764 κληρονομηραντες.
1446 5686 1538 5741 Sic
1566 5694 1732 5742 vetus
1758 5694 1990 5755 tuterpr.
2036 5684 2429 5737 It'wreduantes.
2509 5676 2525 5727 l
2563 5678 2632 5732 In.
2661 5674 2786 5732 cod.
2835 5675 2906 5728 δι
2936 5671 3043 5726 lltl.
3075 5669 3230 5727 decSI
3279 5685 3309 5722 ο
3347 5684 3454 5732 τος.
3489 5671 3588 5722 be-

313 5753 535 5829 quitui',
565 5753 634 5809 ut
680 5756 737 5809 in
787 5753 974 5808 multis
1028 5753 1153 5807 aliis
1183 5753 1261 5804 δεῖ
1287 5753 1395 5806 καί.
