4072 6146
517 321 656 384 1155

1651 315 1712 375 S.
1731 323 1733 326 ‘
1753 313 2080 376 IOANNIS
2114 313 2552 375 DAMASCENI

3631 305 3766 374 1156
3840 296 3843 297 ί

518 445 738 500 semper
768 426 994 501 Virgine
1020 437 1074 482 et
1105 425 1198 480 Dei
1231 423 1510 480 Genitrice
1543 425 1712 478 Maria
1748 440 1924 494 pauca
1982 427 2092 496 jam

2207 429 2292 478 καὶ
2347 422 2612 477 Θεοτὸκου
2664 423 2881 494 Μαρίας
2921 422 2978 475 ὲν
3032 421 3144 484 τοῖς
3171 417 3503 491 προλαϐοῦσι
3534 422 3769 492 μετρίως

518 525 574 577 in
615 530 961 575 antecessum
1011 518 1444 587 disputavimus,
1493 533 1556 572 ea
1613 517 1945 586 exponendo
1975 533 2099 587 qua:

517 613 790 682 praecipua
821 609 998 679 magis
1031 615 1213 672 erant,
1235 607 1701 679 quemadmodum
1735 607 1948 662 scilicet
1971 622 2100 662 vere

515 712 572 757 et
603 701 825 772 proprie
849 699 946 755 Dei
987 698 1240 754 Genilrix
1295 700 1368 754 sit
1415 706 1470 754 et
1521 698 1872 768 appelletur:
1934 697 2099 753 modo

519 799 771 860 superest
813 797 873 844 ut
906 804 1028 859 qua:
1082 788 1306 843 residua
1361 797 1491 844 sunt
1538 787 1703 859 274
1751 789 2096 858 expleamus.

519 883 644 951 Ipsa
673 883 820 935 enim
851 894 976 951 quae
1015 888 1144 934 ante
1171 893 1335 934 omne
1364 893 1541 933 aevum
1591 879 1954 947 praescientiae
2001 876 2097 933 Del

519 973 755 1028 consilio
783 971 1175 1042 praedestinata
1207 979 1346 1036 erat,
1377 970 1663 1040 variisque
1705 970 2098 1040 prophetarum

521 1065 865 1137 imaginibus
898 1071 954 1119 et
987 1063 1342 1118 sermonibus
1366 1077 1396 1115 a
1431 1061 1638 1132 Spiritu
1673 1071 1867 1118 sancto
1900 1062 2100 1116 adum-

520 1158 678 1213 brata
725 1165 780 1212 et
828 1155 1215 1226 praenuntiata,
1257 1152 1531 1223 praeﬁnito
1579 1153 1802 1209 tandem
1851 1161 2102 1223 tempore

521 1266 588 1305 es
624 1248 808 1304 radice
843 1246 1087 1310 Davidis,
1133 1247 1292 1316 juxta
1349 1261 1414 1300 ac
1450 1246 1526 1300 illi
1581 1246 1917 1316 promissum
1955 1255 2099 1311 erat,

524 1350 644 1396 orta
663 1348 768 1395 est.
797 1338 1016 1393 Dictum
1034 1337 1238 1408 quippe
1255 1344 1341 1392 est
1366 1355 1380 1392 :
1410 1335 1626 1391 Iuravit
1651 1337 1908 1392 Dominus
1932 1336 2102 1392 David

524 1432 821 1494 veritatem,
853 1438 902 1484 et
940 1445 1045 1484 non
1074 1428 1432 1497 frustrabitur
1461 1444 1616 1494 eam;
1656 1429 1720 1482 de
1750 1429 1931 1498 fructu
1977 1443 2103 1484 ven-

528 1521 628 1575 tris
656 1521 736 1572 tui
757 1533 951 1587 ponam
981 1533 1138 1586 super
1161 1517 1338 1571 sedem
1369 1527 1516 1570 tuam
1540 1519 1604 1572 θ’.
1633 1518 1714 1572 Ac
1745 1533 1943 1574 rursus
1970 1537 1984 1574 :
2015 1518 2105 1574 Se-

526 1613 632 1664 mel
648 1611 831 1679 juravi
864 1611 919 1663 in
949 1618 1135 1664 sancto
1157 1625 1293 1672 meo,
1328 1612 1378 1663 si
1406 1609 1578 1664 David
1611 1611 1875 1665 mentiar:
1916 1609 2104 1666 Semen

2197 513 2560 580 διαλαϐόντες,
2595 513 2688 567 καὶ
2710 513 2771 566 τὺ
2804 511 3164 584 καιριώτατον
3197 511 3666 582 παραστήσαντες,
3697 510 3772 574 ὡς

2199 605 2402 676 κυρίως
2431 603 2526 659 καὶ
2552 605 2767 675 ἀληθῶς
2789 601 3050 666 θεοτόκος
3080 602 3194 656 ἐστι
3221 618 3280 655 τε
3301 602 3396 656 καὶ
3423 600 3772 669 ὀνομάζεται,

2197 697 2294 750 νῦν
2345 695 2415 749 τὰ
2461 696 2721 750 λείποντα
2762 691 3414 767 προσαναπληρώσωμεν.
3468 690 3619 764 Αὕτη
3666 691 3773 765 γὰρ

2197 791 2266 858 τῇ
2331 786 2642 859 προαιωνίῳ
2683 788 3067 858 προγνωστικῇ
3101 783 3264 855 βουλῇ
3307 782 3404 836 τοῦ
3446 782 3584 836 Θεοῦ
3637 800 3776 856 προ-

2199 878 2498 949 ορισθεῖσα,
2517 879 2610 932 καὶ
2626 878 2902 949 διαφόροις
2929 876 3124 939 εἰκόσι,
3154 875 3251 929 καὶ
3275 873 3457 942 λόγοις
3483 873 3778 944 προφητῶν

2197 969 2286 1023 διὰ
2321 969 2638 1041 Πνεύματος
2665 970 2818 1038 ἁγίου
2850 966 3215 1022 είκονισθεῖσά
3266 983 3327 1019 τε
3356 965 3452 1018 καὶ
3496 982 3776 1036 προκηρυ-

2198 1060 2408 1132 χθεῐσα,
2444 1061 2502 1114 ὲν
2540 1061 2620 1132 τῷ
2651 1060 3051 1132 προωρισμένῳ
3075 1057 3255 1130 καιρῷ
3287 1059 3353 1110 ἐκ
3381 1057 3672 1126 Δαυϊτικῆς
3694 1055 3777 1128 ῥί-

2199 1150 2301 1220 ζης
2330 1149 2654 1221 ἐϐλάστησε,
2693 1151 2780 1204 διὰ
2816 1152 2917 1212 τὰς
2947 1149 3086 1220 πρὸς
3105 1150 3270 1203 αὐτὸν
3295 1148 3596 1219 γενομένας
3610 1149 3779 1212 ἑπαγ-

2199 1241 2408 1310 γελίας.
2453 1243 2678 1310 Ὠμοσε
2709 1241 2817 1314 γὰρ
2843 1243 3079 1311 Κύριος,
3110 1241 3266 1312 φησὶ,
3290 1240 3373 1306 τῷ
3413 1240 3595 1295 Δαϐίδ
3629 1241 3778 1307 ἁλή-

2201 1335 2388 1398 θειαν,
2420 1333 2517 1388 καί
2548 1335 2620 1388 οὺ
2656 1331 2736 1402 μὴ
2775 1333 3057 1401 ἀθετήσει
3102 1335 3293 1388 αὐτόν
3321 1342 3350 1372 '
3371 1349 3387 1363 ο
3425 1333 3494 1388 ἐκ
3553 1333 3780 1401 καρποῦ

2202 1423 2313 1493 τῆς
2341 1427 2578 1492 κοιλίας
2621 1439 2739 1480 σου
2786 1427 3046 1495 θήσομαι
3088 1425 3188 1479 ἐπὶ
3226 1426 3334 1480 τοῦ
3380 1427 3595 1495 θρόνου
3641 1440 3780 1479 σου.

2203 1517 2314 1569 Καὶ¹
2339 1515 2501 1569 πάλιν
2524 1532 2539 1547 ο
2565 1515 2764 1580 "Aemi:
2793 1517 3002 1585 ὤμοσα
3020 1515 3092 1570 ἐν
3119 1517 3198 1582 τῷ
3224 1517 3372 1588 ἁγίῳ
3390 1535 3528 1587 μου,
3601 1519 3656 1572 εί
3700 1515 3786 1582 τῷ

2203 1606 2382 1661 Δαϐίδ
2408 1607 2711 1677 ψεύσομαι
2733 1624 2747 1639 ·
2786 1607 2856 1661 Τὸ
2886 1607 3124 1677 σπέρμα
3145 1607 3332 1662 αὐτοῦ
3352 1611 3438 1674 είς
3463 1609 3571 1663 τὸν
3598 1609 3789 1665 αίῶνα

524 1710 640 1772 ejus
669 1703 723 1755 in
750 1712 1004 1756 (uernum
1052 1701 1308 1756 manebit.
1353 1699 1422 1755 Et
1448 1701 1668 1755 thronus
1693 1701 1809 1771 ejus
1858 1702 1994 1756 sicut
2023 1703 2105 1758 sol

2207 1699 2388 1768 μενεῖ·
2428 1699 2528 1754 καί
2572 1703 2604 1754 ό
2654 1700 2868 1768 θρόνος
2909 1700 3119 1767 αὐτοῦ,
3161 1700 3244 1768 ὡς
3293 1700 3466 1768 ἥλιος
3509 1701 3791 1756 ἐναντίον

528 1795 582 1848 in
603 1804 882 1864 conspectu
914 1808 1060 1856 meo;
1091 1803 1139 1847 et
1165 1794 1298 1846 sicut
1325 1791 1453 1846 luna
1481 1793 1715 1862 perfecta
1738 1794 1793 1846 in
1824 1803 2100 1860 wternum,

2207 1807 2343 1860 μου,
2378 1792 2476 1845 καὶ
2496 1792 2577 1859 ὡς
2602 1793 2838 1862 σελήνη
2861 1793 3322 1862 κατηρτισμέναι,
3346 1797 3431 1860 είς
3452 1794 3560 1848 τὸν
3582 1793 3787 1860 ultima,

526 1895 576 1939 et
604 1886 751 1939 testis
792 1886 846 1938 in
873 1885 1002 1938 creto
1045 1885 1219 1954 ﬁdelis
1236 1886 1306 1940 “.
1345 1883 1410 1938 Et
1447 1886 1654 1940 Isaias:
1693 1883 1912 1939 Orietur
1959 1886 2106 1957 virga

528 1992 592 2030 ea:
615 1973 785 2043 Iesse,
813 1985 861 2030 et
892 1975 992 2043 ﬂos
1023 1976 1086 2030 de
1116 1975 1297 2029 radice
1327 1976 1442 2044 ejus
1471 1976 1804 2030 ascendet“.

598 2138 1066 2216 Evangelistaruin
1109 2163 1373 2217 apparens
1415 2147 1738 2216 diﬁ'erentia,
1789 2149 1846 2203 in
1889 2150 2107 2204 texendo

529 2234 745 2305 Iosephi
769 2252 975 2306 genere.
1003 2267 1075 2277 —
1101 2235 1376 2292 Caeterum
1403 2238 1549 2308 quod
1583 2237 1789 2308 Ioseph
1823 2253 1890 2295 ex
1942 2238 2106 2294 Davi-

531 2329 656 2384 dica
688 2329 836 2384 tribu
866 2329 1136 2400 originem
1166 2329 1408 2396 duxerit,
1461 2329 1828 2386 sacratissimi
1869 2343 2108 2403 evange-

531 2420 676 2476 listaa
707 2421 1002 2477 Matthaeus
1046 2431 1101 2478 et
1132 2422 1314 2477 Lucas
1370 2421 1582 2492 liquido
1629 2423 2106 2479 demonstrarunt.

531 2511 733 2568 Verum
767 2511 1059 2569 Matthazus
1084 2529 1152 2568 ex
1186 2512 1393 2568 Davide
1429 2528 1526 2583 per
1558 2512 1916 2569 Salomonem
1943 2513 2101 2570 Jose-

532 2605 702 2673 phum
742 2604 1007 2672 deducit;
1039 2603 1220 2660 Lucas
1251 2613 1460 2670 autem,
1487 2619 1586 2676 per
1608 2603 1848 2661 Nathan.
1880 2606 1948 2661 At
1979 2619 2110 2662 vero

533 2704 738 2749 sanctae
773 2691 1018 2764 Virginis
1053 2710 1228 2764 genus
1258 2703 1495 2764 uterque
1525 2695 1701 2750 siluit.

603 2787 881 2853 Quocirca
897 2785 1199 2841 sciendum
1227 2795 1332 2852 est,
1366 2801 1469 2841 nec
1504 2788 1647 2856 apud
1675 2785 1962 2851 Hebraeos,
2010 2801 2112 2843 nec

534 2875 591 2928 in
626 2873 916 2944 Scriptura
950 2889 1130 2940 sacra,
1165 2875 1313 2930 hunc
1346 2891 1552 2931 morem
1590 2875 1766 2932 fuisse
1806 2885 1866 2931 ut
1915 2878 2112 2933 mulie-

534 2979 657 3018 rum
683 2979 859 3035 genus
888 2973 1302 3020 recenseretur.
1341 2964 1508 3035 Atqui
1554 2964 1660 3020 hoc
1711 2967 1828 3038 lege
1881 2976 2107 3022 cautum

533 3065 680 3121 erat,
710 3071 778 3111 ne
811 3056 996 3112 tribus
1029 3057 1140 3110 ulla
1173 3071 1243 3112 ex
1281 3057 1462 3112 aliena
1497 3057 1646 3112 tribu
1699 3057 1968 3129 conjuges
2020 3075 2111 3114 ac-

533 3156 778 3206 cerseret
802 3150 848 3184 °'
876 3168 892 3206 :
920 3165 985 3205 ac
1023 3151 1255 3220 proinde
1291 3148 1522 3222 Joseph,
1550 3152 1646 3221 qui
1691 3165 1757 3206 ex
1791 3152 1964 3221 stirpe
2008 3150 2112 3204 Da-

532 3241 715 3296 vidica
767 3242 1067 3308 oriundus,
1119 3242 1422 3312 iustusque
1471 3250 1594 3297 erat
1644 3240 1814 3313 (hanc
1861 3242 2008 3297 enim
2061 3242 2112 3297 ei

535 3332 752 3388 laudem
781 3333 979 3389 tribuit
1004 3333 1253 3389 divinum
1286 3333 1688 3405 Evangelium),
1710 3340 1961 3389 sanctam
1991 3333 2116 3388 Vir-

536 3425 720 3494 ginem
771 3431 970 3494 praeter
1032 3425 1171 3495 legis
1239 3426 1627 3497 praescriptum
1688 3425 2112 3497 haudquaquam

537 3517 972 3586 despondisset,
1024 3517 1132 3574 nisi
1177 3532 1248 3572 ex
1300 3517 1494 3574 eodem
1544 3525 1769 3588 sceptro
1818 3527 1916 3573 aut
1965 3518 2115 3573 tribu

538 3607 806 3663 traxisset
833 3622 1010 3678 genus
1039 3625 1054 3663 :
1086 3607 1232 3664 unde
1263 3608 1402 3665 satis
1429 3607 1626 3664 habuit
1659 3608 1994 3680 evangelista
2025 3607 2116 3664 Jo-

540 3697 694 3767 sephi
727 3712 901 3776 genus
935 3698 1340 3755 demonstrare.

610 3788 754 3855 Quin
783 3789 918 3846 illud
952 3805 1175 3860 quoque
1205 3791 1495 3846 sciendum
1523 3798 1634 3858 est,
1661 3790 1783 3862 lege
1837 3788 2113 3846 sancitum

539 3894 684 3944 esse,
719 3888 798 3944 ut,
829 3880 878 3934 si
921 3881 1200 3950 quispiam
1240 3883 1362 3936 sine
1415 3880 1607 3939 liberis
1653 3880 1908 3946 obiisset,
1943 3879 2118 3950 ipsius

543 3967 715 4025 frater
749 3983 976 4024 uxorem
1013 3969 1218 4026 mortui
1246 3969 1304 4024 in
1345 3969 1761 4026 matrimonium
1819 3969 2117 4040 acciperet,

541 4058 702 4115 fratri
757 4073 946 4115 semen
993 4059 1370 4115 suscitaturus
1391 4059 1460 4116 “.
1489 4061 1670 4131 Atque
1727 4059 1802 4114 ita
1835 4059 1986 4130 quod
2021 4073 2120 4130 pa-

540 4147 812 4214 riebatur,
861 4155 1062 4203 natura
1100 4146 1326 4219 quidem
1368 4148 1604 4203 secundi
1643 4155 1788 4214 erat,
1835 4147 1945 4203 hoc
1996 4157 2115 4214 est,

539 4239 662 4307 ejus
684 4239 778 4309 qui
819 4247 1088 4310 genuerat
1113 4257 1126 4295 :
1158 4236 1466 4296 secundum
1496 4237 1668 4311 legem
1691 4253 1844 4304 vero,
1871 4237 2118 4296 defuuctl

541 4331 896 4386 censebatur.

2210 1882 2311 1935 xui
2334 1883 2367 1935 ὁ
2385 1881 2616 1952 μάρτυς
2644 1883 2714 1936 ἐν
2733 1883 2814 1948 τῷ
2838 1882 3072 1953 οὐρανῷ
3105 1887 3340 1952 πιστός.
3375 1884 3485 1939 Καὶ
3521 1884 3752 1948 Ἡσαΐας
3771 1901 3786 1918 ο

2209 1973 2597 2038 Ἐξανατελεῐ
2613 1973 2840 2043 ῥάϐδος
2862 1975 2932 2040 ἐξ
2956 1973 3203 2043 Ἰεσσαί,
3239 1976 3340 2032 καί
3375 1977 3558 2043 ἄνθος
3587 1977 3654 2030 ἐκ
3679 1975 3787 2047 τῆς

2203 2066 2377 2136 ῥίζης
2400 2067 2788 2134 ἀναϐήσεται.

2284 2158 2407 2211 Ὅτι
2442 2159 2540 2230 μὲν
2572 2154 2664 2212 οὖν
2685 2161 2714 2212 ὁ
2747 2157 2946 2227 Ἰωσὴφ
2973 2158 3036 2212 ὲκ
3068 2159 3364 2230 Δαυῖτικῆς
3390 2157 3564 2228 φυλῆς
3587 2166 3616 2194 κ
3649 2173 3783 2213 κατ-

2215 2251 2426 2319 άγεται,
2467 2251 2748 2315 Ματθαῖος
2792 2252 2887 2305 καί
2917 2252 3156 2318 Λουκᾶς,
3203 2251 3252 2304 oi
3302 2251 3582 2321 ίερὼτατοι
3631 2251 3790 2320 εὐαγ-

2211 2343 2458 2413 γελισταὶ
2481 2343 2779 2415 διαρρήδην
2808 2342 3096 2410 ὑπέδειξαν
3123 2358 3138 2374 ο
3176 2342 3291 2397 ἀλλ’
3326 2344 3355 2396 ὁ
3383 2341 3480 2413 μὲν
3513 2342 3792 2406 Ματθαῖος

2213 2438 2277 2488 ὲκ
2304 2433 2468 2488 Δαὸὶδ
2496 2434 2584 2487 διὰ
2611 2432 2706 2487 τοῦ
2732 2426 3083 2504 Σολομῶντος
3103 2433 3334 2501 κατάγει
3359 2433 3453 2486 τὸν
3500 2432 3722 2502 Ἰωσὴφ,
3767 2433 3795 2486 ό

2209 2527 2268 2580 δὲ
2305 2526 2541 2593 Λουκᾶς,
2565 2525 2652 2579 διὰ
2682 2525 2894 2580 Νάθαν.
2923 2525 3038 2596 Τῆς
3067 2525 3124 2579 δὲ
3149 2525 3314 2594 ἁγίας
3362 2525 3646 2596 Παρθένου
3692 2525 3796 2596 τὴν

2213 2618 2467 2689 γέννησιν
2501 2618 2801 2688 ἀμφότεροι
2833 2626 2862 2665 1
2899 2617 3352 2690 παρεσιώπησαν.

2282 2794 2404 2865 Χρὴ
2433 2789 2527 2848 οὖν
2545 2793 2766 2861 εἰδέναι,
2800 2793 2877 2859 ὡς
2913 2795 3012 2850 οὐκ
3042 2791 3110 2868 ἦν
3141 2795 3263 2860 ἔθος
3293 2795 3619 2867 “⁹Ε6ραίοις,
3671 2797 3798 2852 οὐδὲ

2210 2890 2277 2960 τῇ
2311 2887 2433 2958 θείᾳ
2463 2887 2680 2960 Γραφῇ,
2709 2886 3151 2956 γενεαλογεῖσθαι
3181 2890 3449 2957 γυναῖκας
3481 2901 3496 2918 ·
3548 2889 3710 2958 νόμος
3743 2888 3800 2944 δὲ

2211 2974 2279 3049 ἦν
2316 2977 2392 3048 μὴ
2430 2975 2829 3048 μνηστεύεσθαι
2856 2977 3030 3047 φυλὴν
3061 2976 3118 3043 ἐξ
3167 2975 3362 3046 ἑτέρας
3391 2973 3605 3047 φυλῆςο
3662 2977 3690 3027 ό
3745 2973 3801 3027 δὲ

2215 3070 2413 3142 Ἰωσὴφ
2465 3071 2530 3124 ὲκ
2594 3066 2883 3124 Δαυῖτικοῦ
2940 3069 3318 3139 καταγόμενος
3363 3067 3558 3137 φύλου,
3589 3066 3684 3120 καὶ
3720 3065 3801 3119 δί-

2215 3178 2373 3225 καιος
2405 3161 2665 3232 ὑπάρχων
2723 3158 2903 3230 (τοῦτο
2930 3158 3040 3229 γὰρ
3075 3157 3229 3230 αὐτῷ
3255 3160 3527 3229 μαρτυρεί
3550 3155 3610 3210 τὺ
3655 3155 3802 3209 θεῖον

2215 3251 2596 3324 Εὐαγγέλιον),
2640 3252 2741 3306 οὐκ
2775 3251 2842 3306 ἂν
2861 3251 3196 3321 παρανόμως
3235 3249 3334 3321 τὴν
3361 3250 3522 3317 ἁγίαν
3578 3245 3803 3318 Παρθέ·

2215 3361 2306 3398 νον
2333 3345 2415 3408 είς
2451 3343 2753 3414 μνηστείαν
2785 3351 2808 3380 τ
2843 3343 3107 3414 ἠγάγετο,
3134 3343 3186 3396 εί
3219 3343 3293 3412 μὴ
3349 3341 3413 3394 ἔκ
3469 3338 3566 3392 τοῦ
3619 3337 3800 3392 αὑτοῦ

2218 3437 2499 3508 σκήπτρου
2531 3437 2826 3506 κατήγετο.
2878 3433 3071 3502 Δείξας
3121 3434 3302 3490 τοίνυν
3343 3431 3404 3488 τὸ
3449 3431 3544 3488 τοῦ
3590 3429 3804 3502 Ἰωσὴφ

2217 3527 2588 3598 καταγώγιον,
2622 3525 2892 3600 ἠρκέσθη.

2287 3785 2409 3857 Χρὴ
2435 3785 2492 3840 δὲ
2526 3785 2620 3840 καὶ
2640 3783 2800 3840 τοῦτο
2823 3785 3022 3841 εἰδέναι
3045 3784 3160 3858 (88)
3192 3785 3270 3849 ὡς
3297 3783 3462 3856 νόμος
3483 3777 3576 3855 ἦν,
3603 3782 3802 3852 ἁγόνου

2217 3878 2411 3949 ἀνδρὸς
2441 3876 2827 3945 τελευτῶντος,
2857 3878 2949 3932 τδν
2991 3878 3182 3932 τούτου
3237 3876 3489 3946 ἀδελφὸν,
3547 3873 3654 3946 τὴν
3709 3873 3806 3928 τοῦ

2217 3969 2668 4041 τετελευτηκότος
2706 3971 2956 4043 γαμετὴν
2985 3970 3124 4042 πρὸς
3171 3969 3372 4046 γάμον,
3406 3968 3666 4039 ἄγεσθαι,
3713 3968 3808 4021 καὶ

2216 4062 2457 4134 ἐγείρειν
2505 4061 2727 4134 σπέρμα
2780 4060 2858 4132 τῷ
2912 4060 3150 4132 ἀδελφῷ.
3202 4060 3276 4115 Τὸ
3318 4056 3414 4114 οὖν
3460 4059 3808 4131 τικτόμενον,

2218 4155 2364 4212 κατὰ
2388 4155 2549 4226 φύσιν
2583 4156 2706 4226 μὲν,
2728 4155 2825 4210 τοῦ
2857 4154 3133 4226 δευτέρου,
3158 4153 3278 4229 ἦτοι
3325 4153 3420 4208 τοῦ
3471 4153 3806 4226 γεγεννηκό-

2217 4265 2311 4314 τος
2333 4243 2426 4321 ἧν,
2459 4247 2601 4304 κατὰ
2620 4248 2679 4302 δὲ
2701 4247 2889 4320 νόμον,
2909 4245 3008 4301 τοῦ
3031 4246 3482 4318 τετελευτηκότος
3505 4258 3557 4301 ι.

613 4418 815 4475 Christi
841 4420 1046 4491 generis
1092 4421 1256 4474 ratio.
1276 4449 1346 4460 -—
1368 4417 1543 4487 lgitur
1589 4435 1658 4476 ex
1693 4418 1870 4491 stirpe
1895 4417 2107 4474 Natban

2291 4423 2388 4478 Ἐκ
2401 4424 2499 4496 τῆς
2513 4426 2702 4496 σειρᾶς
2715 4423 2895 4478 τοίνυν
2911 4418 3007 4478 τοῦ
3029 4422 3213 4478 Νάθαν
3228 4421 3322 4478 τοῦ
3332 4422 3456 4494 ,υἱοῦ
3478 4420 3670 4488 Δαῦὶδ,
3689 4436 3813 4491 γεν-

542 4509 637 4566 ﬁlii
660 4509 854 4580 David,
897 4514 1148 4570 nascitur
1196 4512 1351 4568 Levi.
1386 4511 1515 4567 Levi
1570 4511 1762 4582 genuit
1807 4512 2008 4568 Μοιριιὶ
2062 4522 2119 4567 et

2222 4513 2407 4585 νηθεὶς
2427 4514 2558 4568 Λευῖ
2571 4513 2834 4585 ἐγέννησε
2856 4514 2948 4566 τὸν
2975 4511 3148 4583 Μελχὶ
3161 4510 3275 4583 (89)
3295 4510 3493 4566 καὶτὸν
3515 4511 3811 4579 Πάνθηρα’

623 4627 667 4659 ⁸³
707 4626 853 4684 Psal.
885 4642 1073 4695 eam,
1107 4629 1198 4684 il.
1231 4628 1276 4661 “
1303 4627 1451 4684 Psal.
1501 4643 1765 4695 Lxxxvm,
1799 4627 1890 4684 56.
1980 4628 2236 4696 “153.11,
2278 4629 2330 4684 1.
2370 4622 2387 4638 ’
2412 4627 2458 4662 ⁸⁸
2487 4627 2652 4684 Num.
2678 4644 2869 4696 xxxvr,
2899 4628 2932 4684 6
2963 4645 3121 4701 seqq.
3165 4628 3211 4662 ⁸⁸
3241 4627 3403 4684 Deut.
3429 4641 3557 4692 xxv,
3579 4625 3639 4681 5.

1786 4766 2025 4822 VARI/13
2081 4766 2490 4824 LECTIONES.

613 4865 642 4894 ν
663 4853 818 4927 Multi
842 4855 1002 4927 codd.
1038 4864 1090 4912 el
1124 4857 1295 4912 biblia
1317 4847 1532 4912 Sixtina
1565 4857 1758 4927 αὐτήν.

1836 4867 1863 4895 ι
1897 4859 2028 4930 Reg.
2067 4861 2126 4924 9,
2161 4859 2318 4914 Colb.
2358 4860 2394 4913 2
2422 4867 2476 4915 et
2515 4858 2583 4914 Ν.
2610 4858 2898 4914 Δαυῖτικοῢ

2941 4861 3134 4931 φύλου.
3179 4861 3257 4916 Ita
3289 4859 3646 4931 emendatum
3682 4857 3818 4931 Ιεεξ-

547 4932 639 4999 tur
664 4925 725 4999 in
751 4923 1016 4999 “.2959;
1052 4929 1220 4999 sieet
1244 4927 1667 4999 inl‘raloquitur
1694 4923 2119 4986 Damascenus.
2178 4939 2206 4978 γ
2237 4931 2398 4986 Edita
2427 4941 2480 4985 et
2502 4931 2760 4985 nonnulli
2791 4923 3011 4988 codices
3041 4933 3246 4986 habent
3289 4931 3382 4984 καὶ
3421 4929 3632 4999 ἁμφότ.
3690 4923 3817 4997 qui-

542 4997 666 5068 (iam
691 4993 863 5068 Regii
880 4995 1074 5068 οὐδεὶς,
1100 4995 1235 5049 ἀλλὰ
1263 4996 1359 5050 καὶ
1383 4993 1707 5068 ἀμφότεροι.

541 5066 700 5121 Colb.
731 5065 765 5118 2
789 5064 1229 5138 τελευτήσαντος.

1785 5007 1808 5035 ι
1841 4999 1997 5053 Multi
2033 4999 2198 5054 codd.
2233 5000 2372 5072 πρὸς
2404 5001 2728 5072 μνηστείαν.
2805 5011 2833 5042 α
2870 5001 3009 5057 Cod.
3041 5002 3099 5057 S.
3135 5001 3246 5057 Hil.
3279 4999 3434 5072 Regii
3462 4999 3722 5071 plerique
3765 5006 3826 5054 et

2054 5189 2287 5247 NOTIE.

613 5272 875 5348 (88)_Xp_i1
907 5274 976 5329 δὲ
1010 5277 1108 5332 καί
1141 5277 1317 5334 τοῦτο
1347 5277 1594 5334 ειδέναι.
1631 5279 1775 5346 Quin
1808 5277 1944 5332 illud
1990 5295 2124 5348 quo-

542 5358 640 5412 que
663 5345 956 5421 sciendum,
984 5357 1092 5403 etc.
1124 5348 1216 5421 Sic
1265 5351 1428 5421 vulgo
1479 5345 1672 5405 Patres
1723 5345 2123 5421 dissonantium

545 5417 1004 5490 erangelistarum
1060 5419 1258 5490 seriem
1293 5417 1536 5490 avorum
1587 5419 1802 5473 Domini
1856 5434 2124 5474 enarran-

548 5486 684 5560 tium
715 5488 1013 5560 explicant,
1045 5489 1264 5560 utaltcr
1287 5487 1512 5558 Josepbi
1556 5490 1864 5560 naturalem
1914 5497 2128 5558 patrem

551 5549 917 5627 indicaverit;
952 5549 1087 5612 alter
1114 5559 1366 5627 legalem.
1403 5549 1484 5613 l'ta
1516 5557 1726 5626 pridem
1759 5549 1941 5614 Julius
1986 5573 2129 5627 prae-

2293 5279 2407 5351 (89)
2441 5282 2588 5351 Asvt
2613 5280 2907 5350 ἐγέννησε
2934 5280 3041 5335 τὸν
3071 5281 3286 5351 Μελχί.
3320 5280 3444 5335 Levi
3465 5279 3650 5350 genuit
3683 5275 3824 5332 Πεί-

2220 5349 2328 5402 elii.
2357 5349 2469 5405 Nec
2509 5349 2785 5421 Levi,nec
2817 5352 3080 5420 Panther,
3116 5349 3822 5421 nec’Barpantheriagno-

2223 5421 2551 5496 s_cuntur__ab
2580 5420 2865 5496 Africano,
2897 5437 3058 5492 quem
3091 5439 3317 5496 rursum
3355 5420 3822 5496 esset-ipsulm-

2225 5489 2388 5544 dreas
2449 5491 2734 5546 Cretensis
2797 5493 2850 5546 in
2897 5489 3158 5548 sermone
3217 5493 3251 5548 6
3291 5494 3359 5549 de
3387 5489 3611 5546 Nativit.
3663 5489 3818 5556 Virg.

2226 5574 2389 5628 quem
2419 5557 2651 5615 Joannis
2689 5561 3010 5618 Damasceni
3042 5564 3267 5619 nomine
3303 5562 3631 5630 inscriptum
3695 5573 3824 5630 per-

552 5618 745 5699 gertim
758 5618 1052 5699 Africanus
1072 5618 1246 5699 epist.
1282 5630 1367 5699 ad,
1400 5618 1719 5698 Aristidem,
1772 5643 1938 5698 quam
1990 5618 2131 5684 citat
2229 5618 2416 5698 peram
2443 5631 2756 5686 ediderunt.
2811 5632 2953 5697 Quin
2993 5618 3306 5699 Africanus,
3358 5618 3452 5688 ubi
3481 5618 3664 5685 'verba
3696 5618 3823 5682 ἰιι-

553 5683 842 5753 Eusebius,
878 5693 974 5747 lib.
1018 5683 1206 5750 Illist.
1255 5713 1304 5751 c.
1339 5698 1390 5750 7.

2230 5715 2308 5754 cae
2345 5700 2565 5767 recitat,
2601 5716 2698 5757 nec
2723 5699 2875 5771 Levi,
2903 5717 3005 5759 nec
3032 5703 3265 5762 Matlbat
3291 5702 3559 5764 meminit,
3593 5699 3684 5753 uti
3715 5710 3820 5752 nec
