4072 6146
492 253 635 327 1159
1632 262 1695 322 S.
1733 262 2053 327 JOANNIS
2090 264 2525 327 DAMASCENI
3588 267 3732 335 1160

484 367 628 420 toris
651 372 830 420 mater
861 364 1131 436 exstitit);
1160 364 1410 420 nascitur
1436 373 1620 422 autem
1650 370 1706 423 in
1740 375 1906 424 demo
1930 386 2051 440 pro-

2170 375 2428 444 Ἰωακεὶμ
2483 376 2615 443 οίκῳ
2641 414 2654 437 ,
2716 372 2810 428 καὶ
2859 373 2939 445 τῷ
2991 372 3122 443 ίερῷ
3186 370 3544 442 προσάγεται.
3602 374 3733 432 Εἶτα

488 457 683 513 batieae
707 455 976 523 Joaeliim,
1003 464 1168 528 atque
1191 457 1259 511 ad
1285 459 1549 529 templum
1572 459 1890 516 adducitur.
1919 460 2051 515 Tum

2165 464 2227 515 ὲν
2254 463 2332 534 τῷ
2358 467 2491 535 οίκῳ
2516 464 2654 517 Θεοῦ
2704 462 3030 533 φυτευθεῖσά
3079 479 3140 515 τε
3183 461 3280 515 καὶ
3333 463 3624 518 πιανοεῖσα
3658 469 3739 541 τῷ

486 546 687 601 deinde
719 546 775 599 in
808 546 973 601 domo
1003 545 1096 601 Dei
1128 547 1398 616 plantata,
1432 555 1487 603 et
1526 563 1625 617 per
1663 546 1928 618 Spiritum
1964 565 2051 605 sa-

2168 555 2448 626 Πνεύματι
2477 596 2491 617 ,
2519 556 2653 611 ὡσεὶ
2709 555 2866 613 ἐλαία
2904 555 3272 625 κατάκαρπος,
3305 554 3489 624 πάσης
3532 556 3737 629 ἀρετῆς

486 639 693 708 ginata,
730 639 910 693 instar
947 639 1107 693 oliva:
1150 639 1449 696 fructiferae
1490 642 1755 696 virtutum
1808 636 2051 699 omnium

2164 646 2508 716 καταγώγιον
2552 648 2768 716 γέγονε,
2800 646 2982 716 πάσης
3036 643 3299 715 βιωτικῆς
3326 646 3421 699 καὶ
3464 652 3737 721 σαρκικῆς

486 728 828 782 domicilium
859 730 1159 785 instruitur
1184 748 1199 798 ;
1234 742 1293 786 ut
1320 748 1462 803 quae,
1485 733 1761 787 abstracta
1785 741 1968 789 mente
1989 735 2051 788 ab

2164 739 2463 809 ἐπιθυμίας
2487 739 2578 793 τὸν
2601 738 2726 794 νοῦν
2755 739 3132 808 ἀποστήσασα,
3163 736 3257 790 καὶ
3288 734 3432 791 οὕτω
3464 738 3735 810 παρθένον

484 820 638 875 omni
695 822 885 876 saeculi
936 823 1234 893 carnisque
1289 825 1615 894 cupiditate,
1663 825 1905 879 animum
1948 840 2051 880 una

2160 832 2262 905 τὴν
2289 832 2467 904 ψυχὴν
2495 834 2880 904 συντηρήσασα
2916 831 3013 885 σὺν
3034 829 3113 901 τῷ
3143 831 3381 901 σώματι,
3398 831 3475 895 ὡς
3498 831 3729 902 ἔπρεπε,

491 926 617 966 cum
644 928 875 983 corpore
912 914 1179 984 virginem
1226 923 1649 981 conservasset,
1698 914 1864 971 veluti
1897 915 2051 970 decc.

2160 928 2260 997 τὴν
2294 924 2427 978 Θεὸν
2480 924 2773 993 έγκόλπιον
2826 921 3185 993 ὑποδέχεσθαι
3218 921 3554 992 μέλλουσαν·
3579 923 3730 991 ἀγιος

482 1002 576 1059 bat
611 1003 780 1070 illam,
829 1019 952 1074 qua:
995 1006 1119 1060 sinu
1160 1018 1263 1060 suo
1308 1014 1645 1074 conceptura
1693 1004 1862 1060 Deum
1909 1013 2051 1069 erat,

482 1095 603 1162 qui,
627 1110 753 1148 cum
789 1095 907 1164 ipse
932 1102 1161 1149 sanctus
1190 1094 1286 1159 sit,
1316 1095 1373 1148 in
1410 1095 1619 1153 sanctis
1655 1096 1955 1166 requiescit
1976 1095 2048 1149 ⁷⁸.

482 1183 642 1240 Unde
675 1185 1096 1242 sanctimoniam
1134 1186 1522 1252 consectando,
1566 1188 1828 1256 templum
1873 1185 2056 1241 evadit

481 1288 739 1332 sanctum
772 1287 825 1333 et
857 1276 1206 1343 admirabile,
1252 1276 1460 1350 Deique
1509 1278 1763 1334 altissimi
1817 1278 2054 1349 hospitio

481 1369 733 1440 dignum.
1312 1372 1321 1383 ‘

550 1460 820 1527 Quoniam
851 1469 1034 1518 autem
1080 1460 1281 1518 salutis
1326 1470 1533 1519 nostra:
1583 1460 1762 1517 hostis
1814 1460 2054 1532 virgines

478 1550 832 1618 observabat,
864 1559 1092 1622 propter
1121 1551 1276 1605 Isaia:
1294 1551 1640 1615 vaticinium,
1665 1566 1775 1620 quo
1796 1551 2010 1605 dixerat
2035 1567 2050 1603 :

483 1640 617 1696 Ecce
651 1642 795 1712 uirgo
833 1642 889 1697 in
934 1652 1083 1696 utero
1120 1641 1349 1706 habebit,
1376 1649 1425 1695 et
1448 1641 1620 1710 pariet
1642 1640 1834 1708 ﬁlium,
1870 1647 1920 1693 et
1963 1654 2051 1693 vo-

2161 1015 2272 1084 γὰρ
2304 1014 2401 1079 ὢν,
2432 1016 2490 1068 ἐν
2541 1013 2718 1082 ἁγίοις
2771 1011 3141 1068 ἀναπαύεται·
3166 1011 3309 1066 οὕτω
3340 1013 3522 1067 τοίνυν
3562 1014 3729 1083 ἀγιων

2163 1104 2330 1174 σύνην
2357 1104 2696 1175 μετέρχεται,
2730 1103 2822 1156 καλ⁵
2843 1102 2967 1166 ναὸς
2992 1101 3145 1171 ἅγιος
3172 1104 3267 1158 καὶ
3298 1102 3613 1179 θαυμαστὸς
3629 1107 3722 1169 τοῦ

2161 1194 2387 1270 ὑψίστου
2419 1194 2553 1254 Θεοῦ
2602 1193 2977 1255 ἀναδείκνυται
2999 1193 3167 1266 ἄξιος.

2241 1459 2461 1533 Ἐπειδὴ
2496 1460 2553 1518 δὲ
2585 1464 2843 1537 ἐπετήρει
2887 1466 2988 1530 τὰς
3027 1466 3331 1539 παρθένους
3359 1467 3388 1520 ὀ
3431 1467 3533 1538 τῆς
3571 1468 3731 1539 ήμῶν

2161 1552 2438 1623 σωτηρίας
2463 1554 2680 1626 ἐχθρὸς,
2703 1555 2793 1610 διά
2823 1557 2925 1628 τὴν
2949 1555 3174 1611 Ἡσαΐου
3201 1558 3506 1630 πρόρρησιν
3523 1574 3539 1591 ο
3562 1559 3731 1614 Ἰδοὺ

2158 1643 2197 1710 ή
2223 1643 2513 1710 παρθένος
2536 1645 2606 1699 ὲν
2649 1646 2855 1715 γαστρί
2889 1645 3011 1711 ἔξει
3033 1687 3049 1713 ,
3082 1647 3356 1718 φήσαντος
3376 1687 3392 1711 ,
3425 1648 3524 1701 καὶ
3562 1648 3734 1711 τέξευ

476 1734 672 1787 eabunt
698 1750 884 1787 nomen
931 1733 1045 1801 ejus
1097 1731 1411 1786 Emmanuel
1448 1730 1608 1801 (quod
1657 1730 2050 1799 interpreteris,

2161 1748 2254 1784 ται
2298 1731 2452 1798 υἱὸν,
2489 1733 2584 1786 καί
2641 1733 2977 1790 καλέσουσι
3013 1735 3081 1789 τὸ
3129 1735 3320 1803 ὄνομα
3364 1737 3552 1792 αὐτοῦ
3596 1738 3735 1807 Ἐμν

479 1826 755 1882 nobiscum
781 1823 920 1879 Deus
941 1826 1011 1895 '“)
1036 1840 1050 1889 ;
1070 1824 1302 1891 idcirco,
1319 1834 1379 1877 ut
1399 1824 1491 1879 ille
1504 1822 1596 1894 qui
1614 1823 1890 1893 sapientes
1906 1837 2056 1877 com-

474 1916 773 1987 prehendit
805 1916 861 1970 in
892 1915 1097 1971 astutia
1134 1916 1382 1985 ipsorum
1408 1915 1478 1979 7',
1542 1930 1666 1969 eum
1703 1912 1917 1967 falleret
1957 1912 2050 1982 qui

476 2008 762 2079 sapientiae
782 2007 1008 2062 nomine
1037 2021 1253 2076 semper
1275 2005 1568 2076 gloriatur,
1607 2004 1791 2074 puella
1819 2003 2058 2072 Josepbo

474 2097 864 2167 desponsatur,
895 2109 1068 2149 novus
1101 2094 1317 2149 scilicet
1343 2105 1524 2147 tomus
1542 2093 1744 2147 scienti
1766 2093 1932 2164 276
1965 2093 2059 2146 lit-

476 2197 626 2245 teras
647 2189 716 2242 ⁷⁸.
732 2185 847 2240 Hac
866 2201 1031 2256 porro
1056 2185 1442 2256 desponsatio,
1465 2194 1519 2240 et
1544 2184 1756 2255 Virgini
1781 2184 2054 2250 custodia,

474 2279 602 2334 etei
634 2278 728 2348 qui
760 2276 999 2347 virgines
1032 2274 1390 2337 observabat,
1432 2275 1684 2344 deceptio
1716 2274 1838 2328 fuit.
1867 2274 1934 2328 At
1963 2275 2056 2330 ubi

474 2368 628 2423 venit
655 2365 945 2440 plenitudo
978 2366 1266 2439 temporis,
1325 2365 1552 2435 angelus
1600 2363 1816 2420 Domini
1852 2365 2057 2422 missus

473 2462 545 2517 ad
578 2476 695 2517 eam
729 2458 854 2523 fuit,
888 2457 1106 2515 Domini
1138 2459 1567 2529 conceptionem
1603 2458 2053 2516 annuntiaturus.

474 2554 841 2622 Quamobrem
876 2552 972 2608 Dei
1011 2550 1236 2619 Filium,
1301 2566 1486 2608 veram
1544 2552 1692 2607 illam
1748 2552 2058 2609 subsisten-

473 2654 695 2716 temque
729 2643 910 2700 Patris
946 2644 1229 2711 virtutem,
1281 2661 1384 2703 non
1421 2659 1487 2700 ea:
1531 2644 1803 2701 voluntate
1852 2644 2053 2710 carnis,

475 2751 568 2790 nec
583 2750 650 2789 ea:
677 2734 943 2790 voluntate
964 2735 1065 2791 viri
1095 2733 1163 2802 ⁷⁸,
1194 2735 1300 2793 hoc
1325 2743 1409 2792 est
1439 2751 1550 2790 non
1579 2750 1645 2790 ex
1679 2750 1980 2808 congressu
2000 2743 2056 2792 et

478 2827 725 2895 semine,
759 2826 859 2883 sed
896 2840 965 2881 ex
1005 2825 1239 2896 benigna
1280 2825 1461 2883 Patris
1513 2826 1810 2892 voluntate,
1844 2825 2053 2901 Spiritu

477 2930 668 2974 sancto
723 2918 887 2976 simul
945 2927 1208 2990 operante
1265 2918 1538 2988 concepit.
1596 2917 1711 2975 Hoc
1774 2927 1936 2991 pacto
1998 2926 2055 2976 et

477 3007 722 3064 Creatori
781 3015 838 3062 ut
889 3016 1186 3075 crearetur,
1244 3015 1300 3062 et
1354 3006 1531 3063 lictori
1577 3014 1637 3061 ut
1685 3007 2050 3078 elIingeretur,

2151 1819 2431 1890 μανουήλ
2456 1838 2470 1853 ο
2504 1821 2539 1875 ὅ
2583 1821 2715 1876 ἐστι
2742 1825 3352 1894 μεθερμηνευόμενον,
3398 1827 3538 1879 Μεθ’
3564 1825 3736 1895 ἡμῶν

2157 1911 2192 1968 ὁ
2225 1912 2398 1977 Θεός·
2428 1911 2505 1974 ὡς
2531 1910 2601 1966 ἂν
2622 1911 2850 1985 δελεάσῃ
2896 1913 2987 1967 τὸν
3016 1915 3075 1967 ὲν
3111 1913 3273 1985 σοφίᾳ
3309 1914 3396 1968 ἀεὶ
3426 1914 3734 1987 ἀόρυνόμει

2157 2017 2268 2065 νον,
2304 2002 2332 2054 ὁ
2362 2000 2735 2072 δρασσόμενος
2785 2004 2913 2067 τοὺς
2948 2003 3149 2073 σοφοὺς
3195 2005 3256 2058 ὲν
3303 2007 3371 2076 τῇ
3426 2006 3733 2077 πανουργίᾳ

2157 2088 2356 2157 αὐτῶν,
2385 2089 2522 2161 πρὸς
2549 2092 2846 2162 μνηστείαν
2865 2093 2899 2162 ή
2931 2094 3114 2156 νεᾶνις
3146 2091 3225 2163 τῷ
3264 2093 3466 2164 Ἰωσὴφ
3493 2094 3598 2148 ὑπὸ
3623 2095 3732 2150 τῶν

2160 2180 2354 2251 ίερέων
2411 2179 2677 2234 ἐκδίδοται
2718 2181 2747 2233 ό
2774 2181 2960 2245 καινὸς
2986 2182 3173 2253 τόμος,
3212 2181 3292 2254 τῷ
3322 2182 3623 2255 γράμματα
3650 2186 3730 2238 εί-

2155 2272 2270 2326 δότι
2296 2290 2311 2306 υ
2340 2274 2374 2344 ή
2406 2272 2463 2326 δὲ
2496 2272 2788 2344 μνηστεία,
2827 2274 3043 2345 φυλακή
3093 2291 3154 2328 τε
3184 2275 3288 2346 τῆς
3316 2276 3592 2347 Παρθένου
3622 2277 3728 2331 ὑπ-

2155 2366 2292 2434 ῆρχε
2317 2404 2332 2427 ,
2365 2362 2462 2417 καὶ
2509 2362 2606 2416 τοῦ
2650 2364 2752 2428 τάς
2803 2365 3112 2436 παρθένους
3159 2366 3545 2439 ὲπιτηροῦντος
3588 2370 3729 2423 ἀπο,

2156 2452 2493 2523 ϐουκόλημα.
2527 2453 2659 2508 Ὅτε
2701 2453 2759 2508 δὲ
2803 2451 2939 2527 ἦλθε
2988 2455 3050 2509 τὺ
3082 2455 3356 2528 πλήρωμα
3393 2457 3489 2512 τοῦ
3511 2459 3731 2530 χρόνου,

2156 2543 2437 2614 ἀπεστάλη
2470 2543 2701 2613 ἄγγελος
2733 2545 2944 2618 Κυρίου
2981 2546 3117 2618 πρὸς
3155 2547 3346 2619 αὐτὴν,
3368 2549 3471 2622 τὴν
3493 2549 3589 2604 τοῦ
3613 2551 3731 2605 Κυ-

2158 2635 2274 2707 ρίου
2297 2635 2793 2706 εὐαγγελιζόμενος
2827 2636 3089 2707 σύλληψιν
3112 2653 3128 2669 ·
3152 2636 3326 2703 οὕτως
3354 2656 3416 2694 τε
3442 2641 3730 2716 συνείληφε

2154 2726 2245 2780 τὸν
2287 2725 2416 2780 Υίδν
2456 2724 2553 2780 τοῦ
2596 2726 2737 2782 Θεοῦ
2760 2766 2775 2793 ,
2814 2726 2912 2800 τὴν
2956 2727 3051 2782 τοῦ
3101 2730 3318 2800 [ἰατρὸς
3364 2732 3730 2793 ὲνυπόσ-τατον

2153 2818 2402 2889 δύναμιν,
2432 2817 2534 2873 οὐκ
2578 2819 2644 2871 ἐκ
2670 2817 2977 2890 θελήματος
3003 2821 3225 2890 σαρκδς,
3250 2822 3371 2876 οὐδὲ
3401 2825 3465 2878 ὲκ
3493 2823 3731 2897 θελήμα-

2152 2910 2245 2972 τός
2275 2909 2487 2980 ἀνδρὸς,
2505 2911 2628 2982 ήτοι
2663 2912 2961 2982 συναφείας
2998 2913 3096 2967 καὶ
3128 2916 3340 2987 σπορᾶς
3358 2957 3374 2983 ,
3398 2917 3514 2971 ἀλλ’
3543 2919 3608 2973 έκ
3626 2919 3728 2990 τῆς

2152 3001 2248 3055 τοῦ
2277 3002 2488 3074 Πατρδς
2521 3003 2771 3070 εὐδοκίας
2794 3006 2890 3058 καὶ
2919 3006 3210 3078 συνεργίας
3240 3006 3334 3062 τοῦ
3371 3009 3528 3078 ἁγίου
3555 3012 3729 3066 Πνεύ-

476 3099 684 3170 Deique
742 3098 884 3155 Filio
914 3112 979 3153 ac
1014 3096 1126 3153 Deo
1172 3105 1232 3152 ut
1265 3112 1333 3153 ex
1382 3098 1535 3166 puris
1581 3107 1637 3154 et
1685 3099 2051 3161 lmmaculatis

2157 3109 2323 3164 ματος
2344 3108 2358 3124 ’
2388 3095 2695 3171 ἑχορήγῃσε
2726 3095 2807 3167 τῷ
2852 3096 3063 3168 κτίστῃ
3097 3098 3161 3152 τὸ
3189 3099 3495 3171 κτισθῆναι,
3521 3102 3617 3156 καὶ
3650 3103 3729 3173 τῷ

471 3190 594 3260 ejus
623 3189 884 3245 carnibus
914 3196 969 3243 et
995 3187 1357 3260 sanguinibus
1380 3188 1760 3243 incarnaretur
1780 3187 2055 3258 homoque

471 3282 651 3347 ﬁeret,
692 3278 1159 3345 subministravit,
1191 3279 1382 3349 primae
1413 3279 1658 3349 parentis
1703 3289 1884 3349 partes
1929 3293 2054 3351 per-

469 3370 714 3426 solvens.
749 3367 1222 3436 Quemadmodum
1262 3366 1410 3422 enim
1456 3367 1549 3425 illa
1585 3366 1721 3422 citra
1754 3367 1957 3421 coitum
1983 3382 2053 3423 ex

467 3461 684 3519 Adamo
733 3459 970 3517 formata
1017 3467 1103 3514 est
1130 3474 1147 3510 ι
1175 3457 1292 3515 haec
1322 3456 1488 3511 etiam
1520 3470 1722 3521 novum
1750 3454 1923 3511 Adam
1957 3471 2047 3526 per

468 3552 651 3624 perit:
690 3549 769 3605 sic
800 3564 953 3614 vero,
995 3556 1057 3603 ut
1102 3549 1191 3602 bie
1228 3554 1498 3603 consueto
1530 3561 1687 3601 more
1720 3554 1877 3617 partu
1927 3547 2054 3602 ede-

468 3653 642 3708 retur,
672 3649 727 3698 et
760 3655 926 3713 supra
949 3655 1114 3712 quam
1163 3641 1306 3695 ratio
1357 3637 1627 3694 nascendi
1665 3636 1830 3693 ferat.
1860 3636 2053 3693 Editur

466 3733 614 3788 enim
638 3733 757 3787 sine
788 3739 944 3802 patre
975 3747 1041 3787 ex
1073 3731 1326 3800 muliere,
1359 3729 1457 3800 qui
1492 3745 1557 3784 ex
1594 3727 1757 3784 Patre
1783 3728 1906 3784 sine
1937 3744 2053 3783 ma-

465 3832 553 3878 tre
583 3829 747 3878 natus
768 3823 1041 3877 exstabat.
1072 3822 1139 3876 Et
1159 3821 1380 3892 quidem
1411 3830 1681 3890 quatenus
1700 3834 1769 3875 ex
1799 3819 2050 3886 muliere,

467 3912 770 3972 secundum
798 3911 1046 3981 pariendi
1086 3912 1235 3982 leges
1257 3911 1438 3966 editus
1468 3919 1595 3966 est:
1631 3919 1905 3979 quatenus
1946 3924 2050 3965 au-

466 4012 575 4061 tem
628 4003 749 4060 sine
812 4009 988 4075 patre,
1032 4015 1199 4072 supra
1243 4001 1613 4071 generationis
1663 4007 1940 4054 naturam.
1969 4001 2050 4056 Ac

464 4111 660 4153 rursus
689 4104 969 4166 quatenus
994 4101 1260 4149 consueto
1293 4099 1562 4161 tempore,
1592 4106 1789 4147 novem
1816 4091 2048 4162 expletis

464 4191 769 4255 mensibus,
796 4195 851 4246 et
886 4188 1145 4243 inchoato
1171 4186 1409 4247 decimo,
1447 4198 1546 4239 sua
1576 4184 1760 4254 partui
1792 4184 1883 4239 lex
1912 4199 2049 4240 eon-

463 4283 602 4341 stitit
636 4301 650 4338 :
681 4290 954 4353 quatenus
981 4286 1163 4334 autem
1195 4277 1315 4333 sine
1359 4275 1471 4331 ullo
1502 4289 1699 4332 sensus
1726 4275 1913 4331 dolore
1952 4292 2047 4346 ge-

2152 3180 2369 3253 πλάστῃ
2408 3183 2469 3236 τὸ
2493 3183 2824 3253 πλασθῆναι,
2848 3185 2943 3238 καὶ
2962 3185 3043 3255 τῷ
3065 3185 3181 3257 Υίῷ
3207 3186 3301 3241 τοῦ
3325 3188 3459 3243 Θεοῦ
3482 3190 3578 3246 καὶ
3608 3191 3731 3263 Θεῷ

2148 3274 2212 3328 τὸ
2242 3276 2595 3346 σαρκωθῆναι
2624 3278 2717 3332 καὶ
2738 3276 2836 3331 ἀνθ
2843 3280 3186 3352 ρωπισθῆναι
3211 3283 3274 3335 ἐκ
3300 3282 3407 3336 τῶν
3428 3284 3611 3352 ἁγνῶν
3631 3288 3732 3340 καὶ

2150 3365 2470 3436 ἀμολύντων
2524 3368 2700 3438 αὐτῆς
2746 3371 2970 3441 σαρκῶν
2997 3388 3058 3425 τε
3110 3362 3207 3426 καὶ
3236 3373 3496 3442 αἱμάτων,
3527 3373 3592 3428 τὸ
3622 3377 3730 3443 τῆς

2150 3458 2503 3528 προμήτορος
2536 3458 2933 3532 ἀποπληροῦσα
2963 3463 3125 3544 χρέος
3149 3478 3163 3494 ·
3193 3460 3380 3538 ὥσπερ
3400 3465 3509 3537 γὰρ
3538 3467 3731 3541 εκείνη

2151 3545 2448 3615 συναφείας
2488 3547 2647 3611 ἐκτὸς
2698 3547 2761 3614 ἐξ
2804 3549 2977 3626 ’Δδάμ
3006 3551 3544 3627 πεπλαστούργήται,
3585 3555 3732 3618 οὕτω

2148 3637 2245 3718 καὶ
2288 3635 2429 3706 αὕτη
2458 3636 2552 3692 τδν
2579 3637 2699 3692 νέον
2740 3638 2914 3712 Ἀδάμ
2949 3642 3233 3714 ἀπεκύησε
3258 3685 3274 3710 ,
3298 3645 3448 3716 νόμῳ
3483 3646 3730 3718 κυήσεως

2147 3717 2467 3798 τικτόμενον
2492 3768 2508 3794 ,
2543 3730 2639 3789 καὶ
2684 3730 2824 3803 ὑπὲρ
2885 3731 3050 3802 φύσιν
3094 3735 3428 3806 ⁴γεννήσεως.
3471 3738 3725 3800 Τίκτεται

2147 3816 2257 3888 γὰρ
2287 3818 2521 3891 ἀπάτωρ
2542 3821 2607 3873 ὲκ
2630 3819 2914 3889 γυναικὸς,
2945 3823 2974 3875 ὁ
2998 3822 3063 3882 ὲκ
3093 3822 3311 3901 Πατρδς
3342 3825 3578 3900 ἀμήτωρ
3595 3840 3609 3855 ο
3634 3828 3727 3886 καὶ

2146 3908 2230 3963 ὅτι
2264 3907 2365 3979 μὲν
2396 3908 2463 3963 ὲκ
2508 3910 2771 3979 γυναικὸς
2800 3949 2817 3976 ,
2848 3912 3001 3984 νόμῳ
3037 3915 3292 3985 κυήσεως
3313 3956 3330 3981 ,
3359 3918 3445 3972 ὅτι
3500 3918 3558 3973 δὲ
3601 3921 3724 3975 ἄνευ

2146 4000 2373 4075 πατρδς,
2406 4001 2548 4075 ὑπὲρ
2579 4001 2742 4071 φύσιν
2782 4005 3125 4079 γεννήσεως’
3157 4008 3251 4069 καὶ
3274 4008 3360 4062 ὅτι
3395 4010 3497 4082 μὲν
3542 4011 3621 4087 τῷ
3650 4013 3726 4065 εί·

2148 4090 2391 4164 θισμένῳ
2416 4094 2593 4168 χρόνῳ
2637 4093 2751 4164 (τὸν
2781 4096 2889 4166 γὰρ
2920 4097 3338 4169 ὲννεαμήνιαῖον
3367 4101 3612 4169 τελέσας,
3634 4104 3726 4158 καὶ

2143 4183 2224 4253 τῷ
2269 4184 2484 4255 δεκάτῳ
2542 4185 2741 4251 ἐπιϐὰς
2784 4188 3086 4260 γεννᾶται),
3116 4190 3268 4262 νόμῳ
3322 4193 3574 4264 κυήσεως
3596 4211 3612 4226 σ
3646 4195 3725 4249 ὅτι

2142 4273 2199 4328 δὲ
2220 4275 2519 4340 ἀνωδίνως,
2551 4276 2693 4348 ὑπὲρ
2718 4277 2925 4350 θεσμὸν
2956 4282 3266 4359 γεννήσεως
3283 4300 3299 4315 ·
3337 4278 3409 4360 ἧς
3434 4284 3544 4357 γὰρ
3564 4285 3723 4358 ήδονή

465 4373 771 4430 nerationis
821 4373 994 4443 legem
1049 4368 1347 4440 superavit.
1387 4365 1560 4434 Quam
1605 4367 1752 4423 enim
1792 4367 2044 4438 voluptas

2151 4366 2207 4420 οὐ
2241 4368 2619 4443 προηγήσατο,
2653 4370 2776 4424 οὐδὲ
2821 4370 2952 4426 ὠδὶν
2986 4372 3433 4447 ἐπηκολούθησε,
3458 4378 3600 4437 κατά
3635 4376 3725 4432 τὸν

464 4479 576 4519 non
605 4463 856 4528 anteivit,
897 4477 967 4518 ne
996 4461 1155 4516 dolor
1195 4474 1331 4515 sane
1375 4459 1432 4513 in
1480 4465 1638 4528 partu
1690 4467 1913 4514 secutus
1940 4468 2042 4515 est.

463 4555 585 4622 Quo
615 4563 825 4625 spectat
856 4553 991 4609 illud
1032 4554 1310 4624 prophetae
1341 4568 1356 4606 :
1398 4550 1690 4619 Antequam
1719 4552 2045 4620 parturiret,

461 4648 662 4714 peperit
692 4645 761 4708 ",
794 4654 849 4699 et
895 4646 1027 4698 illud
1060 4659 1294 4702 rursus:
1330 4642 1627 4712 Antequam
1651 4641 1877 4701 venisset
1902 4652 2041 4697 tem-

350 4733 357 4743 ’
463 4751 561 4804 pus
592 4735 947 4804 parturiendi,
980 4735 1137 4806 fugit,
1167 4753 1231 4790 ae
1257 4735 1457 4805 peperit
1485 4732 1784 4789 masculum
1801 4732 1873 4787 ".

533 4825 609 4879 Ex
644 4841 708 4880 ea
737 4827 918 4895 itaque
990 4826 1084 4882 Dei
1160 4824 1335 4881 Filius
1362 4831 1640 4894 assumpta
1670 4837 1838 4879 carne
1886 4831 2048 4881 natus

458 4929 574 4989 est;
610 4935 721 4976 non
755 4921 918 4975 homo
962 4919 1173 4983 deifer,
1208 4919 1429 4990 Deoque
1464 4917 1700 4983 aﬁlatus,
1748 4917 1844 4974 sed
1895 4917 2039 4974 Deus

522 5049 572 5083 7°
622 5049 767 5106 Psal.
825 5063 902 5115 LI,
961 5047 1049 5105 10.
1102 5047 1167 5115 ί⁷¹
1222 5046 1328 5102 lsa.
1361 5063 1458 5106 vn.
1494 5047 1601 5111 υς
1655 5044 1849 5102 Matth.
1882 5061 1921 5113 ι,
1957 5046 2051 5103 25.

455 5114 893 5186 "Joau.t,15.
986 5119 1035 5151 ’⁵
1094 5114 1202 5172 lsa.
1238 5132 1391 5183 LXVI,
1419 5118 1471 5170 7.
1572 5118 1620 5148 ⁷⁸
1676 5117 1815 5171 ibid.

2149 4463 2437 4532 προφήτην
2465 4462 2558 4516 τὸν
2594 4462 2850 4533 λέγοντα⁹
2868 4467 3019 4534 Πρὶν
3044 4466 3349 4537 Mimas?-
3366 4509 3382 4535 ,
3409 4470 3594 4527 ἔτεκε.
3615 4470 3725 4525 Καὶ

2147 4552 2312 4607 πάλιν
2323 4569 2366 4642 ρ
2393 4553 2544 4622 Πρὶν
2594 4555 2798 4609 ἐλθεῖν
2842 4557 2952 4612 τὸν
2985 4559 3199 4633 καιρὸν
3228 4559 3349 4615 τῶν
3369 4560 3603 4626 ὠδίνων
3626 4561 3724 4627 ἐξ·

2145 4642 2352 4714 ἐφυγε,
2391 4645 2488 4707 καί
2511 4644 2719 4707 ἔτεκεν
2744 4645 2954 4721 ἄρσεν.

2218 4820 2552 4894 Γεγέννηται
2578 4823 2762 4879 τοίνυν
2793 4824 2853 4892 ἐξ
2887 4826 3061 4898 αὐτῆς
3087 4828 3118 4883 ὸ
3148 4829 3278 4893 Υίδς
3315 4829 3413 4884 τοῦ
3463 4829 3599 4885 Θεοῦ
3634 4848 3725 4884 σε·

2146 4915 2504 4987 σαρκωμένος
2538 4916 2585 4985 τ,
2613 4916 2673 4971 οὐ
2732 4917 2993 4991 θεοφόρος
3037 4920 3363 4994 ἄνθρωπος,
3394 4924 3532 4985 ἀλλά
3592 4923 3728 4988 Θεὸς

2134 5049 2182 5080 τ’
2207 5047 2312 5105 Job
2375 5066 2432 5116 v,
2479 5050 2581 5119 l3;
2621 5050 2805 5107 lCor.
2864 5066 2947 5120 ut,
2998 5053 3090 5110 19.
3163 5055 3210 5088 ⁷³
3261 5054 3371 5117 lsa.
3405 5072 3567 5127 xxix,
3631 5058 3723 5117 lt.

1752 5208 1985 5264 VARIIE
2016 5206 2422 5269 LECTIONES.

533 5308 550 5348 ί
600 5309 753 5379 Regii
809 5295 967 5365 mnl’ti
1012 5308 1169 5379 Colb.
1209 5307 1267 5369 2,
1303 5305 1389 5379 AS.
1433 5305 1543 5379 Hil.
1580 5315 1635 5379 et
1665 5304 1733 5359 Ν.
1763 5304 1898 5366 Θεὸς
1932 5321 2162 5375 σεσαρκ.
2195 5304 2288 5379 Sic
2330 5313 2494 5379 vetus
2520 5305 2755 5379 interpr.
2802 5315 2856 5379 et
2875 5306 3097 5364 Faber:
3136 5308 3314 5366 Filius
3345 5310 3445 5366 Dei
3469 5321 3522 5367 et
3559 5309 3722 5379 Deus,

455 5380 525 5436 ιι.
552 5352 1543 5450 etée;.i'b".‘s',,”.‘a"egessit:
1578 5352 2354 5445 aio“is'mac'aa“‘aiioa';x'
2369 5352 2767 5448 ῐλῐὲὧῖἷίέἰὶι
2804 5352 2898 5446 ἱξᾷ
2921 5352 3040 5436 ras?
3062 5352 3157 5446 .;.,'
3172 5352 3727 5438 {satiassatias

1965 5512 2201 5569 NOTAE.

461 5451 799 5507 monuimus.

458 5614 651 5669 saneta
689 5607 1008 5662 visebantur
1054 5606 1401 5660 Probaticam
1453 5621 1561 5660 non
1614 5608 1931 5672 recensuit,
1959 5607 2038 5662 uti

461 5691 569 5738 nec
602 5673 997 5746 Hieronymus,
1026 5679 1234 5731 alterve
1279 5678 1530 5747 superior
1560 5675 1809 5732 iuvenali
1835 5718 1849 5742 ,
1880 5692 2041 5749 quem

2148 5606 2420 5731 ξξμεῗὲοὲἱ
2448 5607 2808 5667 traditionum
2846 5608 3023 5668 fuisse
3065 5618 3346 5683 parentem
3376 5611 3628 5673 dicemus
3667 5613 3724 5679 in

2205 5690 2255 5731 ιο
2341 5694 2369 5731 c
2412 5716 2425 5731 .

2205 5690 2255 5731 ιι)
2285 5690 2425 5733 100οο
