4072 6146
469 313 602 380 1161

1508 312 1604 371 DE
1631 311 1808 370 FIDE
1851 309 2317 369 ORTHODOXA
2351 311 2498 370 LIB.
2540 313 2640 372 IV.

3566 315 3702 383 1162

463 421 878 494 σεσαρκωμένος
912 439 924 450 ·
954 421 1052 492 οὐχ
1087 421 1161 484 ὡς
1185 421 1467 491 προφήτης
1509 421 1760 490 ἐνεργείᾳ
1802 421 2020 490 χριόμε-

2131 419 2612 483 incarnatus;non
2640 421 2690 474 in
2717 422 2992 492 propheta:
3043 438 3246 478 morem
3295 425 3577 482 ellicientia
3629 431 3705 484 in-

460 535 568 580 νος,
633 513 905 584 παρουσίᾳ
959 513 1016 565 δὲ
1073 513 1196 566 ὅλου
1229 513 1319 565 τοῦ
1354 513 1623 581 χρίοντος’
1648 511 1788 564 ὥστε
1824 511 2036 581 ἄνθρω-

459 623 559 660 πον
583 605 683 675 μὲν
708 604 956 673 γενέσθαι
979 606 1040 656 τὸ
1069 604 1262 674 χρίσαν
1284 644 1297 665 ,
1328 604 1419 655 καὶ
1449 603 1578 654 Θεὸν
1608 601 1668 654 τὸ
1701 602 1990 672 χριόμενον
2019 619 2032 631 ο

455 698 516 750 οὐ
546 696 817 766 μεταόολῇ
849 695 1082 764 φύσεως,
1103 695 1214 748 ἀλλ’
1239 693 1427 746 ὲνώσει
1471 696 1536 762 τῇ
1575 692 1694 745 καθ’
1721 693 2032 745 ὑπόστασιν.

468 789 526 839 '0
560 788 720 851 αὐτὸς
744 788 851 857 γὰρ
873 783 939 857 ἦν
965 790 1008 850 Β,
1030 788 1057 838 ὅ
1074 803 1132 838 τε
1161 786 1330 856 χρίων
1354 787 1444 837 καὶ
1473 787 1500 836 ὸ
1529 785 1840 854 χριόμενος⁹
1866 785 2036 853 χρίων

454 879 532 942 ὡς
553 879 686 942 Θεὸς
710 880 897 932 ἑαυτὸν
916 880 991 941 ὡς
1022 877 1326 946 ἄνθρωπον.
1354 877 1479 940 Πῶς
1501 872 1593 929 οὖν
1615 876 1676 928 οὐ
1707 876 1986 940 Θεοτὸκος,
2001 879 2033 944 ἡ

455 969 586 1021 Θεὸν
612 969 1025 1038 σεσαρκωμένον
1059 967 1116 1030 ἐξ
1147 967 1313 1036 αὐτῆς
1338 969 1646 1035 γεννήσασα
1670 983 1684 1027 ;
1707 967 1912 1026 Ὄντως
1933 983 2032 1017 κυ-

462 1059 590 1130 ρίως
621 1060 714 1112 καὶ
745 1058 958 1128 ἀληθῶς
985 1058 1242 1120 Θεοτόκος
1261 1097 1274 1120 ,
1325 1059 1415 1110 καὶ
1448 1058 1648 1125 Κυρία,
1691 1057 1782 1109 καὶ
1814 1057 2032 1108 πάντων

458 1152 772 1224 κτισμάτων
818 1150 1172 1214 δεσπόζουσα,
1224 1150 1384 1220 δούλη
1421 1149 1512 1202 καὶ
1569 1151 1751 1219 μήτηρ
1799 1147 1894 1200 τοῦ
1925 1153 2030 1216 Δη-

462 1243 720 1311 μιουργοῦ
742 1240 1380 1326 χρηματίσασαΓΩσπερ
1396 1241 1451 1293 δὲ
1475 1240 1798 1308 συλληφθεὶς
1831 1238 2031 1310 παρθέ-

459 1351 548 1385 νον
567 1333 664 1402 τὴν
691 1333 1056 1386 συλλαϐοῦσαν
1076 1334 1360 1402 ἐτήρησεν,
1388 1331 1527 1385 οὕτω
1556 1334 1648 1383 καὶ
1677 1330 1910 1400 τεχθεὶς,
1929 1329 2028 1397 τὴν

459 1425 626 1492 αὐτῆς
643 1424 937 1495 παρθενίαν
960 1423 1224 1490 ἐφύλαξεν
1242 1425 1505 1493 ἄτρωτον,
1529 1427 1686 1491 μόνος
1715 1419 1941 1480 διελθὼν
1959 1419 2028 1472 δι’

457 1514 648 1583 αὐτῆς,
676 1515 768 1566 καὶ
798 1513 1193 1584 κεκλεισμένην
1244 1514 1492 1583 τηρήσας
1530 1513 1702 1581 αὑτήν
1725 1528 1738 1541 ο
1766 1511 1832 1563 δι’
1859 1510 2027 1577 ἀκοῆς

458 1604 558 1673 μὲν
586 1606 619 1674 ἠ
653 1604 934 1675 σύλληψις,
958 1608 990 1674 ἡ
1017 1605 1072 1657 δὲ
1099 1607 1356 1672 γέννησις
1394 1603 1480 1656 διὰ
1509 1604 1608 1672 τῆς
1634 1600 1900 1672 συνήθους
1919 1599 2026 1652 τῶν

451 1695 789 1764 τικτομένων
844 1694 1062 1759 ἐξόδου,
1101 1695 1148 1746 εί
1208 1695 1302 1747 καί
1352 1710 1495 1756 τινες
1549 1690 1907 1761 μυθολογοῦσι
1936 1688 2025 1741 διὰ

2142 519 2358 574 unctus,
2391 527 2578 564 verum
2599 515 2764 567 totius
2793 515 3046 582 augentis
3068 517 3378 584 praesentia,
3403 526 3461 571 ut
3484 530 3538 572 et
3570 520 3706 573 illttd

2139 601 2280 669 quod
2309 603 2481 665 unxit,
2511 602 2717 655 factum
2752 604 2822 656 sit
2856 603 3038 667 homo,
3071 612 3124 658 ct
3154 604 3260 658 hoc
3301 606 3445 674 quod
3476 616 3703 662 unctum

2138 699 2238 753 est,
2266 691 2405 745 Deus
2429 709 2442 757 ;
2479 708 2586 745 non
2619 694 2999 748 immutatione
3024 702 3250 761 naturae,
3277 695 3369 749 sed
3396 698 3597 750 unione
3617 714 3704 751 se-

2138 783 2379 834 cundum
2419 782 2776 852 hypostasim.
2813 784 2956 838 Idem
2989 785 3132 837 enim
3164 794 3280 840 erat
3314 794 3367 839 ct
3399 802 3612 855 ungens
3650 796 3706 842 et

2136 881 2356 936 unctus,
2385 889 2595 943 ungens
2627 883 2686 928 ut
2717 874 2860 928 Deus
2918 877 3157 946 seipsum
3191 886 3248 931 ut
3275 878 3572 932 hominem.
3601 878 3704 932 Ec-

2138 977 2236 1015 cur
2258 978 2387 1033 ergo
2413 964 2507 1018 Dei
2533 963 2782 1020 Genitrix
2817 982 2923 1021 non
2953 969 3077 1030 erit,
3107 985 3227 1038 qua:
3251 970 3415 1024 Deum
3450 971 3703 1025 incarna-

2135 1061 2246 1105 tmn
2275 1069 2339 1106 ex
2373 1069 2431 1110 se
2457 1057 2682 1125 genuit?
2715 1056 2967 1111 Profecto
2997 1075 3121 1112 vere
3148 1068 3199 1113 et
3217 1063 3439 1130 proprie
3472 1061 3566 1116 Dei
3599 1061 3704 1117 Ge-

2133 1144 2298 1196 nitrix
2329 1155 2411 1199 est
2444 1154 2497 1199 et
2523 1145 2750 1200 Domina
2773 1191 2787 1213 ,
2819 1151 3187 1219 omnibusque
3213 1153 3408 1206 creatis
3442 1154 3700 1221 imperat,

2132 1250 2250 1303 qua:
2270 1236 2467 1288 ancilla
2487 1248 2767 1305 materque
2785 1239 2946 1294 simul
2967 1242 3176 1294 exstitit
3193 1241 3492 1310 Creatoris,
3508 1244 3704 1309 Quem-

2132 1324 2426 1378 admodum
2459 1336 2638 1380 autem
2674 1329 2766 1382 ille
2799 1329 2891 1398 qui
2928 1339 3225 1399 conceptus
3254 1331 3374 1395 fuit,
3423 1347 3542 1386 eam
3582 1349 3702 1403 qua:

2130 1416 2757 1487 conceperat,Virginem
2784 1421 3046 1484 servavit;
3075 1421 3153 1475 sic
3178 1423 3456 1477 nascendo
3479 1424 3705 1494 virgini-

2131 1513 2294 1559 tatem
2352 1507 2496 1561 illius
2542 1509 2872 1564 incolumem
2900 1511 3195 1565 custodivit
3221 1552 3236 1576 ,
3268 1514 3419 1568 solus
3452 1530 3548 1584 per
3581 1531 3700 1570 eam

2129 1598 2422 1664 transiens,
2459 1600 2813 1670 clausamque
2848 1617 3180 1659 conservans
3209 1605 3275 1660 ⁷⁸.
3307 1607 3383 1657 Ac
3417 1608 3702 1675 conceptio

2125 1686 2344 1754 quidem
2373 1705 2470 1757 per
2502 1691 2750 1744 auditum
2783 1690 2928 1746 facta
2958 1703 3041 1748 est
3065 1711 3080 1748 :
3118 1703 3271 1750 ortus
3299 1711 3428 1751 vero
3453 1711 3549 1765 per
3577 1713 3696 1751 eam

453 1787 550 1855 τῆς
597 1785 838 1856 πλευρᾶς
884 1785 1045 1839 αὐτὸν
1083 1781 1338 1855 τέχθῆναι
1383 1785 1482 1848 τῆς
1529 1782 1890 1851 Θεομήτορος.
1945 1778 2020 1829 Οὐ

2125 1785 2353 1844 partem,
2379 1794 2475 1848 per
2497 1795 2660 1850 quam
2691 1783 2839 1838 exire
2865 1782 3006 1838 fetus
3032 1786 3339 1840 consuescit
3363 1804 3378 1853 ;
3405 1788 3700 1856 quamlibet

453 1879 560 1949 γὰρ
596 1878 852 1942 ἀδύνατος
891 1873 958 1948 ἦν
1011 1879 1103 1930 καὶ
1141 1879 1230 1931 διὰ
1275 1876 1377 1947 τῆς
1410 1876 1583 1945 πύλης
1631 1873 1890 1933 διελθεῖν,
1925 1869 2020 1922 καὶ

451 1969 655 2039 ταύτης
691 1970 766 2040 μὴ
789 1969 1138 2038 παραϐλάψαι
1171 1970 1476 2039 σήμαντρα.

2126 1868 2292 1937 aliqui
2349 1869 2664 1926 labulentur
2715 1873 2866 1928 illum
2923 1888 3020 1942 per
3073 1873 3365 1932 Geiitricis
3414 1875 3509 1932 Dei
3557 1878 3699 1932 latus

2125 1960 2330 2015 editum
2367 1979 2508 2019 esse.
2541 1966 2726 2037 Neque
2759 1968 2904 2020 enim
2955 1966 3058 2022 hoc
3101 1970 3150 2023 ei
3187 1970 3524 2039 impossibile
3555 1979 3696 2033 erat,

454 2071 513 2112 ut
544 2075 639 2130 per
664 2071 872 2129 portam
909 2060 1184 2124 transiret,
1217 2059 1414 2128 sigillis
1437 2059 1555 2127 ejus
1596 2057 1742 2111 nulla
1773 2062 1926 2125 parte
1955 2048 2317 2108 labefactatis.

521 2150 690 2203 Μένει
728 2150 906 2203 τοίνυν
950 2151 1043 2202 καὶ
1106 2149 1243 2218 μετά
1293 2151 1448 2202 τόκον
1509 2147 1770 2218 παρθένος
1820 2148 1854 2216 ή
1905 2145 2019 2198 ἀει-

455 2241 741 2313 πὰρθενος,
771 2241 1020 2310 οὐδαμῶς
1045 2241 1198 2311 ἀνδρὶ
1225 2240 1387 2310 μέχρι
1419 2239 1655 2292 θανάτου
1686 2237 2022 2307 προσομιλή-

455 2349 612 2385 σασα.
646 2332 834 2402 Εἰγάρ
865 2333 958 2384 καὶ
989 2333 1330 2403 γέγραπται·
1358 2329 1467 2384 Kal
1488 2333 1599 2385 οὐκ
1632 2330 1784 2400 ἔγνω
1809 2327 2023 2395 αὐτὴν,

451 2423 560 2488 ἕως
579 2418 649 2478 οὗ
671 2423 833 2475 ἔτεκε
849 2423 953 2475 τὸν
967 2423 1098 2475 υἱὸν
1118 2421 1306 2490 αὐτῆς
1326 2420 1835 2488 τὸνπρωτότοκον,
1855 2418 2026 2472 ίστέον

453 2516 532 2567 ὅτι
587 2515 929 2586 πρωτότοκος
977 2516 1169 2567 ἐστινὸ
1204 2515 1418 2584 πρῶτος
1463 2513 1766 2584 γεννηθεὶς,
1817 2513 1866 2564 ει
1924 2513 2018 2565 καὶ

456 2607 747 2678 μονογενὴς
798 2607 907 2677 εἴη.
967 2606 1040 2658 Τὸ
1094 2607 1190 2676 μὲν
1242 2607 1350 2676 γὰρ
1404 2604 2020 2676 πρωτότοκος,πρῶτον

451 2697 776 2766 γεννηθῆναι
807 2697 978 2766 δηλοῖ,
1013 2698 1074 2749 οὐ
1135 2697 1348 2761 πάντως
1399 2698 1456 2750 δὲ
1503 2698 1597 2751 καὶ
1649 2699 1852 2768 ἐτέρων
1891 2713 2017 2749 συν·-

453 2788 706 2856 εμςραίνει
729 2788 1000 2856 γέννησιν.
1033 2786 1106 2839 Τὸ
1133 2789 1209 2852 δὲ,
1237 2788 1368 2854 ἕως,
1401 2789 1500 2858 τὴν
1523 2788 1623 2859 μὲν
1651 2789 1745 2841 τοῦ
1775 2788 2018 2856 ὡρισμέ-

452 2895 542 2929 νου
573 2879 764 2945 χρόνου
797 2877 1136 2947 προθεσμίαν
1171 2878 1461 2947 σημαίνει,
1487 2879 1587 2931 οὐκ
1633 2880 1942 2946 ἀποφάσκει
1964 2877 2019 2930 δὲ

452 2968 513 3020 τὸ
541 2971 676 3037 μετά
704 2969 910 3020 ταῦτα’
941 2969 1077 3037 φησι
1109 2969 1217 3038 γὰρ
1247 2972 1275 3020 ὁ
1327 2969 1560 3039 Κύριοςο
1596 2971 1708 3023 Kal
1739 2971 1869 3023 ὶδοὺ
1906 2971 2020 3041 ἐγὼ

452 3059 578 3124 μεθ’
621 3058 788 3127 ὑμῶν
813 3058 931 3127 εἰμὶ
950 3060 1150 3124 πάσας
1177 3062 1282 3125 τὰς
1307 3060 1548 3129 ἡμέρας,
1580 3061 1689 3126 ἕως
1725 3061 1837 3130 τῆς
1870 3077 2019 3116 συν-

2198 2143 2458 2200 Adversus
2477 2150 3061 2203 Antidicomarianitas.
3088 2147 3428 2219 Primogeniti
3443 2165 3561 2214 vox,
3579 2167 3698 2204 cum

2123 2237 2282 2291 etiam
2303 2240 2484 2292 unicus
2508 2242 2713 2310 genitus
2734 2251 2830 2295 est.
2865 2241 2970 2295 Vox
2991 2254 3160 2293 nonac
3186 2242 3311 2309 quid
3339 2240 3700 2310 signiﬁcat.—

2125 2326 2324 2382 Mansit
2355 2345 2483 2395 ergo
2517 2338 2638 2398 post
2669 2339 2887 2400 partum
2926 2333 3077 2402 virgo
3099 2371 3113 2395 ,
3143 2334 3264 2400 Quae
3290 2347 3504 2401 semper
3543 2334 3700 2401 virgo

2123 2421 2348 2485 mansit,
2378 2421 2523 2474 nulla
2555 2422 2620 2475 ad
2653 2422 2858 2476 obitum
2891 2437 3062 2490 usque
3101 2437 3256 2476 suum
3287 2424 3528 2479 admissa
3571 2439 3696 2479 cum

2120 2510 2238 2564 viro
2290 2513 2700 2567 consuetudine.
2766 2513 3026 2579 Quamvis
3078 2516 3226 2568 enim
3279 2515 3542 2582 scriptum
3575 2517 3694 2574 sit:

2122 2601 2192 2655 Et
2225 2619 2326 2656 non
2361 2605 2598 2673 cognovit
2621 2621 2758 2668 eam,
2787 2606 2945 2659 donec
2977 2606 3176 2674 peperit
3201 2605 3375 2669 lilium
3407 2623 3561 2659 suum
3588 2609 3698 2675 pri-

2123 2697 2443 2764 mogenitum
2484 2698 2550 2762 ⁷⁸,
2603 2704 2841 2751 attamen
2877 2698 3018 2752 seire
3051 2697 3295 2762 interest,
3349 2701 3696 2768 promogeni-

2124 2795 2239 2840 tum
2290 2788 2443 2840 illum
2475 2803 2596 2842 esse
2625 2789 2718 2858 qui
2747 2789 2954 2857 primus
2990 2790 3058 2842 sit
3092 2797 3434 2860 procreatus,
3479 2791 3695 2844 etiamsi

2124 2880 2326 2948 alioqui
2357 2881 2671 2947 unigenitus
2707 2881 2801 2934 sit.
2836 2879 3048 2934 Etenim
3090 2883 3435 2952 primogeniti
3470 2897 3572 2937 vox
3599 2884 3694 2938 de-

2124 2971 2299 3023 clarat
2320 2971 2535 3039 quidem
2572 2971 2806 3038 primum
2846 2985 2968 3024 esse
2997 2971 3240 3040 genitum
3274 2971 3504 3041 aliquem
3535 2989 3549 3039 ;
3585 2987 3693 3027 non

2125 3061 2346 3130 perinde
2401 3070 2576 3114 tamen
2616 3061 2751 3114 alios
2791 3061 3019 3129 posthac
3061 3076 3184 3117 esse
3221 3063 3436 3131 genitos
3465 3061 3689 3117 indicat.

451 3121 686 3209 τελείαξι
725 3145 830 3199 τοῦ
853 3121 1068 3212 ἀιῶνος
1087 3161 1098 3174 ⁸
1127 3121 1228 3217 οὐχ
1259 3121 1519 3217 μετὰ.
1537 3121 1644 3218 ⁷τὴν
1665 3121 1794 3202 ’τού
1816 3121 2020 3216 ἀἰῶνος

2124 3121 2286 3221 Atqui
2319 3153 2435 3206 haec
2471 3152 2758 3221 particula,
2801 3151 2963 3206 donec
2985 3192 3000 3216 ,
3031 3153 3103 3206 ita
3137 3153 3439 3222 praescripti
3483 3163 3690 3222 tempo-

453 3237 764 3292 συντέλειαν
795 3239 1292 3310 χωρισθησόμενος.
1311 3240 1448 3309 Φησὶ⁸
1471 3239 1600 3308 γοῦν
1637 3243 1665 3294 ὀ
1697 3241 1838 3304 θεῖος
1866 3245 2021 3296 Ἀπό-

452 3329 666 3392 στολος’
700 3330 810 3384 Kal
850 3331 1033 3393 οὕτως
1063 3330 1320 3384 πάντοτε
1348 3329 1472 3383 σὺν
1515 3332 1710 3398 Κυρίῳ
1741 3331 2016 3401 ἐσόμεθα,

450 3418 591 3488 μετά
627 3418 725 3489 τὴν
753 3421 939 3492 κοινὴν
976 3421 1269 3474 ἀνάστασιν
1297 3420 1493 3488 λέγωνι

2121 3242 2198 3295 ris
2231 3242 2521 3295 terminum
2555 3240 2843 3311 signiﬁcat,
2899 3252 2957 3295 ut
3011 3243 3174 3311 277
3211 3257 3444 3310 sequens
3481 3252 3692 3310 tempus

2121 3331 2388 3384 continuo
2438 3345 2544 3384 non
2594 3331 2870 3385 excludat.
2921 3330 3186 3386 Dominus
3215 3331 3486 3400 siquidem
3517 3331 3688 3386 dixit:

2121 3423 2187 3476 Et
2219 3438 2331 3475 ecce
2353 3438 2443 3490 ego
2477 3421 2738 3475 vobiscum
2765 3437 2878 3474 sum
2905 3421 3144 3474 omnibus
3185 3421 3390 3484 diebus,
3427 3439 3588 3492 usque
3614 3425 3683 3475 ad

450 3517 949 3571 consummationem
974 3516 1154 3570 swculi
1179 3516 1252 3580 3°;
1284 3533 1390 3570 non
1420 3516 1590 3570 veluti
1626 3528 2006 3572 consummato
2045 3519 2247 3575 saeculo
2281 3532 2402 3570 sese
2434 3517 2503 3569 sit
2543 3516 2939 3569 abstracturus.
2991 3514 3079 3567 Ait
3113 3517 3308 3584 quippe
3350 3517 3686 3586 Apostolus:

450 3611 518 3665 Et
551 3614 629 3667 sic
655 3628 855 3680 semper
884 3627 1002 3664 cum
1050 3611 1273 3664 Domino
1316 3612 1513 3664 erimus
1543 3611 1608 3676 ⁸¹,
1644 3611 1851 3666 scilicet
1891 3621 2015 3682 post
2052 3625 2398 3670 communem
2435 3608 2914 3662 resurrectionem.

521 3723 646 3787 Πῶς
678 3724 787 3794 γὰρ
823 3723 888 3777 ἂν
935 3721 1066 3776 Θεὸν
1111 3722 1417 3792 γεννήσασα
1444 3759 1461 3786 ,
1493 3722 1588 3774 καὶ
1640 3723 1704 3775 ὲκ
1756 3723 1856 3792 τῆς
1905 3724 2014 3778 τῶν

453 3815 1010 3886 παρηκολουθηκότων
1045 3814 1244 3884 πείρας
1265 3814 1327 3867 τὸ
1356 3814 1540 3882 θαῦμα
1562 3814 1896 3885 γνωρίσασα,
1921 3817 2013 3870 ἀν-

449 3906 572 3976 δρὸς
602 3907 894 3974 συνάφειαν
942 3903 1292 3971 κατεδέξατος
1328 3905 1505 3972 ἄπαγε
1526 3922 1540 3936 ·
1583 3907 1642 3958 οὐ
1676 3906 2012 3978 σωφρονοῦν-

450 4011 539 4057 τος
577 3994 848 4065 λογισμοῦ,
880 3994 948 4047 τὰ
980 3995 1206 4049 τοιαῦτα
1235 3996 1374 4047 νοεῖν
1401 4035 1416 4059 ,
1451 3994 1526 4066 μή
1575 3995 1657 4048 ὅτι
1695 3998 1787 4050 καὶ
1840 3999 2010 4067 πράτ-

448 4103 580 4142 τειν.

529 4201 668 4254 Ἀλλ’
713 4201 848 4271 αὕτη
882 4203 915 4272 ή
971 4200 1238 4271 μακαρία,
1271 4202 1363 4254 καὶ
1392 4200 1501 4256 τῶν
1531 4201 1671 4271 ὑπὲρ
1697 4203 1855 4270 φύσιν
1905 4204 2008 4256 δω-

2191 3725 2484 3780 Enimvero
2511 3723 2604 3794 qui
2646 3721 2762 3777 ﬁeri
2795 3722 3084 3794 potuisset,
3129 3736 3188 3779 ut
3231 3741 3352 3796 qua:
3379 3725 3548 3782 Deum
3591 3744 3688 3799 ge-

2119 3825 2334 3881 nuerat,
2364 3822 2417 3870 et
2451 3830 2518 3869 ex
2551 3829 2741 3868 eorum
2773 3829 2891 3883 quae
2920 3829 3103 3868 secuta
3127 3823 3256 3868 sunt
3291 3806 3684 3885 experimento,

2118 3907 2440 3961 miraculum
2495 3915 2745 3965 noverat,
2792 3905 2892 3958 viri
2952 3906 3295 3974 complexum
3331 3907 3684 3963 admisisset!

2117 3997 2260 4051 absit
2310 3995 2426 4050 haec
2457 3995 2660 4064 opinio.
2697 3993 3047 4064 Nequaquam
3100 3999 3240 4052 casti
3293 3998 3462 4052 animi
3519 3998 3685 4052 fuerit

2116 4088 2244 4142 talia
2267 4089 2526 4157 cogitare,
2561 4088 2755 4141 nedum
2791 4099 3118 4156 perpetrare.

2180 4201 2379 4255 Verum
2409 4202 2563 4255 beata
2595 4201 2730 4264 haec,
2754 4211 2920 4270 atque
2948 4201 3224 4254 beneliciis
3249 4199 3539 4266 ejusmodi,
3561 4217 3682 4271 quae

450 4288 587 4359 ρεῶν
627 4291 918 4356 ἀξιωθεῖσα
945 4330 960 4353 ,
987 4293 1083 4355 τὰς
1112 4292 1324 4357 ὠδῖνας,
1359 4293 1424 4357 ἃς
1463 4295 1681 4363 διέφυγε
1727 4296 2003 4362 τίκτουσα,

2124 4301 2318 4345 natura:
2351 4291 2569 4343 modum
2603 4293 2887 4354 excedant,
2925 4290 3220 4352 cumulata,
3255 4305 3394 4357 quos
3428 4291 3481 4344 in
3519 4302 3680 4361 partu

445 4380 647 4446 ταύτας
676 4383 734 4434 ὲν
762 4383 839 4452 τῷ
885 4382 979 4435 τοῦ
1019 4383 1226 4446 πάθους
1257 4385 1434 4454 καιρῴ
1474 4386 1756 4455 ὑπέμεινε,
1783 4385 1887 4440 ὑπὸ
1908 4392 2008 4459 τῆς

447 4471 720 4540 μητρικῆς
753 4471 1090 4541 συμπαθείας
1115 4471 1223 4523 τῶν
1275 4473 1597 4543 σπλάγχνων
1626 4474 1716 4525 τὸν
1760 4491 2009 4544 σπαραγ-

444 4562 543 4629 μὸν
589 4563 902 4625 ἀνατλᾶσα,
951 4564 1046 4615 καὶ
1086 4562 1144 4615 ὃν
1185 4562 1328 4630 ἔγνω
1364 4563 1497 4616 Θεὸν
1545 4563 1633 4616 διὰ
1680 4567 2006 4636 γεννήσεως,

442 4651 626 4706 τοῦτον
659 4653 734 4715 ὠς
787 4652 1094 4722 κακοῦργον
1139 4653 1529 4721 ἀναιρούμενον
1585 4654 1861 4722 βλέπουσα
1884 4697 1899 4721 ,
1931 4655 2006 4719 ὡς

445 4744 687 4814 ῥομφαίᾳ
737 4746 850 4805 τοῖς
907 4743 1184 4812 λογισμοῖς
1229 4743 1605 4813 ἐσπαράττετο
1641 4759 1656 4774 ⁶
1700 4745 1793 4797 καὶ
1848 4745 2005 4797 τοῦτό

443 4837 589 4888 ἐστι·
616 4834 724 4887 Kal
750 4833 868 4887 σοῦ
903 4832 970 4885 δὲ
1021 4833 1211 4900 αὐτῆς
1246 4833 1360 4904 τὴν
1383 4833 1600 4902 ψυχὴν
1632 4834 2009 4889 διελεύσεται

435 4924 697 4990 ῥομφαία
714 4921 761 4976 δ.
795 4923 955 4976 Ἀλλὰ
997 4923 1319 4993 μεταϐάλλει
1361 4923 1456 4993 τήν
1482 4924 1657 4994 λύπην
1682 4927 1714 4995 ή
1736 4926 1879 4995 χαρά
1907 4927 2008 4996 τῆς

441 5013 810 5081 ἀναστάσεως,
834 5015 967 5069 Θεὸν
987 5016 1079 5068 τὸν
1113 5015 1278 5086 σαρκὶ
1305 5013 1536 5068 θανόντα
1562 5015 1931 5087 κηρύττουσα.

542 5254 586 5284 ’⁸
632 5253 832 5309 Ezech.
873 5271 1020 5318 κων,
1084 5257 1138 5311 2.
1217 5257 1263 5288 ⁷³
1297 5255 1488 5310 Matth.
1539 5274 1581 5320 ι,
1610 5256 1698 5310 25.

1769 5257 1815 5288 ⁸⁸
1844 5256 2032 5312 Matth.
2067 5275 2260 5326 xxvm,
2287 5261 2375 5314 20.

2111 4381 2328 4435 dolores
2355 4379 2638 4450 effugerat,
2675 4379 2946 4447 passionis
2982 4389 3218 4447 tempore
3248 4381 3528 4444 sustinuit,
3567 4400 3680 4438 ma-

2110 4479 2266 4524 terno
2299 4467 2492 4522 atIeetu
2523 4467 2749 4520 lacerari
2774 4467 2879 4520 sibi
2909 4467 3120 4520 viscera
3151 4469 3415 4533 sentiens,
3441 4471 3678 4528 intimis-

2111 4576 2216 4630 que
2235 4557 2657 4628 cogitationibus
2682 4558 2842 4610 veluti
2866 4557 3043 4625 gladio
3060 4559 3348 4626 discerpta,
3374 4577 3496 4614 eum
3522 4562 3674 4616 illum

2112 4666 2271 4720 quem
2326 4648 2595 4717 gignendo
2638 4646 2804 4700 Deum
2849 4661 2973 4701 esse
3020 4657 3369 4717 cegnoverat,
3419 4662 3674 4721 tanquam

2113 4738 2434 4794 sceleratum
2499 4735 2734 4804 aliquem
2798 4746 2973 4791 morte
3033 4736 3173 4791 allici
3243 4749 3510 4795 cerneret.
3583 4743 3676 4796 Sic

2109 4843 2271 4898 porro
2306 4826 2716 4895 intelligendum
2748 4827 2876 4881 illud
2902 4835 2986 4882 est
3019 4847 3032 4883 :
3071 4827 3136 4880 Et
3165 4837 3310 4882 tuam
3344 4832 3509 4898 ipsius
3559 4833 3675 4885 ani-

2109 4935 2251 4973 mam
2282 4917 2486 4972 doloris
2516 4917 2726 4987 gladius
2771 4919 3118 4988 pertransibit
3144 4921 3210 4975 ⁸⁸.
3241 4922 3504 4977 ϐρειθτυιη
3539 4937 3673 4975 mm-

2106 5025 2285 5066 rorem
2338 5009 2554 5078 excepit
2605 5011 3023 5066 resurrectionis
3054 5011 3272 5076 laetitia,
3333 5008 3452 5082 quae
3503 5011 3673 5066 Deum

2106 5118 2226 5158 esse
2256 5102 2406 5156 illum
2438 5105 2788 5171 personabat,
2814 5104 2904 5173 qui
2926 5120 3089 5159 carne
3115 5113 3340 5159 mortem
3367 5104 3597 5158 obierat.

2457 5263 2550 5315 ".l
2585 5259 2778 5317 Thess.
2806 5279 2880 5327 Iv,
2921 5263 3005 5318 16.
3086 5264 3130 5296 δ’
3160 5261 3294 5316 Luc.
3329 5279 3389 5326 It,
3421 5261 3509 5316 55.

1702 5417 1936 5472 VARIAZ
1977 5416 2374 5472 LECTIONES.

504 5522 533 5601 ξ
565 5518 722 5601 Deest
748 5518 815 5601 ἦν
854 5522 910 5575 in
937 5523 1254 5601 codicibus
1301 5528 1843 5601 quibttsdamfliegiis
1884 5541 1938 5584 et
1963 5531 2120 5585 Colb.
2150 5532 2197 5584 l.

817 5592 1017 5672 υμεὼν,
1053 5592 1144 5672 τὸν
1178 5592 1378 5662 Κύριον
1426 5592 1952 5670 ὲναγκαλισόῖμενος·
1991 5602 2141 5666 Quod
2197 5600 2404 5670 quidem
2459 5598 2705 5667 praedixit
2747 5601 2795 5652 ei
2854 5598 2955 5652 Dei
2993 5592 3520 5666 susceptor'Simeou,
3555 5592 3666 5651 Do-

430 5593 456 5642 ὲ
489 5589 733 5660 θεοδόχος

431 5674 628 5712 mtuum
663 5662 800 5714 ulnis
831 5663 938 5715 suis
969 5665 1322 5731 complexam.

711 5755 976 5815 PATROL.
1020 5757 1134 5817 Gn.
1179 5755 1381 5820 XCIV.

2303 5532 2328 5570 ιι
2360 5530 2592 5586 Additur
2622 5531 2673 5583 in
2714 5529 2781 5582 Β.
2821 5528 2960 5582 2926
2999 5529 3134 5594 ὅπερ
3167 5527 3325 5598 αὐτῇ-
3340 5526 3666 5598 προείρηκεν

3203 5761 3270 5822 37
