4072 6146
400 324 545 382 11163

1038 421 1190 479 CAP.
1230 420 1347 479 XV.

354 514 538 588 'Quis
609 518 829 584 sanctis,
886 516 1220 636 ipsorurzitque
1247 515 1509 638 .lreliquiis
1564 515 1725 571 honos
1785 516 1980 569 haben-

1120 601 1182 638 us
1210 600 1255 638 si
1287 626 1301 639 .

458 680 717 746 Sanctis,
747 693 845 733 ceu
887 676 1091 732 Christi
1122 676 1335 740 amicis,
1361 691 1460 732 ceu
1493 675 1585 730 Dei
1624 676 1748 731 [iliis
1780 692 1843 733 ac
1872 676 1979 731 hae-

402 771 650 832 redibus.
696 783 831 822 suus
867 766 1154 823 habendus
1208 774 1293 820 est
1339 767 1533 832 honos,
1581 764 1790 820 Joanne
1819 767 1974 820 theo-

379 866 525 934 -logo
570 875 623 918 ct
671 860 1004 931 evangelista
1066 858 1327 914 dicente:
1368 857 1635 928 Quotquot
1667 867 1843 911 autem
1891 874 1977 909 re-

401 961 644 1023 ceperunt
675 967 816 1014 eum,
847 949 989 1003 dedit
1014 948 1089 1002 eis
1118 955 1429 1015 potestatem
1456 947 1597 1014 ﬁlios
1628 946 1726 1001 Dei
1760 946 1877 1016 ﬁeri
1904 944 1973 997 3'.

402 1045 663 1111 Quocirca
707 1042 825 1112 jam
878 1056 984 1094 non
1038 1048 1161 1093 sunt
1202 1039 1359 1103 servi,
1404 1038 1496 1092 sed
1553 1038 1673 1106 ﬁlii.
1719 1036 1872 1104 Quod
1931 1037 1979 1091 si

399 1136 537 1203 ﬁlii,
586 1145 633 1188 et
680 1130 933 1185 Ita'redes.
986 1126 1238 1183 Ilazredes
1270 1127 1479 1195 quidem
1523 1126 1654 1191 Dei;
1686 1125 1975 1181 cohwredes

402 1236 576 1282 autem
627 1224 829 1280 Christi
859 1222 927 1274 ⁸⁸.
964 1219 1224 1275 Dominus
1250 1234 1468 1288 quoque
1508 1220 1561 1271 in
1593 1218 1765 1272 sacris
1794 1216 1975 1270 Evan-

394 1321 555 1390 geliis
599 1319 666 1373 ad
722 1314 1006 1387 apostolos
1056 1313 1133 1367 ita
1181 1312 1463 1381 loquitur:
1512 1309 1613 1365 Vos
1667 1311 1826 1364 amici
1876 1309 1977 1363 mei

399 1413 527 1469 estis
558 1411 625 1464 ⁸⁵.
659 1409 757 1463 Et:
779 1406 906 1462 Iam
934 1422 1035 1460 non
1064 1404 1239 1457 dicam
1273 1421 1359 1458 vos
1384 1420 1577 1458 servos.
1611 1402 1804 1457 Seruus
1839 1404 1977 1458 enim

400 1504 567 1560 nescit
595 1501 722 1575 quid
755 1500 920 1569 faciat
962 1497 1203 1551 dominus
1227 1495 1341 1564 ejus
1363 1495 1429 1547 ⁸⁸.
1461 1495 1539 1549 Ad
1570 1494 1686 1549 haec
1712 1510 1834 1548 cum
1863 1493 1977 1549 Rex

385 1609 612 1665 regum,
669 1601 723 1647 et
762 1590 1030 1647 Dominus
1059 1587 1458 1643 dominantium
1490 1587 1558 1649 ⁸⁷,
1590 1598 1644 1640 et
1677 1585 1819 1641 Deus
1843 1586 1975 1639 deo-

398 1701 520 1740 rum
548 1685 614 1749 ⁸⁸,
649 1696 898 1738 summus
932 1680 1022 1735 ille
1050 1679 1293 1734 omnium
1326 1677 1579 1732 conditor
1620 1693 1682 1732 ac
1713 1679 1976 1733 Dominus

1579 317 1658 377 -s.
1689 316 2016 379 ‘JOANNIS
2049 303 2480 382 DAMASCENI

2012 428 2060 485 Δ

2362 437 2376 467 ί
2583 429 2833 485 ΚΕΦΔΛ.
2877 429 2956 481 IE'
2986 427 3165 500 [HH'].

2087 521 2227 590 Περὶ
2261 519 2373 589 τῆς
2406 519 2525 575 τῶν
2573 521 2758 592 ἁγίων
2803 522 2916 601 καὶ
2946 520 3066 575 τῶν
3110 518 3421 589 λειψάνων
3467 522 3668 578 αὐτῶν

2777 608 2809 645 τ
2813 609 2974 661 ιμηςο

2157 683 2427 753 Τιμητέον
2475 683 2600 746 τοὺς
2660 681 2847 751 ἁγίους
2899 683 2975 746 ὡς
3034 681 3221 750 φίλους
3272 680 3553 753 Χριστοῦ,
3585 684 3665 747 ὡς

2086 774 2250 826 τέκνα
2286 772 2380 826 καὶ
2412 773 2782 843 κληρονόμους
2815 770 2971 837 Θεοῦ,
3016 770 3093 834 ὥς
3146 787 3313 841 φησιν
3363 770 3660 844 ’Ῑωάννηςί

2084 867 2112 918 6
2137 865 2386 934 Θεολόγος
2428 865 2521 918 καὶ
2554 864 2947 933 εὐαγγελιστής
2968 878 2981 891 ’
3009 863 3185 917 Ὅσοι
3209 861 3278 916 δὲ
3315 861 3538 917 ἔλαϐον
3560 867 3667 918 αὐ-

2084 956 2191 1009 τὸν
2217 994 2232 1019 ,
2262 955 2486 1008 ἔδωκεν
2530 952 2736 1019 αὐτοῖς
2765 951 3061 1017 ἐξουσίαν
3103 949 3285 1004 τέκνα
3330 951 3478 1005 Θεοῦ
3504 952 3667 1022 τενέ-

2085 1046 2505 1102 σθαι.-”Ωστε
2530 1046 2641 1099 οὐκ
2657 1044 2815 1098 εἰσιν
2842 1044 2929 1097 ἔτι
2949 1042 3179 1108 δοῦλοι,
3200 1041 3338 1096 ἀλλ’
3361 1043 3483 1096 υἱοί
3499 1058 3513 1072 ’
3534 1042 3668 1097 εἰδὲ

2083 1138 2221 1204 υἱοὶ,
2251 1139 2347 1192 καὶ
2379 1137 2760 1204 κληρονόμοι,
2788 1134 3149 1203 κληρονόμοι
3164 1132 3281 1203 μὲν
3310 1132 3481 1198 Θεοῦ,
3515 1150 3664 1203 avr-

2083 1228 2443 1297 κληρονόμοι
2467 1226 2535 1281 δὲ
2566 1224 2837 1296 Χριστοῦ.
2860 1224 2970 1278 Καὶ
2993 1225 3021 1277 6
3050 1223 3253 1294 Κύριος
3286 1225 3344 1276 ὲν
3364 1225 3480 1287 τοῖς
3503 1225 3665 1295 ἱεροῖς

2083 1318 2439 1388 Εὐαγγελίοις
2482 1320 2596 1381 τοῖς
2639 1316 2962 1379 ἀποστόλοις
3018 1313 3217 1383 φησίν·
3258 1312 3458 1383 Ὑμεῖς
3484 1315 3665 1385 ,φίλοι

2078 1414 2196 1482 μού
2222 1412 2383 1466 ἐστε.
2432 1412 2555 1464 Οὐκ
2604 1409 2692 1463 ἔτι
2740 1404 2906 1461 καλῶ
2949 1402 3105 1475 ὑμᾶς
3148 1402 3445 1469 δούλους”
3476 1408 3511 1458 ὀ
3551 1403 3663 1473 γὰρ

2082 1494 2305 1568 δοῦλος
2337 1503 2448 1556 οὐκ
2477 1495 2602 1554 οἵδε
2626 1499 2682 1552 τι
2704 1497 2859 1552 ποιεῖ
2883 1495 3068 1550 αὑτοῦ
3091 1498 3124 1549 ὀ
3148 1495 3370 1563 κύριος.
3398 1495 3460 1548 Ei
3478 1495 3534 1548 δὲ
3565 1495 3663 1550 καὶ

2083 1594 2343 1658 Βασιλεὺς
2396 1592 2815 1662 βασιλευόντων,
2854 1589 2950 1642 καὶ
3004 1586 3208 1657 Κύριος
3267 1586 3657 1657 κυριευόντων,

2084 1685 2177 1739 καὶ
2208 1684 2341 1746 Θεὸς
2375 1681 2534 1748 θεῶν,
2569 1683 2597 1736 6
2628 1677 2972 1751 Δημιουργὸς
3003 1675 3113 1729 τῶν
3136 1675 3391 1729 ἁπάντων
3425 1675 3522 1728 καὶ
3544 1674 3665 1728 Κύ-

399 1775 632 1838 dicatur,
676 1770 921 1839 profecto
961 1769 1138 1824 sancti
1172 1782 1395 1838 quoque
1442 1776 1557 1823 tum
1604 1769 1702 1834 dii,
1735 1775 1849 1822 tum
1881 1768 1976 1822 do-

2083 1794 2197 1848 ριος
2232 1776 2471 1845 λέγεται,
2498 1771 2716 1834 πάντως
2758 1770 2856 1822 κοιλ.⁴
2880 1769 2929 1822 οἱ
2968 1768 3136 1834 ἅγιοι,
3183 1766 3297 1819 θεοί
3333 1782 3393 1818 τε
3437 1764 3533 1818 καὶ
3567 1764 3666 1819 κύ-

398 1865 556 1931 miui,
602 1871 718 1917 tum
762 1877 931 1932 reges.
952 1861 1071 1942 sint
1126 1874 1351 1916 necesse
1395 1867 1495 1915 cst.
1553 1859 1757 1915 Horum
1815 1861 1977 1927 Deus,

396 1961 544 2015 Deus
582 1965 686 2022 est,
719 1956 814 2026 qui
867 1964 981 2009 tum
1026 1953 1310 2018 Dominus,
1345 1960 1463 2007 tum
1499 1949 1615 2007 Rex
1652 1961 1757 2020 est,
1798 1961 1853 2007 et
1881 1967 1980 2023 ap-

388 2051 651 2121 pellatur.
706 2046 817 2115 Ego
867 2045 1029 2108 enim,
1079 2044 1262 2113 inquit
1301 2044 1366 2098 ad
1406 2041 1614 2107 Mosen,
1661 2059 1779 2096 sum
1842 2043 1981 2098 Deus

401 2141 694 2203 Abraham,
745 2149 797 2192 et
846 2137 982 2191 Deus
1030 2135 1213 2200 Isaac,
1258 2145 1308 2190 et
1342 2134 1482 2190 Deus
1511 2135 1681 2189 Iacob
1714 2136 1784 2188 ⁸⁸.
1834 2134 1977 2201 Quin

398 2232 616 2315 Mpyses
667 2230 804 2283 deus
836 2225 1132 2282 Pharaonis
1159 2240 1186 2279 a
1215 2225 1327 2281 Deo
1376 2226 1715 2283 constitutus
1772 2226 1874 2281 fuit
1908 2228 1975 2282 ’°.

398 2322 541 2378 Deos
575 2336 741 2392 porro
770 2327 826 2374 ct
865 2332 1039 2389 reges,
1066 2326 1118 2373 et
1148 2316 1400 2375 dominos
1427 2319 1576 2381 dico,
1610 2334 1716 2373 non
1757 2329 1977 2389 natura,

398 2412 495 2467 sed
525 2411 656 2482 quia
691 2407 976 2464 aﬂectibus
1006 2407 1125 2462 suis
1152 2406 1473 2477 imperando
1508 2409 1974 2480 dominandoque,

308 2516 313 2521 '
398 2501 596 2557 divinae
646 2499 901 2571 imaginis
959 2498 1398 2566 similitudinem,
1452 2501 1750 2555 secundum
1812 2516 1976 2571 quam

398 2594 606 2651 conditi
638 2601 819 2658 erant,
849 2591 1164 2646 nullatenus
1206 2590 1569 2645 adulteratam
1620 2601 1978 2647 servaverunt

382 2688 542 2757 (ipsa
570 2684 774 2756 quippe
802 2684 949 2754 regis
988 2682 1190 2754 imago,
1220 2697 1313 2737 rex
1343 2698 1563 2753 quoque
1592 2684 1843 2754 dicitur),
1884 2700 1978 2739 ve-

398 2778 481 2831 lut
507 2775 674 2831 etiam
709 2774 802 2845 qui
853 2773 1024 2828 libera
1055 2773 1350 2828 voluntatis
1384 2773 1700 2832 inductione
1729 2777 1841 2831 Deo
1882 2790 1976 2831 co-

398 2864 570 2937 pulati
602 2862 829 2929 fuerint,
856 2862 1369 2933 eumque‘hospitio
1403 2864 1586 2920 cordis
1619 2866 1974 2933 excipientes,

392 2957 458 3011 id
490 2954 636 3026 quod
684 2953 776 3009 ille
819 2959 1013 3023 suapte
1057 2961 1255 3007 natura
1299 2964 1403 3018 est,
1447 2955 1551 3010 hoc
1587 2956 1692 3026 ipsi
1722 2971 1820 3027 per
1855 2971 1980 3028 gra-

399 3049 532 3102 tiam
583 3044 876 3101 evaserint.
944 3042 1086 3110 Quid
1138 3044 1304 3115 igitur
1338 3060 1519 3102 causa:
1577 3062 1699 3103 esse
1755 3050 1970 3119 possit,

2085 1888 2210 1943 ριοι,
2243 1871 2337 1923 καὶ
2384 1866 2640 1936 βασιλεῖς.
2673 1862 2891 1915 Τούτων
2915 1860 3046 1925 Θεὸς
3068 1860 3096 1912 6
3120 1857 3273 1924 Θεὸς,
3307 1856 3405 1911 καὶ
3434 1856 3663 1928 Κύριος,

2083 1961 2177 2016 καὶ
2207 1958 2472 2021 Βασιλεύς
2500 1955 2616 2009 ἐστι
2664 1972 2722 2008 τε
2777 1953 2869 2006 καὶ
2914 1951 3153 2020 λέγεται.
3198 1949 3346 2019 Ἐγὼ
3385 1949 3500 2019 γάρ
3524 1949 3665 2019 εἰμι,

2081 2052 2214 2122 φησὶ
2232 2050 2312 2122 τῷ
2340 2051 2571 2119 Μωῦσῇ,
2608 2045 2749 2111 Θεὸς
2788 2043 3065 2112 Ἀϐραὰμ,
3101 2040 3199 2096 καὶ
3246 2041 3388 2105 Θεὸς
3442 2040 3662 2105 Ἰσαὰκ,

2079 2145 2182 2199 καὶ
2219 2143 2365 2209 Θεὸς
2400 2139 2623 2196 Ἰακώϐ.
2654 2137 2762 2192 Καὶ
2806 2135 2927 2190 Θεὸν
2970 2132 3171 2204 Φαραὼ
3207 2132 3299 2185 τὸν
3347 2130 3592 2201 Μωῦσῆν
3632 2132 3663 2184 6

2078 2237 2210 2300 Θεὸς
2253 2236 2530 2307 ἐποίησεν.
2580 2231 2748 2293 Θεοὺς
2794 2228 2849 2281 δὲ
2896 2227 3064 2295 λέγω,
3115 2225 3211 2277 καὶ
3256 2223 3529 2294 βασιλεῖς,
3564 2222 3659 2276 καὶ

2079 2328 2397 2400 κυρίους,οὐ
2430 2325 2611 2393 φύσει,
2634 2320 2833 2383 ἀλλ’ὡς
2862 2318 2969 2372 τῶν
3006 2317 3195 2371 παθῶν
3228 2315 3652 2388 βασιλεύσαντας

2079 2422 2177 2475 καὶ
2212 2417 2631 2490 κυριεύσαντας,
2655 2413 2752 2467 καὶ
2780 2410 2879 2482 τὴν
2918 2409 3019 2479 τῆς
3046 2409 3197 2472 θείας
3229 2408 3438 2470 εἰκόνος
3465 2406 3662 2476 ὁμοίω-

2081 2530 2185 2578 σιν,
2212 2510 2337 2565 καθ’
2374 2510 2441 2580 ἣν
2481 2505 2575 2561 καὶ
2610 2503 2958 2573 γεγένηνται,
2996 2500 3461 2570 ἁπαραχάρακτον
3488 2496 3662 2567 φυλά-

2079 2605 2276 2671 ξαντας
2295 2616 2309 2631 ⁶
2345 2597 2597 2670 βασιλεὺς
2623 2596 2731 2665 γὰρ
2776 2594 3022 2662 λέγεται,
3054 2591 3149 2645 καὶ
3192 2591 3226 2660 ἡ
3258 2588 3368 2658 ,τοῦ
3398 2587 3664 2658 βασιλέως

2078 2692 2242 2748 εἰκών
2274 2709 2286 2721 ·
2318 2690 2413 2745 καὶ
2451 2688 2558 2753 ὼςὶ
2596 2685 2894 2748 ὲνωοέντας
2942 2682 3061 2753 Θεῴ
3095 2680 3240 2735 κατὰ
3290 2679 3616 2751 προαιρεσιν
3642 2719 3658 2742 ,

2079 2788 2173 2841 καὶ
2202 2784 2392 2838 τοῦτον
2428 2778 2752 2849 δεξαμένους
2794 2777 3021 2841 ἐνοικον,
3060 2774 3158 2828 καὶ
3186 2775 3253 2844 τῇ
3292 2772 3483 2825 τούτου
3527 2769 3661 2840 μεθ-

2077 2880 2184 2946 έξει
2218 2874 2511 2945 γεγονότας
2557 2871 2762 2943 χάριτι,
2795 2870 2931 2940 ὅπερ
2966 2867 3127 2930 αὑτός
3165 2867 3283 2918 ἐστι
3319 2864 3502 2933 φύσει.
3532 2862 3659 2926 Πῶς

2075 2967 2170 3026 οὖν
2197 2970 2258 3023 οὐ
2304 2965 2564 3038 τιμητέον
2594 2964 2722 3024 τοὺς
2776 2960 3117 3031 Θεράποντας
3142 2996 3155 3018 .
3186 2956 3283 3010 καὶ
3310 2955 3499 3023 φίλους
3520 2993 3536 3020 ,
3559 2954 3659 3009 καὶ

2076 3061 2226 3124 υἱοὺς
2267 3058 2363 3112 τοῦ
2402 3054 2539 3109 Θεοῦ
2572 3052 3054 3126 χρηματίσανταςς
3099 3047 3164 3102 Ἡ
3207 3046 3316 3117 γὰρ
3363 3044 3500 3115 πρὸς
3531 3046 3657 3107 τοὺς

400 3138 695 3210 quominus
745 3138 955 3190 honore
1005 3135 1132 3191 illos
1181 3151 1599 3207 prosequamur,
1634 3141 1728 3210 qui
1755 3114 1970 3206 iamuli,

2080 3114 2426 3221 suyvibpova;
2449 3144 2557 3199 τῶν
2574 3114 2906 3215 ’όμίοδούλων
2938 3114 3075 3211 cipe};
3110 3114 3381 3201 ἀπόδειξιν
3416 3136 3528 3207 ἔχει
3554 3137 3654 3205 τῆς

400 3229 696 3298 amicique,
730 3236 784 3282 et
828 3226 922 3282 Dei
964 3226 1059 3282 ﬁlii
1106 3229 1271 3283 sunt?
1306 3229 1517 3285 Etenim
1564 3232 1611 3288 is
1650 3233 1846 3300 honor,
1880 3235 1975 3304 qui

2077 3242 2214 3313 πρὸς
2247 3239 2336 3293 τὸν
2366 3237 2543 3293 κοινὸν
2574 3233 2854 3303 Δεσπότην
2889 3230 3124 3294 εὐνοίας.

398 3321 681 3378 conservis
716 3320 940 3390 optimis
970 3319 1226 3385 habetur,
1281 3324 1536 3392 propensi
1570 3338 1699 3394 erga
1729 3340 1974 3380 commu-
2070 3344 2073 3345 '

400 3428 524 3467 nem
554 3412 840 3465 Dominum
872 3410 1041 3465 animi
1071 3420 1450 3482 argumentum
1482 3423 1565 3470 est
1590 3416 1656 3469 θ’.

470 3503 637 3572 278
662 3501 727 3557 lli
781 3503 1160 3572 promptuaria
1198 3511 1261 3579 et
1308 3505 1511 3559 munda
1562 3505 1656 3560 Dei
1696 3506 1976 3562 domicilia

404 3594 548 3648 facta
580 3601 728 3657 sunt,
774 3594 901 3662 quia
934 3593 1194 3650 Dominus
1224 3596 1355 3651 dicit
1382 3615 1393 3651 :
1429 3595 1748 3652 Iuhabitabo
1772 3601 1823 3653 in
1843 3600 1975 3666 illis,

402 3695 452 3739 et
493 3684 854 3749 inambulabo,
889 3693 938 3739 et
972 3701 1060 3740 ero
1099 3686 1317 3740 illorum
1371 3687 1611 3744 Deus".
1650 3688 1809 3756 Quod
1848 3693 1974 3746 item

394 3775 667 3845 justorum
698 3775 890 3829 animo:
916 3776 972 3828 in
1006 3792 1168 3830 manu
1199 3777 1295 3832 Dei
1321 3780 1451 3845 sint,
1483 3795 1578 3833 nec
1606 3796 1750 3835 mors
1776 3797 1864 3835 eos
1895 3791 1979 3834 at-

2148 3502 2310 3562 Οὗτοι
2341 3505 2549 3574 ταμεῖα
2606 3499 2765 3565 Θεοῦ,
2814 3497 2908 3552 καὶ
2955 3494 3173 3565 καθαρὰ
3218 3492 3469 3563 γεγόνασι
3517 3507 3652 3545 κατ-

2079 3598 2326 3669 αγώγια·
2374 3594 2703 3660 Ἐνοικήσω
2757 3590 2867 3661 γὰρ
2916 3588 2987 3642 ἐν
3036 3585 3243 3652 αὐτοῖς
3287 3584 3385 3638 καὶ
3417 3584 3656 3654 ἐμπερι-

2078 3690 2354 3760 πατήσω,
2402 3687 2568 3757 φησὶν
2616 3686 2644 3738 6
2680 3683 2812 3746 Θεὸς
2832 3724 2846 3749 ,
2877 3680 2976 3736 καὶ
3013 3681 3225 3749 ἔσομαι
3256 3674 3456 3731 αὐτῶν
3486 3675 3650 3740 Θεός.

2080 3781 2202 3834 Ὅτι
2237 3779 2336 3849 μὲν
2369 3771 2461 3830 οὖν
2478 3773 2670 3844 ψυχαὶ
2702 3772 2946 3826 δικαίων
2981 3769 3052 3823 ἐν
3077 3769 3227 3837 χειρὶ
3257 3765 3429 3832 Θεοῦ,
3454 3764 3554 3819 καὶ
3581 3763 3653 3817 οὐ

396 3867 600 3935 tingat,
651 3862 878 3919 Litteris
913 3868 1090 3922 sacris
1123 3868 1400 3937 proditum
1430 3878 1515 3925 est
1542 3869 1615 3924 ”.
1650 3870 1798 3926 Mors
1830 3872 1975 3927 enim

2080 3871 2158 3940 μὴ
2184 3869 2411 3937 ἅψηται
2434 3864 2632 3920 αὐτῶν
2657 3865 2689 3917 ό
2718 3856 2998 3926 θάνατος,
3027 3859 3192 3928 φησὶν
3224 3857 3258 3927 ἡ
3292 3856 3413 3909 θεία
3440 3854 3648 3924 Γραφῇ.

403 3965 717 4009 sanctorum
767 3969 993 4008 somnus
1038 3958 1220 4025 potius
1269 3969 1354 4016 est
1391 3976 1555 4030 quam
1590 3977 1759 4018 mors.
1804 3962 1980 4018 Labo-

402 4050 651 4095 rarerunt
682 4040 854 4107 enim,
885 4041 940 4093 in
969 4041 1065 4094 Itoc
1095 4043 1316 4109 stt-culo,
1349 4056 1398 4098 et
1432 4047 1601 4101 vivent
1635 4049 1690 4101 in
1720 4049 1879 4117 ﬁnem
1909 4051 1976 4106 ".

404 4136 509 4188 lit:
543 4132 784 4187 Pretiosa
807 4134 864 4186 in
898 4141 1175 4202 conspectu
1220 4133 1457 4204 Domini,
1497 4154 1638 4193 mors
1673 4150 1979 4196 sanctorum

401 4225 515 4293 ejus
546 4225 613 4296 9’.
646 4223 788 4290 Quid
808 4232 957 4279 certe
982 4224 1285 4295 pretiosum
1312 4227 1508 4298 magis,
1535 4244 1700 4299 quam
1729 4231 1783 4285 in
1812 4248 1977 4289 manu

403 4316 498 4369 Dei
562 4315 720 4371 esse?
769 4314 914 4370 Deus
961 4316 1163 4387 quippe
1212 4317 1324 4372 vita
1366 4327 1421 4375 et
1471 4321 1561 4375 lux
1613 4331 1712 4378 est.
1768 4322 1846 4377 lta
1898 4325 1977 4393 ﬁt,

404 4419 464 4462 ut
495 4407 588 4478 qui
624 4408 679 4461 in
711 4422 876 4462 manu
908 4407 1005 4464 Dei
1056 4418 1204 4477 sunt,
1256 4410 1311 4465 in
1353 4411 1460 4464 vita
1507 4428 1728 4484 quoque
1766 4427 1823 4473 et
1858 4417 1978 4473 luce

403 4499 536 4555 sint.

472 4589 628 4654 Quod
673 4598 852 4643 autem
892 4598 947 4645 et
977 4605 1072 4660 per
1105 4600 1341 4646 mentem
1374 4592 1427 4645 in
1473 4592 1718 4662 ipsorum
1754 4609 1975 4665 quoque

404 4678 728 4747 corporibus
773 4678 916 4734 Deus
968 4680 1317 4747 habitaverit,
1358 4690 1593 4738 testatur
1626 4683 1969 4754 Apostolus:

402 4767 643 4823 Nescitis
667 4771 804 4840 quod
845 4786 1067 4839 corpora
1094 4776 1550 4845 vestra‘templum
1586 4786 1708 4830 sunt
1736 4776 1971 4847 Spiritus

401 4861 595 4924 sancti,
630 4863 717 4930 qui
744 4860 949 4916 habitat
982 4863 1037 4918 in
1068 4867 1213 4920 vobis
1242 4866 1322 4918 9"2
1356 4867 1615 4922 Dominus
1644 4879 1821 4923 autem
1844 4870 1967 4938 Spi-
2006 4860 2013 4863 ’

397 4954 540 5007 ritus
590 4964 665 5007 est
698 4952 862 5023 ".Et
894 4973 906 5008 :
935 4952 995 5009 Si
1043 4957 1161 5025 quis
1220 4958 1471 5027 templum
1513 4959 1611 5014 Dei
1673 4961 1970 5027 violaverit,

400 5045 664 5116 disperdet
690 5062 807 5101 eum
834 5045 973 5101 Deus
1013 5047 1079 5103 "'.
1113 5048 1221 5103 Cur
1253 5065 1381 5121 ergo
1412 5053 1669 5109 animatis
1712 5053 1805 5109 Dei
1836 5064 1974 5110 tem-

2091 3963 2148 4016 Ὀ
2182 3960 2411 4023 θάνατος
2444 3958 2552 4028 γὰρ
2589 3954 2698 4008 τῶν
2751 3950 2924 4022 ἁγίων
2976 3950 3143 4013 ὕπνος
3196 3947 3397 4019 μᾶλλόν
3441 3948 3587 3999 ἐστιν
3614 3944 3648 4014 ἢ

2080 4052 2327 4114 θάνατος.
2377 4047 2739 4102 Ἐκοπίασαν
2775 4043 2883 4113 γὰρ
2921 4042 3008 4106 εἰς
3062 4040 3168 4093 τὸν
3192 4037 3400 4101 αἰῶνα,
3438 4033 3652 4101 καὶζήο

2079 4159 2291 4198 σονται
2317 4142 2399 4205 εις
2432 4139 2627 4202 τέλος.
2650 4135 2760 4191 Καί
2784 4149 2800 4165 ’
2834 4133 3028 4202 Τίμιος
3066 4130 3350 4184 ἐναντίον
3370 4128 3590 4197 Κυρίου
3620 4128 3653 4179 ὁ

2078 4232 2333 4297 θάνατος
2374 4228 2491 4282 τῶν
2532 4227 2720 4280 ὁσίων
2744 4221 2951 4278 αὑτοῦ.
2985 4221 3050 4274 Τί
3090 4215 3183 4274 οὖν
3212 4217 3539 4289 τιμιώτερον
3559 4212 3653 4269 τοῦ

2079 4325 2136 4377 ἐν
2168 4320 2313 4393 χειρὶ
2346 4315 2485 4372 εἶναι
2503 4315 2675 4381 Θειοῦς
2709 4314 2831 4386 Ζωὴ
2858 4312 2966 4383 γάρ
2990 4314 3139 4365 ἐστιν
3166 4313 3194 4364 6
3217 4310 3372 4376 Θεὸς,
3390 4308 3487 4361 καὶ
3512 4305 3651 4375 φῶς,

2080 4417 2177 4470 καὶ
2222 4416 2271 4468 οἱ
2303 4415 2360 4465 ὲν
2415 4410 2556 4481 χειρὶ
2609 4406 2744 4461 Θεοῦ
2790 4407 2942 4469 ὄντες
2977 4408 3036 4458 ὲν
3071 4403 3183 4476 ζωῇ
3231 4403 3328 4457 καὶ
3365 4402 3507 4472 φωτὶ
3549 4401 3652 4454 ὐπ-

2080 4509 2362 4579 ἀρχουσιν.
3370 4563 3383 4568 _

2152 4601 2274 4652 Ὅτι
2302 4597 2361 4650 δὲ
2390 4597 2484 4650 καὶ
2530 4596 2619 4647 διὰ
2660 4591 2754 4645 τοῦ
2798 4588 2890 4642 νοῦ
2924 4588 3019 4640 καὶ
3035 4588 3152 4650 τοῖς
3194 4584 3445 4655 σώμασιν
3472 4580 3652 4637 αὐτῶν

2078 4692 2354 4762 ἐνῴκησεν
2381 4690 2409 4740 6
2437 4686 2568 4749 Θεὸς
2592 4725 2608 4751 ,
2636 4683 2802 4755 φησὶν
2828 4684 2856 4734 6
2895 4677 3219 4740 Ἀπόστολος
3241 4693 3255 4706 ·
3284 4677 3407 4729 Οὐκ
3452 4668 3651 4762 altiora

2077 4761 2167 4838 ὅτι
2211 4779 2283 4834 τὰ
2310 4777 2555 4847 σώματα
2600 4772 2770 4843 ὑμῶν
2815 4771 2962 4835 ναὸς
3012 4766 3119 4822 τοῦ
3174 4763 3549 4827 ἐνοικοῦντος
3583 4761 3659 4815 ἐν

2076 4872 2220 4944 ὑμῖν
2248 4871 2419 4939 ἁγίου
2475 4865 2823 4934 Πνεύματός
2864 4861 3070 4920 ἐστιν;
3109 4858 3172 4910 '0
3212 4854 3282 4910 se
3325 4856 3541 4922 Κύριος
3586 4850 3653 4944 τό

2080 4940 2324 5031 Πνεῦμά
2363 4960 2514 5014 ἐστι.
2544 4958 2685 5010 Καὶν
2722 4954 2796 5009 ΕΖ
2851 4970 2945 5018 τις
3000 4951 3108 5005 τὸν
3163 4947 3315 5002 ναὸν
3354 4944 3460 5001 τοῦ
3507 4940 3654 4998 Θεοῦ

2083 5057 2323 5127 φθείρει,
2366 5047 2570 5119 φθερεῖ
2593 5046 2811 5101 τοῦτον
2842 5046 2875 5097 ὀ
2907 5042 3072 5107 Θεός.
3100 5038 3233 5101 Πῶς,
3266 5031 3361 5090 οὖν
3397 5035 3457 5088 οὐ
3494 5049 3655 5103 τιμη·

465 5206 688 5279 ⁸³·Ιοεη.
724 5223 763 5268 ι.
796 5206 883 5262 l2.
937 5208 996 5279 _”
1027 5206 1203 5262 Galat.
1235 5226 1308 5276 IV,
1337 5212 1396 5278 7;
1438 5211 1599 5273 Rom.
1633 5231 1748 5277 vm,
1781 5219 1866 5271 l7.
1926 5218 1971 5251 ⁸⁸

2080 5181 2399 5279 ιη.ιν,ιι.
2471 5212 2517 5243 ιο
2552 5208 2684 5265 una.
2720 5204 2805 5259 ιδ.
2860 5201 2903 5233 οτ
2936 5190 3361 5279 Apoc-4.5.16.
3426 5189 3649 5279 uestitu.

402 5292 548 5349 sua,
581 5278 629 5332 i.
731 5276 975 5349 “Exod.
1007 5294 1088 5344 ιιι,
1130 5279 1182 5334 6.
1256 5283 1302 5315 ⁰⁰
1334 5276 1508 5339 Esod.
1563 5301 1658 5349 vn,
1726 5287 1777 5339 1.

403 5343 445 5396 ll
478 5346 610 5421 cur.
639 5348 843 5421 νικῷ.-
906 5348 952 5380 ⁸³
980 5343 1217 5421 δερκιιι,
1248 5352 1296 5406 1.
1370 5353 1415 5384 ⁸⁸
1452 5355 1594 5409 Psal.
1631 5343 1819 5419 simul,
1859 5356 2026 5421 9,10.

406 5428 485 5479 ιιι,
518 5418 602 5471 17.
698 5419 743 5451 ’⁸
771 5418 937 5474 lCor.
971 5435 1049 5484 ιιι,
1082 5419 1166 5473 17.

1880 5287 2119 5342 "Basil.
2183 5294 2323 5340 orat.
2386 5284 2441 5337 in
2507 5280 2577 5335 40
2631 5285 2862 5343 martyr.

2974 5261 3020 5301 "
3072 5261 3246 5323 Levit.
3316 5276 3463 5325 τινι,
3529 5261 3651 5324 12.;

2136 5331 2677 5417 ου”ῥὲξιί.’ἔινξί5.
2781 5331 2833 5374 ³⁸
2896 5342 2914 5393 l
2983 5338 3110 5392 Cor.
3145 5353 3225 5404 ιιι,
3263 5334 3316 5389 6.
3389 5331 3434 5364 "
3457 5331 3500 5386 ll
3524 5332 3651 5385 Cor.

1706 5572 1938 5628 VARle
1981 5569 2383 5628 LECTIONES.

483 5703 496 5743 ι
543 5701 705 5759 Deest
777 5708 1029 5781 Ἰωάννης
1088 5714 1144 5764 in
1214 5711 1402 5772 multis
1433 5710 1635 5778 codd.;
1669 5708 1909 5764 additum
1939 5716 2023 5764 est
2053 5707 2107 5762 in
2134 5721 2310 5777 marg.
2338 5704 2459 5761 cod.
2492 5704 2550 5758 δ.
2584 5702 2689 5756 Hil.
2770 5700 2784 5751 i
2832 5700 3086 5764 Deest-dic
3125 5699 3179 5754 in
3218 5698 3343 5755 cod.
3389 5694 3448 5752 8.
3485 5692 3599 5750 llil.
