4072 6146
437 325 577 393 1165

1489 323 1586 383 DE
1612 321 1790 381 FIDE
1819 319 2286 381 ORTHODOXA
2326 317 2473 378 LIB.
2507 308 2613 380 IV.

3547 309 3682 377 1166

434 441 557 489 τέον
587 431 698 502 (92)
721 430 850 495 τοὺς
877 429 1154 502 ἐμψύχους
1178 430 1339 495 ναοὺς
1378 430 1474 485 τοῦ
1508 432 1665 494 Θεοῦ,
1697 432 1765 486 τὰ
1797 431 2014 502 ἔμψυχα

2139 429 2247 491 ilis,
2285 427 2533 497 vivisque
2564 426 2685 496 ejus
2732 423 3104 479 tabernaculis
3147 423 3326 478 honor
3352 436 3460 476 non
3495 421 3567 476 sit
3592 424 3690 476 ad"

435 522 531 577 τοῦ
575 519 712 574 Θεοῦ
751 520 1086 591 σκηνώματα
1122 537 1137 587 ;
1171 515 1329 575 Οὗτοι
1385 519 1586 584 ζῶντες
1636 523 1696 574 ὲν
1728 522 2013 593 παρρησίᾳ

2139 520 2426 575 lihendus?
2460 519 2522 573 lli
2546 519 2691 574 'dum
2730 517 2977 573 viverent
3011 531 3135 572 cum
3178 515 3377 571 ﬁducia
3412 513 3522 570 Deo
3553 514 3688 568 asti~

433 613 515 687 τῷ
542 604 663 682 Θεῷ
703 613 1108 683 παρεστήκασι.

509 704 705 775 Πηγάς
756 705 889 775 ἡμῖν
948 703 1251 775 σωτηρίους
1291 705 1321 757 ὁ
1365 706 1644 775 Δεσπότης
1676 706 1907 777 Χριστὸς
1950 707 2017 761 τὰ

434 796 547 849 τῶν
580 796 753 863 ἁγίων
781 793 1091 865 παρέσχετο
1121 793 1353 864 λείψανα
1371 834 1386 859 ,
1426 795 1784 866 πολυτρόπως
1809 797 1906 860 τὰς
1931 799 2018 851 εύ-

2116 620 2300 667 tcrunt
2328 611 2396 665 θ’,

2187 702 2444 759 Christus
2485 701 2747 757 Dominus
2769 712 3092 758 sanctorum
3124 699 3381 769 reliquias
3419 699 3566 755 velut
3605 714 3695 754 sa-

2119 796 2327 852 lutares
2358 794 2539 850 fontes
2588 795 2839 864 praebuit,
2869 810 2937 849 ex
2972 793 3176 863 quibus
3207 792 3442 863 plurima
3479 790 3545 847 ad
3592 807 3692 848 nos

438 888 697 959 εργεσίας
740 885 1054 955 πηγάζοντα
1082 924 1098 950 ,
1129 884 1299 955 μύρον
1356 886 1584 948 εὐωδίας
1633 885 1867 958 βρύοντα
1888 903 1900 917 ο
1926 888 2018 942 καὶ

2139 888 2386 944 ›θηθίίοἰιι
2453 893 2725 952 manant,
2783 886 3286 954 suavissimumque
3350 890 3691 953 unguentum

443 977 634 1047 μηδεὶς
687 975 1005 1029 ἀπιστείτω.
1053 975 1115 1028 El
1154 975 1262 1047 γὰρ
1297 977 1354 1042 ἐξ
1414 977 1727 1048 ἀκροτόμου
1765 980 1858 1032 καὶ
1898 996 2019 1033 στε.

2121 982 2358 1053 proﬂuit.
2407 980 2518 1035 Nec
2558 981 2849 1050 quisquam
2900 979 2986 1033 his
3036 978 3196 1033 ﬁdem
3245 977 3516 1033 detrahat.
3559 976 3691 1030 Nam

443 1070 574 1139 ρεᾶς
632 1068 836 1139 πέτρας
871 1066 1017 1139 ὕδωρ
1060 1070 1119 1121 ὲν
1165 1069 1359 1140 ἐρήμῳ
1393 1071 1661 1141 ἐπήγασε,
1695 1070 2018 1141 βουλομένου

2139 1073 2165 1125 si
2206 1086 2347 1140 aqua
2387 1071 2440 1125 in
2469 1068 2688 1123 deserto
2719 1083 2787 1122 ex
2816 1083 3007 1137 aspera
3032 1077 3085 1122 et
3112 1067 3249 1121 dura
3282 1083 3420 1137 rupe
3450 1068 3492 1133 ί,
3532 1074 3698 1135 atque

442 1162 595 1226 Θεοῦ,
622 1163 717 1215 καὶ
744 1162 810 1215 ἐκ
834 1162 1080 1230 σιαγόνος
1103 1162 1225 1215 ὄνου
1243 1161 1378 1233 (92⁸)
1411 1161 1490 1233 τῷ
1513 1161 1751 1233 Σαμψὼν
1774 1162 2019 1232 διψῶντι,

2122 1177 2186 1217 ex
2225 1161 2362 1215 asini
2410 1161 2653 1223 maxilla,
2702 1160 2767 1212 ad
2816 1158 3115 1213 sedandam
3164 1156 3420 1211 Samsoni
3472 1157 3618 1211 sitim
3652 1156 3695 1219 ¹,

444 1257 509 1308 ἐκ
554 1252 909 1324 μαρτυρικῶν
942 1253 1211 1322 λειψάνων
1254 1253 1426 1325 μύρον
1476 1253 1675 1319 εὐῶδες
1702 1252 2023 1316 ἀναϐλύζειν

2139 1251 2233 1306 Deo
2266 1251 2339 1305 ita
2367 1250 2606 1313 volente,
2640 1248 2898 1318 prosiliit,
2940 1262 3039 1302 cur
3078 1246 3398 1301 incredibile
3448 1246 3700 1300 videatur

445 1345 700 1409 ἄπιστονς
746 1343 1035 1414 Οὐδαμῶς,
1066 1347 1180 1407 τοῖς
1206 1361 1285 1412 γε-
1322 1345 1487 1398 εἰδόσι
1511 1346 1610 1417 τὴν
1638 1344 1734 1398 τοῦ
1765 1345 1900 1399 Θεοῦ
1935 1344 2025 1398 δύ-

445 1451 629 1505 ναμιν,
658 1435 751 1487 καὶ
785 1435 886 1503 τὴν
919 1434 1028 1488 τῶν
1066 1433 1237 1503 ἁγίων
1264 1436 1396 1505 παρ’
1427 1435 1590 1489 αὐτοῦ
1623 1437 1790 1505 τιμήν
1824 1470 1833 1477 ι

534 1700 622 1752 Ἐν
652 1698 772 1768 τῷιι
797 1698 947 1767 νόμῳ
983 1698 1090 1761 πᾶς
1122 1698 1151 1749 ὁ
1187 1695 1498 1767 ἁπτόμενος
1541 1696 1737 1769 νεκροῦ
1782 1699 2028 1770 ἀκάθαρ-

2124 1358 2187 1398 ex
2228 1352 2531 1413 martyrum
2565 1340 2811 1410 reliquiis
2839 1355 3006 1396 suave
3035 1346 3373 1409 unguentum
3396 1337 3703 1395 scaturire?

2124 1433 2348 1488 Minime
2400 1440 2566 1496 certe,
2633 1428 2702 1486 iis
2747 1430 2968 1500 quidem
3022 1430 3225 1500 quibus
3286 1427 3380 1484 Dei
3436 1428 3699 1498 potentia,

2125 1534 2179 1580 et
2251 1525 2425 1581 honor
2476 1539 2586 1594 quo
2662 1529 2886 1578 sanctos
2953 1536 3085 1576 suos
3148 1519 3349 1588 allicit,
3423 1521 3701 1591 explorata

2130 1626 2280 1673 sunt.

2200 1708 2382 1763 Sancti
2432 1707 2654 1761 mortuis
2686 1721 2787 1759 non
2818 1704 3224 1758 annumerandi.
3274 1700 3456 1757 Totius
3486 1702 3706 1756 humani

451 1806 545 1853 τος
572 1788 963 1859 ἐχρημάτιζεν,
996 1787 1112 1842 ἀλλ’
1141 1789 1242 1858 οὑχ
1286 1783 1432 1842 οὗτοι
1459 1789 1662 1859 νεκροί.
1698 1783 1895 1858 Ἀφὀὗ
1919 1789 2028 1860 γὰρ

2139 1801 2335 1870 generis
2374 1798 2609 1867 patroni.
2653 1826 2701 1837 --
2742 1798 2800 1851 In
2825 1795 2944 1866 lege
2976 1796 3231 1864 quisquis
3265 1804 3543 1849 mortuum
3584 1794 3709 1847 teli-

453 1885 487 1951 ή
515 1880 784 1950 αὑτοζωὴ,
816 1882 845 1933 ὁ
869 1879 970 1949 τῆς
995 1880 1142 1949 ζωῆς
1179 1879 1375 1945 αῐτιος,
1402 1884 1464 1934 ἐν
1505 1883 1717 1950 νεκροῖς
1750 1880 2027 1951 ἐλογίσθη,

452 1974 582 2038 τοὺς
608 1975 695 2026 ἐπ’
724 1972 900 2027 ἐλπίδι
924 1973 1277 2037 ἀναστάσεως
1318 1974 1412 2026 καὶ
1441 1976 1507 2044 τῇ
1546 1975 1627 2035 είς
1659 1973 1820 2028 αὐτὸν
1849 1974 2030 2027 πίστει

456 2067 822 2138 κοιμηθέντας
844 2108 860 2130 ,
893 2067 957 2120 οὐ
1009 2067 1238 2135 νεκροὺς
1286 2066 1784 2137 προσαγορεύομεν.
1822 2067 2032 2137 Νεκρὸν

462 2159 565 2228 γὰρ
594 2157 756 2227 σῶμα
788 2156 905 2221 πῶς
942 2156 1382 2227 θαυματουργεῖν
1413 2157 1636 2211 δύναται
1658 2173 1672 2221 ;
1696 2157 1820 2221 Πῶς
1841 2141 2032 2210 οὖν.δι’

458 2248 640 2302 αὐτῶν
686 2248 940 2319 δαίμονες
967 2248 1386 2311 ἀπελαύνονται,
1414 2249 1562 2302 νόσοι
1619 2249 2031 2318 φυγαδεύονται,

459 2340 706 2404 ἀσθενεῖς
744 2339 1137 2412 θεραπεύονται
1160 2380 1175 2402 ,
1202 2339 1391 2407 τυφλοί⁵
1430 2339 1817 2403 ἀναϐλέπουσι,
1846 2341 2035 2412 λεπροὶ

461 2430 837 2503 καθαίρονται,
866 2431 1167 2501 πειρασμοὶ
1194 2430 1287 2483 καὶ
1330 2431 1476 2484 ἀνίαι
1510 2430 1749 2495 λύονται,
1779 2434 1927 2485 πᾶσα
1949 2432 2036 2486 δό-

465 2538 548 2584 σις
572 2520 750 2592 ἀγαθὴ
774 2521 839 2576 ὲκ
866 2520 962 2575 τοῦ
1006 2520 1219 2589 Πατρὸς
1245 2519 1353 2572 τῶν
1380 2519 1576 2588 φώτων
1600 2520 1668 2572 δι’
1710 2519 1888 2594 αύτῷν
1922 2523 2037 2582 τοῖς

464 2612 768 2681 ἀδιστάκτῳ
797 2612 977 2665 πίστει
1008 2609 1220 2665 αἰτοῦσι
1251 2611 1494 2677 κάτεισι;
1535 2609 1684 2664 Πόσα
1713 2610 1780 2664 ἂν
1808 2610 2035 2682 ἔκαμες,

467 2702 554 2757 ἵνα
586 2701 896 2772 προστάτην
935 2701 1102 2774 εὕρῃς
1132 2701 1312 2772 θνητῷ
1341 2718 1400 2755 σε
1434 2701 1648 2772 βασιλεῖ
1668 2704 2035 2774 προσάγοντα,

467 2794 562 2848 καὶ
586 2794 727 2863 ὑπὲρ
755 2793 848 2845 σοῦ
893 2792 1028 2862 πρὸς
1069 2793 1232 2848 αὑτὸν
1276 2794 1404 2855 τοὺς
1446 2793 1640 2861 λόγους
1687 2798 2038 2864 ποιούμενον;

470 2885 609 2946 Τοὺς
662 2879 756 2937 οὖν
805 2885 1112 2952 προστάτας
1147 2882 1241 2936 τοῦ
1293 2883 1482 2951 γένους
1536 2885 1775 2948 παντὸς,
1803 2888 1930 2949 τοὺς
1967 2878 2044 2956 τῷ

470 2973 588 3043 Θεῷ
623 2974 761 3043 ὑπὲρ
792 2972 950 3043 ήμῶν
970 2974 1069 3035 τὰς
1092 2973 1362 3038 ἐντεύξεις
1390 2976 1765 3045 ποιουμένους,
1796 2977 1858 3029 οὐ
1883 2993 2046 3047 τιμη-

2133 1889 2642 1961 gerat,immundus
2673 1887 2995 1942 censebatur
3011 1885 3051 1940 '.
3081 1885 3278 1940 Verum
3303 1884 3358 1939 hi
3380 1886 3433 1939 in
3464 1895 3707 1938 mortuo-

2133 1998 2253 2035 rum
2303 1993 2532 2034 numero
2583 1977 2822 2033 habendi
2857 1990 2967 2030 non
3001 1984 3151 2030 sunt.
3186 1974 3265 2029 Ex
3300 1988 3409 2043 quo
3442 1973 3586 2029 enim
3620 1974 3709 2028 ille

2134 2072 2229 2142 qui
2259 2072 2375 2140 ipsa
2411 2070 2517 2122 vita
2545 2078 2649 2133 est,
2691 2075 2744 2121 et
2784 2066 2910 2121 vitae
2947 2072 3143 2120 auctor
3171 2065 3315 2119 inter
3345 2075 3593 2133 mortuos
3615 2065 3711 2119 de-

2136 2167 2359 2232 putatus
2381 2166 2466 2212 est
2494 2176 2505 2209 :
2540 2172 2633 2211 eos
2664 2155 2758 2224 qui
2792 2169 2916 2209 cum
2968 2168 3065 2222 spe
3098 2152 3543 2217 resurrectionis,
3585 2152 3712 2206 iide-

2137 2267 2244 2321 que
2276 2252 2330 2304 in
2366 2249 2568 2319 ipsum,
2595 2246 3030 2309 obdormierunt,
3070 2258 3417 2314 nequaquam
3465 2251 3711 2298 mortuos

2139 2340 2495 2412 appellamus.
2555 2336 2660 2403 Qui
2718 2334 2864 2391 enim
2951 2348 3155 2404 corpus
3228 2333 3490 2387 miracula
3552 2331 3716 2391 edere

2141 2431 2343 2503 queat?
2374 2429 2621 2498 Quanam
2656 2428 2821 2498 igitur
2852 2426 3068 2482 ratione
3096 2425 3291 2481 horum
3317 2438 3481 2495 Opera
3521 2424 3715 2479 daamoc

2143 2540 2239 2578 nes
2262 2522 2634 2592 expelluntur,
2670 2519 2844 2573 morbi
2874 2516 3255 2589 proﬂigantur,
3286 2517 3477 2586 aegroti
3511 2531 3714 2571 sanan-

2140 2627 2253 2679 tur,
2288 2615 2414 2671 caeci
2447 2615 2624 2669 visum
2653 2611 2943 2681 recipiunt,
2976 2609 3169 2679 leprosi
3198 2608 3553 2673 mundantur,
3588 2618 3709 2661 ten-

2145 2710 2379 2763 lationes
2418 2721 2482 2760 ac
2535 2714 2824 2769 mmrores‘,
2878 2716 3036 2755 omne
3087 2700 3275 2755 datum
3325 2699 3616 2771 optimum,
3651 2698 3717 2764 iis

2145 2802 2237 2870 qui
2297 2800 2399 2853 lide
2447 2813 2556 2851 non
2613 2795 2778 2850 dubia
2823 2794 3124 2863 postulant,
3164 2808 3264 2864 per
3300 2806 3396 2847 eos
3436 2791 3730 2875 descendit,

2147 2912 2176 2948 a
2214 2894 2373 2947 Patre
2402 2893 2667 2946 luminum
2701 2889 2742 2944 ι.
2777 2889 2917 2957 Quid
2946 2889 3153 2945 laboris
3177 2904 3284 2943 non
3321 2887 3617 2956 suscipias,
3660 2893 3718 2941 ut

2149 2995 2436 3055 patronum
2474 2982 2833 3042 nanciscaris,
2862 2982 2957 3050 qui
3007 2989 3060 3036 te
3108 2981 3326 3035 mortali
3367 2981 3468 3050 ‘egi
3504 2978 3716 3041 oﬂ‘erat,

472 3066 627 3132 τέον;
656 3066 765 3118 Ναὶ
798 3066 903 3136 μὴν
944 3065 1200 3136 τιμητέον
1219 3063 1262 3133 ἲ,
1287 3067 1450 3129 ναοὺς
1488 3067 1801 3135 ἐγείροντας
1829 3067 1909 3138 τῷ
1928 3068 2036 3139 θεῖε

2148 3085 2205 3131 et
2235 3090 2333 3145 pro
2369 3086 2423 3129 te
2451 3076 2516 3128 ad
2543 3088 2667 3129 eum
2696 3075 2859 3129 verba
2900 3072 3101 3128 faciat?
3127 3073 3323 3126 Annon
3354 3072 3519 3141 igitur
3550 3070 3588 3124 ii
3619 3071 3719 3125 ho-

475 3157 568 3209 ἐπὶ
588 3156 668 3227 τῷ
698 3156 903 3211 τούτων
941 3157 1202 3236 ὀνόματι,
1236 3159 1616 3229 καρποφορίας
1644 3161 2042 3232 προσάγοντας,

475 3250 572 3309 τὰς
602 3248 806 3302 τούτων
847 3249 1071 3319 μνήμας
1108 3249 1466 3319 γεραίροντας
1491 3250 1615 3313 ,καὶ
1644 3252 1703 3302 ὲν
1732 3250 1920 3312 αὐταῖς
1958 3252 2046 3303 εὐ-

475 3340 872 3411 φραινομένους
922 3341 1334 3411 πνευματικῶς,
1371 3342 1458 3395 ίνα
1510 3341 1688 3395 οίκεία
1741 3342 1850 3394 τῶν
1911 3359 2045 3411 συγ-

477 3433 785 3486 καλούντων
822 3435 855 3503 ή
882 3433 1189 3504 εὐφροσύνη
1225 3434 1475 3504 γένηται,
1499 3435 1587 3488 ἵνα
1621 3434 1695 3505 μή
1722 3434 2046 3505 θεραπεύειν

478 3523 827 3596 πειρώμενοι,
872 3524 1179 3594 τοῦμπαλιν
1211 3527 1408 3590 αὐτοὺς
1462 3526 1906 3598 παροργίσωμεν.
1952 3522 2048 3591 Οἷς

483 3617 582 3687 μὲν
620 3617 729 3687 γὰρ
756 3616 889 3680 Θεὸς
918 3616 1303 3689 θεραπεύεται.
1347 3620 1442 3673 καὶ
1474 3621 1525 3672 οἰ
1556 3618 1744 3673 τούτου
1778 3618 2049 3689 θεράπον·

480 3725 571 3770 τες
598 3708 1065 3781 εὐφρανθήσονται
1107 3726 1120 3739 ·
1152 3703 1235 3772 οἷς
1282 3709 1338 3762 δὲ
1375 3709 1724 3781 προσοχθίζει
1770 3709 1923 3774 Θεὸς,
1954 3700 2050 3765 καὶ

481 3801 530 3853 οἱ
550 3800 739 3853 τούτου
784 3800 1200 3871 προσοχθιοῦσιν
1259 3801 1616 3857 ὑπασπισταί.
1672 3802 1760 3857 Ἐν
1789 3802 2046 3874 ψαλμοῖς,

2152 3165 2406 3230 uorandi,
2437 3166 2533 3236 qui
2584 3165 2752 3218 totius
2796 3163 3015 3233 generis
3064 3163 3287 3217 humani
3323 3161 3536 3229 patroni
3567 3167 3716 3225 sunt,

2151 3256 2371 3327 Deoque
2400 3273 2500 3327 pro
2544 3257 2701 3312 nobis
2743 3257 3020 3327 supplices
3055 3268 3249 3324 preces
3282 3251 3576 3305 adhibent?
3611 3248 3722 3304 Ho-

2153 3348 2406 3412 norandi,
2438 3358 2622 3412 certe;
2658 3354 2711 3400 et
2741 3345 2964 3416 quidem
3000 3345 3075 3397 ita
3105 3350 3165 3396 ut
3195 3340 3248 3395 in
3280 3355 3470 3396 eorum
3501 3339 3722 3394 nomine

2153 3440 2353 3508 templa
2384 3439 2496 3494 Deo
2515 3447 2887 3501 exstruamus,
2912 3436 3052 3490 dona
3073 3434 3390 3497 offeramus,
3423 3432 3722 3488 memorias

2153 3547 2346 3587 eorum
2377 3532 2643 3595 colamus,
2673 3535 2835 3598 atque
2865 3530 2919 3582 in
2971 3528 3038 3581 iis
3081 3526 3446 3596 spiritualiter
3484 3526 3722 3579 oblecte-

2148 3638 2273 3677 mur
2304 3644 2315 3677 :
2349 3637 2412 3677 ea
2448 3621 2638 3690 utique
2669 3620 2877 3684 laetitia,
2911 3633 3031 3689 quae
3060 3619 3167 3673 illis
3205 3617 3442 3671 arrideat
3474 3615 3639 3687 279
3692 3630 3722 3670 a

2149 3712 2350 3782 quibus
2381 3713 2682 3766 invitamur
2705 3724 2791 3775 ne,
2814 3708 2944 3763 dum
2968 3708 3233 3763 demereri
3264 3707 3383 3762 illos
3410 3707 3723 3761 studemus'

2154 3803 2495 3859 offendamus
2517 3802 2696 3873 potius
2725 3808 2780 3856 et
2811 3800 3115 3854 irritemus.
3149 3798 3360 3863 Quibus
3386 3797 3531 3852 enim
3559 3796 3727 3851 rebus

554 3975 597 4005 δι’
638 3976 816 4035 Aster.
848 3975 1006 4031 "om.
1049 3976 1109 4029 in
1135 3976 1234 4030 SS.
1277 3986 1435 4031 lnart.
1520 3978 1535 4007 ¹
1567 3976 1734 4032 Exod.
1780 3972 1910 4041 xvu,
1944 3978 1997 4033 6.

2139 3974 2311 4032 ludic.
2338 3995 2429 4045 xv,
2457 3980 2538 4033 l7.
2628 3979 2647 4009 ⁸
2673 3977 2835 4034 Νυιη.
2872 3993 2988 4044 xu,
3030 3934 3115 4030 Η..
3199 3975 3220 4006 ⁸
3244 3976 3361 4032 Jac.
3391 3970 3545 4041 1,17,

1763 4130 1996 4187 VARIE
2029 4132 2430 4192 LECTIONES.

555 4219 577 4257 ¹ί
605 4220 758 4275 Edita
786 4222 879 4274 καὶ
917 4222 975 4275 ἐν
1002 4219 1100 4291 τῷ.
1184 4218 1201 4258 ι
1238 4217 1360 4274 llaec
1390 4234 1492 4273 vox
1530 4222 1583 4274 in
1610 4222 1776 4277 editis
1798 4223 2011 4277 deerat.

1993 4375 2228 4433 NOTAE.

556 4488 664 4567 (92)
709 4486 841 4567 Ιζῷς
870 4482 1090 4567 οὗνῇού
1141 4485 1434 4567 τιμητέον.
1466 4485 1746 4567 ϐυςμειςθο
1798 4488 2050 4541 animatis
2085 4470 2129 4522 θ
2158 4505 2369 4567 necnon
2424 4505 2533 4567 una
2563 4504 2695 4545 voce
2720 4497 2816 4567 3m
2838 4488 3019 4567 Laelii,
3053 4489 3107 4544 id
3141 4497 3231 4567 est
3268 4491 3518 4546 maxilla.
3569 4489 3728 4567 unde

484 4556 582 4613 Dei
610 4556 955 4627 lémplis,etc.
983 4556 1257 4627 Solemnis
1286 4571 1503 4626 semper
1533 4556 1634 4611 fuit
1668 4556 1864 4617 honos.
1887 4573 2051 4627 quem

483 4630 669 4685 ﬁdeles
713 4626 1027 4695 Sanctorum
1074 4626 1327 4695 reliquiis
1356 4635 1418 4695 et
1454 4628 1736 4681 memoriis
1761 4626 2045 4691 adhibent,

483 4700 851 4769 nequidquam
884 4694 1288 4769 refragantibus
1316 4694 1630 4751 Manichzeis
1666 4704 1731 4769 et
1758 4696 2052 4769 Eunomia-

481 4765 592 4830 nis',
629 4765 766 4836 ques
795 4765 854 4819 S.
878 4765 1125 4820 Asterius
1160 4766 1464 4836 Amasenus
1495 4773 1632 4820 orat.
1664 4767 1718 4820 iu
1753 4766 1853 4820 SS.
1888 4775 2046 4820 mart.

483 4832 694 4894 erudite
734 4837 983 4900 vellicat;
1018 4844 1074 4888 ut
1110 4840 1163 4889 et
1207 4832 1559 4904 Vigilantium
1594 4838 1789 4889 horum
1819 4838 2047 4889 annilla-

480 4915 655 4963 torem
676 4905 1043 4976 Hieronymus
1064 4905 1162 4976 lib.
1191 4903 1335 4976 cont.
1368 4905 1552 4976 ips.et
1575 4906 1736 4974 epist.
1764 4907 1828 4958 ad
1861 4903 2048 4974 Ripar.

483 4977 806 5032 Damasceni
856 4975 1011 5046 aetate
1041 4975 1442 5046 Constantinus
1470 4975 1874 5046 Copronymus,
1913 4983 1969 5027 ut
1993 4975 2048 5028 in

483 5056 797 5103 sanctorum
840 5045 1127 5114 imagines,
1160 5046 1233 5098 ita
1261 5052 1313 5098 et
1355 5045 1411 5098 in
1439 5058 1628 5114 eorum
1662 5045 1925 5114 reliquias
1949 5058 2050 5114 sae-

482 5118 682 5172 viebat.
717 5114 852 5170 Vide
884 5113 1129 5184 Theoph.
1177 5115 1242 5168 ad
1286 5129 1412 5167 auu.
1448 5113 1520 5176 26
1552 5114 1694 5169 illius
1733 5113 1929 5184 imper.
1971 5113 2046 5167 De

482 5188 694 5241 honore
733 5187 827 5255 qui
876 5183 1200 5255 corporibus
1229 5192 1555 5255 sanctorum
1575 5185 1798 5255 debetur
1820 5183 2047 5253 ,‘legen-

483 5259 586 5311 dus
634 5265 720 5311 est
745 5252 1102 5310 doctissimus
1130 5254 1386 5310 Petavius
1422 5264 1461 5309 t.
1487 5252 1555 5307 ιν
1580 5252 1842 5324 Theolog.
1861 5252 2042 5324 dogm.

484 5326 580 5379 l-ib.
614 5342 725 5390 xiv,
753 5340 873 5394 cap.
904 5325 971 5379 10
992 5334 1046 5377 et
1071 5340 1227 5395 seqq.

554 5395 690 5464 (92‘)
731 5393 840 5448 Καὶ
863 5395 932 5447 ἐκ
960 5393 1241 5463 σιαγόπος
1271 5393 1434 5449 ὄνου.
1476 5393 1638 5463 Atque
1664 5408 1731 5448 ea:
1762 5394 1900 5448 asini
1937 5411 2054 5447 ma-

480 5467 639 5529 xilla,
685 5474 792 5520 etc.
829 5464 927 5516 llic
953 5464 1207 5518 monendi
1252 5465 1595 5518 occasionem
1647 5480 1806 5518 sumo
1834 5503 1848 5528 ,
1876 5466 2050 5519 locum

482 5539 539 5587 in
595 5550 707 5603 quo
765 5535 996 5603 Samson
1030 5534 1198 5603 mille
1244 5532 1592 5603 Philisthaeos
1630 5534 1769 5588 asini
1832 5536 2051 5587 maxilla

486 5601 808 5671 prostravit,
840 5601 1107 5656 chraice
1129 5603 1334 5656 dictum
1376 5613 1461 5658 est
1488 5602 1670 5658 Judic.
1697 5619 1785 5669 xv,
1819 5602 1882 5655 l7
1909 5622 1921 5657 :
1949 5612 2053 5663 inn

482 5674 607 5759 51:1
647 5692 873 5755 Ramath
918 5689 1110 5758 Lechi,
1165 5707 1219 5765 (ι.
1262 5693 1315 5747 d.
1367 5694 1739 5765 projectiouem
1786 5695 2024 5751 maxilla:

2158 4560 2358 4616 Noster
2399 4560 2602 4629 aliique
2647 4559 2855 4627 opinati
2901 4568 3067 4622 sunt,
3097 4574 3162 4629 ex
3217 4561 3449 4629 ipsumet
3506 4563 3727 4620 maxilla

2158 4644 2328 4697 aquas
2360 4630 2415 4682 in
2446 4627 2525 4683 os’
2548 4627 2832 4682 Samsonis
2856 4629 3093 4684 sitientis
3124 4627 3380 4696 ﬂuxisse;
3406 4646 3531 4687 cum
3579 4632 3730 4687 Scri-

2156 4708 2316 4770 ptura
2337 4698 2549 4770 diserte
2568 4697 2850 4770 signiﬁcet
2870 4699 3075 4753 fontem
3099 4700 3194 4770 qui
3221 4701 3273 4754 in
3292 4698 3448 4755 Lechi
3470 4704 3728 4769 manavit,

2156 4767 2221 4822 ad
2246 4769 2571 4823 hodiernum
2596 4784 2771 4840 usque
2800 4767 2951 4840 diem
2972 4767 3343 4840 perseverare,
3371 4767 3732 4840 appellatum;

2154 4854 2261 4909 que
2282 4854 2404 4894 esse
2425 4845 2568 4923 ship
2601 4846 2684 4926 py
2710 4837 2906 4905 fontem
2936 4839 3246 4894 inuocantis.
3274 4837 3732 4912 Unde—Josephus

2156 4932 2252 4986 lib.
2276 4947 2309 4984 v
2342 4931 2472 4985 Ant.
2516 4945 2644 5002 cap.
2698 4930 2785 5002 1,0,
2828 4932 2911 4986 sic
2938 4947 3050 4986 rem
3079 4938 3287 5002 gestam
3315 4934 3508 4989 refert.
3541 4952 3556 4989 :
3593 4933 3730 4988 Deus

2155 5003 2332 5073 itaque
2381 5000 2622 5073 precibus
2648 5072 2653 5073 ί
2674 5001 2795 5073 ejus
2848 5000 3139 5073 exoratus,
3178 5004 3361 5073 πηγὴν
3399 5005 3730 5073 κατάητινος

2156 5070 2362 5142 πέτρας
2395 5070 2606 5142 ἀνίησιν
2633 5070 2814 5141 ήδεεαν
2852 5072 2945 5142 καὶ
2972 5071 3191 5142 πολλὴν.
3224 5070 3346 5126 ὅθεν
3373 5073 3401 5142 6.
3424 5070 3730 5142 Σαμψώνης

2153 5140 2338 5195 ἐκάλει
2362 5140 2422 5194 τὸ
2453 5140 2676 5212 χωρίον,
2714 5141 2966 5212 σιαγόνα,
2997 5157 3062 5195 ea:
3081 5140 3229 5212 petra
3256 5140 3489 5210 quadam
3515 5140 3729 5194 suavem

2154 5208 2686 5281 largumquefontem
2727 5208 2928 5281 eduagit,
2966 5208 3101 5265 unde
3132 5208 3558 5281 Samsontucum
3592 5213 3731 5264 hunc

2137 5272 2477 5349 nun'cupa'vit,
2492 5272 2812 5335 Mamilium.
2837 5272 3131 5350 Josephus,
3164 5283 3263 5349 pro
3279 5272 3514 5350 Hebraeo
3525 5288 3726 5350 tDl'DD.

2156 5348 2359 5421 petram
2416 5353 2595 5421 posuit
2629 5370 2641 5405 :
2683 5350 2842 5419 Vulg.
2880 5348 3130 5421 interpr.
3167 5348 3446 5421 molarem
3499 5349 3726 5421 dentem.

2160 5416 2297 5478 LXX
2324 5416 2761 5489 sic—verterunt;
2794 5416 2901 5471 Kal.
2935 5416 3159 5489 ἔρρηξεν
3187 5420 3215 5489 ό
3243 5417 3374 5489 Θεὸς
3400 5417 3491 5469 τὸν
3530 5416 3731 5471 λάκκον

2155 5495 2245 5546 τὸν
2273 5496 2329 5544 ὲν
2353 5494 2421 5562 τῇ
2447 5491 2679 5558 σιαγόνι.
2710 5487 2851 5542 Deus
2874 5486 3143 5555 erumpere
3172 5486 3293 5554 fecit
3325 5490 3509 5562 lacum,
3533 5488 3624 5558 qui
3652 5496 3731 5542 est

2156 5586 2209 5636 in
2244 5583 2502 5709 mf‘tirilla;
2533 5584 2584 5637 id
2612 5588 2719 5643 ,εει
2743 5582 2797 5633 in
2824 5580 2945 5635 loco
2978 5578 3069 5654 qui
3108 5578 3290 5641 dictus
3311 5586 3400 5635 est
3439 5561 3532 5642 τι·ιὸ
3573 5579 3730 5646 tedii,

2156 5670 2299 5709 max:
2348 5670 2401 5709 α.

2156 5670 2401 5713 maxum.
