  <div class='ocr_page' id='page_1' title='image "/cluster/home/n/w/nwhite01/storage/ocr_20150623/94/mdp.39015008918610/592.png"; bbox 0 0 4072 6146; ppageno 0'>
   <div class='ocr_carea' id='block_1_1' title="bbox 427 349 564 417">
    <p class='ocr_par' dir='ltr' id='par_1_1' title="bbox 427 349 564 417">
     <span class='ocr_line' id='line_1_1' title="bbox 427 349 564 417; baseline -0.022 0"><span class='ocrx_word' id='word_1_1' title='bbox 427 349 564 417; x_wconf 77' lang='grc'>1169</span> 
     </span>
    </p>
   </div>
   <div class='ocr_carea' id='block_1_2' title="bbox 1487 345 2620 411">
    <p class='ocr_par' dir='ltr' id='par_1_2' title="bbox 1487 345 2620 411">
     <span class='ocr_line' id='line_1_2' title="bbox 1487 345 2620 411; baseline -0.004 0"><span class='ocrx_word' id='word_1_2' title='bbox 1487 351 1582 410; x_wconf 88' lang='lat' dir='ltr'><strong>DE</strong></span> <span class='ocrx_word' id='word_1_3' title='bbox 1618 352 1795 411; x_wconf 74' lang='lat' dir='ltr'><strong>FIDE</strong></span> <span class='ocrx_word' id='word_1_4' title='bbox 1833 346 2297 409; x_wconf 74' lang='lat' dir='ltr'><strong>ORTHODUXA</strong></span> <span class='ocrx_word' id='word_1_5' title='bbox 2336 345 2480 405; x_wconf 79' lang='lat' dir='ltr'><strong>LIB.</strong></span> <span class='ocrx_word' id='word_1_6' title='bbox 2526 347 2620 407; x_wconf 88' lang='lat' dir='ltr'><strong>IV.</strong></span> 
     </span>
    </p>
   </div>
   <div class='ocr_carea' id='block_1_3' title="bbox 3544 343 3681 409">
    <p class='ocr_par' dir='ltr' id='par_1_3' title="bbox 3544 343 3681 409">
     <span class='ocr_line' id='line_1_3' title="bbox 3544 343 3681 409; baseline 0 -3"><span class='ocrx_word' id='word_1_7' title='bbox 3544 343 3681 409; x_wconf 83' lang='grc'>1170</span> 
     </span>
    </p>
   </div>
   <div class='ocr_carea' id='block_1_4' title="bbox 422 455 2008 535">
    <p class='ocr_par' dir='ltr' id='par_1_4' title="bbox 422 461 1995 535">
     <span class='ocr_line' id='line_1_4' title="bbox 422 461 1995 535; baseline -0.003 -17"><span class='ocrx_word' id='word_1_8' title='bbox 422 461 646 518; x_wconf 84' lang='grc' dir='ltr'>κυνοῦσί</span> <span class='ocrx_word' id='word_1_9' title='bbox 674 479 733 515; x_wconf 82' lang='grc' dir='ltr'><strong>τε</strong></span> <span class='ocrx_word' id='word_1_10' title='bbox 766 462 862 515; x_wconf 72' lang='grc' dir='ltr'>καὶ</span> <span class='ocrx_word' id='word_1_11' title='bbox 891 461 1094 531; x_wconf 85' lang='grc' dir='ltr'>τιμῶσι</span> <span class='ocrx_word' id='word_1_12' title='bbox 1131 462 1228 531; x_wconf 85' lang='grc' dir='ltr'>τήν</span> <span class='ocrx_word' id='word_1_13' title='bbox 1260 479 1319 514; x_wconf 87' lang='grc' dir='ltr'><strong>τε</strong></span> <span class='ocrx_word' id='word_1_14' title='bbox 1358 463 1451 515; x_wconf 89' lang='grc' dir='ltr'><strong>τοῦ</strong></span> <span class='ocrx_word' id='word_1_15' title='bbox 1488 463 1741 535; x_wconf 81' lang='grc' dir='ltr'><strong>Σωτῆρος</strong></span> <span class='ocrx_word' id='word_1_16' title='bbox 1776 463 1871 515; x_wconf 72' lang='grc' dir='ltr'>καὶ</span> <span class='ocrx_word' id='word_1_17' title='bbox 1898 462 1995 530; x_wconf 85' lang='grc' dir='ltr'>τῆς</span> 
     </span>
    </p>
   </div>
   <div class='ocr_carea' id='block_1_5' title="bbox 2099 455 3677 535">
    <p class='ocr_par' dir='ltr' id='par_1_5' title="bbox 2099 455 3677 528">
     <span class='ocr_line' id='line_1_5' title="bbox 2099 455 3677 528; baseline 0.003 -17"><span class='ocrx_word' id='word_1_18' title='bbox 2099 459 2242 512; x_wconf 90' lang='lat' dir='ltr'><strong>niam</strong></span> <span class='ocrx_word' id='word_1_19' title='bbox 2274 466 2455 512; x_wconf 86' lang='lat' dir='ltr'><strong>autem</strong></span> <span class='ocrx_word' id='word_1_20' title='bbox 2485 456 2707 526; x_wconf 89' lang='lat' dir='ltr'><strong>quidam</strong></span> <span class='ocrx_word' id='word_1_21' title='bbox 2733 471 2833 512; x_wconf 90' lang='lat' dir='ltr'><strong>nos</strong></span> <span class='ocrx_word' id='word_1_22' title='bbox 2864 456 3107 527; x_wconf 80' lang='lat' dir='ltr'><strong>culpant,</strong></span> <span class='ocrx_word' id='word_1_23' title='bbox 3155 455 3304 528; x_wconf 85' lang='lat' dir='ltr'><strong>quod</strong></span> <span class='ocrx_word' id='word_1_24' title='bbox 3344 458 3677 525; x_wconf 83' lang='lat' dir='ltr'><strong>Salvatoris,</strong></span> 
     </span>
    </p>
   </div>
   <div class='ocr_carea' id='block_1_6' title="bbox 420 552 1990 624">
    <p class='ocr_par' dir='ltr' id='par_1_6' title="bbox 420 552 1990 624">
     <span class='ocr_line' id='line_1_6' title="bbox 420 552 1990 624; baseline -0.003 -15"><span class='ocrx_word' id='word_1_25' title='bbox 420 552 722 624; x_wconf 76' lang='grc' dir='ltr'><strong>Δεσποίνης</strong></span> <span class='ocrx_word' id='word_1_26' title='bbox 778 553 937 622; x_wconf 79' lang='grc' dir='ltr'>ἡμῶν</span> <span class='ocrx_word' id='word_1_27' title='bbox 992 553 1208 617; x_wconf 77' lang='grc' dir='ltr'><strong>εἰκόνα,</strong></span> <span class='ocrx_word' id='word_1_28' title='bbox 1255 552 1334 604; x_wconf 81' lang='grc' dir='ltr'>ἔτι</span> <span class='ocrx_word' id='word_1_29' title='bbox 1385 553 1442 605; x_wconf 84' lang='grc' dir='ltr'>δὲ</span> <span class='ocrx_word' id='word_1_30' title='bbox 1500 554 1594 606; x_wconf 80' lang='grc' dir='ltr'><strong>καὶ</strong></span> <span class='ocrx_word' id='word_1_31' title='bbox 1641 554 1751 606; x_wconf 84' lang='grc' dir='ltr'>τῶν</span> <span class='ocrx_word' id='word_1_32' title='bbox 1790 552 1990 605; x_wconf 81' lang='grc' dir='ltr'>λοιπῶν</span> 
     </span>
    </p>
   </div>
   <div class='ocr_carea' id='block_1_7' title="bbox 422 641 1992 713">
    <p class='ocr_par' dir='ltr' id='par_1_7' title="bbox 422 641 1992 713">
     <span class='ocr_line' id='line_1_7' title="bbox 422 641 1992 713; baseline -0.003 -15"><span class='ocrx_word' id='word_1_33' title='bbox 422 645 593 712; x_wconf 80' lang='grc' dir='ltr'><strong>ἁγίων</strong></span> <span class='ocrx_word' id='word_1_34' title='bbox 642 644 738 697; x_wconf 73' lang='grc' dir='ltr'>καὶ</span> <span class='ocrx_word' id='word_1_35' title='bbox 774 642 1122 713; x_wconf 82' lang='grc' dir='ltr'><strong>θεραπόντων</strong></span> <span class='ocrx_word' id='word_1_36' title='bbox 1148 641 1407 712; x_wconf 76' lang='grc' dir='ltr'><strong>Χριστοῦ,</strong></span> <span class='ocrx_word' id='word_1_37' title='bbox 1445 642 1795 696; x_wconf 81' lang='grc' dir='ltr'>ἁκουέτωσαν</span> <span class='ocrx_word' id='word_1_38' title='bbox 1828 643 1903 704; x_wconf 82' lang='grc' dir='ltr'>ὡς</span> <span class='ocrx_word' id='word_1_39' title='bbox 1932 641 1992 706; x_wconf 78' lang='grc' dir='ltr'><strong>ἐξ</strong></span> 
     </span>
    </p>
   </div>
   <div class='ocr_carea' id='block_1_8' title="bbox 420 732 1990 806">
    <p class='ocr_par' dir='ltr' id='par_1_8' title="bbox 420 732 1990 806">
     <span class='ocr_line' id='line_1_8' title="bbox 420 732 1990 806; baseline -0.003 -18"><span class='ocrx_word' id='word_1_40' title='bbox 420 735 600 806; x_wconf 77' lang='grc' dir='ltr'>ἀρχῆς</span> <span class='ocrx_word' id='word_1_41' title='bbox 635 736 663 787; x_wconf 85' lang='grc' dir='ltr'>ὁ</span> <span class='ocrx_word' id='word_1_42' title='bbox 706 734 841 794; x_wconf 85' lang='grc' dir='ltr'><strong>Θεὸς</strong></span> <span class='ocrx_word' id='word_1_43' title='bbox 894 734 988 786; x_wconf 81' lang='grc' dir='ltr'>τὸν</span> <span class='ocrx_word' id='word_1_44' title='bbox 1043 732 1328 803; x_wconf 85' lang='grc' dir='ltr'>ἄνθρωπον</span> <span class='ocrx_word' id='word_1_45' title='bbox 1373 732 1493 785; x_wconf 83' lang='grc' dir='ltr'>κατ’</span> <span class='ocrx_word' id='word_1_46' title='bbox 1544 733 1753 785; x_wconf 76' lang='grc' dir='ltr'><strong>οἰκείαν</strong></span> <span class='ocrx_word' id='word_1_47' title='bbox 1806 732 1990 785; x_wconf 80' lang='grc' dir='ltr'><strong>εἰκόνα.</strong></span> 
     </span>
    </p>
   </div>
   <div class='ocr_carea' id='block_1_9' title="bbox 418 820 1989 896">
    <p class='ocr_par' dir='ltr' id='par_1_9' title="bbox 418 820 1989 896">
     <span class='ocr_line' id='line_1_9' title="bbox 418 820 1989 896; baseline -0.003 -17"><span class='ocrx_word' id='word_1_48' title='bbox 418 826 665 896; x_wconf 79' lang='grc' dir='ltr'>ἐποίησε.</span> <span class='ocrx_word' id='word_1_49' title='bbox 699 825 857 888; x_wconf 82' lang='grc' dir='ltr'>Τίνος</span> <span class='ocrx_word' id='word_1_50' title='bbox 882 820 975 877; x_wconf 79' lang='grc' dir='ltr'>οὖν</span> <span class='ocrx_word' id='word_1_51' title='bbox 1007 823 1195 876; x_wconf 84' lang='grc' dir='ltr'>’ἐνεκεν</span> <span class='ocrx_word' id='word_1_52' title='bbox 1226 823 1477 892; x_wconf 83' lang='grc' dir='ltr'>ἀλλήλοις</span> <span class='ocrx_word' id='word_1_53' title='bbox 1499 833 1521 860; x_wconf 86' lang='grc' dir='ltr'>ι’</span> <span class='ocrx_word' id='word_1_54' title='bbox 1556 823 1989 894; x_wconf 81' lang='grc' dir='ltr'>προσκυνοῦμεν,</span> 
     </span>
    </p>
   </div>
   <div class='ocr_carea' id='block_1_10' title="bbox 419 913 1992 987">
    <p class='ocr_par' dir='ltr' id='par_1_10' title="bbox 419 913 1992 987">
     <span class='ocr_line' id='line_1_10' title="bbox 419 913 1992 987; baseline -0.001 -18"><span class='ocrx_word' id='word_1_55' title='bbox 419 920 469 970; x_wconf 78' lang='grc' dir='ltr'>εἰ</span> <span class='ocrx_word' id='word_1_56' title='bbox 500 917 575 987; x_wconf 83' lang='grc' dir='ltr'>μὴ</span> <span class='ocrx_word' id='word_1_57' title='bbox 614 916 689 979; x_wconf 86' lang='grc' dir='ltr'><strong>ὡς</strong></span> <span class='ocrx_word' id='word_1_58' title='bbox 727 916 848 969; x_wconf 87' lang='grc' dir='ltr'>κατ’</span> <span class='ocrx_word' id='word_1_59' title='bbox 889 914 1074 967; x_wconf 90' lang='grc' dir='ltr'>είκόνα</span> <span class='ocrx_word' id='word_1_60' title='bbox 1115 913 1251 966; x_wconf 81' lang='grc' dir='ltr'>Θεοῦ</span> <span class='ocrx_word' id='word_1_61' title='bbox 1298 914 1725 984; x_wconf 84' lang='grc' dir='ltr'>πεποιημένοις;</span> <span class='ocrx_word' id='word_1_62' title='bbox 1770 915 1855 978; x_wconf 84' lang='grc' dir='ltr'>Ὠς</span> <span class='ocrx_word' id='word_1_63' title='bbox 1883 916 1992 983; x_wconf 84' lang='grc' dir='ltr'>γάρ</span> 
     </span>
    </p>
   </div>
   <div class='ocr_carea' id='block_1_11' title="bbox 422 1003 1991 1075">
    <p class='ocr_par' dir='ltr' id='par_1_11' title="bbox 422 1003 1991 1075">
     <span class='ocr_line' id='line_1_11' title="bbox 422 1003 1991 1075; baseline 0 -18"><span class='ocrx_word' id='word_1_64' title='bbox 422 1022 589 1075; x_wconf 86' lang='grc' dir='ltr'>φησιν</span> <span class='ocrx_word' id='word_1_65' title='bbox 618 1009 648 1058; x_wconf 80' lang='grc' dir='ltr'><strong><em>ὁ</em></strong></span> <span class='ocrx_word' id='word_1_66' title='bbox 679 1004 940 1075; x_wconf 82' lang='grc' dir='ltr'>οεηγόρος</span> <span class='ocrx_word' id='word_1_67' title='bbox 963 1015 984 1042; x_wconf 75' lang='grc'>⁸</span> <span class='ocrx_word' id='word_1_68' title='bbox 1037 1004 1132 1057; x_wconf 81' lang='grc' dir='ltr'><strong>καὶ</strong></span> <span class='ocrx_word' id='word_1_69' title='bbox 1169 1004 1336 1067; x_wconf 83' lang='grc' dir='ltr'>πολὺς</span> <span class='ocrx_word' id='word_1_70' title='bbox 1379 1005 1446 1058; x_wconf 82' lang='grc' dir='ltr'><strong>τὰ</strong></span> <span class='ocrx_word' id='word_1_71' title='bbox 1476 1004 1594 1057; x_wconf 85' lang='grc' dir='ltr'>θεῖα</span> <span class='ocrx_word' id='word_1_72' title='bbox 1619 1003 1923 1068; x_wconf 80' lang='grc' dir='ltr'>Βασίλειος,</span> <span class='ocrx_word' id='word_1_73' title='bbox 1958 1004 1991 1073; x_wconf 85' lang='grc' dir='ltr'><strong>ἡ</strong></span> 
     </span>
    </p>
   </div>
   <div class='ocr_carea' id='block_1_12' title="bbox 418 1094 1989 1166">
    <p class='ocr_par' dir='ltr' id='par_1_12' title="bbox 418 1094 1989 1166">
     <span class='ocr_line' id='line_1_12' title="bbox 418 1094 1989 1166; baseline -0.001 -18"><span class='ocrx_word' id='word_1_74' title='bbox 418 1097 521 1166; x_wconf 85' lang='grc' dir='ltr'>τῆς</span> <span class='ocrx_word' id='word_1_75' title='bbox 560 1097 769 1158; x_wconf 80' lang='grc' dir='ltr'>εἰκόνος</span> <span class='ocrx_word' id='word_1_76' title='bbox 804 1096 939 1165; x_wconf 85' lang='grc' dir='ltr'>τιμὴ</span> <span class='ocrx_word' id='word_1_77' title='bbox 981 1095 1074 1148; x_wconf 73' lang='grc' dir='ltr'><strong>ἐπὶ</strong></span> <span class='ocrx_word' id='word_1_78' title='bbox 1124 1095 1215 1148; x_wconf 76' lang='grc' dir='ltr'>τὸν</span> <span class='ocrx_word' id='word_1_79' title='bbox 1270 1095 1628 1164; x_wconf 85' lang='grc' dir='ltr'>πρωτότυπον</span> <span class='ocrx_word' id='word_1_80' title='bbox 1677 1094 1943 1148; x_wconf 78' lang='grc' dir='ltr'>διαϐαίνει</span> <span class='ocrx_word' id='word_1_81' title='bbox 1975 1112 1989 1126; x_wconf 76' lang='grc' dir='ltr'><strong>ο</strong></span> 
     </span>
    </p>
   </div>
   <div class='ocr_carea' id='block_1_13' title="bbox 422 1182 1993 1258">
    <p class='ocr_par' dir='ltr' id='par_1_13' title="bbox 422 1182 1993 1258">
     <span class='ocr_line' id='line_1_13' title="bbox 422 1182 1993 1258; baseline -0.001 -19"><span class='ocrx_word' id='word_1_82' title='bbox 422 1187 781 1258; x_wconf 85' lang='grc' dir='ltr'>πρωτότυπον</span> <span class='ocrx_word' id='word_1_83' title='bbox 831 1187 888 1239; x_wconf 81' lang='grc' dir='ltr'><strong>δέ</strong></span> <span class='ocrx_word' id='word_1_84' title='bbox 946 1189 1062 1239; x_wconf 80' lang='grc' dir='ltr'>ἐστι</span> <span class='ocrx_word' id='word_1_85' title='bbox 1117 1187 1176 1240; x_wconf 82' lang='grc' dir='ltr'>τὸ</span> <span class='ocrx_word' id='word_1_86' title='bbox 1226 1187 1659 1254; x_wconf 79' lang='grc' dir='ltr'>εἰκονιζόμενον,</span> <span class='ocrx_word' id='word_1_87' title='bbox 1707 1185 1767 1251; x_wconf 77' lang='grc' dir='ltr'><strong>ἐξ</strong></span> <span class='ocrx_word' id='word_1_88' title='bbox 1815 1182 1876 1242; x_wconf 78' lang='grc' dir='ltr'><strong>οῦ</strong></span> <span class='ocrx_word' id='word_1_89' title='bbox 1931 1185 1993 1238; x_wconf 84' lang='grc' dir='ltr'>τὸ</span> 
     </span>
    </p>
   </div>
   <div class='ocr_carea' id='block_1_14' title="bbox 421 1276 2013 1353">
    <p class='ocr_par' dir='ltr' id='par_1_14' title="bbox 421 1276 2013 1353">
     <span class='ocr_line' id='line_1_14' title="bbox 421 1276 2013 1353; baseline -0.001 -23"><span class='ocrx_word' id='word_1_90' title='bbox 421 1278 758 1348; x_wconf 84' lang='grc' dir='ltr'>παράγωγον</span> <span class='ocrx_word' id='word_1_91' title='bbox 793 1277 1027 1345; x_wconf 84' lang='grc' dir='ltr'>γίνεται.</span> <span class='ocrx_word' id='word_1_92' title='bbox 1065 1277 1221 1340; x_wconf 77' lang='grc' dir='ltr'>Τίνος</span> <span class='ocrx_word' id='word_1_93' title='bbox 1255 1277 1442 1331; x_wconf 78' lang='grc' dir='ltr'>ἕνεκεν</span> <span class='ocrx_word' id='word_1_94' title='bbox 1469 1281 1497 1331; x_wconf 85' lang='grc' dir='ltr'>ὁ</span> <span class='ocrx_word' id='word_1_95' title='bbox 1536 1277 1830 1341; x_wconf 82' lang='grc' dir='ltr'>Μωσαῖκὸς</span> <span class='ocrx_word' id='word_1_96' title='bbox 1863 1276 2013 1353; x_wconf 31' lang='grc' dir='ltr'>λαὸς,</span> 
     </span>
    </p>
   </div>
   <div class='ocr_carea' id='block_1_15' title="bbox 419 1367 1992 1440">
    <p class='ocr_par' dir='ltr' id='par_1_15' title="bbox 419 1367 1992 1440">
     <span class='ocr_line' id='line_1_15' title="bbox 419 1367 1992 1440; baseline -0.002 -18"><span class='ocrx_word' id='word_1_97' title='bbox 419 1373 486 1440; x_wconf 80' lang='grc' dir='ltr'>τῇ</span> <span class='ocrx_word' id='word_1_98' title='bbox 522 1371 697 1440; x_wconf 82' lang='grc' dir='ltr'>σκηνῇ</span> <span class='ocrx_word' id='word_1_99' title='bbox 745 1368 1024 1422; x_wconf 75' lang='grc' dir='ltr'>κύκλωθεν</span> <span class='ocrx_word' id='word_1_100' title='bbox 1068 1367 1395 1439; x_wconf 82' lang='grc' dir='ltr'>προσεκύνει</span> <span class='ocrx_word' id='word_1_101' title='bbox 1421 1408 1436 1432; x_wconf 84' lang='grc'><strong>,</strong></span> <span class='ocrx_word' id='word_1_102' title='bbox 1478 1368 1663 1421; x_wconf 84' lang='grc' dir='ltr'>εἰκόνα</span> <span class='ocrx_word' id='word_1_103' title='bbox 1700 1368 1795 1421; x_wconf 78' lang='grc' dir='ltr'>καὶ</span> <span class='ocrx_word' id='word_1_104' title='bbox 1823 1368 1992 1420; x_wconf 85' lang='grc' dir='ltr'>τύπον</span> 
     </span>
    </p>
   </div>
   <div class='ocr_carea' id='block_1_16' title="bbox 423 1457 1988 1532">
    <p class='ocr_par' dir='ltr' id='par_1_16' title="bbox 423 1457 1988 1532">
     <span class='ocr_line' id='line_1_16' title="bbox 423 1457 1988 1532; baseline 0 -22"><span class='ocrx_word' id='word_1_105' title='bbox 423 1458 664 1532; x_wconf 81' lang='grc' dir='ltr'>φερούσῃ</span> <span class='ocrx_word' id='word_1_106' title='bbox 692 1457 800 1511; x_wconf 84' lang='grc' dir='ltr'>τῶν</span> <span class='ocrx_word' id='word_1_107' title='bbox 824 1458 1111 1526; x_wconf 79' lang='grc' dir='ltr'>οὐρανίων.</span> <span class='ocrx_word' id='word_1_108' title='bbox 1150 1457 1352 1527; x_wconf 80' lang='grc' dir='ltr'>μᾶλλον</span> <span class='ocrx_word' id='word_1_109' title='bbox 1372 1458 1429 1510; x_wconf 81' lang='grc' dir='ltr'>δὲ</span> <span class='ocrx_word' id='word_1_110' title='bbox 1450 1459 1552 1527; x_wconf 84' lang='grc' dir='ltr'>τῆς</span> <span class='ocrx_word' id='word_1_111' title='bbox 1570 1458 1698 1528; x_wconf 83' lang='grc' dir='ltr'><strong>ὅλης</strong></span> <span class='ocrx_word' id='word_1_112' title='bbox 1728 1457 1988 1523; x_wconf 83' lang='grc' dir='ltr'>κτίσεως;</span> 
     </span>
    </p>
   </div>
   <div class='ocr_carea' id='block_1_17' title="bbox 420 1546 1987 1618">
    <p class='ocr_par' dir='ltr' id='par_1_17' title="bbox 420 1546 1987 1618">
     <span class='ocr_line' id='line_1_17' title="bbox 420 1546 1987 1618; baseline 0 -18"><span class='ocrx_word' id='word_1_113' title='bbox 420 1549 560 1618; x_wconf 75' lang='grc' dir='ltr'>Φησὶ</span> <span class='ocrx_word' id='word_1_114' title='bbox 588 1547 719 1616; x_wconf 86' lang='grc' dir='ltr'>γοῦν</span> <span class='ocrx_word' id='word_1_115' title='bbox 772 1550 801 1600; x_wconf 85' lang='grc' dir='ltr'><strong>ὁ</strong></span> <span class='ocrx_word' id='word_1_116' title='bbox 833 1548 966 1610; x_wconf 81' lang='grc' dir='ltr'>Θεὸς</span> <span class='ocrx_word' id='word_1_117' title='bbox 994 1546 1073 1617; x_wconf 80' lang='grc' dir='ltr'>τῷ</span> <span class='ocrx_word' id='word_1_118' title='bbox 1119 1548 1329 1618; x_wconf 79' lang='grc' dir='ltr'><strong>Μωῦσῇ</strong></span> <span class='ocrx_word' id='word_1_119' title='bbox 1356 1560 1372 1577; x_wconf 82' lang='lat'><strong><em>°</em></strong></span> <span class='ocrx_word' id='word_1_120' title='bbox 1421 1548 1568 1614; x_wconf 80' lang='grc' dir='ltr'>Ὅρα</span> <span class='ocrx_word' id='word_1_121' title='bbox 1589 1587 1604 1613; x_wconf 92' lang='grc'><strong>,</strong></span> <span class='ocrx_word' id='word_1_122' title='bbox 1662 1547 1941 1611; x_wconf 76' lang='grc' dir='ltr'>ποιήσεις</span> <span class='ocrx_word' id='word_1_123' title='bbox 1966 1547 1987 1584; x_wconf 72' lang='grc'>⁸</span> 
     </span>
    </p>
   </div>
   <div class='ocr_carea' id='block_1_18' title="bbox 422 1637 1992 1707">
    <p class='ocr_par' dir='ltr' id='par_1_18' title="bbox 422 1637 1992 1707">
     <span class='ocr_line' id='line_1_18' title="bbox 422 1637 1992 1707; baseline -0.001 -14"><span class='ocrx_word' id='word_1_124' title='bbox 422 1641 619 1694; x_wconf 75' lang='grc' dir='ltr'>πάντα</span> <span class='ocrx_word' id='word_1_125' title='bbox 664 1639 813 1693; x_wconf 79' lang='grc' dir='ltr'>κατὰ</span> <span class='ocrx_word' id='word_1_126' title='bbox 858 1639 965 1693; x_wconf 81' lang='grc' dir='ltr'><strong>τὸν</strong></span> <span class='ocrx_word' id='word_1_127' title='bbox 996 1640 1190 1692; x_wconf 74' lang='grc' dir='ltr'>τύπον</span> <span class='ocrx_word' id='word_1_128' title='bbox 1216 1638 1326 1691; x_wconf 77' lang='grc' dir='ltr'><strong>τὸν</strong></span> <span class='ocrx_word' id='word_1_129' title='bbox 1350 1637 1663 1707; x_wconf 83' lang='grc' dir='ltr'><strong>δειχθέντα</strong></span> <span class='ocrx_word' id='word_1_130' title='bbox 1689 1654 1790 1693; x_wconf 85' lang='grc' dir='ltr'><strong>σοι</strong></span> <span class='ocrx_word' id='word_1_131' title='bbox 1818 1639 1887 1693; x_wconf 79' lang='grc' dir='ltr'><strong>ἐν</strong></span> <span class='ocrx_word' id='word_1_132' title='bbox 1912 1638 1992 1703; x_wconf 84' lang='grc' dir='ltr'>τῷ</span> 
     </span>
    </p>
   </div>
   <div class='ocr_carea' id='block_1_19' title="bbox 423 1731 1989 1804">
    <p class='ocr_par' dir='ltr' id='par_1_19' title="bbox 423 1731 1989 1804">
     <span class='ocr_line' id='line_1_19' title="bbox 423 1731 1989 1804; baseline -0.001 -18"><span class='ocrx_word' id='word_1_133' title='bbox 423 1736 566 1802; x_wconf 80' lang='grc' dir='ltr'>ὄρει.</span> <span class='ocrx_word' id='word_1_134' title='bbox 606 1733 718 1786; x_wconf 73' lang='grc' dir='ltr'><strong>Καὶ</strong></span> <span class='ocrx_word' id='word_1_135' title='bbox 746 1732 814 1786; x_wconf 86' lang='grc' dir='ltr'>τὰ</span> <span class='ocrx_word' id='word_1_136' title='bbox 845 1734 1128 1804; x_wconf 71' lang='grc' dir='ltr'>Χερουϐὶμ</span> <span class='ocrx_word' id='word_1_137' title='bbox 1156 1733 1212 1785; x_wconf 79' lang='grc' dir='ltr'><strong>δὲ</strong></span> <span class='ocrx_word' id='word_1_138' title='bbox 1238 1731 1307 1785; x_wconf 85' lang='grc' dir='ltr'><strong>τὰ</strong></span> <span class='ocrx_word' id='word_1_139' title='bbox 1349 1731 1642 1794; x_wconf 76' lang='grc' dir='ltr'>σκιάζοντα</span> <span class='ocrx_word' id='word_1_140' title='bbox 1675 1732 1734 1785; x_wconf 87' lang='grc' dir='ltr'>τὸ</span> <span class='ocrx_word' id='word_1_141' title='bbox 1763 1731 1989 1802; x_wconf 84' lang='grc' dir='ltr'>ἱλαστή-</span> 
     </span>
    </p>
   </div>
   <div class='ocr_carea' id='block_1_20' title="bbox 2098 547 3679 617">
    <p class='ocr_par' dir='ltr' id='par_1_20' title="bbox 2098 547 3679 617">
     <span class='ocr_line' id='line_1_20' title="bbox 2098 547 3679 617; baseline 0.003 -14"><span class='ocrx_word' id='word_1_142' title='bbox 2098 557 2152 603; x_wconf 84' lang='lat' dir='ltr'><strong>et</strong></span> <span class='ocrx_word' id='word_1_143' title='bbox 2202 548 2445 603; x_wconf 69' lang='lat' dir='ltr'><strong>Dominm</strong></span> <span class='ocrx_word' id='word_1_144' title='bbox 2490 556 2713 612; x_wconf 69' lang='lat' dir='ltr'><strong>nostrae,</strong></span> <span class='ocrx_word' id='word_1_145' title='bbox 2760 547 3211 617; x_wconf 87' lang='lat' dir='ltr'><strong>reliquorumque</strong></span> <span class='ocrx_word' id='word_1_146' title='bbox 3259 559 3576 606; x_wconf 89' lang='lat' dir='ltr'><strong>sanctorum</strong></span> <span class='ocrx_word' id='word_1_147' title='bbox 3614 568 3679 607; x_wconf 88' lang='lat' dir='ltr'><strong>ae</strong></span> 
     </span>
    </p>
   </div>
   <div class='ocr_carea' id='block_1_21' title="bbox 2098 637 3769 711">
    <p class='ocr_par' dir='ltr' id='par_1_21' title="bbox 2098 637 3769 711">
     <span class='ocr_line' id='line_1_21' title="bbox 2098 637 3769 711; baseline 0.002 -19"><span class='ocrx_word' id='word_1_148' title='bbox 2098 638 2301 692; x_wconf 75' lang='lat' dir='ltr'><strong>Christi</strong></span> <span class='ocrx_word' id='word_1_149' title='bbox 2353 652 2636 693; x_wconf 88' lang='lat' dir='ltr'><strong>servorum</strong></span> <span class='ocrx_word' id='word_1_150' title='bbox 2695 638 2965 706; x_wconf 86' lang='lat' dir='ltr'><strong>imagines</strong></span> <span class='ocrx_word' id='word_1_151' title='bbox 3017 637 3311 697; x_wconf 81' lang='lat' dir='ltr'><strong>adoramus</strong></span> <span class='ocrx_word' id='word_1_152' title='bbox 3348 651 3401 697; x_wconf 91' lang='lat' dir='ltr'><strong>et</strong></span> <span class='ocrx_word' id='word_1_153' title='bbox 3446 658 3681 697; x_wconf 81' lang='lat' dir='ltr'><strong>venera-</strong></span> <span class='ocrx_word' id='word_1_154' title='bbox 3766 708 3769 711; x_wconf 22' lang='grc' dir='ltr'><strong><em>ν</em></strong></span> 
     </span>
    </p>
   </div>
   <div class='ocr_carea' id='block_1_22' title="bbox 2102 728 3739 799">
    <p class='ocr_par' dir='ltr' id='par_1_22' title="bbox 2102 728 3739 799">
     <span class='ocr_line' id='line_1_22' title="bbox 2102 728 3739 799; baseline 0.002 -17"><span class='ocrx_word' id='word_1_155' title='bbox 2102 745 2256 796; x_wconf 90' lang='lat' dir='ltr'><strong>mur;</strong></span> <span class='ocrx_word' id='word_1_156' title='bbox 2291 730 2517 783; x_wconf 83' lang='lat' dir='ltr'><strong>audiant</strong></span> <span class='ocrx_word' id='word_1_157' title='bbox 2554 728 2717 783; x_wconf 84' lang='lat' dir='ltr'><strong>velim</strong></span> <span class='ocrx_word' id='word_1_158' title='bbox 2758 729 2903 799; x_wconf 89' lang='lat' dir='ltr'><strong>quod</strong></span> <span class='ocrx_word' id='word_1_159' title='bbox 2936 728 3081 783; x_wconf 84' lang='lat' dir='ltr'><strong>Deus</strong></span> <span class='ocrx_word' id='word_1_160' title='bbox 3112 730 3181 784; x_wconf 90' lang='lat' dir='ltr'><strong>ab</strong></span> <span class='ocrx_word' id='word_1_161' title='bbox 3211 732 3366 787; x_wconf 90' lang='lat' dir='ltr'><strong>initio</strong></span> <span class='ocrx_word' id='word_1_162' title='bbox 3402 732 3739 788; x_wconf 36' lang='lat' dir='ltr'><strong>hominem».</strong></span> 
     </span>
    </p>
   </div>
   <div class='ocr_carea' id='block_1_23' title="bbox 2101 820 3680 893">
    <p class='ocr_par' dir='ltr' id='par_1_23' title="bbox 2101 820 3680 893">
     <span class='ocr_line' id='line_1_23' title="bbox 2101 820 3680 893; baseline 0.002 -20"><span class='ocrx_word' id='word_1_163' title='bbox 2101 823 2167 876; x_wconf 89' lang='lat' dir='ltr'><strong>ad</strong></span> <span class='ocrx_word' id='word_1_164' title='bbox 2219 821 2511 891; x_wconf 88' lang='lat' dir='ltr'><strong>imaginein</strong></span> <span class='ocrx_word' id='word_1_165' title='bbox 2557 836 2710 875; x_wconf 90' lang='lat' dir='ltr'><strong>suam</strong></span> <span class='ocrx_word' id='word_1_166' title='bbox 2742 820 2937 875; x_wconf 78' lang='lat' dir='ltr'><strong>fecerit</strong></span> <span class='ocrx_word' id='word_1_167' title='bbox 2969 821 3035 877; x_wconf 79' lang='lat'><strong>“.</strong></span> <span class='ocrx_word' id='word_1_168' title='bbox 3073 822 3238 892; x_wconf 77' lang='lat'><strong>280</strong></span> <span class='ocrx_word' id='word_1_169' title='bbox 3264 822 3368 888; x_wconf 85' lang='lat' dir='ltr'><strong>Qui</strong></span> <span class='ocrx_word' id='word_1_170' title='bbox 3408 823 3465 878; x_wconf 80' lang='lat' dir='ltr'><strong>iit</strong></span> <span class='ocrx_word' id='word_1_171' title='bbox 3509 825 3680 893; x_wconf 83' lang='lat' dir='ltr'><strong>igitur</strong></span> 
     </span>
    </p>
   </div>
   <div class='ocr_carea' id='block_1_24' title="bbox 2103 910 3675 984">
    <p class='ocr_par' dir='ltr' id='par_1_24' title="bbox 2103 910 3675 984">
     <span class='ocr_line' id='line_1_24' title="bbox 2103 910 3675 984; baseline 0 -19"><span class='ocrx_word' id='word_1_172' title='bbox 2103 921 2158 965; x_wconf 80' lang='grc' dir='ltr'><strong>ιιι</strong></span> <span class='ocrx_word' id='word_1_173' title='bbox 2197 912 2288 965; x_wconf 88' lang='lat' dir='ltr'><strong>alii</strong></span> <span class='ocrx_word' id='word_1_174' title='bbox 2324 913 2461 966; x_wconf 88' lang='lat' dir='ltr'><strong>alios</strong></span> <span class='ocrx_word' id='word_1_175' title='bbox 2494 912 2809 974; x_wconf 84' lang='lat' dir='ltr'><strong>adoremus,</strong></span> <span class='ocrx_word' id='word_1_176' title='bbox 2846 910 2955 964; x_wconf 86' lang='lat' dir='ltr'><strong>nisi</strong></span> <span class='ocrx_word' id='word_1_177' title='bbox 2987 913 3114 980; x_wconf 82' lang='lat' dir='ltr'><strong>quia</strong></span> <span class='ocrx_word' id='word_1_178' title='bbox 3152 913 3219 965; x_wconf 87' lang='lat' dir='ltr'><strong>ad</strong></span> <span class='ocrx_word' id='word_1_179' title='bbox 3253 914 3345 968; x_wconf 87' lang='lat' dir='ltr'><strong>Dei</strong></span> <span class='ocrx_word' id='word_1_180' title='bbox 3380 914 3675 984; x_wconf 79' lang='lat' dir='ltr'><strong>imaginem</strong></span> 
     </span>
    </p>
   </div>
   <div class='ocr_carea' id='block_1_25' title="bbox 2101 1001 3680 1061">
    <p class='ocr_par' dir='ltr' id='par_1_25' title="bbox 2101 1001 3680 1061">
     <span class='ocr_line' id='line_1_25' title="bbox 2101 1001 3680 1061; baseline 0.004 -6"><span class='ocrx_word' id='word_1_181' title='bbox 2101 1001 2229 1056; x_wconf 80' lang='lat' dir='ltr'><strong>facti</strong></span> <span class='ocrx_word' id='word_1_182' title='bbox 2261 1002 2496 1056; x_wconf 86' lang='lat' dir='ltr'><strong>sumus?</strong></span> <span class='ocrx_word' id='word_1_183' title='bbox 2524 1001 2678 1061; x_wconf 86' lang='lat' dir='ltr'><strong>Nam,</strong></span> <span class='ocrx_word' id='word_1_184' title='bbox 2715 1010 2774 1053; x_wconf 91' lang='lat' dir='ltr'><strong>ut</strong></span> <span class='ocrx_word' id='word_1_185' title='bbox 2801 1002 2891 1054; x_wconf 89' lang='lat' dir='ltr'><strong>ille</strong></span> <span class='ocrx_word' id='word_1_186' title='bbox 2913 1016 3096 1055; x_wconf 90' lang='lat' dir='ltr'><strong>rerum</strong></span> <span class='ocrx_word' id='word_1_187' title='bbox 3127 1002 3436 1058; x_wconf 88' lang='lat' dir='ltr'><strong>divinarum</strong></span> <span class='ocrx_word' id='word_1_188' title='bbox 3472 1006 3680 1061; x_wconf 87' lang='lat' dir='ltr'><strong>doetis-</strong></span> 
     </span>
    </p>
   </div>
   <div class='ocr_carea' id='block_1_26' title="bbox 2101 1090 3677 1163">
    <p class='ocr_par' dir='ltr' id='par_1_26' title="bbox 2101 1090 3677 1163">
     <span class='ocr_line' id='line_1_26' title="bbox 2101 1090 3677 1163; baseline 0.002 -15"><span class='ocrx_word' id='word_1_189' title='bbox 2101 1093 2276 1148; x_wconf 88' lang='lat' dir='ltr'><strong>simus</strong></span> <span class='ocrx_word' id='word_1_190' title='bbox 2326 1093 2599 1161; x_wconf 73' lang='lat' dir='ltr'><strong>interpres</strong></span> <span class='ocrx_word' id='word_1_191' title='bbox 2649 1090 2884 1145; x_wconf 86' lang='lat' dir='ltr'><strong>Basilius</strong></span> <span class='ocrx_word' id='word_1_192' title='bbox 2913 1092 2988 1145; x_wconf 89' lang='lat' dir='ltr'><strong>ait</strong></span> <span class='ocrx_word' id='word_1_193' title='bbox 3017 1110 3031 1146; x_wconf 90' lang='lat'><strong>:</strong></span> <span class='ocrx_word' id='word_1_194' title='bbox 3071 1110 3090 1144; x_wconf 81' lang='grc' dir='ltr'><strong>ι</strong></span> <span class='ocrx_word' id='word_1_195' title='bbox 3127 1093 3381 1163; x_wconf 77' lang='lat' dir='ltr'><strong>imaginis</strong></span> <span class='ocrx_word' id='word_1_196' title='bbox 3406 1095 3583 1149; x_wconf 89' lang='lat' dir='ltr'><strong>honor</strong></span> <span class='ocrx_word' id='word_1_197' title='bbox 3609 1096 3677 1151; x_wconf 86' lang='lat' dir='ltr'><strong>ad</strong></span> 
     </span>
    </p>
   </div>
   <div class='ocr_carea' id='block_1_27' title="bbox 2099 1182 3679 1258">
    <p class='ocr_par' dir='ltr' id='par_1_27' title="bbox 2099 1182 3679 1258">
     <span class='ocr_line' id='line_1_27' title="bbox 2099 1182 3679 1258; baseline 0.004 -20"><span class='ocrx_word' id='word_1_198' title='bbox 2099 1184 2377 1253; x_wconf 76' lang='lat' dir='ltr'><strong>exemplar</strong></span> <span class='ocrx_word' id='word_1_199' title='bbox 2407 1182 2690 1237; x_wconf 73' lang='lat' dir='ltr'><strong>transit”.</strong></span> <span class='ocrx_word' id='word_1_200' title='bbox 2730 1201 2748 1233; x_wconf 76' lang='grc' dir='ltr'><strong>ι</strong></span> <span class='ocrx_word' id='word_1_201' title='bbox 2792 1182 3079 1253; x_wconf 80' lang='lat' dir='ltr'><strong>Exemplar</strong></span> <span class='ocrx_word' id='word_1_202' title='bbox 3101 1199 3268 1253; x_wconf 89' lang='lat' dir='ltr'><strong>porro</strong></span> <span class='ocrx_word' id='word_1_203' title='bbox 3294 1194 3399 1253; x_wconf 90' lang='lat' dir='ltr'><strong>est,</strong></span> <span class='ocrx_word' id='word_1_204' title='bbox 3431 1187 3484 1241; x_wconf 89' lang='lat' dir='ltr'><strong>id</strong></span> <span class='ocrx_word' id='word_1_205' title='bbox 3519 1189 3679 1258; x_wconf 81' lang='lat' dir='ltr'><strong>cujus</strong></span> 
     </span>
    </p>
   </div>
   <div class='ocr_carea' id='block_1_28' title="bbox 2099 1276 3679 1348">
    <p class='ocr_par' dir='ltr' id='par_1_28' title="bbox 2099 1276 3679 1348">
     <span class='ocr_line' id='line_1_28' title="bbox 2099 1276 3679 1348; baseline 0.002 -16"><span class='ocrx_word' id='word_1_206' title='bbox 2099 1278 2299 1348; x_wconf 81' lang='lat' dir='ltr'><strong>eliigies</strong></span> <span class='ocrx_word' id='word_1_207' title='bbox 2326 1277 2671 1348; x_wconf 80' lang='lat' dir='ltr'><strong>exprimitur,</strong></span> <span class='ocrx_word' id='word_1_208' title='bbox 2694 1293 2761 1332; x_wconf 83' lang='lat' dir='ltr'><strong>ex</strong></span> <span class='ocrx_word' id='word_1_209' title='bbox 2795 1292 2905 1346; x_wconf 84' lang='lat' dir='ltr'><strong>quo</strong></span> <span class='ocrx_word' id='word_1_210' title='bbox 2935 1276 3113 1331; x_wconf 84' lang='lat' dir='ltr'><strong>forma</strong></span> <span class='ocrx_word' id='word_1_211' title='bbox 3137 1278 3437 1334; x_wconf 87' lang='lat' dir='ltr'><strong>derivatur.</strong></span> <span class='ocrx_word' id='word_1_212' title='bbox 3473 1280 3679 1346; x_wconf 86' lang='lat' dir='ltr'><strong>Quam-</strong></span> 
     </span>
    </p>
   </div>
   <div class='ocr_carea' id='block_1_29' title="bbox 2100 1367 3676 1441">
    <p class='ocr_par' dir='ltr' id='par_1_29' title="bbox 2100 1367 3676 1441">
     <span class='ocr_line' id='line_1_29' title="bbox 2100 1367 3676 1441; baseline 0.003 -18"><span class='ocrx_word' id='word_1_213' title='bbox 2100 1370 2284 1423; x_wconf 89' lang='lat' dir='ltr'><strong>obrem</strong></span> <span class='ocrx_word' id='word_1_214' title='bbox 2348 1367 2620 1424; x_wconf 86' lang='lat' dir='ltr'><strong>Mosaieus</strong></span> <span class='ocrx_word' id='word_1_215' title='bbox 2699 1369 2935 1438; x_wconf 91' lang='lat' dir='ltr'><strong>populus</strong></span> <span class='ocrx_word' id='word_1_216' title='bbox 3006 1369 3445 1436; x_wconf 90' lang='lat' dir='ltr'><strong>tabernaculum,</strong></span> <span class='ocrx_word' id='word_1_217' title='bbox 3529 1374 3676 1441; x_wconf 89' lang='lat' dir='ltr'><strong>quod</strong></span> 
     </span>
    </p>
   </div>
   <div class='ocr_carea' id='block_1_30' title="bbox 2098 1450 3678 1531">
    <p class='ocr_par' dir='ltr' id='par_1_30' title="bbox 2098 1450 3678 1531">
     <span class='ocr_line' id='line_1_30' title="bbox 2098 1450 3678 1531; baseline 0.003 -20"><span class='ocrx_word' id='word_1_218' title='bbox 2098 1458 2405 1512; x_wconf 84' lang='lat' dir='ltr'><strong>caelestium</strong></span> <span class='ocrx_word' id='word_1_219' title='bbox 2435 1450 2644 1521; x_wconf 65' lang='lat' dir='ltr'><strong>refum,</strong></span> <span class='ocrx_word' id='word_1_220' title='bbox 2671 1458 2780 1511; x_wconf 82' lang='lat' dir='ltr'><strong>into</strong></span> <span class='ocrx_word' id='word_1_221' title='bbox 2798 1456 3069 1512; x_wconf 68' lang='lat' dir='ltr'><strong>universas</strong></span> <span class='ocrx_word' id='word_1_222' title='bbox 3093 1469 3359 1513; x_wconf 80' lang='lat' dir='ltr'><strong>creaturae</strong></span> <span class='ocrx_word' id='word_1_223' title='bbox 3384 1459 3678 1531; x_wconf 78' lang='lat' dir='ltr'><strong>imaginem</strong></span> 
     </span>
    </p>
   </div>
   <div class='ocr_carea' id='block_1_31' title="bbox 2098 1546 3675 1617">
    <p class='ocr_par' dir='ltr' id='par_1_31' title="bbox 2098 1546 3675 1617">
     <span class='ocr_line' id='line_1_31' title="bbox 2098 1546 3675 1617; baseline 0.002 -15"><span class='ocrx_word' id='word_1_224' title='bbox 2098 1555 2152 1602; x_wconf 89' lang='lat' dir='ltr'><strong>et</strong></span> <span class='ocrx_word' id='word_1_225' title='bbox 2186 1546 2413 1615; x_wconf 85' lang='lat' dir='ltr'><strong>ﬁguram</strong></span> <span class='ocrx_word' id='word_1_226' title='bbox 2448 1547 2693 1615; x_wconf 79' lang='lat' dir='ltr'><strong>gerebat,</strong></span> <span class='ocrx_word' id='word_1_227' title='bbox 2747 1547 2993 1617; x_wconf 89' lang='lat' dir='ltr'><strong>undique</strong></span> <span class='ocrx_word' id='word_1_228' title='bbox 3044 1562 3251 1617; x_wconf 89' lang='lat' dir='ltr'><strong>pronus</strong></span> <span class='ocrx_word' id='word_1_229' title='bbox 3305 1548 3572 1605; x_wconf 88' lang='lat' dir='ltr'><strong>adorabat</strong></span> <span class='ocrx_word' id='word_1_230' title='bbox 3611 1552 3675 1605; x_wconf 62' lang='grc' dir='ltr'><strong>ιδ.</strong></span> 
     </span>
    </p>
   </div>
   <div class='ocr_carea' id='block_1_32' title="bbox 2099 1637 3680 1710">
    <p class='ocr_par' dir='ltr' id='par_1_32' title="bbox 2099 1637 3680 1710">
     <span class='ocr_line' id='line_1_32' title="bbox 2099 1637 3680 1710; baseline 0.003 -19"><span class='ocrx_word' id='word_1_231' title='bbox 2099 1639 2190 1692; x_wconf 83' lang='lat' dir='ltr'><strong>Ait</strong></span> <span class='ocrx_word' id='word_1_232' title='bbox 2224 1639 2427 1708; x_wconf 88' lang='lat' dir='ltr'><strong>quippe</strong></span> <span class='ocrx_word' id='word_1_233' title='bbox 2456 1637 2596 1692; x_wconf 88' lang='lat' dir='ltr'><strong>Deus</strong></span> <span class='ocrx_word' id='word_1_234' title='bbox 2633 1637 2802 1709; x_wconf 80' lang='lat' dir='ltr'><strong>Moysi</strong></span> <span class='ocrx_word' id='word_1_235' title='bbox 2841 1656 2854 1691; x_wconf 91' lang='lat'>:</span> <span class='ocrx_word' id='word_1_236' title='bbox 2900 1638 3028 1693; x_wconf 83' lang='lat' dir='ltr'><strong>Vide</strong></span> <span class='ocrx_word' id='word_1_237' title='bbox 3063 1640 3244 1694; x_wconf 85' lang='lat' dir='ltr'><strong>omnia</strong></span> <span class='ocrx_word' id='word_1_238' title='bbox 3285 1640 3451 1710; x_wconf 84' lang='lat' dir='ltr'><strong>facito</strong></span> <span class='ocrx_word' id='word_1_239' title='bbox 3492 1658 3680 1696; x_wconf 83' lang='lat' dir='ltr'><strong>secun—</strong></span> 
     </span>
    </p>
   </div>
   <div class='ocr_carea' id='block_1_33' title="bbox 2099 1727 3674 1798">
    <p class='ocr_par' dir='ltr' id='par_1_33' title="bbox 2099 1727 3674 1798">
     <span class='ocr_line' id='line_1_33' title="bbox 2099 1727 3674 1798; baseline 0.003 -16"><span class='ocrx_word' id='word_1_240' title='bbox 2099 1730 2226 1782; x_wconf 85' lang='lat' dir='ltr'><strong>dum</strong></span> <span class='ocrx_word' id='word_1_241' title='bbox 2262 1729 2552 1794; x_wconf 75' lang='lat' dir='ltr'><strong>exemplar,</strong></span> <span class='ocrx_word' id='word_1_242' title='bbox 2586 1727 2727 1798; x_wconf 87' lang='lat' dir='ltr'><strong>quod</strong></span> <span class='ocrx_word' id='word_1_243' title='bbox 2757 1727 2939 1783; x_wconf 76' lang='lat' dir='ltr'><strong>tibi’in</strong></span> <span class='ocrx_word' id='word_1_244' title='bbox 2976 1739 3152 1785; x_wconf 80' lang='lat' dir='ltr'><strong>monte</strong></span> <span class='ocrx_word' id='word_1_245' title='bbox 3196 1732 3466 1787; x_wconf 74' lang='lat' dir='ltr'><strong>ostensum</strong></span> <span class='ocrx_word' id='word_1_246' title='bbox 3498 1742 3584 1786; x_wconf 76' lang='lat' dir='ltr'><strong>est</strong></span> <span class='ocrx_word' id='word_1_247' title='bbox 3610 1734 3674 1787; x_wconf 73' lang='grc'><strong>⁸⁸.</strong></span> 
     </span>
    </p>
   </div>
   <div class='ocr_carea' id='block_1_34' title="bbox 425 1810 2008 1901">
    <p class='ocr_par' dir='ltr' id='par_1_34' title="bbox 425 1819 1994 1895">
     <span class='ocr_line' id='line_1_34' title="bbox 425 1819 1994 1895; baseline 0 -19"><span class='ocrx_word' id='word_1_248' title='bbox 425 1840 560 1895; x_wconf 90' lang='grc' dir='ltr'>ριον,</span> <span class='ocrx_word' id='word_1_249' title='bbox 593 1824 715 1893; x_wconf 79' lang='grc' dir='ltr'><strong>οὐχὶ</strong></span> <span class='ocrx_word' id='word_1_250' title='bbox 745 1823 882 1894; x_wconf 77' lang='grc' dir='ltr'>ἔργα</span> <span class='ocrx_word' id='word_1_251' title='bbox 924 1823 1122 1894; x_wconf 81' lang='grc' dir='ltr'>χειρῶν</span> <span class='ocrx_word' id='word_1_252' title='bbox 1165 1822 1469 1895; x_wconf 84' lang='grc' dir='ltr'>ἀνθρώπων</span> <span class='ocrx_word' id='word_1_253' title='bbox 1500 1819 1604 1893; x_wconf 83' lang='grc' dir='ltr'><strong>ἦν;</strong></span> <span class='ocrx_word' id='word_1_254' title='bbox 1665 1823 1731 1875; x_wconf 90' lang='grc' dir='ltr'><strong>Τί</strong></span> <span class='ocrx_word' id='word_1_255' title='bbox 1761 1823 1818 1876; x_wconf 79' lang='grc' dir='ltr'><strong>δὲ</strong></span> <span class='ocrx_word' id='word_1_256' title='bbox 1864 1825 1893 1877; x_wconf 82' lang='grc' dir='ltr'>ὁ</span> <span class='ocrx_word' id='word_1_257' title='bbox 1935 1823 1994 1876; x_wconf 77' lang='grc' dir='ltr'>ἐν</span> 
     </span>
    </p>
   </div>
   <div class='ocr_carea' id='block_1_35' title="bbox 2099 1810 3676 1901">
    <p class='ocr_par' dir='ltr' id='par_1_35' title="bbox 2099 1818 3676 1901">
     <span class='ocr_line' id='line_1_35' title="bbox 2099 1818 3676 1901; baseline 0.003 -28"><span class='ocrx_word' id='word_1_258' title='bbox 2099 1820 2237 1886; x_wconf 84' lang='lat' dir='ltr'><strong>Quid</strong></span> <span class='ocrx_word' id='word_1_259' title='bbox 2269 1818 2564 1875; x_wconf 81' lang='lat' dir='ltr'><strong>Cherubim</strong></span> <span class='ocrx_word' id='word_1_260' title='bbox 2594 1819 2708 1880; x_wconf 86' lang='lat' dir='ltr'><strong>illa.</strong></span> <span class='ocrx_word' id='word_1_261' title='bbox 2745 1834 2867 1888; x_wconf 68' lang='lat' dir='ltr'><strong>quae</strong></span> <span class='ocrx_word' id='word_1_262' title='bbox 2900 1820 3346 1901; x_wconf 84' lang='lat' dir='ltr'><strong>pr0pitiatorium</strong></span> <span class='ocrx_word' id='word_1_263' title='bbox 3376 1823 3676 1878; x_wconf 88' lang='lat' dir='ltr'><strong>obumbra-</strong></span> 
     </span>
    </p>
   </div>
   <div class='ocr_carea' id='block_1_36' title="bbox 434 1914 1989 1987">
    <p class='ocr_par' dir='ltr' id='par_1_36' title="bbox 434 1914 1989 1987">
     <span class='ocr_line' id='line_1_36' title="bbox 434 1914 1989 1987; baseline -0.001 -18"><span class='ocrx_word' id='word_1_264' title='bbox 434 1915 830 1987; x_wconf 82' lang='grc' dir='ltr'>Ἱεροσολύμοις</span> <span class='ocrx_word' id='word_1_265' title='bbox 854 1915 1201 1986; x_wconf 85' lang='grc' dir='ltr'>περιώνυμος</span> <span class='ocrx_word' id='word_1_266' title='bbox 1226 1915 1388 1978; x_wconf 82' lang='grc' dir='ltr'>ναός;</span> <span class='ocrx_word' id='word_1_267' title='bbox 1417 1914 1554 1985; x_wconf 74' lang='grc' dir='ltr'>Οὐχὶ</span> <span class='ocrx_word' id='word_1_268' title='bbox 1588 1915 1989 1986; x_wconf 80' lang='grc' dir='ltr'>χειροποίητος,</span> 
     </span>
    </p>
   </div>
   <div class='ocr_carea' id='block_1_37' title="bbox 423 2006 1629 2080">
    <p class='ocr_par' dir='ltr' id='par_1_37' title="bbox 423 2006 1629 2080">
     <span class='ocr_line' id='line_1_37' title="bbox 423 2006 1629 2080; baseline 0.001 -19"><span class='ocrx_word' id='word_1_269' title='bbox 423 2010 518 2062; x_wconf 74' lang='grc' dir='ltr'><strong>καὶ</strong></span> <span class='ocrx_word' id='word_1_270' title='bbox 553 2007 857 2079; x_wconf 82' lang='grc' dir='ltr'>ἀνθρώπων</span> <span class='ocrx_word' id='word_1_271' title='bbox 885 2008 1049 2080; x_wconf 80' lang='grc' dir='ltr'>τέχνῃ</span> <span class='ocrx_word' id='word_1_272' title='bbox 1082 2006 1629 2077; x_wconf 80' lang='grc' dir='ltr'>κατεσκευασμένος;</span> 
     </span>
    </p>
   </div>
   <div class='ocr_carea' id='block_1_38' title="bbox 502 2272 1994 2347">
    <p class='ocr_par' dir='ltr' id='par_1_38' title="bbox 502 2272 1994 2347">
     <span class='ocr_line' id='line_1_38' title="bbox 502 2272 1994 2347; baseline 0.003 -21"><span class='ocrx_word' id='word_1_273' title='bbox 502 2274 570 2326; x_wconf 85' lang='grc' dir='ltr'><strong>Ἦ</strong></span> <span class='ocrx_word' id='word_1_274' title='bbox 600 2273 658 2327; x_wconf 75' lang='grc' dir='ltr'><strong>δὲ</strong></span> <span class='ocrx_word' id='word_1_275' title='bbox 692 2272 816 2328; x_wconf 77' lang='grc' dir='ltr'>θεία</span> <span class='ocrx_word' id='word_1_276' title='bbox 844 2274 1050 2346; x_wconf 40' lang='grc' dir='ltr'>Γραφὴ,</span> <span class='ocrx_word' id='word_1_277' title='bbox 1076 2279 1376 2346; x_wconf 77' lang='grc' dir='ltr'>κατηγορεῖ</span> <span class='ocrx_word' id='word_1_278' title='bbox 1401 2276 1508 2329; x_wconf 83' lang='grc' dir='ltr'>τῶν</span> <span class='ocrx_word' id='word_1_279' title='bbox 1546 2274 1994 2347; x_wconf 85' lang='grc' dir='ltr'>προσκυνούντων</span> 
     </span>
    </p>
   </div>
   <div class='ocr_carea' id='block_1_39' title="bbox 422 2364 1990 2439">
    <p class='ocr_par' dir='ltr' id='par_1_39' title="bbox 422 2364 1990 2439">
     <span class='ocr_line' id='line_1_39' title="bbox 422 2364 1990 2439; baseline 0.005 -24"><span class='ocrx_word' id='word_1_280' title='bbox 422 2365 535 2427; x_wconf 79' lang='grc' dir='ltr'>τοῖς</span> <span class='ocrx_word' id='word_1_281' title='bbox 576 2364 836 2432; x_wconf 83' lang='grc' dir='ltr'>γλυπτοῖς</span> <span class='ocrx_word' id='word_1_282' title='bbox 860 2406 875 2430; x_wconf 91' lang='grc'><strong>,</strong></span> <span class='ocrx_word' id='word_1_283' title='bbox 915 2366 1054 2420; x_wconf 84' lang='grc' dir='ltr'>ἀλλὰ</span> <span class='ocrx_word' id='word_1_284' title='bbox 1098 2367 1194 2419; x_wconf 67' lang='grc' dir='ltr'><strong>καλ⁵</strong></span> <span class='ocrx_word' id='word_1_285' title='bbox 1243 2366 1477 2422; x_wconf 86' lang='grc' dir='ltr'>Θυόντων</span> <span class='ocrx_word' id='word_1_286' title='bbox 1520 2370 1634 2431; x_wconf 85' lang='grc' dir='ltr'>τοῖς</span> <span class='ocrx_word' id='word_1_287' title='bbox 1672 2368 1990 2439; x_wconf 85' lang='grc' dir='ltr'>δαιμονίοις.</span> 
     </span>
    </p>
   </div>
   <div class='ocr_carea' id='block_1_40' title="bbox 426 2457 1988 2529">
    <p class='ocr_par' dir='ltr' id='par_1_40' title="bbox 426 2457 1988 2529">
     <span class='ocr_line' id='line_1_40' title="bbox 426 2457 1988 2529; baseline 0.002 -19"><span class='ocrx_word' id='word_1_288' title='bbox 426 2457 620 2511; x_wconf 81' lang='grc' dir='ltr'>Ἔθυον</span> <span class='ocrx_word' id='word_1_289' title='bbox 670 2458 769 2527; x_wconf 80' lang='grc' dir='ltr'>μὲν</span> <span class='ocrx_word' id='word_1_290' title='bbox 822 2459 1124 2529; x_wconf 83' lang='grc' dir='ltr'>Ἕλληνες,</span> <span class='ocrx_word' id='word_1_291' title='bbox 1175 2458 1332 2511; x_wconf 79' lang='grc' dir='ltr'>ἔθυον</span> <span class='ocrx_word' id='word_1_292' title='bbox 1368 2459 1424 2511; x_wconf 85' lang='grc' dir='ltr'><strong>δὲ</strong></span> <span class='ocrx_word' id='word_1_293' title='bbox 1464 2459 1559 2512; x_wconf 74' lang='grc' dir='ltr'>καὶ</span> <span class='ocrx_word' id='word_1_294' title='bbox 1605 2460 1656 2512; x_wconf 82' lang='grc' dir='ltr'>οἱ</span> <span class='ocrx_word' id='word_1_295' title='bbox 1713 2460 1988 2513; x_wconf 82' lang='grc' dir='ltr'>Ἰουδαῖοι·</span> 
     </span>
    </p>
   </div>
   <div class='ocr_carea' id='block_1_41' title="bbox 422 2547 1992 2619">
    <p class='ocr_par' dir='ltr' id='par_1_41' title="bbox 422 2547 1992 2619">
     <span class='ocr_line' id='line_1_41' title="bbox 422 2547 1992 2619; baseline 0.002 -18"><span class='ocrx_word' id='word_1_296' title='bbox 422 2548 538 2601; x_wconf 84' lang='grc' dir='ltr'>ἀλλ’</span> <span class='ocrx_word' id='word_1_297' title='bbox 567 2547 830 2618; x_wconf 83' lang='grc' dir='ltr'>Ἕλληνες</span> <span class='ocrx_word' id='word_1_298' title='bbox 873 2548 971 2616; x_wconf 84' lang='grc' dir='ltr'>μὲν</span> <span class='ocrx_word' id='word_1_299' title='bbox 997 2549 1359 2618; x_wconf 77' lang='grc' dir='ltr'>δαιμονίοιςυ,</span> <span class='ocrx_word' id='word_1_300' title='bbox 1400 2548 1644 2602; x_wconf 87' lang='grc' dir='ltr'>Ἰουδαῖοι</span> <span class='ocrx_word' id='word_1_301' title='bbox 1668 2547 1724 2601; x_wconf 83' lang='grc' dir='ltr'><strong>δὲ</strong></span> <span class='ocrx_word' id='word_1_302' title='bbox 1750 2548 1830 2619; x_wconf 83' lang='grc' dir='ltr'>τῷ</span> <span class='ocrx_word' id='word_1_303' title='bbox 1850 2548 1992 2618; x_wconf 85' lang='grc' dir='ltr'><strong>Θεῷ.</strong></span> 
     </span>
    </p>
   </div>
   <div class='ocr_carea' id='block_1_42' title="bbox 421 2638 1994 2711">
    <p class='ocr_par' dir='ltr' id='par_1_42' title="bbox 421 2638 1994 2711">
     <span class='ocr_line' id='line_1_42' title="bbox 421 2638 1994 2711; baseline 0.001 -19"><span class='ocrx_word' id='word_1_304' title='bbox 421 2640 531 2693; x_wconf 77' lang='grc' dir='ltr'><strong>Καὶ</strong></span> <span class='ocrx_word' id='word_1_305' title='bbox 560 2639 870 2709; x_wconf 78' lang='grc' dir='ltr'>ἀπόϐλητος</span> <span class='ocrx_word' id='word_1_306' title='bbox 904 2641 1000 2709; x_wconf 81' lang='grc' dir='ltr'>μὲν</span> <span class='ocrx_word' id='word_1_307' title='bbox 1045 2642 1080 2711; x_wconf 83' lang='grc' dir='ltr'><strong>ὴ</strong></span> <span class='ocrx_word' id='word_1_308' title='bbox 1116 2640 1225 2694; x_wconf 84' lang='grc' dir='ltr'><strong>τῶν</strong></span> <span class='ocrx_word' id='word_1_309' title='bbox 1270 2640 1538 2709; x_wconf 85' lang='grc' dir='ltr'>Ἑλλήνων</span> <span class='ocrx_word' id='word_1_310' title='bbox 1585 2639 1751 2693; x_wconf 86' lang='grc' dir='ltr'>θυσία</span> <span class='ocrx_word' id='word_1_311' title='bbox 1799 2638 1870 2711; x_wconf 83' lang='grc' dir='ltr'>ἦν</span> <span class='ocrx_word' id='word_1_312' title='bbox 1899 2640 1994 2695; x_wconf 74' lang='grc' dir='ltr'>καὶ</span> 
     </span>
    </p>
   </div>
   <div class='ocr_carea' id='block_1_43' title="bbox 421 2728 1994 2801">
    <p class='ocr_par' dir='ltr' id='par_1_43' title="bbox 421 2728 1994 2801">
     <span class='ocr_line' id='line_1_43' title="bbox 421 2728 1994 2801; baseline 0.003 -19"><span class='ocrx_word' id='word_1_313' title='bbox 421 2728 778 2798; x_wconf 81' lang='grc' dir='ltr'>κατάκριτος,</span> <span class='ocrx_word' id='word_1_314' title='bbox 813 2732 848 2800; x_wconf 84' lang='grc' dir='ltr'>ἡ</span> <span class='ocrx_word' id='word_1_315' title='bbox 882 2730 938 2781; x_wconf 83' lang='grc' dir='ltr'>δὲ</span> <span class='ocrx_word' id='word_1_316' title='bbox 964 2728 1074 2781; x_wconf 86' lang='grc' dir='ltr'><strong>τῶν</strong></span> <span class='ocrx_word' id='word_1_317' title='bbox 1102 2729 1327 2783; x_wconf 86' lang='grc' dir='ltr'>δικαίων</span> <span class='ocrx_word' id='word_1_318' title='bbox 1354 2730 1432 2800; x_wconf 83' lang='grc' dir='ltr'>τῷ</span> <span class='ocrx_word' id='word_1_319' title='bbox 1455 2730 1573 2801; x_wconf 85' lang='grc' dir='ltr'>Θεῷ</span> <span class='ocrx_word' id='word_1_320' title='bbox 1603 2731 1994 2796; x_wconf 82' lang='grc' dir='ltr'>εὐαπόδεκτος.</span> 
     </span>
    </p>
   </div>
   <div class='ocr_carea' id='block_1_44' title="bbox 426 2817 1998 2891">
    <p class='ocr_par' dir='ltr' id='par_1_44' title="bbox 426 2817 1998 2891">
     <span class='ocr_line' id='line_1_44' title="bbox 426 2817 1998 2891; baseline 0.005 -21"><span class='ocrx_word' id='word_1_321' title='bbox 426 2821 645 2872; x_wconf 83' lang='grc' dir='ltr'><strong>Ἕθυσε</strong></span> <span class='ocrx_word' id='word_1_322' title='bbox 664 2817 773 2888; x_wconf 80' lang='grc' dir='ltr'>γάρ</span> <span class='ocrx_word' id='word_1_323' title='bbox 798 2817 944 2881; x_wconf 83' lang='grc' dir='ltr'>Νῶε,</span> <span class='ocrx_word' id='word_1_324' title='bbox 973 2819 1068 2871; x_wconf 82' lang='grc' dir='ltr'>καὶ</span> <span class='ocrx_word' id='word_1_325' title='bbox 1099 2819 1418 2888; x_wconf 69' lang='grc' dir='ltr'><strong>ὠσφράνθη</strong></span> <span class='ocrx_word' id='word_1_326' title='bbox 1450 2825 1482 2875; x_wconf 84' lang='grc' dir='ltr'><em>ὀ</em></span> <span class='ocrx_word' id='word_1_327' title='bbox 1515 2822 1658 2888; x_wconf 84' lang='grc' dir='ltr'>Θεὸς</span> <span class='ocrx_word' id='word_1_328' title='bbox 1682 2824 1883 2891; x_wconf 78' lang='grc' dir='ltr'>ὀσμὴν</span> <span class='ocrx_word' id='word_1_329' title='bbox 1900 2826 1998 2878; x_wconf 86' lang='grc' dir='ltr'><strong>εὐ-</strong></span> 
     </span>
    </p>
   </div>
   <div class='ocr_carea' id='block_1_45' title="bbox 421 2905 1997 2983">
    <p class='ocr_par' dir='ltr' id='par_1_45' title="bbox 421 2905 1997 2983">
     <span class='ocr_line' id='line_1_45' title="bbox 421 2905 1997 2983; baseline 0.006 -25"><span class='ocrx_word' id='word_1_330' title='bbox 421 2906 600 2970; x_wconf 79' lang='grc' dir='ltr'>ωδίας</span> <span class='ocrx_word' id='word_1_331' title='bbox 621 2905 731 2974; x_wconf 85' lang='grc' dir='ltr'>τῆς</span> <span class='ocrx_word' id='word_1_332' title='bbox 750 2905 975 2974; x_wconf 81' lang='grc' dir='ltr'><strong>ἀγαθῆς</strong></span> <span class='ocrx_word' id='word_1_333' title='bbox 995 2908 1410 2976; x_wconf 78' lang='grc' dir='ltr'>προαιρέσεως,</span> <span class='ocrx_word' id='word_1_334' title='bbox 1448 2914 1539 2964; x_wconf 73' lang='grc' dir='ltr'>καὶ</span> <span class='ocrx_word' id='word_1_335' title='bbox 1559 2913 1656 2981; x_wconf 83' lang='grc' dir='ltr'>τῆς</span> <span class='ocrx_word' id='word_1_336' title='bbox 1682 2913 1816 2983; x_wconf 81' lang='grc' dir='ltr'>πρὸς</span> <span class='ocrx_word' id='word_1_337' title='bbox 1835 2915 1997 2967; x_wconf 80' lang='grc' dir='ltr'>αὑτὸν</span> 
     </span>
    </p>
   </div>
   <div class='ocr_carea' id='block_1_46' title="bbox 422 2994 1997 3072">
    <p class='ocr_par' dir='ltr' id='par_1_46' title="bbox 422 2994 1997 3072">
     <span class='ocr_line' id='line_1_46' title="bbox 422 2994 1997 3072; baseline 0.008 -27"><span class='ocrx_word' id='word_1_338' title='bbox 422 2995 632 3056; x_wconf 84' lang='grc' dir='ltr'>εὐνοίας</span> <span class='ocrx_word' id='word_1_339' title='bbox 675 2994 736 3047; x_wconf 84' lang='grc' dir='ltr'>τὸ</span> <span class='ocrx_word' id='word_1_340' title='bbox 777 2994 976 3058; x_wconf 85' lang='grc' dir='ltr'>εὐῶδες</span> <span class='ocrx_word' id='word_1_341' title='bbox 1023 2997 1440 3069; x_wconf 82' lang='grc' dir='ltr'>ἀποδεχόμενος.</span> <span class='ocrx_word' id='word_1_342' title='bbox 1481 3001 1638 3055; x_wconf 76' lang='grc' dir='ltr'>Οὕτω</span> <span class='ocrx_word' id='word_1_343' title='bbox 1662 3003 1729 3056; x_wconf 86' lang='grc' dir='ltr'><strong>τὰ</strong></span> <span class='ocrx_word' id='word_1_344' title='bbox 1766 3006 1863 3072; x_wconf 86' lang='grc' dir='ltr'>μὲν</span> <span class='ocrx_word' id='word_1_345' title='bbox 1888 3006 1997 3059; x_wconf 83' lang='grc' dir='ltr'><strong>τῶν</strong></span> 
     </span>
    </p>
   </div>
   <div class='ocr_carea' id='block_1_47' title="bbox 435 3083 1995 3162">
    <p class='ocr_par' dir='ltr' id='par_1_47' title="bbox 435 3083 1995 3162">
     <span class='ocr_line' id='line_1_47' title="bbox 435 3083 1995 3162; baseline 0.008 -26"><span class='ocrx_word' id='word_1_346' title='bbox 435 3083 706 3153; x_wconf 81' lang='grc' dir='ltr'>Ἐλλήνων</span> <span class='ocrx_word' id='word_1_347' title='bbox 748 3085 999 3153; x_wconf 86' lang='grc' dir='ltr'>γλυπτὰ,</span> <span class='ocrx_word' id='word_1_348' title='bbox 1050 3088 1174 3141; x_wconf 78' lang='grc' dir='ltr'>ἐπεὶ</span> <span class='ocrx_word' id='word_1_349' title='bbox 1220 3088 1492 3160; x_wconf 85' lang='grc' dir='ltr'>δαιμόνων</span> <span class='ocrx_word' id='word_1_350' title='bbox 1539 3088 1683 3162; x_wconf 79' lang='grc' dir='ltr'>ἦσαν</span> <span class='ocrx_word' id='word_1_351' title='bbox 1730 3094 1995 3161; x_wconf 80' lang='grc' dir='ltr'>ἐξεικονί-</span> 
     </span>
    </p>
   </div>
   <div class='ocr_carea' id='block_1_48' title="bbox 2096 1910 3676 1981">
    <p class='ocr_par' dir='ltr' id='par_1_48' title="bbox 2096 1910 3676 1981">
     <span class='ocr_line' id='line_1_48' title="bbox 2096 1910 3676 1981; baseline 0.001 -16"><span class='ocrx_word' id='word_1_352' title='bbox 2096 1910 2249 1973; x_wconf 87' lang='lat' dir='ltr'><strong>bant,</strong></span> <span class='ocrx_word' id='word_1_353' title='bbox 2277 1923 2461 1963; x_wconf 89' lang='lat' dir='ltr'><strong>nonne</strong></span> <span class='ocrx_word' id='word_1_354' title='bbox 2488 1910 2852 1963; x_wconf 88' lang='lat' dir='ltr'><strong>humanarum</strong></span> <span class='ocrx_word' id='word_1_355' title='bbox 2898 1925 3158 1964; x_wconf 90' lang='lat' dir='ltr'><strong>manuum</strong></span> <span class='ocrx_word' id='word_1_356' title='bbox 3196 1926 3363 1981; x_wconf 89' lang='lat' dir='ltr'><strong>opera</strong></span> <span class='ocrx_word' id='word_1_357' title='bbox 3393 1922 3554 1969; x_wconf 82' lang='lat' dir='ltr'><strong>erant</strong></span> <span class='ocrx_word' id='word_1_358' title='bbox 3586 1914 3676 1966; x_wconf 59' lang='lat'><strong>“5?</strong></span> 
     </span>
    </p>
   </div>
   <div class='ocr_carea' id='block_1_49' title="bbox 2094 2000 3680 2067">
    <p class='ocr_par' dir='ltr' id='par_1_49' title="bbox 2094 2000 3680 2067">
     <span class='ocr_line' id='line_1_49' title="bbox 2094 2000 3680 2067; baseline 0.003 -12"><span class='ocrx_word' id='word_1_359' title='bbox 2094 2001 2238 2067; x_wconf 82' lang='lat' dir='ltr'><strong>Quid</strong></span> <span class='ocrx_word' id='word_1_360' title='bbox 2268 2009 2450 2056; x_wconf 90' lang='lat' dir='ltr'><strong>autem</strong></span> <span class='ocrx_word' id='word_1_361' title='bbox 2471 2000 2968 2057; x_wconf 87' lang='lat' dir='ltr'><strong>celebratissimum</strong></span> <span class='ocrx_word' id='word_1_362' title='bbox 3000 2001 3134 2055; x_wconf 91' lang='lat' dir='ltr'><strong>illud</strong></span> <span class='ocrx_word' id='word_1_363' title='bbox 3167 2002 3457 2059; x_wconf 89' lang='lat' dir='ltr'><strong>delubrum</strong></span> <span class='ocrx_word' id='word_1_364' title='bbox 3486 2004 3680 2060; x_wconf 81' lang='lat' dir='ltr'><strong>Hiero-</strong></span> 
     </span>
    </p>
   </div>
   <div class='ocr_carea' id='block_1_50' title="bbox 2093 2090 3676 2163">
    <p class='ocr_par' dir='ltr' id='par_1_50' title="bbox 2093 2090 3676 2163">
     <span class='ocr_line' id='line_1_50' title="bbox 2093 2090 3676 2163; baseline 0.002 -17"><span class='ocrx_word' id='word_1_365' title='bbox 2093 2090 2522 2163; x_wconf 83' lang='lat' dir='ltr'><strong>solymitanum?</strong></span> <span class='ocrx_word' id='word_1_366' title='bbox 2567 2105 2754 2143; x_wconf 90' lang='lat' dir='ltr'><strong>annon</strong></span> <span class='ocrx_word' id='word_1_367' title='bbox 2793 2104 2958 2144; x_wconf 87' lang='lat' dir='ltr'><strong>manu</strong></span> <span class='ocrx_word' id='word_1_368' title='bbox 3019 2098 3184 2160; x_wconf 89' lang='lat' dir='ltr'><strong>atque</strong></span> <span class='ocrx_word' id='word_1_369' title='bbox 3224 2092 3506 2148; x_wconf 89' lang='lat' dir='ltr'><strong>hominum</strong></span> <span class='ocrx_word' id='word_1_370' title='bbox 3556 2102 3676 2149; x_wconf 85' lang='lat' dir='ltr'><strong>arte</strong></span> 
     </span>
    </p>
   </div>
   <div class='ocr_carea' id='block_1_51' title="bbox 2093 2179 2731 2238">
    <p class='ocr_par' dir='ltr' id='par_1_51' title="bbox 2093 2179 2731 2238">
     <span class='ocr_line' id='line_1_51' title="bbox 2093 2179 2731 2238; baseline -0.008 0"><span class='ocrx_word' id='word_1_371' title='bbox 2093 2190 2474 2238; x_wconf 89' lang='lat' dir='ltr'><strong>constructum</strong></span> <span class='ocrx_word' id='word_1_372' title='bbox 2510 2187 2627 2234; x_wconf 87' lang='lat' dir='ltr'><strong>erat</strong></span> <span class='ocrx_word' id='word_1_373' title='bbox 2650 2180 2690 2210; x_wconf 83' lang='lat'><strong>&quot;</strong></span> <span class='ocrx_word' id='word_1_374' title='bbox 2705 2179 2731 2233; x_wconf 84' lang='lat'><strong>?</strong></span> 
     </span>
    </p>
   </div>
   <div class='ocr_carea' id='block_1_52' title="bbox 2163 2259 3784 2351">
    <p class='ocr_par' dir='ltr' id='par_1_52' title="bbox 2163 2259 3784 2351">
     <span class='ocr_line' id='line_1_52' title="bbox 2163 2259 3784 2351; baseline 0.001 -23"><span class='ocrx_word' id='word_1_375' title='bbox 2163 2273 2503 2342; x_wconf 84' lang='lat' dir='ltr'><strong>Sculptilium</strong></span> <span class='ocrx_word' id='word_1_376' title='bbox 2544 2272 2792 2327; x_wconf 84' lang='lat' dir='ltr'><strong>adaratio</strong></span> <span class='ocrx_word' id='word_1_377' title='bbox 2832 2272 3111 2342; x_wconf 77' lang='lat' dir='ltr'><strong>gentilium</strong></span> <span class='ocrx_word' id='word_1_378' title='bbox 3150 2274 3310 2328; x_wconf 82' lang='lat' dir='ltr'><strong>vetita</strong></span> <span class='ocrx_word' id='word_1_379' title='bbox 3346 2275 3562 2340; x_wconf 77' lang='lat' dir='ltr'><strong>solum,</strong></span> <span class='ocrx_word' id='word_1_380' title='bbox 3616 2285 3717 2351; x_wconf 75' lang='grc' dir='ltr'>ιιι·</span> 
     </span>
    </p>
   </div>
   <div class='ocr_carea' id='block_1_53' title="bbox 2092 2363 3823 2435">
    <p class='ocr_par' dir='ltr' id='par_1_53' title="bbox 2092 2363 3823 2435">
     <span class='ocr_line' id='line_1_53' title="bbox 2092 2363 3823 2435; baseline -0.001 -14"><span class='ocrx_word' id='word_1_381' title='bbox 2092 2376 2141 2421; x_wconf 87' lang='lat' dir='ltr'><strong>et</strong></span> <span class='ocrx_word' id='word_1_382' title='bbox 2167 2367 2461 2435; x_wconf 78' lang='lat' dir='ltr'><strong>sacriﬁcia.</strong></span> <span class='ocrx_word' id='word_1_383' title='bbox 2503 2396 2574 2407; x_wconf 87' lang='lat'><strong>--</strong></span> <span class='ocrx_word' id='word_1_384' title='bbox 2617 2364 2814 2419; x_wconf 89' lang='lat' dir='ltr'><strong>Divina</strong></span> <span class='ocrx_word' id='word_1_385' title='bbox 2852 2373 3035 2418; x_wconf 86' lang='lat' dir='ltr'><strong>autem</strong></span> <span class='ocrx_word' id='word_1_386' title='bbox 3078 2363 3370 2435; x_wconf 80' lang='lat' dir='ltr'><strong>Scriptura</strong></span> <span class='ocrx_word' id='word_1_387' title='bbox 3404 2381 3503 2422; x_wconf 90' lang='lat' dir='ltr'><strong>eos</strong></span> <span class='ocrx_word' id='word_1_388' title='bbox 3536 2366 3675 2422; x_wconf 62' lang='lat' dir='ltr'><strong>insi«</strong></span> <span class='ocrx_word' id='word_1_389' title='bbox 3762 2388 3775 2403; x_wconf 68' lang='grc' dir='ltr'><em>ν</em></span> <span class='ocrx_word' id='word_1_390' title='bbox 3807 2390 3823 2399; x_wconf 64' lang='grc' dir='ltr'><strong><em>ν</em></strong></span> 
     </span>
    </p>
   </div>
   <div class='ocr_carea' id='block_1_54' title="bbox 2093 2457 3674 2529">
    <p class='ocr_par' dir='ltr' id='par_1_54' title="bbox 2093 2457 3674 2529">
     <span class='ocr_line' id='line_1_54' title="bbox 2093 2457 3674 2529; baseline -0.001 -17"><span class='ocrx_word' id='word_1_391' title='bbox 2093 2459 2265 2512; x_wconf 87' lang='lat' dir='ltr'><strong>mutat</strong></span> <span class='ocrx_word' id='word_1_392' title='bbox 2301 2458 2395 2527; x_wconf 91' lang='lat' dir='ltr'><strong>qui</strong></span> <span class='ocrx_word' id='word_1_393' title='bbox 2448 2459 2682 2514; x_wconf 85' lang='lat' dir='ltr'><strong>adorant</strong></span> <span class='ocrx_word' id='word_1_394' title='bbox 2723 2459 3042 2529; x_wconf 87' lang='lat' dir='ltr'><strong>sculptilia;</strong></span> <span class='ocrx_word' id='word_1_395' title='bbox 3074 2458 3170 2515; x_wconf 90' lang='lat' dir='ltr'><strong>sed</strong></span> <span class='ocrx_word' id='word_1_396' title='bbox 3214 2467 3268 2514; x_wconf 90' lang='lat' dir='ltr'><strong>et</strong></span> <span class='ocrx_word' id='word_1_397' title='bbox 3300 2473 3397 2513; x_wconf 87' lang='lat' dir='ltr'><strong>eos</strong></span> <span class='ocrx_word' id='word_1_398' title='bbox 3436 2461 3531 2527; x_wconf 88' lang='lat' dir='ltr'><strong>qui</strong></span> <span class='ocrx_word' id='word_1_399' title='bbox 3562 2457 3674 2511; x_wconf 71' lang='lat' dir='ltr'><strong>da:-</strong></span> 
     </span>
    </p>
   </div>
   <div class='ocr_carea' id='block_1_55' title="bbox 2095 2547 3674 2620">
    <p class='ocr_par' dir='ltr' id='par_1_55' title="bbox 2095 2547 3674 2620">
     <span class='ocr_line' id='line_1_55' title="bbox 2095 2547 3674 2620; baseline -0.001 -17"><span class='ocrx_word' id='word_1_400' title='bbox 2095 2550 2296 2604; x_wconf 90' lang='lat' dir='ltr'><strong>moniis</strong></span> <span class='ocrx_word' id='word_1_401' title='bbox 2324 2549 2660 2604; x_wconf 78' lang='lat' dir='ltr'><strong>sacrificant.</strong></span> <span class='ocrx_word' id='word_1_402' title='bbox 2684 2551 2849 2620; x_wconf 84' lang='lat' dir='ltr'><strong>Atqui</strong></span> <span class='ocrx_word' id='word_1_403' title='bbox 2877 2550 3109 2619; x_wconf 81' lang='lat' dir='ltr'><strong>gentiles</strong></span> <span class='ocrx_word' id='word_1_404' title='bbox 3135 2550 3359 2620; x_wconf 86' lang='lat' dir='ltr'><strong>quidem</strong></span> <span class='ocrx_word' id='word_1_405' title='bbox 3390 2547 3674 2603; x_wconf 84' lang='lat' dir='ltr'><strong>sacriﬁea-</strong></span> 
     </span>
    </p>
   </div>
   <div class='ocr_carea' id='block_1_56' title="bbox 2095 2638 3673 2709">
    <p class='ocr_par' dir='ltr' id='par_1_56' title="bbox 2095 2638 3673 2709">
     <span class='ocr_line' id='line_1_56' title="bbox 2095 2638 3673 2709; baseline -0.002 -13"><span class='ocrx_word' id='word_1_406' title='bbox 2095 2642 2247 2702; x_wconf 87' lang='lat' dir='ltr'><strong>bant.</strong></span> <span class='ocrx_word' id='word_1_407' title='bbox 2299 2640 2689 2696; x_wconf 75' lang='lat' dir='ltr'><strong>sacrificabant</strong></span> <span class='ocrx_word' id='word_1_408' title='bbox 2725 2657 2856 2696; x_wconf 90' lang='lat' dir='ltr'><strong>vero</strong></span> <span class='ocrx_word' id='word_1_409' title='bbox 2881 2650 2934 2697; x_wconf 89' lang='lat' dir='ltr'><strong>et</strong></span> <span class='ocrx_word' id='word_1_410' title='bbox 2964 2640 3137 2697; x_wconf 63' lang='lat' dir='ltr'><strong>Judaei</strong></span> <span class='ocrx_word' id='word_1_411' title='bbox 3174 2659 3189 2696; x_wconf 93' lang='lat'><strong>:</strong></span> <span class='ocrx_word' id='word_1_412' title='bbox 3220 2655 3408 2696; x_wconf 87' lang='lat' dir='ltr'><strong>verum</strong></span> <span class='ocrx_word' id='word_1_413' title='bbox 3445 2638 3673 2709; x_wconf 87' lang='lat' dir='ltr'><strong>gentiles</strong></span> 
     </span>
    </p>
   </div>
   <div class='ocr_carea' id='block_1_57' title="bbox 2094 2729 3669 2801">
    <p class='ocr_par' dir='ltr' id='par_1_57' title="bbox 2094 2729 3669 2801">
     <span class='ocr_line' id='line_1_57' title="bbox 2094 2729 3669 2801; baseline -0.002 -16"><span class='ocrx_word' id='word_1_414' title='bbox 2094 2729 2381 2785; x_wconf 84' lang='lat' dir='ltr'><strong>daemoniis</strong></span> <span class='ocrx_word' id='word_1_415' title='bbox 2402 2769 2417 2793; x_wconf 90' lang='lat'><strong>,</strong></span> <span class='ocrx_word' id='word_1_416' title='bbox 2443 2729 2617 2784; x_wconf 65' lang='lat' dir='ltr'><strong>Judaei</strong></span> <span class='ocrx_word' id='word_1_417' title='bbox 2647 2739 2828 2786; x_wconf 88' lang='lat' dir='ltr'><strong>autem</strong></span> <span class='ocrx_word' id='word_1_418' title='bbox 2875 2731 3005 2787; x_wconf 90' lang='lat' dir='ltr'><strong>Deo.</strong></span> <span class='ocrx_word' id='word_1_419' title='bbox 3032 2731 3109 2786; x_wconf 86' lang='lat' dir='ltr'><strong>Ae</strong></span> <span class='ocrx_word' id='word_1_420' title='bbox 3132 2730 3363 2801; x_wconf 90' lang='lat' dir='ltr'><strong>proinde</strong></span> <span class='ocrx_word' id='word_1_421' title='bbox 3387 2729 3669 2801; x_wconf 86' lang='lat' dir='ltr'><strong>gentilium</strong></span> 
     </span>
    </p>
   </div>
   <div class='ocr_carea' id='block_1_58' title="bbox 2097 2820 3673 2890">
    <p class='ocr_par' dir='ltr' id='par_1_58' title="bbox 2097 2820 3673 2890">
     <span class='ocr_line' id='line_1_58' title="bbox 2097 2820 3673 2890; baseline -0.001 -15"><span class='ocrx_word' id='word_1_422' title='bbox 2097 2820 2316 2890; x_wconf 91' lang='lat' dir='ltr'><strong>quidem</strong></span> <span class='ocrx_word' id='word_1_423' title='bbox 2335 2821 2559 2874; x_wconf 82' lang='lat' dir='ltr'><strong>victima</strong></span> <span class='ocrx_word' id='word_1_424' title='bbox 2588 2822 2941 2890; x_wconf 86' lang='lat' dir='ltr'><strong>rejieiebatur</strong></span> <span class='ocrx_word' id='word_1_425' title='bbox 2971 2836 3037 2877; x_wconf 89' lang='lat' dir='ltr'><strong>ae</strong></span> <span class='ocrx_word' id='word_1_426' title='bbox 3063 2821 3465 2878; x_wconf 87' lang='lat' dir='ltr'><strong>damnabatur:</strong></span> <span class='ocrx_word' id='word_1_427' title='bbox 3501 2821 3673 2890; x_wconf 91' lang='lat' dir='ltr'><strong>justo-</strong></span> 
     </span>
    </p>
   </div>
   <div class='ocr_carea' id='block_1_59' title="bbox 2096 2910 3671 2980">
    <p class='ocr_par' dir='ltr' id='par_1_59' title="bbox 2096 2910 3671 2980">
     <span class='ocr_line' id='line_1_59' title="bbox 2096 2910 3671 2980; baseline 0 -17"><span class='ocrx_word' id='word_1_428' title='bbox 2096 2925 2218 2964; x_wconf 84' lang='lat' dir='ltr'><strong>rum</strong></span> <span class='ocrx_word' id='word_1_429' title='bbox 2250 2920 2433 2964; x_wconf 86' lang='lat' dir='ltr'><strong>autem</strong></span> <span class='ocrx_word' id='word_1_430' title='bbox 2466 2911 2800 2967; x_wconf 84' lang='lat' dir='ltr'><strong>sacriﬁcium</strong></span> <span class='ocrx_word' id='word_1_431' title='bbox 2833 2911 2944 2967; x_wconf 85' lang='lat' dir='ltr'><strong>Deo</strong></span> <span class='ocrx_word' id='word_1_432' title='bbox 2978 2919 3262 2980; x_wconf 88' lang='lat' dir='ltr'><strong>acceptum</strong></span> <span class='ocrx_word' id='word_1_433' title='bbox 3290 2920 3429 2967; x_wconf 90' lang='lat' dir='ltr'><strong>erat.</strong></span> <span class='ocrx_word' id='word_1_434' title='bbox 3466 2910 3671 2966; x_wconf 78' lang='lat' dir='ltr'><strong>Obtulit</strong></span> 
     </span>
    </p>
   </div>
   <div class='ocr_carea' id='block_1_60' title="bbox 2097 2998 3673 3070">
    <p class='ocr_par' dir='ltr' id='par_1_60' title="bbox 2097 2998 3673 3070">
     <span class='ocr_line' id='line_1_60' title="bbox 2097 2998 3673 3070; baseline 0 -16"><span class='ocrx_word' id='word_1_435' title='bbox 2097 3000 2243 3054; x_wconf 91' lang='lat' dir='ltr'><strong>enim</strong></span> <span class='ocrx_word' id='word_1_436' title='bbox 2301 2998 2418 3053; x_wconf 86' lang='lat' dir='ltr'><strong>Noe</strong></span> <span class='ocrx_word' id='word_1_437' title='bbox 2446 3001 2776 3070; x_wconf 73' lang='lat' dir='ltr'><strong>sacrificium</strong></span> <span class='ocrx_word' id='word_1_438' title='bbox 2800 3016 2818 3055; x_wconf 90' lang='lat'><strong><em>:</em></strong></span> <span class='ocrx_word' id='word_1_439' title='bbox 2840 3010 2890 3056; x_wconf 85' lang='lat' dir='ltr'><strong>et</strong></span> <span class='ocrx_word' id='word_1_440' title='bbox 2908 3003 3163 3056; x_wconf 77' lang='lat' dir='ltr'><strong>odoratus</strong></span> <span class='ocrx_word' id='word_1_441' title='bbox 3189 3011 3269 3057; x_wconf 79' lang='lat' dir='ltr'><strong>est</strong></span> <span class='ocrx_word' id='word_1_442' title='bbox 3297 3001 3439 3056; x_wconf 74' lang='lat' dir='ltr'><strong>Deus</strong></span> <span class='ocrx_word' id='word_1_443' title='bbox 3459 3000 3673 3056; x_wconf 72' lang='lat' dir='ltr'><strong>odorem</strong></span> 
     </span>
    </p>
   </div>
   <div class='ocr_carea' id='block_1_61' title="bbox 2098 3074 3674 3165">
    <p class='ocr_par' dir='ltr' id='par_1_61' title="bbox 2098 3074 3674 3165">
     <span class='ocr_line' id='line_1_61' title="bbox 2098 3074 3674 3165; baseline 0.003 -21"><span class='ocrx_word' id='word_1_444' title='bbox 2098 3092 2381 3146; x_wconf 72' lang='lat' dir='ltr'><strong>suavitatis</strong></span> <span class='ocrx_word' id='word_1_445' title='bbox 2408 3093 2471 3158; x_wconf 79' lang='grc'><strong>³⁸,</strong></span> <span class='ocrx_word' id='word_1_446' title='bbox 2516 3102 2573 3147; x_wconf 92' lang='lat' dir='ltr'><strong>ut</strong></span> <span class='ocrx_word' id='word_1_447' title='bbox 2607 3095 2698 3164; x_wconf 89' lang='lat' dir='ltr'><strong>qui</strong></span> <span class='ocrx_word' id='word_1_448' title='bbox 2730 3074 2917 3164; x_wconf 57' lang='lat' dir='ltr'><strong>proba:</strong></span> <span class='ocrx_word' id='word_1_449' title='bbox 2943 3095 3120 3165; x_wconf 79' lang='lat' dir='ltr'><strong>ipsius</strong></span> <span class='ocrx_word' id='word_1_450' title='bbox 3154 3094 3473 3158; x_wconf 86' lang='lat' dir='ltr'><strong>voluntatis,</strong></span> <span class='ocrx_word' id='word_1_451' title='bbox 3507 3102 3674 3163; x_wconf 86' lang='lat' dir='ltr'><strong>atque</strong></span> 
     </span>
    </p>
   </div>
   <div class='ocr_carea' id='block_1_62' title="bbox 427 3169 2008 3255">
    <p class='ocr_par' dir='ltr' id='par_1_62' title="bbox 427 3177 1993 3255">
     <span class='ocr_line' id='line_1_62' title="bbox 427 3177 1993 3255; baseline 0.009 -29"><span class='ocrx_word' id='word_1_452' title='bbox 427 3192 612 3243; x_wconf 90' lang='grc' dir='ltr'>σματα</span> <span class='ocrx_word' id='word_1_453' title='bbox 638 3215 652 3240; x_wconf 85' lang='grc'><strong>,</strong></span> <span class='ocrx_word' id='word_1_454' title='bbox 722 3177 1008 3248; x_wconf 76' lang='grc' dir='ltr'>ἀπόϐλητά</span> <span class='ocrx_word' id='word_1_455' title='bbox 1081 3195 1141 3231; x_wconf 88' lang='grc' dir='ltr'>τε</span> <span class='ocrx_word' id='word_1_456' title='bbox 1212 3181 1306 3233; x_wconf 74' lang='grc' dir='ltr'>καὶ</span> <span class='ocrx_word' id='word_1_457' title='bbox 1372 3182 1801 3254; x_wconf 82' lang='grc' dir='ltr'>ἀπηγορευμένα</span> <span class='ocrx_word' id='word_1_458' title='bbox 1864 3204 1993 3255; x_wconf 86' lang='grc' dir='ltr'>τυγ-</span> 
     </span>
    </p>
   </div>
   <div class='ocr_carea' id='block_1_63' title="bbox 2099 3169 3669 3255">
    <p class='ocr_par' dir='ltr' id='par_1_63' title="bbox 2099 3185 3669 3255">
     <span class='ocr_line' id='line_1_63' title="bbox 2099 3185 3669 3255; baseline 0.002 -17"><span class='ocrx_word' id='word_1_459' title='bbox 2099 3199 2224 3253; x_wconf 86' lang='lat' dir='ltr'><strong>erga</strong></span> <span class='ocrx_word' id='word_1_460' title='bbox 2259 3198 2318 3239; x_wconf 89' lang='lat' dir='ltr'><strong>se</strong></span> <span class='ocrx_word' id='word_1_461' title='bbox 2346 3187 2555 3242; x_wconf 89' lang='lat' dir='ltr'><strong>amoris</strong></span> <span class='ocrx_word' id='word_1_462' title='bbox 2588 3195 2644 3241; x_wconf 89' lang='lat' dir='ltr'><strong>et</strong></span> <span class='ocrx_word' id='word_1_463' title='bbox 2684 3187 2852 3242; x_wconf 88' lang='lat' dir='ltr'><strong>studii</strong></span> <span class='ocrx_word' id='word_1_464' title='bbox 2905 3190 3229 3243; x_wconf 81' lang='lat' dir='ltr'><strong>suavitatem</strong></span> <span class='ocrx_word' id='word_1_465' title='bbox 3262 3185 3669 3255; x_wconf 84' lang='lat' dir='ltr'><strong>comprobaret.</strong></span> 
     </span>
    </p>
   </div>
   <div class='ocr_carea' id='block_1_64' title="bbox 423 3265 670 3334">
    <p class='ocr_par' dir='ltr' id='par_1_64' title="bbox 423 3265 670 3334">
     <span class='ocr_line' id='line_1_64' title="bbox 423 3265 670 3334; baseline 0.004 -16"><span class='ocrx_word' id='word_1_466' title='bbox 423 3265 670 3334; x_wconf 89' lang='grc' dir='ltr'>χάνουσι.</span> 
     </span>
    </p>
   </div>
   <div class='ocr_carea' id='block_1_65' title="bbox 497 3439 2000 3523">
    <p class='ocr_par' dir='ltr' id='par_1_65' title="bbox 497 3439 2000 3523">
     <span class='ocr_line' id='line_1_65' title="bbox 497 3439 2000 3523; baseline 0.01 -32"><span class='ocrx_word' id='word_1_467' title='bbox 497 3439 641 3505; x_wconf 78' lang='grc' dir='ltr'>Πρὸς</span> <span class='ocrx_word' id='word_1_468' title='bbox 664 3439 720 3494; x_wconf 80' lang='grc' dir='ltr'><strong>δὲ</strong></span> <span class='ocrx_word' id='word_1_469' title='bbox 746 3442 955 3508; x_wconf 86' lang='grc' dir='ltr'>τούτοις</span> <span class='ocrx_word' id='word_1_470' title='bbox 975 3445 1069 3499; x_wconf 91' lang='grc' dir='ltr'><strong>τοῦ</strong></span> <span class='ocrx_word' id='word_1_471' title='bbox 1092 3446 1326 3518; x_wconf 81' lang='grc' dir='ltr'>ἀοράτου</span> <span class='ocrx_word' id='word_1_472' title='bbox 1348 3489 1364 3513; x_wconf 90' lang='grc'><strong>,</strong></span> <span class='ocrx_word' id='word_1_473' title='bbox 1399 3448 1495 3523; x_wconf 55' lang='grc' dir='ltr'>καὶ</span> <span class='ocrx_word' id='word_1_474' title='bbox 1527 3449 1822 3520; x_wconf 82' lang='grc' dir='ltr'>ἀσωμάτου</span> <span class='ocrx_word' id='word_1_475' title='bbox 1838 3491 1853 3517; x_wconf 86' lang='grc'><strong>,</strong></span> <span class='ocrx_word' id='word_1_476' title='bbox 1905 3454 2000 3507; x_wconf 75' lang='grc' dir='ltr'><strong>καὶ</strong></span> 
     </span>
    </p>
   </div>
   <div class='ocr_carea' id='block_1_66' title="bbox 426 3530 1998 3610">
    <p class='ocr_par' dir='ltr' id='par_1_66' title="bbox 426 3530 1998 3610">
     <span class='ocr_line' id='line_1_66' title="bbox 426 3530 1998 3610; baseline 0.008 -29"><span class='ocrx_word' id='word_1_477' title='bbox 426 3530 841 3600; x_wconf 88' lang='grc' dir='ltr'>ἀπεριγράπτου</span> <span class='ocrx_word' id='word_1_478' title='bbox 863 3576 878 3599; x_wconf 87' lang='grc'><strong>,</strong></span> <span class='ocrx_word' id='word_1_479' title='bbox 914 3538 1009 3589; x_wconf 70' lang='grc' dir='ltr'><strong>καὶ</strong></span> <span class='ocrx_word' id='word_1_480' title='bbox 1049 3539 1462 3610; x_wconf 77' lang='grc' dir='ltr'>ἀσχηματίστου</span> <span class='ocrx_word' id='word_1_481' title='bbox 1495 3541 1632 3595; x_wconf 82' lang='grc' dir='ltr'>Θεοῦ</span> <span class='ocrx_word' id='word_1_482' title='bbox 1666 3542 1749 3606; x_wconf 85' lang='grc' dir='ltr'><strong>τίς</strong></span> <span class='ocrx_word' id='word_1_483' title='bbox 1775 3542 1998 3596; x_wconf 86' lang='grc' dir='ltr'>δύναται</span> 
     </span>
    </p>
   </div>
   <div class='ocr_carea' id='block_1_67' title="bbox 425 3621 1994 3706">
    <p class='ocr_par' dir='ltr' id='par_1_67' title="bbox 425 3621 1994 3706">
     <span class='ocr_line' id='line_1_67' title="bbox 425 3621 1994 3706; baseline 0.013 -35"><span class='ocrx_word' id='word_1_484' title='bbox 425 3621 756 3690; x_wconf 81' lang='grc' dir='ltr'>ποιήσασθαι</span> <span class='ocrx_word' id='word_1_485' title='bbox 772 3625 832 3695; x_wconf 89' lang='grc' dir='ltr'><strong>μί</strong></span> <span class='ocrx_word' id='word_1_486' title='bbox 838 3644 913 3697; x_wconf 88' lang='grc' dir='ltr'><strong>μη</strong></span> <span class='ocrx_word' id='word_1_487' title='bbox 922 3645 1018 3697; x_wconf 91' lang='grc' dir='ltr'>μα;</span> <span class='ocrx_word' id='word_1_488' title='bbox 1033 3630 1117 3681; x_wconf 88' lang='grc' dir='ltr'><strong>Πα</strong></span> <span class='ocrx_word' id='word_1_489' title='bbox 1126 3631 1659 3703; x_wconf 83' lang='grc' dir='ltr'>ραφροσύνηςτοίνυν</span> <span class='ocrx_word' id='word_1_490' title='bbox 1671 3635 1848 3706; x_wconf 77' lang='grc' dir='ltr'>ἄκρας</span> <span class='ocrx_word' id='word_1_491' title='bbox 1862 3634 1994 3706; x_wconf 68' lang='grc'><strong>(95⁸)</strong></span> 
     </span>
    </p>
   </div>
   <div class='ocr_carea' id='block_1_68' title="bbox 2093 3273 3670 3349">
    <p class='ocr_par' dir='ltr' id='par_1_68' title="bbox 2093 3273 3670 3349">
     <span class='ocr_line' id='line_1_68' title="bbox 2093 3273 3670 3349; baseline 0.002 -22"><span class='ocrx_word' id='word_1_492' title='bbox 2093 3273 2192 3341; x_wconf 86' lang='lat' dir='ltr'><strong>Ita,</strong></span> <span class='ocrx_word' id='word_1_493' title='bbox 2232 3275 2518 3345; x_wconf 89' lang='lat' dir='ltr'><strong>gentilium</strong></span> <span class='ocrx_word' id='word_1_494' title='bbox 2576 3277 2798 3349; x_wconf 91' lang='lat' dir='ltr'><strong>quidem</strong></span> <span class='ocrx_word' id='word_1_495' title='bbox 2848 3279 3132 3348; x_wconf 88' lang='lat' dir='ltr'><strong>sculptilia</strong></span> <span class='ocrx_word' id='word_1_496' title='bbox 3182 3277 3312 3347; x_wconf 89' lang='lat' dir='ltr'><strong>quia</strong></span> <span class='ocrx_word' id='word_1_497' title='bbox 3357 3276 3670 3332; x_wconf 82' lang='lat' dir='ltr'><strong>daemonum</strong></span> 
     </span>
    </p>
   </div>
   <div class='ocr_carea' id='block_1_69' title="bbox 2094 3365 3671 3439">
    <p class='ocr_par' dir='ltr' id='par_1_69' title="bbox 2094 3365 3671 3439">
     <span class='ocr_line' id='line_1_69' title="bbox 2094 3365 3671 3439; baseline 0.001 -20"><span class='ocrx_word' id='word_1_498' title='bbox 2094 3365 2389 3419; x_wconf 89' lang='lat' dir='ltr'><strong>simulacra</strong></span> <span class='ocrx_word' id='word_1_499' title='bbox 2425 3374 2604 3433; x_wconf 79' lang='lat' dir='ltr'><strong>erant,</strong></span> <span class='ocrx_word' id='word_1_500' title='bbox 2644 3368 2953 3439; x_wconf 86' lang='lat' dir='ltr'><strong>improbata</strong></span> <span class='ocrx_word' id='word_1_501' title='bbox 2992 3379 3157 3437; x_wconf 90' lang='lat' dir='ltr'><strong>atque</strong></span> <span class='ocrx_word' id='word_1_502' title='bbox 3191 3365 3484 3422; x_wconf 88' lang='lat' dir='ltr'><strong>interdicta</strong></span> <span class='ocrx_word' id='word_1_503' title='bbox 3519 3378 3671 3422; x_wconf 88' lang='lat' dir='ltr'><strong>sunt.</strong></span> 
     </span>
    </p>
   </div>
   <div class='ocr_carea' id='block_1_70' title="bbox 2169 3453 3668 3524">
    <p class='ocr_par' dir='ltr' id='par_1_70' title="bbox 2169 3453 3668 3524">
     <span class='ocr_line' id='line_1_70' title="bbox 2169 3453 3668 3524; baseline 0.003 -17"><span class='ocrx_word' id='word_1_504' title='bbox 2169 3453 2470 3524; x_wconf 84' lang='lat' dir='ltr'><strong>Imaginum</strong></span> <span class='ocrx_word' id='word_1_505' title='bbox 2504 3475 2632 3513; x_wconf 75' lang='lat' dir='ltr'><strong>usus</strong></span> <span class='ocrx_word' id='word_1_506' title='bbox 2676 3475 2781 3513; x_wconf 82' lang='lat' dir='ltr'><strong>non</strong></span> <span class='ocrx_word' id='word_1_507' title='bbox 2833 3461 2994 3515; x_wconf 76' lang='lat' dir='ltr'><strong>tritus</strong></span> <span class='ocrx_word' id='word_1_508' title='bbox 3042 3460 3097 3513; x_wconf 82' lang='lat' dir='ltr'><strong>in</strong></span> <span class='ocrx_word' id='word_1_509' title='bbox 3138 3459 3298 3514; x_wconf 77' lang='lat' dir='ltr'><strong>ueteri</strong></span> <span class='ocrx_word' id='word_1_510' title='bbox 3330 3467 3668 3519; x_wconf 73' lang='lat' dir='ltr'><strong>testamento.</strong></span> 
     </span>
    </p>
   </div>
   <div class='ocr_carea' id='block_1_71' title="bbox 2098 3546 3673 3606">
    <p class='ocr_par' dir='ltr' id='par_1_71' title="bbox 2098 3546 3673 3606">
     <span class='ocr_line' id='line_1_71' title="bbox 2098 3546 3673 3606; baseline 0.002 -6"><span class='ocrx_word' id='word_1_511' title='bbox 2098 3546 2352 3602; x_wconf 75' lang='lat' dir='ltr'><strong>invisibili</strong></span> <span class='ocrx_word' id='word_1_512' title='bbox 2382 3549 2634 3604; x_wconf 77' lang='lat' dir='ltr'><strong>hactenus</strong></span> <span class='ocrx_word' id='word_1_513' title='bbox 2662 3551 2791 3605; x_wconf 87' lang='lat' dir='ltr'><strong>Deo.</strong></span> <span class='ocrx_word' id='word_1_514' title='bbox 2819 3549 2930 3606; x_wconf 85' lang='lat' dir='ltr'><strong>Cur</strong></span> <span class='ocrx_word' id='word_1_515' title='bbox 2960 3554 3013 3604; x_wconf 86' lang='lat' dir='ltr'><strong>in</strong></span> <span class='ocrx_word' id='word_1_516' title='bbox 3044 3567 3173 3605; x_wconf 81' lang='lat' dir='ltr'><strong>novo</strong></span> <span class='ocrx_word' id='word_1_517' title='bbox 3208 3551 3478 3605; x_wconf 79' lang='lat' dir='ltr'><strong>inductus.</strong></span> <span class='ocrx_word' id='word_1_518' title='bbox 3527 3551 3673 3604; x_wconf 79' lang='lat' dir='ltr'><strong>Ado-</strong></span> 
     </span>
    </p>
   </div>
   <div class='ocr_carea' id='block_1_72' title="bbox 2106 3640 3669 3714">
    <p class='ocr_par' dir='ltr' id='par_1_72' title="bbox 2106 3640 3669 3714">
     <span class='ocr_line' id='line_1_72' title="bbox 2106 3640 3669 3714; baseline 0.003 -23"><span class='ocrx_word' id='word_1_519' title='bbox 2106 3640 2246 3693; x_wconf 83' lang='lat' dir='ltr'><strong>ratio</strong></span> <span class='ocrx_word' id='word_1_520' title='bbox 2269 3640 2562 3712; x_wconf 82' lang='lat' dir='ltr'><strong>imaginum</strong></span> <span class='ocrx_word' id='word_1_521' title='bbox 2587 3657 2651 3697; x_wconf 72' lang='lat' dir='ltr'><strong>ex</strong></span> <span class='ocrx_word' id='word_1_522' title='bbox 2689 3643 2992 3697; x_wconf 84' lang='lat' dir='ltr'><strong>traditione.</strong></span> <span class='ocrx_word' id='word_1_523' title='bbox 3028 3640 3389 3699; x_wconf 78' lang='lat' dir='ltr'><strong>-—Prteterea</strong></span> <span class='ocrx_word' id='word_1_524' title='bbox 3417 3643 3669 3714; x_wconf 85' lang='lat' dir='ltr'><strong>quisnam</strong></span> 
     </span>
    </p>
   </div>
   <div class='ocr_carea' id='block_1_73' title="bbox 498 3754 2008 3866">
    <p class='ocr_par' dir='ltr' id='par_1_73' title="bbox 498 3754 2008 3866">
     <span class='ocr_line' id='line_1_73' title="bbox 498 3754 2008 3866; baseline 0.006 -32"><span class='ocrx_word' id='word_1_525' title='bbox 498 3781 541 3811; x_wconf 81' lang='grc'>¹¹</span> <span class='ocrx_word' id='word_1_526' title='bbox 558 3779 695 3866; x_wconf 50' lang='lat' dir='ltr'><strong>(aeu.</strong></span> <span class='ocrx_word' id='word_1_527' title='bbox 725 3800 765 3866; x_wconf 57' lang='grc' dir='ltr'><strong>ι,</strong></span> <span class='ocrx_word' id='word_1_528' title='bbox 794 3782 907 3866; x_wconf 57' lang='lat' dir='ltr'><strong>n26.</strong></span> <span class='ocrx_word' id='word_1_529' title='bbox 929 3853 941 3866; x_wconf 78' lang='lat'><em>_</em></span> <span class='ocrx_word' id='word_1_530' title='bbox 986 3783 1029 3814; x_wconf 84' lang='grc'><strong>¹³</strong></span> <span class='ocrx_word' id='word_1_531' title='bbox 1060 3783 1223 3866; x_wconf 31' lang='lat' dir='ltr'><strong>Basili</strong></span> <span class='ocrx_word' id='word_1_532' title='bbox 1254 3786 1363 3866; x_wconf 45' lang='lat' dir='ltr'><strong>lib;</strong></span> <span class='ocrx_word' id='word_1_533' title='bbox 1391 3786 1627 3866; x_wconf 39' lang='lat' dir='ltr'><strong>Dia-Spir.</strong></span> <span class='ocrx_word' id='word_1_534' title='bbox 1659 3754 1865 3866; x_wconf 68' lang='lat' dir='ltr'><strong>sancto,</strong></span> <span class='ocrx_word' id='word_1_535' title='bbox 1892 3802 2008 3866; x_wconf 75' lang='lat' dir='ltr'><strong>cap.</strong></span> 
     </span>
    </p>
   </div>
   <div class='ocr_carea' id='block_1_74' title="bbox 2099 3754 3667 3866">
    <p class='ocr_par' dir='ltr' id='par_1_74' title="bbox 2099 3791 3667 3866">
     <span class='ocr_line' id='line_1_74' title="bbox 2099 3791 3667 3866; baseline 0.006 -21"><span class='ocrx_word' id='word_1_536' title='bbox 2099 3792 2132 3846; x_wconf 81' lang='grc' dir='ltr'><strong>ι.</strong></span> <span class='ocrx_word' id='word_1_537' title='bbox 2212 3792 2253 3823; x_wconf 70' lang='grc' dir='ltr'>ίδ</span> <span class='ocrx_word' id='word_1_538' title='bbox 2283 3791 2452 3866; x_wconf 61' lang='lat' dir='ltr'><strong>Egod.</strong></span> <span class='ocrx_word' id='word_1_539' title='bbox 2484 3811 2678 3861; x_wconf 76' lang='lat' dir='ltr'><strong>xxxiii,</strong></span> <span class='ocrx_word' id='word_1_540' title='bbox 2712 3797 2796 3851; x_wconf 85' lang='grc'>10.</span> <span class='ocrx_word' id='word_1_541' title='bbox 2876 3798 2919 3829; x_wconf 83' lang='grc'><strong>¹⁸</strong></span> <span class='ocrx_word' id='word_1_542' title='bbox 2963 3797 3137 3855; x_wconf 80' lang='lat' dir='ltr'><strong>Exod.</strong></span> <span class='ocrx_word' id='word_1_543' title='bbox 3168 3815 3294 3865; x_wconf 79' lang='lat' dir='ltr'><strong>xxv,</strong></span> <span class='ocrx_word' id='word_1_544' title='bbox 3330 3798 3399 3854; x_wconf 76' lang='grc'><strong>40</strong></span> <span class='ocrx_word' id='word_1_545' title='bbox 3433 3817 3447 3866; x_wconf 89' lang='grc'><strong>;</strong></span> <span class='ocrx_word' id='word_1_546' title='bbox 3500 3799 3667 3857; x_wconf 78' lang='grc' dir='ltr'>Ηοίιι·.</span> 
     </span>
    </p>
   </div>
   <div class='ocr_carea' id='block_1_75' title="bbox 426 3852 629 3912">
    <p class='ocr_par' dir='ltr' id='par_1_75' title="bbox 426 3852 629 3912">
     <span class='ocr_line' id='line_1_75' title="bbox 426 3852 629 3912; baseline 0.01 -8"><span class='ocrx_word' id='word_1_547' title='bbox 426 3866 543 3912; x_wconf 83' lang='grc' dir='ltr'>νιιι,</span> <span class='ocrx_word' id='word_1_548' title='bbox 577 3852 629 3906; x_wconf 85' lang='lat'><strong>5.</strong></span> 
     </span>
    </p>
   </div>
   <div class='ocr_carea' id='block_1_76' title="bbox 725 3852 2412 3928">
    <p class='ocr_par' dir='ltr' id='par_1_76' title="bbox 725 3852 2412 3928">
     <span class='ocr_line' id='line_1_76' title="bbox 725 3852 2412 3928; baseline 0.009 -24"><span class='ocrx_word' id='word_1_549' title='bbox 725 3854 765 3883; x_wconf 84' lang='grc'><strong>¹⁶</strong></span> <span class='ocrx_word' id='word_1_550' title='bbox 793 3852 965 3906; x_wconf 86' lang='lat' dir='ltr'><strong>Exod.</strong></span> <span class='ocrx_word' id='word_1_551' title='bbox 994 3869 1120 3919; x_wconf 72' lang='lat' dir='ltr'><strong>xxv,</strong></span> <span class='ocrx_word' id='word_1_552' title='bbox 1160 3855 1241 3909; x_wconf 83' lang='grc'><strong>18.</strong></span> <span class='ocrx_word' id='word_1_553' title='bbox 1322 3858 1363 3888; x_wconf 85' lang='lat'>&quot;</span> <span class='ocrx_word' id='word_1_554' title='bbox 1423 3856 1486 3910; x_wconf 73' lang='lat' dir='ltr'><strong>Ill</strong></span> <span class='ocrx_word' id='word_1_555' title='bbox 1521 3856 1651 3928; x_wconf 82' lang='lat' dir='ltr'><strong>Reg.</strong></span> <span class='ocrx_word' id='word_1_556' title='bbox 1690 3874 1763 3923; x_wconf 77' lang='lat' dir='ltr'><strong>VI,</strong></span> <span class='ocrx_word' id='word_1_557' title='bbox 1802 3852 1859 3912; x_wconf 80' lang='grc'>1.</span> <span class='ocrx_word' id='word_1_558' title='bbox 1934 3852 1977 3890; x_wconf 75' lang='grc'><strong>¹⁶</strong></span> <span class='ocrx_word' id='word_1_559' title='bbox 2010 3858 2145 3915; x_wconf 89' lang='lat' dir='ltr'><strong>Gen.</strong></span> <span class='ocrx_word' id='word_1_560' title='bbox 2179 3877 2294 3926; x_wconf 78' lang='lat' dir='ltr'><strong>vni,</strong></span> <span class='ocrx_word' id='word_1_561' title='bbox 2322 3863 2412 3919; x_wconf 77' lang='grc'><strong>21.</strong></span> 
     </span>
    </p>
   </div>
   <div class='ocr_carea' id='block_1_77' title="bbox 1646 4024 2317 4082">
    <p class='ocr_par' dir='ltr' id='par_1_77' title="bbox 1646 4024 2317 4082">
     <span class='ocr_line' id='line_1_77' title="bbox 1646 4024 2317 4082; baseline 0.003 -3"><span class='ocrx_word' id='word_1_562' title='bbox 1646 4024 1879 4080; x_wconf 64' lang='lat' dir='ltr'><strong>VARI/li</strong></span> <span class='ocrx_word' id='word_1_563' title='bbox 1918 4025 2317 4082; x_wconf 85' lang='lat' dir='ltr'><strong>LECTIONES.</strong></span> 
     </span>
    </p>
   </div>
   <div class='ocr_carea' id='block_1_78' title="bbox 500 4171 3670 4258">
    <p class='ocr_par' dir='ltr' id='par_1_78' title="bbox 500 4171 3670 4258">
     <span class='ocr_line' id='line_1_78' title="bbox 500 4171 3670 4258; baseline 0.006 -34"><span class='ocrx_word' id='word_1_564' title='bbox 500 4171 681 4258; x_wconf 51' lang='lat' dir='ltr'><strong>r’Mss.</strong></span> <span class='ocrx_word' id='word_1_565' title='bbox 707 4174 862 4258; x_wconf 63' lang='lat' dir='ltr'><strong>multi</strong></span> <span class='ocrx_word' id='word_1_566' title='bbox 893 4175 1265 4258; x_wconf 42' lang='lat' dir='ltr'><strong>:‘dllﬁlopc.</strong></span> <span class='ocrx_word' id='word_1_567' title='bbox 1291 4181 1714 4258; x_wconf 60' lang='grc' dir='ltr'>πεποιημένους.</span> <span class='ocrx_word' id='word_1_568' title='bbox 1791 4193 1813 4219; x_wconf 77' lang='grc'><strong><em>³</em></strong></span> <span class='ocrx_word' id='word_1_569' title='bbox 1841 4184 1968 4240; x_wconf 84' lang='lat' dir='ltr'><strong>Mss.</strong></span> <span class='ocrx_word' id='word_1_570' title='bbox 1997 4185 2276 4257; x_wconf 81' lang='grc' dir='ltr'>θεοφόρος,</span> <span class='ocrx_word' id='word_1_571' title='bbox 2301 4190 2380 4241; x_wconf 83' lang='lat' dir='ltr'><strong>sic</strong></span> <span class='ocrx_word' id='word_1_572' title='bbox 2399 4195 2554 4243; x_wconf 83' lang='lat' dir='ltr'><strong>vetus</strong></span> <span class='ocrx_word' id='word_1_573' title='bbox 2583 4188 2811 4258; x_wconf 90' lang='lat' dir='ltr'><strong>interpr.</strong></span> <span class='ocrx_word' id='word_1_574' title='bbox 2836 4197 2890 4242; x_wconf 88' lang='lat' dir='ltr'><strong>et</strong></span> <span class='ocrx_word' id='word_1_575' title='bbox 2913 4187 3087 4244; x_wconf 86' lang='lat' dir='ltr'><strong>Faber</strong></span> <span class='ocrx_word' id='word_1_576' title='bbox 3110 4187 3399 4257; x_wconf 79' lang='lat' dir='ltr'><strong>Deiferum.</strong></span> <span class='ocrx_word' id='word_1_577' title='bbox 3482 4188 3499 4222; x_wconf 74' lang='grc' dir='ltr'>ι</span> <span class='ocrx_word' id='word_1_578' title='bbox 3532 4185 3670 4242; x_wconf 77' lang='lat' dir='ltr'><strong>Mss.</strong></span> 
     </span>
    </p>
   </div>
   <div class='ocr_carea' id='block_1_79' title="bbox 428 4243 1650 4318">
    <p class='ocr_par' dir='ltr' id='par_1_79' title="bbox 428 4243 1650 4318">
     <span class='ocr_line' id='line_1_79' title="bbox 428 4243 1650 4318; baseline 0.012 -28"><span class='ocrx_word' id='word_1_579' title='bbox 428 4243 680 4316; x_wconf 83' lang='grc' dir='ltr'>ποιήσῃς.</span> <span class='ocrx_word' id='word_1_580' title='bbox 757 4255 785 4282; x_wconf 76' lang='grc' dir='ltr'><strong>ιι</strong></span> <span class='ocrx_word' id='word_1_581' title='bbox 814 4243 949 4299; x_wconf 86' lang='lat' dir='ltr'><strong>Cod.</strong></span> <span class='ocrx_word' id='word_1_582' title='bbox 977 4243 1036 4299; x_wconf 87' lang='lat' dir='ltr'><strong>S.</strong></span> <span class='ocrx_word' id='word_1_583' title='bbox 1058 4243 1172 4300; x_wconf 24' lang='lat' dir='ltr'><strong>‘Hil.</strong></span> <span class='ocrx_word' id='word_1_584' title='bbox 1205 4254 1261 4302; x_wconf 86' lang='lat' dir='ltr'><strong>et</strong></span> <span class='ocrx_word' id='word_1_585' title='bbox 1289 4250 1380 4303; x_wconf 85' lang='lat' dir='ltr'><strong>alii</strong></span> <span class='ocrx_word' id='word_1_586' title='bbox 1409 4243 1650 4318; x_wconf 76' lang='grc' dir='ltr'>δαίμοσι.</span> 
     </span>
    </p>
   </div>
   <div class='ocr_carea' id='block_1_80' title="bbox 1925 4366 2158 4425">
    <p class='ocr_par' dir='ltr' id='par_1_80' title="bbox 1925 4366 2158 4425">
     <span class='ocr_line' id='line_1_80' title="bbox 1925 4366 2158 4425; baseline 0.004 -4"><span class='ocrx_word' id='word_1_587' title='bbox 1925 4366 2158 4425; x_wconf 68' lang='grc' dir='ltr'>ΝΟΤιΕ.</span> 
     </span>
    </p>
   </div>
   <div class='ocr_carea' id='block_1_81' title="bbox 496 4470 3663 4551">
    <p class='ocr_par' dir='ltr' id='par_1_81' title="bbox 496 4470 3663 4551">
     <span class='ocr_line' id='line_1_81' title="bbox 496 4470 3663 4551; baseline 0.003 -24"><span class='ocrx_word' id='word_1_588' title='bbox 496 4470 644 4551; x_wconf 45' lang='grc'><strong>(95⁸).</strong></span> <span class='ocrx_word' id='word_1_589' title='bbox 674 4475 1168 4551; x_wconf 33' lang='grc' dir='ltr'>Παραφροσύιςης-</span> <span class='ocrx_word' id='word_1_590' title='bbox 1203 4479 1418 4551; x_wconf 45' lang='lat' dir='ltr'><strong>cola-vx</strong></span> <span class='ocrx_word' id='word_1_591' title='bbox 1462 4481 1671 4549; x_wconf 75' lang='grc' dir='ltr'>ἄκρας.</span> <span class='ocrx_word' id='word_1_592' title='bbox 1733 4481 1997 4539; x_wconf 72' lang='lat' dir='ltr'><strong>Extrema:</strong></span> <span class='ocrx_word' id='word_1_593' title='bbox 2024 4487 2073 4546; x_wconf 75' lang='grc' dir='ltr'><strong>ι)</strong></span> <span class='ocrx_word' id='word_1_594' title='bbox 2099 4481 2342 4550; x_wconf 88' lang='lat' dir='ltr'><strong>Antiquo</strong></span> <span class='ocrx_word' id='word_1_595' title='bbox 2366 4479 2577 4533; x_wconf 92' lang='lat' dir='ltr'><strong>dierum</strong></span> <span class='ocrx_word' id='word_1_596' title='bbox 2617 4479 2889 4551; x_wconf 83' lang='lat' dir='ltr'><strong>habetur,</strong></span> <span class='ocrx_word' id='word_1_597' title='bbox 2927 4496 2956 4534; x_wconf 94' lang='lat' dir='ltr'><strong>a</strong></span> <span class='ocrx_word' id='word_1_598' title='bbox 2989 4495 3098 4550; x_wconf 95' lang='lat' dir='ltr'><strong>quo</strong></span> <span class='ocrx_word' id='word_1_599' title='bbox 3131 4482 3257 4537; x_wconf 81' lang='lat' dir='ltr'><strong>data</strong></span> <span class='ocrx_word' id='word_1_600' title='bbox 3292 4489 3530 4551; x_wconf 87' lang='lat' dir='ltr'><strong>potestas</strong></span> <span class='ocrx_word' id='word_1_601' title='bbox 3559 4494 3663 4549; x_wconf 85' lang='lat' dir='ltr'><strong>est;</strong></span> 
     </span>
    </p>
   </div>
   <div class='ocr_carea' id='block_1_82' title="bbox 425 4540 1995 4618">
    <p class='ocr_par' dir='ltr' id='par_1_82' title="bbox 425 4540 1995 4618">
     <span class='ocr_line' id='line_1_82' title="bbox 425 4540 1995 4618; baseline 0.011 -25"><span class='ocrx_word' id='word_1_602' title='bbox 425 4541 589 4618; x_wconf 71' lang='lat' dir='ltr'><strong>igitur</strong></span> <span class='ocrx_word' id='word_1_603' title='bbox 610 4540 906 4618; x_wconf 63' lang='lat' dir='ltr'><strong>dementire,</strong></span> <span class='ocrx_word' id='word_1_604' title='bbox 928 4553 1036 4599; x_wconf 89' lang='lat' dir='ltr'><strong>etc.</strong></span> <span class='ocrx_word' id='word_1_605' title='bbox 1068 4540 1262 4618; x_wconf 49' lang='lat' dir='ltr'><strong>ld&#39;jam</strong></span> <span class='ocrx_word' id='word_1_606' title='bbox 1291 4540 1575 4618; x_wconf 72' lang='lat' dir='ltr'><strong>professus</strong></span> <span class='ocrx_word' id='word_1_607' title='bbox 1602 4540 1718 4605; x_wconf 73' lang='lat' dir='ltr'><strong>erat</strong></span> <span class='ocrx_word' id='word_1_608' title='bbox 1749 4554 1802 4606; x_wconf 89' lang='lat' dir='ltr'><strong>in</strong></span> <span class='ocrx_word' id='word_1_609' title='bbox 1836 4554 1995 4611; x_wconf 89' lang='lat' dir='ltr'><strong>libris</strong></span> 
     </span>
    </p>
   </div>
   <div class='ocr_carea' id='block_1_83' title="bbox 464 4613 1996 4690">
    <p class='ocr_par' dir='ltr' id='par_1_83' title="bbox 464 4613 1996 4690">
     <span class='ocr_line' id='line_1_83' title="bbox 464 4613 1996 4690; baseline 0.01 -28"><span class='ocrx_word' id='word_1_610' title='bbox 464 4626 493 4690; x_wconf 64' lang='grc' dir='ltr'><strong>εξ</strong></span> <span class='ocrx_word' id='word_1_611' title='bbox 543 4613 703 4681; x_wconf 84' lang='lat' dir='ltr'><strong>imag.</strong></span> <span class='ocrx_word' id='word_1_612' title='bbox 742 4613 887 4690; x_wconf 81' lang='lat' dir='ltr'><strong>quod</strong></span> <span class='ocrx_word' id='word_1_613' title='bbox 955 4613 1185 4690; x_wconf 79' lang='lat' dir='ltr'><strong>septima</strong></span> <span class='ocrx_word' id='word_1_614' title='bbox 1226 4613 1469 4690; x_wconf 76' lang='lat' dir='ltr'><strong>synodus</strong></span> <span class='ocrx_word' id='word_1_615' title='bbox 1537 4623 1832 4690; x_wconf 54' lang='lat' dir='ltr'><strong>exterique</strong></span> <span class='ocrx_word' id='word_1_616' title='bbox 1862 4626 1996 4678; x_wconf 89' lang='lat' dir='ltr'><strong>ima-</strong></span> 
     </span>
    </p>
   </div>
   <div class='ocr_carea' id='block_1_84' title="bbox 426 4684 1998 4761">
    <p class='ocr_par' dir='ltr' id='par_1_84' title="bbox 426 4684 1998 4761">
     <span class='ocr_line' id='line_1_84' title="bbox 426 4684 1998 4761; baseline 0.011 -31"><span class='ocrx_word' id='word_1_617' title='bbox 426 4684 614 4761; x_wconf 67' lang='lat' dir='ltr'><strong>ginum</strong></span> <span class='ocrx_word' id='word_1_618' title='bbox 645 4684 1480 4761; x_wconf 24' lang='lat' dir='ltr'><strong>_pat_roni_approbavere.‘Vide</strong></span> <span class='ocrx_word' id='word_1_619' title='bbox 1518 4693 1677 4759; x_wconf 88' lang='lat' dir='ltr'><strong>epist.</strong></span> <span class='ocrx_word' id='word_1_620' title='bbox 1719 4684 1998 4761; x_wconf 74' lang='lat' dir='ltr'><strong>episcopo-</strong></span> 
     </span>
    </p>
   </div>
   <div class='ocr_carea' id='block_1_85' title="bbox 426 4749 1993 4826">
    <p class='ocr_par' dir='ltr' id='par_1_85' title="bbox 426 4749 1993 4826">
     <span class='ocr_line' id='line_1_85' title="bbox 426 4749 1993 4826; baseline 0.011 -27"><span class='ocrx_word' id='word_1_621' title='bbox 426 4749 808 4826; x_wconf 48' lang='lat' dir='ltr'><strong>riutigrieittis</strong></span> <span class='ocrx_word' id='word_1_622' title='bbox 842 4754 908 4808; x_wconf 89' lang='lat' dir='ltr'><strong>ad</strong></span> <span class='ocrx_word' id='word_1_623' title='bbox 939 4749 1235 4826; x_wconf 57' lang='lat' dir='ltr'><strong>s&#39;y&#39;nodum,</strong></span> <span class='ocrx_word' id='word_1_624' title='bbox 1262 4749 1565 4826; x_wconf 48' lang='lat' dir='ltr'><strong>epistolam.</strong></span> <span class='ocrx_word' id='word_1_625' title='bbox 1585 4762 1709 4815; x_wconf 89' lang='lat' dir='ltr'><strong>item</strong></span> <span class='ocrx_word' id='word_1_626' title='bbox 1734 4749 1993 4817; x_wconf 70' lang='lat' dir='ltr'><strong>Germani</strong></span> 
     </span>
    </p>
   </div>
   <div class='ocr_carea' id='block_1_86' title="bbox 427 4818 1994 4896">
    <p class='ocr_par' dir='ltr' id='par_1_86' title="bbox 427 4818 1994 4896">
     <span class='ocr_line' id='line_1_86' title="bbox 427 4818 1994 4896; baseline 0.011 -27"><span class='ocrx_word' id='word_1_627' title='bbox 427 4818 534 4896; x_wconf 72' lang='lat' dir='ltr'><strong>(_}P.</strong></span> <span class='ocrx_word' id='word_1_628' title='bbox 560 4819 901 4896; x_wconf 82' lang='lat' dir='ltr'><strong>Nicephorus</strong></span> <span class='ocrx_word' id='word_1_629' title='bbox 926 4818 1147 4896; x_wconf 81' lang='lat' dir='ltr'><strong>quoque</strong></span> <span class='ocrx_word' id='word_1_630' title='bbox 1178 4825 1233 4877; x_wconf 94' lang='lat' dir='ltr'><strong>in</strong></span> <span class='ocrx_word' id='word_1_631' title='bbox 1263 4818 1633 4896; x_wconf 76' lang='lat' dir='ltr'><strong>disputatione</strong></span> <span class='ocrx_word' id='word_1_632' title='bbox 1661 4845 1784 4885; x_wconf 87' lang='lat' dir='ltr'><strong>cum</strong></span> <span class='ocrx_word' id='word_1_633' title='bbox 1816 4832 1994 4887; x_wconf 87' lang='lat' dir='ltr'><strong>Leone</strong></span> 
     </span>
    </p>
   </div>
   <div class='ocr_carea' id='block_1_87' title="bbox 427 4891 1995 4965">
    <p class='ocr_par' dir='ltr' id='par_1_87' title="bbox 427 4891 1995 4965">
     <span class='ocr_line' id='line_1_87' title="bbox 427 4891 1995 4965; baseline 0.011 -26"><span class='ocrx_word' id='word_1_634' title='bbox 427 4891 667 4965; x_wconf 82' lang='lat' dir='ltr'><strong>Armeno</strong></span> <span class='ocrx_word' id='word_1_635' title='bbox 714 4892 955 4965; x_wconf 72' lang='lat' dir='ltr'><strong>inculcat</strong></span> <span class='ocrx_word' id='word_1_636' title='bbox 995 4910 1023 4948; x_wconf 90' lang='lat' dir='ltr'><strong>a</strong></span> <span class='ocrx_word' id='word_1_637' title='bbox 1064 4891 1250 4965; x_wconf 86' lang='lat' dir='ltr'><strong>Moyse</strong></span> <span class='ocrx_word' id='word_1_638' title='bbox 1302 4891 1527 4951; x_wconf 78' lang='lat' dir='ltr'><strong>vetitum</strong></span> <span class='ocrx_word' id='word_1_639' title='bbox 1586 4915 1709 4955; x_wconf 88' lang='lat' dir='ltr'><strong>esse</strong></span> <span class='ocrx_word' id='word_1_640' title='bbox 1764 4901 1995 4957; x_wconf 87' lang='lat' dir='ltr'><strong>Deitatis</strong></span> 
     </span>
    </p>
   </div>
   <div class='ocr_carea' id='block_1_88' title="bbox 428 4961 1994 5034">
    <p class='ocr_par' dir='ltr' id='par_1_88' title="bbox 428 4961 1994 5034">
     <span class='ocr_line' id='line_1_88' title="bbox 428 4961 1994 5034; baseline 0.011 -25"><span class='ocrx_word' id='word_1_641' title='bbox 428 4972 595 5034; x_wconf 78' lang='lat' dir='ltr'><strong>omne</strong></span> <span class='ocrx_word' id='word_1_642' title='bbox 621 4961 972 5034; x_wconf 81' lang='lat' dir='ltr'><strong>simulacrum</strong></span> <span class='ocrx_word' id='word_1_643' title='bbox 998 4980 1011 5029; x_wconf 92' lang='lat'><strong>;</strong></span> <span class='ocrx_word' id='word_1_644' title='bbox 1046 4961 1222 5034; x_wconf 72' lang='lat' dir='ltr'><strong>atque</strong></span> <span class='ocrx_word' id='word_1_645' title='bbox 1252 4965 1389 5020; x_wconf 90' lang='lat' dir='ltr'><strong>adeo</strong></span> <span class='ocrx_word' id='word_1_646' title='bbox 1423 4965 1697 5023; x_wconf 89' lang='lat' dir='ltr'><strong>lsraelitas</strong></span> <span class='ocrx_word' id='word_1_647' title='bbox 1728 4987 1835 5025; x_wconf 92' lang='lat' dir='ltr'><strong>non</strong></span> <span class='ocrx_word' id='word_1_648' title='bbox 1870 4973 1994 5026; x_wconf 88' lang='lat' dir='ltr'><strong>sine</strong></span> 
     </span>
    </p>
   </div>
   <div class='ocr_carea' id='block_1_89' title="bbox 429 5026 1990 5103">
    <p class='ocr_par' dir='ltr' id='par_1_89' title="bbox 429 5026 1990 5103">
     <span class='ocr_line' id='line_1_89' title="bbox 429 5026 1990 5103; baseline 0.008 -23"><span class='ocrx_word' id='word_1_649' title='bbox 429 5026 756 5103; x_wconf 68' lang='lat' dir='ltr'><strong>idololatriae</strong></span> <span class='ocrx_word' id='word_1_650' title='bbox 786 5034 942 5103; x_wconf 88' lang='lat' dir='ltr'><strong>culpa</strong></span> <span class='ocrx_word' id='word_1_651' title='bbox 970 5026 1147 5089; x_wconf 63' lang='lat' dir='ltr'><strong>Deum&#39;</strong></span> <span class='ocrx_word' id='word_1_652' title='bbox 1180 5036 1283 5089; x_wconf 91' lang='lat' dir='ltr'><strong>sub</strong></span> <span class='ocrx_word' id='word_1_653' title='bbox 1312 5037 1486 5090; x_wconf 82' lang='lat' dir='ltr'><strong>forma</strong></span> <span class='ocrx_word' id='word_1_654' title='bbox 1515 5039 1671 5092; x_wconf 90' lang='lat' dir='ltr'><strong>vituli</strong></span> <span class='ocrx_word' id='word_1_655' title='bbox 1707 5042 1990 5096; x_wconf 86' lang='lat' dir='ltr'><strong>adorasse.</strong></span> 
     </span>
    </p>
   </div>
   <div class='ocr_carea' id='block_1_90' title="bbox 427 5096 1995 5178">
    <p class='ocr_par' dir='ltr' id='par_1_90' title="bbox 427 5096 1995 5178">
     <span class='ocr_line' id='line_1_90' title="bbox 427 5096 1995 5178; baseline 0.011 -29"><span class='ocrx_word' id='word_1_656' title='bbox 427 5096 507 5149; x_wconf 82' lang='lat' dir='ltr'><strong>Ad</strong></span> <span class='ocrx_word' id='word_1_657' title='bbox 532 5113 701 5178; x_wconf 73' lang='lat' dir='ltr'><strong>quem</strong></span> <span class='ocrx_word' id='word_1_658' title='bbox 731 5096 911 5178; x_wconf 71' lang='lat' dir='ltr'><strong>locum</strong></span> <span class='ocrx_word' id='word_1_659' title='bbox 941 5102 1319 5178; x_wconf 12' lang='lat' dir='ltr'><strong>Coritbeﬁsiusi</strong></span> <span class='ocrx_word' id='word_1_660' title='bbox 1348 5107 1462 5161; x_wconf 69' lang='lat' dir='ltr'><strong>haec</strong></span> <span class='ocrx_word' id='word_1_661' title='bbox 1491 5107 1744 5164; x_wconf 85' lang='lat' dir='ltr'><strong>observat</strong></span> <span class='ocrx_word' id='word_1_662' title='bbox 1775 5129 1788 5164; x_wconf 89' lang='lat'><strong>:</strong></span> <span class='ocrx_word' id='word_1_663' title='bbox 1831 5130 1849 5162; x_wconf 79' lang='grc' dir='ltr'><strong>ι</strong></span> <span class='ocrx_word' id='word_1_664' title='bbox 1884 5113 1995 5165; x_wconf 81' lang='lat' dir='ltr'><strong>Se-</strong></span> 
     </span>
    </p>
   </div>
   <div class='ocr_carea' id='block_1_91' title="bbox 427 5169 1995 5249">
    <p class='ocr_par' dir='ltr' id='par_1_91' title="bbox 427 5169 1995 5249">
     <span class='ocr_line' id='line_1_91' title="bbox 427 5169 1995 5249; baseline 0.01 -31"><span class='ocrx_word' id='word_1_665' title='bbox 427 5169 731 5249; x_wconf 47' lang='lat' dir='ltr'><strong>veri_or.ltic</strong></span> <span class='ocrx_word' id='word_1_666' title='bbox 765 5169 1073 5249; x_wconf 80' lang='lat' dir='ltr'><strong>_Nicepl_iori</strong></span> <span class='ocrx_word' id='word_1_667' title='bbox 1091 5177 1360 5230; x_wconf 79' lang='lat' dir='ltr'><strong>sententia</strong></span> <span class='ocrx_word' id='word_1_668' title='bbox 1397 5178 1452 5229; x_wconf 92' lang='lat' dir='ltr'><strong>in</strong></span> <span class='ocrx_word' id='word_1_669' title='bbox 1492 5182 1701 5249; x_wconf 78' lang='lat' dir='ltr'><strong>eosqui</strong></span> <span class='ocrx_word' id='word_1_670' title='bbox 1742 5179 1835 5235; x_wconf 88' lang='lat' dir='ltr'><strong>Dei</strong></span> <span class='ocrx_word' id='word_1_671' title='bbox 1882 5181 1995 5234; x_wconf 92' lang='lat' dir='ltr'><strong>ullo</strong></span> 
     </span>
    </p>
   </div>
   <div class='ocr_carea' id='block_1_92' title="bbox 429 5238 1993 5320">
    <p class='ocr_par' dir='ltr' id='par_1_92' title="bbox 429 5238 1993 5320">
     <span class='ocr_line' id='line_1_92' title="bbox 429 5238 1993 5320; baseline 0.01 -32"><span class='ocrx_word' id='word_1_672' title='bbox 429 5238 594 5320; x_wconf 76' lang='lat' dir='ltr'><strong>modo</strong></span> <span class='ocrx_word' id='word_1_673' title='bbox 622 5238 920 5320; x_wconf 40' lang='lat' dir='ltr'><strong>imagines:</strong></span> <span class='ocrx_word' id='word_1_674' title='bbox 937 5244 1231 5320; x_wconf 77' lang='lat' dir='ltr'><strong>fabricant,</strong></span> <span class='ocrx_word' id='word_1_675' title='bbox 1267 5238 1712 5320; x_wconf 75' lang='lat' dir='ltr'><strong>quosgentilium</strong></span> <span class='ocrx_word' id='word_1_676' title='bbox 1753 5250 1993 5320; x_wconf 83' lang='lat' dir='ltr'><strong>dogmati</strong></span> 
     </span>
    </p>
   </div>
   <div class='ocr_carea' id='block_1_93' title="bbox 428 5313 1995 5387">
    <p class='ocr_par' dir='ltr' id='par_1_93' title="bbox 428 5313 1995 5387">
     <span class='ocr_line' id='line_1_93' title="bbox 428 5313 1995 5387; baseline 0.012 -30"><span class='ocrx_word' id='word_1_677' title='bbox 428 5313 635 5387; x_wconf 62' lang='lat' dir='ltr'><strong>socios,</strong></span> <span class='ocrx_word' id='word_1_678' title='bbox 671 5313 901 5387; x_wconf 71' lang='lat' dir='ltr'><strong>extremi</strong></span> <span class='ocrx_word' id='word_1_679' title='bbox 952 5315 1145 5384; x_wconf 86' lang='lat' dir='ltr'><strong>dignos</strong></span> <span class='ocrx_word' id='word_1_680' title='bbox 1189 5313 1455 5385; x_wconf 72' lang='lat' dir='ltr'><strong>supplicii</strong></span> <span class='ocrx_word' id='word_1_681' title='bbox 1490 5313 1854 5386; x_wconf 45' lang='lat' dir='ltr'><strong>pronuntiat:</strong></span> <span class='ocrx_word' id='word_1_682' title='bbox 1884 5319 1995 5375; x_wconf 84' lang='lat' dir='ltr'><strong>Nec</strong></span> 
     </span>
    </p>
   </div>
   <div class='ocr_carea' id='block_1_94' title="bbox 429 5373 1991 5458">
    <p class='ocr_par' dir='ltr' id='par_1_94' title="bbox 429 5373 1991 5458">
     <span class='ocr_line' id='line_1_94' title="bbox 429 5373 1991 5458; baseline 0.012 -32"><span class='ocrx_word' id='word_1_683' title='bbox 429 5373 592 5458; x_wconf 74' lang='lat' dir='ltr'><strong>facile</strong></span> <span class='ocrx_word' id='word_1_684' title='bbox 625 5378 995 5436; x_wconf 87' lang='lat' dir='ltr'><strong>admissurum</strong></span> <span class='ocrx_word' id='word_1_685' title='bbox 1010 5373 1236 5458; x_wconf 45' lang='lat' dir='ltr'><strong>“putem,</strong></span> <span class='ocrx_word' id='word_1_686' title='bbox 1260 5373 1423 5458; x_wconf 59' lang='lat' dir='ltr'><strong>quod</strong></span> <span class='ocrx_word' id='word_1_687' title='bbox 1463 5373 1584 5441; x_wconf 71' lang='lat' dir='ltr'><strong>rudi</strong></span> <span class='ocrx_word' id='word_1_688' title='bbox 1619 5373 1833 5458; x_wconf 85' lang='lat' dir='ltr'><strong>pictura</strong></span> <span class='ocrx_word' id='word_1_689' title='bbox 1864 5373 1991 5443; x_wconf 54' lang='lat' dir='ltr'><strong>Tri;</strong></span> 
     </span>
    </p>
   </div>
   <div class='ocr_carea' id='block_1_95' title="bbox 430 5455 1992 5525">
    <p class='ocr_par' dir='ltr' id='par_1_95' title="bbox 430 5455 1992 5525">
     <span class='ocr_line' id='line_1_95' title="bbox 430 5455 1992 5525; baseline 0.012 -28"><span class='ocrx_word' id='word_1_690' title='bbox 430 5455 623 5525; x_wconf 65' lang='lat' dir='ltr'><strong>uitatis</strong></span> <span class='ocrx_word' id='word_1_691' title='bbox 669 5462 930 5525; x_wconf 57' lang='lat' dir='ltr'><strong>arcanum</strong></span> <span class='ocrx_word' id='word_1_692' title='bbox 966 5455 1250 5525; x_wconf 83' lang='lat' dir='ltr'><strong>nonnullis</strong></span> <span class='ocrx_word' id='word_1_693' title='bbox 1287 5455 1636 5525; x_wconf 69' lang='lat' dir='ltr'><strong>delineatnr,</strong></span> <span class='ocrx_word' id='word_1_694' title='bbox 1669 5466 1726 5512; x_wconf 92' lang='lat' dir='ltr'><strong>ut</strong></span> <span class='ocrx_word' id='word_1_695' title='bbox 1757 5460 1992 5515; x_wconf 90' lang='lat' dir='ltr'><strong>senioris</strong></span> 
     </span>
    </p>
   </div>
   <div class='ocr_carea' id='block_1_96' title="bbox 431 5518 1988 5598">
    <p class='ocr_par' dir='ltr' id='par_1_96' title="bbox 431 5518 1988 5598">
     <span class='ocr_line' id='line_1_96' title="bbox 431 5518 1988 5598; baseline 0.012 -34"><span class='ocrx_word' id='word_1_696' title='bbox 431 5518 537 5598; x_wconf 72' lang='lat' dir='ltr'><strong>viri</strong></span> <span class='ocrx_word' id='word_1_697' title='bbox 568 5518 749 5598; x_wconf 76' lang='lat' dir='ltr'><strong>specie</strong></span> <span class='ocrx_word' id='word_1_698' title='bbox 779 5519 995 5598; x_wconf 52' lang='lat' dir='ltr'><strong>lfatrem</strong></span> <span class='ocrx_word' id='word_1_699' title='bbox 1027 5523 1351 5591; x_wconf 82' lang='lat' dir='ltr'><strong>designent;</strong></span> <span class='ocrx_word' id='word_1_700' title='bbox 1387 5518 1740 5598; x_wconf 48' lang='lat' dir='ltr'><strong>Filium,&#39;qua</strong></span> <span class='ocrx_word' id='word_1_701' title='bbox 1769 5544 1988 5584; x_wconf 89' lang='lat' dir='ltr'><strong>carnem</strong></span> 
     </span>
    </p>
   </div>
   <div class='ocr_carea' id='block_1_97' title="bbox 432 5588 1991 5667">
    <p class='ocr_par' dir='ltr' id='par_1_97' title="bbox 432 5588 1991 5667">
     <span class='ocr_line' id='line_1_97' title="bbox 432 5588 1991 5667; baseline 0.012 -34"><span class='ocrx_word' id='word_1_702' title='bbox 432 5588 763 5667; x_wconf 72' lang='lat' dir='ltr'><strong>assumpsit,</strong></span> <span class='ocrx_word' id='word_1_703' title='bbox 792 5588 1067 5667; x_wconf 80' lang='lat' dir='ltr'><strong>hominem</strong></span> <span class='ocrx_word' id='word_1_704' title='bbox 1101 5588 1529 5667; x_wconf 70' lang='lat' dir='ltr'><strong>repraesentem;</strong></span> <span class='ocrx_word' id='word_1_705' title='bbox 1569 5588 1833 5667; x_wconf 80' lang='lat' dir='ltr'><strong>Spiritum</strong></span> <span class='ocrx_word' id='word_1_706' title='bbox 1862 5614 1991 5654; x_wconf 88' lang='lat' dir='ltr'><strong>san-</strong></span> 
     </span>
    </p>
   </div>
   <div class='ocr_carea' id='block_1_98' title="bbox 432 5661 1988 5738">
    <p class='ocr_par' dir='ltr' id='par_1_98' title="bbox 432 5661 1988 5738">
     <span class='ocr_line' id='line_1_98' title="bbox 432 5661 1988 5738; baseline 0.014 -37"><span class='ocrx_word' id='word_1_707' title='bbox 432 5661 1055 5738; x_wconf 37' lang='lat' dir='ltr'><strong>etiitr&#39;r‘thtanapparuit</strong></span> <span class='ocrx_word' id='word_1_708' title='bbox 1094 5663 1360 5738; x_wconf 62' lang='lat' dir='ltr'><strong>columba:</strong></span> <span class='ocrx_word' id='word_1_709' title='bbox 1409 5661 1626 5738; x_wconf 46' lang='lat' dir='ltr'><strong>specie:</strong></span> <span class='ocrx_word' id='word_1_710' title='bbox 1662 5669 1738 5723; x_wconf 85' lang='lat' dir='ltr'><strong>Ae</strong></span> <span class='ocrx_word' id='word_1_711' title='bbox 1770 5669 1988 5738; x_wconf 89' lang='lat' dir='ltr'><strong>quidem</strong></span> 
     </span>
    </p>
   </div>
   <div class='ocr_carea' id='block_1_99' title="bbox 434 5720 1993 5801">
    <p class='ocr_par' dir='ltr' id='par_1_99' title="bbox 434 5720 1993 5801">
     <span class='ocr_line' id='line_1_99' title="bbox 434 5720 1993 5801; baseline 0.013 -28"><span class='ocrx_word' id='word_1_712' title='bbox 434 5720 506 5775; x_wconf 85' lang='lat' dir='ltr'><strong>de</strong></span> <span class='ocrx_word' id='word_1_713' title='bbox 553 5720 714 5779; x_wconf 76' lang='lat' dir='ltr'><strong>Patre</strong></span> <span class='ocrx_word' id='word_1_714' title='bbox 766 5720 943 5783; x_wconf 65' lang='lat' dir='ltr'><strong>lavere</strong></span> <span class='ocrx_word' id='word_1_715' title='bbox 973 5730 1316 5795; x_wconf 83' lang='lat' dir='ltr'><strong>existimant,</strong></span> <span class='ocrx_word' id='word_1_716' title='bbox 1376 5720 1520 5801; x_wconf 58' lang='lat' dir='ltr'><strong>qu&#39;od</strong></span> <span class='ocrx_word' id='word_1_717' title='bbox 1569 5720 1993 5794; x_wconf 53' lang='grc' dir='ltr'><strong>ιιειὶίὁιῗῖιῖὶιὸ</strong></span> 
     </span>
    </p>
   </div>
   <div class='ocr_carea' id='block_1_100' title="bbox 2099 4550 3665 4618">
    <p class='ocr_par' dir='ltr' id='par_1_100' title="bbox 2099 4550 3665 4618">
     <span class='ocr_line' id='line_1_100' title="bbox 2099 4550 3665 4618; baseline 0.001 -11"><span class='ocrx_word' id='word_1_718' title='bbox 2099 4563 2153 4607; x_wconf 92' lang='lat' dir='ltr'><strong>et</strong></span> <span class='ocrx_word' id='word_1_719' title='bbox 2186 4551 2382 4616; x_wconf 84' lang='lat' dir='ltr'><strong>honor,</strong></span> <span class='ocrx_word' id='word_1_720' title='bbox 2401 4560 2463 4603; x_wconf 90' lang='lat' dir='ltr'><strong>.et</strong></span> <span class='ocrx_word' id='word_1_721' title='bbox 2495 4564 2725 4618; x_wconf 88' lang='lat' dir='ltr'><strong>regnum</strong></span> <span class='ocrx_word' id='word_1_722' title='bbox 2769 4550 2908 4605; x_wconf 88' lang='lat' dir='ltr'><strong>Filio</strong></span> <span class='ocrx_word' id='word_1_723' title='bbox 2944 4551 3202 4608; x_wconf 88' lang='lat' dir='ltr'><strong>hominis.</strong></span> <span class='ocrx_word' id='word_1_724' title='bbox 3247 4550 3314 4605; x_wconf 82' lang='lat' dir='ltr'><strong>At</strong></span> <span class='ocrx_word' id='word_1_725' title='bbox 3345 4560 3523 4615; x_wconf 85' lang='lat' dir='ltr'><strong>certe,</strong></span> <span class='ocrx_word' id='word_1_726' title='bbox 3556 4570 3665 4609; x_wconf 92' lang='lat' dir='ltr'><strong>non</strong></span> 
     </span>
    </p>
   </div>
   <div class='ocr_carea' id='block_1_101' title="bbox 2098 4619 3662 4691">
    <p class='ocr_par' dir='ltr' id='par_1_101' title="bbox 2098 4619 3662 4691">
     <span class='ocr_line' id='line_1_101' title="bbox 2098 4619 3662 4691; baseline 0.001 -16"><span class='ocrx_word' id='word_1_727' title='bbox 2098 4622 2189 4675; x_wconf 88' lang='lat' dir='ltr'><strong>bie</strong></span> <span class='ocrx_word' id='word_1_728' title='bbox 2215 4619 2379 4691; x_wconf 81' lang='lat' dir='ltr'><strong>Pater</strong></span> <span class='ocrx_word' id='word_1_729' title='bbox 2407 4619 2876 4691; x_wconf 45' lang='lat' dir='ltr'><strong>aeternustrima</strong></span> <span class='ocrx_word' id='word_1_730' title='bbox 2920 4621 3131 4691; x_wconf 72' lang='lat' dir='ltr'><strong>scilicet</strong></span> <span class='ocrx_word' id='word_1_731' title='bbox 3164 4621 3383 4676; x_wconf 88' lang='lat' dir='ltr'><strong>deitatis</strong></span> <span class='ocrx_word' id='word_1_732' title='bbox 3409 4638 3662 4691; x_wconf 88' lang='lat' dir='ltr'><strong>persona,</strong></span> 
     </span>
    </p>
   </div>
   <div class='ocr_carea' id='block_1_102' title="bbox 2098 4688 3665 4759">
    <p class='ocr_par' dir='ltr' id='par_1_102' title="bbox 2098 4688 3665 4759">
     <span class='ocr_line' id='line_1_102' title="bbox 2098 4688 3665 4759; baseline 0.004 -15"><span class='ocrx_word' id='word_1_733' title='bbox 2098 4690 2293 4759; x_wconf 82' lang='lat' dir='ltr'><strong>magis.</strong></span> <span class='ocrx_word' id='word_1_734' title='bbox 2328 4703 2492 4759; x_wconf 68' lang='lat' dir='ltr'><strong>quam</strong></span> <span class='ocrx_word' id='word_1_735' title='bbox 2518 4689 2610 4759; x_wconf 76' lang='lat' dir='ltr'><strong>vel</strong></span> <span class='ocrx_word' id='word_1_736' title='bbox 2645 4688 2839 4754; x_wconf 83' lang='lat' dir='ltr'><strong>Filius,</strong></span> <span class='ocrx_word' id='word_1_737' title='bbox 2872 4691 2957 4745; x_wconf 87' lang='lat' dir='ltr'><strong>vel</strong></span> <span class='ocrx_word' id='word_1_738' title='bbox 2993 4688 3230 4759; x_wconf 84' lang='lat' dir='ltr'><strong>Spiritus</strong></span> <span class='ocrx_word' id='word_1_739' title='bbox 3269 4688 3534 4748; x_wconf 80' lang='lat' dir='ltr'><strong>sanctus:</strong></span> <span class='ocrx_word' id='word_1_740' title='bbox 3568 4698 3665 4751; x_wconf 88' lang='lat' dir='ltr'><strong>sed</strong></span> 
     </span>
    </p>
   </div>
   <div class='ocr_carea' id='block_1_103' title="bbox 2099 4756 3667 4831">
    <p class='ocr_par' dir='ltr' id='par_1_103' title="bbox 2099 4756 3667 4831">
     <span class='ocr_line' id='line_1_103' title="bbox 2099 4756 3667 4831; baseline 0.003 -17"><span class='ocrx_word' id='word_1_741' title='bbox 2099 4756 2258 4815; x_wconf 77' lang='lat' dir='ltr'><strong>beata</strong></span> <span class='ocrx_word' id='word_1_742' title='bbox 2291 4756 2705 4831; x_wconf 71' lang='lat' dir='ltr'><strong>ipSa_Tri|titas,</strong></span> <span class='ocrx_word' id='word_1_743' title='bbox 2741 4774 2807 4812; x_wconf 89' lang='lat' dir='ltr'><strong>ac</strong></span> <span class='ocrx_word' id='word_1_744' title='bbox 2841 4775 2984 4831; x_wconf 67' lang='lat' dir='ltr'><strong>unus</strong></span> <span class='ocrx_word' id='word_1_745' title='bbox 3023 4756 3141 4829; x_wconf 76' lang='lat' dir='ltr'><strong>ipse</strong></span> <span class='ocrx_word' id='word_1_746' title='bbox 3175 4762 3341 4827; x_wconf 89' lang='lat' dir='ltr'><strong>Deus,</strong></span> <span class='ocrx_word' id='word_1_747' title='bbox 3375 4764 3537 4831; x_wconf 88' lang='lat' dir='ltr'><strong>cujus</strong></span> <span class='ocrx_word' id='word_1_748' title='bbox 3581 4768 3667 4818; x_wconf 87' lang='lat' dir='ltr'><strong>in-</strong></span> 
     </span>
    </p>
   </div>
   <div class='ocr_carea' id='block_1_104' title="bbox 2097 4825 3662 4902">
    <p class='ocr_par' dir='ltr' id='par_1_104' title="bbox 2097 4825 3662 4902">
     <span class='ocr_line' id='line_1_104' title="bbox 2097 4825 3662 4902; baseline 0.004 -20"><span class='ocrx_word' id='word_1_749' title='bbox 2097 4825 2348 4902; x_wconf 75' lang='lat' dir='ltr'><strong>carnatio</strong></span> <span class='ocrx_word' id='word_1_750' title='bbox 2373 4825 2738 4902; x_wconf 29' lang='lat' dir='ltr'><strong>eﬂ&#39;ectus‘est,</strong></span> <span class='ocrx_word' id='word_1_751' title='bbox 2774 4843 2838 4882; x_wconf 90' lang='lat' dir='ltr'><strong>ac</strong></span> <span class='ocrx_word' id='word_1_752' title='bbox 2871 4825 3059 4902; x_wconf 71' lang='lat' dir='ltr'><strong>Filius</strong></span> <span class='ocrx_word' id='word_1_753' title='bbox 3073 4825 3332 4902; x_wconf 84' lang='lat' dir='ltr'><strong>hominis,</strong></span> <span class='ocrx_word' id='word_1_754' title='bbox 3358 4825 3464 4902; x_wconf 76' lang='lat' dir='ltr'><strong>qua</strong></span> <span class='ocrx_word' id='word_1_755' title='bbox 3491 4833 3662 4890; x_wconf 88' lang='lat' dir='ltr'><strong>Filius</strong></span> 
     </span>
    </p>
   </div>
   <div class='ocr_carea' id='block_1_105' title="bbox 2098 4896 3665 4978">
    <p class='ocr_par' dir='ltr' id='par_1_105' title="bbox 2098 4896 3665 4978">
     <span class='ocr_line' id='line_1_105' title="bbox 2098 4896 3665 4978; baseline 0.003 -26"><span class='ocrx_word' id='word_1_756' title='bbox 2098 4897 2342 4978; x_wconf 70' lang='lat' dir='ltr'><strong>hominis</strong></span> <span class='ocrx_word' id='word_1_757' title='bbox 2370 4904 2490 4960; x_wconf 91' lang='lat' dir='ltr'><strong>est,</strong></span> <span class='ocrx_word' id='word_1_758' title='bbox 2524 4896 2618 4978; x_wconf 75' lang='lat' dir='ltr'><strong>qui</strong></span> <span class='ocrx_word' id='word_1_759' title='bbox 2661 4898 2779 4978; x_wconf 71' lang='lat' dir='ltr'><strong>ipse</strong></span> <span class='ocrx_word' id='word_1_760' title='bbox 2804 4914 2909 4968; x_wconf 91' lang='lat' dir='ltr'><strong>qua</strong></span> <span class='ocrx_word' id='word_1_761' title='bbox 2939 4899 3112 4978; x_wconf 73' lang='lat' dir='ltr'><strong>Filius</strong></span> <span class='ocrx_word' id='word_1_762' title='bbox 3141 4901 3273 4978; x_wconf 83' lang='lat' dir='ltr'><strong>Dei,</strong></span> <span class='ocrx_word' id='word_1_763' title='bbox 3302 4896 3505 4978; x_wconf 49' lang='lat' dir='ltr'><strong>eadem</strong></span> <span class='ocrx_word' id='word_1_764' title='bbox 3541 4920 3665 4978; x_wconf 67' lang='lat' dir='ltr'><strong>ante</strong></span> 
     </span>
    </p>
   </div>
   <div class='ocr_carea' id='block_1_106' title="bbox 2100 4966 3662 5041">
    <p class='ocr_par' dir='ltr' id='par_1_106' title="bbox 2100 4966 3662 5041">
     <span class='ocr_line' id='line_1_106' title="bbox 2100 4966 3662 5041; baseline 0.004 -22"><span class='ocrx_word' id='word_1_765' title='bbox 2100 4967 2320 5041; x_wconf 73' lang='lat' dir='ltr'><strong>a_Patre</strong></span> <span class='ocrx_word' id='word_1_766' title='bbox 2354 4966 2596 5041; x_wconf 84' lang='lat' dir='ltr'><strong>accepit_,</strong></span> <span class='ocrx_word' id='word_1_767' title='bbox 2649 4966 2755 5041; x_wconf 68' lang='lat' dir='ltr'><strong>sibi</strong></span> <span class='ocrx_word' id='word_1_768' title='bbox 2803 4966 3031 5041; x_wconf 84' lang='lat' dir='ltr'><strong>contulit</strong></span> <span class='ocrx_word' id='word_1_769' title='bbox 3062 4987 3077 5027; x_wconf 91' lang='lat'><strong>:</strong></span> <span class='ocrx_word' id='word_1_770' title='bbox 3109 4979 3167 5024; x_wconf 92' lang='lat' dir='ltr'><strong>ut</strong></span> <span class='ocrx_word' id='word_1_771' title='bbox 3206 4966 3271 5026; x_wconf 84' lang='lat' dir='ltr'><strong>de</strong></span> <span class='ocrx_word' id='word_1_772' title='bbox 3300 4971 3506 5041; x_wconf 90' lang='lat' dir='ltr'><strong>Spiritu</strong></span> <span class='ocrx_word' id='word_1_773' title='bbox 3558 4966 3662 5028; x_wconf 81' lang='lat' dir='ltr'><strong>sibi</strong></span> 
     </span>
    </p>
   </div>
   <div class='ocr_carea' id='block_1_107' title="bbox 2100 5035 3660 5111">
    <p class='ocr_par' dir='ltr' id='par_1_107' title="bbox 2100 5035 3660 5111">
     <span class='ocr_line' id='line_1_107' title="bbox 2100 5035 3660 5111; baseline 0.004 -20"><span class='ocrx_word' id='word_1_774' title='bbox 2100 5035 2788 5111; x_wconf 74' lang='lat' dir='ltr'><strong>illum_donasse_Cyri_llus</strong></span> <span class='ocrx_word' id='word_1_775' title='bbox 2825 5040 2923 5093; x_wconf 89' lang='lat' dir='ltr'><strong>ait.</strong></span> <span class='ocrx_word' id='word_1_776' title='bbox 2956 5040 3158 5111; x_wconf 89' lang='lat' dir='ltr'><strong>Sicque</strong></span> <span class='ocrx_word' id='word_1_777' title='bbox 3194 5035 3358 5097; x_wconf 72' lang='lat' dir='ltr'><strong>istud</strong></span> <span class='ocrx_word' id='word_1_778' title='bbox 3396 5041 3660 5107; x_wconf 83' lang='lat' dir='ltr'><strong>Danielis,</strong></span> 
     </span>
    </p>
   </div>
   <div class='ocr_carea' id='block_1_108' title="bbox 2099 5104 3659 5180">
    <p class='ocr_par' dir='ltr' id='par_1_108' title="bbox 2099 5104 3659 5180">
     <span class='ocr_line' id='line_1_108' title="bbox 2099 5104 3659 5180; baseline 0.003 -19"><span class='ocrx_word' id='word_1_779' title='bbox 2099 5123 2209 5180; x_wconf 83' lang='lat' dir='ltr'><strong>non</strong></span> <span class='ocrx_word' id='word_1_780' title='bbox 2240 5104 2422 5161; x_wconf 87' lang='lat' dir='ltr'><strong>Patris</strong></span> <span class='ocrx_word' id='word_1_781' title='bbox 2475 5104 2684 5180; x_wconf 81' lang='lat' dir='ltr'><strong>aliquid</strong></span> <span class='ocrx_word' id='word_1_782' title='bbox 2740 5104 3084 5179; x_wconf 62' lang='lat' dir='ltr'><strong>pr0prium,&#39;</strong></span> <span class='ocrx_word' id='word_1_783' title='bbox 3109 5112 3204 5166; x_wconf 89' lang='lat' dir='ltr'><strong>sed</strong></span> <span class='ocrx_word' id='word_1_784' title='bbox 3249 5104 3659 5180; x_wconf 75' lang='lat' dir='ltr'><strong>appropriatunt</strong></span> 
     </span>
    </p>
   </div>
   <div class='ocr_carea' id='block_1_109' title="bbox 2101 5176 3689 5244">
    <p class='ocr_par' dir='ltr' id='par_1_109' title="bbox 2101 5176 3689 5244">
     <span class='ocr_line' id='line_1_109' title="bbox 2101 5176 3689 5244; baseline 0.004 -14"><span class='ocrx_word' id='word_1_785' title='bbox 2101 5177 2306 5231; x_wconf 84' lang='lat' dir='ltr'><strong>fuerit.</strong></span> <span class='ocrx_word' id='word_1_786' title='bbox 2337 5216 2350 5231; x_wconf 91' lang='lat'><strong>.</strong></span> <span class='ocrx_word' id='word_1_787' title='bbox 2375 5217 2388 5230; x_wconf 94' lang='lat'><strong>.</strong></span> <span class='ocrx_word' id='word_1_788' title='bbox 2418 5213 2432 5229; x_wconf 95' lang='lat'><strong>.</strong></span> <span class='ocrx_word' id='word_1_789' title='bbox 2473 5176 2597 5244; x_wconf 91' lang='lat' dir='ltr'><strong>Ipsa</strong></span> <span class='ocrx_word' id='word_1_790' title='bbox 2635 5176 2762 5232; x_wconf 82' lang='lat' dir='ltr'><strong>vere</strong></span> <span class='ocrx_word' id='word_1_791' title='bbox 2797 5176 3014 5244; x_wconf 74' lang='lat' dir='ltr'><strong>senior,</strong></span> <span class='ocrx_word' id='word_1_792' title='bbox 3063 5182 3215 5235; x_wconf 92' lang='lat' dir='ltr'><strong>nullo</strong></span> <span class='ocrx_word' id='word_1_793' title='bbox 3260 5176 3471 5234; x_wconf 62' lang='lat' dir='ltr'><strong>d&#39;etrit&#39;a&#39;</strong></span> <span class='ocrx_word' id='word_1_794' title='bbox 3506 5181 3689 5236; x_wconf 88' lang='lat' dir='ltr'><strong>senio-</strong></span> 
     </span>
    </p>
   </div>
   <div class='ocr_carea' id='block_1_110' title="bbox 2100 5244 3664 5318">
    <p class='ocr_par' dir='ltr' id='par_1_110' title="bbox 2100 5244 3664 5318">
     <span class='ocr_line' id='line_1_110' title="bbox 2100 5244 3664 5318; baseline 0.002 -18"><span class='ocrx_word' id='word_1_795' title='bbox 2100 5246 2366 5311; x_wconf 86' lang='lat' dir='ltr'><strong>Trinitas,</strong></span> <span class='ocrx_word' id='word_1_796' title='bbox 2392 5260 2537 5300; x_wconf 90' lang='lat' dir='ltr'><strong>unus</strong></span> <span class='ocrx_word' id='word_1_797' title='bbox 2559 5244 2724 5312; x_wconf 88' lang='lat' dir='ltr'><strong>Deus,</strong></span> <span class='ocrx_word' id='word_1_798' title='bbox 2754 5248 2915 5318; x_wconf 83' lang='lat' dir='ltr'><strong>cujus</strong></span> <span class='ocrx_word' id='word_1_799' title='bbox 2935 5250 3173 5305; x_wconf 87' lang='lat' dir='ltr'><strong>essentia</strong></span> <span class='ocrx_word' id='word_1_800' title='bbox 3195 5264 3320 5304; x_wconf 89' lang='lat' dir='ltr'><strong>esse</strong></span> <span class='ocrx_word' id='word_1_801' title='bbox 3342 5250 3434 5312; x_wconf 89' lang='lat' dir='ltr'><strong>sit,</strong></span> <span class='ocrx_word' id='word_1_802' title='bbox 3458 5249 3664 5318; x_wconf 88' lang='lat' dir='ltr'><strong>ipsum-</strong></span> 
     </span>
    </p>
   </div>
   <div class='ocr_carea' id='block_1_111' title="bbox 2101 5319 3669 5389">
    <p class='ocr_par' dir='ltr' id='par_1_111' title="bbox 2101 5319 3669 5389">
     <span class='ocr_line' id='line_1_111' title="bbox 2101 5319 3669 5389; baseline 0.001 -18"><span class='ocrx_word' id='word_1_803' title='bbox 2101 5333 2208 5387; x_wconf 90' lang='lat' dir='ltr'><strong>que</strong></span> <span class='ocrx_word' id='word_1_804' title='bbox 2244 5332 2273 5370; x_wconf 88' lang='lat' dir='ltr'><strong>a</strong></span> <span class='ocrx_word' id='word_1_805' title='bbox 2303 5330 2362 5370; x_wconf 90' lang='lat' dir='ltr'><strong>se</strong></span> <span class='ocrx_word' id='word_1_806' title='bbox 2396 5322 2451 5369; x_wconf 89' lang='lat' dir='ltr'><strong>et</strong></span> <span class='ocrx_word' id='word_1_807' title='bbox 2473 5319 2849 5389; x_wconf 84' lang='lat' dir='ltr'><strong>necessarium</strong></span> <span class='ocrx_word' id='word_1_808' title='bbox 2875 5359 2889 5383; x_wconf 91' lang='lat'><strong>,</strong></span> <span class='ocrx_word' id='word_1_809' title='bbox 2940 5321 3061 5389; x_wconf 80' lang='lat' dir='ltr'><strong>ipsa</strong></span> <span class='ocrx_word' id='word_1_810' title='bbox 3109 5320 3413 5374; x_wconf 67' lang='lat' dir='ltr'><strong>mternitate</strong></span> <span class='ocrx_word' id='word_1_811' title='bbox 3439 5328 3669 5373; x_wconf 72' lang='lat' dir='ltr'><strong>creatu-</strong></span> 
     </span>
    </p>
   </div>
   <div class='ocr_carea' id='block_1_112' title="bbox 2095 5388 3662 5457">
    <p class='ocr_par' dir='ltr' id='par_1_112' title="bbox 2095 5388 3662 5457">
     <span class='ocr_line' id='line_1_112' title="bbox 2095 5388 3662 5457; baseline 0.003 -17"><span class='ocrx_word' id='word_1_812' title='bbox 2095 5402 2211 5441; x_wconf 87' lang='lat' dir='ltr'><strong>ram</strong></span> <span class='ocrx_word' id='word_1_813' title='bbox 2236 5399 2451 5457; x_wconf 80' lang='lat' dir='ltr'><strong>omnem</strong></span> <span class='ocrx_word' id='word_1_814' title='bbox 2475 5388 2801 5457; x_wconf 80' lang='lat' dir='ltr'><strong>antecedens</strong></span> <span class='ocrx_word' id='word_1_815' title='bbox 2820 5429 2835 5454; x_wconf 90' lang='lat'><strong>,</strong></span> <span class='ocrx_word' id='word_1_816' title='bbox 2858 5388 2969 5443; x_wconf 71' lang='lat' dir='ltr'><strong>etc.</strong></span> <span class='ocrx_word' id='word_1_817' title='bbox 2989 5408 3007 5439; x_wconf 78' lang='grc' dir='ltr'><strong>ι</strong></span> <span class='ocrx_word' id='word_1_818' title='bbox 3040 5388 3223 5457; x_wconf 76' lang='lat' dir='ltr'><strong>Pergit</strong></span> <span class='ocrx_word' id='word_1_819' title='bbox 3256 5406 3270 5441; x_wconf 89' lang='lat'><strong>:</strong></span> <span class='ocrx_word' id='word_1_820' title='bbox 3309 5407 3331 5439; x_wconf 71' lang='grc' dir='ltr'><strong>ι</strong></span> <span class='ocrx_word' id='word_1_821' title='bbox 3361 5390 3662 5457; x_wconf 88' lang='lat' dir='ltr'><strong>optandum</strong></span> 
     </span>
    </p>
   </div>
   <div class='ocr_carea' id='block_1_113' title="bbox 2097 5454 3663 5525">
    <p class='ocr_par' dir='ltr' id='par_1_113' title="bbox 2097 5454 3663 5525">
     <span class='ocr_line' id='line_1_113' title="bbox 2097 5454 3663 5525; baseline 0.002 -14"><span class='ocrx_word' id='word_1_822' title='bbox 2097 5471 2230 5511; x_wconf 86' lang='lat' dir='ltr'><strong>sane</strong></span> <span class='ocrx_word' id='word_1_823' title='bbox 2263 5454 2674 5525; x_wconf 82' lang='lat' dir='ltr'><strong>castigatiorem</strong></span> <span class='ocrx_word' id='word_1_824' title='bbox 2698 5472 2820 5512; x_wconf 90' lang='lat' dir='ltr'><strong>esse</strong></span> <span class='ocrx_word' id='word_1_825' title='bbox 2855 5474 2975 5525; x_wconf 77' lang='lat' dir='ltr'><strong>qua:</strong></span> <span class='ocrx_word' id='word_1_826' title='bbox 3001 5454 3166 5511; x_wconf 77' lang='lat' dir='ltr'><strong>nobis</strong></span> <span class='ocrx_word' id='word_1_827' title='bbox 3191 5454 3481 5511; x_wconf 79' lang='lat' dir='ltr'><strong>familiaris</strong></span> <span class='ocrx_word' id='word_1_828' title='bbox 3504 5473 3663 5514; x_wconf 88' lang='lat' dir='ltr'><strong>sacra</strong></span> 
     </span>
    </p>
   </div>
   <div class='ocr_carea' id='block_1_114' title="bbox 2096 5523 3663 5605">
    <p class='ocr_par' dir='ltr' id='par_1_114' title="bbox 2096 5523 3663 5605">
     <span class='ocr_line' id='line_1_114' title="bbox 2096 5523 3663 5605; baseline 0.003 -26"><span class='ocrx_word' id='word_1_829' title='bbox 2096 5523 2492 5605; x_wconf 74' lang='lat' dir='ltr'><strong>iconographia</strong></span> <span class='ocrx_word' id='word_1_830' title='bbox 2523 5532 2630 5605; x_wconf 67' lang='lat' dir='ltr'><strong>est,</strong></span> <span class='ocrx_word' id='word_1_831' title='bbox 2667 5533 2721 5579; x_wconf 90' lang='lat' dir='ltr'><strong>et</strong></span> <span class='ocrx_word' id='word_1_832' title='bbox 2750 5523 2930 5605; x_wconf 75' lang='lat' dir='ltr'><strong>qualis</strong></span> <span class='ocrx_word' id='word_1_833' title='bbox 2966 5535 3116 5605; x_wconf 85' lang='lat' dir='ltr'><strong>I_anto</strong></span> <span class='ocrx_word' id='word_1_834' title='bbox 3153 5526 3336 5605; x_wconf 70' lang='lat' dir='ltr'><strong>calore</strong></span> <span class='ocrx_word' id='word_1_835' title='bbox 3369 5527 3491 5605; x_wconf 71' lang='lat' dir='ltr'><strong>fidei</strong></span> <span class='ocrx_word' id='word_1_836' title='bbox 3534 5544 3663 5584; x_wconf 83' lang='lat' dir='ltr'><strong>san-</strong></span> 
     </span>
    </p>
   </div>
   <div class='ocr_carea' id='block_1_115' title="bbox 2097 5592 3673 5669">
    <p class='ocr_par' dir='ltr' id='par_1_115' title="bbox 2097 5592 3673 5669">
     <span class='ocr_line' id='line_1_115' title="bbox 2097 5592 3673 5669; baseline 0.003 -19"><span class='ocrx_word' id='word_1_837' title='bbox 2097 5596 2203 5650; x_wconf 89' lang='lat' dir='ltr'><strong>etis</strong></span> <span class='ocrx_word' id='word_1_838' title='bbox 2231 5592 2440 5664; x_wconf 78' lang='lat' dir='ltr'><strong>pridem</strong></span> <span class='ocrx_word' id='word_1_839' title='bbox 2471 5592 2891 5669; x_wconf 78' lang='lat' dir='ltr'><strong>confessoribus</strong></span> <span class='ocrx_word' id='word_1_840' title='bbox 2925 5594 3191 5651; x_wconf 89' lang='lat' dir='ltr'><strong>adversus</strong></span> <span class='ocrx_word' id='word_1_841' title='bbox 3222 5597 3506 5669; x_wconf 64' lang='lat' dir='ltr'><strong>haereticos</strong></span> <span class='ocrx_word' id='word_1_842' title='bbox 3534 5615 3673 5669; x_wconf 61' lang='lat' dir='ltr'><strong>pro~</strong></span> 
     </span>
    </p>
   </div>
   <div class='ocr_carea' id='block_1_116' title="bbox 2099 5663 3669 5737">
    <p class='ocr_par' dir='ltr' id='par_1_116' title="bbox 2099 5663 3669 5737">
     <span class='ocr_line' id='line_1_116' title="bbox 2099 5663 3669 5737; baseline 0.003 -19"><span class='ocrx_word' id='word_1_843' title='bbox 2099 5663 2337 5737; x_wconf 73' lang='lat' dir='ltr'><strong>pugnata</strong></span> <span class='ocrx_word' id='word_1_844' title='bbox 2370 5668 2475 5723; x_wconf 85' lang='lat' dir='ltr'><strong>est,</strong></span> <span class='ocrx_word' id='word_1_845' title='bbox 2514 5663 2773 5737; x_wconf 68' lang='lat' dir='ltr'><strong>vigetque</strong></span> <span class='ocrx_word' id='word_1_846' title='bbox 2820 5664 3119 5737; x_wconf 85' lang='lat' dir='ltr'><strong>etiamnum</strong></span> <span class='ocrx_word' id='word_1_847' title='bbox 3156 5666 3299 5737; x_wconf 91' lang='lat' dir='ltr'><strong>apud</strong></span> <span class='ocrx_word' id='word_1_848' title='bbox 3350 5663 3669 5722; x_wconf 71' lang='lat' dir='ltr'><strong>Orientales</strong></span> 
     </span>
    </p>
   </div>
   <div class='ocr_carea' id='block_1_117' title="bbox 2093 5730 3673 5809">
    <p class='ocr_par' dir='ltr' id='par_1_117' title="bbox 2093 5730 3673 5809">
     <span class='ocr_line' id='line_1_117' title="bbox 2093 5730 3673 5809; baseline 0.001 -18"><span class='ocrx_word' id='word_1_849' title='bbox 2093 5730 2146 5791; x_wconf 76' lang='lat' dir='ltr'><strong>et</strong></span> <span class='ocrx_word' id='word_1_850' title='bbox 2172 5730 2409 5798; x_wconf 71' lang='lat' dir='ltr'><strong>Graecos,</strong></span> <span class='ocrx_word' id='word_1_851' title='bbox 2445 5730 2647 5800; x_wconf 81' lang='lat' dir='ltr'><strong>quibus</strong></span> <span class='ocrx_word' id='word_1_852' title='bbox 2682 5730 2922 5803; x_wconf 77' lang='lat' dir='ltr'><strong>picturae</strong></span> <span class='ocrx_word' id='word_1_853' title='bbox 2973 5736 3089 5805; x_wconf 87' lang='lat' dir='ltr'><strong>ipsa</strong></span> <span class='ocrx_word' id='word_1_854' title='bbox 3120 5730 3404 5809; x_wconf 76' lang='lat' dir='ltr'><strong>prototypa</strong></span> <span class='ocrx_word' id='word_1_855' title='bbox 3427 5778 3443 5806; x_wconf 93' lang='lat'><strong>,</strong></span> <span class='ocrx_word' id='word_1_856' title='bbox 3481 5739 3673 5807; x_wconf 55' lang='lat' dir='ltr'><strong>quoad.</strong></span> 
     </span>
    </p>
   </div>
  </div>
