4072 6146
504 273 638 340 1119

1656 286 1718 346 S.
1759 286 2076 347 JOANNIS
2110 286 2536 349 DAMASCENI

3629 285 3770 350 1180

504 390 751 460 adeoque
782 397 987 461 septem
1044 398 1097 445 et
1129 390 1319 461 viginti
1377 402 1524 447 sunt.
1583 393 1788 464 Duplex
1821 399 1966 450 enim
1999 405 2082 450 est

2208 401 2269 453 Ἰὲ
2305 400 2349 463 τ,
2380 404 2474 455 καὶ
2504 402 2564 454 τὸ
2611 401 2775 455 Σαδί.
2840 400 2930 453 Διὸ
2977 399 3070 453 καὶ
3100 399 3156 453 αἱ
3187 398 3360 470 βίϐλοι
3398 399 3538 451 κατὰ
3574 399 3768 454 τοῦτον

507 482 690 538 littera
719 481 886 551 Caph,
920 492 973 537 et
1014 481 1171 547 Mem,
1211 493 1264 538 et
1303 483 1453 550 Nun,
1488 496 1541 540 et
1571 485 1665 550 Pe,
1692 497 1745 541 et
1777 489 1936 541 Sade.
1970 489 2090 553 Quo

507 574 569 629 ﬁt
614 583 673 628 ut
727 575 850 627 libri
918 590 1137 642 quoque
1193 577 1385 630 eodem
1451 578 1632 640 modo,
1691 579 1800 632 duo
1866 580 2089 648 quidem

507 673 562 721 et
609 665 799 734 viginti
879 676 1256 730 numerentur,
1324 679 1581 722 caeterum
1650 678 1856 738 septem
1909 679 1962 723 et
2004 672 2092 726 vi-

507 755 641 823 ginti
694 754 1076 821 reperiantur;
1134 756 1394 824 quoniam
1447 756 1661 809 scilicet
1698 757 1943 825 quinque
1990 756 2094 809 du-

511 845 682 914 plices
716 854 864 899 sunt.
896 844 1031 899 Nam
1092 847 1236 899 liber
1293 845 1440 899 Ruth
1483 863 1608 900 cum
1646 848 1787 900 libro
1839 846 2094 900 Judicum

513 938 780 1010 jungitur,
811 954 1064 1007 unusque
1096 938 1341 992 Hebraeis
1389 939 1528 991 liber
1562 948 1834 991 censetur.
1877 937 2096 991 Primus

510 1027 638 1081 item
673 1039 726 1081 et
759 1027 1036 1082 secundus
1084 1027 1416 1098 Regnorum,
1466 1043 1606 1080 unus
1655 1029 1790 1081 liber
1823 1037 1925 1082 est.
1965 1027 2096 1082 Ter-

513 1120 621 1174 tius
653 1120 840 1174 itidem
869 1129 922 1174 et
961 1130 1198 1190 quartus
1239 1117 1574 1188 Regnorum,
1623 1135 1764 1174 unus
1801 1120 1955 1173 liber.
1983 1120 2100 1172 Pri-

514 1226 637 1265 mus
680 1227 896 1281 quoque
935 1220 987 1265 et
1043 1211 1322 1265 secundus
1395 1209 1887 1277 Paralipomenon,
1956 1226 2098 1263 unus

516 1302 653 1356 liber
681 1321 693 1356 :
724 1318 788 1354 ac
816 1302 1051 1368 denique
1078 1302 1288 1370 primus
1311 1311 1366 1354 et
1397 1301 1607 1355 second
1627 1316 1689 1354 us
1723 1300 1928 1362 Esdrze,
1960 1300 2100 1354 liber

517 1409 684 1446 unus.
727 1393 804 1444 Ad
861 1393 1006 1446 hunc
1055 1394 1276 1446 modum
1335 1393 1458 1446 libri
1511 1391 1704 1446 omnes
1765 1393 1818 1446 in
1865 1399 2102 1460 quatuor

443 1479 448 1488 ’
521 1485 952 1562 ιδεξιιιιιιοιιοιηη,⁹
975 1483 1514 1551 quinquernioncsve
1546 1483 1710 1552 284
1737 1485 2101 1550 compingun-

521 1584 643 1638 tur;
699 1587 936 1642 cumque
989 1575 1082 1627 alii
1115 1571 1223 1626 duo
1285 1572 1586 1642 supersint,
1647 1573 1727 1624 sic
1782 1571 2009 1640 proinde
2044 1585 2104 1625 se

520 1668 725 1722 habent
756 1670 878 1722 libri
931 1669 988 1722 in
1021 1683 1232 1722 canone
1273 1669 1502 1737 recepti.
1562 1666 1809 1736 Legales,
1862 1667 2102 1735 quinque

521 1767 670 1824 sunt,
707 1760 953 1822 Genesis,
986 1759 1228 1825 Exodus,
1266 1736 1582 1821 Leviticus,-
1617 1757 1865 1824 Numeri,
1908 1757 2102 1811 Deute-
2137 1736 2175 1789 Β

521 1851 855 1906 rouomium.
910 1851 1008 1905 llic
1053 1853 1266 1921 primus
1299 1851 1673 1920 quinquernio
1728 1860 1833 1913 est,
1875 1851 1965 1918 qui
2015 1850 2102 1903 lex

521 1945 686 1999 etiam
711 1943 1043 2012 appellatur.
1070 1942 1332 2011 Sequitur
1355 1943 1893 2012 alterquinquernio,
1913 1954 2104 1995 eorum

522 2050 644 2104 qua:
669 2037 906 2104 γραφεῖα
959 2044 1369 2103 nuncupantur,
1416 2048 1447 2086 a
1473 2035 1803 2102 quibusdam
1839 2049 1967 2087 vero
2005 2032 2104 2084 ha-

523 2124 836 2194 gioqrapha.
867 2124 963 2178 Est
1003 2133 1181 2179 autem
1217 2124 1534 2193 huiusmodi
1566 2143 1580 2178 :
1613 2123 1777 2179 Jesus
1799 2123 1970 2185 Nave,
2007 2120 2108 2176 Ju-

525 2217 676 2270 dices
700 2231 804 2269 una
835 2230 958 2268 cum
997 2214 1166 2278 Ruth,
1187 2215 1324 2270 liber
1353 2233 1518 2281 unus,
1557 2217 1868 2284 Regnorum
1897 2215 2107 2284 primus

525 2322 650 2361 cum
679 2306 941 2371 secundo,
978 2307 1117 2362 liber
1135 2323 1313 2372 unus;
1352 2307 1550 2362 tertius
1586 2308 1716 2362 item
1744 2322 1868 2360 cum
1889 2314 2105 2374 quarto.

527 2399 666 2454 liber
696 2414 858 2453 unus.
888 2399 1063 2454 llabes
1093 2399 1394 2454 secundum
1426 2399 1942 2469 quinquernionem.
1975 2398 2110 2451 Ter-

528 2493 638 2548 tius
667 2509 831 2563 porro
867 2493 1128 2546 librorum
1166 2492 1544 2562 quinquernio
1573 2493 1825 2546 versibus
1873 2497 2107 2554 constat,

531 2601 722 2654 nempe
757 2586 891 2638 liber
919 2583 1044 2647 Job,
1077 2583 1424 2650 Psalterium,
1456 2583 1750 2637 Proverbia
1777 2581 2109 2644 Salomonis,

530 2677 776 2743 ejusdem
838 2675 1242 2739 Ecclesiastes,
1309 2685 1364 2731 et
1438 2677 1667 2730 Cantica
1743 2676 2109 2728 canticorum.

531 2767 776 2834 Quartus
839 2770 1212 2838 quinquernio
1278 2769 1669 2838 prophetarum
1728 2767 1898 2822 libros
1961 2782 2114 2819 eom-

2191 493 2282 544 τὸν
2305 493 2506 563 τρόπον
2535 491 2706 546 εἴκοσι
2743 491 2836 544 δύο
2877 492 2972 561 μὲν
3008 489 3389 560 ἀριθμοῦνται,
3419 490 3592 542 εἴκοσι
3625 491 3778 543 ιίπτιὶΔ

2191 584 2248 637 δὲ
2275 584 2640 654 εὑρίσκονται,
2671 583 2761 642 διὰ
2815 584 2876 636 τὸ
2925 581 3080 635 πέντε
3113 579 3171 647 ἐξ
3204 581 3380 634 αὐτῶν
3421 579 3761 635 διπλοῦσθαι.

2195 675 2528 730 Συνάπτεται
2573 677 2684 745 γὰρ
2732 673 2888 728 Ῥοὺθ
2952 676 3066 737 τοῖς
3112 675 3378 744 Κριταῖς,
3447 674 3543 726 καὶ
3607 673 3768 744 ἀριθ-

2199 771 2377 839 μεῖται
2424 767 2555 838 παρ’
2602 766 2874 836 Ἑϐραίοις
2934 765 3031 834 μία
3085 765 3297 835 βίϐλος·
3348 767 3379 834 ὴ
3424 764 3614 835 πρώτη
3674 767 3770 818 καὶ

2196 861 2229 930 ἡ
2287 859 2512 929 δευτέρα
2564 857 2673 911 τῶν
2743 857 3059 920 Βασιλειῶν,
3109 857 3207 926 μία
3250 856 3466 924 βίϐλος·
3519 858 3552 926 ἡ
3608 856 3765 926 τρίτη

2197 953 2290 1004 καὶ
2318 953 2352 1021 ἡ
2381 945 2614 1021 τετάρτη
2643 951 2750 1002 τῶν
2783 948 3101 1008 Βασιλειῶν,
3132 948 3229 1018 μία
3263 947 3440 1017 βίϐλος
3463 965 3477 977 ο
3507 949 3540 1017 ἡ
3575 947 3768 1017 πρώτη

2199 1042 2346 1110 acati]
2380 1041 2612 1110 δευτέρα
2637 1041 2746 1092 τῶν
2794 1039 3314 1110 Παραλειπομένων,
3348 1039 3446 1107 μία
3489 1037 3697 1106 βίϐλος·
3732 1040 3768 1106 ἡ

2200 1134 2391 1202 πρώτη
2421 1133 2515 1184 καί
2539 1131 2815 1201 ήδευτέρα
2841 1130 2932 1182 τοῦ
2967 1130 3186 1202 Ἔσδρα,
3220 1129 3318 1199 μία
3348 1128 3551 1199 βίϐλος.
3581 1127 3768 1192 Οὕτως

2198 1219 2292 1275 οὖν
2324 1221 2637 1288 σύγκεινται
2690 1220 2747 1273 αἱ
2810 1218 2982 1290 βίϐλοι
3020 1221 3075 1272 ὲν
3103 1216 3491 1286 πεντατεύχοις
3523 1215 3768 1284 τέτρασι,

2200 1315 2296 1368 καὶ
2346 1316 2598 1384 μένουσιν
2637 1313 2795 1367 ἄλλαι
2849 1311 2961 1376 δύο,
3009 1311 3084 1373 ὡς
3126 1307 3269 1364 εἶναι
3299 1310 3398 1373 τὰς
3433 1309 3772 1371 ὲνδιαΘέτους

2203 1405 2418 1476 βίϐλους
2465 1403 2639 1468 οὕτως
2671 1419 2686 1433 ⁸
2736 1403 2898 1457 πέντε
2923 1403 3176 1472 νομικὰς,
3230 1402 3269 1452 Γ
3273 1401 3464 1462 ένεσιν,
3530 1401 3771 1465 Ἔξοδον,

2202 1497 2508 1561 Λευιτικὸν,
2555 1493 2830 1567 Ἀριθμοὶ,
2887 1492 3332 1563 Δευτερονόμιον.
3382 1491 3529 1562 Αὕτη
3575 1490 3774 1564 πρώτη

2204 1589 2584 1658 πεντάτευχος,
2618 1588 2652 1656 ή
2683 1585 2778 1638 καὶ
2809 1584 3120 1654 νομοθεσία.
3148 1578 3281 1635 Εἶτα
3308 1582 3441 1652 ἄλλη
3474 1583 3778 1634 πεντάτευ-

2203 1697 2317 1748 χος,
2347 1680 2416 1732 τὰ
2459 1677 2771 1747 καλούμενα
2811 1675 3078 1745 Γραφεϊα,
3123 1674 3276 1744 παρά
3322 1690 3432 1725 τισι
3479 1674 3537 1726 δὲ
3596 1672 3779 1740 Ἀγιό-

2203 1787 2411 1842 γραφα,
2480 1768 2638 1823 ἅτινά
2696 1769 2845 1821 ἐστιν
2891 1766 3091 1830 οὕτως⁹
3137 1765 3349 1835 Ἰησοῦς
3384 1766 3413 1818 ό
3441 1764 3534 1818 τοῦ
3596 1765 3776 1833 Ναυῆ,

2203 1863 2402 1934 Κριταὶ
2430 1862 2565 1932 μετὰ
2595 1861 2693 1929 τῆς
2729 1859 2906 1921 ῬοῦΘ,
2941 1857 3240 1912 Βασιλειῶν
3281 1856 3470 1928 πρώτη
3518 1857 3654 1925 μετὰ
3681 1859 3780 1926 τῆς

2204 1954 2480 2024 δευτέρας,
2508 1952 2688 2024 βίϐλος
2721 1952 2839 2020 μία,
2897 1952 2931 2020 ἡ
2987 1951 3146 2020 τρίτη
3183 1948 3320 2018 μετὰ
3354 1949 3454 2018 τῆς
3489 1948 3777 2016 τετάρτης,

2207 2043 2389 2114 βίϐλος
2424 2043 2541 2111 μία,
2565 2041 2659 2094 καὶ
2681 2041 2737 2093 ai
2765 2041 2858 2093 δύο
2893 2039 3001 2094 τῶν
3045 2038 3562 2110 Παραλειπομένων,
3601 2037 3778 2106 βίϐλος

2211 2133 2328 2203 μία.
2357 2131 2502 2200 Αὕτη
2525 2130 2756 2198 δευτέρα
2786 2128 3171 2198 πεντάτευχος.
3191 2126 3362 2196 Τρίτη
3396 2125 3770 2193 πεντάτευχος,

2209 2227 2263 2277 αἱ
2298 2223 2575 2292 στιχήρεις
2611 2220 2803 2290 βίϐλοι,
2829 2221 2922 2272 τοῦ
2966 2219 3110 2280 Ἰὼϐ,
3141 2219 3202 2272 τὸ
3219 2218 3546 2288 Ψαλτήριον,
3581 2219 3776 2287 Παροι-

2213 2316 2334 2386 μίαι
2385 2313 2767 2383 Σολομῶντος,
2810 2311 3244 2381 Ἐκκλησιαστὴς
3323 2310 3415 2363 τοῦ
3465 2308 3662 2371 αὐτοῦ,
3707 2309 3780 2362 τὰ

2213 2407 2468 2477 ’ᾼσματα
2494 2406 2601 2457 τῶν
2635 2403 2893 2476 ᾀσμάτων
2955 2402 3048 2458 τοῦ
3077 2402 3266 2456 αὑτοῦ.
3308 2401 3550 2471 Τετάρτη
3588 2399 3784 2452 πεντά-

2209 2514 2421 2566 τευχος,
2473 2497 2505 2565 ἡ
2541 2496 2853 2565 προφητική
2880 2512 2892 2526 ·
2939 2494 2998 2547 τὸ
3039 2492 3551 2562 δωδεκαπρόφητον,
3603 2489 3784 2559 βίϐλος

2215 2589 2333 2660 μία,
2389 2588 2640 2652 Ἡσαΐας,
2707 2586 3002 2656 Ἱερεμίας,
3049 2584 3334 2654 Ἰεζεκιὴλ,
3386 2583 3628 2651 davni);
3665 2576 3786 2634 εἶτα

2210 2677 2304 2731 τοῦ
2358 2677 2572 2746 Ἐσδρὰ,
2607 2677 2663 2729 αἱ
2705 2676 2798 2730 δύο
2842 2678 2921 2740 είς
2957 2677 3087 2744 μίαν
3146 2661 3552 2744 συναπτόμεναι
3584 2672 3781 2742 βίϐλον,

2212 2769 2307 2821 καὶ
2341 2770 2374 2836 ἡ
2421 2767 2623 2838 Ἐσθήρ
2647 2777 2692 2821 8.
2741 2769 2806 2820 Ἦ
2855 2767 2912 2819 δὲ
2956 2769 3287 2837 Πανάρετος,
3331 2765 3786 2835 τουτέπινὴΣο-

534 2864 810 2932 plectitur.
873 2862 1168 2916 Duodceim
1226 2861 1523 2930 prophetae,
1576 2861 1715 2914 liber
1765 2876 1940 2922 unus;
1999 2869 2107 2910 tum

2215 2859 2313 2928 φία
2343 2858 2435 2913 τοῦ
2499 2860 2864 2929 Σολομῶντος,
2902 2860 2996 2913 καὶ
3043 2861 3076 2928 ἡ
3123 2859 3292 2927 Σοφία
3315 2858 3410 2911 τοῦ
3451 2856 3647 2926 Ἰησοῦ,
3669 2856 3788 2926 ἢνό

536 2954 724 3015 Isaias,
754 2951 1336 3014 Jeremias,Ezechiel,
1373 2959 1427 3006 et
1461 2951 1677 3021 Daniel.
1720 2950 1814 3004 llis
1847 2949 2107 3004 accedunt

2217 2947 2395 3018 πατὴρ
2437 2949 2536 3016 μὲν
2564 2947 2656 3001 τοῦ
2688 2949 2858 3021 Σιρὰχ
2884 2949 3100 3014 ἐξέθετο
3137 2948 3437 3021 Ἑϐραῖστὶ,
3488 2947 3789 3018 Ἑλληνιστὶ

536 3053 769 3110 uterque
818 3041 1035 3105 Esdrze,
1085 3041 1177 3111 qui
1234 3041 1376 3094 libro
1439 3017 1548 3094 u.no
1607 3041 2003 3101 continentur,
2062 3047 2107 3093 et

2217 3039 2274 3094 δὲ
2315 3017 2661 3110 ἡρμήνευσεν
2716 3017 2765 3093 ό*
2800 3017 2994 3094 τούτου
3023 3041 3122 3110 μὲν
3161 3017 3381 3109 ἔγγονος
3434 3038 3660 3109 Ἰησοῦς,
3694 3036 3789 3091 τοῦ

535 3132 750 3188 Esther.
785 3132 1091 3188 Panaretus
1125 3143 1304 3187 autem
1343 3133 1418 3201 (q.
1463 3131 1516 3184 d.
1550 3133 1793 3184 omnium
1849 3131 2107 3184 virtutum

2218 3131 2276 3184 δὲ
2340 3131 2508 3201 Σιρὰχ
2554 3131 2701 3194 υίός·
2763 3132 3008 3203 ὲνάρετοι
3070 3132 3170 3202 μὲν
3213 3135 3308 3186 καὶ
3335 3130 3515 3196 καλαὶ,
3549 3131 3664 3184 ἀλλ’
3691 3130 3791 3182 οὐκ

535 3225 1002 3294 promptuarium)
1051 3225 1104 3278 id
1133 3232 1217 3280 est
1254 3224 1535 3292 Sapientia
1570 3223 1900 3285 Salomonis,
1929 3232 1980 3275 et
2011 3221 2107 3274 Sa-

2221 3221 2604 3293 ἁριθμοῦνται,
2639 3221 2759 3275 οὐδὲ
2788 3221 2998 3274 ἔκειντο
3019 3223 3077 3274 ὲν
3110 3224 3176 3292 τῇ
3203 3220 3435 3290 κιϐωτῷ.

535 3315 738 3384 pientia
791 3312 942 3378 Jesu,
1005 3330 1169 3384 quam
1215 3329 1246 3366 a
1295 3311 1486 3366 Sirach
1541 3321 1695 3382 patre
1728 3378 1737 3388 _
1772 3309 2036 3365 llebraice
2105 3309 2331 3374 editam,
2381 3311 2554 3380 ipsius
2611 3325 2780 3381 nepos
2821 3309 3004 3377 Jesus,
3049 3326 3113 3365 ac
3158 3311 3342 3366 Sirach
3399 3311 3562 3374 (ilius,
3596 3309 3788 3365 Graece

538 3411 726 3470 postea
793 3404 1090 3459 transtulit.
1141 3403 1202 3456 Hi
1272 3403 1523 3472 quamvis
1573 3402 1777 3471 alioqui
1831 3400 2074 3470 praeclari
2116 3407 2171 3457 et
2221 3401 2504 3472 elegantes
2533 3401 2659 3456 libri
2691 3401 2827 3467 sint,
2861 3417 2972 3458 non
3000 3410 3182 3457 tamen
3217 3404 3324 3459 illis
3362 3404 3480 3458 aliis
3517 3419 3792 3459 annume-

539 3499 753 3560 rantur,
795 3513 969 3566 neque
1007 3497 1060 3550 in
1101 3511 1228 3550 arca
1260 3495 1424 3565 positi
1489 3501 1668 3549 erant.

609 3586 729 3642 Libi
774 3589 908 3643 Νουί
958 3587 1302 3643 Testamenti.
1335 3585 1544 3641 —Jam
1580 3602 1710 3642 vero
1757 3585 1896 3640 Novi
1927 3584 2121 3640 Testa-

539 3677 709 3735 menti
755 3680 876 3737 libri
929 3680 1019 3735 isti
1075 3689 1206 3736 sunt
1235 3699 1249 3735 :
1283 3690 1522 3748 quatuor
1574 3678 1890 3750 Evangelia,
1928 3691 2122 3746 nempe

540 3773 842 3825 secundum
871 3771 1206 3838 Mattbmum,
1247 3771 1513 3838 Marcum,
1547 3770 1774 3836 Lucam,
1815 3770 2117 3838 Joannem;

541 3863 678 3916 Acta
752 3865 1162 3930 apostolorum,
1235 3873 1462 3919 auctore
1525 3864 1674 3918 Luca
1737 3863 2116 3932 evangelista;

542 3959 750 4020 septem
787 3951 1072 4005 catholicae
1105 3951 1382 4021 Epistulae,
1425 3970 1531 4007 una
1563 3953 1777 4018 Jacobi,
1802 3954 1923 4006 dure
1947 3950 2117 4016 Petri,

543 4051 656 4095 tres
686 4038 938 4106 Joannis,
984 4039 1140 4096 Judze
1191 4058 1330 4106 una;
1374 4041 1528 4097 Pauli
1587 4043 1816 4112 apostoli
1865 4042 2122 4112 Epistolaa

543 4133 1002 4200 quatuordecim;
1066 4133 1296 4188 Joannis
1330 4135 1685 4204 evangelista:
1718 4135 2116 4206 Apocalypsis;

541 4223 796 4277 (Ianones
829 4223 1069 4294 denique
1098 4231 1416 4280 sanctorum
1469 4227 1846 4296 apostolorum
1881 4243 1978 4297 per
2000 4228 2122 4282 Cle-

544 4321 782 4371 mentem
815 4315 1151 4382 concinnati.

2299 3587 2408 3658 Τῆς
2433 3587 2490 3640 δὲ
2538 3586 2688 3651 Νέας
2734 3587 3029 3658 ΔιαΘήκης,
3083 3587 3395 3655 Εὑαγγέλια
3428 3585 3704 3658 τέσσαρα·
3734 3589 3802 3641 τὸ

2228 3679 2373 3732 κατὰ
2397 3678 2698 3744 Ματθατον,
2731 3679 2790 3733 τὸ
2833 3679 2974 3733 κατά
3017 3679 3268 3750 Μάρκον,
3297 3679 3358 3731 τὸ
3385 3678 3522 3733 κατὰ
3557 3681 3793 3742 Λουκᾶν,

2224 3769 2286 3822 τὸ
2316 3771 2456 3823 κατὰ
2494 3770 2746 3839 Ἰωάννην
2771 3785 2788 3800 ο
2844 3767 3078 3840 Πράξεις
3129 3768 3237 3822 τῶν
3271 3769 3443 3836 ἁγίων
3485 3767 3797 3820 ἀποστόλων

2226 3862 2316 3915 διὰ
2343 3862 2530 3914 Λουκᾶ
2585 3860 2679 3913 τοῦ
2735 3859 3127 3928 εὐαγγελιστοῦ
3156 3875 3171 3890 ο
3201 3859 3487 3913 καθολικαὶ
3517 3859 3800 3912 ἐπιστολαὶ

2228 3954 2398 4006 ἐπτάο
2437 3953 2695 4007 Ἰακώϐου
2733 3953 2830 4024 μία
2857 3994 2873 4020 ,
2909 3953 3119 4026 Πέτρου
3164 3953 3278 4017 δύο,
3333 3954 3578 4007 Ἰωάννου
3625 3954 3795 4021 τρεῖς,

2239 4046 2410 4099 Ἰούδα
2443 4045 2558 4115 μία.
2602 4044 2814 4098 Παύλου
2872 4045 3173 4098 ἀποστόλου
3209 4045 3521 4098 Ἐπιστολαὶ
3551 4044 3799 4096 δεκατέσο

2229 4153 2412 4208 σαρες·
2432 4136 2800 4205 Ἀποκάλυψις
2825 4136 3071 4189 Ἰωάννου
3101 4133 3491 4205 εὐαγγελιστοῦ
3521 4152 3534 4164 ο
3563 4134 3798 4196 Κανόνες

2229 4227 2338 4281 τῶν
2368 4228 2540 4294 ἁγίων
2565 4227 2882 4280 ἀποστόλων
2915 4226 3026 4298 (9'7)
3057 4225 3144 4280 διὰ
3182 4227 3506 4298 Κλήμεντος
3523 4221 3574 4279 δ.

1807 4469 2044 4527 ἾΑΒΙιΕ
2085 4471 2493 4534 LECTIONES.

639 4629 661 4704 ξ
688 4627 1093 4704 [luiti__codices
1126 4636 1277 4704 Regii
1307 4648 1370 4688 ac
1413 4623 1569 4690 Colb.
1596 4636 1677 4701 φί.

1778 4633 1890 4703 (In
1922 4632 2051 4703 Reg.
2084 4632 2226 4688 2428
2260 4634 2413 4703 καὶὴ
2459 4633 2666 4696 unum,
2703 4633 2799 4687 καὶ
2851 4635 2885 4702 ἠ
2923 4631 3146 4702 Ἐσθήρ.
3205 4630 3570 4703 Sic_quoque
3619 4631 3802 4703 inora

548 4699 672 4772 cod.
700 4697 905 4772 ξκῌίι.Δ
920 4703 1012 4772 sed
1040 4704 1156 4758 libri
1181 4697 1394 4768 Judith,
1415 4719 1522 4758 non
1541 4697 1789 4756 meminit
1815 4697 2176 4772 Epiphanius,
2201 4719 2304 4758 nec
2327 4697 2510 4759 tcitus
2541 4704 2797 4759 Auctoris
2835 4697 2958 4758 eum
2981 4697 3170 4772 exigit.
3244 4703 3272 4742 ιι
3305 4697 3380 4755 Βξ
3400 4697 3541 4757 2428
3558 4700 3652 4753 καὶ
3685 4701 3807 4754 ἑπι-

550 4766 735 4820 στολαὶ
769 4767 859 4820 δύο
884 4767 970 4822 διὰ
995 4773 1327 4844 Κλήμεντος,
1363 4766 1457 4829 εοά
1481 4766 1877 4842 ἰηιοτροιοιιιιιί
1893 4766 2041 4827 varie
2064 4766 2278 4829 huncce
2305 4773 2547 4829 codicem
2576 4789 2701 4830 esse
2751 4766 3086 4828 monuimus;

2053 4908 2261 4970 NOTAE
2273 4955 2287 4972 .

2161 5008 2208 5065 Ι)

629 5043 743 5114 (97)
770 5045 1045 5116 ,Κανόνες
1072 5044 1190 5100 τῶν
1205 5047 1583 5102 ἀποστόλων.
1631 5047 1872 5102 Canones
1907 5047 2129 5116 denique
2162 5040 2208 5065 ν
2235 5061 2356 5100 rum
2417 5060 2691 5116 canonum
2743 5061 2772 5098 a
2825 5045 3107 5101 Clemente
3132 5084 3166 5116 ,ξ
3210 5057 3327 5116 no_n_
3378 5040 3630 5116 Romano
3654 5040 3808 5116 ,__sed

559 5115 950 5184 apostolorum.
985 5115 1190 5171 llorum
1215 5133 1487 5173 carionum
1521 5119 1822 5173 auctoritas
1848 5115 2126 5172 adstructa

560 5185 883 5241 lueratcan.
922 5186 958 5241 2
1003 5187 1292 5242 Trullano.
1347 5191 1417 5242 At
1457 5189 1594 5242 viris
1622 5189 1828 5242 critica:
1869 5188 2006 5240 artis
2046 5187 2130 5241 in-

557 5255 794 5327 curiosis
823 5258 959 5327 satis
988 5267 1106 5312 erat
1135 5257 1416 5327 pransum
1438 5259 1740 5312 cauonibus
1763 5297 1780 5321 ,
1810 5258 1906 5325 qui
1949 5256 2130 5327 magni

559 5324 764 5379 dudum
826 5327 880 5380 in
922 5324 1154 5383 Oriente
1204 5327 1463 5398 ponderis
1513 5336 1699 5398 erant,
1752 5324 2128 5398 apostolorum

563 5406 761 5465 nomen
790 5413 803 5447 :
829 5412 953 5450 cum
981 5405 1162 5452 tamen
1206 5395 1345 5451 nihil
1385 5397 1533 5450 aliud
1573 5404 1758 5454 essent
1785 5395 1893 5451 nisi
1933 5395 2129 5465 prisca:

561 5462 926 5520 Orientalium
989 5467 1295 5536 disciplina:
1344 5467 1617 5536 praecipua
1663 5467 1864 5536 capita,
1895 5462 2129 5536 quorum

567 5538 818 5606 auctores
843 5536 1066 5606 genuini
1117 5535 1530 5606 ignorabautur.
1586 5537 1704 5590 Jam
1738 5535 1891 5600 dixi,
1913 5535 2131 5591 ’eorum

569 5601 1114 5674 quosdam’conditos
1141 5601 1264 5661 esse
1289 5615 1410 5674 post
1434 5615 1680 5661 exortam
1705 5607 1955 5662 haeresim
1982 5607 2131 5658 Ano-

573 5674 860 5726 mcorum.
922 5673 1248 5746 Bcveregius
1292 5673 1688 5732 Collectiunem
1729 5677 1958 5747 primam
2000 5675 2130 5730 isto-

2231 5117 2601 5170 Alexandrino
2657 5115 2885 5180 factam,
2914 5131 3075 5185 quem
3129 5113 3424 5185 Eusebius,
3453 5111 3550 5185 lib.
3575 5128 3630 5185 vi
3664 5110 3805 5185 ζέω,

2232 5203 2282 5239 c.
2311 5186 2409 5246 25ς
2448 5185 2524 5239 De
2559 5188 2744 5253 script.
2775 5188 2906 5241 θεοί.
2932 5181 2986 5240 et
3033 5185 3278 5246 Photius,
3319 5183 3443 5238 cod.
3493 5183 3586 5235 1H
3627 5200 3638 5234 :
3673 5181 3808 5253 Περὶ

2231 5256 2472 5309 κανόνων
2499 5251 2990 5325 ἐκκλησιαστικῶν,
3005 5254 3076 5310 De
3103 5255 3390 5325 canonibus
3409 5251 3805 5311 ecclesiasticis,

2233 5327 2485 5380 volumen
2511 5323 2753 5380 edidisse
2793 5335 3089 5382 testentur.
3125 5325 3228 5379 Sed
3254 5340 3319 5379 ex
3367 5323 3562 5378 borum
3613 5330 3809 5373 aucto-

2232 5411 2353 5449 rum
2383 5396 2726 5464 inspectione
2755 5395 3108 5450 manifestum
3165 5393 3244 5457 ﬁt,
3294 5407 3546 5464 eosﬂnon
3599 5391 3670 5464 de
3705 5389 3808 5442 hac

2228 5461 2566 5520 Collectione
2631 5481 2906 5520 canonum
2959 5466 3127 5536 loqui,
3159 5463 3346 5536 sedde
3399 5461 3808 5536 lib_ro,_in_q_uo

2231 5536 2482 5606 adductis
2548 5536 2894 5599 canonibus,
2935 5530 3045 5606 seti
3098 5534 3324 5606 regulis__
3370 5530 3803 5606 ecclesiasticis,

2241 5606 2364 5678 illos
2386 5605 2761 5674 impugnahat,
2803 5609 2895 5678 qui
2923 5599 3188 5662 Judaicis'
3202 5602 3414 5672 legibus
3444 5610 3499 5659 et
3528 5599 3802 5656 institutis

2236 5677 2691 5730 adluercSccrent.
