4026 6156
507 230 647 298 1183

580 346 701 400 Alia
749 345 987 416 denique
1033 344 1358 416 prophetico
1400 346 1613 415 modo;
1647 360 1883 415 quorum
1916 346 2081 399 etiam
2113 345 2159 403 Α

510 439 711 511 duplex
743 452 919 507 genus
956 446 1062 490 est.
1097 436 1358 503 Quaedam
1386 439 1534 494 enim
1568 439 1649 492 uti
1684 437 1871 492 futura
1900 438 2096 491 dicun-

513 536 602 581 tur
631 565 645 589 ,
681 525 828 579 velut
862 542 876 578 :
909 522 1197 595 Hanifeste
1222 528 1389 581 veniet
1417 526 1487 581 “.
1519 527 1583 581 Et
1608 528 1743 581 illud
1775 526 2051 581 Zachariae
2080 544 2094 581 :

515 618 647 670 Ecce
678 614 791 667 Rea:
821 624 945 667 tuus
973 616 1137 669 veniet
1172 617 1268 669 tibi
1299 616 1368 670 ⁸³.
1403 617 1469 669 Et
1496 616 1643 686 quod
1676 631 1706 669 a
1749 614 1975 671 Micluea
2008 616 2094 670 di-

508 717 658 760 ctum
690 713 814 761 est:
855 705 993 760 Ecce
1027 705 1283 762 Dominus
1315 708 1614 778 egredietur
1644 708 1709 761 de
1736 707 1849 761 loco
1878 724 2010 770 suo,
2043 718 2093 762 et

507 795 816 861 descendet,
857 806 908 850 et
950 797 1193 852 ascendet
1222 813 1378 866 super
1403 799 1613 852 excelsa
1644 809 1798 852 terra:
1829 799 1900 854 “.
1934 799 2096 864 Quaa-

507 888 633 941 dam
667 896 848 941 autem
869 927 885 951 ,
920 888 1052 941 licet
1086 886 1269 942 futura
1292 928 1306 953 ,
1338 887 1606 942 dicuntur
1635 896 1819 942 tamen
1848 888 1926 941 uti
1954 903 2096 958 prm-

509 977 695 1041 terita,
729 985 789 1029 ut
824 995 837 1031 :
872 977 973 1031 llic
1007 978 1148 1033 Deus
1183 987 1401 1034 noster:
1427 981 1662 1047 postha’c
1692 981 1747 1033 in
1778 989 1923 1033 terra
1953 980 2094 1034 visus

508 1074 610 1130 est,
630 1075 679 1119 et
708 1082 828 1119 cum
858 1065 1159 1122 hominibus
1192 1077 1542 1123 conversatus
1569 1077 1647 1122 est
1673 1069 1738 1120 ".
1768 1067 1902 1122 Illud
1923 1071 2051 1123 item
2077 1083 2090 1119 :

408 1213 418 1228 χ
510 1156 768 1210 Dominus
795 1159 990 1211 creavit
1014 1175 1095 1213 me
1122 1160 1333 1213 initium
1355 1161 1565 1214 viarum
1593 1177 1812 1214 suarum
1841 1160 1908 1213 ad
1934 1176 2095 1228 opera

511 1264 607 1301 sua
632 1250 699 1302 ⁵⁸.
725 1248 790 1302 Ει
812 1250 945 1304 illud
971 1270 985 1305 :
1014 1249 1305 1320 Propterea
1332 1254 1482 1305 unxit
1514 1260 1562 1305 te
1586 1251 1725 1305 Deus
1742 1292 1756 1314 ,
1788 1251 1928 1305 Deus
1952 1261 2092 1319 tuus,

513 1340 628 1392 oleo
660 1340 863 1396 latitia
888 1355 998 1409 pra:
1028 1343 1360 1397 consortibus
1394 1344 1499 1397 tuis
1525 1343 1570 1376 ”
1596 1361 1610 1396 :
1644 1351 1701 1399 et
1727 1342 1950 1399 similia.

589 1519 656 1574 In
695 1521 886 1575 unione
916 1521 1109 1591 triplex
1138 1523 1535 1590 prwdicationis
1570 1541 1752 1595 genus.
1777 1554 1845 1566 —
1864 1524 1934 1579 Et
1962 1524 2091 1595 qui-

513 1613 639 1666 dem
676 1627 738 1665 ea
769 1627 892 1681 qua:
923 1614 1185 1668 unionem
1222 1613 1585 1678 antecedunt,
1617 1616 1685 1671 de
1720 1617 1840 1685 ipso
1872 1631 2092 1687 quoque

514 1710 638 1770 post
676 1703 935 1756 unionem
973 1702 1238 1758 dicuntur
1272 1724 1285 1759 :
1325 1721 1448 1776 quae
1480 1714 1663 1762 autem
1707 1708 1964 1762 unionem
2005 1722 2092 1763 se-
2122 1694 2166 1750 Β

514 1802 783 1862 quuntur,
818 1801 947 1849 ante
977 1794 1236 1849 unionem
1281 1811 1392 1850 non
1443 1798 1568 1851 item
1591 1840 1604 1863 ,
1649 1797 1753 1853 nisi
1788 1799 2089 1853 secundum

514 1886 858 1954 prophetiam
882 1927 896 1949 ,
932 1893 992 1939 ut
1022 1886 1402 1957 praediximus.
1445 1889 1515 1941 At
1547 1903 1680 1942 vero
1710 1904 1901 1943 eorum
1924 1929 1939 1954 ,
1972 1903 2093 1959 quae

517 1978 571 2030 iu
614 1977 818 2030 unione
868 1982 1035 2039 sunt,
1082 1976 1279 2045 triplex
1316 1986 1402 2032 est
1444 1978 1666 2033 modus.
1719 1978 1853 2033 Nam
1895 1994 2018 2034 cum
2063 1995 2094 2035 a

517 2067 890 2136 praestantiori
930 2075 1086 2135 parte
1131 2068 1298 2123 verba
1335 2068 1602 2136 facimus,
1644 2072 1832 2126 carnis
1870 2070 2095 2126 deiﬁca-

516 2157 716 2210 tionem
740 2194 754 2219 ,
783 2162 839 2209 et
870 2156 924 2210 in
958 2153 1197 2211 Verbum
1260 2160 1695 2228 assumptionem
1717 2198 1731 2222 .
1792 2167 1846 2214 et
1903 2176 2096 2230 super-

515 2247 937 2313 exaltationem,
986 2256 1291 2318 casteraque
1341 2250 1393 2304 id
1426 2255 1644 2321 generis
1688 2251 1949 2315 dicimus,
1985 2266 2097 2322 quo

517 2354 651 2408 opes
714 2336 836 2394 illas
898 2338 1276 2407 declaremns,
1344 2358 1465 2412 qum
1519 2345 1671 2399 carni
1722 2360 1787 2398 ex
1836 2359 1932 2399 sua
1969 2360 2096 2400 cum

518 2431 919 2485 sublimissimo
972 2431 1085 2486 Deo
1132 2431 1316 2486 Verbo
1372 2434 1619 2500 unione,
1674 2436 2099 2506 arctissimaque

518 2522 912 2592 conjunctione
944 2535 1326 2580 accesserunt.
1356 2526 1493 2579 Cum
1528 2535 1710 2581 autem
1743 2528 1813 2581 ab
1843 2527 2098 2582 inferiori

518 2621 713 2684 parte,
750 2615 1189 2670 incarnationem
1229 2615 1324 2670 Dei
1362 2615 1560 2684 Verbi,
1600 2619 1964 2676 humanitatis
2006 2635 2099 2676 as-

519 2707 887 2777 sumptionem
912 2750 925 2769 .
961 2710 1393 2764 exinanitionem
1417 2750 1431 2774 ,
1473 2721 1879 2780 paupertatem,
1910 2723 1965 2769 et
1993 2713 2098 2767 hu-

520 2799 881 2854 miliationem
905 2800 1161 2856 dicimus.
1185 2800 1312 2857 Haec
1334 2801 1482 2855 enim
1507 2813 1556 2856 et
1584 2802 1785 2857 similia
1807 2843 1821 2866 ,
1849 2804 1919 2859 ob
1943 2819 2099 2860 suam

520 2906 646 2945 cum
699 2890 1043 2946 humanitate
1094 2893 1447 2955 mistionem,
1508 2890 1688 2946 Verbo
1743 2909 1807 2947 ac
1858 2893 1969 2949 Deo
2002 2895 2103 2948 tri-

521 2982 786 3037 buuntur.
813 2983 1056 3052 Denique
1081 2998 1203 3038 cum
1226 2985 1291 3038 de
1315 2984 1558 3053 utrisque
1580 2984 1744 3055 286
1764 2986 1924 3039 simul
1947 2986 2103 3041 nobis

520 3082 604 3129 est
631 3089 814 3128 sermo
836 3117 850 3138 ,
879 3076 1136 3129 unionem
1161 3115 1176 3140 ,
1210 3078 1654 3129 communionem
1682 3114 1697 3135 ,
1736 3077 2049 3130 unctionem
2081 3115 2097 3140 ,

522 3166 825 3221 naturalem
861 3166 1221 3235 intimamque
1247 3167 1636 3221 cohaerentiam
1657 3208 1670 3229 ,
1700 3168 2100 3224 conformatio-

522 3273 647 3312 nem
675 3300 689 3324 ,
740 3266 1055 3327 ceteraque
1092 3258 1145 3312 id
1180 3259 1397 3327 generis
1430 3260 1699 3314 vocabula
1736 3269 2096 3331 usurpantur.

522 3347 607 3402 Ob
637 3349 785 3402 hunc
821 3349 991 3417 igitur
1028 3350 1252 3405 tertium
1286 3349 1507 3403 modum
1538 3351 1783 3419 praedicti
1812 3353 1923 3410 duo
1954 3352 2101 3407 modi

520 3437 802 3494 dicuntur.
824 3441 927 3494 Per
957 3443 1215 3496 unionem
1237 3442 1385 3496 enim
1410 3441 1708 3506 indicatur,
1727 3443 1871 3512 quod
1897 3451 2103 3497 utrum-

522 3543 629 3597 que
655 3546 719 3583 ex
749 3546 850 3586 sua
883 3548 1009 3586 cum
1039 3548 1105 3587 eo
1134 3533 1281 3603 quod
1306 3548 1413 3588 una
1446 3549 1632 3588 secum
1662 3535 1918 3599 exsistit,
1951 3550 2103 3588 com-

523 3622 872 3689 paginatione
905 3635 959 3678 et
983 3623 1514 3681 circumincessione
1550 3626 1809 3696 adeptum
1838 3624 1931 3680 sit.
1976 3623 2107 3679 Ete-

523 3710 637 3762 nim
671 3712 715 3743 "
745 3713 817 3767 ob
848 3714 1108 3768 unionem
1146 3716 1452 3771 secundum
1486 3716 1857 3785 hypostasim,
1890 3723 1944 3770 et
1972 3730 2103 3771 caro

522 3800 777 3855 deiﬁcata
810 3818 872 3858 ac
910 3805 1052 3860 Deus
1099 3821 1224 3861 esse
1277 3805 1461 3870 facta,
1509 3807 1931 3876 divinitatisque
1974 3821 2103 3860 cum

524 3890 705 3946 Verbo
739 3893 889 3947 socia
922 3895 1165 3949 dicitur:
1210 3904 1265 3950 et
1304 3911 1500 3951 rursus
1531 3896 1675 3952 Deus
1706 3895 1943 3951 Verbum
1980 3912 2104 3952 car-

523 3996 648 4036 nem
676 3984 1070 4053 assumpsisse,
1094 3994 1148 4039 et
1169 3985 1332 4040 homo
1361 3984 1542 4039 factus
1563 4001 1686 4040 esse
1708 3986 1929 4054 dicitur,
1958 4002 2106 4042 crea-

523 4080 645 4124 tura
669 4071 856 4126 itidem
878 4115 892 4138 ,
914 4082 967 4127 et
999 4072 1343 4127 novissimus
1371 4075 1681 4141 appellatur
1703 4075 1745 4107 ⁶¹
1769 4094 1782 4129 :
1814 4090 1922 4130 non
1951 4076 2103 4148 quod

520 4162 643 4217 duae
689 4172 901 4219 natura:
937 4165 991 4219 in
1029 4179 1193 4219 unam
1253 4172 1509 4219 naturam
1561 4167 1924 4235 compositam
1972 4183 2106 4223 con-

521 4268 694 4309 versae
722 4255 831 4309 sint
863 4254 881 4321 (
908 4255 1024 4309 ﬂeri
1059 4255 1207 4312 enim
1240 4257 1435 4326 nequit
1471 4254 1537 4323 ⁸⁸,
1575 4257 1632 4312 in
1667 4258 2103 4329 una‘eademque

2129 3030 2171 3087 C

1683 235 1744 295 S.
1769 235 2089 297 JOANNIS
2119 235 2278 296 ΒΑΜ
2286 235 2558 295 ASCENI

3683 223 3847 290 ιιω

2257 342 2338 394 Τὰ
2357 342 2413 394 δὲ
2445 338 2827 412 προφητικῶς·
2867 338 2958 392 καὶ
3011 339 3215 393 τούτων
3275 336 3347 391 τὰ
3396 335 3514 406 μὲν
3558 333 3646 397 ὡς
3696 336 3845 404 μέλε-

2199 434 2376 499 λοντα,
2404 429 2513 486 οἷον
2531 452 2543 465 θ
2581 430 2889 501 Ἐμφανῶς
2911 430 3041 498 ἣξει
3064 448 3078 461 ·
3109 432 3203 483 xul.
3235 431 3297 483 τὸ
3332 428 3437 482 τοῦ
3472 428 3781 499 Ζαχαρίου
3806 444 3837 462 ο

2211 525 2356 580 Ἰδοὺ
2385 529 2419 579 ὀ
2447 525 2748 590 Βασιλεύς
2789 539 2907 578 σου
2944 522 3178 592 ἔρχεταί
3220 540 3346 576 σοι.
3392 521 3521 574 Καὶ
3560 519 3666 572 ’τὸ
3713 519 3883 585 dub:

2197 616 2433 686 Μιχαίου
2460 615 2778 687 εἰρημένον·
2823 614 2979 669 Ἰδοὺ
3017 614 3234 682 Κύριος
3272 612 3706 680 ἐκπορεύεται
3748 612 3831 665 ἐκ

2197 708 2303 762 τοῦ
2323 709 2511 762 τόπου
2540 706 2744 772 αὐτοῦ,
2770 706 2865 773 καὶ
2891 704 3310 770 καταϐήσεται,
3348 704 3451 758 καὶ
3503 702 3829 769 ἐπιϐήσει-

2195 816 2288 852 ται
2311 798 2411 852 ἐπὶ
2445 796 2518 851 τὰ
2549 796 2759 866 ὑψηλὰ
2782 795 2893 864 τῆς
2950 795 3063 865 τῆς
3083 814 3097 826 ⁸
3124 795 3194 848 τὰ
3247 794 3329 858 δὲ,
3358 794 3433 847 τὰ
3489 793 3824 864 μέλλοντα,

2194 889 2268 951 ὡς
2302 887 2687 958 παρῳχηκότα,
2718 886 2793 944 ὡς
2818 885 2908 938 τό’
2945 881 3133 951 Οὗτος
3158 888 3191 939 ὀ
3231 885 3379 950 Θεὸς
3404 883 3619 952 ἡμῶν.
3640 886 3827 937 Μετὰ

2195 979 2382 1032 ταῦτα
2418 978 2516 1031 ἐπὶ
2568 977 2680 1046 τῆς
2736 975 2849 1046 γῆς
2901 975 3088 1044 ὤφθη,
3138 974 3404 1040 καὶτοῖς
3444 974 3819 1043 ἀνθρώπως

2195 1067 2665 1137 συνανεστράςοη
2684 1084 2696 1096 '
2717 1068 2810 1121 καὶ
2836 1068 2930 1122 τό·
2963 1069 3177 1135 Κύριος
3221 1066 3430 1120 ἐκτισέ
3462 1084 3551 1136 με
3595 1066 3817 1134 ἀρχὴν

2195 1159 2313 1213 τῶν
2361 1158 2517 1214 ὁδῶν
2567 1159 2753 1213 αὑτοῦ
2815 1160 2902 1225 εὶς
2944 1157 3089 1227 ἔργα
3129 1156 3347 1211 αὐτοῦ’
3399 1159 3501 1210 καὶ
3561 1158 3674 1210 τό·
3702 1160 3815 1212 Διὰ

2196 1250 2372 1305 τοῦτο
2395 1250 2604 1320 ἐχρισέ
2627 1266 2700 1304 σε
2724 1252 2758 1304 ὁ
2784 1249 2947 1316 Θεὸς,
2966 1250 3000 1302 ό
3028 1250 3171 1314 Θεός
3199 1264 3337 1314 σου,
3360 1249 3590 1303 ἔλαιον
3616 1250 3814 1318 ἀγαλ-

2195 1342 2457 1408 λιάσεως
2511 1341 2669 1410 παρὰ
2725 1340 2867 1408 τοὺς
2907 1341 3205 1411 μετόχους
3254 1354 3393 1406 σου,
3430 1341 3535 1395 καὶ
3564 1342 3642 1396 τὰ
3681 1358 3807 1394 τοι-

2194 1451 2357 1488 αυτα.

2263 1524 2343 1577 Τὰ
2376 1524 2477 1593 μὲν
2507 1518 2603 1577 οὖν
2628 1522 2734 1594 πρὸ
2759 1523 2859 1592 τῆς
2884 1523 3150 1587 ἑνὼσεως,
3172 1523 3269 1576 καὶ
3299 1524 3439 1593 μετὰ
3458 1524 3570 1595 τὴν
3588 1523 3804 1580 ἕνωσιν

2195 1615 2282 1668 ἐπ’
2318 1614 2468 1686 αὑτῷ
2501 1614 2826 1685 λεχθήσεται
2851 1630 2864 1643 ·
2891 1613 2958 1667 τὰ
2997 1614 3054 1667 δὲ
3100 1614 3237 1684 μετὰ
3270 1615 3369 1685 τὴν
3415 1615 3654 1683 ἕνωσιν,
3685 1619 3802 1687 πρὸ

2194 1705 2292 1775 τῆς
2318 1705 2566 1769 ένώσεως
2606 1705 2879 1775 οὐδαμῶς,
2931 1706 2979 1757 εἰ
3010 1706 3205 1776 μήτιγε
3256 1707 3650 1776 προφητικῶς,
3718 1710 3804 1772 ὡς

2193 1795 2423 1866 ἔφημεν.
2453 1795 2575 1849 Τῶν
2606 1796 2663 1849 δὲ
2691 1797 2749 1848 ἐν
2771 1798 2838 1866 τῇ
2870 1794 3062 1848 ὲνώσει
3094 1794 3283 1866 τρόποι
3309 1796 3416 1847 εἰσὶ
3448 1798 3636 1866 τρεῖς.
3657 1799 3803 1850 Ὅτε

2198 1885 2298 1955 μὲν
2322 1887 2429 1958 γὰρ
2456 1889 2520 1939 ἐκ
2571 1885 2666 1940 τοῦ
2712 1886 3021 1957 κρείττονος
3063 1885 3154 1939 τὸν
3195 1885 3351 1955 λόγον
3384 1887 3710 1957 ποιούμεθα
3739 1896 3797 1956 ιι,

2196 1981 2390 2034 θέωσιν
2439 1977 2542 2048 τῆς
2597 1976 2818 2047 σαρκὸς,
2850 1975 2944 2028 καὶ
2982 1975 3235 2044 λόγωσιν,
3283 1977 3381 2029 καὶ
3410 1977 3799 2048 ὑπερύψωσιν

2194 2072 2446 2141 λέγομεν,
2504 2069 2600 2122 xui.
2648 2067 2716 2122 τὰ
2771 2067 3019 2135 τοιαῦτα,
3066 2068 3156 2121 τὸν
3206 2069 3651 2139 προσγενόμενον
3713 2075 3789 2142 τῇ

2199 2163 2363 2233 σαρκὶ¹
2389 2159 2620 2214 πλοῦτον
2649 2160 2713 2212 ἐκ
2749 2158 2851 2228 τῆς
2883 2159 3019 2228 πρὸς
3056 2159 3147 2212 τὸν
3180 2157 3407 2228 ὕψιστον
3431 2159 3568 2213 Θεδν
3598 2162 3792 2228 Λόγον

2196 2252 2444 2315 ὲνώσεὼς
2468 2268 2527 2304 τε
2564 2251 2659 2304 καὶ
2676 2250 2959 2319 συμφυΐας
2995 2248 3366 2319 ἐμφαίνοντες.
3403 2251 3533 2303 Ὅτε
3573 2252 3637 2304 δὲ
3671 2254 3793 2305 ἀπὸ

2196 2340 2291 2395 τοῦ
2322 2339 2625 2401 ἐλάττονος,
2657 2339 2934 2408 σάρκωσιν
2972 2336 3065 2390 τοῦ
3098 2337 3233 2391 Θεοῦ
3276 2339 3472 2406 Λόγου,
3493 2341 3787 2413 ὲνανθρὼ-

2198 2448 2390 2502 πησιν,
2445 2430 2720 2493 κένωσιν,
2763 2429 3076 2498 πτωχείαν,
3146 2429 3506 2493 ταπείνωσιν.
3564 2433 3779 2502 φαμέν.

2198 2521 2386 2575 Ταῦτα
2417 2520 2547 2590 γὰρ,
2585 2519 2773 2573 καὶτὰ
2802 2517 3047 2583 τοιαῦτα,
3079 2520 3144 2572 ὲκ
3158 2521 3262 2590 τῆς
3305 2521 3437 2592 πρὸς
3486 2521 3549 2574 «cs
3569 2523 3666 2575 ἀνθ
3679 2525 3787 2593 ρὼ-

2200 2630 2356 2668 πινον
2377 2616 2628 2686 κράσεως
2656 2611 2973 2678 ἐπιλέγεται
3001 2609 3080 2681 τῷ
3113 2610 3274 2680 Λόγῳ
3309 2613 3404 2664 καὶ
3428 2611 3571 2681 Θεῷ.
3599 2612 3785 2665 Ὅταν

2201 2705 2259 2758 δὲ
2289 2705 2348 2771 ἐξ
2379 2706 2582 2775 ἀμφοῖν
2610 2702 2745 2774 ἅμα,
2784 2703 2999 2771 ἕνωσιν,
3047 2702 3356 2767 κοινωνίαν,
3399 2703 3599 2775 χρίσιν,
3630 2722 3785 2772 συμ-

2202 2797 2386 2866 φυΐαν,
2417 2796 2837 2867 συμμόρφωσιν,
2874 2796 2969 2849 καὶ
2996 2794 3065 2848 τὰ
3086 2795 3312 2849 τοιαῦτα
3347 2795 3644 2865 φάσκομεν.
3671 2799 3785 2851 Διὰ

2202 2886 2391 2942 τοῦτον
2416 2884 2511 2942 οὖν
2534 2887 2629 2940 τὸν
2683 2886 2865 2957 τρίτον
2904 2886 3102 2957 τρόπον
3149 2889 3199 2940 οἱ
3231 2887 3653 2957 προλελεγμένοι
3675 2888 3783 2941 δύο

2204 2981 2394 3052 τρόποι
2423 2980 2693 3049 λέγονται.
2724 2980 2824 3034 Διά
2844 2979 2953 3049 γὰρ
2982 2979 3078 3049 τῆς
3134 2979 3378 3043 ἑνώσεως
3417 2979 3686 3049 δηλοῦται,
3719 2981 3780 3031 τί

2203 3072 2364 3143 ἔσχεν
2394 3072 2658 3144 ἑκάτερον
2687 3072 2753 3125 ἐκ
2779 3072 2879 3141 τῆς
2907 3069 3004 3123 τοῦ
3057 3071 3469 3139 συνυφεστῶτος
3499 3071 3643 3139 αὐτῷ
3670 3072 3781 3140 ἁρ-

2205 3167 2376 3236 μογῆς
2400 3165 2495 3218 καὶ
2518 3163 2963 3233 περιχωρήσεως.
2999 3160 3097 3214 Διά
3125 3162 3234 3232 γὰρ
3264 3162 3362 3232 τὴν
3401 3162 3777 3215 καθ’ὑπόστα-

2204 3273 2287 3309 σιν
2331 3255 2524 3309 ἕνωσιν
2561 3255 2596 3325 ἡ
2631 3253 2766 3323 σὰρξ
2792 3252 3092 3308 τεθεῶσθαι
3118 3253 3357 3322 λέγεται,
3392 3254 3489 3307 καὶ
3522 3254 3653 3314 Θεὸς
3682 3270 3779 3321 γε-

2202 3348 2409 3411 νέσθαι,
2434 3346 2556 3400 -xul.
2606 3345 2833 3415 όμόθεος
2881 3345 2957 3417 τῷ
3011 3347 3204 3418 Λόγῳ·
3241 3348 3337 3402 καὶ
3379 3349 3407 3401 ό
3450 3346 3583 3410 Θεὸς
3603 3348 3777 3414 Λόγος

2205 3438 2577 3510 σαρκωθῆναι,
2631 3439 2727 3492 καὶ
2772 3438 3057 3509 ἅνθρωπος
3103 3439 3375 3509 γενέσθαι,
3419 3439 3515 3492 καὶ
3566 3438 3776 3505 κτίσμα

2203 3529 2487 3597 λέγεσθαι.
2538 3527 2634 3581 xul.
2682 3528 2910 3598 ἔσχατος
2959 3528 3272 3583 καλεῖσθαι*
3318 3530 3415 3598 οὐχ
3442 3528 3521 3591 ὡς
3546 3529 3657 3581 τῶν
3682 3527 3776 3581 δύο

2204 3621 2423 3691 φύσεων
2456 3619 2896 3691 μεταϐληθεισῶν
2953 3622 3031 3684 εἰς
3078 3621 3203 3690 μίαν
3253 3621 3415 3687 φύσιν
3466 3620 3770 3674 σύνθετονο

2204 3708 2465 3764 ἀδύνατον
2505 3706 2616 3779 γὰρ
2648 3709 2707 3761 ὲν
2744 3710 2841 3780 μιᾷ
2875 3709 3029 3778 φύσει
3048 3708 3157 3776 ἅμα
3187 3707 3255 3759 τὰ
3293 3706 3514 3758 ἐναντία
3549 3707 3771 3772 φυσικὰ

2204 3798 2457 3869 γενέσθαι
2485 3815 2500 3830 σ
2528 3797 2643 3851 ἀλλ’
2664 3798 2742 3862 ὡς
2768 3799 2880 3853 τῶν
2914 3800 2997 3852 δύο
3034 3795 3237 3864 φύσεων
3276 3793 3398 3846 καθ’
3445 3793 3764 3847 ὑπόστασιν

2207 3889 2528 3955 ὲνωθεισῶν,
2549 3889 2643 3943 καὶ
2672 3888 2773 3960 τὴν
2801 3892 2881 3955 εἰς
2909 3888 3126 3958 ἀλλήλας
3157 3882 3527 3956 περιχώρήων
3577 3881 3764 3951 ἀσύγ-

2205 3997 2371 4053 χυτον
2392 3980 2489 4034 καὶ
2513 3981 2889 4052 ἀμετάϐλητον
2920 3977 3168 4051 ἐχουσῶν.
3198 3977 3266 4029 Ἥ
3297 3975 3355 4028 δὲ
3378 3973 3772 4046 περιχὼρησις

2205 4076 2304 4129 οὐκ
2329 4075 2395 4127 ὲκ
2424 4075 2523 4143 τῆς
2550 4074 2772 4144 σαρκὸς,
2795 4065 2910 4127 ἀλλ’
2944 4077 3012 4127 ἐκ
3062 4072 3159 4142 τῆς
3207 4068 3459 4131 θεότητος
3497 4068 3735 4137 γέγονεν
3755 4085 3771 4099 ·

2205 4166 2489 4236 ἀμήχανον
2510 4167 2619 4235 γὰρ
2646 4165 2746 4233 τὴν
2771 4166 2950 4235 σάρκα
2975 4161 3351 4233 περιχωρῆσαι
3392 4158 3484 4213 διὰ
3515 4158 3623 4228 τῆς
3657 4159 3775 4213 θεό-

2205 4273 2367 4327 τητος
2390 4273 2405 4288 ·
2434 4255 2549 4309 ἀλλ’
2570 4258 2604 4326 ἠ
2647 4255 2766 4308 θεία
2794 4254 2955 4323 φύσις
2975 4252 3125 4317 ἅπαξ
3157 4250 3545 4322 περιχωροῦσα
3568 4249 3658 4303 διὰ
3680 4251 3773 4319 τῆς

523 4350 721 4396 natura
752 4346 1127 4414 proprietates
1176 4347 1460 4403 naturales
1508 4347 1654 4404 inter
1704 4363 1763 4404 se
1806 4350 2101 4404 contrariae

2206 4346 2427 4417 σαρκὸς,
2466 4346 2633 4399 ἔδωκε
2653 4346 2748 4399 καὶ
2767 4348 2831 4416 τῇ
2862 4345 3024 4415 σαρκὶ
3059 4344 3158 4414 τὴν
3199 4343 3336 4413 πρὸς
3363 4342 3570 4412 ταύτην
3605 4342 3769 4411 speq-

524 4433 690 4488 simul
734 4436 1007 4492 exsistant
1034 4438 1091 4507 ),
1124 4438 1219 4493 sed
1252 4438 1380 4508 quia
1414 4439 1537 4494 duae
1559 4448 1770 4494 natura
1799 4439 2104 4494 secundum

2213 4455 2305 4490 τον
2334 4436 2726 4509 περιχώρησιν,
2760 4437 2827 4506 ἢν
2861 4435 2924 4506 δὴ
2953 4434 3147 4487 ἕνωσιν
3172 4434 3426 4503 λέγομεν.

524 4524 860 4593 hypostasim
909 4530 1077 4584 unitze
1109 4541 1272 4597 sunt,
1326 4544 1684 4603 mutuamqne
1730 4533 1873 4588 inter
1910 4549 1969 4589 se
2002 4534 2141 4588 citra
2171 4532 2553 4587 confusionem
2594 4539 2650 4586 et
2687 4531 3165 4594 immutationem,
3202 4524 3756 4583 circuminerssionem

526 4614 750 4672 habent.
786 4620 1254 4679 Circuminccssio
1315 4632 1500 4679 autem
1552 4640 1661 4679 non
1697 4642 1726 4680 a
1762 4642 1969 4689 carne,
2009 4626 2104 4681 sed
2145 4639 2175 4678 a

2209 4624 2502 4679 divinitate
2533 4623 2778 4693 profecta
2830 4629 2935 4676 est.
2988 4620 3180 4691 Neque
3220 4622 3370 4674 enim
3414 4618 3520 4673 ﬁeri
3556 4616 3767 4686 possit,

526 4709 586 4753 ut
618 4718 748 4757 caro
781 4705 1123 4762 divinitatem
1161 4711 1568 4777 circumvadat,
1622 4728 1812 4768 verum
1843 4714 2027 4768 divina
2084 4722 2279 4767 natura
2337 4713 2505 4767 semel
2534 4727 2754 4767 carnem
2797 4712 3158 4781 permeando,
3201 4711 3359 4765 carni
3397 4724 3612 4780 quoque
3647 4722 3777 4763 con-

526 4791 685 4857 tulit,
714 4801 773 4847 ut
796 4795 861 4849 ad
887 4811 948 4851 se
974 4797 1142 4853 modo
1167 4802 1405 4869 quodam
1433 4803 1695 4860 incliabili
1726 4812 2098 4860 commearet:
2138 4804 2284 4875 quod
2319 4805 2535 4872 quidem
2570 4819 2672 4859 nos
2701 4804 2960 4859 unionem
2992 4804 3253 4857 dicimus.

598 4884 731 4949 Qua:
772 4903 890 4940 cum
939 4891 1353 4959 reciprocatione
1411 4895 1681 4953 dicantur.
1708 4897 2098 4953 —Sciendum

529 4986 711 5031 autem
743 4986 828 5034 est
849 5020 863 5046 ,
895 4979 951 5034 in
984 4982 1164 5051 primo
1191 4995 1243 5041 et
1272 4988 1516 5042 secundo
1542 5004 1741 5059 genere
1763 5005 1953 5045 eorum
1979 5005 2100 5059 quae

2290 4899 2485 4951 ’ἰστέον
2509 4899 2587 4962 δὲ,
2609 4899 2683 4961 ὡς
2701 4897 2793 4950 ἐπὶ
2812 4893 2905 4947 τοῦ
2929 4891 3149 4963 πρώτου
3177 4894 3275 4946 καὶ
3300 4892 3566 4964 δευτέρου
3582 4890 3778 4964 τρόπου

2203 4988 2313 5043 τῶν
2345 4990 2406 5041 ὲν
2434 4990 2500 5059 τῇ
2534 4987 2748 5051 ὲνώσει,
2775 4983 2835 5038 τὸ
2884 4981 3158 5036 ἀνάπαλιν
3197 4980 3495 5054 θεωρεῖται
3515 4999 3529 5013 ·
3561 4984 3655 5036 ὅτε
3684 4982 3784 5052 γὰρ

600 5132 647 5208 ⁸]
674 5132 991 5208 Psal.__xmx,
1024 5141 1077 5195 5.
1153 5141 1386 5197 "Zach.
1412 5158 1486 5208 lx,
1518 5143 1570 5197 9.
1648 5142 1694 5174 “
1728 5142 1891 5197 Mich.
1918 5158 1952 5202 ι.
1974 5144 2027 5197 5.
2104 5143 2149 5175 ⁸⁷
2181 5142 2395 5197 Baruch
2429 5144 2616 5208 "1,38.
2691 5144 2738 5176 ⁸⁸
2771 5143 2931 5197 Prov.
2956 5135 3194 5202 vmﬂ‘Z.
3223 5139 3271 5173 ⁸⁹
3295 5140 3448 5196 Psal.
3481 5137 3783 5208 xxxnv,8.

532 5201 577 5231 “
603 5201 763 5276 Greg.
803 5204 938 5264 Naz.
979 5201 1137 5266 'orat.
1173 5211 1262 5266 39.
1340 5213 1383 5243 θ’
1410 5201 1513 5265 lsa.
1545 5225 1698 5276 mn,
1728 5213 1780 5265 '5.
1858 5213 1903 5243 θ’
1930 5213 2103 5283 Supra

2202 5214 2253 5267 b.
2298 5227 2375 5277 ιιι,
2405 5201 2528 5284 cap.
2568 5216 2624 5268 Ξ.

1803 5362 1827 5412 \
1847 5361 2033 5417 ARle
2073 5363 2474 5420 LECTIONES.

610 5509 633 5547 ιι
661 5508 791 5586 Reg:
828 5512 995 5586 ΒιῌἻἱ
1033 5525 1087 5569 et
1113 5512 1270 5568 Coll).
1306 5510 1721 5586 Ganeo-Latino
1753 5514 1785 5583 ἦ
1815 5515 1921 5585 γὰρ
1944 5518 2008 5569 ὲκ
2042 5518 2307 5586 μείζονος,

2367 5518 2400 5587 ῆ
2455 5517 2561 5570 ἀπὸ
2597 5514 2689 5587 τοΞ»
2719 5513 3020 5587 ﬂetum
3075 5514 3108 5585 ἢ
3160 5514 3223 5580 ἐξ
3277 5517 3494 5586 ἀμφοῖν
3514 5514 3614 5572 τδν
3639 5514 3799 5586 λάτον

544 5579 851 5646 ποιούμεθα.
888 5584 1084 5640 Eadem
1114 5598 1278 5652 supra
1316 5584 1510 5637 lineam
1555 5579 1809 5651 leguntur
1828 5579 1904 5639 ἰη’
1949 5579 2105 5642 Coll).
2146 5579 2321 5655 1559',
2358 5579 2408 5641 οἱ
2434 5587 2484 5639 in
2518 5600 2611 5641 ora
2648 5581 2800 5654 Regii
2833 5582 2992 5637 2427.
