  <div class='ocr_page' id='page_1' title='image "/cluster/home/n/w/nwhite01/storage/ocr_20150623/94/mdp.39015008918610/600.png"; bbox 0 0 4072 6146; ppageno 0'>
   <div class='ocr_carea' id='block_1_1' title="bbox 323 258 459 327">
    <p class='ocr_par' dir='ltr' id='par_1_1' title="bbox 323 258 459 327">
     <span class='ocr_line' id='line_1_1' title="bbox 323 258 459 327; baseline 0.044 -6"><span class='ocrx_word' id='word_1_1' title='bbox 323 258 459 327; x_wconf 82' lang='grc'>1185</span> 
     </span>
    </p>
   </div>
   <div class='ocr_carea' id='block_1_2' title="bbox 1376 268 2501 330">
    <p class='ocr_par' dir='ltr' id='par_1_2' title="bbox 1376 268 2501 330">
     <span class='ocr_line' id='line_1_2' title="bbox 1376 268 2501 330; baseline 0 -2"><span class='ocrx_word' id='word_1_2' title='bbox 1376 270 1473 328; x_wconf 89' lang='lat' dir='ltr'><strong>DE</strong></span> <span class='ocrx_word' id='word_1_3' title='bbox 1512 270 1688 329; x_wconf 85' lang='lat' dir='ltr'><strong>FIDE</strong></span> <span class='ocrx_word' id='word_1_4' title='bbox 1728 268 2192 328; x_wconf 79' lang='lat' dir='ltr'>ORTIIODOXA</span> <span class='ocrx_word' id='word_1_5' title='bbox 2226 270 2373 328; x_wconf 77' lang='lat' dir='ltr'>LIB.</span> <span class='ocrx_word' id='word_1_6' title='bbox 2405 270 2501 330; x_wconf 89' lang='lat' dir='ltr'>IV.</span> 
     </span>
    </p>
   </div>
   <div class='ocr_carea' id='block_1_3' title="bbox 3430 269 3566 335">
    <p class='ocr_par' dir='ltr' id='par_1_3' title="bbox 3430 269 3566 335">
     <span class='ocr_line' id='line_1_3' title="bbox 3430 269 3566 335; baseline -0.007 -2"><span class='ocrx_word' id='word_1_7' title='bbox 3430 269 3566 335; x_wconf 84' lang='lat'>1186</span> 
     </span>
    </p>
   </div>
   <div class='ocr_carea' id='block_1_4' title="bbox 314 373 1876 453">
    <p class='ocr_par' dir='ltr' id='par_1_4' title="bbox 314 373 1876 453">
     <span class='ocr_line' id='line_1_4' title="bbox 314 373 1876 453; baseline -0.001 -17"><span class='ocrx_word' id='word_1_8' title='bbox 314 373 442 441; x_wconf 77' lang='grc' dir='ltr'>περὶ</span> <span class='ocrx_word' id='word_1_9' title='bbox 472 373 569 442; x_wconf 79' lang='grc' dir='ltr'>τῆς</span> <span class='ocrx_word' id='word_1_10' title='bbox 597 373 796 445; x_wconf 77' lang='grc' dir='ltr'>σαρκὸς</span> <span class='ocrx_word' id='word_1_11' title='bbox 821 375 911 428; x_wconf 82' lang='grc' dir='ltr'>τὸν</span> <span class='ocrx_word' id='word_1_12' title='bbox 954 378 1112 447; x_wconf 81' lang='grc' dir='ltr'>λόγον</span> <span class='ocrx_word' id='word_1_13' title='bbox 1161 381 1481 453; x_wconf 72' lang='grc' dir='ltr'>ποιούμεθα,</span> <span class='ocrx_word' id='word_1_14' title='bbox 1516 383 1711 437; x_wconf 81' lang='grc' dir='ltr'>θέωσιν</span> <span class='ocrx_word' id='word_1_15' title='bbox 1731 424 1745 445; x_wconf 91' lang='grc'>,</span> <span class='ocrx_word' id='word_1_16' title='bbox 1795 385 1876 435; x_wconf 69' lang='grc' dir='ltr'><strong>καῖ</strong></span> 
     </span>
    </p>
   </div>
   <div class='ocr_carea' id='block_1_5' title="bbox 1974 373 3564 453">
    <p class='ocr_par' dir='ltr' id='par_1_5' title="bbox 1990 383 3564 453">
     <span class='ocr_line' id='line_1_5' title="bbox 1990 383 3564 453; baseline 0.002 -17"><span class='ocrx_word' id='word_1_17' title='bbox 1990 384 2044 436; x_wconf 92' lang='lat' dir='ltr'>in</span> <span class='ocrx_word' id='word_1_18' title='bbox 2077 383 2280 436; x_wconf 85' lang='lat' dir='ltr'>unione</span> <span class='ocrx_word' id='word_1_19' title='bbox 2309 386 2447 437; x_wconf 89' lang='lat' dir='ltr'>tiunt</span> <span class='ocrx_word' id='word_1_20' title='bbox 2469 422 2483 446; x_wconf 93' lang='lat'>,</span> <span class='ocrx_word' id='word_1_21' title='bbox 2512 383 3007 453; x_wconf 85' lang='lat' dir='ltr'>reciprocationem</span> <span class='ocrx_word' id='word_1_22' title='bbox 3039 384 3401 440; x_wconf 84' lang='lat' dir='ltr'>considerari.</span> <span class='ocrx_word' id='word_1_23' title='bbox 3428 386 3564 440; x_wconf 86' lang='lat' dir='ltr'>Nam</span> 
     </span>
    </p>
   </div>
   <div class='ocr_carea' id='block_1_6' title="bbox 310 460 1888 543">
    <p class='ocr_par' dir='ltr' id='par_1_6' title="bbox 310 460 1888 543">
     <span class='ocr_line' id='line_1_6' title="bbox 310 460 1888 543; baseline 0.01 -31"><span class='ocrx_word' id='word_1_24' title='bbox 310 460 565 528; x_wconf 79' lang='grc' dir='ltr'>λόγωσιν,</span> <span class='ocrx_word' id='word_1_25' title='bbox 596 468 686 515; x_wconf 79' lang='grc' dir='ltr'>καὶ</span> <span class='ocrx_word' id='word_1_26' title='bbox 703 466 1077 537; x_wconf 81' lang='grc' dir='ltr'>ύπερύψωσιν,</span> <span class='ocrx_word' id='word_1_27' title='bbox 1097 472 1190 523; x_wconf 76' lang='grc' dir='ltr'>καὶ</span> <span class='ocrx_word' id='word_1_28' title='bbox 1210 472 1391 541; x_wconf 78' lang='grc' dir='ltr'>χρίσιν</span> <span class='ocrx_word' id='word_1_29' title='bbox 1410 475 1607 543; x_wconf 80' lang='grc' dir='ltr'>φαμέν.</span> <span class='ocrx_word' id='word_1_30' title='bbox 1629 474 1773 527; x_wconf 61' lang='grc' dir='ltr'>’Λπο</span> <span class='ocrx_word' id='word_1_31' title='bbox 1791 475 1888 542; x_wconf 82' lang='grc' dir='ltr'>μὲν</span> 
     </span>
    </p>
   </div>
   <div class='ocr_carea' id='block_1_7' title="bbox 310 547 1882 631">
    <p class='ocr_par' dir='ltr' id='par_1_7' title="bbox 310 547 1882 631">
     <span class='ocr_line' id='line_1_7' title="bbox 310 547 1882 631; baseline 0.011 -33"><span class='ocrx_word' id='word_1_32' title='bbox 310 547 420 617; x_wconf 77' lang='grc' dir='ltr'>γὰρ</span> <span class='ocrx_word' id='word_1_33' title='bbox 438 551 532 619; x_wconf 84' lang='grc' dir='ltr'>τῆς</span> <span class='ocrx_word' id='word_1_34' title='bbox 555 551 806 623; x_wconf 81' lang='grc' dir='ltr'>θεότητος</span> <span class='ocrx_word' id='word_1_35' title='bbox 822 555 1014 621; x_wconf 82' lang='grc' dir='ltr'>ταῦτα,</span> <span class='ocrx_word' id='word_1_36' title='bbox 1033 560 1159 627; x_wconf 77' lang='grc' dir='ltr'>περὶ</span> <span class='ocrx_word' id='word_1_37' title='bbox 1183 559 1354 630; x_wconf 83' lang='grc' dir='ltr'>δὲτὴν</span> <span class='ocrx_word' id='word_1_38' title='bbox 1378 561 1555 630; x_wconf 86' lang='grc' dir='ltr'>σάρκα</span> <span class='ocrx_word' id='word_1_39' title='bbox 1575 561 1882 631; x_wconf 77' lang='grc' dir='ltr'>θεωρεῖται.</span> 
     </span>
    </p>
   </div>
   <div class='ocr_carea' id='block_1_8' title="bbox 311 636 1889 718">
    <p class='ocr_par' dir='ltr' id='par_1_8' title="bbox 311 636 1889 718">
     <span class='ocr_line' id='line_1_8' title="bbox 311 636 1889 718; baseline 0.008 -28"><span class='ocrx_word' id='word_1_40' title='bbox 311 638 441 690; x_wconf 87' lang='grc' dir='ltr'>Ὅτε</span> <span class='ocrx_word' id='word_1_41' title='bbox 474 636 565 692; x_wconf 78' lang='grc' dir='ltr'>ιδὲ</span> <span class='ocrx_word' id='word_1_42' title='bbox 587 644 826 714; x_wconf 78' lang='grc' dir='ltr'>περὶτοῦ</span> <span class='ocrx_word' id='word_1_43' title='bbox 857 645 1054 714; x_wconf 79' lang='grc' dir='ltr'>Λόγου,</span> <span class='ocrx_word' id='word_1_44' title='bbox 1106 646 1353 712; x_wconf 84' lang='grc' dir='ltr'>κένωσιν,</span> <span class='ocrx_word' id='word_1_45' title='bbox 1382 650 1677 718; x_wconf 84' lang='grc' dir='ltr'>σάρκωσιν,</span> <span class='ocrx_word' id='word_1_46' title='bbox 1735 653 1889 703; x_wconf 75' lang='grc' dir='ltr'>ἐναν-</span> 
     </span>
    </p>
   </div>
   <div class='ocr_carea' id='block_1_9' title="bbox 310 726 1888 802">
    <p class='ocr_par' dir='ltr' id='par_1_9' title="bbox 310 726 1888 802">
     <span class='ocr_line' id='line_1_9' title="bbox 310 726 1888 802; baseline 0.009 -24"><span class='ocrx_word' id='word_1_47' title='bbox 310 726 617 799; x_wconf 83' lang='grc' dir='ltr'>θρώπησιν,</span> <span class='ocrx_word' id='word_1_48' title='bbox 673 735 1020 802; x_wconf 81' lang='grc' dir='ltr'>ταπείνωσιν,</span> <span class='ocrx_word' id='word_1_49' title='bbox 1053 739 1148 790; x_wconf 77' lang='grc' dir='ltr'>καὶ</span> <span class='ocrx_word' id='word_1_50' title='bbox 1200 738 1269 790; x_wconf 85' lang='grc' dir='ltr'>τὰ</span> <span class='ocrx_word' id='word_1_51' title='bbox 1315 738 1574 791; x_wconf 81' lang='grc' dir='ltr'>τοιαῦτα·</span> <span class='ocrx_word' id='word_1_52' title='bbox 1611 738 1769 792; x_wconf 78' lang='grc' dir='ltr'>ἅτινα</span> <span class='ocrx_word' id='word_1_53' title='bbox 1811 739 1888 802; x_wconf 86' lang='grc' dir='ltr'>ὠς</span> 
     </span>
    </p>
   </div>
   <div class='ocr_carea' id='block_1_10' title="bbox 309 817 1887 902">
    <p class='ocr_par' dir='ltr' id='par_1_10' title="bbox 309 817 1887 902">
     <span class='ocr_line' id='line_1_10' title="bbox 309 817 1887 902; baseline 0.006 -29"><span class='ocrx_word' id='word_1_54' title='bbox 309 817 541 889; x_wconf 80' lang='grc' dir='ltr'>ἔφημεν,</span> <span class='ocrx_word' id='word_1_55' title='bbox 570 825 634 876; x_wconf 80' lang='grc' dir='ltr'>ὲκ</span> <span class='ocrx_word' id='word_1_56' title='bbox 664 827 760 897; x_wconf 80' lang='grc' dir='ltr'>τῆς</span> <span class='ocrx_word' id='word_1_57' title='bbox 785 829 982 898; x_wconf 84' lang='grc' dir='ltr'>σαρκὸς</span> <span class='ocrx_word' id='word_1_58' title='bbox 1016 829 1327 897; x_wconf 82' lang='grc' dir='ltr'>ὲπιλέγεται</span> <span class='ocrx_word' id='word_1_59' title='bbox 1377 830 1456 900; x_wconf 82' lang='grc' dir='ltr'>τῷ</span> <span class='ocrx_word' id='word_1_60' title='bbox 1493 831 1652 902; x_wconf 81' lang='grc' dir='ltr'>Λόγῳ</span> <span class='ocrx_word' id='word_1_61' title='bbox 1689 848 1748 883; x_wconf 90' lang='grc' dir='ltr'>τε</span> <span class='ocrx_word' id='word_1_62' title='bbox 1790 832 1887 884; x_wconf 79' lang='grc' dir='ltr'>καὶ</span> 
     </span>
    </p>
   </div>
   <div class='ocr_carea' id='block_1_11' title="bbox 309 905 1506 987">
    <p class='ocr_par' dir='ltr' id='par_1_11' title="bbox 309 905 1506 987">
     <span class='ocr_line' id='line_1_11' title="bbox 309 905 1506 987; baseline 0.013 -29"><span class='ocrx_word' id='word_1_63' title='bbox 309 905 428 978; x_wconf 85' lang='grc' dir='ltr'>Θεῷ</span> <span class='ocrx_word' id='word_1_64' title='bbox 453 926 467 940; x_wconf 86' lang='grc'><strong>·</strong></span> <span class='ocrx_word' id='word_1_65' title='bbox 502 913 662 975; x_wconf 78' lang='grc' dir='ltr'>αὐτὸς</span> <span class='ocrx_word' id='word_1_66' title='bbox 694 915 805 985; x_wconf 85' lang='grc' dir='ltr'>γὰρ</span> <span class='ocrx_word' id='word_1_67' title='bbox 830 915 1003 968; x_wconf 76' lang='grc' dir='ltr'>ταῦτα</span> <span class='ocrx_word' id='word_1_68' title='bbox 1029 917 1321 984; x_wconf 70' lang='grc' dir='ltr'>ὑπέμεινεν</span> <span class='ocrx_word' id='word_1_69' title='bbox 1343 918 1506 987; x_wconf 79' lang='grc' dir='ltr'>ἑκῴν.</span> 
     </span>
    </p>
   </div>
   <div class='ocr_carea' id='block_1_12' title="bbox 1994 471 3563 541">
    <p class='ocr_par' dir='ltr' id='par_1_12' title="bbox 1994 471 3563 541">
     <span class='ocr_line' id='line_1_12' title="bbox 1994 471 3563 541; baseline 0.001 -17"><span class='ocrx_word' id='word_1_70' title='bbox 1994 487 2120 524; x_wconf 91' lang='lat' dir='ltr'>cum</span> <span class='ocrx_word' id='word_1_71' title='bbox 2154 471 2223 525; x_wconf 88' lang='lat' dir='ltr'>de</span> <span class='ocrx_word' id='word_1_72' title='bbox 2250 486 2419 526; x_wconf 90' lang='lat' dir='ltr'>carne</span> <span class='ocrx_word' id='word_1_73' title='bbox 2449 487 2761 528; x_wconf 84' lang='lat' dir='ltr'>sermonem</span> <span class='ocrx_word' id='word_1_74' title='bbox 2795 474 3083 541; x_wconf 86' lang='lat' dir='ltr'>habemus,</span> <span class='ocrx_word' id='word_1_75' title='bbox 3114 474 3521 529; x_wconf 87' lang='lat' dir='ltr'>deitieationem</span> <span class='ocrx_word' id='word_1_76' title='bbox 3550 518 3563 537; x_wconf 88' lang='lat'>,</span> 
     </span>
    </p>
   </div>
   <div class='ocr_carea' id='block_1_13' title="bbox 1993 561 3565 633">
    <p class='ocr_par' dir='ltr' id='par_1_13' title="bbox 1993 561 3565 633">
     <span class='ocr_line' id='line_1_13' title="bbox 1993 561 3565 633; baseline -0.001 -18"><span class='ocrx_word' id='word_1_77' title='bbox 1993 568 2048 615; x_wconf 90' lang='lat' dir='ltr'>et</span> <span class='ocrx_word' id='word_1_78' title='bbox 2080 562 2519 630; x_wconf 89' lang='lat' dir='ltr'>assumptionem</span> <span class='ocrx_word' id='word_1_79' title='bbox 2563 563 2629 616; x_wconf 91' lang='lat' dir='ltr'>ad</span> <span class='ocrx_word' id='word_1_80' title='bbox 2666 561 2942 629; x_wconf 82' lang='lat' dir='ltr'>Verbum,</span> <span class='ocrx_word' id='word_1_81' title='bbox 2975 564 3565 633; x_wconf 80' lang='lat' dir='ltr'>superexaltationem-</span> 
     </span>
    </p>
   </div>
   <div class='ocr_carea' id='block_1_14' title="bbox 1992 653 3565 720">
    <p class='ocr_par' dir='ltr' id='par_1_14' title="bbox 1992 653 3565 720">
     <span class='ocr_line' id='line_1_14' title="bbox 1992 653 3565 720; baseline 0.002 -15"><span class='ocrx_word' id='word_1_82' title='bbox 1992 666 2099 720; x_wconf 87' lang='lat' dir='ltr'>que</span> <span class='ocrx_word' id='word_1_83' title='bbox 2133 659 2188 706; x_wconf 88' lang='lat' dir='ltr'>et</span> <span class='ocrx_word' id='word_1_84' title='bbox 2218 654 2538 708; x_wconf 75' lang='lat' dir='ltr'>unctionem</span> <span class='ocrx_word' id='word_1_85' title='bbox 2572 653 2832 708; x_wconf 83' lang='lat' dir='ltr'>dicimus.</span> <span class='ocrx_word' id='word_1_86' title='bbox 2872 656 2995 708; x_wconf 83' lang='lat' dir='ltr'>llaec</span> <span class='ocrx_word' id='word_1_87' title='bbox 3029 657 3173 710; x_wconf 90' lang='lat' dir='ltr'>enim</span> <span class='ocrx_word' id='word_1_88' title='bbox 3209 670 3237 708; x_wconf 90' lang='lat' dir='ltr'>a</span> <span class='ocrx_word' id='word_1_89' title='bbox 3274 655 3565 708; x_wconf 85' lang='lat' dir='ltr'>divinitate</span> 
     </span>
    </p>
   </div>
   <div class='ocr_carea' id='block_1_15' title="bbox 1992 742 3562 810">
    <p class='ocr_par' dir='ltr' id='par_1_15' title="bbox 1992 742 3562 810">
     <span class='ocr_line' id='line_1_15' title="bbox 1992 742 3562 810; baseline 0.003 -17"><span class='ocrx_word' id='word_1_90' title='bbox 1992 742 2442 810; x_wconf 88' lang='lat' dir='ltr'>prociliscuntur,</span> <span class='ocrx_word' id='word_1_91' title='bbox 2503 751 2558 797; x_wconf 92' lang='lat' dir='ltr'>et</span> <span class='ocrx_word' id='word_1_92' title='bbox 2620 744 2793 797; x_wconf 87' lang='lat' dir='ltr'>circa-</span> <span class='ocrx_word' id='word_1_93' title='bbox 2836 760 3056 799; x_wconf 89' lang='lat' dir='ltr'>carnem</span> <span class='ocrx_word' id='word_1_94' title='bbox 3119 745 3562 800; x_wconf 74' lang='lat' dir='ltr'>considerantur.</span> 
     </span>
    </p>
   </div>
   <div class='ocr_carea' id='block_1_16' title="bbox 1992 831 3560 904">
    <p class='ocr_par' dir='ltr' id='par_1_16' title="bbox 1992 831 3560 904">
     <span class='ocr_line' id='line_1_16' title="bbox 1992 831 3560 904; baseline 0.002 -20"><span class='ocrx_word' id='word_1_95' title='bbox 1992 831 2210 887; x_wconf 81' lang='lat' dir='ltr'>Rursus</span> <span class='ocrx_word' id='word_1_96' title='bbox 2232 872 2246 896; x_wconf 87' lang='lat'>,</span> <span class='ocrx_word' id='word_1_97' title='bbox 2280 848 2409 887; x_wconf 92' lang='lat' dir='ltr'>cum</span> <span class='ocrx_word' id='word_1_98' title='bbox 2446 834 2512 888; x_wconf 91' lang='lat' dir='ltr'>de</span> <span class='ocrx_word' id='word_1_99' title='bbox 2548 832 2727 889; x_wconf 85' lang='lat' dir='ltr'>Verbo</span> <span class='ocrx_word' id='word_1_100' title='bbox 2761 836 3054 904; x_wconf 86' lang='lat' dir='ltr'>loquimur,</span> <span class='ocrx_word' id='word_1_101' title='bbox 3089 837 3521 890; x_wconf 76' lang='lat' dir='ltr'>exinanitionem</span> <span class='ocrx_word' id='word_1_102' title='bbox 3545 875 3560 899; x_wconf 93' lang='lat'>,</span> 
     </span>
    </p>
   </div>
   <div class='ocr_carea' id='block_1_17' title="bbox 1990 922 3560 991">
    <p class='ocr_par' dir='ltr' id='par_1_17' title="bbox 1990 922 3560 991">
     <span class='ocr_line' id='line_1_17' title="bbox 1990 922 3560 991; baseline 0.001 -16"><span class='ocrx_word' id='word_1_103' title='bbox 1990 922 2469 989; x_wconf 74' lang='lat' dir='ltr'>incarnationem,</span> <span class='ocrx_word' id='word_1_104' title='bbox 2536 925 3025 985; x_wconf 87' lang='lat' dir='ltr'>humanationem.</span> <span class='ocrx_word' id='word_1_105' title='bbox 3085 926 3560 991; x_wconf 86' lang='lat' dir='ltr'>humiliationem,</span> 
     </span>
    </p>
   </div>
   <div class='ocr_carea' id='block_1_18' title="bbox 311 1001 3558 1081">
    <p class='ocr_par' dir='ltr' id='par_1_18' title="bbox 311 1001 3558 1081">
     <span class='ocr_line' id='line_1_18' title="bbox 311 1001 3558 1081; baseline 0.006 -28"><span class='ocrx_word' id='word_1_106' title='bbox 311 1009 365 1053; x_wconf 88' lang='lat' dir='ltr'>et</span> <span class='ocrx_word' id='word_1_107' title='bbox 404 1001 607 1057; x_wconf 86' lang='lat' dir='ltr'>similia</span> <span class='ocrx_word' id='word_1_108' title='bbox 632 1007 897 1060; x_wconf 86' lang='lat' dir='ltr'>voeabula</span> <span class='ocrx_word' id='word_1_109' title='bbox 927 1007 1290 1064; x_wconf 82' lang='lat' dir='ltr'>adhibemus:</span> <span class='ocrx_word' id='word_1_110' title='bbox 1322 1026 1446 1080; x_wconf 83' lang='lat' dir='ltr'>quae</span> <span class='ocrx_word' id='word_1_111' title='bbox 1470 1010 1731 1081; x_wconf 83' lang='lat' dir='ltr'>quidem,</span> <span class='ocrx_word' id='word_1_112' title='bbox 1770 1020 1830 1066; x_wconf 90' lang='lat' dir='ltr'>ut</span> <span class='ocrx_word' id='word_1_113' title='bbox 1862 1011 2139 1080; x_wconf 79' lang='lat' dir='ltr'>diximus,</span> <span class='ocrx_word' id='word_1_114' title='bbox 2192 1029 2359 1069; x_wconf 82' lang='lat' dir='ltr'>carne</span> <span class='ocrx_word' id='word_1_115' title='bbox 2408 1015 2476 1068; x_wconf 88' lang='lat' dir='ltr'>ad</span> <span class='ocrx_word' id='word_1_116' title='bbox 2526 1013 2767 1069; x_wconf 85' lang='lat' dir='ltr'>Verbum</span> <span class='ocrx_word' id='word_1_117' title='bbox 2817 1030 2880 1070; x_wconf 87' lang='lat' dir='ltr'>ac</span> <span class='ocrx_word' id='word_1_118' title='bbox 2929 1016 3095 1072; x_wconf 87' lang='lat' dir='ltr'>Deum</span> <span class='ocrx_word' id='word_1_119' title='bbox 3132 1018 3558 1073; x_wconf 80' lang='lat' dir='ltr'>transferuntur.</span> 
     </span>
    </p>
   </div>
   <div class='ocr_carea' id='block_1_19' title="bbox 312 1094 1325 1169">
    <p class='ocr_par' dir='ltr' id='par_1_19' title="bbox 312 1094 1325 1169">
     <span class='ocr_line' id='line_1_19' title="bbox 312 1094 1325 1169; baseline 0.011 -23"><span class='ocrx_word' id='word_1_120' title='bbox 312 1094 432 1163; x_wconf 85' lang='lat' dir='ltr'>ipse</span> <span class='ocrx_word' id='word_1_121' title='bbox 461 1098 605 1152; x_wconf 89' lang='lat' dir='ltr'>enim</span> <span class='ocrx_word' id='word_1_122' title='bbox 640 1099 791 1153; x_wconf 71' lang='lat' dir='ltr'>istmc</span> <span class='ocrx_word' id='word_1_123' title='bbox 818 1113 1013 1169; x_wconf 84' lang='lat' dir='ltr'>sponte</span> <span class='ocrx_word' id='word_1_124' title='bbox 1044 1105 1325 1158; x_wconf 82' lang='lat' dir='ltr'>sustinuit.</span> 
     </span>
    </p>
   </div>
   <div class='ocr_carea' id='block_1_20' title="bbox 378 1184 1883 1266">
    <p class='ocr_par' dir='ltr' id='par_1_20' title="bbox 378 1184 1883 1266">
     <span class='ocr_line' id='line_1_20' title="bbox 378 1184 1883 1266; baseline 0.004 -22"><span class='ocrx_word' id='word_1_125' title='bbox 378 1189 500 1244; x_wconf 84' lang='grc' dir='ltr'>Τῶν</span> <span class='ocrx_word' id='word_1_126' title='bbox 528 1191 585 1243; x_wconf 80' lang='grc' dir='ltr'>δὲ</span> <span class='ocrx_word' id='word_1_127' title='bbox 618 1190 755 1260; x_wconf 75' lang='grc' dir='ltr'>μετὰ</span> <span class='ocrx_word' id='word_1_128' title='bbox 783 1191 881 1261; x_wconf 87' lang='grc' dir='ltr'>τὴν</span> <span class='ocrx_word' id='word_1_129' title='bbox 899 1191 1093 1245; x_wconf 67' lang='grc' dir='ltr'>ἕνωσιν</span> <span class='ocrx_word' id='word_1_130' title='bbox 1116 1193 1307 1264; x_wconf 81' lang='grc' dir='ltr'>τρόποι</span> <span class='ocrx_word' id='word_1_131' title='bbox 1325 1195 1433 1248; x_wconf 74' lang='grc' dir='ltr'>εἰσὶ</span> <span class='ocrx_word' id='word_1_132' title='bbox 1458 1199 1607 1266; x_wconf 79' lang='grc' dir='ltr'>τρεῖς</span> <span class='ocrx_word' id='word_1_133' title='bbox 1625 1213 1640 1226; x_wconf 78' lang='grc' dir='ltr'><strong>ο</strong></span> <span class='ocrx_word' id='word_1_134' title='bbox 1666 1184 1883 1266; x_wconf 72' lang='grc' dir='ltr'>πρῶτος</span> 
     </span>
    </p>
   </div>
   <div class='ocr_carea' id='block_1_21' title="bbox 310 1282 1883 1357">
    <p class='ocr_par' dir='ltr' id='par_1_21' title="bbox 310 1282 1883 1357">
     <span class='ocr_line' id='line_1_21' title="bbox 310 1282 1883 1357; baseline 0.004 -22"><span class='ocrx_word' id='word_1_135' title='bbox 310 1285 340 1335; x_wconf 90' lang='lat'>6</span> <span class='ocrx_word' id='word_1_136' title='bbox 365 1285 465 1354; x_wconf 78' lang='grc' dir='ltr'>τῆς</span> <span class='ocrx_word' id='word_1_137' title='bbox 497 1282 649 1345; x_wconf 83' lang='grc' dir='ltr'>θείας</span> <span class='ocrx_word' id='word_1_138' title='bbox 675 1283 892 1351; x_wconf 84' lang='grc' dir='ltr'>φύσεως</span> <span class='ocrx_word' id='word_1_139' title='bbox 919 1282 1238 1353; x_wconf 82' lang='grc' dir='ltr'>δηλωτικὺς,</span> <span class='ocrx_word' id='word_1_140' title='bbox 1287 1286 1363 1351; x_wconf 86' lang='grc' dir='ltr'>ὡς</span> <span class='ocrx_word' id='word_1_141' title='bbox 1410 1288 1497 1339; x_wconf 76' lang='lat'>1:6-</span> <span class='ocrx_word' id='word_1_142' title='bbox 1537 1288 1684 1357; x_wconf 78' lang='grc' dir='ltr'>Ἐγὼ</span> <span class='ocrx_word' id='word_1_143' title='bbox 1706 1290 1776 1342; x_wconf 80' lang='grc' dir='ltr'>ἐν</span> <span class='ocrx_word' id='word_1_144' title='bbox 1801 1287 1883 1355; x_wconf 83' lang='grc' dir='ltr'>τῷ</span> 
     </span>
    </p>
   </div>
   <div class='ocr_carea' id='block_1_22' title="bbox 308 1372 1881 1446">
    <p class='ocr_par' dir='ltr' id='par_1_22' title="bbox 308 1372 1881 1446">
     <span class='ocr_line' id='line_1_22' title="bbox 308 1372 1881 1446; baseline 0.003 -17"><span class='ocrx_word' id='word_1_145' title='bbox 308 1375 513 1441; x_wconf 64' lang='lat' dir='ltr'>Harp},</span> <span class='ocrx_word' id='word_1_146' title='bbox 543 1373 643 1427; x_wconf 76' lang='grc' dir='ltr'>καὶ</span> <span class='ocrx_word' id='word_1_147' title='bbox 664 1376 697 1426; x_wconf 82' lang='grc' dir='ltr'>ό</span> <span class='ocrx_word' id='word_1_148' title='bbox 729 1372 931 1442; x_wconf 83' lang='grc' dir='ltr'>Πατὴρ</span> <span class='ocrx_word' id='word_1_149' title='bbox 949 1374 1019 1426; x_wconf 77' lang='grc' dir='ltr'>ἐν</span> <span class='ocrx_word' id='word_1_150' title='bbox 1041 1375 1174 1443; x_wconf 84' lang='grc' dir='ltr'>ἐμοί</span> <span class='ocrx_word' id='word_1_151' title='bbox 1196 1391 1209 1405; x_wconf 75' lang='grc'><strong><em>⁸</em></strong></span> <span class='ocrx_word' id='word_1_152' title='bbox 1235 1376 1328 1429; x_wconf 87' lang='grc' dir='ltr'>καί</span> <span class='ocrx_word' id='word_1_153' title='bbox 1347 1393 1360 1406; x_wconf 77' lang='grc'><strong><em>⁸</em></strong></span> <span class='ocrx_word' id='word_1_154' title='bbox 1400 1377 1545 1446; x_wconf 69' lang='grc' dir='ltr'>Ἐγὼ</span> <span class='ocrx_word' id='word_1_155' title='bbox 1571 1379 1669 1432; x_wconf 79' lang='grc' dir='ltr'>καὶ</span> <span class='ocrx_word' id='word_1_156' title='bbox 1701 1382 1733 1433; x_wconf 83' lang='grc' dir='ltr'><em>ὁ</em></span> <span class='ocrx_word' id='word_1_157' title='bbox 1761 1382 1881 1432; x_wconf 84' lang='grc' dir='ltr'>Πα-</span> 
     </span>
    </p>
   </div>
   <div class='ocr_carea' id='block_1_23' title="bbox 308 1464 1881 1541">
    <p class='ocr_par' dir='ltr' id='par_1_23' title="bbox 308 1464 1881 1541">
     <span class='ocr_line' id='line_1_23' title="bbox 308 1464 1881 1541; baseline 0.003 -23"><span class='ocrx_word' id='word_1_158' title='bbox 308 1467 420 1533; x_wconf 79' lang='grc' dir='ltr'>τὴρ</span> <span class='ocrx_word' id='word_1_159' title='bbox 458 1464 529 1516; x_wconf 73' lang='grc' dir='ltr'>ἓν</span> <span class='ocrx_word' id='word_1_160' title='bbox 575 1464 789 1532; x_wconf 80' lang='grc' dir='ltr'>ἐσμεν’</span> <span class='ocrx_word' id='word_1_161' title='bbox 829 1465 922 1518; x_wconf 69' lang='grc' dir='ltr'>καὶ</span> <span class='ocrx_word' id='word_1_162' title='bbox 969 1464 1150 1520; x_wconf 85' lang='grc' dir='ltr'>πάντα</span> <span class='ocrx_word' id='word_1_163' title='bbox 1185 1467 1286 1519; x_wconf 87' lang='grc' dir='ltr'>ὅσα</span> <span class='ocrx_word' id='word_1_164' title='bbox 1318 1468 1424 1538; x_wconf 82' lang='grc' dir='ltr'>πρὸ</span> <span class='ocrx_word' id='word_1_165' title='bbox 1461 1469 1561 1537; x_wconf 83' lang='grc' dir='ltr'>τῆς</span> <span class='ocrx_word' id='word_1_166' title='bbox 1592 1468 1881 1541; x_wconf 86' lang='grc' dir='ltr'>ἀνθρωπή-</span> 
     </span>
    </p>
   </div>
   <div class='ocr_carea' id='block_1_24' title="bbox 312 1553 1880 1629">
    <p class='ocr_par' dir='ltr' id='par_1_24' title="bbox 312 1553 1880 1629">
     <span class='ocr_line' id='line_1_24' title="bbox 312 1553 1880 1629; baseline 0.004 -23"><span class='ocrx_word' id='word_1_167' title='bbox 312 1573 450 1618; x_wconf 89' lang='grc' dir='ltr'>σεως</span> <span class='ocrx_word' id='word_1_168' title='bbox 472 1553 622 1624; x_wconf 84' lang='grc' dir='ltr'>αύτῴ</span> <span class='ocrx_word' id='word_1_169' title='bbox 652 1554 985 1623; x_wconf 78' lang='grc' dir='ltr'>ὲπιλέγεται,</span> <span class='ocrx_word' id='word_1_170' title='bbox 1041 1557 1219 1611; x_wconf 72' lang='grc' dir='ltr'>ταῦτα</span> <span class='ocrx_word' id='word_1_171' title='bbox 1266 1559 1362 1611; x_wconf 77' lang='grc' dir='ltr'>καὶ</span> <span class='ocrx_word' id='word_1_172' title='bbox 1406 1558 1546 1629; x_wconf 80' lang='grc' dir='ltr'>μετὰ</span> <span class='ocrx_word' id='word_1_173' title='bbox 1582 1560 1681 1629; x_wconf 83' lang='grc' dir='ltr'>τὴν</span> <span class='ocrx_word' id='word_1_174' title='bbox 1723 1562 1880 1614; x_wconf 77' lang='grc' dir='ltr'>ἐναν-</span> 
     </span>
    </p>
   </div>
   <div class='ocr_carea' id='block_1_25' title="bbox 311 1647 1879 1725">
    <p class='ocr_par' dir='ltr' id='par_1_25' title="bbox 311 1647 1879 1725">
     <span class='ocr_line' id='line_1_25' title="bbox 311 1647 1879 1725; baseline 0.003 -23"><span class='ocrx_word' id='word_1_175' title='bbox 311 1647 595 1719; x_wconf 84' lang='grc' dir='ltr'>ορώπησιν</span> <span class='ocrx_word' id='word_1_176' title='bbox 620 1648 767 1718; x_wconf 84' lang='grc' dir='ltr'>αὐτῷ</span> <span class='ocrx_word' id='word_1_177' title='bbox 799 1650 1238 1721; x_wconf 83' lang='grc' dir='ltr'>ὲπιλεχθήσεται,</span> <span class='ocrx_word' id='word_1_178' title='bbox 1263 1653 1402 1723; x_wconf 83' lang='grc' dir='ltr'>πλὴν</span> <span class='ocrx_word' id='word_1_179' title='bbox 1430 1653 1523 1707; x_wconf 81' lang='grc' dir='ltr'>τοῦ</span> <span class='ocrx_word' id='word_1_180' title='bbox 1556 1656 1631 1725; x_wconf 76' lang='grc' dir='ltr'>μὴ</span> <span class='ocrx_word' id='word_1_181' title='bbox 1662 1652 1879 1725; x_wconf 68' lang='grc' dir='ltr'>είληφέκ</span> 
     </span>
    </p>
   </div>
   <div class='ocr_carea' id='block_1_26' title="bbox 309 1739 1304 1811">
    <p class='ocr_par' dir='ltr' id='par_1_26' title="bbox 309 1739 1304 1811">
     <span class='ocr_line' id='line_1_26' title="bbox 309 1739 1304 1811; baseline 0.005 -19"><span class='ocrx_word' id='word_1_182' title='bbox 309 1756 398 1792; x_wconf 88' lang='grc' dir='ltr'>ναι</span> <span class='ocrx_word' id='word_1_183' title='bbox 434 1741 633 1811; x_wconf 81' lang='grc' dir='ltr'>σάρκα,</span> <span class='ocrx_word' id='word_1_184' title='bbox 664 1739 755 1793; x_wconf 69' lang='grc' dir='ltr'>καὶ</span> <span class='ocrx_word' id='word_1_185' title='bbox 784 1740 853 1793; x_wconf 82' lang='grc' dir='ltr'>τὰ</span> <span class='ocrx_word' id='word_1_186' title='bbox 875 1741 1048 1809; x_wconf 67' lang='grc' dir='ltr'>αὐτῆς</span> <span class='ocrx_word' id='word_1_187' title='bbox 1082 1744 1304 1809; x_wconf 83' lang='grc' dir='ltr'>φυσικά.</span> 
     </span>
    </p>
   </div>
   <div class='ocr_carea' id='block_1_27' title="bbox 376 2004 1879 2076">
    <p class='ocr_par' dir='ltr' id='par_1_27' title="bbox 376 2004 1879 2076">
     <span class='ocr_line' id='line_1_27' title="bbox 376 2004 1879 2076; baseline 0.003 -20"><span class='ocrx_word' id='word_1_188' title='bbox 376 2005 655 2075; x_wconf 81' lang='grc' dir='ltr'>Δεύτερος,</span> <span class='ocrx_word' id='word_1_189' title='bbox 681 2005 708 2055; x_wconf 98' lang='lat'>6</span> <span class='ocrx_word' id='word_1_190' title='bbox 737 2004 836 2074; x_wconf 83' lang='grc' dir='ltr'>τῆς</span> <span class='ocrx_word' id='word_1_191' title='bbox 860 2004 1228 2076; x_wconf 84' lang='grc' dir='ltr'>ἀνθρωπίνης,</span> <span class='ocrx_word' id='word_1_192' title='bbox 1257 2006 1332 2070; x_wconf 79' lang='grc' dir='ltr'>ὡς</span> <span class='ocrx_word' id='word_1_193' title='bbox 1353 2007 1413 2059; x_wconf 88' lang='grc' dir='ltr'>τό</span> <span class='ocrx_word' id='word_1_194' title='bbox 1433 2024 1445 2036; x_wconf 76' lang='grc' dir='ltr'><strong><em>ο</em></strong></span> <span class='ocrx_word' id='word_1_195' title='bbox 1486 2008 1545 2060; x_wconf 87' lang='grc' dir='ltr'>Τί</span> <span class='ocrx_word' id='word_1_196' title='bbox 1561 2024 1637 2076; x_wconf 78' lang='grc' dir='ltr'>με</span> <span class='ocrx_word' id='word_1_197' title='bbox 1657 2006 1879 2075; x_wconf 76' lang='grc' dir='ltr'>ζητεῖτε</span> 
     </span>
    </p>
   </div>
   <div class='ocr_carea' id='block_1_28' title="bbox 307 2095 1877 2169">
    <p class='ocr_par' dir='ltr' id='par_1_28' title="bbox 307 2095 1877 2169">
     <span class='ocr_line' id='line_1_28' title="bbox 307 2095 1877 2169; baseline 0.004 -21"><span class='ocrx_word' id='word_1_198' title='bbox 307 2095 673 2160; x_wconf 76' lang='grc' dir='ltr'>ἀποκτεῖναι,</span> <span class='ocrx_word' id='word_1_199' title='bbox 725 2095 1060 2164; x_wconf 80' lang='grc' dir='ltr'>ἄνθρωπον,</span> <span class='ocrx_word' id='word_1_200' title='bbox 1092 2098 1160 2164; x_wconf 83' lang='grc' dir='ltr'>ὃς</span> <span class='ocrx_word' id='word_1_201' title='bbox 1197 2097 1313 2166; x_wconf 77' lang='grc' dir='ltr'>τὴν</span> <span class='ocrx_word' id='word_1_202' title='bbox 1346 2099 1634 2165; x_wconf 75' lang='grc' dir='ltr'>ἀλήθειαν</span> <span class='ocrx_word' id='word_1_203' title='bbox 1670 2101 1812 2169; x_wconf 76' lang='grc' dir='ltr'>ὑμῖν</span> <span class='ocrx_word' id='word_1_204' title='bbox 1838 2111 1877 2140; x_wconf 75' lang='grc' dir='ltr'>ω</span> 
     </span>
    </p>
   </div>
   <div class='ocr_carea' id='block_1_29' title="bbox 309 2186 1876 2259">
    <p class='ocr_par' dir='ltr' id='par_1_29' title="bbox 309 2186 1876 2259">
     <span class='ocr_line' id='line_1_29' title="bbox 309 2186 1876 2259; baseline 0.003 -17"><span class='ocrx_word' id='word_1_205' title='bbox 309 2186 644 2253; x_wconf 76' lang='grc' dir='ltr'>λελάληκα·</span> <span class='ocrx_word' id='word_1_206' title='bbox 671 2186 765 2240; x_wconf 78' lang='grc' dir='ltr'>καὶ</span> <span class='ocrx_word' id='word_1_207' title='bbox 782 2188 843 2240; x_wconf 91' lang='grc' dir='ltr'>τό</span> <span class='ocrx_word' id='word_1_208' title='bbox 869 2204 882 2218; x_wconf 73' lang='grc' dir='ltr'><strong><em>ο</em></strong></span> <span class='ocrx_word' id='word_1_209' title='bbox 916 2188 1080 2242; x_wconf 84' lang='grc' dir='ltr'>Οὕτω</span> <span class='ocrx_word' id='word_1_210' title='bbox 1111 2189 1207 2243; x_wconf 83' lang='grc' dir='ltr'>δεῖ</span> <span class='ocrx_word' id='word_1_211' title='bbox 1229 2189 1546 2259; x_wconf 67' lang='grc' dir='ltr'>ὑψωθῆναι</span> <span class='ocrx_word' id='word_1_212' title='bbox 1583 2192 1691 2244; x_wconf 80' lang='grc' dir='ltr'>τὸν</span> <span class='ocrx_word' id='word_1_213' title='bbox 1742 2194 1876 2249; x_wconf 77' lang='grc' dir='ltr'>Υἱόν</span> 
     </span>
    </p>
   </div>
   <div class='ocr_carea' id='block_1_30' title="bbox 308 2275 1265 2342">
    <p class='ocr_par' dir='ltr' id='par_1_30' title="bbox 308 2275 1265 2342">
     <span class='ocr_line' id='line_1_30' title="bbox 308 2275 1265 2342; baseline 0.005 -15"><span class='ocrx_word' id='word_1_214' title='bbox 308 2275 410 2329; x_wconf 83' lang='grc' dir='ltr'>τοῦ</span> <span class='ocrx_word' id='word_1_215' title='bbox 436 2275 771 2342; x_wconf 80' lang='grc' dir='ltr'>ἀνθρώπου,</span> <span class='ocrx_word' id='word_1_216' title='bbox 807 2279 899 2330; x_wconf 77' lang='grc' dir='ltr'>καὶ</span> <span class='ocrx_word' id='word_1_217' title='bbox 929 2278 996 2331; x_wconf 81' lang='grc' dir='ltr'>τὰ</span> <span class='ocrx_word' id='word_1_218' title='bbox 1019 2278 1265 2332; x_wconf 79' lang='grc' dir='ltr'>τοιαῦτα.</span> 
     </span>
    </p>
   </div>
   <div class='ocr_carea' id='block_1_31' title="bbox 375 2449 1876 2528">
    <p class='ocr_par' dir='ltr' id='par_1_31' title="bbox 375 2449 1876 2528">
     <span class='ocr_line' id='line_1_31' title="bbox 375 2449 1876 2528; baseline 0.005 -25"><span class='ocrx_word' id='word_1_219' title='bbox 375 2449 590 2504; x_wconf 84' lang='grc' dir='ltr'>Τούτων</span> <span class='ocrx_word' id='word_1_220' title='bbox 617 2450 672 2503; x_wconf 85' lang='grc' dir='ltr'>δὲ</span> <span class='ocrx_word' id='word_1_221' title='bbox 721 2451 828 2504; x_wconf 85' lang='grc' dir='ltr'>τῶν</span> <span class='ocrx_word' id='word_1_222' title='bbox 857 2451 1341 2524; x_wconf 79' lang='grc' dir='ltr'>ἀνθρωποπρεπῶς</span> <span class='ocrx_word' id='word_1_223' title='bbox 1376 2455 1467 2508; x_wconf 72' lang='grc' dir='ltr'>ἐπὶ</span> <span class='ocrx_word' id='word_1_224' title='bbox 1500 2455 1593 2509; x_wconf 84' lang='grc' dir='ltr'>τοῦ</span> <span class='ocrx_word' id='word_1_225' title='bbox 1620 2456 1876 2528; x_wconf 82' lang='grc' dir='ltr'>Σωτῆρος</span> 
     </span>
    </p>
   </div>
   <div class='ocr_carea' id='block_1_32' title="bbox 306 2541 1873 2619">
    <p class='ocr_par' dir='ltr' id='par_1_32' title="bbox 306 2541 1873 2619">
     <span class='ocr_line' id='line_1_32' title="bbox 306 2541 1873 2619; baseline 0.006 -26"><span class='ocrx_word' id='word_1_226' title='bbox 306 2541 541 2612; x_wconf 77' lang='grc' dir='ltr'>Χριστοῦ</span> <span class='ocrx_word' id='word_1_227' title='bbox 565 2542 872 2611; x_wconf 80' lang='grc' dir='ltr'>λεγομένων</span> <span class='ocrx_word' id='word_1_228' title='bbox 889 2545 983 2597; x_wconf 73' lang='grc' dir='ltr'>καὶ</span> <span class='ocrx_word' id='word_1_229' title='bbox 1014 2546 1442 2615; x_wconf 78' lang='grc' dir='ltr'>γεγραμμένων,</span> <span class='ocrx_word' id='word_1_230' title='bbox 1467 2548 1575 2600; x_wconf 77' lang='grc' dir='ltr'>εἴτε</span> <span class='ocrx_word' id='word_1_231' title='bbox 1609 2551 1665 2600; x_wconf 83' lang='grc' dir='ltr'>ὲν</span> <span class='ocrx_word' id='word_1_232' title='bbox 1694 2550 1873 2619; x_wconf 77' lang='grc' dir='ltr'>ῥήμα-</span> 
     </span>
    </p>
   </div>
   <div class='ocr_carea' id='block_1_33' title="bbox 307 2631 1873 2705">
    <p class='ocr_par' dir='ltr' id='par_1_33' title="bbox 307 2631 1873 2705">
     <span class='ocr_line' id='line_1_33' title="bbox 307 2631 1873 2705; baseline 0.004 -23"><span class='ocrx_word' id='word_1_233' title='bbox 307 2648 412 2695; x_wconf 86' lang='grc' dir='ltr'>σιν,</span> <span class='ocrx_word' id='word_1_234' title='bbox 436 2631 543 2683; x_wconf 78' lang='grc' dir='ltr'>εἴτε</span> <span class='ocrx_word' id='word_1_235' title='bbox 569 2633 626 2683; x_wconf 83' lang='grc' dir='ltr'>ὲν</span> <span class='ocrx_word' id='word_1_236' title='bbox 660 2633 1003 2701; x_wconf 82' lang='grc' dir='ltr'>πράγμασιν,</span> <span class='ocrx_word' id='word_1_237' title='bbox 1035 2634 1230 2704; x_wconf 84' lang='grc' dir='ltr'>τρόποι</span> <span class='ocrx_word' id='word_1_238' title='bbox 1268 2636 1374 2687; x_wconf 77' lang='grc' dir='ltr'>εἰσὶ</span> <span class='ocrx_word' id='word_1_239' title='bbox 1421 2634 1498 2699; x_wconf 79' lang='grc' dir='ltr'>ἓξ.</span> <span class='ocrx_word' id='word_1_240' title='bbox 1528 2636 1607 2687; x_wconf 87' lang='grc' dir='ltr'>Τὰ</span> <span class='ocrx_word' id='word_1_241' title='bbox 1640 2638 1735 2705; x_wconf 83' lang='grc' dir='ltr'>μὲν</span> <span class='ocrx_word' id='word_1_242' title='bbox 1766 2636 1873 2705; x_wconf 84' lang='grc' dir='ltr'>γὰρ</span> 
     </span>
    </p>
   </div>
   <div class='ocr_carea' id='block_1_34' title="bbox 303 2722 1874 2794">
    <p class='ocr_par' dir='ltr' id='par_1_34' title="bbox 303 2722 1874 2794">
     <span class='ocr_line' id='line_1_34' title="bbox 303 2722 1874 2794; baseline 0.004 -21"><span class='ocrx_word' id='word_1_243' title='bbox 303 2722 482 2774; x_wconf 81' lang='grc' dir='ltr'>αὐτῶν</span> <span class='ocrx_word' id='word_1_244' title='bbox 516 2722 657 2774; x_wconf 80' lang='grc' dir='ltr'>κατὰ</span> <span class='ocrx_word' id='word_1_245' title='bbox 707 2724 865 2791; x_wconf 76' lang='grc' dir='ltr'>φύσιν</span> <span class='ocrx_word' id='word_1_246' title='bbox 919 2724 1283 2792; x_wconf 77' lang='grc' dir='ltr'>οἰκονομικῶς</span> <span class='ocrx_word' id='word_1_247' title='bbox 1342 2724 1658 2794; x_wconf 86' lang='grc' dir='ltr'>πέπρακταί</span> <span class='ocrx_word' id='word_1_248' title='bbox 1689 2743 1747 2778; x_wconf 89' lang='grc' dir='ltr'>τε</span> <span class='ocrx_word' id='word_1_249' title='bbox 1781 2729 1874 2780; x_wconf 77' lang='grc' dir='ltr'>καὶ</span> 
     </span>
    </p>
   </div>
   <div class='ocr_carea' id='block_1_35' title="bbox 304 2805 1873 2885">
    <p class='ocr_par' dir='ltr' id='par_1_35' title="bbox 304 2805 1873 2885">
     <span class='ocr_line' id='line_1_35' title="bbox 304 2805 1873 2885; baseline 0.003 -22"><span class='ocrx_word' id='word_1_250' title='bbox 304 2811 585 2863; x_wconf 76' lang='grc' dir='ltr'>λέλεκται·</span> <span class='ocrx_word' id='word_1_251' title='bbox 610 2805 720 2864; x_wconf 74' lang='grc' dir='ltr'>οἷον</span> <span class='ocrx_word' id='word_1_252' title='bbox 754 2814 782 2863; x_wconf 92' lang='lat'>6</span> <span class='ocrx_word' id='word_1_253' title='bbox 810 2813 873 2863; x_wconf 80' lang='grc' dir='ltr'>ὲκ</span> <span class='ocrx_word' id='word_1_254' title='bbox 907 2812 1183 2882; x_wconf 79' lang='grc' dir='ltr'>Παρθένου</span> <span class='ocrx_word' id='word_1_255' title='bbox 1235 2813 1412 2877; x_wconf 83' lang='grc' dir='ltr'>τόκος,</span> <span class='ocrx_word' id='word_1_256' title='bbox 1444 2815 1476 2881; x_wconf 79' lang='grc' dir='ltr'><strong>ἡ</strong></span> <span class='ocrx_word' id='word_1_257' title='bbox 1508 2814 1629 2867; x_wconf 86' lang='grc' dir='ltr'>καθ’</span> <span class='ocrx_word' id='word_1_258' title='bbox 1657 2816 1873 2885; x_wconf 79' lang='grc' dir='ltr'>ἠλικίαν</span> 
     </span>
    </p>
   </div>
   <div class='ocr_carea' id='block_1_36' title="bbox 304 2899 1870 2972">
    <p class='ocr_par' dir='ltr' id='par_1_36' title="bbox 304 2899 1870 2972">
     <span class='ocr_line' id='line_1_36' title="bbox 304 2899 1870 2972; baseline 0.004 -20"><span class='ocrx_word' id='word_1_259' title='bbox 304 2899 533 2969; x_wconf 75' lang='grc' dir='ltr'>αὔξησίς</span> <span class='ocrx_word' id='word_1_260' title='bbox 559 2917 620 2952; x_wconf 90' lang='grc' dir='ltr'>τε</span> <span class='ocrx_word' id='word_1_261' title='bbox 651 2902 744 2954; x_wconf 74' lang='grc' dir='ltr'>καὶ</span> <span class='ocrx_word' id='word_1_262' title='bbox 770 2904 1043 2971; x_wconf 82' lang='grc' dir='ltr'>προκοπὴ,</span> <span class='ocrx_word' id='word_1_263' title='bbox 1087 2904 1119 2970; x_wconf 81' lang='grc' dir='ltr'>ἡ</span> <span class='ocrx_word' id='word_1_264' title='bbox 1168 2905 1347 2967; x_wconf 83' lang='grc' dir='ltr'>πεῖνα,</span> <span class='ocrx_word' id='word_1_265' title='bbox 1378 2906 1411 2972; x_wconf 83' lang='grc' dir='ltr'><strong>ἡ</strong></span> <span class='ocrx_word' id='word_1_266' title='bbox 1436 2903 1585 2972; x_wconf 80' lang='grc' dir='ltr'>δίψα,</span> <span class='ocrx_word' id='word_1_267' title='bbox 1626 2908 1655 2958; x_wconf 89' lang='lat'>6</span> <span class='ocrx_word' id='word_1_268' title='bbox 1684 2907 1870 2970; x_wconf 78' lang='grc' dir='ltr'>κόπος,</span> 
     </span>
    </p>
   </div>
   <div class='ocr_carea' id='block_1_37' title="bbox 308 2988 1869 3063">
    <p class='ocr_par' dir='ltr' id='par_1_37' title="bbox 308 2988 1869 3063">
     <span class='ocr_line' id='line_1_37' title="bbox 308 2988 1869 3063; baseline 0.005 -24"><span class='ocrx_word' id='word_1_269' title='bbox 308 2990 370 3040; x_wconf 73' lang='grc' dir='ltr'>τὸ</span> <span class='ocrx_word' id='word_1_270' title='bbox 394 2988 647 3058; x_wconf 84' lang='grc' dir='ltr'>δάκρυον,</span> <span class='ocrx_word' id='word_1_271' title='bbox 689 2991 717 3041; x_wconf 83' lang='lat'>6</span> <span class='ocrx_word' id='word_1_272' title='bbox 749 2988 985 3059; x_wconf 80' lang='grc' dir='ltr'>ὖπνος,ή</span> <span class='ocrx_word' id='word_1_273' title='bbox 1016 2990 1121 3041; x_wconf 84' lang='grc' dir='ltr'>τῶν</span> <span class='ocrx_word' id='word_1_274' title='bbox 1156 2992 1300 3061; x_wconf 75' lang='grc' dir='ltr'>ἥλων</span> <span class='ocrx_word' id='word_1_275' title='bbox 1324 2995 1539 3063; x_wconf 84' lang='grc' dir='ltr'>τρῆσις,</span> <span class='ocrx_word' id='word_1_276' title='bbox 1563 2996 1591 3047; x_wconf 90' lang='lat'>6</span> <span class='ocrx_word' id='word_1_277' title='bbox 1620 2994 1869 3060; x_wconf 80' lang='grc' dir='ltr'>θάνατος,</span> 
     </span>
    </p>
   </div>
   <div class='ocr_carea' id='block_1_38' title="bbox 304 3077 1869 3155">
    <p class='ocr_par' dir='ltr' id='par_1_38' title="bbox 304 3077 1869 3155">
     <span class='ocr_line' id='line_1_38' title="bbox 304 3077 1869 3155; baseline 0.005 -26"><span class='ocrx_word' id='word_1_278' title='bbox 304 3078 398 3130; x_wconf 78' lang='grc' dir='ltr'>καὶ</span> <span class='ocrx_word' id='word_1_279' title='bbox 444 3078 511 3130; x_wconf 73' lang='grc' dir='ltr'>τὰ</span> <span class='ocrx_word' id='word_1_280' title='bbox 558 3077 799 3141; x_wconf 81' lang='grc' dir='ltr'>τοιαῦτα,</span> <span class='ocrx_word' id='word_1_281' title='bbox 861 3080 960 3133; x_wconf 79' lang='grc' dir='ltr'>ὅσα</span> <span class='ocrx_word' id='word_1_282' title='bbox 1012 3081 1218 3148; x_wconf 77' lang='grc' dir='ltr'>φυσικὰ</span> <span class='ocrx_word' id='word_1_283' title='bbox 1247 3082 1343 3134; x_wconf 74' lang='grc' dir='ltr'>καὶ</span> <span class='ocrx_word' id='word_1_284' title='bbox 1381 3083 1681 3154; x_wconf 78' lang='grc' dir='ltr'>ἀδιάϐλητα</span> <span class='ocrx_word' id='word_1_285' title='bbox 1725 3086 1869 3155; x_wconf 84' lang='grc' dir='ltr'>πάθη</span> 
     </span>
    </p>
   </div>
   <div class='ocr_carea' id='block_1_39' title="bbox 305 3161 1940 3245">
    <p class='ocr_par' dir='ltr' id='par_1_39' title="bbox 305 3161 1940 3245">
     <span class='ocr_line' id='line_1_39' title="bbox 305 3161 1940 3245; baseline 0.003 -20"><span class='ocrx_word' id='word_1_286' title='bbox 305 3170 663 3239; x_wconf 80' lang='grc' dir='ltr'>ὑπάρχουσιν.</span> <span class='ocrx_word' id='word_1_287' title='bbox 712 3171 800 3222; x_wconf 84' lang='grc' dir='ltr'>Ἐν</span> <span class='ocrx_word' id='word_1_288' title='bbox 850 3171 1060 3235; x_wconf 84' lang='grc' dir='ltr'>τούτοις</span> <span class='ocrx_word' id='word_1_289' title='bbox 1089 3172 1198 3242; x_wconf 77' lang='grc' dir='ltr'>γὰρ</span> <span class='ocrx_word' id='word_1_290' title='bbox 1228 3173 1398 3226; x_wconf 76' lang='grc' dir='ltr'>ἅπασι</span> <span class='ocrx_word' id='word_1_291' title='bbox 1430 3174 1574 3243; x_wconf 83' lang='grc' dir='ltr'>μίξις</span> <span class='ocrx_word' id='word_1_292' title='bbox 1629 3175 1727 3245; x_wconf 81' lang='grc' dir='ltr'>μέν</span> <span class='ocrx_word' id='word_1_293' title='bbox 1757 3178 1871 3230; x_wconf 76' lang='grc' dir='ltr'>ἐστι</span> <span class='ocrx_word' id='word_1_294' title='bbox 1899 3161 1940 3218; x_wconf 78' lang='lat' dir='ltr'><strong><em>C</em></strong></span> 
     </span>
    </p>
   </div>
   <div class='ocr_carea' id='block_1_40' title="bbox 302 3259 1871 3337">
    <p class='ocr_par' dir='ltr' id='par_1_40' title="bbox 302 3259 1871 3337">
     <span class='ocr_line' id='line_1_40' title="bbox 302 3259 1871 3337; baseline 0.004 -23"><span class='ocrx_word' id='word_1_295' title='bbox 302 3261 395 3314; x_wconf 78' lang='grc' dir='ltr'>τοῦ</span> <span class='ocrx_word' id='word_1_296' title='bbox 421 3259 563 3312; x_wconf 82' lang='grc' dir='ltr'>θείου</span> <span class='ocrx_word' id='word_1_297' title='bbox 596 3264 730 3331; x_wconf 76' lang='grc' dir='ltr'>πρὸς</span> <span class='ocrx_word' id='word_1_298' title='bbox 763 3262 824 3314; x_wconf 82' lang='grc' dir='ltr'>τὸ</span> <span class='ocrx_word' id='word_1_299' title='bbox 863 3262 1223 3332; x_wconf 83' lang='grc' dir='ltr'>ἀνθρώπινον,</span> <span class='ocrx_word' id='word_1_300' title='bbox 1290 3265 1428 3335; x_wconf 83' lang='grc' dir='ltr'>πλὴν</span> <span class='ocrx_word' id='word_1_301' title='bbox 1485 3265 1579 3318; x_wconf 78' lang='grc' dir='ltr'>τοῦ</span> <span class='ocrx_word' id='word_1_302' title='bbox 1622 3266 1871 3337; x_wconf 80' lang='grc' dir='ltr'>σώματος</span> 
     </span>
    </p>
   </div>
   <div class='ocr_carea' id='block_1_41' title="bbox 303 3347 1870 3420">
    <p class='ocr_par' dir='ltr' id='par_1_41' title="bbox 303 3347 1870 3420">
     <span class='ocr_line' id='line_1_41' title="bbox 303 3347 1870 3420; baseline 0.005 -15"><span class='ocrx_word' id='word_1_303' title='bbox 303 3352 517 3420; x_wconf 71' lang='grc' dir='ltr'>ἀληθῶς</span> <span class='ocrx_word' id='word_1_304' title='bbox 570 3347 709 3406; x_wconf 77' lang='grc' dir='ltr'>εῖναι</span> <span class='ocrx_word' id='word_1_305' title='bbox 760 3353 1101 3417; x_wconf 86' lang='grc' dir='ltr'>πιστεύεται,</span> <span class='ocrx_word' id='word_1_306' title='bbox 1149 3355 1302 3409; x_wconf 78' lang='grc' dir='ltr'>οὐδὲν</span> <span class='ocrx_word' id='word_1_307' title='bbox 1352 3356 1561 3410; x_wconf 88' lang='grc' dir='ltr'>τούτων</span> <span class='ocrx_word' id='word_1_308' title='bbox 1602 3359 1696 3412; x_wconf 78' lang='grc' dir='ltr'>τοῦ</span> <span class='ocrx_word' id='word_1_309' title='bbox 1725 3359 1870 3413; x_wconf 85' lang='grc' dir='ltr'>θείου</span> 
     </span>
    </p>
   </div>
   <div class='ocr_carea' id='block_1_42' title="bbox 304 3444 1872 3521">
    <p class='ocr_par' dir='ltr' id='par_1_42' title="bbox 304 3444 1872 3521">
     <span class='ocr_line' id='line_1_42' title="bbox 304 3444 1872 3521; baseline 0.005 -24"><span class='ocrx_word' id='word_1_310' title='bbox 304 3447 626 3515; x_wconf 82' lang='grc' dir='ltr'>πάσχοντος,</span> <span class='ocrx_word' id='word_1_311' title='bbox 658 3444 723 3498; x_wconf 80' lang='grc' dir='ltr'>δι’</span> <span class='ocrx_word' id='word_1_312' title='bbox 749 3446 932 3499; x_wconf 82' lang='grc' dir='ltr'>αὐτῶν</span> <span class='ocrx_word' id='word_1_313' title='bbox 953 3447 1009 3500; x_wconf 87' lang='grc' dir='ltr'>δὲ</span> <span class='ocrx_word' id='word_1_314' title='bbox 1032 3448 1131 3518; x_wconf 79' lang='grc' dir='ltr'>τὴν</span> <span class='ocrx_word' id='word_1_315' title='bbox 1159 3447 1314 3520; x_wconf 77' lang='grc' dir='ltr'>ἡμῶν</span> <span class='ocrx_word' id='word_1_316' title='bbox 1334 3450 1743 3521; x_wconf 79' lang='grc' dir='ltr'>οἰκονομοῦντος</span> <span class='ocrx_word' id='word_1_317' title='bbox 1769 3470 1872 3505; x_wconf 77' lang='grc' dir='ltr'>σω-</span> 
     </span>
    </p>
   </div>
   <div class='ocr_carea' id='block_1_43' title="bbox 303 3537 516 3608">
    <p class='ocr_par' dir='ltr' id='par_1_43' title="bbox 303 3537 516 3608">
     <span class='ocr_line' id='line_1_43' title="bbox 303 3537 516 3608; baseline 0.009 -20"><span class='ocrx_word' id='word_1_318' title='bbox 303 3537 516 3608; x_wconf 82' lang='grc' dir='ltr'>τηρίαν.</span> 
     </span>
    </p>
   </div>
   <div class='ocr_carea' id='block_1_44' title="bbox 374 3709 1871 3786">
    <p class='ocr_par' dir='ltr' id='par_1_44' title="bbox 374 3709 1871 3786">
     <span class='ocr_line' id='line_1_44' title="bbox 374 3709 1871 3786; baseline 0.007 -25"><span class='ocrx_word' id='word_1_319' title='bbox 374 3709 453 3761; x_wconf 78' lang='grc' dir='ltr'>Τὰ</span> <span class='ocrx_word' id='word_1_320' title='bbox 501 3709 559 3762; x_wconf 82' lang='grc' dir='ltr'>δὲ</span> <span class='ocrx_word' id='word_1_321' title='bbox 606 3711 746 3762; x_wconf 85' lang='grc' dir='ltr'>κατὰ</span> <span class='ocrx_word' id='word_1_322' title='bbox 793 3710 1177 3781; x_wconf 80' lang='grc' dir='ltr'>προσποίησιν,</span> <span class='ocrx_word' id='word_1_323' title='bbox 1206 3709 1316 3764; x_wconf 76' lang='grc' dir='ltr'>οἷον</span> <span class='ocrx_word' id='word_1_324' title='bbox 1362 3712 1423 3765; x_wconf 83' lang='grc' dir='ltr'>τὸ</span> <span class='ocrx_word' id='word_1_325' title='bbox 1468 3716 1709 3786; x_wconf 81' lang='grc' dir='ltr'>ἐρωτᾷν·</span> <span class='ocrx_word' id='word_1_326' title='bbox 1746 3717 1871 3771; x_wconf 85' lang='grc' dir='ltr'>Ποῦ</span> 
     </span>
    </p>
   </div>
   <div class='ocr_carea' id='block_1_45' title="bbox 303 3799 1871 3875">
    <p class='ocr_par' dir='ltr' id='par_1_45' title="bbox 303 3799 1871 3875">
     <span class='ocr_line' id='line_1_45' title="bbox 303 3799 1871 3875; baseline 0.006 -24"><span class='ocrx_word' id='word_1_327' title='bbox 303 3799 597 3852; x_wconf 78' lang='grc' dir='ltr'>τεθείκατε</span> <span class='ocrx_word' id='word_1_328' title='bbox 652 3799 949 3866; x_wconf 77' lang='grc' dir='ltr'>Λάζαρον;</span> <span class='ocrx_word' id='word_1_329' title='bbox 1001 3802 1029 3852; x_wconf 90' lang='lat'>6</span> <span class='ocrx_word' id='word_1_330' title='bbox 1080 3802 1173 3854; x_wconf 71' lang='grc' dir='ltr'>ἐπὶ</span> <span class='ocrx_word' id='word_1_331' title='bbox 1221 3803 1320 3873; x_wconf 76' lang='grc' dir='ltr'>τὴν</span> <span class='ocrx_word' id='word_1_332' title='bbox 1367 3806 1535 3874; x_wconf 82' lang='grc' dir='ltr'>συκῆν</span> <span class='ocrx_word' id='word_1_333' title='bbox 1562 3805 1780 3875; x_wconf 78' lang='grc' dir='ltr'>δρόμος,</span> <span class='ocrx_word' id='word_1_334' title='bbox 1810 3809 1871 3860; x_wconf 85' lang='grc' dir='ltr'>τὸ</span> 
     </span>
    </p>
   </div>
   <div class='ocr_carea' id='block_1_46' title="bbox 303 3889 1867 3967">
    <p class='ocr_par' dir='ltr' id='par_1_46' title="bbox 303 3889 1867 3967">
     <span class='ocr_line' id='line_1_46' title="bbox 303 3889 1867 3967; baseline 0.005 -26"><span class='ocrx_word' id='word_1_335' title='bbox 303 3889 648 3951; x_wconf 83' lang='grc' dir='ltr'>ὑποδύεσθαι,</span> <span class='ocrx_word' id='word_1_336' title='bbox 681 3891 849 3961; x_wconf 71' lang='grc' dir='ltr'>ἤγουν</span> <span class='ocrx_word' id='word_1_337' title='bbox 876 3891 1274 3962; x_wconf 61' lang='grc' dir='ltr'>,ὑπαναχωρεῖν</span> <span class='ocrx_word' id='word_1_338' title='bbox 1295 3910 1309 3925; x_wconf 77' lang='grc' dir='ltr'><strong>ο</strong></span> <span class='ocrx_word' id='word_1_339' title='bbox 1360 3896 1391 3964; x_wconf 89' lang='grc' dir='ltr'><strong>ή</strong></span> <span class='ocrx_word' id='word_1_340' title='bbox 1437 3895 1734 3967; x_wconf 78' lang='grc' dir='ltr'>προσευχὴ,</span> <span class='ocrx_word' id='word_1_341' title='bbox 1765 3897 1824 3949; x_wconf 79' lang='grc' dir='ltr'>τό</span> <span class='ocrx_word' id='word_1_342' title='bbox 1853 3912 1867 3927; x_wconf 88' lang='grc'><strong>·</strong></span> 
     </span>
    </p>
   </div>
   <div class='ocr_carea' id='block_1_47' title="bbox 304 3979 1871 4049">
    <p class='ocr_par' dir='ltr' id='par_1_47' title="bbox 304 3979 1871 4049">
     <span class='ocr_line' id='line_1_47' title="bbox 304 3979 1871 4049; baseline 0.006 -18"><span class='ocrx_word' id='word_1_343' title='bbox 304 3979 796 4047; x_wconf 78' lang='grc' dir='ltr'>Προσεποιήσιιτο</span> <span class='ocrx_word' id='word_1_344' title='bbox 848 3981 1192 4049; x_wconf 77' lang='grc' dir='ltr'>ποῤῥωτέρω</span> <span class='ocrx_word' id='word_1_345' title='bbox 1243 3985 1636 4049; x_wconf 76' lang='grc' dir='ltr'>πορεύεσθαι·</span> <span class='ocrx_word' id='word_1_346' title='bbox 1667 3986 1871 4040; x_wconf 83' lang='grc' dir='ltr'>τούτων</span> 
     </span>
    </p>
   </div>
   <div class='ocr_carea' id='block_1_48' title="bbox 303 4070 1871 4143">
    <p class='ocr_par' dir='ltr' id='par_1_48' title="bbox 303 4070 1871 4143">
     <span class='ocr_line' id='line_1_48' title="bbox 303 4070 1871 4143; baseline 0.006 -22"><span class='ocrx_word' id='word_1_347' title='bbox 303 4071 412 4141; x_wconf 78' lang='grc' dir='ltr'>γὰρ</span> <span class='ocrx_word' id='word_1_348' title='bbox 462 4071 554 4122; x_wconf 78' lang='grc' dir='ltr'>καὶ</span> <span class='ocrx_word' id='word_1_349' title='bbox 599 4070 706 4122; x_wconf 83' lang='grc' dir='ltr'>τῶν</span> <span class='ocrx_word' id='word_1_350' title='bbox 752 4072 1168 4143; x_wconf 74' lang='grc' dir='ltr'>παραπλησίων,</span> <span class='ocrx_word' id='word_1_351' title='bbox 1200 4072 1321 4126; x_wconf 75' lang='grc' dir='ltr'>οὔτε</span> <span class='ocrx_word' id='word_1_352' title='bbox 1350 4074 1425 4137; x_wconf 81' lang='grc' dir='ltr'>ὡς</span> <span class='ocrx_word' id='word_1_353' title='bbox 1453 4076 1604 4139; x_wconf 79' lang='grc' dir='ltr'>Θεὸς,</span> <span class='ocrx_word' id='word_1_354' title='bbox 1641 4076 1762 4130; x_wconf 73' lang='grc' dir='ltr'>οὔτε</span> <span class='ocrx_word' id='word_1_355' title='bbox 1796 4080 1871 4143; x_wconf 85' lang='grc' dir='ltr'>ὡς</span> 
     </span>
    </p>
   </div>
   <div class='ocr_carea' id='block_1_49' title="bbox 303 4162 1869 4238">
    <p class='ocr_par' dir='ltr' id='par_1_49' title="bbox 303 4162 1869 4238">
     <span class='ocr_line' id='line_1_49' title="bbox 303 4162 1869 4238; baseline 0.004 -22"><span class='ocrx_word' id='word_1_356' title='bbox 303 4162 589 4233; x_wconf 81' lang='grc' dir='ltr'>ἅνθρωπος</span> <span class='ocrx_word' id='word_1_357' title='bbox 633 4163 852 4236; x_wconf 79' lang='grc' dir='ltr'>ἔχρῃζε,</span> <span class='ocrx_word' id='word_1_358' title='bbox 886 4164 1025 4233; x_wconf 85' lang='grc' dir='ltr'>πλὴν</span> <span class='ocrx_word' id='word_1_359' title='bbox 1052 4164 1538 4235; x_wconf 84' lang='grc' dir='ltr'>ἀνθρωποπρεπῶς</span> <span class='ocrx_word' id='word_1_360' title='bbox 1572 4170 1869 4238; x_wconf 82' lang='grc' dir='ltr'>ἐσχηματί-</span> 
     </span>
    </p>
   </div>
   <div class='ocr_carea' id='block_1_50' title="bbox 304 4255 1866 4330">
    <p class='ocr_par' dir='ltr' id='par_1_50' title="bbox 304 4255 1866 4330">
     <span class='ocr_line' id='line_1_50' title="bbox 304 4255 1866 4330; baseline 0.003 -22"><span class='ocrx_word' id='word_1_361' title='bbox 304 4255 445 4316; x_wconf 75' lang='grc' dir='ltr'>ζετο,</span> <span class='ocrx_word' id='word_1_362' title='bbox 478 4255 613 4324; x_wconf 77' lang='grc' dir='ltr'>πρὸς</span> <span class='ocrx_word' id='word_1_363' title='bbox 655 4256 794 4325; x_wconf 83' lang='grc' dir='ltr'>ὅπερ</span> <span class='ocrx_word' id='word_1_364' title='bbox 821 4258 855 4326; x_wconf 73' lang='grc' dir='ltr'><strong>ἡ</strong></span> <span class='ocrx_word' id='word_1_365' title='bbox 886 4257 1067 4325; x_wconf 82' lang='grc' dir='ltr'>χρεία,</span> <span class='ocrx_word' id='word_1_366' title='bbox 1101 4257 1281 4309; x_wconf 82' lang='grc' dir='ltr'>καὶτὸ</span> <span class='ocrx_word' id='word_1_367' title='bbox 1307 4257 1593 4322; x_wconf 76' lang='grc' dir='ltr'>λυσιτελὲς</span> <span class='ocrx_word' id='word_1_368' title='bbox 1626 4260 1826 4330; x_wconf 78' lang='grc' dir='ltr'>ἀπῄτει</span> <span class='ocrx_word' id='word_1_369' title='bbox 1853 4277 1866 4289; x_wconf 89' lang='grc'><strong>·</strong></span> 
     </span>
    </p>
   </div>
   <div class='ocr_carea' id='block_1_51' title="bbox 302 4341 1869 4417">
    <p class='ocr_par' dir='ltr' id='par_1_51' title="bbox 302 4341 1869 4417">
     <span class='ocr_line' id='line_1_51' title="bbox 302 4341 1869 4417; baseline 0.005 -20"><span class='ocrx_word' id='word_1_370' title='bbox 302 4341 413 4398; x_wconf 72' lang='grc' dir='ltr'>οἷον</span> <span class='ocrx_word' id='word_1_371' title='bbox 448 4346 548 4415; x_wconf 76' lang='grc' dir='ltr'>τὴν</span> <span class='ocrx_word' id='word_1_372' title='bbox 583 4346 912 4417; x_wconf 83' lang='grc' dir='ltr'>προσευχὴν,</span> <span class='ocrx_word' id='word_1_373' title='bbox 940 4346 1026 4399; x_wconf 83' lang='grc' dir='ltr'>διὰ</span> <span class='ocrx_word' id='word_1_374' title='bbox 1054 4346 1114 4398; x_wconf 83' lang='grc' dir='ltr'>τὸ</span> <span class='ocrx_word' id='word_1_375' title='bbox 1143 4346 1335 4413; x_wconf 79' lang='grc' dir='ltr'>δεῖξαι,</span> <span class='ocrx_word' id='word_1_376' title='bbox 1365 4349 1439 4411; x_wconf 85' lang='grc' dir='ltr'>ὡς</span> <span class='ocrx_word' id='word_1_377' title='bbox 1469 4351 1568 4402; x_wconf 82' lang='grc' dir='ltr'>οὐκ</span> <span class='ocrx_word' id='word_1_378' title='bbox 1595 4350 1742 4404; x_wconf 79' lang='grc' dir='ltr'>ἔστιν</span> <span class='ocrx_word' id='word_1_379' title='bbox 1773 4354 1869 4405; x_wconf 82' lang='grc' dir='ltr'>ἀν-</span> 
     </span>
    </p>
   </div>
   <div class='ocr_carea' id='block_1_52' title="bbox 300 4436 1868 4514">
    <p class='ocr_par' dir='ltr' id='par_1_52' title="bbox 300 4436 1868 4514">
     <span class='ocr_line' id='line_1_52' title="bbox 300 4436 1868 4514; baseline 0.005 -25"><span class='ocrx_word' id='word_1_380' title='bbox 300 4436 497 4500; x_wconf 77' lang='grc' dir='ltr'>τίθεος,</span> <span class='ocrx_word' id='word_1_381' title='bbox 536 4438 611 4501; x_wconf 84' lang='grc' dir='ltr'>ὡς</span> <span class='ocrx_word' id='word_1_382' title='bbox 640 4439 734 4490; x_wconf 72' lang='grc' dir='ltr'>καὶ</span> <span class='ocrx_word' id='word_1_383' title='bbox 761 4438 940 4492; x_wconf 81' lang='grc' dir='ltr'>αἰτίαν</span> <span class='ocrx_word' id='word_1_384' title='bbox 968 4438 1171 4495; x_wconf 70' lang='grc' dir='ltr'>ἑαυτοῦ</span> <span class='ocrx_word' id='word_1_385' title='bbox 1205 4440 1378 4509; x_wconf 84' lang='grc' dir='ltr'>τιμῶν</span> <span class='ocrx_word' id='word_1_386' title='bbox 1408 4441 1498 4494; x_wconf 84' lang='grc' dir='ltr'>τὸν</span> <span class='ocrx_word' id='word_1_387' title='bbox 1526 4445 1776 4514; x_wconf 84' lang='grc' dir='ltr'>Πατέρα’</span> <span class='ocrx_word' id='word_1_388' title='bbox 1807 4444 1868 4497; x_wconf 87' lang='grc' dir='ltr'>τὸ</span> 
     </span>
    </p>
   </div>
   <div class='ocr_carea' id='block_1_53' title="bbox 301 4527 1868 4604">
    <p class='ocr_par' dir='ltr' id='par_1_53' title="bbox 301 4527 1868 4604">
     <span class='ocr_line' id='line_1_53' title="bbox 301 4527 1868 4604; baseline 0.006 -26"><span class='ocrx_word' id='word_1_389' title='bbox 301 4528 535 4597; x_wconf 79' lang='grc' dir='ltr'>ἐρωτᾷν,</span> <span class='ocrx_word' id='word_1_390' title='bbox 568 4527 668 4581; x_wconf 82' lang='grc' dir='ltr'>οὐκ</span> <span class='ocrx_word' id='word_1_391' title='bbox 706 4527 939 4594; x_wconf 81' lang='grc' dir='ltr'>ἀγνοῶν,</span> <span class='ocrx_word' id='word_1_392' title='bbox 988 4528 1103 4581; x_wconf 81' lang='grc' dir='ltr'>ἀλλ’</span> <span class='ocrx_word' id='word_1_393' title='bbox 1133 4530 1220 4581; x_wconf 79' lang='grc' dir='ltr'>ἵνα</span> <span class='ocrx_word' id='word_1_394' title='bbox 1258 4529 1427 4601; x_wconf 83' lang='grc' dir='ltr'>δείξῃ,</span> <span class='ocrx_word' id='word_1_395' title='bbox 1458 4531 1533 4595; x_wconf 75' lang='grc' dir='ltr'>ὡς</span> <span class='ocrx_word' id='word_1_396' title='bbox 1568 4533 1710 4585; x_wconf 86' lang='grc' dir='ltr'>κατὰ</span> <span class='ocrx_word' id='word_1_397' title='bbox 1734 4534 1868 4604; x_wconf 80' lang='grc' dir='ltr'>ἀλή-</span> 
     </span>
    </p>
   </div>
   <div class='ocr_carea' id='block_1_54' title="bbox 302 4615 1871 4688">
    <p class='ocr_par' dir='ltr' id='par_1_54' title="bbox 302 4615 1871 4688">
     <span class='ocr_line' id='line_1_54' title="bbox 302 4615 1871 4688; baseline 0.006 -21"><span class='ocrx_word' id='word_1_398' title='bbox 302 4615 452 4670; x_wconf 82' lang='grc' dir='ltr'>θειάν</span> <span class='ocrx_word' id='word_1_399' title='bbox 499 4619 645 4670; x_wconf 81' lang='grc' dir='ltr'>ἐστιν</span> <span class='ocrx_word' id='word_1_400' title='bbox 689 4616 995 4688; x_wconf 77' lang='grc' dir='ltr'>ἄνθρωπος,</span> <span class='ocrx_word' id='word_1_401' title='bbox 1035 4619 1175 4688; x_wconf 81' lang='grc' dir='ltr'>μετὰ</span> <span class='ocrx_word' id='word_1_402' title='bbox 1229 4620 1322 4673; x_wconf 80' lang='grc' dir='ltr'>τοῦ</span> <span class='ocrx_word' id='word_1_403' title='bbox 1377 4616 1516 4674; x_wconf 78' lang='grc' dir='ltr'>εἶναι</span> <span class='ocrx_word' id='word_1_404' title='bbox 1542 4623 1770 4687; x_wconf 63' lang='grc' dir='ltr'>ηΘεός·</span> <span class='ocrx_word' id='word_1_405' title='bbox 1807 4623 1871 4677; x_wconf 75' lang='grc' dir='ltr'>τὸ</span> 
     </span>
    </p>
   </div>
   <div class='ocr_carea' id='block_1_55' title="bbox 301 4707 1868 4785">
    <p class='ocr_par' dir='ltr' id='par_1_55' title="bbox 301 4707 1868 4785">
     <span class='ocr_line' id='line_1_55' title="bbox 301 4707 1868 4785; baseline 0.006 -27"><span class='ocrx_word' id='word_1_406' title='bbox 301 4707 704 4779; x_wconf 84' lang='grc' dir='ltr'>ὑπαναχωρεϊν,</span> <span class='ocrx_word' id='word_1_407' title='bbox 742 4709 828 4762; x_wconf 79' lang='grc' dir='ltr'>ἵνα</span> <span class='ocrx_word' id='word_1_408' title='bbox 884 4708 1069 4781; x_wconf 78' lang='grc' dir='ltr'>διδάξῃ</span> <span class='ocrx_word' id='word_1_409' title='bbox 1120 4710 1195 4782; x_wconf 73' lang='grc' dir='ltr'>μὴ</span> <span class='ocrx_word' id='word_1_410' title='bbox 1248 4712 1678 4781; x_wconf 87' lang='grc' dir='ltr'>προπετεύεσθαι</span> <span class='ocrx_word' id='word_1_411' title='bbox 1734 4715 1868 4785; x_wconf 84' lang='grc' dir='ltr'>μηδ’</span> 
     </span>
    </p>
   </div>
   <div class='ocr_carea' id='block_1_56' title="bbox 299 4797 886 4868">
    <p class='ocr_par' dir='ltr' id='par_1_56' title="bbox 299 4797 886 4868">
     <span class='ocr_line' id='line_1_56' title="bbox 299 4797 886 4868; baseline 0.003 -19"><span class='ocrx_word' id='word_1_412' title='bbox 299 4797 524 4861; x_wconf 73' lang='grc' dir='ltr'>ἑαυτοὺς</span> <span class='ocrx_word' id='word_1_413' title='bbox 558 4797 886 4868; x_wconf 79' lang='grc' dir='ltr'>προδιδόναι.</span> 
     </span>
    </p>
   </div>
   <div class='ocr_carea' id='block_1_57' title="bbox 370 4988 1864 5062">
    <p class='ocr_par' dir='ltr' id='par_1_57' title="bbox 370 4988 1864 5062">
     <span class='ocr_line' id='line_1_57' title="bbox 370 4988 1864 5062; baseline 0.009 -23"><span class='ocrx_word' id='word_1_414' title='bbox 370 4988 451 5041; x_wconf 80' lang='grc' dir='ltr'>Τὰ</span> <span class='ocrx_word' id='word_1_415' title='bbox 501 4989 554 5041; x_wconf 77' lang='grc' dir='ltr'>δὲ</span> <span class='ocrx_word' id='word_1_416' title='bbox 599 4992 718 5042; x_wconf 82' lang='grc' dir='ltr'>κατ’</span> <span class='ocrx_word' id='word_1_417' title='bbox 751 4988 1019 5043; x_wconf 81' lang='grc' dir='ltr'>οἱκείωσιν</span> <span class='ocrx_word' id='word_1_418' title='bbox 1048 4990 1141 5042; x_wconf 61' lang='grc' dir='ltr'>κα)⁸</span> <span class='ocrx_word' id='word_1_419' title='bbox 1188 4991 1484 5062; x_wconf 84' lang='grc' dir='ltr'>ἀναφορὰν,</span> <span class='ocrx_word' id='word_1_420' title='bbox 1514 4995 1589 5059; x_wconf 79' lang='grc' dir='ltr'>ὡς</span> <span class='ocrx_word' id='word_1_421' title='bbox 1629 4997 1722 5050; x_wconf 83' lang='grc' dir='ltr'>τό·</span> <span class='ocrx_word' id='word_1_422' title='bbox 1759 4999 1864 5053; x_wconf 86' lang='grc' dir='ltr'>Θεέ</span> 
     </span>
    </p>
   </div>
   <div class='ocr_carea' id='block_1_58' title="bbox 290 5078 1862 5151">
    <p class='ocr_par' dir='ltr' id='par_1_58' title="bbox 290 5078 1862 5151">
     <span class='ocr_line' id='line_1_58' title="bbox 290 5078 1862 5151; baseline 0.008 -21"><span class='ocrx_word' id='word_1_423' title='bbox 290 5095 432 5147; x_wconf 84' lang='grc' dir='ltr'>μου,</span> <span class='ocrx_word' id='word_1_424' title='bbox 471 5078 575 5131; x_wconf 79' lang='grc' dir='ltr'>Θεέ</span> <span class='ocrx_word' id='word_1_425' title='bbox 619 5098 756 5147; x_wconf 83' lang='grc' dir='ltr'>μου,</span> <span class='ocrx_word' id='word_1_426' title='bbox 790 5081 890 5134; x_wconf 83' lang='grc' dir='ltr'>ἵνα</span> <span class='ocrx_word' id='word_1_427' title='bbox 923 5081 980 5133; x_wconf 85' lang='grc' dir='ltr'>τί</span> <span class='ocrx_word' id='word_1_428' title='bbox 1019 5097 1098 5148; x_wconf 82' lang='grc' dir='ltr'>με</span> <span class='ocrx_word' id='word_1_429' title='bbox 1145 5081 1567 5151; x_wconf 76' lang='grc' dir='ltr'>ἐγκατέλιπες;</span> <span class='ocrx_word' id='word_1_430' title='bbox 1622 5089 1716 5142; x_wconf 76' lang='grc' dir='ltr'>καὶ</span> <span class='ocrx_word' id='word_1_431' title='bbox 1764 5089 1862 5142; x_wconf 85' lang='grc' dir='ltr'>τό·</span> 
     </span>
    </p>
   </div>
   <div class='ocr_carea' id='block_1_59' title="bbox 369 5227 1876 5380">
    <p class='ocr_par' dir='ltr' id='par_1_59' title="bbox 369 5227 1876 5380">
     <span class='ocr_line' id='line_1_59' title="bbox 369 5227 1876 5306; baseline 0.009 -26"><span class='ocrx_word' id='word_1_432' title='bbox 369 5229 415 5260; x_wconf 80' lang='grc'>⁸³</span> <span class='ocrx_word' id='word_1_433' title='bbox 445 5227 605 5283; x_wconf 82' lang='lat' dir='ltr'>Joan.</span> <span class='ocrx_word' id='word_1_434' title='bbox 638 5247 747 5295; x_wconf 82' lang='lat' dir='ltr'>xiv,</span> <span class='ocrx_word' id='word_1_435' title='bbox 781 5234 863 5289; x_wconf 82' lang='grc'>10.</span> <span class='ocrx_word' id='word_1_436' title='bbox 938 5235 983 5267; x_wconf 71' lang='grc'>⁸⁸</span> <span class='ocrx_word' id='word_1_437' title='bbox 1018 5234 1175 5291; x_wconf 84' lang='lat' dir='ltr'>Joan.</span> <span class='ocrx_word' id='word_1_438' title='bbox 1209 5251 1267 5299; x_wconf 74' lang='grc' dir='ltr'>χ,</span> <span class='ocrx_word' id='word_1_439' title='bbox 1297 5236 1384 5292; x_wconf 79' lang='grc'>50.</span> <span class='ocrx_word' id='word_1_440' title='bbox 1461 5239 1506 5269; x_wconf 80' lang='grc'><strong><em>⁸⁵</em></strong></span> <span class='ocrx_word' id='word_1_441' title='bbox 1525 5237 1682 5292; x_wconf 82' lang='lat' dir='ltr'>Joan.</span> <span class='ocrx_word' id='word_1_442' title='bbox 1714 5255 1829 5306; x_wconf 85' lang='lat' dir='ltr'>vut,</span> <span class='ocrx_word' id='word_1_443' title='bbox 1858 5242 1876 5293; x_wconf 79' lang='grc'>1</span> 
     </span>
     <span class='ocr_line' id='line_1_60' title="bbox 377 5299 1876 5380; baseline 0.006 -30"><span class='ocrx_word' id='word_1_444' title='bbox 377 5299 509 5380; x_wconf 42' lang='grc' dir='ltr'>Ἆὲὅ.</span> <span class='ocrx_word' id='word_1_445' title='bbox 579 5301 659 5380; x_wconf 43' lang='lat' dir='ltr'>ﬂ“</span> <span class='ocrx_word' id='word_1_446' title='bbox 689 5301 848 5356; x_wconf 75' lang='lat' dir='ltr'>Joan.</span> <span class='ocrx_word' id='word_1_447' title='bbox 881 5321 963 5380; x_wconf 71' lang='lat' dir='ltr'>x_t1</span> <span class='ocrx_word' id='word_1_448' title='bbox 990 5307 1098 5380; x_wconf 20' lang='lat'>54..</span> <span class='ocrx_word' id='word_1_449' title='bbox 1143 5308 1223 5380; x_wconf 79' lang='lat'>_“</span> <span class='ocrx_word' id='word_1_450' title='bbox 1261 5306 1453 5380; x_wconf 77' lang='lat' dir='ltr'>Matth.</span> <span class='ocrx_word' id='word_1_451' title='bbox 1481 5324 1594 5369; x_wconf 73' lang='lat' dir='ltr'>nt,</span> <span class='ocrx_word' id='word_1_452' title='bbox 1632 5307 1732 5380; x_wconf 48' lang='grc' dir='ltr'>βξ).</span> <span class='ocrx_word' id='word_1_453' title='bbox 1842 5310 1876 5342; x_wconf 66' lang='grc' dir='ltr'>τε</span> 
     </span>
    </p>
   </div>
   <div class='ocr_carea' id='block_1_60' title="bbox 1974 5227 2970 5380">
    <p class='ocr_par' dir='ltr' id='par_1_60' title="bbox 1976 5244 2970 5380">
     <span class='ocr_line' id='line_1_61' title="bbox 1993 5244 2970 5314; baseline 0.02 -19"><span class='ocrx_word' id='word_1_454' title='bbox 1993 5258 2067 5297; x_wconf 85' lang='lat' dir='ltr'>vn</span> <span class='ocrx_word' id='word_1_455' title='bbox 2100 5244 2187 5300; x_wconf 67' lang='grc'>40.</span> <span class='ocrx_word' id='word_1_456' title='bbox 2264 5247 2308 5279; x_wconf 79' lang='grc'>⁸⁸</span> <span class='ocrx_word' id='word_1_457' title='bbox 2340 5247 2498 5306; x_wconf 78' lang='lat' dir='ltr'>luan.</span> <span class='ocrx_word' id='word_1_458' title='bbox 2534 5270 2615 5313; x_wconf 86' lang='grc' dir='ltr'>ιιι.</span> <span class='ocrx_word' id='word_1_459' title='bbox 2648 5257 2728 5312; x_wconf 78' lang='grc'>14.</span> <span class='ocrx_word' id='word_1_460' title='bbox 2811 5260 2853 5291; x_wconf 80' lang='grc'>⁸⁷</span> <span class='ocrx_word' id='word_1_461' title='bbox 2897 5260 2970 5314; x_wconf 93' lang='lat' dir='ltr'>Su</span> 
     </span>
     <span class='ocr_line' id='line_1_62' title="bbox 1976 5314 2958 5380; baseline 0.015 -15"><span class='ocrx_word' id='word_1_462' title='bbox 1976 5314 2114 5370; x_wconf 86' lang='lat' dir='ltr'>atth.</span> <span class='ocrx_word' id='word_1_463' title='bbox 2168 5331 2246 5380; x_wconf 76' lang='grc' dir='ltr'>ιι,</span> <span class='ocrx_word' id='word_1_464' title='bbox 2290 5317 2380 5372; x_wconf 71' lang='grc'>41.</span> <span class='ocrx_word' id='word_1_465' title='bbox 2493 5322 2840 5380; x_wconf 80' lang='lat' dir='ltr'>“Joan.xn.</span> <span class='ocrx_word' id='word_1_466' title='bbox 2877 5330 2958 5380; x_wconf 83' lang='lat'>15.</span> 
     </span>
    </p>
   </div>
   <div class='ocr_carea' id='block_1_61' title="bbox 295 5298 1732 5369">
    <p class='ocr_par' dir='ltr' id='par_1_61' title="bbox 295 5298 1732 5369">
     <span class='ocr_line' id='line_1_63' title="bbox 295 5298 1732 5369; baseline 0.008 -21"><span class='ocrx_word' id='word_1_467' title='bbox 295 5298 509 5369; x_wconf 63' lang='lat'>2_2,_“25.</span> <span class='ocrx_word' id='word_1_468' title='bbox 579 5301 659 5369; x_wconf 54' lang='lat' dir='ltr'>_f&quot;</span> <span class='ocrx_word' id='word_1_469' title='bbox 689 5301 848 5356; x_wconf 75' lang='lat' dir='ltr'>Joan.</span> <span class='ocrx_word' id='word_1_470' title='bbox 881 5321 958 5363; x_wconf 71' lang='grc' dir='ltr'>ιι,</span> <span class='ocrx_word' id='word_1_471' title='bbox 990 5307 1077 5359; x_wconf 76' lang='grc'>54.</span> <span class='ocrx_word' id='word_1_472' title='bbox 1178 5308 1223 5340; x_wconf 72' lang='grc'>⁸⁸</span> <span class='ocrx_word' id='word_1_473' title='bbox 1261 5306 1453 5360; x_wconf 83' lang='lat' dir='ltr'>Matth.</span> <span class='ocrx_word' id='word_1_474' title='bbox 1481 5324 1594 5369; x_wconf 73' lang='lat' dir='ltr'>nt,</span> <span class='ocrx_word' id='word_1_475' title='bbox 1644 5307 1732 5362; x_wconf 78' lang='lat'>19.</span> 
     </span>
    </p>
   </div>
   <div class='ocr_carea' id='block_1_62' title="bbox 297 5365 1716 5446">
    <p class='ocr_par' dir='ltr' id='par_1_62' title="bbox 297 5365 1716 5446">
     <span class='ocr_line' id='line_1_64' title="bbox 297 5365 1716 5446; baseline 0.047 -45"><span class='ocrx_word' id='word_1_476' title='bbox 297 5367 345 5400; x_wconf 71' lang='grc' dir='ltr'>τι</span> <span class='ocrx_word' id='word_1_477' title='bbox 375 5365 536 5437; x_wconf 64' lang='lat' dir='ltr'>(3mg.</span> <span class='ocrx_word' id='word_1_478' title='bbox 578 5367 709 5422; x_wconf 82' lang='lat' dir='ltr'>Naz.</span> <span class='ocrx_word' id='word_1_479' title='bbox 731 5383 872 5427; x_wconf 87' lang='lat' dir='ltr'>orat.</span> <span class='ocrx_word' id='word_1_480' title='bbox 898 5374 987 5429; x_wconf 76' lang='grc'>56.</span> <span class='ocrx_word' id='word_1_481' title='bbox 1062 5377 1110 5408; x_wconf 65' lang='grc'>⁷⁸</span> <span class='ocrx_word' id='word_1_482' title='bbox 1138 5376 1274 5446; x_wconf 79' lang='lat' dir='ltr'>Sup-</span> <span class='ocrx_word' id='word_1_483' title='bbox 1307 5377 1401 5442; x_wconf 59' lang='lat' dir='ltr'>“bi</span> <span class='ocrx_word' id='word_1_484' title='bbox 1444 5393 1525 5439; x_wconf 82' lang='grc'>¹¹¹’</span> <span class='ocrx_word' id='word_1_485' title='bbox 1552 5365 1602 5441; x_wconf 45' lang='lat' dir='ltr'>ct</span> <span class='ocrx_word' id='word_1_486' title='bbox 1624 5377 1716 5431; x_wconf 58' lang='lat'>2&quot;</span> 
     </span>
    </p>
   </div>
   <div class='ocr_carea' id='block_1_63' title="bbox 2064 1194 3556 1267">
    <p class='ocr_par' dir='ltr' id='par_1_63' title="bbox 2064 1194 3556 1267">
     <span class='ocr_line' id='line_1_65' title="bbox 2064 1194 3556 1267; baseline 0.005 -20"><span class='ocrx_word' id='word_1_487' title='bbox 2064 1194 2194 1248; x_wconf 84' lang='lat' dir='ltr'>Post</span> <span class='ocrx_word' id='word_1_488' title='bbox 2225 1197 2470 1250; x_wconf 83' lang='lat' dir='ltr'>unionem</span> <span class='ocrx_word' id='word_1_489' title='bbox 2518 1196 2708 1265; x_wconf 75' lang='lat' dir='ltr'>triplex</span> <span class='ocrx_word' id='word_1_490' title='bbox 2748 1198 3158 1267; x_wconf 81' lang='lat' dir='ltr'>gemts.-Jam</span> <span class='ocrx_word' id='word_1_491' title='bbox 3201 1216 3328 1254; x_wconf 80' lang='lat' dir='ltr'>vero</span> <span class='ocrx_word' id='word_1_492' title='bbox 3369 1216 3556 1255; x_wconf 88' lang='lat' dir='ltr'>eorum</span> 
     </span>
    </p>
   </div>
   <div class='ocr_carea' id='block_1_64' title="bbox 1982 1284 3555 1352">
    <p class='ocr_par' dir='ltr' id='par_1_64' title="bbox 1982 1284 3555 1352">
     <span class='ocr_line' id='line_1_66' title="bbox 1982 1284 3555 1352; baseline 0.005 -18"><span class='ocrx_word' id='word_1_493' title='bbox 1982 1297 2104 1352; x_wconf 64' lang='lat' dir='ltr'>quae</span> <span class='ocrx_word' id='word_1_494' title='bbox 2124 1284 2379 1337; x_wconf 89' lang='lat' dir='ltr'>unionem</span> <span class='ocrx_word' id='word_1_495' title='bbox 2410 1294 2598 1339; x_wconf 87' lang='lat' dir='ltr'>secuta</span> <span class='ocrx_word' id='word_1_496' title='bbox 2630 1296 2781 1351; x_wconf 77' lang='lat' dir='ltr'>sunt,</span> <span class='ocrx_word' id='word_1_497' title='bbox 2810 1295 2920 1342; x_wconf 86' lang='lat' dir='ltr'>tres</span> <span class='ocrx_word' id='word_1_498' title='bbox 2951 1296 3079 1341; x_wconf 84' lang='lat' dir='ltr'>sunt</span> <span class='ocrx_word' id='word_1_499' title='bbox 3105 1290 3273 1342; x_wconf 90' lang='lat' dir='ltr'>modi.</span> <span class='ocrx_word' id='word_1_500' title='bbox 3320 1288 3555 1352; x_wconf 85' lang='lat' dir='ltr'>Primus.</span> 
     </span>
    </p>
   </div>
   <div class='ocr_carea' id='block_1_65' title="bbox 1982 1373 3552 1446">
    <p class='ocr_par' dir='ltr' id='par_1_65' title="bbox 1982 1373 3552 1446">
     <span class='ocr_line' id='line_1_67' title="bbox 1982 1373 3552 1446; baseline 0.005 -20"><span class='ocrx_word' id='word_1_501' title='bbox 1982 1388 2092 1441; x_wconf 91' lang='lat' dir='ltr'>quo</span> <span class='ocrx_word' id='word_1_502' title='bbox 2118 1373 2302 1428; x_wconf 89' lang='lat' dir='ltr'>divina</span> <span class='ocrx_word' id='word_1_503' title='bbox 2333 1383 2526 1428; x_wconf 91' lang='lat' dir='ltr'>natura</span> <span class='ocrx_word' id='word_1_504' title='bbox 2556 1377 2894 1442; x_wconf 78' lang='lat' dir='ltr'>declaratur,</span> <span class='ocrx_word' id='word_1_505' title='bbox 2918 1379 3233 1446; x_wconf 87' lang='lat' dir='ltr'>eujusmodi</span> <span class='ocrx_word' id='word_1_506' title='bbox 3263 1389 3345 1434; x_wconf 85' lang='lat' dir='ltr'>est</span> <span class='ocrx_word' id='word_1_507' title='bbox 3378 1380 3511 1433; x_wconf 81' lang='lat' dir='ltr'>illud</span> <span class='ocrx_word' id='word_1_508' title='bbox 3538 1398 3552 1434; x_wconf 92' lang='lat'><strong>:</strong></span> 
     </span>
    </p>
   </div>
   <div class='ocr_carea' id='block_1_66' title="bbox 1984 1463 3556 1539">
    <p class='ocr_par' dir='ltr' id='par_1_66' title="bbox 1984 1463 3556 1539">
     <span class='ocr_line' id='line_1_68' title="bbox 1984 1463 3556 1539; baseline 0.004 -23"><span class='ocrx_word' id='word_1_509' title='bbox 1984 1463 2095 1533; x_wconf 76' lang='lat' dir='ltr'>Ego</span> <span class='ocrx_word' id='word_1_510' title='bbox 2119 1466 2173 1517; x_wconf 87' lang='lat' dir='ltr'>in</span> <span class='ocrx_word' id='word_1_511' title='bbox 2199 1465 2385 1526; x_wconf 81' lang='lat' dir='ltr'>Patre,</span> <span class='ocrx_word' id='word_1_512' title='bbox 2415 1476 2464 1518; x_wconf 86' lang='lat' dir='ltr'>et</span> <span class='ocrx_word' id='word_1_513' title='bbox 2486 1465 2649 1520; x_wconf 84' lang='lat' dir='ltr'>Pater</span> <span class='ocrx_word' id='word_1_514' title='bbox 2681 1467 2735 1520; x_wconf 83' lang='lat' dir='ltr'>in</span> <span class='ocrx_word' id='word_1_515' title='bbox 2765 1484 2845 1521; x_wconf 86' lang='lat' dir='ltr'>me</span> <span class='ocrx_word' id='word_1_516' title='bbox 2872 1480 2949 1523; x_wconf 79' lang='lat' dir='ltr'>est</span> <span class='ocrx_word' id='word_1_517' title='bbox 2972 1468 3036 1522; x_wconf 76' lang='grc'>⁵³.</span> <span class='ocrx_word' id='word_1_518' title='bbox 3066 1471 3133 1523; x_wconf 89' lang='grc' dir='ltr'>Ει</span> <span class='ocrx_word' id='word_1_519' title='bbox 3161 1470 3291 1522; x_wconf 85' lang='lat' dir='ltr'>illud</span> <span class='ocrx_word' id='word_1_520' title='bbox 3320 1487 3333 1523; x_wconf 87' lang='lat'><strong>:</strong></span> <span class='ocrx_word' id='word_1_521' title='bbox 3368 1466 3480 1539; x_wconf 85' lang='lat' dir='ltr'>Ego</span> <span class='ocrx_word' id='word_1_522' title='bbox 3509 1479 3556 1522; x_wconf 87' lang='lat' dir='ltr'>et</span> 
     </span>
    </p>
   </div>
   <div class='ocr_carea' id='block_1_67' title="bbox 1980 1554 3557 1630">
    <p class='ocr_par' dir='ltr' id='par_1_67' title="bbox 1980 1554 3557 1630">
     <span class='ocr_line' id='line_1_69' title="bbox 1980 1554 3557 1630; baseline 0.005 -24"><span class='ocrx_word' id='word_1_523' title='bbox 1980 1554 2144 1609; x_wconf 82' lang='lat' dir='ltr'>Pater</span> <span class='ocrx_word' id='word_1_524' title='bbox 2170 1572 2329 1608; x_wconf 84' lang='lat' dir='ltr'>unum</span> <span class='ocrx_word' id='word_1_525' title='bbox 2358 1573 2539 1611; x_wconf 82' lang='lat' dir='ltr'>sumus</span> <span class='ocrx_word' id='word_1_526' title='bbox 2574 1560 2640 1612; x_wconf 68' lang='grc'>⁸⁸.</span> <span class='ocrx_word' id='word_1_527' title='bbox 2678 1562 2755 1611; x_wconf 85' lang='lat' dir='ltr'>Ac</span> <span class='ocrx_word' id='word_1_528' title='bbox 2787 1559 3023 1627; x_wconf 91' lang='lat' dir='ltr'>denique</span> <span class='ocrx_word' id='word_1_529' title='bbox 3053 1561 3233 1613; x_wconf 87' lang='lat' dir='ltr'>omnia</span> <span class='ocrx_word' id='word_1_530' title='bbox 3262 1576 3383 1630; x_wconf 63' lang='lat' dir='ltr'>quae</span> <span class='ocrx_word' id='word_1_531' title='bbox 3430 1568 3557 1614; x_wconf 81' lang='lat' dir='ltr'>ante</span> 
     </span>
    </p>
   </div>
   <div class='ocr_carea' id='block_1_68' title="bbox 1980 1647 3554 1718">
    <p class='ocr_par' dir='ltr' id='par_1_68' title="bbox 1980 1647 3554 1718">
     <span class='ocr_line' id='line_1_70' title="bbox 1980 1647 3554 1718; baseline 0.003 -19"><span class='ocrx_word' id='word_1_532' title='bbox 1980 1647 2344 1703; x_wconf 86' lang='lat' dir='ltr'>humanitatis</span> <span class='ocrx_word' id='word_1_533' title='bbox 2385 1650 2823 1718; x_wconf 89' lang='lat' dir='ltr'>assumptionem</span> <span class='ocrx_word' id='word_1_534' title='bbox 2855 1651 2921 1705; x_wconf 91' lang='lat' dir='ltr'>de</span> <span class='ocrx_word' id='word_1_535' title='bbox 2951 1666 3017 1705; x_wconf 88' lang='lat' dir='ltr'>eo</span> <span class='ocrx_word' id='word_1_536' title='bbox 3064 1651 3345 1715; x_wconf 82' lang='lat' dir='ltr'>dicuntur,</span> <span class='ocrx_word' id='word_1_537' title='bbox 3386 1652 3554 1706; x_wconf 89' lang='lat' dir='ltr'>etiam</span> 
     </span>
    </p>
   </div>
   <div class='ocr_carea' id='block_1_69' title="bbox 1922 1739 3555 1808">
    <p class='ocr_par' dir='ltr' id='par_1_69' title="bbox 1922 1739 3555 1808">
     <span class='ocr_line' id='line_1_71' title="bbox 1922 1739 3555 1808; baseline 0.002 -17"><span class='ocrx_word' id='word_1_538' title='bbox 1922 1752 1937 1773; x_wconf 87' lang='grc'><strong>·</strong></span> <span class='ocrx_word' id='word_1_539' title='bbox 1978 1747 2103 1808; x_wconf 87' lang='lat' dir='ltr'>post</span> <span class='ocrx_word' id='word_1_540' title='bbox 2135 1747 2473 1808; x_wconf 88' lang='lat' dir='ltr'>assumptam</span> <span class='ocrx_word' id='word_1_541' title='bbox 2511 1739 2909 1795; x_wconf 87' lang='lat' dir='ltr'>humanitatem</span> <span class='ocrx_word' id='word_1_542' title='bbox 2946 1742 3246 1806; x_wconf 84' lang='lat' dir='ltr'>dicentur;</span> <span class='ocrx_word' id='word_1_543' title='bbox 3293 1758 3402 1796; x_wconf 91' lang='lat' dir='ltr'>uno</span> <span class='ocrx_word' id='word_1_544' title='bbox 3452 1742 3555 1795; x_wconf 86' lang='lat' dir='ltr'>hoc</span> 
     </span>
    </p>
   </div>
   <div class='ocr_carea' id='block_1_70' title="bbox 1904 1828 3554 1902">
    <p class='ocr_par' dir='ltr' id='par_1_70' title="bbox 1904 1828 3554 1902">
     <span class='ocr_line' id='line_1_72' title="bbox 1904 1828 3554 1902; baseline 0.002 -18"><span class='ocrx_word' id='word_1_545' title='bbox 1904 1828 2240 1897; x_wconf 81' lang='lat' dir='ltr'>Bexcepto,</span> <span class='ocrx_word' id='word_1_546' title='bbox 2292 1832 2437 1900; x_wconf 92' lang='lat' dir='ltr'>quod</span> <span class='ocrx_word' id='word_1_547' title='bbox 2488 1832 2733 1886; x_wconf 91' lang='lat' dir='ltr'>nondum</span> <span class='ocrx_word' id='word_1_548' title='bbox 2786 1842 3167 1902; x_wconf 87' lang='lat' dir='ltr'>assumpserat</span> <span class='ocrx_word' id='word_1_549' title='bbox 3221 1849 3445 1889; x_wconf 83' lang='lat' dir='ltr'>carnem</span> <span class='ocrx_word' id='word_1_550' title='bbox 3497 1841 3554 1888; x_wconf 90' lang='lat' dir='ltr'>et</span> 
     </span>
    </p>
   </div>
   <div class='ocr_carea' id='block_1_71' title="bbox 1983 1921 2898 1993">
    <p class='ocr_par' dir='ltr' id='par_1_71' title="bbox 1983 1921 2898 1993">
     <span class='ocr_line' id='line_1_73' title="bbox 1983 1921 2898 1993; baseline 0.004 -20"><span class='ocrx_word' id='word_1_551' title='bbox 1983 1921 2168 1975; x_wconf 89' lang='lat' dir='ltr'>carnis</span> <span class='ocrx_word' id='word_1_552' title='bbox 2200 1923 2480 1979; x_wconf 89' lang='lat' dir='ltr'>naturales</span> <span class='ocrx_word' id='word_1_553' title='bbox 2510 1925 2898 1993; x_wconf 89' lang='lat' dir='ltr'>proprietates.</span> 
     </span>
    </p>
   </div>
   <div class='ocr_carea' id='block_1_72' title="bbox 2054 2010 3551 2082">
    <p class='ocr_par' dir='ltr' id='par_1_72' title="bbox 2054 2010 3551 2082">
     <span class='ocr_line' id='line_1_74' title="bbox 2054 2010 3551 2082; baseline 0.003 -17"><span class='ocrx_word' id='word_1_554' title='bbox 2054 2010 2381 2075; x_wconf 84' lang='lat' dir='ltr'>Secundus,</span> <span class='ocrx_word' id='word_1_555' title='bbox 2417 2029 2527 2082; x_wconf 88' lang='lat' dir='ltr'>quo</span> <span class='ocrx_word' id='word_1_556' title='bbox 2565 2025 2763 2068; x_wconf 86' lang='lat' dir='ltr'>natura</span> <span class='ocrx_word' id='word_1_557' title='bbox 2804 2016 3042 2069; x_wconf 88' lang='lat' dir='ltr'>humana</span> <span class='ocrx_word' id='word_1_558' title='bbox 3090 2017 3403 2071; x_wconf 89' lang='lat' dir='ltr'>insinuatur</span> <span class='ocrx_word' id='word_1_559' title='bbox 3435 2034 3449 2081; x_wconf 93' lang='lat'><strong>;</strong></span> <span class='ocrx_word' id='word_1_560' title='bbox 3492 2024 3551 2070; x_wconf 86' lang='lat' dir='ltr'>ut</span> 
     </span>
    </p>
   </div>
   <div class='ocr_carea' id='block_1_73' title="bbox 1980 2103 3549 2175">
    <p class='ocr_par' dir='ltr' id='par_1_73' title="bbox 1980 2103 3549 2175">
     <span class='ocr_line' id='line_1_75' title="bbox 1980 2103 3549 2175; baseline 0.002 -18"><span class='ocrx_word' id='word_1_561' title='bbox 1980 2103 2034 2158; x_wconf 90' lang='lat' dir='ltr'>in</span> <span class='ocrx_word' id='word_1_562' title='bbox 2061 2104 2154 2157; x_wconf 92' lang='lat' dir='ltr'>illo</span> <span class='ocrx_word' id='word_1_563' title='bbox 2186 2103 2307 2158; x_wconf 89' lang='lat' dir='ltr'>loco</span> <span class='ocrx_word' id='word_1_564' title='bbox 2333 2122 2347 2157; x_wconf 88' lang='lat'><strong>:</strong></span> <span class='ocrx_word' id='word_1_565' title='bbox 2386 2103 2525 2167; x_wconf 82' lang='lat' dir='ltr'>Quid</span> <span class='ocrx_word' id='word_1_566' title='bbox 2556 2121 2635 2159; x_wconf 77' lang='lat' dir='ltr'>me</span> <span class='ocrx_word' id='word_1_567' title='bbox 2655 2107 2900 2173; x_wconf 78' lang='lat' dir='ltr'>quazrilis</span> <span class='ocrx_word' id='word_1_568' title='bbox 2933 2108 3258 2175; x_wconf 73' lang='lat' dir='ltr'>interﬁcere,</span> <span class='ocrx_word' id='word_1_569' title='bbox 3290 2108 3549 2161; x_wconf 75' lang='lat' dir='ltr'>hominem</span> 
     </span>
    </p>
   </div>
   <div class='ocr_carea' id='block_1_74' title="bbox 1975 2194 3563 2264">
    <p class='ocr_par' dir='ltr' id='par_1_74' title="bbox 1975 2194 3563 2264">
     <span class='ocr_line' id='line_1_76' title="bbox 1975 2194 3563 2264; baseline 0.002 -17"><span class='ocrx_word' id='word_1_570' title='bbox 1975 2196 2064 2264; x_wconf 84' lang='lat' dir='ltr'>qui</span> <span class='ocrx_word' id='word_1_571' title='bbox 2095 2195 2365 2248; x_wconf 81' lang='lat' dir='ltr'>veritatem</span> <span class='ocrx_word' id='word_1_572' title='bbox 2402 2194 2607 2248; x_wconf 80' lang='lat' dir='ltr'>locutus</span> <span class='ocrx_word' id='word_1_573' title='bbox 2637 2213 2753 2249; x_wconf 85' lang='lat' dir='ltr'>sum</span> <span class='ocrx_word' id='word_1_574' title='bbox 2788 2198 2930 2251; x_wconf 80' lang='lat' dir='ltr'>vobis</span> <span class='ocrx_word' id='word_1_575' title='bbox 2962 2197 3052 2251; x_wconf 71' lang='lat'>&quot;‘2</span> <span class='ocrx_word' id='word_1_576' title='bbox 3087 2196 3150 2251; x_wconf 80' lang='lat' dir='ltr'>Et</span> <span class='ocrx_word' id='word_1_577' title='bbox 3178 2199 3233 2251; x_wconf 89' lang='lat' dir='ltr'>in</span> <span class='ocrx_word' id='word_1_578' title='bbox 3266 2199 3375 2252; x_wconf 88' lang='lat' dir='ltr'>isto</span> <span class='ocrx_word' id='word_1_579' title='bbox 3405 2217 3417 2250; x_wconf 91' lang='lat'><strong>:</strong></span> <span class='ocrx_word' id='word_1_580' title='bbox 3452 2196 3563 2250; x_wconf 49' lang='lat' dir='ltr'>Ita‘</span> 
     </span>
    </p>
   </div>
   <div class='ocr_carea' id='block_1_75' title="bbox 1975 2281 3550 2353">
    <p class='ocr_par' dir='ltr' id='par_1_75' title="bbox 1975 2281 3550 2353">
     <span class='ocr_line' id='line_1_77' title="bbox 1975 2281 3550 2353; baseline 0.004 -18"><span class='ocrx_word' id='word_1_581' title='bbox 1975 2282 2204 2336; x_wconf 76' lang='lat' dir='ltr'>exaltari</span> <span class='ocrx_word' id='word_1_582' title='bbox 2256 2291 2458 2351; x_wconf 77' lang='lat' dir='ltr'>oportet</span> <span class='ocrx_word' id='word_1_583' title='bbox 2509 2281 2712 2336; x_wconf 84' lang='lat' dir='ltr'>Filium</span> <span class='ocrx_word' id='word_1_584' title='bbox 2759 2286 2987 2339; x_wconf 80' lang='lat' dir='ltr'>hominis</span> <span class='ocrx_word' id='word_1_585' title='bbox 3030 2287 3097 2350; x_wconf 76' lang='grc'>³⁸,</span> <span class='ocrx_word' id='word_1_586' title='bbox 3130 2295 3183 2340; x_wconf 89' lang='lat' dir='ltr'>et</span> <span class='ocrx_word' id='word_1_587' title='bbox 3215 2286 3321 2340; x_wconf 86' lang='lat' dir='ltr'>alia</span> <span class='ocrx_word' id='word_1_588' title='bbox 3360 2286 3550 2353; x_wconf 69' lang='lat' dir='ltr'>hujus-</span> 
     </span>
    </p>
   </div>
   <div class='ocr_carea' id='block_1_76' title="bbox 1976 2373 2145 2426">
    <p class='ocr_par' dir='ltr' id='par_1_76' title="bbox 1976 2373 2145 2426">
     <span class='ocr_line' id='line_1_78' title="bbox 1976 2373 2145 2426; baseline 0 0"><span class='ocrx_word' id='word_1_589' title='bbox 1976 2373 2145 2426; x_wconf 88' lang='lat' dir='ltr'>modi.</span> 
     </span>
    </p>
   </div>
   <div class='ocr_carea' id='block_1_77' title="bbox 2048 2465 3547 2539">
    <p class='ocr_par' dir='ltr' id='par_1_77' title="bbox 2048 2465 3547 2539">
     <span class='ocr_line' id='line_1_79' title="bbox 2048 2465 3547 2539; baseline 0.007 -20"><span class='ocrx_word' id='word_1_590' title='bbox 2048 2465 2336 2534; x_wconf 74' lang='lat' dir='ltr'>Sextupiea:</span> <span class='ocrx_word' id='word_1_591' title='bbox 2373 2468 2558 2521; x_wconf 77' lang='lat' dir='ltr'>modus</span> <span class='ocrx_word' id='word_1_592' title='bbox 2596 2484 2776 2522; x_wconf 81' lang='lat' dir='ltr'>eorum</span> <span class='ocrx_word' id='word_1_593' title='bbox 2810 2485 2927 2539; x_wconf 73' lang='lat' dir='ltr'>qua:</span> <span class='ocrx_word' id='word_1_594' title='bbox 2959 2472 3021 2524; x_wconf 80' lang='lat' dir='ltr'>de</span> <span class='ocrx_word' id='word_1_595' title='bbox 3051 2470 3266 2526; x_wconf 80' lang='lat' dir='ltr'>Christo</span> <span class='ocrx_word' id='word_1_596' title='bbox 3299 2473 3547 2529; x_wconf 79' lang='lat' dir='ltr'>[mutaui-</span> 
     </span>
    </p>
   </div>
   <div class='ocr_carea' id='block_1_78' title="bbox 1978 2558 3547 2637">
    <p class='ocr_par' dir='ltr' id='par_1_78' title="bbox 1978 2558 3547 2637">
     <span class='ocr_line' id='line_1_80' title="bbox 1978 2558 3547 2637; baseline 0.01 -31"><span class='ocrx_word' id='word_1_597' title='bbox 1978 2564 2059 2609; x_wconf 76' lang='lat' dir='ltr'>tus</span> <span class='ocrx_word' id='word_1_598' title='bbox 2091 2565 2208 2624; x_wconf 78' lang='lat' dir='ltr'>post</span> <span class='ocrx_word' id='word_1_599' title='bbox 2253 2558 2498 2611; x_wconf 81' lang='lat' dir='ltr'>unionem</span> <span class='ocrx_word' id='word_1_600' title='bbox 2533 2560 2800 2613; x_wconf 85' lang='lat' dir='ltr'>dicuntur.</span> <span class='ocrx_word' id='word_1_601' title='bbox 2832 2592 2904 2601; x_wconf 89' lang='lat'>--</span> <span class='ocrx_word' id='word_1_602' title='bbox 2938 2561 3143 2616; x_wconf 86' lang='lat' dir='ltr'>Horum</span> <span class='ocrx_word' id='word_1_603' title='bbox 3185 2580 3348 2630; x_wconf 88' lang='lat' dir='ltr'>porro</span> <span class='ocrx_word' id='word_1_604' title='bbox 3369 2607 3383 2630; x_wconf 93' lang='lat'>,</span> <span class='ocrx_word' id='word_1_605' title='bbox 3423 2583 3547 2637; x_wconf 72' lang='lat' dir='ltr'>quze</span> 
     </span>
    </p>
   </div>
   <div class='ocr_carea' id='block_1_79' title="bbox 1975 2646 3545 2724">
    <p class='ocr_par' dir='ltr' id='par_1_79' title="bbox 1975 2646 3545 2724">
     <span class='ocr_line' id='line_1_81' title="bbox 1975 2646 3545 2724; baseline 0.011 -26"><span class='ocrx_word' id='word_1_606' title='bbox 1975 2646 2219 2701; x_wconf 89' lang='lat' dir='ltr'>humano</span> <span class='ocrx_word' id='word_1_607' title='bbox 2244 2663 2395 2703; x_wconf 87' lang='lat' dir='ltr'>more</span> <span class='ocrx_word' id='word_1_608' title='bbox 2423 2650 2489 2702; x_wconf 85' lang='lat' dir='ltr'>de</span> <span class='ocrx_word' id='word_1_609' title='bbox 2515 2648 2796 2705; x_wconf 86' lang='lat' dir='ltr'>Salvatorc</span> <span class='ocrx_word' id='word_1_610' title='bbox 2817 2651 3039 2708; x_wconf 88' lang='lat' dir='ltr'>Christo</span> <span class='ocrx_word' id='word_1_611' title='bbox 3066 2656 3454 2724; x_wconf 81' lang='lat' dir='ltr'>praedicantur,</span> <span class='ocrx_word' id='word_1_612' title='bbox 3482 2676 3545 2716; x_wconf 87' lang='lat' dir='ltr'>ac</span> 
     </span>
    </p>
   </div>
   <div class='ocr_carea' id='block_1_80' title="bbox 1976 2735 3544 2812">
    <p class='ocr_par' dir='ltr' id='par_1_80' title="bbox 1976 2735 3544 2812">
     <span class='ocr_line' id='line_1_82' title="bbox 1976 2735 3544 2812; baseline 0.008 -23"><span class='ocrx_word' id='word_1_613' title='bbox 1976 2735 2180 2804; x_wconf 86' lang='lat' dir='ltr'>scripta</span> <span class='ocrx_word' id='word_1_614' title='bbox 2219 2747 2389 2800; x_wconf 86' lang='lat' dir='ltr'>sunt,</span> <span class='ocrx_word' id='word_1_615' title='bbox 2427 2738 2545 2794; x_wconf 88' lang='lat' dir='ltr'>sive</span> <span class='ocrx_word' id='word_1_616' title='bbox 2583 2739 2761 2804; x_wconf 87' lang='lat' dir='ltr'>dicta,</span> <span class='ocrx_word' id='word_1_617' title='bbox 2800 2742 2915 2795; x_wconf 86' lang='lat' dir='ltr'>sive</span> <span class='ocrx_word' id='word_1_618' title='bbox 2949 2752 3102 2812; x_wconf 79' lang='lat' dir='ltr'>gesta</span> <span class='ocrx_word' id='word_1_619' title='bbox 3141 2744 3377 2811; x_wconf 80' lang='lat' dir='ltr'>fuerint,</span> <span class='ocrx_word' id='word_1_620' title='bbox 3418 2764 3544 2804; x_wconf 80' lang='lat' dir='ltr'>sex-</span> 
     </span>
    </p>
   </div>
   <div class='ocr_carea' id='block_1_81' title="bbox 1975 2825 3545 2893">
    <p class='ocr_par' dir='ltr' id='par_1_81' title="bbox 1975 2825 3545 2893">
     <span class='ocr_line' id='line_1_83' title="bbox 1975 2825 3545 2893; baseline 0.011 -18"><span class='ocrx_word' id='word_1_621' title='bbox 1975 2825 2159 2893; x_wconf 74' lang='lat' dir='ltr'>tuplex</span> <span class='ocrx_word' id='word_1_622' title='bbox 2188 2832 2273 2879; x_wconf 91' lang='lat' dir='ltr'>est</span> <span class='ocrx_word' id='word_1_623' title='bbox 2302 2827 2521 2881; x_wconf 85' lang='lat' dir='ltr'>modus.</span> <span class='ocrx_word' id='word_1_624' title='bbox 2544 2826 2801 2892; x_wconf 86' lang='lat' dir='ltr'>Quaedam</span> <span class='ocrx_word' id='word_1_625' title='bbox 2823 2833 2967 2884; x_wconf 92' lang='lat' dir='ltr'>enim</span> <span class='ocrx_word' id='word_1_626' title='bbox 2995 2848 3061 2887; x_wconf 85' lang='lat' dir='ltr'>ex</span> <span class='ocrx_word' id='word_1_627' title='bbox 3090 2835 3198 2890; x_wconf 92' lang='lat' dir='ltr'>illis</span> <span class='ocrx_word' id='word_1_628' title='bbox 3224 2840 3545 2893; x_wconf 87' lang='lat' dir='ltr'>naturaliter</span> 
     </span>
    </p>
   </div>
   <div class='ocr_carea' id='block_1_82' title="bbox 1977 2918 3545 2995">
    <p class='ocr_par' dir='ltr' id='par_1_82' title="bbox 1977 2918 3545 2995">
     <span class='ocr_line' id='line_1_84' title="bbox 1977 2918 3545 2995; baseline 0.012 -28"><span class='ocrx_word' id='word_1_629' title='bbox 1977 2918 2187 2971; x_wconf 86' lang='lat' dir='ltr'>ratione</span> <span class='ocrx_word' id='word_1_630' title='bbox 2214 2919 2403 2971; x_wconf 87' lang='lat' dir='ltr'>carnis</span> <span class='ocrx_word' id='word_1_631' title='bbox 2429 2927 2725 2988; x_wconf 67' lang='lat' dir='ltr'>assumpta:</span> <span class='ocrx_word' id='word_1_632' title='bbox 2751 2920 2891 2976; x_wconf 78' lang='lat' dir='ltr'>facta</span> <span class='ocrx_word' id='word_1_633' title='bbox 2917 2924 3173 2995; x_wconf 85' lang='lat' dir='ltr'>dictaque</span> <span class='ocrx_word' id='word_1_634' title='bbox 3197 2938 3323 2983; x_wconf 87' lang='lat' dir='ltr'>sunt</span> <span class='ocrx_word' id='word_1_635' title='bbox 3352 2947 3367 2984; x_wconf 91' lang='lat'><strong>:</strong></span> <span class='ocrx_word' id='word_1_636' title='bbox 3399 2933 3545 2986; x_wconf 87' lang='lat' dir='ltr'>velut</span> 
     </span>
    </p>
   </div>
   <div class='ocr_carea' id='block_1_83' title="bbox 1975 3005 3545 3088">
    <p class='ocr_par' dir='ltr' id='par_1_83' title="bbox 1975 3005 3545 3088">
     <span class='ocr_line' id='line_1_85' title="bbox 1975 3005 3545 3088; baseline 0.013 -32"><span class='ocrx_word' id='word_1_637' title='bbox 1975 3014 2166 3074; x_wconf 89' lang='lat' dir='ltr'>partus</span> <span class='ocrx_word' id='word_1_638' title='bbox 2203 3022 2269 3060; x_wconf 83' lang='lat' dir='ltr'>ex</span> <span class='ocrx_word' id='word_1_639' title='bbox 2308 3005 2768 3081; x_wconf 67' lang='lat' dir='ltr'>Virgine,‘atque</span> <span class='ocrx_word' id='word_1_640' title='bbox 2802 3014 2981 3068; x_wconf 62' lang='lat' dir='ltr'>relatis</span> <span class='ocrx_word' id='word_1_641' title='bbox 3017 3015 3455 3088; x_wconf 86' lang='lat' dir='ltr'>incrementum,</span> <span class='ocrx_word' id='word_1_642' title='bbox 3490 3033 3545 3077; x_wconf 91' lang='lat' dir='ltr'>et</span> 
     </span>
    </p>
   </div>
   <div class='ocr_carea' id='block_1_84' title="bbox 1977 3095 3541 3183">
    <p class='ocr_par' dir='ltr' id='par_1_84' title="bbox 1977 3095 3541 3183">
     <span class='ocr_line' id='line_1_86' title="bbox 1977 3095 3541 3183; baseline 0.013 -36"><span class='ocrx_word' id='word_1_643' title='bbox 1977 3095 2254 3163; x_wconf 81' lang='lat' dir='ltr'>profectus</span> <span class='ocrx_word' id='word_1_644' title='bbox 2281 3112 2295 3161; x_wconf 92' lang='lat'>;</span> <span class='ocrx_word' id='word_1_645' title='bbox 2326 3095 2498 3152; x_wconf 81' lang='lat' dir='ltr'>fames</span> <span class='ocrx_word' id='word_1_646' title='bbox 2527 3099 2655 3154; x_wconf 89' lang='lat' dir='ltr'>item</span> <span class='ocrx_word' id='word_1_647' title='bbox 2684 3141 2697 3164; x_wconf 88' lang='lat'>,</span> <span class='ocrx_word' id='word_1_648' title='bbox 2728 3112 2782 3156; x_wconf 84' lang='lat' dir='ltr'>et</span> <span class='ocrx_word' id='word_1_649' title='bbox 2812 3105 2957 3167; x_wconf 90' lang='lat' dir='ltr'>sitis,</span> <span class='ocrx_word' id='word_1_650' title='bbox 2987 3106 3324 3178; x_wconf 79' lang='lat' dir='ltr'>deiatigatio,</span> <span class='ocrx_word' id='word_1_651' title='bbox 3360 3113 3541 3183; x_wconf 83' lang='lat' dir='ltr'>lacry-</span> 
     </span>
    </p>
   </div>
   <div class='ocr_carea' id='block_1_85' title="bbox 1975 3189 3540 3271">
    <p class='ocr_par' dir='ltr' id='par_1_85' title="bbox 1975 3189 3540 3271">
     <span class='ocr_line' id='line_1_87' title="bbox 1975 3189 3540 3271; baseline 0.013 -33"><span class='ocrx_word' id='word_1_652' title='bbox 1975 3200 2104 3251; x_wconf 64' lang='lat' dir='ltr'>mae,</span> <span class='ocrx_word' id='word_1_653' title='bbox 2137 3200 2400 3252; x_wconf 89' lang='lat' dir='ltr'>somnus,</span> <span class='ocrx_word' id='word_1_654' title='bbox 2439 3189 2722 3245; x_wconf 78' lang='lat' dir='ltr'>clavorum</span> <span class='ocrx_word' id='word_1_655' title='bbox 2755 3192 2930 3249; x_wconf 80' lang='lat' dir='ltr'>ﬁxura</span> <span class='ocrx_word' id='word_1_656' title='bbox 2952 3236 2966 3260; x_wconf 92' lang='lat'>,</span> <span class='ocrx_word' id='word_1_657' title='bbox 2997 3214 3178 3262; x_wconf 89' lang='lat' dir='ltr'>mors,</span> <span class='ocrx_word' id='word_1_658' title='bbox 3210 3202 3427 3271; x_wconf 83' lang='lat' dir='ltr'>aliaque</span> <span class='ocrx_word' id='word_1_659' title='bbox 3460 3205 3540 3258; x_wconf 88' lang='lat' dir='ltr'>si-</span> 
     </span>
    </p>
   </div>
   <div class='ocr_carea' id='block_1_86' title="bbox 1974 3275 3537 3355">
    <p class='ocr_par' dir='ltr' id='par_1_86' title="bbox 1974 3275 3537 3355">
     <span class='ocr_line' id='line_1_88' title="bbox 1974 3275 3537 3355; baseline 0.013 -28"><span class='ocrx_word' id='word_1_660' title='bbox 1974 3275 2143 3341; x_wconf 87' lang='lat' dir='ltr'>milia,</span> <span class='ocrx_word' id='word_1_661' title='bbox 2167 3293 2288 3347; x_wconf 75' lang='lat' dir='ltr'>quae</span> <span class='ocrx_word' id='word_1_662' title='bbox 2310 3282 2593 3336; x_wconf 78' lang='lat' dir='ltr'>naturales</span> <span class='ocrx_word' id='word_1_663' title='bbox 2614 3292 2668 3337; x_wconf 92' lang='lat' dir='ltr'>et</span> <span class='ocrx_word' id='word_1_664' title='bbox 2692 3283 2982 3354; x_wconf 69' lang='lat' dir='ltr'>inculpatae</span> <span class='ocrx_word' id='word_1_665' title='bbox 3005 3290 3292 3355; x_wconf 86' lang='lat' dir='ltr'>passiones</span> <span class='ocrx_word' id='word_1_666' title='bbox 3314 3300 3445 3346; x_wconf 88' lang='lat' dir='ltr'>sunt</span> <span class='ocrx_word' id='word_1_667' title='bbox 3472 3295 3537 3349; x_wconf 66' lang='grc' dir='ltr'>θ’.</span> 
     </span>
    </p>
   </div>
   <div class='ocr_carea' id='block_1_87' title="bbox 1971 3363 3539 3438">
    <p class='ocr_par' dir='ltr' id='par_1_87' title="bbox 1971 3363 3539 3438">
     <span class='ocr_line' id='line_1_89' title="bbox 1971 3363 3539 3438; baseline 0.013 -20"><span class='ocrx_word' id='word_1_668' title='bbox 1971 3363 2029 3419; x_wconf 86' lang='lat' dir='ltr'>In</span> <span class='ocrx_word' id='word_1_669' title='bbox 2069 3366 2153 3421; x_wconf 90' lang='lat' dir='ltr'>his</span> <span class='ocrx_word' id='word_1_670' title='bbox 2188 3369 2333 3422; x_wconf 91' lang='lat' dir='ltr'>enim</span> <span class='ocrx_word' id='word_1_671' title='bbox 2380 3372 2638 3428; x_wconf 88' lang='lat' dir='ltr'>omnibus</span> <span class='ocrx_word' id='word_1_672' title='bbox 2680 3383 2763 3430; x_wconf 88' lang='lat' dir='ltr'>est</span> <span class='ocrx_word' id='word_1_673' title='bbox 2796 3376 2994 3430; x_wconf 72' lang='lat' dir='ltr'>divinae</span> <span class='ocrx_word' id='word_1_674' title='bbox 3027 3388 3236 3434; x_wconf 72' lang='lat' dir='ltr'>natura:</span> <span class='ocrx_word' id='word_1_675' title='bbox 3272 3397 3396 3436; x_wconf 87' lang='lat' dir='ltr'>eum</span> <span class='ocrx_word' id='word_1_676' title='bbox 3434 3384 3539 3438; x_wconf 90' lang='lat' dir='ltr'>hu-</span> 
     </span>
    </p>
   </div>
   <div class='ocr_carea' id='block_1_88' title="bbox 1971 3461 3540 3538">
    <p class='ocr_par' dir='ltr' id='par_1_88' title="bbox 1971 3461 3540 3538">
     <span class='ocr_line' id='line_1_90' title="bbox 1971 3461 3540 3538; baseline 0.015 -28"><span class='ocrx_word' id='word_1_677' title='bbox 1971 3473 2135 3511; x_wconf 88' lang='lat' dir='ltr'>mana</span> <span class='ocrx_word' id='word_1_678' title='bbox 2165 3461 2528 3530; x_wconf 88' lang='lat' dir='ltr'>conjunctio;</span> <span class='ocrx_word' id='word_1_679' title='bbox 2565 3467 2665 3520; x_wconf 87' lang='lat' dir='ltr'>etsi</span> <span class='ocrx_word' id='word_1_680' title='bbox 2695 3471 2947 3538; x_wconf 87' lang='lat' dir='ltr'>corporis</span> <span class='ocrx_word' id='word_1_681' title='bbox 2981 3486 3044 3524; x_wconf 90' lang='lat' dir='ltr'>ea</span> <span class='ocrx_word' id='word_1_682' title='bbox 3094 3488 3221 3528; x_wconf 85' lang='lat' dir='ltr'>vere</span> <span class='ocrx_word' id='word_1_683' title='bbox 3253 3490 3376 3531; x_wconf 91' lang='lat' dir='ltr'>esse</span> <span class='ocrx_word' id='word_1_684' title='bbox 3418 3492 3540 3533; x_wconf 91' lang='lat' dir='ltr'>ere-</span> 
     </span>
    </p>
   </div>
   <div class='ocr_carea' id='block_1_89' title="bbox 1971 3549 3542 3637">
    <p class='ocr_par' dir='ltr' id='par_1_89' title="bbox 1971 3549 3542 3637">
     <span class='ocr_line' id='line_1_91' title="bbox 1971 3549 3542 3637; baseline 0.012 -34"><span class='ocrx_word' id='word_1_685' title='bbox 1971 3549 2217 3605; x_wconf 87' lang='lat' dir='ltr'>duntur:</span> <span class='ocrx_word' id='word_1_686' title='bbox 2257 3552 2460 3622; x_wconf 88' lang='lat' dir='ltr'>quippe</span> <span class='ocrx_word' id='word_1_687' title='bbox 2491 3570 2614 3610; x_wconf 88' lang='lat' dir='ltr'>cum</span> <span class='ocrx_word' id='word_1_688' title='bbox 2650 3556 2912 3615; x_wconf 78' lang='lat' dir='ltr'>divinitas</span> <span class='ocrx_word' id='word_1_689' title='bbox 2946 3562 3085 3615; x_wconf 91' lang='lat' dir='ltr'>nihil</span> <span class='ocrx_word' id='word_1_690' title='bbox 3153 3564 3349 3619; x_wconf 91' lang='lat' dir='ltr'>horum</span> <span class='ocrx_word' id='word_1_691' title='bbox 3420 3585 3542 3637; x_wconf 88' lang='lat' dir='ltr'>per-</span> 
     </span>
    </p>
   </div>
   <div class='ocr_carea' id='block_1_90' title="bbox 1970 3641 3362 3722">
    <p class='ocr_par' dir='ltr' id='par_1_90' title="bbox 1970 3641 3362 3722">
     <span class='ocr_line' id='line_1_92' title="bbox 1970 3641 3362 3722; baseline 0.013 -28"><span class='ocrx_word' id='word_1_692' title='bbox 1970 3641 2193 3709; x_wconf 84' lang='lat' dir='ltr'>tulerit,</span> <span class='ocrx_word' id='word_1_693' title='bbox 2223 3646 2317 3698; x_wconf 87' lang='lat' dir='ltr'>sed</span> <span class='ocrx_word' id='word_1_694' title='bbox 2350 3660 2446 3713; x_wconf 90' lang='lat' dir='ltr'>per</span> <span class='ocrx_word' id='word_1_695' title='bbox 2486 3663 2548 3701; x_wconf 89' lang='lat' dir='ltr'>ea</span> <span class='ocrx_word' id='word_1_696' title='bbox 2579 3650 2811 3704; x_wconf 88' lang='lat' dir='ltr'>salutem</span> <span class='ocrx_word' id='word_1_697' title='bbox 2847 3653 3000 3707; x_wconf 86' lang='lat' dir='ltr'>nobis</span> <span class='ocrx_word' id='word_1_698' title='bbox 3030 3657 3362 3722; x_wconf 87' lang='lat' dir='ltr'>procurarit.</span> 
     </span>
    </p>
   </div>
   <div class='ocr_carea' id='block_1_91' title="bbox 2041 3734 3541 3813">
    <p class='ocr_par' dir='ltr' id='par_1_91' title="bbox 2041 3734 3541 3813">
     <span class='ocr_line' id='line_1_93' title="bbox 2041 3734 3541 3813; baseline 0.013 -25"><span class='ocrx_word' id='word_1_699' title='bbox 2041 3734 2204 3804; x_wconf 77' lang='lat'>287</span> <span class='ocrx_word' id='word_1_700' title='bbox 2244 3734 2500 3802; x_wconf 65' lang='lat' dir='ltr'>Quaedam</span> <span class='ocrx_word' id='word_1_701' title='bbox 2541 3739 2778 3810; x_wconf 84' lang='lat' dir='ltr'>ﬁngendi</span> <span class='ocrx_word' id='word_1_702' title='bbox 2813 3744 3006 3813; x_wconf 85' lang='lat' dir='ltr'>modo,</span> <span class='ocrx_word' id='word_1_703' title='bbox 3037 3753 3098 3800; x_wconf 91' lang='lat' dir='ltr'>ut</span> <span class='ocrx_word' id='word_1_704' title='bbox 3130 3762 3255 3802; x_wconf 90' lang='lat' dir='ltr'>cum</span> <span class='ocrx_word' id='word_1_705' title='bbox 3286 3749 3541 3807; x_wconf 83' lang='lat' dir='ltr'>Christus</span> 
     </span>
    </p>
   </div>
   <div class='ocr_carea' id='block_1_92' title="bbox 1970 3823 3532 3901">
    <p class='ocr_par' dir='ltr' id='par_1_92' title="bbox 1970 3823 3532 3901">
     <span class='ocr_line' id='line_1_94' title="bbox 1970 3823 3532 3901; baseline 0.013 -24"><span class='ocrx_word' id='word_1_706' title='bbox 1970 3823 2037 3878; x_wconf 91' lang='lat' dir='ltr'>de</span> <span class='ocrx_word' id='word_1_707' title='bbox 2067 3823 2273 3879; x_wconf 88' lang='lat' dir='ltr'>Lazaro</span> <span class='ocrx_word' id='word_1_708' title='bbox 2313 3830 2506 3897; x_wconf 63' lang='lat' dir='ltr'>quaerit</span> <span class='ocrx_word' id='word_1_709' title='bbox 2537 3849 2551 3884; x_wconf 92' lang='lat'>:</span> <span class='ocrx_word' id='word_1_710' title='bbox 2584 3829 2704 3885; x_wconf 87' lang='lat' dir='ltr'>&#39;Ubi</span> <span class='ocrx_word' id='word_1_711' title='bbox 2739 3836 2990 3901; x_wconf 69' lang='lat' dir='ltr'>posuistis</span> <span class='ocrx_word' id='word_1_712' title='bbox 3025 3853 3142 3891; x_wconf 84' lang='lat' dir='ltr'>eum</span> <span class='ocrx_word' id='word_1_713' title='bbox 3178 3839 3224 3871; x_wconf 75' lang='grc'>⁵⁸</span> <span class='ocrx_word' id='word_1_714' title='bbox 3249 3840 3271 3892; x_wconf 84' lang='lat'><strong>?</strong></span> <span class='ocrx_word' id='word_1_715' title='bbox 3301 3840 3434 3896; x_wconf 89' lang='lat' dir='ltr'>Cum</span> <span class='ocrx_word' id='word_1_716' title='bbox 3465 3846 3532 3899; x_wconf 86' lang='lat' dir='ltr'>ad</span> 
     </span>
    </p>
   </div>
   <div class='ocr_carea' id='block_1_93' title="bbox 1974 3912 3538 3995">
    <p class='ocr_par' dir='ltr' id='par_1_93' title="bbox 1974 3912 3538 3995">
     <span class='ocr_line' id='line_1_95' title="bbox 1974 3912 3538 3995; baseline 0.015 -30"><span class='ocrx_word' id='word_1_717' title='bbox 1974 3912 2258 3968; x_wconf 84' lang='lat' dir='ltr'>iiculncam</span> <span class='ocrx_word' id='word_1_718' title='bbox 2316 3919 2495 3989; x_wconf 77' lang='lat' dir='ltr'>pergit</span> <span class='ocrx_word' id='word_1_719' title='bbox 2523 3919 2565 3951; x_wconf 65' lang='lat'><strong>‘9</strong></span> <span class='ocrx_word' id='word_1_720' title='bbox 2601 3938 2615 3987; x_wconf 87' lang='lat'><strong>;</strong></span> <span class='ocrx_word' id='word_1_721' title='bbox 2663 3936 2785 3975; x_wconf 92' lang='lat' dir='ltr'>cum</span> <span class='ocrx_word' id='word_1_722' title='bbox 2827 3939 2886 3979; x_wconf 89' lang='lat' dir='ltr'>se</span> <span class='ocrx_word' id='word_1_723' title='bbox 2922 3926 3182 3982; x_wconf 80' lang='lat' dir='ltr'>Subdueit</span> <span class='ocrx_word' id='word_1_724' title='bbox 3220 3932 3289 3995; x_wconf 75' lang='grc' dir='ltr'>το,</span> <span class='ocrx_word' id='word_1_725' title='bbox 3329 3941 3384 3986; x_wconf 87' lang='lat' dir='ltr'>et</span> <span class='ocrx_word' id='word_1_726' title='bbox 3413 3949 3538 3989; x_wconf 90' lang='lat' dir='ltr'>cum</span> 
     </span>
    </p>
   </div>
   <div class='ocr_carea' id='block_1_94' title="bbox 1971 4005 3536 4088">
    <p class='ocr_par' dir='ltr' id='par_1_94' title="bbox 1971 4005 3536 4088">
     <span class='ocr_line' id='line_1_96' title="bbox 1971 4005 3536 4088; baseline 0.013 -30"><span class='ocrx_word' id='word_1_727' title='bbox 1971 4012 2091 4058; x_wconf 87' lang='lat' dir='ltr'>orat</span> <span class='ocrx_word' id='word_1_728' title='bbox 2117 4005 2194 4060; x_wconf 71' lang='grc' dir='ltr'>τις</span> <span class='ocrx_word' id='word_1_729' title='bbox 2228 4007 2357 4061; x_wconf 91' lang='lat' dir='ltr'>item</span> <span class='ocrx_word' id='word_1_730' title='bbox 2388 4026 2510 4077; x_wconf 88' lang='lat' dir='ltr'>cum</span> <span class='ocrx_word' id='word_1_731' title='bbox 2546 4013 2698 4083; x_wconf 78' lang='lat' dir='ltr'>tingit</span> <span class='ocrx_word' id='word_1_732' title='bbox 2725 4030 2785 4069; x_wconf 88' lang='lat' dir='ltr'>se</span> <span class='ocrx_word' id='word_1_733' title='bbox 2816 4016 3031 4088; x_wconf 80' lang='lat' dir='ltr'>longius</span> <span class='ocrx_word' id='word_1_734' title='bbox 3064 4020 3143 4076; x_wconf 89' lang='lat' dir='ltr'>ire</span> <span class='ocrx_word' id='word_1_735' title='bbox 3177 4023 3240 4077; x_wconf 77' lang='lat'>7&#39;.</span> <span class='ocrx_word' id='word_1_736' title='bbox 3272 4023 3366 4079; x_wconf 80' lang='lat' dir='ltr'>liis</span> <span class='ocrx_word' id='word_1_737' title='bbox 3394 4027 3536 4079; x_wconf 90' lang='lat' dir='ltr'>enim</span> 
     </span>
    </p>
   </div>
   <div class='ocr_carea' id='block_1_95' title="bbox 1971 4095 3539 4183">
    <p class='ocr_par' dir='ltr' id='par_1_95' title="bbox 1971 4095 3539 4183">
     <span class='ocr_line' id='line_1_97' title="bbox 1971 4095 3539 4183; baseline 0.015 -38"><span class='ocrx_word' id='word_1_738' title='bbox 1971 4108 2035 4146; x_wconf 93' lang='lat' dir='ltr'>ac</span> <span class='ocrx_word' id='word_1_739' title='bbox 2066 4095 2361 4164; x_wconf 86' lang='lat' dir='ltr'>similibus,</span> <span class='ocrx_word' id='word_1_740' title='bbox 2392 4116 2569 4170; x_wconf 84' lang='lat' dir='ltr'>neque</span> <span class='ocrx_word' id='word_1_741' title='bbox 2597 4111 2656 4157; x_wconf 88' lang='lat' dir='ltr'>ut</span> <span class='ocrx_word' id='word_1_742' title='bbox 2683 4103 2851 4169; x_wconf 89' lang='lat' dir='ltr'>Deus,</span> <span class='ocrx_word' id='word_1_743' title='bbox 2889 4125 3065 4179; x_wconf 90' lang='lat' dir='ltr'>neque</span> <span class='ocrx_word' id='word_1_744' title='bbox 3098 4119 3158 4165; x_wconf 91' lang='lat' dir='ltr'>ut</span> <span class='ocrx_word' id='word_1_745' title='bbox 3189 4112 3374 4172; x_wconf 86' lang='lat' dir='ltr'>homo.</span> <span class='ocrx_word' id='word_1_746' title='bbox 3401 4129 3539 4183; x_wconf 86' lang='lat' dir='ltr'>opus</span> 
     </span>
    </p>
   </div>
   <div class='ocr_carea' id='block_1_96' title="bbox 1971 4183 3534 4271">
    <p class='ocr_par' dir='ltr' id='par_1_96' title="bbox 1971 4183 3534 4271">
     <span class='ocr_line' id='line_1_98' title="bbox 1971 4183 3534 4271; baseline 0.015 -35"><span class='ocrx_word' id='word_1_747' title='bbox 1971 4183 2252 4242; x_wconf 86' lang='lat' dir='ltr'>habebat:</span> <span class='ocrx_word' id='word_1_748' title='bbox 2298 4206 2485 4244; x_wconf 82' lang='lat' dir='ltr'>verum</span> <span class='ocrx_word' id='word_1_749' title='bbox 2538 4194 2778 4251; x_wconf 88' lang='lat' dir='ltr'>humano</span> <span class='ocrx_word' id='word_1_750' title='bbox 2830 4215 2980 4255; x_wconf 90' lang='lat' dir='ltr'>more</span> <span class='ocrx_word' id='word_1_751' title='bbox 3029 4202 3135 4256; x_wconf 87' lang='lat' dir='ltr'>hoc</span> <span class='ocrx_word' id='word_1_752' title='bbox 3172 4206 3534 4271; x_wconf 67' lang='lat' dir='ltr'>praetexebat,</span> 
     </span>
    </p>
   </div>
   <div class='ocr_carea' id='block_1_97' title="bbox 1971 4277 3533 4366">
    <p class='ocr_par' dir='ltr' id='par_1_97' title="bbox 1971 4277 3533 4366">
     <span class='ocr_line' id='line_1_99' title="bbox 1971 4277 3533 4366; baseline 0.016 -39"><span class='ocrx_word' id='word_1_753' title='bbox 1971 4277 2115 4345; x_wconf 84' lang='lat' dir='ltr'>quod</span> <span class='ocrx_word' id='word_1_754' title='bbox 2157 4282 2462 4336; x_wconf 82' lang='lat' dir='ltr'>necessitas</span> <span class='ocrx_word' id='word_1_755' title='bbox 2496 4292 2661 4353; x_wconf 88' lang='lat' dir='ltr'>atque</span> <span class='ocrx_word' id='word_1_756' title='bbox 2694 4288 2907 4345; x_wconf 89' lang='lat' dir='ltr'>utilitas</span> <span class='ocrx_word' id='word_1_757' title='bbox 2939 4293 3294 4359; x_wconf 66' lang='lat' dir='ltr'>esposcebat.</span> <span class='ocrx_word' id='word_1_758' title='bbox 3315 4294 3391 4349; x_wconf 83' lang='lat' dir='ltr'>Ex</span> <span class='ocrx_word' id='word_1_759' title='bbox 3424 4313 3533 4366; x_wconf 82' lang='lat' dir='ltr'>gr.,</span> 
     </span>
    </p>
   </div>
   <div class='ocr_carea' id='block_1_98' title="bbox 1972 4367 3535 4444">
    <p class='ocr_par' dir='ltr' id='par_1_98' title="bbox 1972 4367 3535 4444">
     <span class='ocr_line' id='line_1_100' title="bbox 1972 4367 3535 4444; baseline 0.016 -25"><span class='ocrx_word' id='word_1_760' title='bbox 1972 4367 2176 4422; x_wconf 83' lang='lat' dir='ltr'>ideirco</span> <span class='ocrx_word' id='word_1_761' title='bbox 2209 4373 2558 4438; x_wconf 88' lang='lat' dir='ltr'>precabatur,</span> <span class='ocrx_word' id='word_1_762' title='bbox 2608 4384 2666 4428; x_wconf 84' lang='grc' dir='ltr'>ιιι</span> <span class='ocrx_word' id='word_1_763' title='bbox 2711 4393 2770 4432; x_wconf 91' lang='lat' dir='ltr'>se</span> <span class='ocrx_word' id='word_1_764' title='bbox 2818 4380 3043 4435; x_wconf 79' lang='lat' dir='ltr'>minime</span> <span class='ocrx_word' id='word_1_765' title='bbox 3092 4381 3203 4437; x_wconf 88' lang='lat' dir='ltr'>Deo</span> <span class='ocrx_word' id='word_1_766' title='bbox 3254 4385 3535 4444; x_wconf 83' lang='lat' dir='ltr'>adversari</span> 
     </span>
    </p>
   </div>
   <div class='ocr_carea' id='block_1_99' title="bbox 1971 4459 3534 4544">
    <p class='ocr_par' dir='ltr' id='par_1_99' title="bbox 1971 4459 3534 4544">
     <span class='ocr_line' id='line_1_101' title="bbox 1971 4459 3534 4544; baseline 0.015 -34"><span class='ocrx_word' id='word_1_767' title='bbox 1971 4459 2285 4514; x_wconf 89' lang='lat' dir='ltr'>ostenderet</span> <span class='ocrx_word' id='word_1_768' title='bbox 2323 4462 2397 4528; x_wconf 68' lang='lat'>7&#39;;</span> <span class='ocrx_word' id='word_1_769' title='bbox 2442 4471 2609 4533; x_wconf 89' lang='lat' dir='ltr'>utque</span> <span class='ocrx_word' id='word_1_770' title='bbox 2660 4463 2957 4533; x_wconf 73' lang='lat' dir='ltr'>Patrem“,</span> <span class='ocrx_word' id='word_1_771' title='bbox 3007 4470 3255 4528; x_wconf 87' lang='lat' dir='ltr'>velutsui</span> <span class='ocrx_word' id='word_1_772' title='bbox 3287 4491 3534 4544; x_wconf 87' lang='lat' dir='ltr'>causam,</span> 
     </span>
    </p>
   </div>
   <div class='ocr_carea' id='block_1_100' title="bbox 1971 4549 3535 4639">
    <p class='ocr_par' dir='ltr' id='par_1_100' title="bbox 1971 4549 3535 4639">
     <span class='ocr_line' id='line_1_102' title="bbox 1971 4549 3535 4639; baseline 0.016 -37"><span class='ocrx_word' id='word_1_773' title='bbox 1971 4549 2179 4603; x_wconf 85' lang='lat' dir='ltr'>honore</span> <span class='ocrx_word' id='word_1_774' title='bbox 2233 4551 2493 4607; x_wconf 72' lang='lat' dir='ltr'>alliceret.</span> <span class='ocrx_word' id='word_1_775' title='bbox 2543 4555 2951 4627; x_wconf 83' lang='lat' dir='ltr'>lnterrogahat,</span> <span class='ocrx_word' id='word_1_776' title='bbox 2984 4557 3273 4633; x_wconf 22' lang='lat' dir='ltr'>non‘quod</span> <span class='ocrx_word' id='word_1_777' title='bbox 3308 4568 3535 4639; x_wconf 81' lang='lat' dir='ltr'>ignarus</span> 
     </span>
    </p>
   </div>
   <div class='ocr_carea' id='block_1_101' title="bbox 1975 4640 3536 4727">
    <p class='ocr_par' dir='ltr' id='par_1_101' title="bbox 1975 4640 3536 4727">
     <span class='ocr_line' id='line_1_103' title="bbox 1975 4640 3536 4727; baseline 0.017 -34"><span class='ocrx_word' id='word_1_778' title='bbox 1975 4647 2142 4706; x_wconf 88' lang='lat' dir='ltr'>esset,</span> <span class='ocrx_word' id='word_1_779' title='bbox 2167 4640 2261 4694; x_wconf 86' lang='lat' dir='ltr'>sed</span> <span class='ocrx_word' id='word_1_780' title='bbox 2296 4649 2353 4696; x_wconf 91' lang='lat' dir='ltr'>ut</span> <span class='ocrx_word' id='word_1_781' title='bbox 2377 4660 2454 4708; x_wconf 90' lang='lat' dir='ltr'>se,</span> <span class='ocrx_word' id='word_1_782' title='bbox 2479 4660 2603 4698; x_wconf 87' lang='lat' dir='ltr'>cum</span> <span class='ocrx_word' id='word_1_783' title='bbox 2630 4663 2696 4702; x_wconf 91' lang='lat' dir='ltr'>eo</span> <span class='ocrx_word' id='word_1_784' title='bbox 2717 4653 2860 4717; x_wconf 86' lang='lat' dir='ltr'>quod</span> <span class='ocrx_word' id='word_1_785' title='bbox 2887 4652 3028 4708; x_wconf 88' lang='lat' dir='ltr'>Deus</span> <span class='ocrx_word' id='word_1_786' title='bbox 3052 4660 3337 4727; x_wconf 82' lang='lat' dir='ltr'>manebat,</span> <span class='ocrx_word' id='word_1_787' title='bbox 3363 4663 3536 4719; x_wconf 86' lang='lat' dir='ltr'>humi-</span> 
     </span>
    </p>
   </div>
   <div class='ocr_carea' id='block_1_102' title="bbox 1970 4738 3533 4823">
    <p class='ocr_par' dir='ltr' id='par_1_102' title="bbox 1970 4738 3533 4823">
     <span class='ocr_line' id='line_1_104' title="bbox 1970 4738 3533 4823; baseline 0.019 -42"><span class='ocrx_word' id='word_1_788' title='bbox 1970 4744 2093 4781; x_wconf 92' lang='lat' dir='ltr'>nem</span> <span class='ocrx_word' id='word_1_789' title='bbox 2124 4744 2341 4799; x_wconf 85' lang='lat' dir='ltr'>quoque</span> <span class='ocrx_word' id='word_1_790' title='bbox 2372 4748 2499 4787; x_wconf 90' lang='lat' dir='ltr'>vere</span> <span class='ocrx_word' id='word_1_791' title='bbox 2528 4750 2653 4790; x_wconf 91' lang='lat' dir='ltr'>esse</span> <span class='ocrx_word' id='word_1_792' title='bbox 2685 4738 3111 4800; x_wconf 91' lang='lat' dir='ltr'>demonstraret.</span> <span class='ocrx_word' id='word_1_793' title='bbox 3146 4747 3270 4804; x_wconf 63' lang='lat' dir='ltr'>Hinc</span> <span class='ocrx_word' id='word_1_794' title='bbox 3302 4752 3533 4823; x_wconf 80' lang='lat' dir='ltr'>denique</span> 
     </span>
    </p>
   </div>
   <div class='ocr_carea' id='block_1_103' title="bbox 1970 4818 3534 4912">
    <p class='ocr_par' dir='ltr' id='par_1_103' title="bbox 1970 4818 3534 4912">
     <span class='ocr_line' id='line_1_105' title="bbox 1970 4818 3534 4912; baseline 0.02 -41"><span class='ocrx_word' id='word_1_795' title='bbox 1970 4818 2072 4888; x_wconf 90' lang='lat' dir='ltr'>ipsi</span> <span class='ocrx_word' id='word_1_796' title='bbox 2106 4834 2273 4875; x_wconf 89' lang='lat' dir='ltr'>causa</span> <span class='ocrx_word' id='word_1_797' title='bbox 2308 4825 2597 4879; x_wconf 86' lang='lat' dir='ltr'>secedendi</span> <span class='ocrx_word' id='word_1_798' title='bbox 2633 4840 2786 4895; x_wconf 90' lang='lat' dir='ltr'>erat,</span> <span class='ocrx_word' id='word_1_799' title='bbox 2819 4841 2877 4885; x_wconf 93' lang='lat' dir='ltr'>ut</span> <span class='ocrx_word' id='word_1_800' title='bbox 2908 4851 3009 4891; x_wconf 90' lang='lat' dir='ltr'>nos</span> <span class='ocrx_word' id='word_1_801' title='bbox 3039 4837 3257 4896; x_wconf 88' lang='lat' dir='ltr'>doceret</span> <span class='ocrx_word' id='word_1_802' title='bbox 3289 4818 3534 4912; x_wconf 80' lang='lat' dir='ltr'>pericula</span> 
     </span>
    </p>
   </div>
   <div class='ocr_carea' id='block_1_104' title="bbox 1966 4914 3432 5001">
    <p class='ocr_par' dir='ltr' id='par_1_104' title="bbox 1966 4914 3432 5001">
     <span class='ocr_line' id='line_1_106' title="bbox 1966 4914 3432 5001; baseline 0.023 -41"><span class='ocrx_word' id='word_1_803' title='bbox 1966 4916 2172 4964; x_wconf 79' lang='lat' dir='ltr'>temere</span> <span class='ocrx_word' id='word_1_804' title='bbox 2199 4926 2308 4966; x_wconf 91' lang='lat' dir='ltr'>non</span> <span class='ocrx_word' id='word_1_805' title='bbox 2339 4914 2489 4970; x_wconf 87' lang='lat' dir='ltr'>adire</span> <span class='ocrx_word' id='word_1_806' title='bbox 2509 4957 2524 4982; x_wconf 93' lang='lat'>,</span> <span class='ocrx_word' id='word_1_807' title='bbox 2556 4934 2657 4974; x_wconf 92' lang='lat' dir='ltr'>nec</span> <span class='ocrx_word' id='word_1_808' title='bbox 2686 4937 2787 4979; x_wconf 89' lang='lat' dir='ltr'>nos</span> <span class='ocrx_word' id='word_1_809' title='bbox 2819 4925 2969 4995; x_wconf 84' lang='lat' dir='ltr'>ipsos</span> <span class='ocrx_word' id='word_1_810' title='bbox 3003 4929 3147 4986; x_wconf 87' lang='lat' dir='ltr'>ultro</span> <span class='ocrx_word' id='word_1_811' title='bbox 3177 4936 3432 5001; x_wconf 84' lang='lat' dir='ltr'>prodere.</span> 
     </span>
    </p>
   </div>
   <div class='ocr_carea' id='block_1_105' title="bbox 2042 4998 3533 5093">
    <p class='ocr_par' dir='ltr' id='par_1_105' title="bbox 2042 4998 3533 5093">
     <span class='ocr_line' id='line_1_107' title="bbox 2042 4998 3533 5093; baseline 0.019 -41"><span class='ocrx_word' id='word_1_812' title='bbox 2042 4998 2299 5077; x_wconf 72' lang='lat' dir='ltr'>Quaedam</span> <span class='ocrx_word' id='word_1_813' title='bbox 2328 5020 2524 5064; x_wconf 90' lang='lat' dir='ltr'>rursus</span> <span class='ocrx_word' id='word_1_814' title='bbox 2553 5009 2836 5083; x_wconf 88' lang='lat' dir='ltr'>dicuntur,</span> <span class='ocrx_word' id='word_1_815' title='bbox 2865 5032 2960 5087; x_wconf 90' lang='lat' dir='ltr'>per</span> <span class='ocrx_word' id='word_1_816' title='bbox 2989 4998 3411 5082; x_wconf 80' lang='lat' dir='ltr'>vindicationem</span> <span class='ocrx_word' id='word_1_817' title='bbox 3435 5069 3451 5093; x_wconf 92' lang='lat'>,</span> <span class='ocrx_word' id='word_1_818' title='bbox 3478 5038 3533 5083; x_wconf 84' lang='lat' dir='ltr'>et</span> 
     </span>
    </p>
   </div>
   <div class='ocr_carea' id='block_1_106' title="bbox 1972 5093 3531 5184">
    <p class='ocr_par' dir='ltr' id='par_1_106' title="bbox 1972 5093 3531 5184">
     <span class='ocr_line' id='line_1_108' title="bbox 1972 5093 3531 5184; baseline 0.019 -41"><span class='ocrx_word' id='word_1_819' title='bbox 1972 5093 2318 5162; x_wconf 87' lang='lat' dir='ltr'>relationem,</span> <span class='ocrx_word' id='word_1_820' title='bbox 2376 5107 2437 5153; x_wconf 88' lang='lat' dir='ltr'>ut</span> <span class='ocrx_word' id='word_1_821' title='bbox 2472 5101 2604 5157; x_wconf 91' lang='lat' dir='ltr'>illud</span> <span class='ocrx_word' id='word_1_822' title='bbox 2636 5122 2648 5159; x_wconf 90' lang='lat'><strong>:</strong></span> <span class='ocrx_word' id='word_1_823' title='bbox 2682 5105 2824 5163; x_wconf 76' lang='lat' dir='ltr'>Deus</span> <span class='ocrx_word' id='word_1_824' title='bbox 2858 5126 3038 5179; x_wconf 78' lang='lat' dir='ltr'>meus,</span> <span class='ocrx_word' id='word_1_825' title='bbox 3086 5113 3227 5169; x_wconf 80' lang='lat' dir='ltr'>Deus</span> <span class='ocrx_word' id='word_1_826' title='bbox 3269 5135 3443 5184; x_wconf 83' lang='lat' dir='ltr'>meus,</span> <span class='ocrx_word' id='word_1_827' title='bbox 3474 5129 3531 5171; x_wconf 79' lang='lat' dir='ltr'>ut</span> 
     </span>
    </p>
   </div>
   <div class='ocr_carea' id='block_1_107' title="bbox 2981 5265 3527 5331">
    <p class='ocr_par' dir='ltr' id='par_1_107' title="bbox 2981 5265 3527 5331">
     <span class='ocr_line' id='line_1_109' title="bbox 2981 5265 3527 5331; baseline 0.015 -17"><span class='ocrx_word' id='word_1_828' title='bbox 2981 5278 3097 5331; x_wconf 91' lang='lat' dir='ltr'>pra.</span> <span class='ocrx_word' id='word_1_829' title='bbox 3134 5265 3227 5320; x_wconf 92' lang='lat' dir='ltr'>lib.</span> <span class='ocrx_word' id='word_1_830' title='bbox 3256 5282 3334 5330; x_wconf 87' lang='grc' dir='ltr'>ιιι,</span> <span class='ocrx_word' id='word_1_831' title='bbox 3363 5284 3413 5322; x_wconf 93' lang='lat' dir='ltr'>c.</span> <span class='ocrx_word' id='word_1_832' title='bbox 3438 5272 3527 5331; x_wconf 74' lang='lat'>2|,</span> 
     </span>
    </p>
   </div>
   <div class='ocr_carea' id='block_1_108' title="bbox 2493 5322 3527 5395">
    <p class='ocr_par' dir='ltr' id='par_1_108' title="bbox 2493 5322 3527 5395">
     <span class='ocr_line' id='line_1_110' title="bbox 2493 5322 3527 5395; baseline 0.019 -19"><span class='ocrx_word' id='word_1_833' title='bbox 2493 5324 2533 5354; x_wconf 77' lang='grc'>⁷⁸</span> <span class='ocrx_word' id='word_1_834' title='bbox 2556 5322 2717 5380; x_wconf 84' lang='lat' dir='ltr'>Joan.</span> <span class='ocrx_word' id='word_1_835' title='bbox 2742 5344 2840 5393; x_wconf 82' lang='lat' dir='ltr'>xu,</span> <span class='ocrx_word' id='word_1_836' title='bbox 2877 5330 2958 5384; x_wconf 81' lang='grc'>15.</span> <span class='ocrx_word' id='word_1_837' title='bbox 2981 5322 2994 5331; x_wconf 82' lang='grc'><em>’</em></span> <span class='ocrx_word' id='word_1_838' title='bbox 3035 5334 3079 5364; x_wconf 70' lang='grc' dir='ltr'><strong><em>τ’</em></strong></span> <span class='ocrx_word' id='word_1_839' title='bbox 3100 5331 3230 5388; x_wconf 88' lang='lat' dir='ltr'>Luc.</span> <span class='ocrx_word' id='word_1_840' title='bbox 3262 5322 3409 5394; x_wconf 52' lang='lat' dir='ltr'>xxiv.</span> <span class='ocrx_word' id='word_1_841' title='bbox 3438 5322 3527 5395; x_wconf 52' lang='lat' dir='ltr'>i7.</span> 
     </span>
    </p>
   </div>
   <div class='ocr_carea' id='block_1_109' title="bbox 1566 5545 2238 5606">
    <p class='ocr_par' dir='ltr' id='par_1_109' title="bbox 1566 5545 2238 5606">
     <span class='ocr_line' id='line_1_111' title="bbox 1566 5545 2238 5606; baseline 0.007 -5"><span class='ocrx_word' id='word_1_842' title='bbox 1566 5547 1652 5601; x_wconf 83' lang='lat' dir='ltr'><strong>VA</strong></span> <span class='ocrx_word' id='word_1_843' title='bbox 1661 5546 1800 5603; x_wconf 77' lang='lat' dir='ltr'>RLE</span> <span class='ocrx_word' id='word_1_844' title='bbox 1839 5545 2238 5606; x_wconf 85' lang='lat' dir='ltr'>LECTIONES.</span> 
     </span>
    </p>
   </div>
   <div class='ocr_carea' id='block_1_110' title="bbox 382 5616 1876 5719">
    <p class='ocr_par' dir='ltr' id='par_1_110' title="bbox 382 5616 1872 5707">
     <span class='ocr_line' id='line_1_112' title="bbox 382 5616 1872 5707; baseline 0.014 -31"><span class='ocrx_word' id='word_1_845' title='bbox 382 5616 395 5654; x_wconf 88' lang='grc'><strong>¹</strong></span> <span class='ocrx_word' id='word_1_846' title='bbox 427 5620 608 5692; x_wconf 77' lang='lat' dir='ltr'>Reg.i</span> <span class='ocrx_word' id='word_1_847' title='bbox 643 5626 791 5684; x_wconf 84' lang='grc' dir='ltr'>ὅταν.</span> <span class='ocrx_word' id='word_1_848' title='bbox 824 5629 970 5684; x_wconf 85' lang='lat' dir='ltr'>Alter</span> <span class='ocrx_word' id='word_1_849' title='bbox 998 5632 1101 5687; x_wconf 79' lang='grc' dir='ltr'>ὅτι.</span> <span class='ocrx_word' id='word_1_850' title='bbox 1175 5643 1214 5672; x_wconf 75' lang='grc' dir='ltr'>ω</span> <span class='ocrx_word' id='word_1_851' title='bbox 1236 5635 1302 5690; x_wconf 84' lang='lat' dir='ltr'>R.</span> <span class='ocrx_word' id='word_1_852' title='bbox 1328 5638 1490 5707; x_wconf 66' lang='lat'>2950,</span> <span class='ocrx_word' id='word_1_853' title='bbox 1522 5656 1588 5696; x_wconf 79' lang='lat' dir='ltr'>ex</span> <span class='ocrx_word' id='word_1_854' title='bbox 1618 5643 1872 5698; x_wconf 89' lang='lat' dir='ltr'>emendat</span> 
     </span>
    </p>
   </div>
   <div class='ocr_carea' id='block_1_111' title="bbox 1974 5616 3039 5719">
    <p class='ocr_par' dir='ltr' id='par_1_111' title="bbox 1974 5645 3039 5719">
     <span class='ocr_line' id='line_1_113' title="bbox 1974 5645 3039 5719; baseline 0.007 -20"><span class='ocrx_word' id='word_1_855' title='bbox 1974 5645 2302 5718; x_wconf 74' lang='grc' dir='ltr'>ε,λελάληκα</span> <span class='ocrx_word' id='word_1_856' title='bbox 2356 5649 2509 5718; x_wconf 79' lang='grc' dir='ltr'>ὑμῖν.</span> <span class='ocrx_word' id='word_1_857' title='bbox 2583 5659 2611 5688; x_wconf 76' lang='grc' dir='ltr'>ιι</span> <span class='ocrx_word' id='word_1_858' title='bbox 2646 5650 2803 5705; x_wconf 81' lang='lat' dir='ltr'>Edita</span> <span class='ocrx_word' id='word_1_859' title='bbox 2841 5653 3039 5719; x_wconf 85' lang='grc' dir='ltr'>μεῖναι.</span> 
     </span>
    </p>
   </div>
  </div>
