4072 6146
334 307 472 371 “89

1405 297 1504 357 DE
1540 294 1718 354 FIDE
1753 291 2216 352 ORTHODOXA
2246 292 2391 350 LIB.
2435 293 2532 353 IV.

3460 295 3596 364 1190

329 422 649 495 Πνεύματος
695 414 1038 488 ἐφανερώθη,
1077 411 1173 466 ml
1227 410 1506 480 ὲπιστώθη
1565 409 1644 480 τῷ
1697 409 1909 478 κόσμῳ,

2022 407 2403 461 resurrectione
2437 417 2771 461 mortuorum
2801 409 2866 463 ⁸³.
2904 408 3188 479 Siquidem
3221 427 3320 479 per
3355 413 3602 468 miracu—

329 516 412 566 ὃτι
449 514 571 574 Υἱός
599 513 714 563 ὲστι
747 507 838 563 τοῦ
877 505 1038 560 Θεοῦ.
1074 505 1181 558 Kal
1213 501 1275 556 τό
1300 520 1314 536 ο
1345 500 1685 571 Προέκοπτε
1729 499 1918 568 σοφίᾳ

329 603 428 656 καὶ
458 601 650 671 χάριτι
670 610 715 654 ³.

403 860 484 914 Τὰ
522 859 600 925 δὲ,
631 856 774 912 κατὰ
799 857 900 927 τὴν
941 855 1034 909 τοῦ
1067 852 1339 906 Ἰουδαίων
1372 851 1666 922 προσώπου
1696 849 1917 902 οἰκείω-

333 971 439 1019 σιν,
470 951 609 1021 μετὰ
655 949 764 1003 τῶν
802 947 1070 1001 Ἰουδαίων
1126 943 1374 1015 ἀριθμῶν
1426 943 1640 1006 ἑαυτὸν,
1675 943 1750 1004 ὡς
1778 941 1913 1013 πρὸς

331 1044 432 1115 τὴν
472 1040 803 1112 Σαμαρεῖτιν
835 1054 1021 1108 φησιν·
1056 1035 1251 1105 Ὑμεῖς
1278 1033 1674 1104 προσκυνεῖτε
1723 1031 1753 1084 ὂ
1805 1033 1916 1084 οὐκ

332 1134 554 1195 οἴδατε,
590 1130 762 1200 ἡμεῖς
784 1127 1246 1198 προσκυνοῦμεν
1269 1127 1300 1180 ὃ
1323 1127 1588 1196 οἴδαμεν,
1622 1125 1710 1178 ὅτι
1731 1123 1769 1191 ἡ
1800 1140 1917 1178 σω-

334 1225 505 1295 τηρία
533 1224 601 1276 ἐκ
629 1221 748 1275 τῶν
788 1220 1096 1274 Ἰουδαίων
1122 1219 1317 1272 ἐστίν.

409 1315 606 1387 Τρίτος
654 1315 877 1385 τρόπος,
910 1313 939 1365 ὁ
972 1313 1072 1382 τῆς
1111 1314 1240 1384 μιᾶς
1286 1309 1640 1372 ὑποστάσεως
1687 1309 1918 1378 δηλωτι-

339 1411 452 1474 κὸς,
483 1410 577 1463 ml
613 1408 707 1461 τοῦ
745 1406 1160 1478 συναμφοτέρου
1197 1405 1635 1476 παραστατικόςο
1673 1397 1785 1456 οἷον
1815 1403 1875 1454 τό
1897 1420 1911 1434 ο

349 1502 489 1572 Ἐγὼ
515 1499 587 1562 ζῶ
615 1500 712 1554 διὰ
743 1502 849 1553 τὸν
869 1499 1118 1567 Πατέρα,
1147 1498 1246 1552 καὶ
1274 1501 1306 1552 ό
1335 1483 1575 1567 τρώέων
1590 1513 1688 1565 με,
1715 1495 1914 1549 κάκεῖ-

335 1611 442 1659 νος
487 1591 726 1660 ζῆξσεται
779 1590 852 1643 δι’
878 1591 1018 1658 ἐμέο
1061 1590 1158 1643 ml
1195 1589 1288 1641 τόο
1331 1587 1568 1655 ’Υπάγω
1625 1585 1771 1652 πρὸς
1811 1585 1916 1638 τὸν

337 1683 588 1750 Πατέρα,
633 1680 732 1734 καὶ
769 1681 965 1734 οὐκέτι
1006 1678 1268 1747 θεωρεῖτέ
1299 1693 1407 1747 με’
1439 1678 1534 1730 καὶ
1560 1677 1649 1730 τό·
1687 1678 1808 1728 Οὐκ
1841 1676 1918 1729 ἂν

337 1779 445 1829 τὸν
472 1774 692 1842 Κύριον
723 1769 832 1840 τῆς
867 1771 1051 1838 δόξης
1076 1771 1472 1839 ἐσταύρωσαν
1496 1785 1509 1798 ·
1544 1768 1642 1821 ml
1670 1767 1763 1820 τό·
1808 1769 1919 1820 Οὑ-

335 1864 462 1930 δεὶς
488 1862 855 1929 ἀναϐέϐηκεν
888 1852 977 1927 elo
1014 1860 1122 1914 τὸν
1159 1858 1439 1928 οὐρανὸν,
1478 1859 1532 1910 εί
1552 1855 1639 1925 μὴ
1667 1856 1702 1908 ὁ
1725 1855 1792 1907 ἐκ
1814 1852 1922 1907 τοῦ

337 1954 595 2023 οὐρανοῦ
639 1952 920 2018 καταϐὰς,
959 1955 992 2006 ό
1021 1951 1159 2017 Υἱὸς
1188 1951 1295 2005 τοῦ
1319 1947 1656 2018 ἀνθρώπου,
1683 1949 1715 1998 ὀ
1743 1943 1827 1997 ὢν
1851 1944 1922 1996 ὲν

337 2046 418 2112 τῷ
447 2043 700 2112 οὐρανῷ,
735 2043 829 2096 ml
853 2043 922 2095 τὰ
950 2042 1200 2094 τοιαῦτα.

408 2137 520 2189 Kal
545 2134 656 2187 τῶν
688 2133 825 2205 μετὰ
863 2133 961 2200 τὴν
991 2132 1311 2194 ἀνάστασιν,
1334 2127 1403 2184 τὰ
1435 2129 1532 2201 μὲν
1562 2129 1670 2182 εἰσὶ
1691 2128 1921 2200 Θεοπρε-

339 2227 437 2297 πῆ,
474 2225 549 2288 ὡς
577 2224 670 2278 τό·
701 2222 1094 2288 Βαπτίζοντες
1123 2220 1341 2286 αὐτοὺς
1372 2223 1458 2286 εὶς
1489 2220 1554 2274 τὸ
1595 2221 1782 2290 ὄνομα
1814 2219 1920 2274 τοῦ

333 2319 587 2388 Πατρὸς,
608 2316 707 2370 καὶ
739 2315 844 2369 τοῦ
871 2315 1027 2382 Υιοῦ,
1049 2314 1144 2368 καὶ
1170 2313 1276 2367 τοῦ
1303 2313 1474 2382 ἁγίου
1503 2314 1846 2380 Πνεύματος
1876 2313 1916 2348 ί·

333 2412 415 2475 ὼς
441 2409 572 2463 Θεοῦ
603 2407 698 2464 τοῦ
728 2407 860 2461 Υἱοῦ
893 2407 1137 2479 δηλόνοτι
1157 2423 1170 2436 ·
1208 2405 1304 2459 ml
1328 2405 1389 2458 τό
1410 2421 1424 2437 ο
1463 2405 1618 2459 Ἰδοὺ
1646 2405 1760 2474 ἐγὼ
1779 2406 1922 2472 μεθ’

339 2501 506 2571 ὑμῶν
535 2502 650 2569 εἰμι
678 2499 877 2564 πάσας
896 2499 1004 2564 τὰς
1025 2497 1268 2566 ἡμέρας,
1299 2494 1406 2560 ἕως
1434 2493 1546 2562 τῆς
1567 2495 1922 2559 συντελείας

340 2593 446 2648 τοῦ
491 2591 723 2657 αίῶνος,
775 2591 870 2644 ml
917 2591 984 2643 τὰ
1028 2588 1289 2642 τοιαῦταο
1338 2587 1412 2650 ὡς
1467 2587 1574 2657 γὰρ
1627 2585 1760 2648 Θεὸς
1806 2585 1921 2637 ἐστὶ

345 2682 464 2752 μεθ’
490 2682 675 2754 ήμῶνο
706 2681 775 2734 τὰ
805 2680 860 2734 δὲ
887 2680 1352 2751 ἀνθρωποπρεπῆ,
1393 2677 1468 2738 ὡς
1512 2676 1571 2728 τό
1591 2691 1606 2705 ⁸
1653 2675 1922 2743 Ἐκράτη-

333 2791 464 2829 σαν
502 2771 690 2828 αὑτοῦ
720 2775 861 2837 τοὺς
891 2771 1114 2836 πόδας’
1153 2771 1248 2824 ml
1272 2769 1365 2822 τόο
1401 2767 1585 2822 Κάκεῖ
1621 2785 1698 2836 με
1739 2767 1921 2836 ὄψον-

341 2883 456 2927 ται,
493 2864 587 2917 καὶ
613 2863 684 2916 τὰ
711 2863 956 2917 τοιαῦτα.

413 2957 534 3008 Τῶν
561 2956 618 3008 δὲ
651 2953 791 3022 μετὰ
819 2953 918 3020 τὴν
953 2953 1248 3005 ἀνάστασιν
1278 2950 1763 3022 ἀνθρωποπρεπῶν
1795 2949 1919 3020 τρό-

347 3063 437 3099 ποι
465 3045 571 3098 εἰσὶ
598 3043 866 3113 διάφοροι.
897 3042 976 3095 Τὰ
1013 3042 1112 3113 μὲν
1155 3044 1266 3112 γὰρ
1304 3041 1521 3112 ἀληθῶς
1561 3043 1679 3112 μὲν,
1707 3041 1824 3094 ἀλλ’
1858 3042 1916 3094 οὐ

345 3135 488 3188 κατὰ
520 3134 684 3204 φύσιν
715 3134 812 3204 (Ι),
853 3132 989 3186 ἀλλὰ
1033 3133 1154 3186 κατ’
1186 3133 1499 3202 οἰκονομίαν
1537 3131 1673 3201 πρὸς
1720 3132 1781 3184 τὸ
1835 3147 1924 3183 πι-

350 3225 682 3289 στώσασθαι,
709 3225 792 3278 ὅτι
837 3224 970 3279 αὐτὸ
1007 3224 1068 3277 τὸ
1101 3221 1274 3276 παθὸν
1311 3221 1472 3292 σῶμα
1503 3221 1728 3291 ἀνέστη,
1770 3221 1843 3283 ὡς
1873 3221 1922 3274 οἱ

349 3319 639 3388 μώλωπες,
672 3320 706 3388 ή
735 3316 955 3388 βρῶσις,
993 3317 1086 3370 ml
1137 3318 1171 3388 ἡ
1223 3315 1381 3376 πόσις
1411 3319 1444 3387 ὴ
1483 3316 1619 3386 μετὰ
1661 3314 1760 3385 τὴν
1791 3315 1922 3368 ἀνά·

347 3424 556 3466 στασιν.
593 3409 675 3463 Τὰ
712 3411 767 3462 δὲ
801 3408 1018 3481 ἀληθῶς
1047 3409 1140 3462 καὶ
1172 3407 1314 3462 κατὰ
1343 3407 1525 3476 φύσιν,
1552 3407 1627 3469 ὡς
1663 3407 1725 3458 τὸ
1759 3423 1924 3481 μετα-

347 3507 552 3560 ϐαίνειν
580 3504 781 3568 τόπους
808 3507 873 3558 ἐκ
901 3503 1084 3558 τόπων
1130 3489 1404 3574 ἀμόίθως,
1440 3503 1533 3554 ml
1579 3501 1641 3554 τὸ
1682 3501 1772 3555 διὰ
1815 3501 1924 3553 τῶν

347 3597 529 3669 Ουρῶν
563 3596 968 3668 κεκλεισμένων
1010 3595 1303 3649 εἰσελθεῖν.’
1327 3595 1409 3648 Τὰ
1457 3595 1512 3648 δὲ
1563 3595 1705 3648 κατὰ
1755 3611 1923 3666 προσ-

349 3689 590 3761 ποίησιν,
627 3690 703 3752 ὠς
745 3689 806 3741 τό
829 3705 843 3720 ·
884 3687 1379 3757 Προσεποιήσατο
1425 3687 1769 3755 πορρωτέρω
1818 3703 1924 3739 πο-

339 3782 642 3849 ρεύεσθαι.
671 3779 751 3834 Τὰ
795 3780 852 3832 δὲ
905 3779 1000 3833 τοῦ
1047 3777 1474 3849 συναμφοτέρου,
1510 3778 1585 3842 ὼς
1621 3779 1682 3830 τό
1705 3795 1717 3808 ·
1758 3778 1922 3831 Ἀναο
1959 3813 1962 3822 ι

332 3873 527 3930 ,ϐαίνω
548 3871 696 3940 πρὸς
719 3871 826 3925 τὸν
844 3869 1075 3940 Πατέρα
1091 3889 1229 3940 μου,
1254 3871 1352 3929 καὶ
1377 3869 1609 3937 Πατέρα
1626 3871 1811 3938 ὑμῶν,
1827 3869 1923 3922 καὶ

350 3964 498 4018 Θεόν
522 3981 660 4034 μου,
694 3963 792 4018 καὶ
820 3963 966 4017 Θεὸν
994 3963 1160 4031 ὑμῶν
1180 3980 1194 3993 ο
1241 3963 1334 4016 ml
1362 3963 1420 4015 τό
1448 3979 1460 3991 ο
1502 3963 1924 4015 Εἰσελεύσεται

347 4061 380 4109 o'
407 4057 707 4122 ,βασιλεὺς
743 4055 854 4124 τῆς
883 4054 1068 4120 δόξης
1092 4071 1105 4085 ·
1140 4054 1234 4106 ml
1261 4056 1322 4106 τό
1341 4071 1354 4085 ·
1397 4053 1702 4107 Ἐκάθισεν
1731 4054 1800 4105 ἐν
1827 4053 1925 4106 δε·-

348 4145 447 4213 ξιᾷ
473 4145 584 4213 τῆς
611 4145 1052 4214 μεγαλωσύνης
1084 4143 1155 4197 ἐν
1180 4143 1304 4209 τοῖς
1331 4143 1591 4211 ὑψηλοῖς
1611 4158 1625 4172 °
1649 4142 1720 4194 τὰ
1743 4143 1818 4205 δὲ,
1850 4143 1926 4205 ὼς

351 4236 469 4308 μεθ’
498 4236 656 4309 ἡμῶν
705 4237 899 4290 ἑαυτὸν
951 4235 1257 4301 τάττοντος,
1285 4234 1363 4304 τῷ
1411 4235 1596 4304 τρόπῳ
1637 4234 1736 4304 τῆς
1781 4235 1923 4286 κατὰ

345 4325 508 4397 ψιλὴν
552 4327 798 4381 ἐπίνοιαν
838 4326 1177 4397 διαιρέσεως,
1211 4325 1285 4389 ὡς
1319 4327 1380 4379 τό
1407 4342 1419 4354 °
1457 4327 1602 4381 Θεόν
1637 4342 1777 4394 μου,
1823 4326 1923 4378 καὶ

337 4418 498 4472 ,Θεὸν
525 4417 710 4487 ὑμῶν.

415 4511 508 4562 Δεῖ
543 4507 636 4564 οὖν
685 4511 752 4563 τὰ
803 4511 903 4581 μὲν
940 4508 1119 4580 ὑψηλὰ
1160 4507 1492 4580 προσνέμειν
1539 4511 1604 4578 τῇ
1660 4507 1780 4576 θείᾳ
1829 4507 1924 4560 ml

348 4599 616 4672 κρείττονι
645 4603 805 4671 φύσει
836 4601 1028 4656 παθῶν
1053 4601 1147 4654 ml
1178 4600 1430 4671 σώματος
1449 4616 1462 4630 ·
1490 4599 1559 4652 τὰ
1585 4600 1643 4652 δὲ
1673 4597 1923 4662 ταπεινὰ,

2019 498 2108 563 la,
2149 499 2758 567 resurrectionemque,
2798 511 2852 556 et
2890 502 3067 556 sancti
3110 503 3348 572 Spiritus
3388 505 3593 558 adven-

2023 597 2137 642 tum
2163 629 2178 655 ,
2215 589 2426 643 mundo
2467 590 2809 644 declaratum
2853 601 2972 657 est,
3023 605 3187 664 atque
3227 610 3552 663 per.~uasum
3577 635 3594 661 ,

2021 697 2144 736 eum
2171 681 2265 736 Dei
2296 680 2496 735 Filium
2525 697 2650 736 esse
2681 683 2747 736 ⁸⁸.
2777 684 2856 738 Ac
2887 685 3020 740 illud
3051 701 3306 756 quoque,
3335 686 3600 756 Proﬁcie-

2020 773 2108 825 bat
2139 775 2400 839 sapientia
2433 781 2482 826 et
2511 774 2690 842 gratia
2722 775 2791 828 ⁸⁸.

2090 864 2258 933 288
2289 863 2559 917 Nonnulla
2589 874 2871 934 postremo
2898 866 2972 920 ita
2999 865 3066 921 de
3094 882 3158 920 eo
3185 867 3443 921 dicuntur
3475 877 3599 921 tan-

2020 970 2185 1024 quam
2217 953 2532 1008 Judaeorum
2567 972 2857 1026 personam
2891 959 3156 1012 acciverit
3177 999 3191 1022 ,
3225 974 3284 1013 se
3317 961 3371 1012 in
3405 976 3596 1013 eorum

2020 1061 2312 1100 numerum
2364 1047 2728 1111 ascrihendo,
2778 1056 2838 1100 ut
2887 1052 3014 1101 dum
3066 1046 3430 1102 Samaritana.-
3479 1051 3594 1103 ait:

2032 1136 2132 1190 Vos
2159 1137 2402 1190 adoratis
2431 1137 2570 1207 quod
2599 1139 2810 1190 nescitis
2837 1155 2855 1191 :
2887 1156 2982 1193 nos
3015 1140 3303 1192 adoramus
3331 1143 3470 1209 quod
3502 1141 3600 1194 sci-

2020 1243 2135 1280 mus
2159 1265 2173 1289 ,
2206 1228 2332 1296 guia
2365 1228 2513 1280 salus
2543 1243 2608 1280 ea:
2638 1227 2843 1282 Judwis
2876 1240 2954 1282 est
2985 1229 3053 1283 ⁸⁸.
3101 1288 3106 1293 ,

2088 1318 2308 1373 Tertius
2345 1319 2537 1372 modus
2569 1319 2659 1373 ille
2688 1328 2802 1382 est,
2840 1336 2951 1389 quo
2984 1336 3088 1374 una
3136 1321 3452 1391 luposlasis
3496 1323 3595 1376 de-

2017 1411 2282 1474 claratur,
2320 1419 2487 1480 atque
2525 1412 2699 1465 amba:
2735 1413 2895 1466 simul
2941 1422 3150 1466 natura;
3196 1415 3592 1469 ostenduntur.

2016 1503 2188 1571 Cujus
2221 1504 2438 1572 generis
2473 1504 2610 1558 illud
2644 1513 2766 1557 est:
2803 1503 2915 1574 Ego
2948 1505 3060 1558 vivo
3097 1515 3310 1574 propter
3343 1506 3595 1571 Patrem,

2016 1604 2066 1649 et
2093 1596 2181 1664 qui
2215 1596 2499 1647 manducat
2529 1611 2608 1647 me
2630 1635 2644 1659 ,
2676 1603 2724 1648 et
2757 1596 2866 1664 ipse
2903 1596 3031 1649 vivet
3066 1606 3277 1664 propter
3313 1613 3393 1649 me
3423 1597 3491 1650 ⁸⁷.
3527 1597 3598 1650 Ει

2018 1687 2193 1740 illud:
2229 1684 2376 1739 Vada
2412 1686 2481 1740 ad
2515 1685 2754 1750 Patrem,
2792 1697 2840 1740 et
2872 1688 2988 1755 jam
3019 1705 3122 1742 non
3153 1688 3386 1742 vibebitis
3421 1706 3501 1742 me
3528 1688 3597 1744 ⁸⁸.

2019 1775 2152 1830 Item
2182 1791 2195 1827 :
2233 1773 2520 1828 Dominum
2552 1775 2740 1844 gloria:
2792 1792 3061 1846 nunquam
3095 1778 3483 1845 cruci/ixissent
3520 1778 3589 1830 ⁸³.

2025 1864 2272 1934 llludque
2316 1865 2580 1918 tandem:
2640 1863 2807 1917 Nemo
2849 1867 3082 1919 ascendit
3128 1867 3183 1919 in
3225 1867 3450 1932 caelum,
3491 1867 3598 1919 nisi

2021 1957 2110 2026 qui
2135 1955 2394 2010 descendit
2424 1954 2487 2009 de
2515 1956 2645 2008 cazlo
2664 1998 2678 2021 ,
2712 1953 2892 2010 Filius
2923 1957 3152 2011 hominis
3183 1958 3273 2026 qui
3299 1967 3376 2011 est
3409 1959 3463 2010 in
3495 1975 3598 2012 cae-

2023 2045 2075 2102 lo
2108 2047 2194 2112 9°;
2232 2046 2448 2115 aliaque
2475 2045 2696 2099 similia.
2798 2035 2807 2043 ’

2095 2137 2296 2190 Eorum
2335 2136 2552 2190 deorum
2601 2149 2724 2204 qua:
2757 2135 3221 2189 resurrectionem
3268 2142 3596 2204 sequuntur,

2022 2228 2271 2297 quaedam
2301 2225 2575 2279 divinitati
2607 2225 2978 2281 conveniunt.
3008 2232 3068 2277 ut
3093 2239 3106 2276 :
3135 2223 3479 2292 Baptizantes
3509 2242 3597 2280 eos

2021 2317 2075 2371 in
2104 2317 2311 2370 nomine
2344 2315 2549 2378 I’atris,
2579 2324 2628 2368 et
2653 2313 2805 2376 Filii,
2828 2325 2878 2368 et
2903 2313 3136 2382 Spiritus
3165 2317 3338 2368 sancti
3365 2315 3430 2369 9'.
3465 2316 3596 2370 Nam

2022 2406 2112 2460 hic
2141 2407 2316 2461 Filius
2351 2407 2430 2460 uti
2469 2405 2610 2460 Deus
2647 2407 2962 2460 adhibetur.
3007 2403 3072 2458 Et
3118 2405 3292 2458 illud:
3337 2404 3472 2460 Ecce
3504 2423 3598 2476 ego

2022 2498 2286 2553 vobiscum
2315 2514 2431 2551 sum
2467 2496 2708 2550 omnibus
2743 2496 2925 2550 diebus
2957 2511 3119 2565 usque
3149 2495 3218 2548 ad
3248 2512 3594 2550 consumma-

2024 2591 2214 2644 tionem
2242 2591 2422 2644 διεσαίί
2452 2591 2497 2620 θ’
2520 2604 2538 2654 ;
2565 2589 2783 2658 aliaque
2813 2588 2976 2657 hujus
3005 2588 3242 2657 generis.
3279 2588 3490 2642 Etenim
3529 2599 3590 2643 ut

2024 2681 2167 2736 Deus
2207 2683 2496 2736 nobiscum
2546 2689 2652 2735 est.
2698 2680 2818 2734 Alia
2861 2680 3184 2734 humanitati
3226 2680 3597 2748 conveniunt,

2023 2784 2080 2828 ut
2112 2775 2268 2829 illud.
2302 2774 2603 2828 Tenuerunt
2635 2773 2786 2841 pedes
2821 2773 2935 2841 ejus
2972 2772 3055 2838 ";
3084 2781 3136 2826 et
3165 2770 3300 2826 illud
3327 2789 3342 2826 :
3369 2770 3492 2825 Illic
3518 2787 3598 2826 me

2021 2869 2265 2923 ridebunt
2297 2868 2378 2932 1H*;
2411 2876 2466 2921 et
2497 2867 2720 2921 similia.

2094 2959 2294 3013 Eorum
2331 2946 2498 3027 porro
2532 2971 2654 3026 quae
2685 2963 2808 3026 post
2841 2955 3306 3010 resurrectionem
3343 2956 3598 3010 humani-

1947 3075 1990 3130 ε
2023 3053 2119 3106 tati
2154 3052 2527 3114 conveniunt,
2563 3049 2700 3102 varii
2739 3047 2885 3101 modi
2929 3057 3077 3104 sunt.
3130 3046 3404 3103 Nonnulla
3451 3048 3596 3102 enim

2023 3158 2150 3196 vere
2183 3142 2435 3210 quidem,
2466 3158 2578 3196 non
2612 3151 2792 3196 tamen
2822 3143 3062 3196 naturali
3095 3143 3255 3196 modo
3275 3181 3291 3205 ,
3321 3141 3417 3196 sed
3450 3151 3597 3196 certa

2021 3235 2440 3303 dispensatione
2475 3235 2865 3303 contigerunt,
2901 3243 2959 3288 ut
2995 3235 3322 3296 cicatrices.
3361 3233 3598 3288 ntantluo

2022 3326 2169 3378 catio
2203 3339 2265 3378 ac
2304 3327 2456 3393 potio
2492 3332 2783 3394 postquam
2841 3324 3060 3379 revixit.
3121 3324 3380 3391 Quaedam
3414 3331 3596 3378 autern

2021 3430 2150 3468 vere
2177 3423 2229 3467 et
2257 3431 2354 3485 ι)Γο
2387 3431 2453 3470 ΕΟ
2484 3430 2548 3470 ac
2578 3423 2792 3470 natura:
2815 3423 3245 3470 consentaneum
3305 3423 3388 3468 ρει
3415 3432 3430 3480 ;
3460 3431 3508 3469 ν.
3544 3429 3597 3483 Β.

2023 3507 2090 3561 de
2128 3507 2262 3561 locis
2295 3507 2348 3559 in
2385 3507 2502 3561 loca
2535 3507 2672 3561 citra
2707 3507 2949 3562 laborem
2986 3507 3256 3576 migrare,
3289 3521 3351 3558 ac
3387 3521 3480 3574 per
3503 3507 3593 3573 ja-

2025 3612 2164 3651 nuas
2195 3597 2415 3652 clausas
2451 3597 2686 3664 ingredi.
2720 3596 2984 3663 Quaedam
3020 3612 3114 3666 per
3144 3596 3598 3660 simulationem,

2025 3689 2106 3743 uti
2127 3728 2142 3752 ,
2179 3688 2366 3743 Finxit
2394 3705 2448 3743 se
2473 3690 2680 3759 longius
2711 3691 2785 3744 ire
2809 3691 2886 3744 ".
2917 3689 3175 3755 Quaedam
3219 3703 3414 3743 rursus
3457 3691 3592 3743 utri-

2024 3796 2132 3850 que
2185 3788 2394 3834 naturae
2439 3787 2794 3850 congruunt;
2844 3787 2943 3839 ut.
2984 3779 3224 3833 Ascendo
3266 3778 3333 3831 ad
3383 3777 3599 3831 Patrem

2025 3889 2196 3925 meum
2219 3881 2268 3925 et
2298 3870 2513 3924 Patrem
2542 3880 2770 3924 vestrum
2796 3886 2814 3924 :
2849 3878 2899 3924 et
2931 3868 3095 3922 Deum
3124 3886 3290 3924 meum
3343 3877 3391 3922 et
3433 3868 3597 3922 Deum

2024 3973 2254 4018 vestrum
2282 3962 2350 4018 ⁸⁸.
2382 3963 2448 4016 Ει
2478 3963 2609 4016 illud
2636 3980 2648 4015 :
2682 3961 2932 4014 Introibit
2965 3959 3074 4013 Rea;
3105 3960 3290 4030 gloria:
3317 3960 3384 4012 ³⁷.
3417 3959 3549 4012 Item
3579 3976 3594 4013 :

2026 4055 2179 4110 Sedet
2211 4056 2265 4110 in
2291 4055 2510 4109 dextera
2557 4055 2856 4122 majestatis
2893 4054 2949 4105 in
2979 4053 3199 4108 excelsis
3227 4053 3293 4105 9‘.
3336 4051 3596 4116 Quaedam

2026 4148 2264 4217 denique
2295 4147 2377 4202 sic
2407 4147 2763 4216 accipienda,
2812 4155 3076 4216 tanquam
3112 4148 3166 4198 in
3208 4143 3454 4197 ordinem
3497 4156 3600 4194 no-

2026 4249 2204 4294 strum
2235 4255 2294 4295 se
2323 4239 2565 4304 ascribat
2585 4279 2600 4305 ,
2633 4254 2730 4310 per
2775 4241 2976 4293 mentis
3006 4233 3404 4307 'prtecisioneni
3447 4231 3600 4287 scili-

2025 4341 2111 4386 cet
2134 4343 2237 4398 ,_ut
2272 4332 2407 4386 illud
2438 4349 2451 4384 :
2485 4330 2653 4384 Deum
2687 4347 2856 4385 meum
2876 4371 2890 4393 ,
2921 4339 2970 4385 et
3010 4329 3176 4381 Deum
3205 4333 3454 4380 vestrum.

2101 4506 2297 4575 Cuique
2348 4512 2556 4558 natura:
2604 4519 2836 4571 congrua
2869 4502 2950 4555 illi
2979 4499 3273 4554 tribuenda.
3296 4527 3367 4538 —-
3391 4498 3598 4564 Quam-

2033 4596 2219 4650 obrem
2247 4611 2309 4650 ea
2341 4610 2464 4664 quae
2495 4593 2752 4648 sublimia
2780 4603 2911 4647 sunt
2931 4633 2946 4657 ,
2977 4592 3177 4646 divina:
3203 4600 3413 4644 natura:
3433 4631 3448 4658 ,
3478 4604 3597 4644 om-

417 4778 462 4809 ⁸⁸
484 4777 643 4832 Rom.
664 4794 702 4842 1,
726 4779 780 4833 4.
853 4777 902 4808 ⁸⁵
924 4777 1212 4842 Chrysost.
1242 4774 1392 4827 hom.
1427 4775 1451 4828 1
1483 4774 1536 4827 in
1566 4773 1742 4842 Epist.
1777 4776 1840 4827 ad
1874 4774 1917 4826 Il

2020 4812 2034 4828 .
2068 4785 2120 4826 et
2147 4773 2262 4827 alii.
2338 4772 2384 4802 ³⁸⁵
2408 4769 2540 4842 Luc.
2569 4785 2629 4821 ιι.
2667 4771 2756 4826 32.
2830 4772 3053 4827 “Joan.
3103 4788 3156 4836 ν,
3186 4770 3277 4825 22.
3314 4769 3590 4842 πεῗίιῐοιιιι.

1072 4847 1126 4902 0.
1201 4845 1247 4877 ⁸³
1277 4844 1294 4895 l
1321 4843 1448 4898 Cor.
1487 4859 1546 4904 ιι,
1579 4843 1632 4896 8.

791 4920 837 4950 ³⁵
861 4917 996 4972 Luc.
1047 4931 1178 4976 xxv.
1232 4913 1324 4967 27.

347 4863 400 4911 ν,
429 4847 516 4901 58.
628 4848 673 4880 ⁸⁸
701 4848 859 4903 Joan.
896 4863 986 4912 xv,

346 4921 387 4949 ""
427 4916 569 4975 ibid.
602 4917 687 4973 10.

1768 4846 1813 4876 ⁹⁰
1843 4843 2000 4898 Joan.
2036 4845 2120 4896 15.

1433 4913 1478 4947 ³⁸
1514 4912 1674 4966 Joan.
1714 4915 1918 4979 xx,18.
1991 4915 2036 4946 ⁹⁷
2068 4913 2212 4968 Psal.
2242 4929 2334 4966 xx.
2364 4911 2417 4964 7.

2225 4845 2267 4874 ⁹¹
2296 4841 2484 4894 Matth.
2518 4855 2643 4904 XXV,
2679 4843 2765 4896 i9.
2866 4843 2910 4873 "
2953 4845 3088 4898 ibid.
3141 4844 3231 4899 20.
3307 4841 3352 4873 ’³
3379 4841 3589 4899 ibid.‘J.

2242 4929 2334 4966 xx.
2364 4911 2417 4964 7.
2492 4909 2539 4941 "
2571 4908 2795 4980 l'lebr.t,
2830 4914 2884 4967 5.

1648 5067 1884 5125 νΑιιιᾹε
1914 5066 2318 5123 LECTIONES.

423 5243 444 5273 ⁸
477 5233 660 5305 Regi
703 5232 974 5305 συνέθειη
1018 5235 1036 5269 ί
1060 5228 1429 5305 _Des_un_thaec_
1451 5228 1507 5282 in
1534 5226 1722 5305 Regiis
1752 5191 2103 5305 quibustlam3
2138 5242 2236 5281 nec
2260 5227 2505 5305 reddidit
2527 5236 2688 5305 vetus
2706 5229 2974 5305 Ainter-pr.
3022 5227 3074 5305 in
3108 5225 3230 5281 cod.
3265 5222 3349 5305 .S.
3381 5223 3489 5305 illi.
3517 5222 3590 5305 .in

345 5307 468 5361 aliis
502 5293 636 5373 Reg.
690 5312 741 5358 et
788 5302 840 5355 in
865 5303 1016 5358 Colb.
1059 5302 1130 5355 ita
1163 5298 1363 5368 legitur
1384 5300 1464 5361 ei;
1500 5298 1561 5350 τὸ
1610 5293 1784 5369 ὄνομα
1808 5297 1901 5351 τοῦ
1932 5298 2166 5368 Πατρὸς,
2190 5297 2398 5352 καὶτοῦ
2427 5296 2576 5363 Υἱοῦ,
2597 5298 2670 5360 ὠς
2699 5298 2833 5350 Θεοῦ
2873 5293 3135 5368 δηλονότι,
3193 5295 3285 5346 ml
3315 5293 3408 5346 τοῦ
3437 5293 3592 5360 ἁγίου

1848 5434 2075 5490 NOTAE.

343 5375 680 5444 ιΙνεύματος.

418 5579 497 5646 (ι)
540 5578 688 5632 Ἀλλ’
716 5580 788 5632 οὐ
833 5578 984 5632 κατὰ
1028 5578 1243 5646 φύσιν.
1298 5575 1419 5631 Non
1468 5588 1650 5647 tamen
1678 5579 1915 5631 naturali
2024 5593 2130 5644 qua
2182 5578 2268 5630 lict
2327 5587 2385 5632 ut
2437 5593 2536 5633 nec
2589 5577 2730 5642 cibo,
2777 5589 2878 5632 nec
2932 5583 3087 5647 potu,
3131 5575 3334 5646 quibus
3381 5578 3592 5647 alatur,

349 5650 523 5701 modo.
556 5647 814 5703 Naturam
844 5657 1001 5702 vocat
1039 5648 1296 5717 corporis
1332 5648 1475 5702 beati
1515 5646 1912 5714 conditionem,

2021 5655 2196 5716 egeat.
