4072 6146
472 289 605 357 1191

1657 279 1720 339 S.
1760 274 2082 340 JOANNIS
2120 269 2552 333 DAMASCENI

3602 269 3741 334 “92

469 410 639 474 nique
666 401 923 475 passione
948 395 1224 467 superiori
1248 434 1263 461 ,
1291 407 1356 449 ac
1391 393 1737 465 incorporeas
1766 392 1932 448 tribui
1959 405 2057 446 nec

2174 388 2225 455 τῇ
2260 384 2578 455 ἀνθρωπίνῃ
2601 398 2613 412 ·
2646 382 2713 434 τὰ
2742 381 2797 435 δὲ
2842 380 3017 445 κοινὰ,
3051 381 3129 450 τῷ
3168 380 3432 452 συνθέτῳ,
3461 380 3634 452 ἧγουν
3659 381 3744 454 τῷ

472 512 692 555 cessum
734 501 860 560 est;
892 506 1014 561 quae
1061 498 1245 543 autem
1296 486 1557 552 humilia,
1604 486 1899 541 humanae:
1933 497 2056 551 quae

474 606 609 647 vero
636 584 953 643 communia
971 622 986 646 ,
1014 578 1359 651 composito;
1385 577 1492 632 hoc
1516 584 1635 643 est,
1664 576 1762 631 uni
1791 574 2017 631 Christo
2037 615 2051 640 ,

475 683 569 753 qui
605 682 745 734 Deus
774 683 829 731 et
856 675 1020 728 homo
1047 679 1152 727 est.
1189 670 1438 740 Itemque
1469 676 1820 738 compertum
1849 666 2058 720 habere

476 779 727 841 Oportet,
756 775 993 835 utraque
1020 765 1185 818 unius
1227 769 1283 817 et
1320 760 1571 831 ejusdem
1618 757 1840 813 Domini
1882 756 2058 812 nostri

475 862 606 917 Jesu
632 859 840 915 Christi
860 873 1007 913 esse.
1022 855 1155 910 Nam
1172 854 1323 925 quod
1343 853 1640 922 utriusque
1659 849 1947 921 proprium
1974 856 2059 904 est

479 960 881 1023 agnoscentes,
918 958 1084 1018 atque
1120 954 1359 1015 utraque
1388 945 1457 998 ab
1489 957 1603 997 uno
1620 948 1691 996 ‘et
1716 940 1908 997 eodem
1943 938 2059 1009 geri

479 1041 879 1110 perspicientes
903 1078 918 1102 ,
951 1047 1159 1092 rectam
1197 1035 1510 1089 tenebimus
1548 1031 1705 1086 ﬁdem
1732 1073 1748 1097 ,
1782 1046 1883 1085 nec
1908 1044 2061 1085 erra-

485 1134 684 1189 bimus.
737 1132 814 1184 Ex
863 1130 1068 1200 quibus
1109 1126 1374 1182 omnibus
1407 1124 1691 1178 unitarum
1737 1130 2063 1176 naturarum

486 1223 783 1279 discrimen
832 1219 1203 1290 dignoscitur,
1236 1215 1494 1286 quodque
1546 1213 1646 1282 (ut
1702 1211 2065 1268 sacratissimi

487 1314 678 1386 Cyrilli
705 1313 888 1370 verbis
919 1321 1046 1367 utar
1073 1313 1121 1344 ”
1150 1314 1169 1377 )
1201 1310 1328 1362 licet
1370 1307 1427 1361 in
1472 1305 1706 1360 naturali
1738 1303 1905 1373 289
1931 1318 2065 1373 qua-

491 1409 643 1461 litate
673 1421 783 1460 non
821 1405 963 1459 idem
992 1404 1106 1458 sint
1135 1400 1397 1456 divinitas
1430 1406 1485 1452 et
1524 1397 1874 1459 humanitas,
1921 1409 2065 1471 unus

491 1506 677 1552 tamen
726 1496 800 1551 sit
850 1494 1062 1558 Filius,
1113 1499 1169 1546 et
1215 1489 1510 1551 Christus,
1557 1494 1612 1541 et
1659 1484 1959 1538 Dominus:
2007 1492 2061 1537 et

492 1606 637 1645 unus
678 1603 803 1643 eum
850 1586 965 1649 sit,
1014 1599 1125 1639 una
1174 1597 1398 1653 quoque
1441 1582 1515 1637 sit
1558 1580 1738 1650 ipsius
1818 1593 2096 1647 persona;

2158 480 2237 532 ἑνὶ
2267 476 2508 548 Χριστῷ,
2533 477 2593 539 ὃς
2628 476 2744 527 ἐστι
2773 474 2905 538 Θεὸς
2934 474 3030 528 καὶ
3059 473 3369 546 ἄνθρωπος,
3404 474 3502 528 καὶ
3539 474 3744 531 εἰδέναι

2157 569 2442 639 ἀμφότερα
2480 567 2599 631 ἑνὸς
2644 567 2739 620 καὶ
2772 565 2866 619 τοῦ
2911 564 3075 619 αὐτοῦ
3110 564 3318 636 Κυρίου
3359 566 3521 635 ἡμῶν
3563 566 3745 638 Ἰησοῦ

2157 660 2415 732 Χριστοῦ.
2449 659 2715 714 Ἐκάστου
2767 660 2876 728 γὰρ
2906 658 2991 712 ,τὸ
3040 658 3172 712 ἴδιον
3215 655 3601 725 γινώσκοντες,
3649 660 3749 714 καὶ

2158 754 2449 823 ἀμφότερα
2473 752 2533 818 ἐξ
2560 752 2678 814 ἑνὸς
2706 750 3055 821 πραττόμενα
3086 747 3400 819 βλέποντες,
3444 748 3622 819 ὀρθῶς
3649 768 3749 803 πι-

2161 842 2479 913 στεύσομεν,
2515 843 2610 895 καὶ
2639 841 2700 894 οὐ
2736 838 3220 911 πλανηθησόμεθα.
3239 837 3331 905 Ἐξ
3364 832 3441 894 ὧν
3461 840 3745 907 ἁπάντων,

2158 934 2267 987 τῶν
2301 933 2401 1004 μὲν
2431 931 2732 986 ἑνωθεισῶν
2767 932 2983 1017 φύσεων
3014 933 3046 1001 ἡ
3079 931 3312 1001 διαφορά
3342 931 3670 1000 γινώσκεται
3694 943 3744 996 ι,

2161 1026 2256 1080 καὶ
2280 1028 2361 1079 ὅτι
2400 1024 2475 1097 μὴ
2518 1024 2737 1088 ταύτὸν,
2771 1024 2848 1089 ὥς
2890 1041 3058 1092 φησιν
3087 1026 3115 1077 ὁ
3141 1023 3422 1086 θειότατος
3454 1023 3743 1095 Κύριλλος,

2162 1118 2221 1170 ἐν
2256 1116 2505 1187 ποιότητι
2554 1119 2757 1188 φυσικῇ
2788 1115 2982 1186 θεότης
3019 1132 3079 1168 τε
3125 1116 3222 1168 καὶ
3246 1115 3623 1186 ἀνθρωπότης.
3652 1112 3749 1180 Εἷς

2161 1226 2225 1279 γε
2264 1210 2368 1280 μὴν
2398 1209 2548 1271 Υἱὸς,
2580 1209 2675 1263 καὶ
2704 1208 2960 1280 Χριστὸς,
2990 1207 3084 1262 καὶ
3110 1208 3315 1278 Κύριος
3334 1225 3349 1239 ·
3384 1209 3479 1261 καὶ
3503 1208 3579 1271 ὡς
3624 1208 3747 1271 ἑνὸς

2161 1301 2334 1367 ὄντος,
2367 1302 2426 1355 ἓν
2457 1301 2625 1355 αὐτοῦ
2658 1302 2752 1356 καὶ
2792 1302 2855 1354 τὸ
2896 1301 3209 1372 πρόσωπον,
3248 1303 3372 1354 κατ’
3400 1302 3590 1355 οὐδένα
3621 1302 3751 1372 τρόο

2164 1409 2266 1446 πον
2316 1392 2406 1445 διὰ
2451 1392 2551 1464 τὴν
2579 1392 2876 1460 ἐπίγνωσιν
2904 1391 3003 1462 τῆς
3033 1391 3271 1462 φυσικῆς
3297 1391 3557 1463 διαφορᾶς
3586 1408 3747 1463 μερι-

2168 1485 2403 1556 ζομένης
2433 1486 2533 1556 τῆς
2561 1485 2684 1539 καθ’
2717 1485 3012 1540 ὑπόστασιν
3038 1482 3301 1549 ἑνώσεως.

2178 1580 2383 1652 quippe
2430 1595 2556 1636 cum
2596 1598 2665 1638 ex
2721 1596 2790 1637 eo
2858 1581 3007 1652 quod
3074 1588 3395 1636 naturarum
3459 1581 3751 1638 distinctio

493 1689 848 1754 agnoscatur,
902 1678 1112 1734 nullam
1175 1685 1360 1730 tamen
1407 1674 1766 1746 partitionem
1809 1675 1943 1729 unio
1987 1675 2297 1729 secundum
2341 1676 2689 1748 hyposmsim
2732 1676 3014 1731 admittat.

1118 1772 1271 1827 CAP.
1296 1768 1446 1828 XIX.

729 1866 900 1921 Deum
931 1874 1200 1920 auctorem
1234 1862 1501 1916 malorum
1554 1877 1657 1915 non
1686 1875 1817 1915 esse.

562 1959 802 2014 Actionis
836 1959 1045 2012 nomine
1084 1958 1141 2010 in
1170 1954 1447 2023 Scriptura
1499 1953 1646 2006 dicta
1669 1951 1970 2021 permissio.
1997 1976 2073 1991 -

497 2052 655 2107 Scire
700 2048 837 2105 illud
877 2049 1138 2110 attinet‘,
1171 2047 1342 2101 moris
1372 2058 1494 2100 esse
1530 2042 1852 2114 Scriptura},
1890 2048 1950 2096 ut
1972 2039 2072 2096 Dei

497 2142 914 2216 permissionem
947 2141 1216 2195 actionem
1242 2138 1418 2207 ipsius
1446 2136 1707 2207 appellet,
1762 2135 1916 2191 velut
1939 2148 2067 2189 cum

498 2235 577 2288 ait
630 2232 932 2304 Apostolus
983 2230 1040 2284 in
1087 2229 1333 2300 Epistola
1393 2228 1461 2283 ad
1523 2227 1801 2282 Romanos
1835 2243 1848 2279 :
1881 2230 2073 2281 Annon

498 2328 650 2381 habet
680 2333 989 2394 potestatem
1012 2323 1206 2394 ﬁgulus
1235 2321 1335 2375 luti
1385 2336 1450 2375 ea:
1478 2320 1661 2374 eadem
1686 2336 1867 2374 massa
1894 2318 2068 2387 facere

499 2420 650 2474 aliud
683 2418 889 2488 quidem
945 2432 1036 2470 vas
1070 2417 1123 2469 in
1157 2414 1427 2478 honorem,
1459 2413 1611 2467 aliud
1653 2421 1829 2467 autem
1859 2413 1913 2465 in
1944 2428 2072 2465 con-

502 2508 858 2564 tumeliam“?
891 2506 1101 2561 Idcirco
1132 2505 1414 2567 nimirum,
1444 2503 1589 2573 quod
1626 2503 1743 2573 ipse
1785 2510 1841 2557 et
1866 2502 1980 2557 haec
2019 2510 2075 2558 et

502 2601 595 2656 illa
624 2599 773 2653 facit.
804 2597 970 2652 Solus
1009 2595 1156 2651 enim
1188 2595 1304 2663 ipse
1335 2593 1718 2647 universorum
1749 2590 1933 2659 epilex
1965 2602 2071 2647 est.

502 2689 660 2744 Haud
717 2696 901 2741 tamen
951 2688 1071 2755 ipse
1113 2685 1198 2739 vel
1251 2682 1481 2747 nobilia,
1532 2681 1917 2752 velignobilia
1944 2696 2075 2736 vasa

501 2779 685 2843 edicit,
743 2792 930 2833 verum
972 2790 1074 2832 sua
1120 2774 1392 2844 cujusque
1438 2773 1692 2828 voluntas
1724 2787 1789 2826 ac
1812 2772 2008 2827 electio
2029 2772 2072 2826 ³.

501 2871 681 2941 Atque
712 2869 764 2923 id
792 2870 964 2938 liquet
985 2882 1052 2921 ex
1080 2866 1164 2921 his
1197 2866 1404 2931 verbis,
1434 2864 1638 2935 quibus
1666 2864 1808 2918 idem
1842 2865 2077 2933 Aposto-

503 2963 594 3019 lus
652 2963 827 3016 utitur
870 2959 1111 3030 Epistola
1177 2957 1245 3012 ad
1296 2956 1645 3011 Timotheum
1690 2953 1930 3010 secunda
1967 2953 2078 3009 :In

503 3070 698 3121 maqna
734 3050 890 3104 domo
927 3066 1033 3104 non
1061 3047 1231 3103 solum
1274 3058 1397 3103 sunt
1443 3065 1572 3103 vasa
1612 3064 1775 3102 aurea
1803 3059 1854 3102 et
1884 3065 2076 3119 argen-

2098 1774 2146 1832 Β

2670 1772 2921 1828 ΚΕΦΑΛ.
2960 1771 3042 1825 Ιθι
3079 1770 3242 1844 [ιβ]-

2267 1864 2388 1918 Ὅτι
2416 1864 2528 1918 οὐκ
2560 1864 2693 1918 ἐστι
2723 1863 2797 1934 (2)
2824 1862 2943 1918 τῶν
2968 1862 3174 1917 κακῶν
3198 1863 3389 1929 αἴτιος
3419 1867 3454 1917 ὁ
3493 1864 3657 1928 Θεός.

2244 1954 2365 2026 Χρὴ
2394 1953 2615 2018 ειδέναι,
2654 1955 2737 2007 ὅτι
2770 1954 2891 2017 ἔθος
2922 1957 2987 2026 τῇ
3024 1955 3146 2025 θείᾳ
3189 1953 3525 2027 Γραφῇ,τὴν
3572 1972 3752 2027 παρα-

2170 2045 2413 2118 χώρησιν
2444 2044 2539 2100 τοῦ
2578 2044 2736 2111 Θεοῦ,
2762 2046 3045 2117 ἐνέργειαν
3070 2044 3236 2100 αὐτοῦ
3271 2046 3477 2112 καλεῖν,
3510 2047 3587 2112 ὡς
3617 2049 3746 2102 ὅταν

2172 2139 2307 2211 λέγῃ
2354 2142 2382 2193 ὁ
2425 2140 2747 2203 Ἀπόστολος
2795 2141 2853 2194 ἐν
2879 2142 2946 2211 τῇ
2979 2138 3118 2212 πρὸς
3160 2140 3467 2209 Ῥωμαίους
3502 2141 3746 2195 Ἐπιστο-

2173 2231 2238 2301 λῇ
2258 2245 2272 2259 ⁸
2308 2232 2379 2287 Ἢ
2402 2231 2514 2285 οὐκ
2542 2230 2667 2298 ἔχει
2701 2230 2991 2295 ἐξουσίαν
3020 2232 3053 2284 ὅ
3085 2229 3376 2299 κεραμεὺς
3410 2230 3513 2285 τοῦ
3541 2232 3740 2299 πηλοῦ

2172 2323 2239 2376 ἐκ
2277 2321 2385 2377 τοῦ
2430 2322 2616 2377 αὐτοῦ
2667 2321 3008 2391 φυράματος
3039 2320 3306 2391 ποιῆσαι,
3355 2321 3387 2375 ὃ
3406 2322 3517 2390 μὲν
3543 2325 3629 2389 εὶς
3659 2341 3743 2376 τι-

2168 2412 2296 2482 μὴν
2316 2413 2557 2477 σκεῦος,
2594 2411 2625 2465 ὃ
2663 2412 2731 2465 δὲ
2756 2414 2842 2477 εἰς
2871 2412 3138 2480 ἀτιμίαν;
3168 2411 3293 2465 Ὀτι
3326 2413 3425 2482 μὲν
3452 2412 3559 2484 γὰρ
3587 2413 3751 2477 αὐτὸς

2178 2507 2324 2557 ποιεῖ
2350 2503 2445 2559 καὶ
2481 2503 2657 2557 ταῦτα
2690 2504 2950 2558 κάκεῖναο
2987 2505 3150 2574 μόνος
3172 2505 3280 2577 γὰρ
3304 2506 3469 2569 αὐτός
3500 2508 3619 2559 ἐστι
3640 2507 3750 2559 τῶν

2178 2592 2431 2648 ἁπάντων
2478 2593 2839 2664 Δημιουργὸς,
2877 2592 2992 2646 ἀλλ’
3018 2594 3117 2645 οὐκ
3164 2594 3328 2658 αὐτὸς
3367 2595 3525 2665 τίμια
3580 2612 3753 2650 κατα-

2178 2684 2458 2748 σκευάζει,
2490 2684 2523 2755 ῆ
2571 2684 2764 2755 ἄτιμα,
2794 2683 2911 2738 ἀλλ’
2942 2684 2975 2754 ἡ
3014 2683 3191 2736 οἰκεία
3236 2685 3470 2739 ἑκάστου
3501 2687 3754 2757 προαίρε-

2180 2793 2285 2841 σις,
2329 2775 2442 2830 Καὶ
2486 2774 2645 2829 τοῦτο
2687 2775 2868 2845 δῆλον,
2896 2774 2955 2842 ἐξ
2981 2769 3056 2829 ὧν
3085 2777 3113 2828 ὁ
3142 2775 3306 2840 αὐτὸς
3346 2778 3664 2842 ’Δπόστολος
3695 2783 3753 2831 ὲν

2177 2872 2244 2940 τῇ
2294 2868 2431 2940 πρὸς
2480 2867 2744 2939 Τιμόθεον
2788 2867 3017 2940 δευτέρᾳ
3037 2867 3328 2939 Ἐπιστολῇ
3386 2886 3591 2937 φησιν·
3651 2867 3756 2921 Ἐν

2175 2960 2410 3031 μεγάλῃ
2440 2960 2601 3026 οὶκίᾳ
2633 2962 2744 3014 οὐκ
2787 2961 2919 3014 ἐστι
2958 2961 3152 3029 μόνον
3180 2962 3371 3024 σκεύη
3413 2959 3616 3029 χρυσᾶ
3658 2962 3756 3014 καὶ

2181 3051 2429 3125 ἀργυρᾶ,
2457 3053 2620 3107 ἀλλὰ
2664 3052 2761 3105 καὶ
2803 3052 3020 3117 ξύλινα
3051 3053 3151 3107 καὶ
3192 3054 3540 3122 ὀστράκινα,
3576 3055 3673 3108 καὶ
3718 3054 3757 3108 d

506 3151 611 3207 tea,
653 3141 743 3195 sed
793 3149 841 3195 et
876 3139 1049 3210 lignea
1082 3148 1131 3193 et
1162 3138 1355 3208 ﬁctilia
1402 3155 1421 3193 :
1444 3146 1494 3192 et
1520 3139 1764 3209 quaedam
1790 3143 1999 3209 quidem
2021 3140 2075 3193 in

2174 3144 2291 3214 μὲν
2316 3147 2403 3210 εὶς
2438 3142 2634 3214 τιμὴν,
2663 3142 2702 3197 ἁ
2729 3142 2797 3196 δὲ
2821 3145 2908 3208 εις
2936 3144 3195 3212 ἀτιμίαν.
3213 3142 3355 3197 Ἐὰν
3382 3138 3497 3197 οὖν
3539 3161 3628 3210 τις
3660 3146 3758 3196 ἐκ·

504 3235 781 3297 honorem,
842 3232 1087 3303 quredam
1143 3240 1318 3285 autem
1349 3231 1405 3285 in
1436 3231 1836 3285 contumeliam.
1865 3230 1927 3286 Si
1958 3231 2075 3301 quis

2178 3238 2405 3307 καθάρῃ
2436 3237 2654 3291 ἑαυτὸν
2679 3236 2797 3291 ἀπὸ
2821 3236 3071 3299 τούτων,
3101 3236 3271 3289 ἔσται
3300 3234 3521 3302 σκεῦος
3551 3240 3639 3301 εἰς
3681 3253 3760 3287 n-

502 3342 625 3395 ergo
671 3324 1034 3379 emundaverit
1076 3339 1131 3377 se
1174 3323 1238 3376 ab
1288 3324 1432 3385 istis,
1463 3324 1569 3377 erit
1602 3341 1694 3378 uas
1737 3325 1794 3378 in
1829 3326 2075 3378 honorem

2174 3330 2323 3401 μὴν,
2357 3327 2725 3399 ἡγιασμένον
2755 3327 2853 3381 καὶ
2873 3328 3210 3397 εὔχρηστον
3240 3326 3318 3391 τῷ
3340 3327 3632 3394 Δεσπότῃ,
3663 3328 3755 3392 εὶς

505 3417 920 3485 sanctiﬁcatum,
945 3427 993 3469 et
1030 3417 1162 3470 utile
1194 3416 1420 3470 Domino
1449 3417 1518 3469 ad
1535 3433 1685 3471 omne
1713 3434 1844 3488 opus
1882 3417 2077 3472 bonum

503 3508 811 3574 paratum".
867 3506 1096 3562 Constat
1134 3515 1317 3561 autem
1380 3509 1757 3577 purgationem
1794 3510 2079 3563 voluntate

508 3600 647 3655 lieri.
682 3598 744 3654 Si
770 3600 888 3669 quis
938 3599 1111 3663 enim,
1174 3599 1373 3669 inquit,
1404 3600 1769 3655 emundaverit
1801 3617 1875 3655 se.
1913 3599 2085 3670 Atqui

508 3690 851 3747 consectaria
885 3692 1179 3746 conversio
1204 3680 1271 3746 es
1304 3691 1539 3747 adverso
1566 3692 1884 3761 respondet,
1913 3691 2083 3761 quod,

509 3784 556 3839 si
590 3798 701 3837 non
732 3783 1133 3846 emundaverit,
1171 3784 1278 3838 erit
1300 3798 1399 3839 vas
1427 3784 1481 3837 in
1507 3784 1928 3848 contumeliam,
1961 3784 2085 3838 inu-

509 3873 605 3927 tile
659 3871 912 3933 Domino,
946 3886 1010 3925 ac
1035 3871 1265 3941 dignum
1317 3866 2081 3944 quod‘conlringatur.Quo-

508 3962 656 4016 circa
689 3970 801 4014 tum
842 3960 998 4013 locus
1056 3958 1147 4014 hic
1172 3975 1335 4030 quem
1392 3961 1743 4025 adduximus,
1773 3971 1885 4015 tum
1943 3962 2033 4017 ille
2065 3980 2079 4018 :

508 4054 779 4108 Conclusit
827 4052 969 4107 Deus
1005 4069 1182 4106 omnes
1222 4051 1597 4105 incredulitate
1623 4054 1681 4119 ⁸;
1707 4061 1762 4106 et
1792 4053 1939 4108 iste:
1976 4052 2083 4107 De;

507 4142 586 4196 dit
629 4144 705 4197 eis
733 4141 872 4195 Deus
900 4143 1146 4211 spiritum
1180 4142 1622 4209 compunctionis,
1648 4143 1827 4196 oculos
1872 4153 1931 4196 ut
1980 4160 2084 4198 non

506 4233 736 4299 videant,
794 4242 842 4287 et
866 4248 1020 4285 aures
1050 4240 1108 4283 ut
1148 4246 1253 4284 non
1301 4229 1523 4284 audiant
1569 4232 1625 4295 ⁶;
1669 4232 1805 4295 haec,
1837 4233 2082 4303 inquam,

506 4327 692 4383 omnia
732 4339 842 4380 non
901 4325 976 4378 ita
1012 4322 1335 4393 accipienda
1384 4333 1535 4387 sunt,
1594 4325 1752 4393 quasi
1786 4324 2079 4380 Deushaee

507 4420 625 4492 ipse
650 4417 913 4482 elfecerit,
934 4417 1029 4473 sed
1063 4415 1209 4486 quod
1238 4414 1574 4486 permiserit,
1598 4425 1712 4470 tum
1748 4417 1820 4470 ob
1850 4416 2079 4471 arbitrii

506 4510 839 4574 libertatem,
871 4517 985 4564 tum
1011 4508 1140 4578 quia
1166 4506 1369 4560 bonum
1416 4505 1690 4576 ejusmodi
1731 4514 1944 4561 naturae
1971 4515 2075 4572 est,
2109 4528 2157 4585 Β

508 4610 620 4656 uta
649 4600 699 4654 vi
722 4607 777 4653 et
798 4600 1087 4653 coactione
1125 4597 1360 4651 liberum
1391 4596 1485 4651 sit.

2180 3421 2304 3476 πᾶν
2354 3420 2532 3489 ἔργον
2582 3418 2808 3488 ἀγαθὸν
2858 3416 3319 3488 ἡτοιμασμένον.
3363 3416 3531 3485 Δῆλον
3572 3417 3631 3470 δὲ
3677 3418 3761 3481 ὡς

2180 3509 2443 3572 ἑκουσίως
2468 3510 2500 3580 ἡ
2534 3507 2802 3578 κάθαρσις
2818 3507 3024 3574 γίνεται
3051 3520 3068 3536 ⁸
3114 3506 3251 3559 Ἐὰν
3272 3504 3379 3574 γάρ
3409 3522 3520 3570 τις,
3564 3506 3759 3574 φησιν,

2178 3598 2478 3668 ἐκκαθάρῃ
2510 3599 2729 3653 ἑαυτόν
2746 3615 2760 3629 ⁸
2791 3600 2824 3669 ἡ
2852 3598 2908 3651 δὲ
2936 3596 3230 3661 ἀκόλουθος
3256 3596 3592 3668 ἀντιστροεὴ
3619 3596 3764 3649 ἀντι-

2180 3694 2381 3762 φωνεῖ’
2411 3689 2538 3743 Ἐὰν
2568 3689 2625 3741 δὲ
2659 3690 2734 3761 μὴ
2764 3689 3070 3760 ἐκκαθάρῃ,
3126 3688 3281 3741 ἔσται
3312 3686 3503 3750 σκεῦος
3532 3687 3611 3750 εἰς
3646 3689 3762 3740 ἀτι-

2180 3784 2329 3853 μίαν,
2376 3782 2648 3853 ἄχρηστον
2702 3779 2781 3850 τῷ
2822 3780 3090 3849 Δεσπότῃ,
3140 3777 3431 3849 συντριϐῆς
3488 3776 3649 3842 ἄξιον.
3683 3766 3759 3829 Τὸ

2177 3873 2271 3930 οῦν
2323 3874 2687 3946 προκείμενον
2738 3871 2941 3944 ῥητὸν,
2995 3871 3091 3925 καὶ
3136 3871 3229 3923 τόο
3278 3869 3675 3923 Συνέκλεισεν
3721 3870 3757 3921 ό

2182 3968 2326 4032 Θεὸς
2353 3967 2585 4033 πάντας
2621 3968 2710 4031 εις
2742 3965 3055 4019 ἀπείθειαν
3073 3980 3087 3995 ·
3121 3962 3218 4016 καὶ
3244 3963 3306 4015 τό
3328 3979 3341 3994 υ
3373 3960 3631 4015 Ἔδωκεν
3654 3962 3762 4014 αὺ-

2180 4059 2304 4125 τοῖς
2333 4063 2364 4113 ό
2393 4058 2538 4124 Θεὸς
2564 4057 2802 4125 πνεῦμα
2835 4054 3240 4119 κατανύξεως,
3269 4052 3616 4122 ὀφθαλμοὺς
3654 4052 3762 4107 τοῦ

2175 4151 2261 4221 μὴ
2301 4151 2577 4216 βλέπειν,
2622 4148 2724 4203 καὶ
2764 4144 2885 4204 ὦτα
2947 4147 3054 4201 τοῦ
3106 4146 3193 4215 μή
3244 4146 3519 4201 ἀκούειν’
3589 4144 3765 4197 ταῦτα

2182 4240 2384 4304 πάντα,
2421 4240 2517 4309 οὐχ
2559 4238 2633 4301 ὡς
2678 4238 2774 4290 τοῦ
2807 4236 2943 4289 Θεοῦ
2990 4237 3388 4306 ὲνεργήσαντος
3436 4231 3759 4302 ὲκληπτέον,

2184 4330 2297 4383 ἀλλ’
2328 4329 2402 4390 ὡς
2428 4329 2519 4382 τοῦ
2550 4329 2684 4381 Θεοῦ
2725 4330 3247 4399 παραχωρήσαντος,
3278 4326 3366 4380 διὰ
3403 4325 3464 4378 τὸ
3507 4323 3762 4388 αὐτεξού-

2187 4440 2299 4475 σιον
2330 4421 2424 4475 καὶ
2452 4420 2512 4473 τὸ
2544 4420 2805 4475 ἁδίαστον
2832 4418 2972 4474 εἶναι
2997 4418 3058 4471 τὸ
3085 4418 3276 4472 καλόν.

576 4753 624 4834 ζ’
652 4754 827 4823 Epist.
861 4760 1320 4834 apologetjeauad
1344 4762 1604 4834 Acacium
1635 4761 1892 4834 Melitinae
1911 4763 2260 4834 episcopum,
2292 4758 2453 4831 longe
2503 4778 2532 4816 a
2568 4763 2827 4834 medio.__
2854 4744 3765 4834 '_Damasc._9iaL._cont.'§laniclt-

508 4825 530 4857 ⁸
565 4821 724 4879 Rom.
753 4842 829 4892 Ix,
899 4821 987 4881 '2l.
1031 4821 1086 4860 ’³
1105 4830 1271 4884 Basil.
1308 4832 1496 4885 homil.

507 4893 597 4947 52.
671 4894 693 4925 ⁸
726 4894 829 4952 lsa.
866 4914 940 4964 vt,
982 4899 1088 4967 £0;
1132 4899 1291 4955 Rom.
1331 4916 1411 4965 xu,
1451 4902 1542 4957 10.

1539 4831 1697 4898 Quod
1741 4832 1885 4888 Deus
1926 4818 2035 4889 non
2105 4818 2186 4886 Isit
2245 4818 2418 4885 auct.”
2458 4834 2655 4889 maior.
2733 4832 2755 4864 ⁴
2785 4829 2827 4885 ll
2856 4829 2999 4885 Tim.
3030 4846 3091 4894 ιι,
3141 4825 3232 4891 20,
3285 4821 3379 4877 2L
3454 4821 3476 4851 ⁸
3507 4818 3665 4871 Ιὶῡιηο
3705 4830 3767 4874 II.

1786 5056 2021 5113 VARIAZ
2039 5057 2463 5118 :LECTIONESx

579 5153 607 5182 ιι
636 5141 769 5197 Cod.
825 5141 879 5197 S.
924 5142 1033 5199 Hil.
1056 5151 1110 5199 et
1150 5142 1283 5216 Reg.
1314 5143 1350 5198 2
1376 5144 1675 5199 δείκνυται.

2020 5232 2252 5290 ΝΟΤᾸΞ.

582 5326 818 5397 (9)7'011
846 5330 957 5381 οὐκ
985 5327 1139 5383 ἐστι.
1178 5328 1342 5382 Deum
1383 5338 1650 5397 auctorem
1690 5326 1961 5397 malorum
1981 5342 2083 5397 non

510 5395 648 5452 esse.
678 5396 794 5452 Hoc
859 5406 1165 5462 posuerunt
1211 5397 1507 5462 Platonici,
1534 5395 1806 5457 Gnostici,
1832 5405 1886 5449 et
1913 5395 2086 5448 Mani-

510 5468 668 5537 cliaei,
693 5469 785 5537 qui
822 5465 1028 5522 idcirco
1049 5468 1334 5523 materiam
1365 5468 1476 5522 Deo
1508 5481 1745 5521 coscvam
1781 5465 2081 5537 ﬁnxerunt,

513 5535 671 5601 cujus
695 5535 882 5607 nescio
908 5538 1031 5606 quis
1061 5540 1280 5607 genius,
1342 5537 1609 5607 malorum
1653 5536 1900 5607 omnium
1940 5544 2088 5590 esset

515 5613 725 5675 auctor.
760 5604 1016 5670 ,Quorum
1069 5604 1402 5662 sceleratum
1444 5604 1640 5675 dogma
1680 5604 1777 5659 SS.
1814 5605 2005 5665 Patres
2028 5615 2086 5658 ut

514 5671 937 5746 exborrperunt,
970 5676 1051 5731 sic
1084 5675 1176 5731 Dei
1237 5690 1457 5747 quoque
1489 5671 1843 5731 sanctitatem
1878 5689 2083 5745 prepu-

2190 5322 2740 5394 gnarunt._lrenzeus.
2773 5323 3005 5379 Eusebio
3039 5334 3093 5379 et
3138 5323 3477 5394 Hieronymo
3507 5306 3801 5394 testibusf

2192 5392 2389 5464 librum
2454 5392 2527 5447 De
2575 5395 2882 5448 monarchia
2942 5396 3187 5464 scripsit,
3235 5396 3290 5448 in
3349 5392 3463 5463 quo
3502 5393 3775 5464 adversus

2191 5462 2473 5517 Florinum
2529 5464 2950 5518 demonstrabat
3002 5461 3170 5519 Deum
3208 5480 3319 5519 non
3351 5461 3476 5518 esse
3514 5461 3771 5530 opiﬁcem

2193 5534 2344 5588 mali.
2386 5532 2459 5588 De
2502 5534 2602 5587 hoc
2643 5542 2968 5604 argumento
3028 5542 3210 5604 exstat
3268 5533 3454 5590 Basilii
3520 5531 3772 5604 humilia.

2191 5619 2357 5673 quam
2400 5597 2766 5673 inqepilome'n
2798 5604 3048 5673 coegisse
3089 5603 3287 5659 Noster
3332 5604 3569 5673 videtur.
3604 5597 3776 5655 Plura

2192 5671 2247 5725 in
2279 5674 2432 5729 libris
2458 5671 2685 5728 Patrum
2720 5671 3023 5729 occurrunt
3051 5674 3240 5730 eodem
3264 5672 3585 5730 recidentia.
