4072 6146
408 395 550 461 1195

477 517 522 549 ³⁸
544 512 749 570 Deinde
774 524 977 582 quaero,
999 508 1251 580 quisnam
1275 521 1431 562 suam
1456 506 1675 576 utrique
1700 508 1976 577 regionem
2013 518 2051 569 Α

401 608 699 691 pssiguarit
726 605 750 658 ?
779 603 967 674 Neque
1000 602 1148 657 enim
1184 615 1249 655 ea
1287 600 1464 654 amice
1502 599 1644 654 inter
1683 615 1742 653 se
1780 599 1980 654 coiisse

384 690 499 755 aut
522 695 702 752 fmdus
716 695 967 749 sanxisse
989 693 1275 762 inquient;
1301 690 1746 762 quandoquidem
1774 692 1978 746 malum

400 787 526 840 mali
555 799 753 839 nomen
802 783 1037 845 amittet,
1072 782 1118 836 si
1167 795 1358 851 pacem
1386 780 1558 845 eolat,
1586 787 1641 835 et
1671 795 1795 835 cum
1834 780 1980 833 bono

400 878 693 933 ronveniat
722 894 736 930 :
770 892 869 931 nec
900 889 1097 929 rursus
1153 873 1359 927 bonum
1388 873 1519 927 boni
1544 887 1741 925 nomen
1774 872 1981 925 retine-

404 973 502 1037 bit,
535 970 580 1026 si
616 984 743 1024 cum
778 968 923 1022 malo
971 963 1443 1021 necessitudinem
1480 964 1702 1018 habeat.
1735 961 1892 1028 Quod
1933 965 1979 1019 si

402 1063 542 1115 alius
574 1059 852 1130 quispiam
881 1066 988 1120 est,
1020 1058 1118 1127 qui
1170 1056 1392 1125 utrique
1424 1053 1608 1109 sedem
1639 1055 1977 1117 attrilmerit,

404 1155 492 1209 ille
523 1152 664 1206 Deus
695 1151 879 1221 potius
907 1149 1033 1205 erit.

470 1242 616 1308 Quin
647 1250 701 1297 et
754 1241 990 1295 duorum
1030 1239 1268 1293 alterum
1295 1250 1521 1292 necesse
1542 1236 1668 1299 erit,
1691 1226 1884 1305 nempe
1923 1241 1981 1289 ut

391 1335 491 1390 .vel
531 1349 592 1390 se
641 1332 874 1388 invicem
906 1339 1135 1401 tangant
1166 1338 1330 1399 atque
1360 1328 1652 1383 destruant
1688 1345 1701 1381 :
1744 1327 1825 1380 vel
1865 1341 1980 1380 me-

380 1425 531 1480 .dius
563 1423 849 1495 quispiam
881 1422 1036 1477 locus
1079 1422 1172 1487 sit,
1210 1420 1298 1473 ulli
1337 1433 1437 1473 nec
1469 1419 1697 1485 bonum,
1732 1431 1832 1471 nee
1861 1431 1981 1471 ma-

382 1516 517 1569 lum
558 1525 829 1577 versetur,
887 1513 1039 1568 velut
1070 1520 1286 1580 septum
1341 1509 1620 1580 quoddam
1686 1510 1754 1563 ab
1808 1508 1981 1562 altero

404 1608 639 1663 alterum
693 1608 987 1662 dirimens.
1052 1605 1127 1658 lta
1167 1605 1279 1674 jam
1312 1619 1420 1657 non
1448 1603 1580 1667 duo,
1618 1602 1714 1657 sed
1745 1604 1853 1656 tria
1887 1600 1978 1655 fu-

379 1709 528 1753 ~tura
554 1707 708 1751 sunt.

474 1792 685 1845 Horum
722 1793 849 1843 item
879 1791 1118 1842 alterum
1179 1790 1251 1841 sit
1289 1795 1528 1855 oportet,
1563 1801 1759 1855 nempe
1799 1792 1859 1840 ιιι
1891 1788 1977 1843 vel
2006 1792 2075 1855 '7'“

1606 390 1667 449 S.
1696 389 2018 450 JOANNIS
2045 388 2469 452 DAMASCENI

3522 378 3660 443 “illi

2154 508 2385 559 Ἔπειτα
2413 506 2496 569 τίς
2515 507 2543 558 ὀ
2566 504 2664 576 τὴν
2689 505 2872 576 χώραν
2896 503 3119 574 ἑκάστῳ
3149 500 3590 573 ἀποτεμνόμενος
3608 508 3659 572 ι,

2081 599 2157 651 Οὐ
2193 599 2303 669 γὰρ
2353 597 2600 668 ἀλλήλοις
2644 595 3027 667 συνενεχθῆναι
3073 595 3166 648 καὶ
3213 594 3660 665 ωμϐιϐασθῆναι

2082 693 2381 761 φήσουσιν·
2419 691 2541 743 ἐπεὶ
2574 689 2636 742 τὸ
2678 689 2849 743 κακὸν
2896 688 2959 741 οὐ
3006 686 3197 750 κακὸν,
3226 687 3450 757 εἰρήνην
3503 685 3659 755 ἄγον,

2084 784 2221 856 πρὸς
2250 783 2312 835 τὸ
2338 781 2544 851 ἀγαθόν
2571 798 2631 834 τε
2665 779 3162 851 συμόισαζόμενον,
3191 776 3302 830 οὐδ’
3341 776 3570 845 ἀγαθὸν,
3598 777 3662 829 τὸ

2082 879 2306 948 ἀγαθὸν,
2334 878 2564 949 φιλικῶς
2614 879 2749 949 πρὸς
2797 877 2857 930 τὸ
2906 875 3077 929 κακὸν
3109 874 3477 944 διακείμενον.
3509 874 3571 926 Ei
3604 872 3661 925 δὲ

2081 972 2290 1043 ἕτερος,
2318 972 2348 1023 ὁ
2391 971 2600 1025 τοῦτων
2632 970 2849 1040 ἑκάστῳ
2878 968 2975 1039 τὴν
3008 967 3219 1021 οἰκείαν
3246 967 3516 1036 ἀφορίσας
3549 965 3662 1018 δια-

2079 1064 2295 1135 τριϐὴν,
2325 1064 2530 1125 ἐκεῖνος
2550 1073 2575 1102 ο
2615 1061 2815 1131 μᾶλλον
2843 1060 2995 1113 ἔσται
3025 1059 3178 1122 Θεός.

2164 1244 2404 1315 Ἀνάγκη
2445 1243 2501 1298 δὲ
2549 1242 2646 1297 καὶ
2691 1243 2839 1296 δυοῖν
2891 1241 3139 1313 θάτερον,
3170 1241 3204 1311 ἢ
3250 1240 3519 1294 ἅπτεσθαι
3568 1241 3661 1293 καὶ

2082 1336 2324 1406 φθείρειν
2356 1336 2639 1406 ἀλλήλους,
2669 1334 2703 1406 ἢ
2741 1331 2881 1388 εἷναί
2921 1351 2974 1386 τι
3004 1332 3191 1403 μέσον,
3219 1333 3278 1383 ἐν
3304 1323 3349 1398 ᾧ
3376 1331 3496 1383 οὐδὲ
3526 1334 3666 1398 ἀγα-

2082 1428 2195 1493 θὸν,
2234 1427 2358 1481 οὐδὲ
2393 1427 2564 1481 κακὸν
2610 1426 2784 1490 ἔσται,
2816 1426 3009 1496 ὥσπερ
3037 1441 3088 1476 τι
3123 1423 3466 1492 διάφραγμα,
3497 1420 3665 1491 διεῖρ-

2080 1536 2178 1584 γον
2228 1518 2288 1583 ἐξ
2333 1519 2582 1589 ἀλλήλων
2624 1519 2930 1590 ἀμφότερα.
2965 1515 3074 1569 Καὶ
3123 1514 3224 1568 οὐκ
3270 1513 3348 1566 ἔτι
3384 1511 3495 1578 δύο,
3525 1510 3665 1566 ἀλλὰ

2083 1612 2233 1679 τρεῖς
2260 1611 2428 1680 ἀρχαὶ
2462 1610 2694 1664 ἔσονται.

2166 1791 2409 1861 ’Δνάγκη
2457 1789 2516 1843 δὲ
2558 1791 2655 1844 καὶ
2702 1788 2909 1842 τούτων
2940 1787 3001 1841 τὸ
3030 1785 3303 1857 ἑτερον,ἢ
3344 1784 3669 1856 εἰρηνεύειν,

374 1897 590 1952 .pacem
631 1882 776 1935 inter
812 1895 872 1934 se
916 1881 1143 1945 colant;
1173 1878 1319 1949 quod
1347 1877 1566 1947 quidem
1603 1892 1633 1931 a
1664 1878 1809 1931 malo
1845 1877 1979 1931 alie-

2097 1885 2230 1954 ὅπερ
2250 1854 2323 1934 τὸ
2341 1854 2511 1935 κακὸν
2539 1881 2600 1934 οὐ
2634 1879 2857 1933 δύναται
2881 1895 2893 1908 '
2939 1877 2998 1931 τὸ
3027 1854 3138 1948 γὰρ
3162 1854 3542 1947 εἰρηνεῦονοὺ
3572 1892 3673 1928 κα-

374 1989 534 2029 »ιιιιιη
565 1984 650 2029 est
673 1974 803 2043 (non
827 1972 973 2026 enim
1001 1973 1204 2025 malum
1236 1980 1344 2035 est,
1367 1970 1512 2040 quod
1534 1985 1724 2040 pacem
1755 1969 1982 2036 servat),

388 2066 501 2119 -ve|
534 2066 778 2118 intertse
803 2069 1066 2132 pugnent,
1099 2060 1246 2131 quod
1290 2060 1478 2115 itidem
1531 2073 1562 2112 a
1596 2060 1723 2114 boni
1787 2068 1985 2113 natura

407 2156 668 2211 abhorret
702 2154 871 2223 (nam
896 2152 1042 2221 quod
1099 2159 1328 2222 pugnat,
1354 2152 1558 2205 bonum
1593 2148 1841 2220 perfecte
1869 2165 1978 2203 non

404 2244 535 2309 est),
562 2244 647 2299 vel
675 2244 876 2297 malum
906 2242 1129 2311 quidem
1164 2250 1388 2311 pugnet,
1418 2240 1621 2294 bonum
1660 2248 1841 2295 autem
1874 2242 1986 2295 non

381 2343 688 2406 νγθρυςηοι,
703 2348 889 2388 verum
912 2348 939 2387 a
965 2333 1106 2387 malo
1122 2342 1525 2402 corrumpatur,
1553 2332 1634 2386 vel
1651 2332 1705 2386 in
1731 2339 1989 2402 perpetuo

408 2442 645 2484 mmrore
682 2433 735 2480 et
753 2426 1002 2480 molestia
1035 2433 1283 2480 versetur
1312 2425 1457 2493 quod
1475 2439 1606 2478 sane
1636 2437 1665 2476 a
1697 2426 1838 2478 bono
1854 2425 1989 2479 alie-

410 2535 540 2573 num
566 2527 669 2573 est.
694 2517 1045 2585 Perspicuum
1069 2515 1233 2584 igitur
1252 2514 1409 2585 291
1429 2522 1514 2569 est
1537 2529 1704 2568 unum
1725 2515 1992 2569 duntaxat

381 2626 533 2666 esse
561 2607 894 2678 principium
929 2608 997 2660 ab
1023 2607 1174 2659 omni
1218 2607 1360 2659 malo
1387 2606 1613 2659 liberum
1638 2613 1692 2659 et
1726 2605 1986 2659 immune.

488 2700 828 2758 Malumbom‘
854 2699 1104 2767 privatio,
1135 2714 1235 2751 non
1259 2696 1561 2750 substantia
1593 2697 1794 2767 aliqua.
1814 2697 1988 2761 —At,

413 2795 690 2863 inquiunt,
715 2795 756 2847 si
788 2806 877 2846 res
910 2791 983 2844 ita
1019 2805 1080 2844 se
1125 2790 1312 2854 habet,
1364 2804 1617 2858 quamam
1673 2788 1801 2843 mali
1836 2788 1992 2859 origo

411 2894 497 2939 est
524 2884 605 2938 ‘5?
651 2882 839 2952 Neque
869 2881 1013 2934 enim
1049 2878 1166 2934 ﬁeri
1211 2888 1409 2948 potest,
1460 2890 1517 2933 ut
1542 2879 1750 2933 malum
1782 2894 1813 2932 a
1846 2879 1992 2933 bono

410 2979 681 3048 originem
708 2975 960 3029 traxerit.
996 2972 1419 3043 Respondemus
1446 2973 1645 3025 malum
1682 2972 1819 3025 nihil
1844 2971 1988 3024 aliud

410 3085 537 3126 esse
564 3083 727 3140 quam
760 3068 1120 3138 privationem
1159 3066 1308 3127 boni,
1341 3073 1503 3133 atque
1530 3064 1598 3118 ab
1625 3079 1690 3118 eo
1717 3064 1865 3134 quod
1895 3079 1993 3117 na-

415 3172 553 3216 tura:
602 3166 1036 3215 censentaneum
1069 3166 1176 3220 est,
1213 3157 1268 3209 in
1305 3157 1358 3210 id
1396 3157 1544 3226 quod
1585 3166 1796 3211 natura:
1825 3171 1990 3226 repu-

413 3265 564 3326 gnat,
591 3252 975 3308 deﬂexionem.
1015 3248 1180 3304 Nulla
1235 3263 1324 3303 res
1371 3250 1517 3305 enim
1568 3256 1764 3319 suapte
1794 3257 1992 3302 natura

414 3347 558 3400 mala
586 3354 693 3401 cst.
727 3343 924 3398 Omnia
965 3342 1168 3410 quippe
1208 3354 1332 3409 qua:
1356 3338 1485 3394 fecit
1520 3338 1686 3403 Deus,
1720 3348 1992 3409 quatenus

415 3441 656 3496 exstant,
718 3432 876 3486 valde
928 3431 1070 3484 bona
1125 3429 1333 3483 sunt“.
1368 3428 1491 3494 Quo
1530 3430 1588 3482 lit
1621 3439 1700 3493 ut,
1727 3431 1856 3484 dum
1916 3431 1991 3485 ita

420 3532 671 3590 manent,
706 3524 852 3578 sicut
911 3521 1137 3577 condita
1178 3520 1355 3585 fuere,
1387 3521 1548 3576 valde
1592 3522 1735 3576 bona
1764 3522 1895 3575 sint.
1924 3521 1994 3574 At

2091 1976 2186 2029 κόν
2212 1994 2225 2006 ·
2256 1976 2289 2046 ἢ
2315 1974 2606 2045 μάχεσθαι,
2628 1972 2763 2043 ὅπερ
2791 1970 2853 2023 τὸ
2880 1968 3085 2038 ἀγαθὸν
3104 1968 3164 2021 οὐ
3186 1967 3413 2021 δύναται
3433 1982 3447 1995 °
3481 1966 3542 2018 τὸ
3565 1964 3675 2035 γὰρ

2095 2066 2403 2138 μαχόμενον
2451 2065 2514 2117 οὐ
2565 2062 2787 2124 τελείως
2819 2059 3023 2130 ἀγαθόν
3042 2077 3055 2090 ε
3087 2057 3205 2129 ῆτὸ
3240 2057 3339 2128 μὲν
3369 2055 3538 2109 κακὸν
3567 2057 3673 2126 μά-

2092 2157 2305 2226 χεσθαι,
2340 2155 2398 2208 τὸ
2428 2155 2483 2209 δὲ
2513 2153 2714 2222 ἀγαθὸν
2752 2152 2827 2224 μὴ
2855 2149 3273 2221 ἁντιμᾶχεσθαι,
3300 2149 3418 2204 ἀλλ’
3453 2148 3558 2201 ὑπὸ
3579 2147 3668 2201 τοῦ

2094 2248 2264 2303 κακοῦ
2298 2246 2612 2318 φθείρεσθαι
2633 2262 2648 2277 '
2680 2245 2712 2315 ἢ
2747 2246 2835 2297 ἀεὶ
2863 2242 3173 2304 λυπεῖσθαι,
3198 2243 3293 2295 καὶ
3313 2236 3660 2300 κακοῦσθαιδ,

2093 2342 2228 2410 ὅπερ
2271 2341 2333 2393 οὐ
2381 2337 2474 2393 τοῦ
2525 2336 2732 2406 ἀγαθοῦ
2766 2335 3085 2405 γνώρισμα·
3139 2333 3235 2405 μία
3277 2333 3451 2387 τοίνυν
3499 2330 3664 2402 ἀρχὴ,

2095 2433 2274 2503 πάσης
2306 2432 2506 2494 κακίας
2530 2430 2927 2501 ἀπηλλαγμένη

2181 2701 2320 2754 Ἀλλ’
2346 2703 2395 2755 εἰ
2416 2701 2598 2766 τοῦτο,
2637 2701 2772 2770 φασὶ
2798 2712 2845 2765 ο,
2878 2698 3042 2753 πόθεν
3072 2698 3134 2752 τὸ
3169 2700 3339 2753 κακόν
3368 2717 3384 2767 ;
3429 2700 3677 2771 Ἀμήχα-

2097 2810 2187 2846 νον
2208 2794 2315 2865 γὰρ
2336 2795 2399 2847 ἑκ
2427 2793 2523 2847 τοῦ
2569 2792 2778 2862 ἀγαθοῦ
2801 2793 2864 2846 τὸ
2913 2793 3085 2846 κακὸν
3129 2790 3274 2863 ἔχειν
3305 2791 3404 2861 τὴν
3438 2792 3676 2859 γένεσιν.

2095 2886 2281 2956 Φαμὲν
2331 2881 2426 2939 οὖν
2445 2927 2461 2947 ,
2508 2886 2590 2939 ὅτι
2630 2886 2691 2939 τὸ
2719 2885 2887 2940 κακὸν
2918 2885 3068 2938 οὐδὲν
3097 2885 3285 2956 ἕτερόν
3316 2887 3484 2949 ἐστιν,
3524 2886 3573 2937 εί
3602 2883 3680 2954 μὴ

2100 2978 2357 3048 στέρησις
2385 2978 2480 3031 τοῦ
2516 2976 2746 3046 ἀγαθοῦ,
2778 2977 2875 3030 καὶ
2903 2979 2965 3029 ἐκ
2995 2976 3084 3029 τοῦ
3132 2976 3273 3029 κατὰ
3308 2975 3471 3046 φύσιν
3511 2977 3588 3038 εἰς
3616 2976 3679 3027 τὸ

2099 3070 2249 3141 παρὰ
2300 3052 2462 3138 φῦσιν
2508 3070 2838 3140 παραδρομὴ
2867 3069 2894 3108 ά
2924 3087 2936 3098 ·
2992 3068 3145 3121 οὐδὲν
3182 3068 3293 3138 γὰρ
3322 3068 3494 3121 κακὸν
3538 3067 3681 3120 κατὰ

2100 3161 2284 3230 φύσιν.
2320 3161 2508 3214 Πάντα
2533 3160 2639 3231 γὰρ
2670 3161 2771 3213 ὅσα
2802 3159 3061 3230 ἐποίησεν
3097 3160 3126 3212 ὁ
3172 3158 3324 3223 Θεὸς,
3362 3157 3502 3210 καλὰ
3534 3157 3679 3221 λίαν,

2095 3252 2230 3305 καθὸ
2261 3251 2484 3320 γέγονεν
2510 3269 2521 3282 ·
2576 3251 2720 3304 οὕτω
2765 3251 2946 3304 τοίνυν
2990 3251 3249 3321 μένοντα,
3303 3248 3485 3312 καθὼς
3523 3248 3678 3301 ἔκτι-

2096 3361 2243 3408 σται,
2280 3344 2420 3397 καλὰ
2449 3343 2569 3398 λίαν
2592 3343 2760 3397 είσίν·
2791 3342 3054 3406 ἑκουσίως
3084 3343 3138 3396 δὲ
3161 3338 3563 3410 ἀνεκφοιτῶντα
3606 3340 3678 3393 ἐκ

2097 3436 2191 3492 τοῦ
2222 3437 2365 3490 κατὰ
2392 3437 2576 3506 φύσιν,
2602 3437 2696 3490 καὶ
2723 3437 2802 3500 εἰς
2831 3435 2893 3489 τὸ
2915 3434 3068 3506 παρὰ
3106 3434 3261 3503 φύσιν
3291 3432 3585 3504 ἐρχόμενα,
3615 3433 3677 3483 ἐν

2098 3524 2177 3595 τῷ
2206 3525 2364 3595 κακῷ
2393 3527 2656 3595 γίνονται.

418 3616 548 3671 dum
585 3625 781 3686 sponte
815 3616 884 3671 ab
909 3630 976 3671 eo
1008 3616 1153 3686 quod
1193 3626 1403 3672 natura:
1425 3626 1866 3672 consentaneum
1891 3629 1993 3681 est,
2036 3621 2365 3687 abscedunt,
2426 3630 2592 3691 atque
2640 3621 2707 3675 ad
2743 3618 2798 3674 id
2855 3618 3002 3690 quod
3079 3626 3294 3675 natura
3334 3616 3686 3682 adversatur,

419 3725 544 3769 sese
564 3710 879 3773 conferunt,
914 3710 967 3764 in
1006 3711 1212 3766 malum
1242 3713 1523 3766 labuntur.

490 3805 661 3874 Atqui
693 3805 777 3859 sic
823 3811 1199 3872 comparatum
1230 3811 1338 3869 est,
1368 3812 1430 3858 ut
1475 3809 1677 3858 cuncta
1706 3799 1992 3858 Conditori

421 3898 688 3954 serviant.
715 3894 907 3963 illique
934 3894 1220 3948 obediant.
1247 3893 1430 3960 Quare
1458 3907 1581 3947 cum
1614 3899 1994 3974 creaturarum

422 3992 610 4062 aliqua
674 3986 895 4042 frenum
949 3985 1181 4051 excutit,
1233 3996 1642 4054 contumaxque
1671 3983 1995 4037 ﬁtereatori

425 4099 547 4148 suo,
578 4090 695 4135 tum
739 4077 977 4147 denique
1006 4076 1090 4132 sui
1119 4078 1237 4148 ipsa
1292 4077 1407 4130 vitii
1441 4083 1635 4130 auctor
1668 4076 1771 4130 est.
1797 4073 1996 4127 Malum

422 4174 571 4230 enim
596 4187 703 4226 non
732 4169 1046 4225 substantia
1073 4168 1277 4238 aliqua,
1310 4180 1489 4235 neque
1519 4165 1841 4221 substantia:
1871 4180 1997 4233 pro-

427 4267 633 4338 prietas
691 4274 796 4324 est,
834 4261 930 4317 sed
992 4259 1287 4324 accidens;
1330 4258 1432 4311 hoc
1478 4264 1582 4320 est,
1632 4273 1699 4311 ex
1752 4272 1818 4311 eo
1857 4254 2004 4324 quod

428 4358 638 4411 natur‘m
686 4355 1036 4423 aptissimum
1065 4358 1169 4411 est,
1215 4348 1270 4401 in
1305 4347 1357 4401 id
1401 4345 1546 4416 quod
1584 4355 1796 4400 natura:
1844 4360 2006 4414 repn-

422 4453 579 4515 gnat,
628 4442 938 4495 voluntaria
969 4438 1222 4499 dellexio,
1252 4437 1367 4490 sive
1401 4441 1705 4503 peccatum.

500 4534 714 4591 Peccati
738 4548 926 4600 parens
958 4530 1229 4591 diabolus,
1266 4528 1553 4591 voluntate,
1589 4542 1690 4579 non
1720 4536 2010 4578 natura.—

2172 3798 2333 3854 Κατὰ
2356 3798 2519 3868 φύσιν
2548 3799 2653 3869 μὲν
2670 3793 2763 3854 οὖν
2794 3799 2972 3854 πάντα
3018 3799 3180 3853 δοῦλα
3221 3800 3319 3854 καὶ
3344 3800 3556 3871 ὑπήκοα
3587 3800 3681 3854 τοῦ

2105 3889 2469 3966 Δημιουργοῦ.
2512 3891 2679 3944 Ὅταν
2718 3887 2811 3945 οῦν
2846 3892 3111 3956 ἑκουσίως
3142 3909 3195 3945 τι
3221 3891 3331 3947 τῶν
3369 3893 3679 3962 κτισμάτων

2105 3985 2405 4058 ἀφηνιάσῃ,
2432 3984 2527 4037 καὶ
2552 3986 2830 4056 παρήκοον
2859 3984 2955 4038 τοῦ
2994 3986 3325 4057 ποιήσαντος
3362 3996 3387 4024 ε
3435 3984 3565 4038 αὐτὸ
3588 3985 3682 4051 γέ-

2106 4094 2287 4147 νηται,
2318 4077 2375 4129 ἑν
2396 4075 2576 4145 ἑαυτῷ
2600 4078 2972 4148 συνεστήσατο
2998 4078 3096 4149 τὴν
3121 4078 3345 4132 κακίαν.
3371 4079 3558 4132 Κακία
3580 4080 3689 4149 γὰρ

2108 4168 2209 4221 οὐκ
2226 4166 2386 4220 οὐσία
2417 4167 2501 4230 τίς
2529 4167 2700 4231 ἑστιν,
2731 4167 2851 4220 οὐδὲ
2892 4168 3081 4232 οὐσίας
3123 4168 3343 4241 ἰδίωμα,
3381 4169 3515 4223 ἀλλὰ
3554 4187 3691 4242 συμ-

2110 4258 2367 4328 ϐεϐηκὸς,
2403 4259 2520 4329 ἦτοι
2558 4259 2622 4310 ἐκ
2662 4257 2757 4311 τοῦ
2800 4259 2941 4312 κατὰ
2976 4259 3138 4329 φύσιν
3160 4262 3241 4323 είς
3264 4261 3325 4314 τὸ
3350 4260 3502 4331 παρά
3526 4264 3690 4331 φύσιν

2110 4350 2357 4413 ἑκούσιος
2380 4349 2730 4421 παρατροπὴ,
2752 4351 2888 4421 ὅπερ
2910 4352 3058 4404 ἐστὶν
3088 4351 3356 4422 ἁμαρτία.

2184 4525 2356 4611 Πόθεν
2408 4521 2502 4581 οῦν
2534 4527 2564 4597 ἡ
2599 4526 2886 4597 ἁμαρτία;
2923 4526 3035 4596 Τῆς
3085 4526 3432 4592 αὐτεξουσίου
3466 4527 3692 4598 γνώμης

430 4628 716 4683 Undenam
751 4624 915 4693 igitur
945 4621 1280 4690 peccatum"
1307 4620 1330 4672 ’ἶ
1360 4618 1566 4673 Libera:
1604 4617 1863 4670 nimirum
1886 4616 1993 4669 dia-

2112 4618 2205 4671 τοῦ
2225 4618 2481 4672 διαϐόλου
2527 4617 2766 4689 εὕρημα.
2818 4619 3005 4682 Κακὸς
3038 4614 3131 4671 οῦν
3163 4618 3192 4669 ὁ
3222 4618 3498 4682 διάϐολοςς
3543 4619 3686 4673 Kal}?

425 4717 539 4772 boli
571 4713 873 4769 voluntatis
899 4712 1180 4768 inventum
1198 4720 1303 4766 est.
1329 4708 1476 4781 Ergo
1499 4708 1754 4763 diabolus
1784 4707 2009 4761 malus?

423 4808 592 4863 Certe
645 4811 918 4874 quatenus
953 4802 1211 4857 conditus
1261 4810 1366 4866 est,
1413 4817 1523 4856 non
1553 4808 1641 4856 est
1672 4801 1873 4863 malus,
1907 4799 2001 4854 sed

354 4930 367 4953 1
430 4898 629 4951 bonus.
685 4892 927 4962 Angelus
958 4892 1104 4945 enim
1156 4891 1396 4957 lucidus,
1425 4906 1488 4946 ac
1521 4891 1725 4946 eximie
1761 4889 2003 4960 splendi-

428 4986 536 5043 dus
591 4986 659 5039 ab
695 4982 902 5054 Opiﬂce
948 4982 1205 5038 conditus
1233 4981 1357 5044 fuit,
1392 4983 1719 5052 arbitriique
1744 4983 2000 5038 libertate

430 5076 719 5146 prmditus,
740 5082 929 5144 utpote
961 5072 1267 5126 rationalis.
1292 5072 1562 5128 Czcterum
1595 5089 1624 5127 a
1649 5073 1854 5128 virtute
1881 5088 2005 5142 qua:

430 5178 641 5223 natura:
670 5178 1040 5222 consentanea
1067 5172 1171 5230 est,
1204 5173 1402 5234 sponte
1434 5166 1774 5228 desciscens,
1810 5166 1866 5218 in
1892 5180 2005 5219 ma-

504 5320 548 5353 ”
614 5324 864 5381 Damasc.
895 5322 1026 5384 dial.
1092 5321 1244 5377 Cant.
1310 5319 1549 5375 Municlt.

435 5390 476 5424 ⁸⁷
505 5391 667 5448 Basil.
700 5398 835 5451 ibid.

1649 5317 1882 5371 "Basil.
1949 5316 2111 5371 hom.r
2152 5315 2322 5374 Deum
2384 5331 2494 5373 non
2548 5331 2668 5375 esse
2732 5331 2886 5375 caus.
2947 5318 3076 5372 mal.

2117 4710 2215 4781 μὲν
2240 4711 2484 4779 γέγονεν,
2539 4711 2600 4763 οὐ
2625 4710 2815 4775 κακὸς,
2854 4710 2969 4763 ἀλλ’
3021 4708 3255 4778 ἀγαθός·
3301 4708 3530 4777 ἅγγελος
3579 4711 3689 4776 γὰρ

2115 4799 2377 4869 φωτεινὸς
2443 4799 2538 4854 καὶ
2588 4800 2971 4871 λαμπρότατος
3033 4800 3139 4854 ὑπὸ
3197 4799 3291 4853 τοῦ
3344 4797 3691 4869 Δημιουργοῦ

2113 4892 2377 4957 ἔκτισται,
2407 4889 2753 4957 αὑτεξούσιος
2800 4891 2877 4954 ὡς
2897 4890 3114 4961 λογικός
3136 4907 3151 4923 ·
3200 4892 3464 4956 ἑκουσίως
3506 4907 3567 4944 τε
3594 4891 3689 4960 τῆς

2113 4982 2254 5037 κατὰ
2283 4980 2447 5051 φύσιν
2472 4982 2674 5053 ἀρετῆς
2720 4982 3081 5053 ἀπεφοίτησε,
3110 4983 3208 5036 καὶ
3227 4985 3286 5037 ὲν
3312 4981 3392 5053 τῷ
3413 4982 3565 5051 ζόφῳ
3591 4980 3689 5050 τῆς

2111 5071 2313 5135 κακίας
2352 5072 2565 5142 γέγονε,
2597 5070 2731 5125 Θεοῦ
2765 5072 3101 5143 μακρυνθεὶς
3126 5072 3218 5126 τοῦ
3261 5073 3425 5143 μόνου
3457 5069 3690 5140 ἀγαθοῦ,

2112 5166 2207 5218 καὶ
2230 5163 2497 5230 ζωοποιοῦ
2525 5204 2541 5229 ,
2593 5164 2685 5218 καὶ
2733 5163 3041 5234 φωτοποιοῦ
3061 5180 3076 5196 ο
3129 5163 3192 5229 ἐξ
3238 5164 3405 5218 αὑτοῦ
3435 5164 3546 5235 γὰρ
3576 5163 3688 5217 πᾶν

3187 5317 3232 5350 ¹⁶
3287 5318 3425 5376 Gen.
3476 5334 3529 5385 ι,
3595 5318 3689 5376 3t.

1743 5448 1975 5506 VARle
2015 5450 2426 5510 LEC’I‘IONES.

503 5582 528 5609 ³
558 5571 693 5628 Cod.
729 5575 786 5630 S.
828 5577 932 5632 Ilii.
966 5587 1017 5631 et
1049 5577 1138 5630 alii
1175 5576 1393 5646 quidam
1435 5569 1862 5646 ἀποτεμόμξνρῖν
1899 5565 2094 5646 melius
2141 5565 2194 5619 iu
2236 5566 2362 5646 aliis
2404 5568 2813 5646 απονεμόμενος
2841 5572 2973 5646 χείρ
3033 5583 3189 5629 vetus
3226 5574 3455 5646 interpr.
3508 5575 3701 5630 diuti—

426 5638 723 5714 lmcntem.»
765 5658 791 5685 ι
830 5647 964 5714 Reg.
990 5637 1220 5705 LColh'.
1254 5645 1275 5696 l
1337 5637 1621 5714 διατριϐὴν
1667 5638 1862 5714 διδοὺς,
1914 5637 2138 5714 ἐκεῖνος·

434 5712 591 5784 φησι,
620 5712 764 5766 unde
792 5714 845 5766 in
886 5686 1043 5771 videri
1066 5686 1425 5770 ἷταιιέιιιιὶοιιε
1462 5686 1661 5782 ίιιςὶίυν
1695 5711 1771 5761 m’t
1818 5686 2117 5759 ltn'reticus:
2190 5706 2216 5745 ἀ
2248 5704 2375 5762 Mss.
2409 5708 2657 5775 quaedam
3075 5723 3134 5767 ut
3164 5686 3325 5769 afri}:

436 5780 723 5842 κτίσαντος

2240 5637 2293 5711 ιζ,
2323 5637 2480 5692 Colb.
2538 5639 2562 5711 ί
2620 5637 3029 5711 κακουχείσθαι.
3134 5654 3156 5680 ο
3193 5637 3425 5711 Quidain
3467 5647 3700 5701 codices

3407 5728 3429 5754 ⁸
3462 5718 3623 5771 (Iulii.
3674 5721 3693 5772 ι
