4072 6146
435 222 562 286 1201

1422 226 1517 284 DE
1570 224 1741 284 FlDE
1773 219 2225 281 OltTIIODOXA
2263 221 2406 278 LIB.
2443 220 2515 277 Ιν

3467 216 3629 282 1202‘

436 326 511 399 μὴ
528 327 593 379 δι’
627 327 897 396 ὑπομονῆς
920 330 1009 382 καὶ⁹
1037 332 1358 401 προσευχῆς,
1388 330 1481 393 τὰς
1505 329 1720 392 ἐντολὰς
1740 328 1831 382 τοῦ
1858 327 1963 381 Κυ-

2090 330 2204 384 dem
2238 335 2321 380 est
2347 337 2408 377 ac
2439 324 2479 376 si
2504 324 2728 387 diceret,
2761 322 2874 390 ipse
2897 336 2995 375 uos
3020 321 3176 376 docet
3191 320 3320 390 quid
3339 322 3609 379 orandum

435 415 545 486 ρίου
574 432 699 468 κατε
710 418 1022 485 ργάσασῦαι.

907 594 1152 648 ΚΕΦΑΛ.
1187 596 1289 648 ΚΡ
1320 594 1496 665 [ι,ς’].

590 684 750 738 Κατὰ
783 683 1080 737 Ἰουδαίων
1119 683 1163 746 i,
1196 686 1325 752 περὶ
1354 686 1457 738 τοῦ
1484 684 1797 740 Σαϐϐάτου.

498 771 772 825 Σάϐϐατον
801 772 834 841 ἡ
859 770 1055 840 ἑϐδόμη
1087 771 1266 841 ἡμέρα
1296 771 1583 841 κέκληται·
1613 772 1764 841 δηλοί
1787 772 1844 824 δὲ
1873 771 1969 840 τὴν

431 860 786 914 κατάπαυσιν.
862 859 948 910 Ἐν
996 860 1133 929 αὐτῇ
1179 859 1286 929 γὰρ
1342 860 1717 913 κατέπαυσεν
1765 862 1797 913 ό
1829 859 1970 924 Θεὸς

432 948 549 1002 ἀπὸ
599 947 835 1001 πάντων
885 945 1003 1000 τῶν
1039 947 1224 1015 ἔργων
1270 948 1475 1012 αὐτοῦ,
1519 947 1594 1011 ὣς
1623 965 1753 1017 φησι
1787 950 1819 1018 ἡ
1853 948 1973 1000 θεία

434 1036 616 1104 Γραφή
638 1053 652 1067 ο
685 1034 763 1088 διὸ
791 1034 884 1088 καὶ
914 1037 1101 1106 μέχρις
1131 1037 1268 1091 ἑπτὰ
1307 1039 1335 1089 ὁ
1375 1036 1716 1108 τῶνὴμερῶν
1746 1037 1971 1108 ἀριθμὸς

433 1124 739 1193 προϐαίνων
760 1165 776 1190 ,
810 1125 967 1178 πάλιν
1003 1128 1413 1190 ἀνακυκλοῦται,
1453 1128 1542 1180 καὶ
1570 1127 1676 1181 ἀπὸ
1701 1129 1796 1197 τῆς
1823 1127 1973 1198 πρώ-

433 1227 530 1279 της
547 1214 794 1282 ἄρχεται.
821 1207 988 1275 Οὗτος
1009 1216 1037 1265 ὁ
1061 1215 1289 1283 ἀριθμὸς
1314 1216 1489 1284 τίμιος
1509 1216 1657 1284 παρὰ
1686 1216 1971 1277 Ἰουδαίοις,

433 1301 528 1353 τοῦ
558 1301 691 1353 Θεοῦ
724 1302 1122 1371 προστάξαντος
1142 1304 1405 1373 τιμᾶσθαι
1427 1304 1605 1368 αὐτὸν,
1640 1305 1733 1372 οὐχ
1755 1304 1827 1366 ὡς
1854 1303 1974 1357 Eru-

438 1407 552 1458 χεν,
584 1390 717 1442 ἀλλὰ
768 1392 862 1443 καὶ
895 1392 1031 1460 μετὰ
1083 1392 1392 1463 βαρυτάτων
1425 1394 1516 1445 ἐπὶ
1559 1397 1622 1462 τῇ
1669 1394 1974 1462 παραϐάσει

439 1475 743 1546 ἐπιτιμίων.
775 1478 885 1547 Οὐχ
925 1478 1108 1541 ἁπλῶς
1152 1480 1209 1531 δὲ
1262 1479 1415 1532 τοῦτο
1443 1478 1789 1548 προσέταξεν,
1843 1481 1974 1533 ἀλλὰ

436 1564 525 1617 διά
554 1581 705 1624 τινας
740 1567 1015 1635 μυστικῶς
1040 1571 1148 1630 τοῖς
1183 1573 1563 1638 πνευματικοῖς
1591 1586 1649 1621 τε
1684 1570 1773 1622 καὶ
1801 1570 1977 1639 διορα-

439 1659 608 1717 τικοις
645 1658 1076 1724 κατανοουμένας
1104 1659 1302 1720 αξτίας.

523 1820 611 1915 ᾯς
642 1823 742 1892 ἐμὲ
773 1823 902 1915 γοῦν
940 1826 1138 1915 γνῷναι
1175 1843 1265 1879 τον
1281 1828 1509 1915 ῥμαθεῖγ
1552 1829 1617 1881 ἶν’
1650 1832 1713 1882 ἐκ
1739 1828 1847 1882 τῶν
1885 1847 1984 1882 κα-

439 1910 688 1979 τωτέρων
716 1913 809 1964 καὶ
854 1914 1170 1984 παχυτέρων
1199 1910 1483 1985 ᾶρξωμαιῖ
1523 1917 1677 1979 εἰδὼς
1703 1920 1731 1970 ὁ
1760 1918 1888 1979 Θεὸς
1925 1919 1985 1970 τὸ

442 1997 587 2065 παχύ
616 2015 674 2051 τε
719 1999 814 2051 καὶ
866 2000 1213 2070 φιλόσαρκον,
1269 2002 1363 2054 καὶ
1392 2002 1526 2072 πρὸς
1557 1988 1656 2073 τὴν
1690 2002 1819 2072 ὓλην
1851 2004 1984 2066 ὅλως

444 2087 750 2157 ἁπορρεπὲς
798 2088 891 2141 τοῦ
948 2088 1277 2159 Ἰσραηλίτου
1330 2088 1482 2152 λαοῦ,
1538 2090 1655 2158 ἃμα
1689 2090 1746 2142 δὲ
1803 2089 1987 2142 καὶτὸ

445 2177 750 2246 ἀδιάκριτον
772 2195 784 2208 ·
819 2177 1032 2248 πρῶτον
1051 2177 1171 2246 μὲν,
1198 2178 1299 2230 ἵνα
1332 2180 1366 2231 ό
1386 2177 1602 2244 δοῦλος
1632 2179 1728 2232 καὶ
1760 2179 1824 2231 τὸ
1845 2183 1988 2234 ὐπο-

445 2262 640 2332 ζῢγιον
668 2265 1101 2332 ἁναπαύσηται,
1132 2266 1207 2328 ὡς
1229 2265 1569 2335 γέγραπταιο
1613 2269 1803 2339 ἐπειδὴ
1833 2268 1987 2336 ἀνὴρ

446 2351 669 2418 δίκαιος
701 2355 964 2421 οἰκτείροι
995 2355 1099 2420 τὰς
1129 2356 1332 2422 ψυχὰς
1373 2354 1605 2423 κτηνῶν
1647 2357 1848 2422 αὑτοῦ,
1872 2358 1987 2427 ἅμα

448 2442 534 2496 ἵνα
560 2443 617 2496 δὲ
639 2446 732 2497 καὶ
758 2445 948 2513 σχολὴν
970 2445 1192 2513 ἄγοντες
1211 2447 1275 2503 ἐκ
1294 2446 1386 2499 τοῦ
1410 2447 1537 2516 περὶ
1566 2446 1664 2516 τὴν
1693 2446 1823 2518 ὓλην
1842 2464 1991 2518 περι-

449 2532 719 2601 σπασμοῦ,
757 2534 890 2603 πρὸς
938 2535 1026 2587 τὸν
1072 2535 1204 2587 Θεὸν
1238 2536 1603 2602 συνάγωνται,
1652 2538 1711 2589 ὲν
1736 2535 1987 2606 ψαλμοῖς,

450 2622 544 2674 καὶ
576 2621 784 2691 ὕμνοις,
840 2626 931 2676 καὶ
982 2624 1144 2694 ᾠδαῖς
1198 2628 1613 2694 πνευματικαῖς,
1665 2627 1756 2678 καὶ
1792 2626 1989 2697 μελέτῃ

448 2710 554 2763 τῶν
578 2710 734 2763 θείων
754 2713 983 2781 Γραφῶν
1000 2712 1212 2767 ἅπασαν
1226 2714 1323 2783 τὴν
1340 2713 1575 2784 ἑϐδόμην
1592 2715 1989 2783 ἀναλίσκοντες,

451 2801 546 2852 καὶ
571 2803 627 2851 ὲν
652 2799 769 2870 Θεῷ
815 2801 1237 2865 καταπαύοντες.
1267 2804 1395 2856 Ὅτε
1434 2804 1532 2873 μὲν
1559 2804 1667 2874 γὰρ
1695 2804 1769 2874 (5)
1803 2807 1902 2858 οὐκ
1925 2802 1991 2876 ἦν

2067 419 2157 472 sit.
2185 418 2257 468 Ex
2291 429 2398 483 quo
2430 412 2502 470 tit,
2535 418 2591 462 ut
2625 408 2713 463 Dei
2742 417 3002 478 praecepta
3038 408 3143 462 nisi
3174 423 3265 476 per
3293 406 3604 476 patientiam

2067 513 2124 560 et
2152 504 2448 558 orationem
2478 497 2687 566 impleri
2721 511 2824 550 non
2854 495 3097 561 possint..

2631 579 2781 634 CAP.
2822 578 2985 632 XXIII

2381 672 2637 725 Adversus
2667 668 2904 729 Juda'os,
2931 668 2993 719 de
3033 666 3265 720 Sabbato

2147 765 2261 819 Diei
2285 764 2487 832 septimi
2516 760 2718 830 religio.
2744 787 2811 832 —-_
2842 758 3136 812 Sabbatum
3195 755 3310 809 dies
3350 755 3607 822 septimus

2074 864 2298 909 vocatus
2324 830 2426 916 est,
2474 862 2526 904 et
2552 830 2817 918 requiem;
2840 847 3129 916 signiﬁcat.
3189 845 3331 899 Deus
3374 846 3515 899 enim
3545 860 3613 898 eo

2075 943 2183 1004 die.
2218 943 2358 996 sicut
2382 942 2454 993 ait
2485 940 2790 1007 Scriptura,
2811 938 3053 1004 requievit
3081 943 3143 988 ab
3165 935 3402 1010 operibus
3424 937 3528 988 suis
3546 936 3633 999 ",.

2078 1040 2135 1086 ut
2162 1045 2423 1084 numerus
2452 1029 2662 1083 dierum
2699 1026 2765 1079 ad
2817 1027 3105 1093 septimum
3144 1040 3315 1094 usque
3364 1039 3614 1093 progres-

2076 1137 2195 1184 sus,
2238 1135 2429 1174 rursus
2462 1119 2518 1170 in
2550 1117 2735 1170 orbem
2776 1114 2982 1179 redeat,
3030 1125 3243 1183 atquea
3286 1113 3458 1181 primo
3513 1113 3617 1165 ini-

2077 1210 2210 1262 tium
2245 1215 2447 1261 sumat.
2482 1205 2577 1260 llic
2613 1220 2778 1273 porro
2802 1220 3059 1258 numerus
3105 1204 3249 1271 apud
3296 1201 3511 1255 Iudaeos
3563 1201 3621 1273 in

2079 1298 2281 1349 honore
2308 1303 2389 1347 est
2418 1311 2430 1348 :
2481 1294 2683 1361 quippe
2739 1308 2900 1360 quem
2935 1291 3078 1344 Deus
3113 1288 3216 1342 coli
3270 1287 3618 1355 praeceperit,

2079 1385 2242 1453 idque
2275 1398 2379 1435 non
2416 1383 2778 1444 defunctorie,
2812 1381 2904 1434 sed
2937 1377 3278 1449 gravissimis
3312 1376 3478 1430 etiam
3508 1390 3622 1449 p033

2078 1476 2166 1528 nis
2197 1473 2418 1527 statutis
2448 1455 2501 1524 in
2531 1487 2647 1532 eos,
2681 1472 2773 1539 qui
2810 1469 2938 1523 illud
2980 1467 3309 1545 transgressi
3348 1473 3530 1521 essent
3553 1465 3620 1516 ³⁷.

2078 1562 2188 1617 Nec
2213 1576 2340 1615 vero
2373 1568 2577 1615 temere
2611 1559 2663 1613 id
2692 1560 2783 1614 ille
2815 1559 3103 1628 imperavit
3130 1577 3142 1611 :
3173 1556 3466 1621 sedcertis
3505 1554 3621 1623 qui,

2011 1651 2053 1705 B
2081 1651 2306 1705 busdam
2331 1648 2634 1702 rationibus
2663 1647 2949 1710 adductus,
2982 1660 3121 1714 quas
3161 1646 3260 1698 viri
3288 1645 3619 1713 spirituales,

2081 1742 2390 1809 ruentisque
2428 1737 2844 1808 perspicacitate
2868 1735 3080 1804 praditi
3098 1734 3421 1802 intelligunt
3435 1734 3500 1785 ’⁸.

2147 1829 2472 1899 Canjectatio
2508 1827 2764 1888 auctoris,
2789 1841 2883 1878 cur
2910 1833 3164 1892 pra'cepta
3189 1821 3391 1876 tamen
3425 1822 3623 1889 requies

2081 1919 2319 1975 Sabbati.
2356 1949 2423 1960 —
2459 1915 2734 1981 Quantum
2765 1922 2944 1968 autem
2977 1929 3097 1980 ego,
3126 1911 3365 1979 alioquin
3402 1910 3627 1978 imperi-

2077 2017 2190 2073 tus,
2230 2007 2447 2076 assequi
2475 2019 2696 2075 possum
2724 2003 2808 2060 (ut
2839 2003 2906 2056 ab
2930 2001 3284 2059 inferioribus
3310 1990 3373 2054 ac
3395 2001 3626 2054 crassio-

2080 2100 2234 2152 ribus
2267 2096 2567 2165 incipiam),
2599 2109 2722 2149 cum
2753 2092 2917 2148 sciret
2950 2090 3095 2145 Deus
3126 2090 3485 2145 Israeliticum
3520 2104 3621 2157 po-

2082 2188 2267 2257 pulum
2302 2188 2556 2256 pinguem
2590 2198 2731 2248 esse,
2770 2190 2825 2236 et
2853 2181 3006 2235 carui
3028 2179 3328 2243 addictum,
3355 2180 3517 2248 inque
3540 2194 3628 2235 res

2081 2282 2330 2328 terrenas
2362 2271 2607 2337 impense
2634 2283 2891 2339 pronum,
2924 2282 3023 2321 nec
3051 2267 3396 2323 discretionis
3440 2268 3626 2332 ullius,

2086 2362 2225 2415 hanc
2258 2362 2426 2429 legem
2458 2359 2641 2412 sanxit
2679 2373 2694 2409 :
2726 2356 2990 2425 primum,
3026 2365 3083 2408 ut
3111 2371 3286 2409 servus
3329 2364 3379 2408 et
3414 2356 3642 2428 jumenﬁ

2088 2462 2196 2505 tum
2248 2449 2646 2518 requiescerent,
2691 2448 2835 2501 sicut
2885 2447 3147 2516 scriptum
3193 2447 3362 2501 est”.
3412 2446 3627 2500 Etenim

2080 2539 2260 2607 justus
2304 2535 2590 2589 miseratur
2647 2536 2852 2589 animas
2902 2535 3253 2605 iumentorum
3314 2535 3626 2589 suorum“:

2088 2626 2287 2682 deinde
2310 2640 2460 2688 vero,
2489 2633 2545 2679 ut
2570 2625 2674 2694 ipsi
2699 2625 2929 2679 terrenis
2955 2625 3403 2694 occupationibus
3432 2624 3628 2687 feriati,

2090 2717 2157 2771 ad
2186 2716 2352 2771 Deum
2383 2730 2443 2768 se
2470 2714 2826 2783 colligerent;
2861 2715 3150 2783 septimum
3186 2729 3378 2782 nempe
3408 2715 3546 2768 diem
3577 2715 3632 2768 in

2090 2806 2316 2874 psalmis
2337 2810 2393 2857 et
2422 2803 2637 2873 hymnis
2675 2811 2729 2857 et
2772 2803 3005 2857 canticis
3056 2803 3446 2871 spiritualibus,
3497 2801 3635 2856 divi-

451 2889 634 2956 νόμος,
661 2889 722 2941 οὐ
743 2889 937 2959 Γραφὴ
961 2890 1335 2957 θεόπνευστος,
1365 2892 1489 2946 οὔτε
1520 2894 1579 2946 τὸ
1614 2895 1885 2950 Σάϐϐατον
1916 2896 1991 2966 τῷ

2093 2908 2395 2962 uarumque
2418 2892 2826 2959 Scripturarum
2857 2892 3091 2946 lectione
3128 2901 3302 2946 totum
3333 2892 3635 2961 expenden-

453 2977 571 3043 Θεῷ
609 2956 927 3048 ἀφιέρωτοί
952 2980 1079 3032 Ὅτε
1124 2981 1180 3033 δὲ
1222 2956 1629 3051 ὴθεόπνευστος
1676 2985 1862 3056 Γραφὴ
1906 2956 1991 3040 δια

2096 2990 2196 3048 tes,
2236 2956 2479 3051 atquein
2533 2956 2642 3034 beo
2690 2981 3158 3050 conquiescentes.
3208 2980 3367 3043 Nam,
3401 2956 3635 3048 quando

456 3067 727 3129 Μωῦσὲως
760 3068 938 3138 ἐδόθη,
959 3072 1237 3142 ἀφιερώθη
1264 3072 1340 3142 τῷ
1369 3072 1489 3142 Θεῷ
1519 3075 1579 3126 τὸ
1610 3075 1903 3140 Σάῦϐατον,
1923 3077 1997 3140 ὡς

457 3155 522 3207 ἂν
555 3156 680 3226 περὶ
724 3158 823 3226 τὴν
855 3158 1052 3230 ταύτης
1093 3161 1320 3232 μελέτην
1365 3164 1423 3214 ὲν
1455 3163 1604 3230 αὑτῷ
1633 3164 1999 3236 ἀδολεσχήσω-

458 3260 572 3304 σιν,
619 3245 667 3295 ot
703 3246 776 3315 μὴ
809 3246 985 3301 πάντα
1021 3252 1109 3302 τὸν
1144 3250 1257 3320 βίον
1288 3251 1365 3318 τῷ
1405 3252 1522 3321 Θεῷ
1553 3254 1919 3324 ἀφιεροῦντες,
1949 3258 1998 3309 οἱ

461 3329 537 3399 μὴ
563 3330 710 3399 πόοῳ
746 3331 820 3401 τῷ
846 3335 1086 3406 Δεσπότῃ
1114 3337 1187 3400 ὡς
1212 3339 1386 3409 Πατρὶ
1407 3339 1761 3406 δουλεύοντες,
1786 3342 1899 3394 ἀλλ’
1923 3344 1999 3406 ὠς

458 3418 632 3472 δοῦλοι
660 3421 988 3491 ἀγνώμονες,
1025 3426 1125 3479 κᾶν
1190 3428 1338 3497 ικρὸν
1381 3430 1474 3482 καὶ
1516 3429 1800 3499 ἐλάχιστον
1832 3432 1996 3501 μέρος

459 3509 557 3568 τῆς
580 3512 786 3565 ἑαυτῶν
824 3510 965 3568 ζωῆς
1001 3508 1077 3567 τῶ
1113 3444 1230 3568 έεῶ
1270 3518 1667 3568 ἀποτέιιωντσι-
1712 3522 1813 3568 καὶι
1842 3521 1996 3568 τοῦτο

459 3509 557 3579 τῆς
580 3512 786 3565 ἑαυτῶν
824 3510 965 3584 ζωῆς
1001 3508 1077 3584 τῷ
1113 3508 1230 3586 ϐ’εῷ
1270 3518 1667 3589 ἁποτέμωντσι,
1712 3522 1813 3573 καὶι
1842 3521 2000 3574 τοῦτο

460 3600 611 3669 φόὄῳ
646 3602 751 3653 τῶν
783 3603 874 3655 ἐπὶ
902 3606 966 3674 τῇ
1010 3606 1311 3676 παραϐάσει
1359 3607 1594 3660 εὐθυνῶν
1627 3610 1721 3661 καὶ
1750 3610 2000 3680 ἐπιτιμή-

463 3706 598 3743 σεων
617 3708 631 3724 ο
667 3694 877 3761 Δικαίῳ
905 3696 1012 3762 γὰρ
1036 3696 1214 3762 νόμος
1234 3698 1305 3750 οὐ
1331 3697 1532 3760 κεῖται,
1554 3699 1711 3752 ἀλλὰ
1746 3696 1928 3766 ἀδίκῳ
1952 3701 1997 3754 κ.

476 3780 626 3831 Ἐπεὶ
655 3782 867 3848 πρῶτος
912 3784 1147 3852 Μωῦσῆς
1194 3787 1592 3857 τεσσαράκοντα,
1613 3788 1853 3859 ἡμερῶν,
1907 3790 2000 3842 καὶ

452 3865 619 3933 ,αὖθις
645 3871 847 3941 ἑτέρων
865 3874 1267 3943 τεσσαράκοντα
1295 3875 1516 3945 νηστείᾳ
1556 3875 1570 3914 1
1602 3868 1999 3948 προσεδρεύσας

2092 3073 2175 3127 lex
2208 3087 2314 3125 non
2342 3078 2484 3133 erat,
2521 3086 2622 3124 nec
2645 3071 2930 3139 Scriptura
2968 3071 3231 3124 divinitus
3263 3070 3545 3138 inspirata,
3569 3083 3635 3121 ne

2096 3161 2391 3217 Sabbatum
2435 3160 2658 3232 quidem
2687 3160 2796 3215 Deo
2828 3168 3206 3215 consecratum
3236 3168 3370 3213 erat.
3401 3158 3464 3210 At
3492 3168 3637 3226 post-

2094 3267 2255 3322 quam
2288 3250 2572 3321 Scriptura
2596 3252 2781 3307 divina
2809 3266 2903 3319 per
2935 3250 3150 3320 Moysen
3193 3249 3318 3302 data
3345 3254 3449 3309 est,
3500 3245 3638 3298 Sab-

2096 3340 2279 3394 batum
2307 3325 2527 3409 quoque
2554 3339 2662 3394 Deo
2699 3339 2939 3392 dicatum
2975 3337 3100 3400 fuit,
3144 3346 3200 3389 ut
3247 3335 3366 3403 ejus
3410 3332 3635 3387 medita-

2102 3430 2235 3483 tioni
2286 3438 2562 3493 vacarent,
2606 3430 2698 3498 qui
2761 3437 2930 3482 totum
2980 3427 3104 3485 vitae
3154 3435 3363 3493 tempus
3394 3423 3502 3478 Deo
3532 3436 3635 3475 non

2103 3521 2441 3590 impendunt,
2484 3535 2583 3575 nec
2610 3519 2838 3573 Domino
2869 3528 3125 3586 tanquam
3164 3516 3303 3586 patri
3345 3523 3460 3567 toto
3494 3512 3628 3567 desi-

2103 3609 2253 3664 derio
2285 3609 2565 3663 serviunt:
2601 3607 2695 3662 sed
2735 3608 2882 3662 velut
2931 3606 3126 3676 ingrati
3183 3607 3366 3669 servi,
3420 3616 3638 3672 parvam

2105 3701 2298 3755 saltem
2327 3714 2391 3753 ac
2421 3699 2769 3769 perexiguam
2821 3699 2943 3754 vitae
2972 3698 3290 3768 particulam
3330 3695 3405 3749 illi
3441 3695 3640 3763 imper-

2103 3790 2285 3852 tirent,
2344 3788 2507 3859 294
2545 3789 2707 3860 idque
2750 3804 3031 3858 poenarum
3077 3796 3132 3842 et
3176 3786 3638 3857 objurgationum,

2103 3894 2222 3949 quae
2246 3879 2688 3948 praevaricatores
2711 3888 2950 3946 manent,
2981 3879 3209 3933 timore:
3246 3876 3369 3931 Non
3392 3876 3527 3930 enim
3559 3876 3643 3927 (ex

535 4044 581 4077 ³⁸
617 4043 821 4112 Gen.u,
856 4045 910 4099 2.
985 4048 1027 4080 ⁸⁷
1054 4048 1227 4101 Exod.
1255 4062 1369 4112 xm,
1404 4048 1638 4114 6;Num.
1668 4066 1753 4115 xv,
1775 4050 1860 4104 35.
1937 4052 1980 4084 ’³

2090 4068 2168 4122 eg.
2202 4051 2331 4106 an.
2360 4062 2497 4106 orat.
2529 4051 2617 4105 44.
2693 4051 2736 4082 ⁸³
2773 4049 2925 4105 Deut.
2955 4066 3007 4113 ν,
3037 4049 3120 4102 14.
3196 4047 3238 4079 ³⁸
3262 4046 3421 4100 Prov.
3454 4059 3531 4106 ιτ,
3554 4043 3638 4095 10.

1696 4200 1929 4256 VARIIE
1968 4204 2142 4262 LEC’I‘
2148 4206 2257 4261 1οΝ
2268 4207 2366 4261 ES.

516 4336 560 4419 _i
624 4336 708 4389 Al.
739 4308 881 4404 ’περι
925 4335 1206 4401 σαῦὃάτου,
1242 4337 1381 4391 κατὰ
1412 4304 1693 4394 Ἰουδαίων.
1782 4341 1807 4381 ιι
1839 4339 1969 4397 uss.
2003 4343 2227 4407 ἀδίκοις.

471 4422 601 4479 ρων.

2343 4343 2458 4399 lIn
2497 4341 2815 4413 quibusdam
2873 4340 2962 4394 hic
3021 4336 3280 4407 repetitur
3342 4349 3441 4390 vos
3508 4336 3644 4406 ἠμε-

1942 4441 2174 4559 Νότε.
2200 4468 2201 4471 γ

546 4615 620 4684 (5)
659 4618 786 4668 Ὅτε
825 4616 941 4684 μὲν
969 4618 1094 4685 γάρ.
1135 4616 1272 4670 Nam
1304 4634 1418 4673 eum
1449 4622 1532 4675 lea:
1581 4636 1681 4674 non
1715 4626 1867 4683 esset,
1899 4627 2007 4674 etc.
2043 4628 2085 4678 Ι)
2111 4626 2165 4673 et
2187 4616 2441 4682 Sabbato,
2463 4624 2814 4685 praeterquam
2841 4614 3082 4685 Saeuam
3115 4617 3324 4685 sancto,
3355 4608 3497 4685 quod
3518 4607 3646 4665 Ma-

473 4677 569 4759 riis
602 4677 842 4759 concinit
877 4677 1064 4759 auctor
1085 4687 1345 4759 Synopsis
1368 4692 1660 4759 Scriptura:
1686 4688 1827 4759 inter
1846 4677 2008 4759 opera
2048 4677 2055 4678 ί
2112 4677 2511 4759 gnum_vocgn't.
2537 4677 2687 4759 Idem'
2707 4684 2976 4759 sancitur,
3132 4677 3432 4759 vnmCoust.
3464 4678 3642 4759 etpost.

472 4753 774 4816 Athanasii,
809 4753 862 4825 in
889 4753 1146 4825 Exedunt}
1179 4755 1269 4825 At
1291 4753 1507 4813 Sabbati
1550 4757 1778 4825 feriandi
1801 4753 2009 4825 jussio-

475 4837 597 4891 nem
653 4835 765 4891 non
811 4820 1019 4891 Moyses
1064 4822 1328 4885 instituit,
1367 4829 1458 4880 sed
1497 4842 1524 4878 a
1572 4823 1758 4879 mundi
1787 4820 2009 4878 exordio

476 4890 638 4959 latam
673 4888 825 4956 (Gen.
866 4888 923 4951 η’,
948 4890 1022 4959 ὅ),
1045 4898 1097 4944 et
1128 4907 1261 4959 pene
1275 4893 1632 4948 oblitteratam
1669 4892 2007 4946 instauravit.

477 4955 632 5022 Quod
667 4955 1044 5031 argumentum
1067 4955 1222 5031 longa
1265 4961 1575 5031 inductione
1599 4960 2011 5031 prosequi‘libe-

479 5034 581 5088 ret,
615 5027 811 5094 quippe
856 5028 999 5095 quod
1036 5027 1265 5081 validum
1297 5030 1364 5083 sit
1398 5032 1461 5083 ad
1500 5027 1816 5084 ﬁrmandam
1853 5027 2011 5082 ﬁdem

479 5096 770 5163 creationis
812 5097 1067 5151 universi.
1102 5100 1167 5149 At
1189 5099 1471 5153 consulere
1506 5097 1755 5152 brevitati
1797 5096 2010 5163 jubeor.

483 5161 680 5216 Przeter
710 5162 1037 5217 Dominicam
1071 5166 1230 5225 diem,
1263 5164 1549 5219 Sabbatum
1573 5166 1736 5219 etiam
1777 5161 2015 5219 solemne

482 5230 855 5302 Orientalibus
880 5231 998 5302 fuit,
1025 5233 1132 5285 imo
1155 5242 1207 5302 et
1238 5232 1440 5289 Latinis
1464 5235 1751 5302 plerisque,
1781 5241 2000 5302 ut_neus

486 5315 551 5368 pe
577 5297 821 5352 Mosaicae
847 5300 944 5368 legi
978 5316 1082 5352 non
1109 5301 1240 5354 nihil
1276 5297 1682 5363 concederetur,
1712 5315 1809 5354 nec
1839 5298 2011 5354 Judaei

485 5369 558 5444 ob
588 5376 791 5444 veteres
822 5370 956 5422 ritus
978 5370 1189 5435 penitus
1221 5371 1453 5444 abolitos
1487 5387 1516 5424 a
1553 5369 1856 5444 Christiana
1890 5370 2010 5423 reli-

487 5437 645 5503 gione
687 5437 1085 5505 deterrerentur
1118 5455 1130 5489 :
1162 5440 1508 5502 quamobrem
1537 5454 1657 5489 can.
1710 5438 1777 5491 66
1823 5439 2008 5505 Apost.

430 5568 438 5577 ο
488 5506 769 5557 anathema
799 5504 996 5560 dicitur
1038 5504 1132 5568 illi,
1166 5506 1256 5571 qui
1282 5506 1597 5570 ieiunaverit
1622 5506 1709 5560 die
1738 5504 2009 5560 Dolniuica

2115 4746 2232 4823 cap.
2262 4755 2365 4823 25.,
2383 4752 2767 4823 Constantinus
2796 4751 2862 4806 Μ.
2895 4751 3081 4823 edidit,
3112 4765 3174 4803 ne
3205 4746 3649 4823 Christianis“.

2115 4813 2234 4876 bato
2256 4831 2306 4876 et
2333 4822 2418 4875 die
2445 4821 2713 4875 Dominica
2737 4821 2790 4873 in
2819 4819 3170 4873 uadimonium
3198 4817 3446 4870 venirent.
3467 4813 3651 4880 Quane

2155 4906 2276 4945 nam
2324 4890 2678 4951 Laodicenus,
2719 4902 2926 4943 canone
2951 4887 3038 4951 20,
3089 4886 3269 4941 ﬁdeles
3310 4884 3561 4938 admonet
3591 4883 3648 4937 in

2155 4906 2276 4945 nam
2324 4906 2678 4951 Laomcenus,
2719 4906 2926 4943 canone
2951 4906 3038 4951 zu,
3089 4906 3269 4941 nueies
3310 4906 3561 4938 ιιιιιιιυιιει
3591 4906 3647 4937 ιιι

2116 4906 2385 5030 gabbatis
2409 4961 2636 5030 omnino
2654 4955 2946 5011 vacandum
2984 4969 3090 5030 non
3122 4970 3260 5018 esse,
3301 4954 3394 5007 sed
3409 4964 3647 5030 _op_eran-

2118 5032 2242 5081 dum
2277 5047 2290 5082 :
2343 5028 2390 5082 si
2421 5027 2636 5080 libuerit
2670 5034 2881 5084 vacent,
2917 5025 3010 5079 sed
3051 5038 3157 5076 non
3203 5037 3351 5076 more
3401 5019 3644 5073 Judaico.

2119 5096 2301 5151 Romae
2345 5112 2473 5150 vero
2507 5095 2672 5148 certis
2721 5096 2786 5148 de
2838 5094 3019 5146 causis
3055 5091 3402 5160 jejuuabatur
3418 5103 3455 5160 _:
3484 5099 3646 5160 quem

2116 5165 2280 5219 etiam
2304 5178 2506 5235 morem
2537 5164 2592 5217 in
2620 5162 2795 5235 Cypro
2815 5152 3279 5235 viguisseltiolligo
3309 5152 3649 5235 exJEpi'pba-

2117 5234 2230 5295 nio,
2257 5235 2348 5301 qui
2378 5233 2431 5286 in
2455 5227 2796 5301 Expositione
2829 5227 2972 5301 ﬁdei,
2991 5247 3043 5281 ιι.
3063 5227 3151 5301 2?,
3182 5228 3292 5301 Ιιοει.Δ
3310 5227 3646 5301 potissimum

2116 5288 2412 5371 syuafibus
2439 5288 2697 5354 habendis
2727 5288 3054 5369 pnestitutos
3078 5288 3423 5371 diesrcferat,
3457 5288 3647 5371 feriam

2120 5361 2411 5424 secundam
2438 5409 2452 5431 ,
2505 5361 2784 5437 quartam,
2810 5373 3049 5437 sextam
3089 5372 3144 5415 et
3199 5361 3565 5425 Dominicam;
3591 5361 3661 5410 ιι

2119 5437 2396 5493 Dominica
2436 5430 2547 5492 sola
2577 5437 2783 5505 jejunio
2809 5430 3051 5484 interdici
