4074 6146
460 277 484 329 ι
494 271 598 331 δέυῖι

1654 274 1713 332 S.
1756 273 1992 333 JOANN
2007 274 2071 331 lS
2112 276 2541 343 DAMASCENI

3534 269 3673 335 1204

454 382 598 439 iusto
623 382 798 448 posita
827 391 926 445 ετξ,
958 383 1047 435 sed
1070 383 1267 449 iujuslo
1288 382 1352 434 ³⁸.
1379 383 1716 450 Argumenta
1737 391 1845 446 est,
1871 384 2014 451 quod

2140 383 2196 449 :c'p
2222 384 2360 453 Θεῷ,
2390 385 2604 447 πάντως
2629 384 2722 437 καὶ
2749 385 2858 445 τοῖς
2886 381 3120 435 Σαϐϐασι
3148 380 3235 433 διὰ
3267 378 3518 448 νηστείας
3544 381 3679 436 ἐλιὰο

458 472 669 540 primus
722 473 855 543 ipse‘
874 471 1089 542 Moyses
1134 480 1280 527 totos
1313 473 1677 542 quadraginta
1726 476 1861 537 dies,
1896 489 2017 527 rur-

457 577 692 632 sumque
751 562 976 616 totidem
1043 562 1185 617 alios
1230 563 1453 632 jejunus
1505 563 1769 618 assistens
1812 563 1923 616 Deo
1949 565 2015 628 ³⁸,

460 655 652 723 procul
693 654 861 708 dubio
890 654 1024 723 ipsis
1055 669 1271 725 quoque
1306 654 1560 709 Sahbatis
1598 669 1720 709 sese
1772 670 2018 709 macera-

459 745 572 806 bat,
597 760 722 797 eum
757 754 935 798 tamen
970 744 1055 798 lex
1087 745 1326 815 juberet,
1358 760 1426 799 ne
1467 746 1593 814 quis
1645 761 1704 800 se
1753 744 1843 799 die
1885 744 2022 799 Sab-

461 835 569 888 hati
598 833 878 905 alIligeret.
915 835 1069 901 Quod
1093 837 1138 890 si
1170 838 1273 892 hoc
1326 848 1454 891 ante
1487 836 1668 890 datam
1724 835 1897 907 legem
1932 851 2023 905 ge-

461 934 607 979 stum
642 926 815 983 fuisse
839 928 1016 990 aiunt,
1046 929 1177 998 quid
1210 930 1277 983 de
1312 928 1426 983 Elia
1475 929 1732 982 Thesbite
1777 935 1909 983 sunt
1940 927 2023 981 di—

461 1019 626 1082 cturi,
656 1020 749 1089 qui
775 1019 1138 1089 quadraginta
1163 1021 1375 1074 dierum
1412 1019 1532 1083 iter,
1560 1019 1727 1074 semel
1756 1019 2025 1073 duntaxat

463 1088 685 1176 surnpto
712 1088 836 1164 cibo
868 1088 1104 1165 cenfecit
1127 1110 1217 1161 ”?
1249 1109 1462 1164 Etenim
1502 1111 1618 1179 ipse
1669 1124 1781 1163 non
1811 1110 2025 1179 jejunio

466 1198 666 1262 solum,
700 1199 794 1254 sed
830 1201 995 1254 etiam
1048 1201 1267 1265 itinere,
1314 1203 1368 1254 in
1422 1202 1613 1255 horum
1669 1202 2026 1271 quadraginta

462 1288 675 1342 dierum
714 1290 958 1345 sabbatis
1004 1307 1123 1346 sese
1158 1291 1424 1361 alliigens,
1478 1292 1773 1346 Sabbatum
1811 1293 1969 1347 solvit
2009 1309 2022 1343 :

464 1392 643 1447 neque
687 1388 973 1448 propterea
1009 1380 1150 1435 Deus
1197 1383 1289 1450 qui
1323 1382 1492 1452 legem
1542 1383 1764 1451 tulerat,
1799 1384 1847 1437 ei
1899 1398 2028 1437 suc-

2120 491 2215 526 κου
2248 474 2461 538 ἑαυτὸν,
2498 473 2589 527 τοῦ
2620 473 2785 544 νόμου
2814 473 2889 543 μὴ
2926 471 3126 525 κακοῦν
3156 471 3382 531 ἑαυτοὺς
3408 470 3467 542 ὲν
3495 470 3563 539 τῇ
3584 467 3685 522 τοῦ

2120 565 2401 619 Σαϐϐἀτου
2436 565 2618 635 ἡμέρᾳ
2671 566 3127 638 προστάσσοντος.
3178 562 3243 614 Εἰ
3284 559 3343 613 δὲ
3372 561 3549 629 φαῖεν,
3594 560 3685 613 ὅτι

2120 654 2228 721 πρὸ
2257 652 2349 705 τοῦ
2373 654 2537 723 νόμου
2569 650 2743 727 τοῦτο,
2785 653 2839 706 τί
2874 653 3105 724 φήσουσι
3136 649 3266 721 περὶ
3294 649 3391 702 τοῦ
3421 648 3681 703 Θεσϐίτου

2135 742 2334 807 Ἠλιοῦ,
2395 744 2803 815 τεσσαράκοντα
2851 741 3073 814 ἡμερῶν
3126 740 3244 795 ὁδὸν
3295 738 3589 802 ἀνύσαντος
3624 742 3686 794 ἐν

2125 833 2324 904 βρώσει
2361 836 2491 904 μιᾷς
2524 829 2691 897 Οὗτος
2727 835 2835 904 γὰρ
2862 835 2923 887 οὗ
2978 835 3136 904 μόνον
3162 833 3250 886 διά
3274 835 3373 902 τῆς
3415 832 3684 902 νηστείας,

2123 925 2258 979 ἀλλά
2291 927 2385 978 καὶ
2417 926 2505 978 διὰ
2560 926 2660 995 τῆς
2700 918 3012 995 ’ὁδοιπορίας
3061 926 3119 977 ὲν
3164 926 3277 987 τοῖς
3316 924 3558 978 Σάϐϐασι
3583 923 3689 977 τῶν

2126 1017 2533 1088 τεσσαράκοντα
2589 1016 2813 1088 ἡμερῶν
2867 1016 3057 1069 ἑαυτὸν
3106 1013 3385 1078 κακώσας,
3438 1013 3593 1066 ἔλυσε
3627 1013 3690 1064 τὸ

2129 1106 2407 1161 Σάϐϐατον
2434 1124 2446 1137 ’
2483 1109 2577 1160 καὶ
2607 1108 2706 1159 οὐκ
2759 1106 3007 1176 ὠργίσθη
3058 1106 3234 1176 τούτῳ
3264 1106 3293 1157 ὁ
3343 1104 3498 1170 Θεὸς,
3526 1105 3555 1158 δ
3600 1102 3693 1155 τὸν

2127 1207 2288 1276 νόμον
2342 1205 2611 1269 δεδωκὼς,
2673 1205 2815 1258 ἀλλὰ
2856 1206 2949 1258 καὶ
2998 1203 3074 1265 ὡς
3124 1202 3322 1273 ἀρετῆς
3356 1199 3611 1261 ἔπαθλον,
3637 1202 3695 1252 ὲν

2128 1296 2329 1367 Χωρὴϐ
2364 1297 2552 1349 ἑαυτὸν
2580 1297 2885 1364 ἐνεφάνισε.
2915 1295 2980 1346 Τί
3009 1293 3066 1346 δὲ
3105 1293 3234 1362 περὶ
3264 1290 3463 1361 Δανιὴλ
3492 1291 3699 1359 φήσου-

2131 1404 2249 1452 σιν;
2287 1387 2420 1456 Οὐχὶ
2454 1389 2602 1457 τρεῖς
2636 1385 2933 1456 ἑϐδομάδας
2956 1383 3256 1438 διετέλεσεν
3286 1382 3508 1445 ἄσιτοςς
3549 1379 3614 1432 Τι
3641 1379 3700 1433 δὲ

463 1469 722 1534 censuit;
752 1472 882 1541 quin
924 1472 1107 1541 potius
1137 1473 1190 1526 iu
1225 1474 1447 1527 virtutis
1499 1474 1799 1541 praemium,
1856 1475 1933 1527 illi
1972 1490 2036 1531 se-

2140 1481 2239 1542 πᾶς
2275 1478 2512 1548 Ἰσραὴλ,
2543 1480 2603 1531 οὐ
2633 1476 2952 1548 περι-τέμνει
2981 1473 3289 1538 τδπαιδίον
3310 1474 3366 1525 ὲν
3395 1472 3660 1540 Σαϐϐάτῳ
3680 1510 3696 1534 ,

463 1558 519 1609 in
553 1557 739 1612 lloreb
786 1560 1236 1628 conspiciendum
1292 1560 1542 1628 prmbuit.
1580 1560 1721 1626 Quid
1775 1564 1901 1616 item
1964 1562 2030 1619 de

2140 1573 2180 1623 εξ
2201 1571 2352 1640 τύχοι
2377 1570 2762 1639 ὀκταήμερον;
2805 1568 2940 1637 Οὐχὶ
2976 1566 3032 1619 δὲ
3077 1566 3174 1619 καὶ
3201 1564 3300 1633 τὴν
3327 1562 3564 1633 μεγάλην
3594 1579 3697 1632 νη.-

465 1647 689 1701 l)aniele
724 1647 954 1703 dicent?
986 1650 1184 1703 Annon
1216 1657 1329 1704 tres
1370 1650 1736 1706 hebdomadas
1786 1652 2031 1722 integras

2140 1657 2339 1719 στείαν,
2367 1659 2433 1728 ἢν
2458 1655 2931 1725 νενομοθέτηνται,
2956 1654 3004 1705 εἰ
3039 1655 3096 1705 ὲν
3125 1651 3386 1720 Σαϐϐάτῳ
3423 1651 3701 1718 καταντήο

460 1736 683 1805 jejunus
712 1739 822 1808 egit
844 1738 888 1770 ”
912 1739 935 1790 ?
963 1737 1104 1803 Quid
1138 1741 1310 1794 vero?
1334 1739 1590 1810 Nunquid
1624 1757 1731 1794 non
1774 1740 2029 1801 Israelita:

2140 1764 2216 1799 σοι
2248 1758 2309 1810 ω,
2341 1746 2658 1817 νηστεύουσι
2680 1762 2694 1809 ;
2717 1745 2852 1815 Οὐχὶ
2880 1744 2935 1796 δὲ
2966 1744 3059 1796 καὶ
3077 1744 3125 1794 οἱ
3157 1743 3322 1810 ἱερεῖς
3351 1741 3445 1792 καὶ
3472 1740 3522 1791 οἱ
3544 1736 3704 1792 Λευῖ-

463 1841 655 1882 umnes
688 1826 951 1883 infantem
982 1828 1226 1884 Sabbato
1256 1829 1679 1893 circumcidunt,
1715 1832 1760 1886 si
1805 1831 2025 1901 quidem

2140 1856 2225 1891 ται
2258 1840 2317 1891 έν
2345 1840 2457 1900 τοῖς
2496 1837 2593 1906 τῆς
2626 1836 2829 1906 σκηνῆς
2860 1835 3042 1906 ἔργοις
3092 1831 3379 1903 βεϐηλοῦσι
3398 1832 3459 1884 τὸ
3487 1830 3704 1885 Σάϐϐαο

464 1925 597 1970 tunc
626 1926 878 1972 octavum
914 1918 1039 1973 vita:
1085 1918 1229 1973 diem
1276 1917 1627 1989 attigerit”?
1676 1919 1869 1977 Nonne
1909 1937 2025 1975 ma-

2140 1944 2242 1992 εον,
2268 1927 2362 1980 καὶ
2397 1924 2626 1979 ἀναίτιοί
2657 1913 2806 1977 εἰσιν
2825 1942 2838 1988 ς
2877 1923 3039 1977 Ἀλλά
3058 1923 3151 1976 καὶ
3180 1922 3375 1991 κτῆνος
3410 1921 3476 1974 ἂν
3501 1923 3582 1984 εἰς
3612 1919 3703 1989 βό·

463 2022 628 2076 gnum
657 2008 789 2063 illud
817 2010 1114 2079 jejunium,
1145 2010 1294 2079 quod
1326 2013 1440 2080 lege
1480 2014 1857 2083 prmscriptutn
1907 2021 2025 2079 est,

2140 2015 2263 2087 θρον
2289 2015 2603 2085 ἐμπέσοιεν
2643 2013 2925 2082 Σαϐϐάτῳ,
2973 2013 3001 2064 ὁ
3030 2010 3130 2080 μὲν
3176 2008 3525 2071 ἀνασπάσας,
3550 2009 3704 2061 ἀναίτ-

465 2099 511 2151 si
549 2099 601 2151 in
633 2098 871 2155 Sabbato
897 2104 1226 2168 occurrerit,
1254 2103 1461 2157 obeunt
1484 2103 1572 2156 “‘3
1609 2105 1803 2159 Annon
1841 2104 2026 2157 itidem

2140 2124 2270 2170 τιος,
2320 2108 2349 2159 ὁ
2394 2106 2452 2159 δὲ
2492 2103 2733 2175 παριδὼν
2778 2112 2804 2139 ιι
2830 2144 2845 2166 ,
2876 2102 3226 2173 κατάκριτος.
3255 2099 3322 2153 Τί
3363 2099 3422 2153 δὲ
3450 2099 3557 2161 πᾶς
3600 2099 3705 2151 ’1⁵σο

465 2189 788 2246 sacerdotes
819 2200 871 2244 et
904 2190 1107 2247 Levita:
1135 2193 1186 2246 in
1220 2194 1557 2248 tabernaculi
1602 2195 1784 2263 operis
1822 2192 2029 2249 Sabba—

2140 2195 2295 2265 ραὴλ,
2320 2195 2441 2265 οὐχὶ
2486 2194 2625 2248 ἑπτὰ
2655 2192 2863 2262 ἡμέρας
2887 2192 2984 2262 τὴν
3010 2189 3103 2244 τοῦ
3133 2186 3266 2242 Θεοῦ
3291 2187 3522 2242 κιϐωτὸν
3546 2203 3699 2257 περι-

464 2286 581 2331 tum
614 2279 836 2345 violant,
872 2297 970 2337 nec
995 2281 1064 2337 ob
1095 2283 1146 2338 id
1202 2283 1256 2336 in
1299 2284 1460 2351 culpa
1510 2292 1639 2338 sunt
1667 2282 1747 2327 ³⁷7
1774 2282 1942 2348 Quin,
1983 2283 2027 2337 si

2140 2285 2415 2353 φέροντες,
2444 2285 2512 2337 τὰ
2546 2280 2926 2351 Ἰεριχούντινα
2950 2287 2974 2316 ο
2998 2278 3151 2348 τείχη
3183 2275 3499 2347 περιῄεσαν,
3532 2277 3588 2328 ὲν
3610 2268 3698 2338 αἷς

454 2367 774 2435 1jumentum
805 2372 894 2428 die
935 2373 1158 2428 Sabhati
1192 2375 1249 2427 in
1296 2373 1505 2428 l0veam
1554 2375 1878 2444 prolabitur,
1935 2373 2030 2444 qui

2140 2374 2350 2436 πάντως
2377 2371 2445 2445 ἦν
2465 2375 2558 2428 καὶ
2578 2376 2637 2427 τὸ
2657 2372 2932 2427 Σάϐϐατον
2952 2388 2967 2436 ;

453 2460 603 2517 aliud
635 2467 955 2532 extraxerit,
986 2467 1238 2521 criminis
1277 2475 1360 2522 est
1389 2470 1615 2535 insons;
1640 2484 1767 2523 reus
1797 2485 1945 2534 vero,
1978 2470 2071 2539 qui
2103 2470 2208 2524 hoc
2244 2469 2423 2525 facere
2448 2470 2749 2539 neglexerit
2775 2468 2837 2521 ³⁸.
2880 2464 3016 2519 Num
3049 2462 3237 2517 cuncti
3280 2461 3539 2517 Israelita
3601 2473 3703 2529 per

457 2554 780 2624 .seplitluum
808 2573 993 2613 arcam
1025 2558 1120 2612 Dei
1167 2559 1424 2625 ferentes,
1452 2558 1840 2614 Jerichuntina
1897 2560 2101 2615 mmnia
2163 2578 2271 2616 non
2341 2562 2634 2626 circuiere,
2693 2561 2839 2615 inter
2869 2572 3008 2628 quos
3042 2558 3161 2612 dies
3192 2555 3356 2626 plane
3395 2553 3709 2609 Sabbatum

468 2654 585 2699 erat
609 2645 694 2697 ”?

541 2736 645 2802 Qui
676 2737 966 2794 Sabbatum
1000 2741 1099 2794 rite
1127 2741 1503 2811 peragendum.
1529 2739 1865 2794 Commutala
1899 2738 2032 2795 Sab-

2220 2739 2305 2799 Ὠς
2337 2731 2430 2789 οὖν
2450 2736 2605 2805 ἔφην,
2631 2735 2823 2805 σχολῆς
2845 2733 3008 2787 ἕνεκα
3035 2731 3133 2801 τῆς
3157 2731 3295 2800 πρὸς
3314 2728 3466 2794 Θεὸν,
3490 2727 3578 2780 ἵνα
3602 2728 3708 2780 κᾶν

474 2828 584 2882 ιιιιὶ
613 2829 795 2899 religio
835 2832 890 2884 in
925 2832 1133 2886 melius.
1173 2862 1230 2871 —
1260 2832 1446 2902 Itaque
1475 2832 1522 2862 ⁸ο
1563 2830 2030 2902 quemadmodum

2143 2824 2513 2897 σμικροτάτην
2542 2825 2850 2893 ἀπόμοιραν
2874 2820 3023 2891 αὐτῷ
3060 2820 3375 2888 ἀπονέμωσι
3398 2858 3412 2880 ,
3448 2817 3545 2870 καὶ
3572 2817 3707 2869 ἀνα·

463 2921 610 2983 .dixi,
642 2930 700 2976 ut
737 2922 851 2979 Deo
878 2933 1185 2989 vacaretur,
1219 2934 1276 2980 et
1307 2925 1388 2980 vel
1421 2924 1646 2978 minima
1689 2923 1884 2978 saltem
1911 2922 2036 2977 vitae

2144 2918 2482 2981 παύσωνται,
2506 2914 2534 2967 ὃ
2553 2931 2613 2966 τε
2637 2913 2822 2976 δοῦλος
2852 2913 2945 2967 καὶ
2973 2911 3036 2965 τδ
3057 2909 3370 2977 ὑποζύγιον,
3401 2910 3433 2978 ὴ
3458 2907 3551 2960 τοῦ
3577 2905 3709 2959 Σαϐο

464 3016 749 3085 particula
774 3015 824 3069 ei
858 3017 1216 3084 tribueretur,
1243 3031 1342 3071 nec
1372 3032 1478 3070 non
1508 3022 1566 3070 ut
1598 3030 1792 3071 servus
1812 3014 2030 3083 jumen-

2145 3006 2309 3063 ϐάτου
2329 3005 2563 3075 τήρησις
2593 3003 2929 3073 έπινενόητο,
2959 3003 3073 3064 τοῖς
3098 3000 3315 3070 νηπίοις
3345 2998 3447 3062 ἔτι,
3477 2997 3573 3051 καὶ
3604 2995 3712 3049 ὑπὸ

464 3112 701 3174 tumque
756 3107 1189 3175 requiescerent.
1253 3106 1481 3162 Sabbati
1532 3107 1850 3162 observatio
1907 3120 2036 3161 con-

2141 3098 2210 3151 τά
2244 3098 2483 3166 στοιχεῖα
2515 3095 2609 3148 τοῦ
2644 3095 2850 3164 κόσμου
2876 3091 3314 3162 δεδουλωμένοις,
3370 3092 3482 3152 τοῖς
3517 3105 3706 3157 σαρκι-

478 3193 622 3248 sulto
648 3193 862 3249 invecta
905 3196 1011 3250 illis
1043 3194 1167 3260 fuit,
1200 3195 1294 3265 qui
1333 3210 1461 3250 cum
1494 3196 1703 3265 parvuli
1742 3194 1922 3250 adhuc
1982 3205 2036 3252 et

2142 3189 2278 3251 κοῖς,
2313 3189 2409 3239 καὶ
2451 3183 2618 3255 μηδὲν
2665 3182 2804 3251 ὑπὲρ
2830 3182 2889 3234 τὸ
2924 3177 3102 3251 σῶμα,
3134 3181 3227 3233 καὶ
3257 3179 3316 3231 τὸ
3355 3179 3590 3248 γράμμα
3621 3179 3711 3229 ὲν-

473 3286 728 3342 carnales
756 3288 963 3352 essent,
994 3287 1096 3341 sub
1116 3287 1403 3342 sternentis
1431 3286 1621 3342 mundi
1644 3288 1949 3343 servientes
1969 3288 2034 3353 “,

464 3373 612 3427 mihi]
660 3390 827 3445 supra
873 3390 1078 3446 corpus
1126 3384 1180 3432 et
1204 3378 1437 3432 litteram
1488 3376 1735 3432 valerent
1768 3377 2033 3448 cogitare.

466 3459 612 3517 .Cum
647 3472 822 3517 autem
846 3466 979 3521 venit
1010 3464 1285 3533 plenitudo
1318 3465 1588 3533 temporis,
1610 3465 1753 3519 misit
1776 3463 1917 3519 Dm
1943 3463 2040 3518 Fi-

468 3552 609 3604 .lium
644 3568 796 3606 suum
831 3555 1194 3626 unigenitum,
1238 3556 1512 3611 hominem
1564 3558 1766 3625 [actum
1805 3572 1872 3612 ex
1921 3573 2042 3612 mu-

469 3643 629 3707 .liere,
663 3643 863 3711 factum
906 3647 1001 3700 sub
1052 3646 1183 3716 lege,
1231 3657 1288 3701 ιι
1329 3664 1415 3702 eos
1453 3649 1542 3718 qui
1588 3648 1683 3702 sub
1731 3649 1840 3719 lege
1891 3658 2042 3703 erant

469 3731 804 3798 redimeret;
839 3744 895 3788 ut
951 3734 1287 3804 adoptionem
1324 3737 1558 3805 ﬁliorum
1609 3736 1950 3804 reciperemus
1968 3735 2037 3791 “.

483 3822 765 3892 Quotquot
795 3826 940 3880 enim
976 3827 1286 3895 recepimus
1322 3842 1473 3891 eum,
1500 3826 1651 3882 dedit
1680 3827 1842 3882 nobis
1897 3836 2043 3896 pote-

484 3921 682 3968 statem
724 3914 867 3968 ﬁlios
905 3913 998 3969 Dei
1034 3916 1240 3982 ﬁeri“,
1270 3919 1366 3986 qui
1416 3918 1470 3970 in
1512 3918 1692 3985 ipsum
1741 3916 2039 3974 credimus.

485 4001 668 4069 Quare
705 4016 812 4057 non
837 4003 949 4072 jam
1009 4019 1202 4061 sumus
1250 4007 1417 4072 servi,
1467 4007 1569 4063 sed
1613 4007 1869 4063 liberi“:
1933 4022 2040 4063 non

481 4094 594 4162 jam
628 4093 733 4148 sub
767 4093 906 4164 lege,
950 4095 1045 4149 sed
1075 4097 1179 4151 sub
1207 4097 1381 4166 gratia
1420 4115 1434 4150 :
1483 4113 1591 4152 non
1622 4098 1735 4167 jam
1761 4113 1827 4153 ex
1886 4107 2043 4168 parte

486 4182 665 4236 solum
696 4196 807 4252 pra;
829 4188 977 4237 metu
1011 4180 1242 4237 Domino
1270 4183 1543 4240 servimus
1570 4203 1585 4251 ;
1632 4185 1729 4240 sed
1760 4184 1827 4238 ad
1872 4194 2042 4240 totum

486 4282 703 4342 tempus
736 4272 785 4327 ei
821 4272 1252 4328 consecrandum
1298 4288 1488 4329 sumus
1533 4274 1778 4345 obligati,
1815 4277 1950 4330 adeo
1988 4283 2045 4329 ut

2143 3276 2335 3347 νοῆσαι
2358 3272 2698 3345 δυναμένοις.
2730 3272 2869 3325 Ὅτε
2904 3270 2973 3324 δὲ
2994 3266 3142 3340 ἦλθε
3177 3269 3243 3322 τὸ
3281 3267 3574 3334 πλήμυμα
3599 3266 3712 3320 τοῦ

2144 3370 2388 3440 κρόνου,
2410 3365 2837 3432 ἐξαπέστειλεν
2862 3367 2895 3417 ό
2925 3362 3069 3430 Θεὸς
3094 3361 3198 3416 τὸν
3224 3358 3359 3414 Υιόν
3385 3357 3574 3412 αὐτοῦ
3603 3360 3713 3411 τὸν

2139 3458 2460 3532 μονογενῆ,
2495 3459 2819 3529 γενόμενον
2843 3456 2913 3511 ἐκ
2942 3454 3227 3537 γυναικὸς
3251 3450 3585 3519 ἄνθρωπον,
3611 3464 3713 3517 τε-

2144 3554 2401 3622 ιρόμενον
2422 3549 2542 3606 ὑπὸ
2584 3550 2789 3617 νόμον,
2832 3548 2935 3600 ἵνα
2962 3544 3106 3611 τοὺς
3141 3541 3259 3598 ὑπὸ
3294 3541 3485 3610 νόμον
3505 3538 3715 3608 ἐξαγο-

2138 3642 2327 3710 ράσῃ,
2365 3641 2469 3694 ἵνα
2499 3637 2614 3705 τὴν
2639 3637 2949 3692 υἱοθεσίαν
2967 3632 3381 3702 ἀπολάϐωμεν.
3419 3633 3578 3685 Ὅσοι
3606 3630 3717 3701 γὰρ

2147 3731 2417 3799 έλάϐομεν-
2457 3727 2620 3782 αὑτὸν
2639 3771 2655 3796 ,
2700 3726 2900 3780 ἔδωκεν
2927 3726 3060 3795 ἡμῖν
3107 3721 3354 3788 ἐξουσίαν
3383 3720 3548 3774 τέκνα
3581 3718 3711 3771 Θεοῦ

2148 3821 2419 3891 γενέσθαι,
2456 3822 2571 3883 τοίς
2617 3817 2958 3870 πιστεύουσιν
3010 3815 3092 3877 είς
3132 3813 3329 3866 αὐτόν⁸
3367 3811 3505 3865 ὥστε
3526 3808 3705 3861 οὐκέτι

2147 3914 2316 3986 ἐσμὲν
2344 3913 2539 3977 δοῦλοι,
2569 3911 2684 3965 ἀλλ’
2709 3910 2813 3962 υἱοί
2835 3924 2846 3937 ·
2877 3909 3063 3961 οὐκέτι
3092 3906 3200 3962 ὑπὸ
3243 3905 3425 3976 νόμον,
3459 3899 3572 3955 ἀλλ’
3599 3900 3702 3952 ὑπὸ

2147 4007 2342 4078 χάριν·
2394 4004 2576 4057 οὐκέτι
2633 3999 2874 4073 μερικῶς
2905 3998 2984 4070 τῷ
3025 3997 3217 4071 Κυρίῳ
3266 3994 3597 4055 δουλεύοντες
3641 3992 3709 4045 ἑκ

2151 4097 2338 4168 φόϐου,
2368 4095 2501 4150 ἀλλά
2530 4095 2705 4149 πάντα
2727 4093 2817 4147 τὸν
2844 4091 3037 4163 χρόνον
3062 4093 3162 4160 τῆς
3211 4089 3356 4157 ζωῆς
3398 4084 3541 4154 αὐτῷ
3584 4084 3714 4137 ἀνα-

2149 4190 2353 4243 τιθέναι
2369 4187 2690 4256 ὁφείλοντες,
2713 4185 2805 4239 κα)⁸
2825 4184 2914 4237 ἀεὶ
2939 4182 3029 4236 τὸν
3057 4180 3261 4245 δοῦλον,
3282 4180 3374 4233 τὸν
3389 4178 3558 4247 θυμὸν
3573 4175 3717 4243 λέγω

2151 4280 2245 4335 καὶ
2275 4279 2376 4350 τὴν
2415 4275 2732 4346 ἐπιθυμίαν,
2768 4275 2877 4327 ἀπὸ
2922 4275 3021 4343 τῆς
3061 4271 3334 4342 ἁμαρτίας
3382 4264 3719 4322 καταπαύον-

489 4376 648 4418 servo
684 4362 787 4429 illi,
812 4364 926 4429 irae,
966 4364 1214 4433 inquam,
1253 4371 1308 4418 et
1342 4364 1653 4433 cupiditati,
1683 4367 1971 4436 quiescere
2014 4381 2036 4418 a

2151 4388 2260 4433 τες,
2289 4370 2381 4424 καὶ
2417 4367 2493 4438 τῷ
2526 4366 2644 4433 Θεῷ
2682 4364 2964 4435 σχολάζειν
3017 4362 3432 4452 ἐπιτρέποντεςο
3465 4357 3597 4452 τὴν.

490 4459 740 4518 peccato,
771 4449 990 4522 Deoque
1019 4450 1277 4507 feriatum
1307 4468 1430 4510 esse
1472 4453 1770 4524 jubeamus
1795 4471 1823 4520 ;.
1864 4463 2054 4511 erecta.

491 4538 713 4608 quidem
754 4550 1020 4611 perpetuo
1047 4558 1248 4598 versus
1275 4542 1446 4599 Deum
1476 4543 1802 4613 cupiditate,
1839 4554 2047 4598 armata

2149 4455 2448 4526 ἐπιθυμίαν
2473 4455 2689 4509 ἃπασαν
2714 4452 2802 4506 ἀεὶ
2827 4452 2963 4522 πρὸς
2984 4449 3116 4503 Θεὸν
3138 4447 3527 4510 ἀνατείνοντες,
3549 4443 3639 4496 τὸν
3661 4442 3718 4495 δὲ

2148 4547 2321 4616 θυμὸν
2353 4545 2495 4598 κατά
2517 4543 2624 4596 τῶν
2654 4542 2749 4596 τοῦ
2796 4540 2927 4594 Θεοῦ
2953 4537 3233 4609 δυσμενῶν
3260 4533 3679 4597 καθοπλίζοντες
3696 4546 3712 4560 ·

491 4643 624 4684 vero
669 4638 860 4685 contra
899 4631 993 4685 Dei
1041 4633 1228 4689 hostes
1273 4634 1553 4689 iracundia
1584 4653 1600 4689 :
1631 4649 1697 4689 ac
1741 4634 2036 4705 jumentuu

2147 4639 2242 4692 καὶ
2290 4637 2352 4690 τὸ
2376 4635 2691 4704 ὑποζύγιον,
2745 4634 2880 4704 ἦτοι·
2911 4631 2972 4684 τὸ
3002 4630 3182 4700 σῶμα,
3218 4627 3444 4698 ὁμοίως,
3474 4623 3572 4693 τὴν
3612 4620 3714 4692 μὶν

494 4717 648 4780 item,
672 4732 872 4787 corpus
893 4721 1171 4787 nimirum,
1190 4735 1219 4774 a
1247 4723 1459 4790 peccati
1487 4723 1752 4778 servitute
1783 4724 1911 4778 dato
1934 4724 2049 4777 otio

2147 4727 2514 4796 δουλείανοτῆς
2541 4725 2819 4796 ἁμαρτίας
2851 4721 3251 4785 ἀναπαύοντες,
3286 4722 3407 4780 ταῖς
3452 4715 3509 4769 δὲ
3547 4713 3718 4775 θείαις

497 4820 829 4875 recreemus,
862 4820 915 4864 et
950 4810 1021 4864 ad
1064 4811 1472 4868 inserviendum
1518 4812 1723 4868 divinis
1764 4815 2036 4884 praecepti:

2160 4819 2397 4899 :ewoiaic
2433 4813 2883 4887 ὲξυπηρετεῖσθαι
2917 4810 3330 4882 προτρέποντες.

496 4896 911 4966 compellamus.

566 4986 696 5043 llaec
720 4997 848 5043 sunt
882 5007 1001 5060 qua:
1033 4993 1337 5061 spiritualis
1364 4994 1569 5050 Christi
1595 4996 1680 5049 lex
1723 4995 1884 5049 nobis
1918 4995 2052 5049 indi-

569 5155 611 5186 ³¹
640 5154 657 5207 Ι
682 5153 918 5208 Timoth.
950 5172 988 5220 ι,
1016 5157 1069 5211 9.
1147 5157 1189 5188 δ’
1222 5157 1390 5211 Exod.
1425 5173 1571 5218 χχιιι,
1614 5158 1719 5222 18;
1778 5172 1959 5209 xxxw.
2000 5156 2034 5207 ἓ

2164 5156 2209 5187 ³³
2244 5153 2307 5209 Ill
2342 5153 2475 5222 Reg.
2517 5168 2629 5216 xxx,
2656 5148 2745 5222 _8.

497 5239 635 5287 xm,
683 5224 736 5278 5.
840 5226 882 5256 ³⁸
916 5224 1082 5280 Levit.
1152 5242 1301 5287 suun,
1332 5227 1420 5281 27.
1498 5228 1539 5258 ³⁷
1574 5225 1762 5281 Matth.
1814 5232 1946 5287 xm,
1983 5224 2032 5278 5.

500 5295 696 5362 Athan.
727 5295 874 5349 hom.
908 5296 1166 5349 circume.
1228 5303 1284 5348 et
1334 5295 1501 5349 Sahb.
1576 5295 1619 5325 ³⁹
1641 5294 1806 5347 .losue
1839 5309 1918 5355 ιιι,
1955 5309 2108 5362 seqq.

498 5360 547 5393 “
567 5361 721 5417 Joau.
747 5379 783 5428 ι,
817 5363 896 5417 12.
967 5364 1014 5396 ⁵⁵
1052 5364 1227 5417 Galat.
1262 5380 1333 5427 tv,
1369 5365 1419 5418 7.

2228 4993 2415 5046 Ταῦτα
2451 4993 2479 5046 ὁ
2502 4987 2866 5059 πνευματικὸς
2891 4987 3021 5056 ἡμῖν
3046 4983 3346 5037 ἐντέλλεται
3368 4979 3463 5032 τοῦ
3483 4974 3727 5046 Χριστοῦ

2873 5147 2893 5177 δ
2951 5145 3061 5177 nun
3151 5159 3179 5177 ν
3253 5142 3287 5177 ο
3443 5140 3490 5171 ³⁸
3545 5136 3669 5177 ’.μυί

2164 5156 2209 5187 ³³
2244 5153 2307 5209 Ill
2342 5153 2418 5206 Re
2463 5192 2475 5205 .
2517 5168 2629 5216 xix,
2693 5148 2745 5202 8.
2848 5147 2893 5178 “
2951 5145 3083 5197 Dan.
3151 5159 3207 5206 κ,
3253 5142 3308 5195 2.
3443 5140 3490 5171 ³⁸
3545 5136 3721 5192 Levit.

2145 5224 2189 5255 ³⁸
2212 5169 2624 5292 Ερίριι.ῗιωτεε.
2654 5220 2742 5284 ευ,
2798 5234 2853 5271 n.
2887 5215 2973 5269 52.
3015 5224 3067 5266 et
3130 5212 3260 5265 hair.
3316 5227 3370 5264 η.
3567 5220 3724 5327 εοιιὲ.

2200 5293 2244 5323 ιο
2274 5293 2369 5327 ΔΗ.
2434 5294 2515 5327 ιη..
2575 5291 2645 5327 ,ιιι
2772 5289 2814 5318 ιι
2847 5285 3019 5327 nulnL
3060 5299 3130 5327 ιν-
3162 5283 3215 5327 3-
3325 5282 3369 5311 ⁸³
3395 5277 3528 5327 ibid-
3569 5276 3625 5327 4.
3690 5305 3724 5327 -.

2200 5276 2393 5345 δοἈῖΙι.
2434 5294 2536 5345 loc.
2575 5291 2651 5342 cit
2729 5276 2740 5284 ’
2772 5289 2814 5318 ⁸³
2847 5285 3021 5339 Galat.
3060 5299 3132 5347 ιν,
3162 5283 3215 5337 5.
3325 5282 3369 5311 ⁸³
3395 5277 3528 5333 ibid.
3569 5276 3626 5341 4,
3664 5276 3732 5329 Ξ-

1796 5428 2031 5486 VARUS
2073 5427 2470 5485 LECTIONES.

577 5552 616 5580 "
645 5544 780 5621 God.
808 5546 864 5602 S.
920 5548 1026 5604 llil.
1081 5556 1134 5604 et
1171 5550 1262 5604 alii
1308 5552 1640 5621 καταντήσῃ.
1718 5561 1743 5588 ιι
1781 5547 1914 5607 Cod.
1956 5546 2012 5602 S.
2043 5546 2150 5602 llil.
2192 5546 2499 5615 ὑπεριδὼνε
2537 5546 2627 5600 alii
2652 5544 2804 5599 multi
2838 5539 3114 5613 περιιδὼν.
3184 5547 3206 5569 °
3232 5534 3364 5593 Mss.
3403 5532 3514 5588 fere
3540 5532 3735 5587 enim

512 5611 873 5682 ὶιριχούντεια.
