4074 6146
472 307 606 373 1205

1535 304 1633 363 DE
1668 303 1840 362 FIDE
1879 302 2336 361 ORTHODOXA
2374 305 2520 361 LIB.
2566 305 2628 361 IV

3502 288 3684 371 1206'-

459 426 646 485 νὺμος,
679 413 769 467 καὶ
789 414 838 464 οί
862 413 1046 467 τοῦτον
1068 414 1451 481 φυλάσσοντες,
1473 412 1759 483 ὑπέρτεροι
1779 411 1872 463 τοῦ
1894 412 2020 465 Μω-

2123 410 2217 473 cit,
2258 426 2442 479 quam,
2468 411 2558 479 qni
2592 410 2929 470 custodiunt,
2957 409 3186 463 Mosaiea
3218 410 3334 479 lege
3361 412 3666 478 superiores

459 504 659 558 σαῖκοῦ
684 505 850 572 νόμου
874 504 1179 569 γεγόνασιν.
1221 503 1493 564 Ἐλθόντος
1528 501 1636 571 γὰρ
1666 502 1760 554 τοῦ
1788 500 2013 563 τελείου,

451 594 521 647 τὸ
551 596 615 644 ἐκ
645 592 843 663 μέρους
882 594 1252 661 κατήργηται,
1287 590 1381 644 καὶ
1421 588 1514 642 τοῦ
1548 589 1900 658 καλύμματος
1923 586 2017 640 τοῦ

452 682 650 750 νόμου,
677 683 795 752 ἢτοι
818 680 912 734 τοῦ
942 681 1430 749 καταπετάσματος
1457 679 1546 732 διὰ
1587 679 1685 748 τῆς
1709 678 1803 733 τοῦ
1834 678 2018 747 Σωτῆ-

455 787 557 838 ρος
604 768 990 840 διαρῤαγέντος
1037 767 1408 837 σταυρῶσεως,
1445 767 1538 820 καὶ
1582 767 1674 820 τοῦ
1704 766 2019 835 Πνεῦματος

456 872 495 906 π
507 858 713 931 ορίναις
728 857 998 926 γλώσσαις
1014 855 1405 925 ἐκλάμψαντος,
1423 857 1483 909 τὸ
1495 858 1726 925 γράμμα
1744 858 2021 927 κατήργη-

451 964 569 1009 ται,
593 948 662 1000 τὰ
679 947 963 1017 σωματικά
986 946 1282 1011 πέπαυται,
1310 940 1403 1000 καὶ
1426 949 1564 1017 ὁτῆς
1590 946 1831 1009 δουλείας
1857 948 2019 1017 νόμος

466 1037 842 1106 πεπλήρωται,
873 1035 968 1089 καὶ⁴
994 1036 1155 1104 νόμος
1200 1036 1513 1106 ἐλευθερίας
1540 1039 1670 1105 ἡμῖν
1699 1036 2013 1106 δεδώρηται.

465 1125 571 1178 Καὶ
602 1125 931 1196 ἑορτάζομεν
958 1126 1058 1195 τὴν
1084 1126 1292 1181 τελείαν
1322 1127 1417 1197 τῆς
1438 1127 1781 1198 ἀνθρωπίνης
1810 1127 2020 1194 φύσεως

468 1216 808 1270 κατάπαυσιν
830 1233 844 1247 °
879 1219 1022 1287 φημὶ
1050 1217 1107 1270 δὲ
1140 1217 1238 1281 τὴν
1264 1218 1361 1286 τῆς
1390 1218 1738 1276 ἀναστάσεως
1788 1217 2018 1288 ἡμέραν,

428 1346 439 1359 ς
466 1306 524 1358 ἐν
615 1306 759 1375 ἡμᾶς
787 1307 817 1357 6
840 1305 1043 1375 Κύριος
1084 1307 1308 1376 Ἰησοῦς,
1329 1308 1358 1359 6
1379 1308 1474 1376 τῆς
1494 1307 1640 1375 ζωῆς
1663 1305 1905 1377 ἀρχηγὸς
1928 1306 2021 1357 καὶ

469 1394 680 1464 Σωτὴρ,
716 1399 795 1459 είς
822 1397 919 1467 τὴν
946 1397 1361 1467 ἐπηγγελμένην
1392 1399 1499 1458 τοῖς
1534 1394 1913 1464 πνευματικῶς
1943 1392 2022 1463 τῷ

468 1485 587 1554 Θεῷ
614 1486 934 1557 λατρεύουσι
960 1488 1289 1557 κληρουχίαν
1332 1488 1734 1556 είσήγαγεν,είς
1766 1486 1832 1555 ἢν
1860 1486 2020 1547 αὐτὸς

468 1577 768 1646 πρόδρομος
802 1579 956 1647 ἡμῶν
990 1578 1256 1648 εἰσῆλθεν,
1290 1579 1527 1641 ἀναστὰς
1561 1579 1626 1630 ἐκ
1662 1577 1891 1645 νεκρῶν,
1927 1577 2020 1629 καὶ

2117 501 2415 554 exsistunt.
2440 501 2597 563 Nam,
2637 516 2700 553 ex
2734 515 2842 568 quo
2879 502 3025 554 venit
3059 501 3205 568 quod
3238 500 3532 569 perfectum
3561 514 3664 566 est.

2116 597 2441 643 evacuatum
2473 599 2558 644 est
2587 590 2730 657 quod
2764 605 2826 643 ex
2862 596 3015 657 parte
3036 596 3158 642 erat
3179 588 3260 654 u‘;
3290 603 3353 642 ac
3376 590 3552 644 scisso
3573 605 3667 660 per

2120 679 2429 732 Salvatoris
2461 694 2682 732 crucem
2724 686 3038 746 legumento
3071 677 3231 747 295
3259 679 3374 733 sive
3422 680 3543 733 velo
3588 681 3666 734 le»

2116 771 2224 837 eis,
2258 777 2562 837 sanctoque
2595 767 2799 834 Spiritu
2834 768 3007 835 igneis
3047 766 3246 837 linguis
3286 768 3663 833 illucescente,

2119 860 2302 913 littera
2334 856 2626 921 obsolevit,
2663 856 2973 924 corporalia
3017 862 3326 920 cessarunt,
3353 862 3407 909 et
3448 857 3663 925 impleta

2118 951 2234 1019 lege
2261 948 2564 1009 servitutis,
2597 947 2685 1000 lex
2718 944 2993 1001 libertatis
3029 945 3192 999 nobis
3210 946 3409 999 donata
3435 954 3537 998 est.
3574 945 3667 998 Λι-

2118 1056 2226 1108 que
2249 1039 2295 1070 “
2327 1037 2624 1106 perfectam
2653 1035 2903 1090 humana:
2928 1043 3143 1090 naturae
3168 1035 3412 1104 requiem
3436 1036 3671 1089 celebra-

2120 1146 2264 1194 mus,
2299 1129 2401 1183 boc
2434 1135 2521 1182 est
2546 1126 2971 1183 resurrectionis
3003 1126 3171 1190 diem,
3195 1125 3249 1178 in
3277 1139 3386 1193 qua
3412 1125 3671 1179 Dominus

2117 1219 2298 1281 Jesus,
2334 1220 2457 1273 vitae
2486 1225 2677 1273 auctor
2704 1227 2759 1271 ct
2793 1216 3064 1278 Salvator,
3109 1231 3209 1270 nos
3236 1216 3303 1269 ad
3347 1215 3670 1284 promissam

2120 1309 2230 1364 illis
2254 1309 2347 1378 qui
2389 1309 2659 1376 spirituali
2694 1308 2843 1362 cultu
2874 1307 2985 1361 Deo
3006 1305 3276 1371 serviunt,
3301 1305 3671 1359 haereditalem

2121 1400 2454 1465 introduxit;
2479 1400 2531 1452 in
2556 1414 2716 1468 quam
2743 1399 2997 1452 nimirum
3022 1398 3138 1467 ipse
3162 1410 3469 1466 praeeursor
3491 1403 3675 1451 noster

2121 1489 2405 1559 ingressus
2439 1496 2544 1552 est,
2583 1497 2873 1557 postquam
2901 1505 2932 1542 a
2971 1496 3148 1543 morte
3177 1487 3243 1541 ad
3278 1487 3442 1541 vitam
3491 1486 3674 1549 rediit,

2122 1588 2177 1635 et
2210 1581 2473 1634 reseratis
2503 1576 2906 1647 patefactisque
2936 1577 3042 1632 sibi
3084 1577 3208 1631 cceli
3244 1575 3452 1645 jannis,
3495 1575 3546 1627 in
3576 1573 3677 1625 l’a-

465 1666 789 1733 ἀνοιγέντων
806 1667 981 1738 ,αὖτῷ
1002 1667 1113 1721 τῶν
1148 1669 1411 1735 οὐρανίων
1448 1667 1649 1731 πυλῶν,
1673 1669 1730 1719 ὲν
1756 1667 1907 1737 δεξιᾷ
1928 1665 2019 1719 τοῦ

2125 1672 2225 1724 tris
2257 1668 2482 1723 dextera
2530 1666 2829 1722 secundum
2880 1682 3083 1735 corpus
3135 1667 3407 1731 consedit,
3455 1680 3564 1732 quo
3598 1664 3675 1717 illi

468 1731 679 1827 Πατρὸς
705 1731 964 1811 κεκάθικε
1001 1731 1345 1828 σωματικῶς,
1373 1758 1500 1812 ἔνθα
1533 1759 1626 1811 καὶ
1654 1760 1702 1811 οἱ
1731 1731 2017 1812 τὸνγπνευ-

2122 1760 2288 1814 etiam
2339 1758 2432 1827 qui
2484 1757 2587 1826 legi
2630 1755 2869 1826 Spiritus
2916 1731 3123 1810 morem
3168 1762 3385 1824 gerunt,
3418 1731 3677 1822 deinceps

468 1846 695 1915 ματικὸν
723 1846 1013 1916 τηροῦντες
1038 1846 1199 1914 νόμον
1228 1846 1642 1902 εἰσελεύσονται.

544 1936 707 2005 Ἥμίν
736 1937 915 1990 τοίνυν
945 1939 1058 1999 τοῖς
1088 1936 1162 2006 τῷ
1192 1935 1466 2007 ’πνεύματι
1509 1935 1803 2005 στοιχοῦσι,
1839 1936 1931 1989 καὶ
1958 1937 2017 1988 οῦ

462 2025 542 2094 τῷ
575 2026 883 2095 γράμματι,
915 2028 1061 2079 πᾶσα
1095 2029 1127 2095 ή
1163 2026 1271 2079 τῶν
1318 2012 1597 2094 σαρκικῶν
1640 2028 1785 2079 ἔστιν
1822 2026 2021 2080 ἀπόθε-

467 2133 571 2177 σις,
598 2116 686 2167 καὶ
719 2118 750 2184 ἡ
778 2117 1118 2186 πνευματικὴ
1155 2117 1397 2188 λατρεία,
1427 2119 1519 2171 καὶ
1538 2121 1571 2187 ἡ
1594 2118 1724 2189 πρὸς
1749 2120 1879 2172 Θεὸν
1899 2137 2022 2173 συν-

465 2206 646 2270 άφεια.
674 2205 948 2275 Περιτομὴ
997 2205 1096 2275 μὲν
1127 2206 1235 2274 γάρ
1286 2209 1432 2260 ἐστιν
1488 2210 1521 2277 ἡ
1569 2209 1665 2277 τῆς
1709 2209 2021 2278 σωματικῆς

465 2295 676 2363 ἡδονῆς,
708 2296 800 2347 καὶ
825 2295 932 2348 τῶν
962 2297 1251 2366 περιττῶν,
1282 2298 1376 2350 καὶ
1418 2297 1516 2351 οὐκ
1545 2298 1854 2366 ἀναγκαίων
1886 2300 2022 2352 ἀπό-

464 2384 631 2446 θεσις.
676 2384 1031 2469 ’Λκροσυατία
1060 2387 1169 2457 γὰρ
1202 2399 1229 2437 P
1255 2389 1408 2441 οὐδὲν
1439 2388 1625 2459 ἕτερόν
1668 2391 1839 2451 ἐστιν,
1873 2392 1922 2442 εἰ
1948 2389 2023 2460 μὴ

463 2473 657 2543 δέρμα,
686 2475 930 2544 ἡδονικοῦ
958 2478 1147 2547 μορίου
1196 2478 1533 2549 περίττωμα.
1576 2479 1728 2532 Πᾶσα
1769 2480 1826 2532 δὲ
1862 2480 2022 2549 ἡδονὴ

467 2566 544 2632 μὴ
575 2565 636 2616 ὲκ
659 2564 793 2617 Θεοῦ
820 2566 912 2618 καὶ
934 2568 990 2619 ὲν
1020 2566 1137 2637 Θεῷ
1169 2566 1426 2637 γινομένη
1471 2569 1794 2639 περίττωμα
1832 2570 2023 2640 ἡδονῆς

464 2654 610 2705 ἐστιν
628 2671 640 2684 ·
674 2647 738 2724 ἦς
767 2656 932 2719 τύπος
956 2658 989 2726 ή
1012 2658 1360 2727 ἀκροϐυστία.
1384 2660 1656 2713 Σάϐϐατον
1680 2661 1756 2724 δὲ,
1782 2663 1816 2729 ἡ
1840 2663 1902 2713 ὲκ
1923 2660 2024 2730 τῆς

466 2745 739 2814 ἁμαρτίας
804 2749 1164 2815 κατάπαυσις.
1205 2751 1363 2803 Ὥστε
1408 2753 1691 2822 ἀμφότερα
1727 2751 1784 2804 ἓν
1820 2753 2023 2822 τυγχά-

466 2852 618 2889 νουσι
646 2847 695 2903 (ι,
730 2839 820 2891 καὶ
841 2836 1012 2901 οὕτως
1037 2842 1324 2912 ἀμφότερα
1358 2842 1475 2912 ἅμα
1525 2844 1628 2895 ὑπὸ
1655 2844 1764 2896 τῶν
1786 2862 2025 2914 πνευμα-

464 2925 630 2975 τικῶν
658 2927 976 2998 τελούμενα,
1029 2930 1147 2982 οὐδὲ
1201 2933 1299 3001 τὴν
1361 2932 1632 3002 τυχοῦσαν
1677 2935 2024 3006 παρανομίαν

468 3010 812 3081 ὲργάξὸνται.

540 3276 658 3328 Ἔτι
711 3277 767 3329 δὲ
825 3282 998 3333 ίστέον
1048 3284 1127 3335 ὅτι
1173 3287 1200 3336 6
1258 3286 1395 3339 ἔπτά
1449 3289 1680 3359 ἀριθμὸς
1706 3291 1882 3345 πάντα
1934 3293 2026 3348 τὸν

466 3366 708 3434 παρόντα
735 3370 924 3437 χρόνον
945 3371 1114 3442 δηλοῖ,
1148 3376 1222 3438 ὦς
1261 3393 1423 3446 φησιν
1455 3380 1483 3430 ὁ
1524 3380 1835 3446 σοφώτατος
1869 3382 2025 3435 Σολο-

469 3457 607 3524 μῶν,
635 3458 845 3513 δοῦναι
869 3463 1076 3529 μερίδα
1116 3465 1240 3532 τοῖς
1281 3467 1448 3533 ἑπτὰ,
1488 3470 1590 3522 καί
1619 3487 1687 3538 γε
1709 3472 1828 3538 τοῖς
1853 3474 2021 3527 ὀκτώ.

463 3548 573 3600 Καὶ
597 3550 624 3601 6
659 3549 921 3620 θεητόρος
954 3555 1116 3608 Δαϐὶδ
1145 3557 1275 3627 περὶ
1303 3559 1399 3628 τῆς
1432 3559 1621 3630 ὀγδόης
1639 3560 1872 3629 ψάλλων,
1896 3565 2023 3633 περὶ

463 3635 561 3703 τῆς
598 3637 895 3709 μελλούσης
932 3643 1070 3709 μετὰ
1091 3644 1191 3714 τὴν
1220 3646 1284 3698 ἐκ
1310 3648 1518 3718 νεκρῶν
1539 3650 1831 3703 ἀνάστασιν
1854 3669 2020 3705 κατα-

466 3726 708 3789 στάσεως
764 3730 983 3798 έψαλλε.
1037 3733 1144 3804 Τὴν
1182 3734 1417 3808 ἑϐδόμην
1439 3734 1533 3791 οὖν
1560 3740 1793 3811 ἡμέραν,
1824 3743 2022 3813 ἀργίαν

466 3814 565 3881 μὲν
596 3814 749 3882 ἄγειν
772 3818 836 3871 ἐκ
863 3819 973 3873 τῶν
1002 3826 1346 3893 σωματικῶν,
1371 3830 1484 3891 τοῖς
1537 3830 1595 3883 δὲ
1632 3838 2022 3902 πνευματικοῖς

463 3906 869 3976 ἑνασχολείσθαι
904 3913 1260 3982 προστάσσων
1280 3918 1309 3968 6
1331 3918 1513 3987 νόμος,
1547 3921 1820 3989 μυστικῶς
1842 3927 2021 3977 πάντα

372 4010 377 4013 ·
462 3994 555 4085 τὸν
601 4000 789 4067 χρόνον
843 4001 923 4070 τῷ
976 4003 1216 4074 ἀληθινῷ
1256 4005 1488 4077 Ἰσραὴλ,
1520 4012 1614 4063 καὶ
1658 4012 1782 4067 νοῦν
1810 4014 2021 4085 ὁρῶντα

412 4140 415 4141 ν
462 4084 594 4137 Θεὸν
618 4088 814 4157 ἔχοντι,
865 4092 1127 4163 ὑπέφηνε,
1183 4094 1261 4164 τῷ
1310 4096 1429 4167 Θεῷ
1465 4100 1657 4152 ἑαυτὸν
1701 4084 2017 4172 προσάγειν,

462 4179 556 4228 καὶ
590 4177 841 4248 ὑπεράνω
863 4181 974 4233 τῶν
1013 4187 1340 4254 σωματικῶν
1368 4189 1611 4249 γίνεσθαι
1643 4201 1687 4245 τ.

954 4444 1202 4499 ΚΕΦΑΛ.
1239 4444 1337 4499 KA'
1363 4447 1475 4519 [ιιΖν
1482 4449 1521 4520 1.

987 4534 1127 4601 Περὶ
1149 4539 1485 4605 παρθενίας.

537 4620 864 4683 Κακίζουσιν
911 4624 959 4675 οἱ
998 4626 1250 4694 σαρκικοὶ
1302 4628 1401 4697 τὴν
1447 4632 1763 4701 παρθενίαν,
1818 4639 1912 4689 καὶ
1944 4641 2022 4703 είς

468 4710 770 4778 μαρτυρίαν
823 4712 1213 4780 προϐάλλονται
1254 4719 1302 4770 οἱ
1344 4719 1612 4789 φιλήδονοι
1647 4725 1740 4777 τό’
1801 4728 2025 4784 Ἐπικα-

467 4800 713 4865 τάρατος
735 4800 852 4866 πᾶς
875 4803 943 4867 ὃς
963 4806 1071 4858 οὐκ
1094 4806 1301 4875 ἐγείρει
1327 4811 1561 4880 σπέρμα
1581 4814 1744 4882 ἐντῷ
1774 4819 2029 4888 Ἰσραήλ.

478 4890 667 4983 μεῖς
692 4892 748 4945 δέ
791 4910 988 4963 φαμεν,
1029 4895 1104 4963 τῷ
1130 4900 1192 4949 ἐκ
1221 4900 1499 4969 Παρθένου
1554 4909 1885 4976 σαρκωθέντι
1912 4912 2031 4983 Θεῷ

475 4978 633 5051 Λάγῳ
658 4983 1053 5054 θαρρήσαντες,
1082 4989 1156 5051 ὡς
1202 4992 1234 5060 ή
1273 4994 1539 5063 παρθενία
1589 4997 1814 5065 ἄνωθεν,
1850 5004 1942 5055 καὶ
1970 4978 2030 5069 ἐξ

467 5073 641 5143 ἀρχῆς
669 5078 1001 5150 ἐνεφυτεύθη
1041 5089 1063 5118 ³
1097 5086 1164 5153 τῇ
1198 5084 1356 5151 φύσει
1393 5087 1504 5142 τῶν
1556 5090 1877 5161 ἀνθρώπων.
1933 5098 2027 5150 Ἐκ

539 5216 586 5286 ‘j’
624 5217 641 5269 1
678 5218 807 5273 Cor.
843 5236 961 5286 run,
1002 5221 1089 5277 l0.
1200 5224 1246 5257 ⁸⁸
1272 5226 1467 5282 Athan.
1501 5228 1606 5283 loc.
1634 5230 1729 5283 cit.

473 5232 586 5293 ,οἳ
626 5232 807 5293 I_uor.
843 5236 961 5293 Xlll,
1002 5232 1089 5293 tu.
1200 5232 1246 5257 "
1272 5232 1467 5282 Athan.
1501 5232 1606 5283 loc.
1634 5232 1729 5283 cit.
1835 5232 1878 5263 ἰτ
1900 5234 2096 5288 Athan.
2148 5237 2245 5293 cit.

547 5284 692 5339 Psal.
764 5284 956 5351 mu;
1023 5292 1066 5323 ιι
1132 5293 1263 5349 Vide
1293 5295 1383 5349 lib.
1410 5312 1541 5362 u,c.
1570 5298 1657 5352 50.
1739 5300 1782 5331 σι
1824 5284 2228 5371 neut—Iino:

2123 1857 2252 1903 sunt
2279 1847 2577 1901 introituri.

2192 1937 2537 1992 Circumcisio
2584 1952 2646 1989 ac
2702 1935 2993 1989 Sabbatum
3034 1950 3195 1987 unum
3226 1934 3349 2002 quid
3382 1949 3534 1986 sensu
3563 1948 3675 2000 my-

2121 2030 2272 2085 stico.
2299 2057 2366 2068 —
2394 2028 2660 2093 Quocirca
2700 2026 2767 2081 ad
2816 2041 2919 2081 nos
2940 2025 3008 2089 ⁸⁷,
3040 2026 3132 2095 qui
3189 2025 3410 2094 spiritu,
3451 2039 3515 2078 ac
3569 2038 3676 2076 non

2121 2117 2300 2173 littera
2329 2115 2657 2180 incedimus,
2685 2115 2866 2169 omnis
2897 2113 3201 2168 carnalium
3232 2128 3411 2167 rerum
3444 2112 3677 2180 abjectio

2123 2214 2356 2277 spectat,
2398 2205 2686 2274 cultusque
2721 2203 3048 2273 spiritualis,
3076 2211 3277 2259 etcum
3303 2202 3412 2257 Deo
3446 2202 3677 2271 conjun-

2122 2297 2252 2350 ctio.
2305 2293 2668 2348 Circumcisio
2727 2292 2967 2363 quippe,
3039 2307 3318 2362 corporea:
3381 2292 3678 2362 voluptatis

2122 2400 2417 2454 rerumque
2447 2383 2844 2453 superﬂuarum
2877 2398 2941 2438 ac
2973 2383 3198 2438 minime
3247 2383 3677 2439 necessariarum

2123 2482 2207 2528 est
2229 2473 2484 2541 alijectio.
2520 2472 2856 2543 Prmputiunt
2894 2487 3025 2528 vero
3053 2472 3188 2527 nihil
3227 2471 3376 2526 aliud
3422 2482 3527 2535 est,
3566 2471 3675 2525 nisi

2124 2562 2394 2634 superﬂua
2436 2564 2581 2619 cutis
2614 2565 2847 2619 membri
2877 2565 3026 2620 illius
3057 2565 3111 2619 in
3146 2580 3255 2634 quo
3290 2552 3459 2618 libi-do
3478 2564 3677 2618 cietur.

2124 2655 2313 2710 Omnis
2341 2670 2509 2726 porro
2533 2656 2810 2726 voluptas,
2835 2671 2955 2726 qua:
2982 2672 3083 2711 nec
3104 2671 3172 2710 ex
3202 2655 3330 2718 Deo,
3359 2670 3456 2709 nec
3483 2655 3537 2708 in
3572 2653 3682 2709 Deo

2125 2745 2356 2814 capitur,
2381 2745 2676 2815 voluptatis
2699 2754 2784 2800 est
2805 2747 3078 2817 superﬂua
3100 2748 3300 2817 portio,
3320 2746 3479 2815 cujus
3506 2749 3675 2816 ligura

2125 2836 2445 2906 przepulium
2474 2844 2604 2890 est:
2663 2837 2963 2892 Sabbatum
3021 2850 3199 2893 autem
3262 2847 3346 2892 est
3391 2839 3609 2906 requies
3651 2853 3681 2891 a

2126 2935 2375 2995 peccato.
2405 2926 2774 2992 Quamobrem
2801 2929 2911 2983 duo
2933 2930 3047 2983 haec
3073 2945 3242 2984 unum
3276 2945 3504 2999 prorsus
3532 2938 3681 2989 sunt.

2127 3022 2292 3082 atque
2324 3016 2398 3068 ita
2427 3016 2588 3070 ambo
2619 3016 2802 3079 simul,
2833 3016 2880 3072 si
2912 3016 2982 3072 ab
3011 3018 3077 3071 iis
3129 3019 3222 3086 qui
3265 3020 3462 3088 spiritu
3491 3028 3679 3089 agunt,

2127 3106 2513 3170 observentur,
2563 3123 2630 3161 ne
2665 3108 2948 3162 minimam
2988 3109 3207 3178 quidem
3257 3108 3447 3179 ﬂagitii
3498 3117 3681 3163 notam

2127 3206 2334 3252 creant.

2200 3288 2424 3343 Numeri
2485 3292 2772 3359 septenarii
2827 3292 3234 3345 commendatio.
3269 3290 3497 3355 —-Qnin
3550 3292 3681 3346 illud

2126 3398 2340 3452 quoque
2364 3382 2659 3437 notandum
2679 3395 2760 3439 cst
2780 3385 2844 3450 δε,
2867 3383 3174 3454 septenario
3200 3399 3428 3437 mimcro
3449 3398 3681 3449 pra‘sens

2127 3489 2287 3527 omne
2321 3482 2537 3542 tempus
2576 3475 2887 3544 designari,
2947 3476 3105 3546 juxta
3140 3484 3302 3545 atque
3340 3475 3681 3544 sapientissi-

2125 3580 2248 3620 mus
2294 3565 2552 3618 Salomon
2612 3567 2773 3632 dixit,
2828 3569 2958 3622 dare
3019 3579 3222 3637 partem
3255 3579 3470 3637 septem,
3527 3578 3685 3639 atque

2122 3659 2282 3712 etiam
2346 3668 2458 3711 octo
2477 3659 2543 3713 δ’.
2589 3658 2655 3712 Ει
2710 3659 3088 3731 diviniloquus
3133 3660 3302 3717 David
3329 3663 3393 3728 ⁵⁰,
3441 3678 3566 3717 cum
3615 3663 3681 3717 de

2123 3756 2316 3803 octava
2351 3750 2616 3819 psalmum
2646 3751 2852 3817 ederet,
2891 3752 2961 3807 de
3016 3752 3203 3806 futura
3262 3765 3383 3823 post
3435 3769 3682 3808 resurre-

2121 3842 2355 3896 ctionem
2406 3843 2805 3897 instauratione
2852 3859 3034 3898 rerum
3078 3845 3331 3900 canebat.
3391 3844 3678 3910 Quocirca,

2121 3931 2565 4000 quandoquidem
2603 3934 2686 3986 lex
2723 3932 2809 3987 die
2839 3935 3075 4002 septimo
3122 3949 3151 3986 a
3203 3934 3483 4004 corporeis
3523 3937 3683 3987 rebus

2121 4037 2339 4076 cessare
2377 4023 2742 4092 prmcipiebal,
2784 4032 2838 4077 et
2887 4024 3270 4096 spiritualibus
3303 4039 3520 4086 vacare,
3554 4038 3682 4076 vero

2121 4112 2399 4179 Israelitze,
2427 4128 2599 4183 eaque
2633 4121 2811 4167 mente
2852 4116 3076 4184 prazdito
3118 4131 3239 4184 qua:
3275 4114 3442 4167 Deum
3479 4114 3676 4176 videat,

2120 4216 2322 4254 arcana
2357 4203 2568 4257 ratione
2597 4204 2700 4257 hoc
2741 4205 3148 4265 subindicabat,
3194 4216 3470 4271 nunquam
3496 4202 3548 4256 id
3572 4216 3680 4255 non

2125 4292 2392 4363 agendum
2423 4309 2565 4357 esse,
2595 4304 2651 4346 ut
2680 4310 2801 4349 sese
2856 4294 2966 4352 Deo
3023 4293 3237 4359 oﬂ'erat,
3288 4301 3343 4346 et
3384 4306 3548 4361 supra
3594 4307 3682 4346 res

2050 4384 2096 4442 υ
2123 4395 2417 4450 corporeus
2451 4393 2725 4436 assurgat.

2715 4472 2868 4526 CAP.
2905 4470 3094 4526 XXIV.

2688 4560 2760 4614 De
2785 4562 3101 4628 virginitate.
3175 4569 3178 4573 ’

2209 4646 2546 4716 Virginitatis
2578 4648 2834 4716 defensio.
2880 4649 3169 4718 Virginitas
3191 4652 3387 4705 nomini
3420 4668 3593 4706 cowva
3619 4667 3684 4706 ac

2130 4737 2305 4803 vigens
2339 4737 2394 4788 in
2417 4736 2690 4792 varadiso.
2733 4736 3137 4793 Matrimonium
3180 4744 3451 4797 occasione
3483 4745 3681 4810 peccati

2127 4824 2418 4881 inductum.
2443 4856 2511 4868 --
2530 4827 2913 4899 Virginitatem
2933 4833 2977 4864 “
3005 4834 3255 4889 carnales
3287 4835 3535 4889 homines
3563 4836 3677 4890 cul-

2128 4923 2280 4983 pant,
2316 4925 2370 4969 et
2402 4917 2495 4984 qui
2550 4918 2817 4987 voluptati
2866 4920 3170 4991 indulgent,
3218 4924 3516 4978 testimonii
3562 4924 3680 4978 loco

2128 5005 2340 5059 dictum
2374 5007 2480 5060 hoc
2516 5008 2863 5065 obtendunt:
2900 5010 3217 5067 Maledicta:
3255 5016 3427 5068 omnis
3464 5015 3553 5082 qui
3577 5029 3677 5066 non

2128 5097 2350 5149 suscitat
2374 5114 2542 5151 semen
2568 5100 2622 5152 in
2650 5097 2888 5155 Israel"
2915 5119 2930 5170 ;
2957 5119 3058 5159 nos
3089 5120 3216 5161 vero
3256 5105 3351 5159 Dei
3384 5104 3543 5159 Verbi
3587 5103 3676 5173 qui

2351 5240 2396 5273 “
2424 5240 2583 5312 Greg.
2646 5242 2776 5301 Naz.
2816 5253 2956 5303 orat.
2989 5245 3076 5300 42.
3158 5245 3229 5307 ,⁸³
3259 5242 3418 5300 Eccle
3493 5259 3568 5317 ξι,
3618 5241 3674 5297 2.

1745 5424 1977 5483 νΑιιιλΕ
2001 5432 2401 5489 LECTIONES.
2468 5430 2471 5433 ’

543 5526 1670 5627 1’543510133iii-“Agger;ancodicvs
1701 5547 1972 5627 73mm.
2104 5548 2344 5627 [nates
2366 5554 2635 5627 γενέσθαι,
2687 5554 2909 5610 additur
2938 5555 2995 5610 in
3023 5555 3179 5619 CollL
3222 5554 3360 5609 nso
3385 5564 3436 5611 et
3471 5552 3529 5610 s.
3562 5551 3672 5610 an.

471 5596 565 5644 κλὶ
599 5595 755 5666 νόμος
798 5600 927 5667 ἡμῖν
970 5595 1275 5672 ἐλευθερίας
1313 5595 1654 5680 δεδώρηται(
1699 5625 1717 5650 5
2014 5620 2067 5671 S.
2687 5595 2899 5610 "mm"
2938 5595 2995 5610 η.
3025 5595 3083 5679 vi
