4074 6146
348 295 479 356 1209

1343 293 1442 358 DE
1473 295 1648 356 FIDE
1684 295 2139 355 ORTIIODOXA
2173 296 2316 355 IIB.
2343 295 2417 355 Ν

3428 297 3573 363 1210

349 405 468 476 ίσην
487 406 685 474 ἀρετὴν
729 404 1132 478 ἐπιδειξάμενος
1181 410 1240 461 ἐν
1273 409 1572 479 διαπλασίῳ
1610 410 1707 479 τὴν
1744 409 1902 478 χάριν

2026 407 2196 462 livisit
2223 408 2312 460 °°?
2351 408 2546 462 Nonne
2583 408 2734 476 virgo
2766 407 2956 461 Elias?
2987 408 3182 461 Annon
3205 386 3454 462 .Elisacus
3478 411 3570 463 di-

347 497 435 550 τοῦ
457 496 770 566 Πνεύματος
792 498 1044 568 αἰτήσας,
1066 498 1470 570 ἐκληρονόμησε
1494 516 1508 565 ;
1533 500 1666 555 Τίδὲ
1691 503 1738 552 οἱ
1758 502 1904 570 τρεῖς

349 588 531 650 παῖδες
559 603 574 651 ;
604 587 678 640 Οὐ
713 588 1010 658 παρθενίαν
1041 591 1382 660 ἀσκήσαντες
1428 591 1597 660 πυρὸς
1624 591 1905 657 κρείττους

344 679 618 745 γεγόνασι,
651 679 739 734 δια
762 683 860 750 τῆς
887 681 1182 750 παρθενίας
1235 681 1344 734 τῶν
1379 667 1662 749 ’σωμάτων
1693 679 1906 734 ἀναλώ-

347 786 451 822 των
481 769 560 838 τῷ
589 772 723 840 πυρὶ
743 771 1076 838 γεγονότωνς
1110 771 1184 823 Οὐ
1205 771 1426 840 Δανιὴλ,
1453 765 1514 825 οὗ
1548 771 1625 842 τῷ
1651 771 1859 842 σώματι
1882 785 1907 812 ι

349 864 409 931 τῇ
450 861 718 932 παρθενίᾳ
760 862 1090 932 στομωθέντι
1136 863 1318 933 θηρῶν
1352 863 1563 926 ὀδόντες
1597 864 1910 934 ὲμπαρῆναι

348 954 444 1005 οὐκ
472 954 730 1022 ῖσχυσαν;
763 955 835 1006 υὺ
901 954 1109 1023 μέλλων
1156 959 1268 1018 τοῖς
1317 955 1674 1026 Ἰσραηλίταις
1711 958 1738 1009 ὁ
1778 954 1912 1016 Θεὸς

348 1043 694 1105 ὀπτάνεσθαι,
748 1043 987 1112 ἁγνίζειν
1040 1045 1101 1097 τὸ
1147 1046 1303 1115 σῶμα
1352 1048 1746 1115 προσέταττενς
1781 1044 1916 1114 Οὐχὶ

354 1134 513 1203 ἱερεῖς
543 1135 582 1200 Il
608 1136 834 1198 ἑαυτοὺς
871 1136 1204 1202 ἁγνίζοντες,
1237 1136 1377 1190 οὕτω
1413 1136 1520 1190 τῶν
1571 1136 1779 1190 ἀδύτων
1822 1137 1920 1188 ἑπ-

351 1222 588 1284 έῦαινον,
620 1223 714 1276 καί⁵
741 1225 839 1287 τὰς
871 1225 1057 1288 θυσίας
1090 1227 1404 1296 προσῆγον;
1431 1228 1540 1297 Οὐχ
1564 1228 1594 1279 ὁ
1620 1227 1784 1297 νόμος
1817 1243 1916 1296 με·

351 1313 521 1383 γάλην
551 1315 712 1384 εὐχὴν
735 1315 833 1386 τὴν
859 1317 1083 1384 ἁγνείαν
1109 1317 1442 1388 ἀνηγόρευσε
1464 1336 1479 1383 ;
1536 1340 1540 1344 λ

2001 499 2252 568 scipulns
2285 499 2434 567 ejus,
2473 514 2595 551 cum
2633 499 2778 567 paris
2813 497 3032 552 vit-tutis
3069 499 3344 565 specimen
3383 499 3570 554 dedis-

2000 600 2102 653 set,
2168 589 2408 659 Spiritus
2457 590 2717 658 gratiam,
2773 605 2936 658 quam
2996 590 3266 656 duplicem
3319 591 3574 659 petierat,

2002 690 2331 736 consecutus
2363 682 2525 735 fuit“
2549 682 2570 733 ?
2596 682 2736 747 Quid
2765 693 2876 735 tres
2933 682 3133 751 pueri?
3192 681 3414 740 Nonne.
3447 698 3570 735 cum

2003 772 2382 840 virginitatem
2407 773 2740 835 coluissent,
2763 773 2944 843 ignem
2969 783 3324 841 superarunt,
3348 773 3449 825 hoc
3480 787 3579 840 per

2005 863 2378 933 virginitatem
2449 862 2652 932 adepti.
2720 870 2780 915 ut
2848 864 3031 932 ipsoru
3061 880 3088 914 ιι
3155 879 3386 932 corpora
3453 863 3578 931 igne

1982 949 2262 1008 'consumi
2292 969 2400 1008 non
2435 963 2664 1023 possent
2689 953 2780 1005 ea?
2826 954 2967 1018 Quid
3014 955 3290 1008 Danielem
3325 965 3531 1009 taceam
3555 954 3582 1006 ?

2007 1043 2182 1114 Cujus
2211 1062 2418 1115 corpus
2451 1047 2769 1116 virginitate
2798 1048 2878 1099 sic
2927 1047 3255 1101 obduratum
3294 1048 3490 1102 fuerat.
3522 1055 3589 1102 ut

2013 1135 2251 1190 ferarum
2309 1139 2501 1191 dentes
2559 1139 2606 1191 ei
2673 1137 2820 1206 inligi
2883 1139 3326 1207 nequiverint".
3382 1140 3578 1191 Annon

2011 1226 2156 1282 Deus
2187 1228 2254 1281 ab
2284 1228 2548 1284 lsraelitis
2575 1229 3030 1298 conspiciendus.
3065 1228 3169 1282 hoc
3199 1228 3278 1281 eis
3313 1244 3586 1296 praecepe-

2011 1325 2114 1381 rat,
2141 1326 2199 1370 ut
2234 1332 2262 1369 a
2298 1317 2527 1372 libidine
2553 1333 2754 1387 purum
2785 1333 2990 1385 corpus
3013 1319 3359 1372 servarent"
3383 1317 3405 1368 ?
3440 1318 3588 1369 Mn-

353 1422 420 1461 ne
453 1407 770 1464 sacerdotes
805 1411 1018 1479 seipsos
1055 1418 1239 1466 castos
1281 1413 1590 1478 servabant,
1637 1427 1749 1481 quo
1784 1408 1968 1480 templi
1999 1409 2163 1481 adyta
2206 1412 2650 1482 ingrederentur,
2689 1425 2754 1466 ac
2789 1412 3046 1466 victimas
3106 1409 3412 1465 olierrent?
3472 1414 3582 1466 An-

355 1513 464 1553 non
489 1498 724 1568 denique
759 1502 842 1555 lex
882 1517 1135 1572 magnum
1175 1513 1359 1558 votum
1400 1506 1711 1560 castitatem
1763 1503 2147 1571 nuncupavit?

420 1594 540 1665 Χρὴ
571 1595 751 1648 τοίνυν
785 1605 807 1634 ⁸
833 1599 929 1655 ἐπὶ
969 1599 1029 1650 τὸ
1075 1599 1588 1670 πνευματικώτερον
1613 1599 1912 1669 λαμϐάνειν

2086 1603 2368 1671 Explicata
2400 1603 2691 1669 Scriptura:
2725 1604 2865 1656 loca.
2886 1633 2954 1644 -—
2981 1603 3138 1671 Legis
3170 1602 3355 1671 itaque
3383 1616 3588 1669 praeco--

354 1686 413 1740 τὸ
438 1687 662 1756 νομικὸν
693 1689 1040 1760 πρόσταγμα.
1089 1691 1243 1743 Ἐστι
1272 1691 1378 1762 γὰρ
1411 1692 1634 1762 σπέρμα
1669 1707 1915 1760 πνευμα-

351 1778 500 1831 τικὸν
525 1778 590 1832 δι’
638 1781 858 1850 ἀγάπης
914 1785 1008 1835 καὶ
1039 1783 1204 1850 φόϐου
1233 1783 1366 1836 Θεοῦ
1405 1782 1912 1852 συλλαμϐανόμενον

354 1870 411 1922 ὲν
437 1873 503 1940 τῇ
529 1867 732 1940 ψύχικῇ
755 1875 951 1942 γαστρὶ
978 1873 1240 1945 ὼδινούσῃ
1285 1875 1380 1926 καὶ
1408 1875 1664 1944 τικτούσῃ
1701 1875 1917 1944 πνεῦμα

355 1963 644 2031 σωτηρίας.
701 1962 856 2016 Οὕτω
901 1965 956 2016 δὲ
1001 1964 1299 2034 ἐκληπτέον
1340 1967 1432 2019 καὶ
1465 1965 1524 2017 τό
1552 1979 1565 1994 ⁸
1597 1965 1914 2032 Μακάριος,

354 2051 422 2118 ὃς
452 2051 574 2119 ἔχει
596 2053 833 2122 σπέρμα
860 2055 927 2107 ἐν
956 2054 1128 2119 Σιὼν,
1173 2057 1269 2108 καὶ
1307 2056 1566 2120 οἰκείους
1595 2054 1665 2108 ἐν
1708 2053 1917 2121 Ἰερου-

353 2143 579 2210 σαλήμ.
607 2145 671 2196 Τί
697 2147 823 2212 γὰρ,
881 2146 981 2198 κᾶν
1034 2136 1230 2214 πόρνος
1262 2141 1319 2217 ᾖ,
1375 2147 1478 2199 κᾶν
1511 2144 1762 2214 μέθυσος,
1815 2145 1919 2197 κᾶν

354 2235 766 2305 εἰδωλολάτρης,
795 2238 1063 2307 μακάριός
1093 2239 1263 2300 ἐστιν,
1292 2239 1340 2289 εἰ
1373 2237 1532 2306 μόνον
1553 2235 1661 2306 ἔχει
1698 2236 1918 2304 σπέρμα

354 2329 412 2380 ὲν
440 2327 598 2389 Σιὼν,
647 2330 738 2379 καὶ
763 2331 996 2391 οἰκείους
1044 2332 1101 2380 ἐν
1165 2328 1560 2399 Ἰερουσαλήμ;
1617 2326 1805 2388 Οὐδεὶς
1858 2320 1917 2379 εὖ

355 2418 565 2490 φρονῶν
593 2419 746 2472 τοῦτο
775 2420 908 2491 ἐρεῖ.

430 2597 718 2668 Παρθενία,
743 2597 804 2650 τὸ
827 2599 933 2651 τῶν
964 2611 988 2638 ⁸
1025 2597 1268 2666 ἀγγέλων
1302 2597 1620 2666 πολίτευμα,
1645 2597 1706 2650 τὸ
1743 2597 1922 2667 πάσης

357 2687 648 2758 ἀσωμάτου
675 2687 892 2756 φύσεως
938 2689 1152 2759 ἰδίωμα.
1190 2688 1375 2742 Ταῦτα
1434 2688 1688 2758 λέγομεν,
1738 2691 1797 2740 οὐ
1833 2689 1922 2741 τὸν

359 2781 537 2848 γάμον
579 2780 892 2843 κακίζοντες
918 2795 932 2808 θ
993 2780 1068 2850 μὴ
1109 2780 1352 2848 γένοιτο·
1414 2781 1638 2850 οἴδαμεν
1683 2780 1791 2850 γὰρ
1835 2779 1924 2832 τὸν

360 2869 566 2938 Κύριον
598 2871 656 2922 ὲν
683 2871 749 2937 τῇ
806 2867 971 2920 αὐτοῦ
1025 2869 1342 2938 παρουσίᾳι)
1367 2869 1459 2922 τὸν
1491 2869 1668 2938 γάμον
1701 2870 1924 2938 εὐλογή-

363 2974 551 3018 σαντα,
608 2957 704 3008 καὶ
750 2958 842 3009 τὸν
880 2957 1137 3009 είπόντα’
1177 2959 1370 3026 Τίμιος
1411 2961 1443 3010 ὁ
1501 2957 1710 3026 γάμος,
1753 2958 1851 3010 καὶ
1892 2957 1930 3024 ἡ
1960 2945 2004 3005 C

363 3049 535 3116 κοίτη
565 3049 852 3116 ἀμίαντος
877 3063 889 3076 ο
923 3047 1057 3100 ἀλλὰ
1086 3047 1252 3100 καλοῦ
1285 3047 1567 3118 κρείττονα
1599 3048 1697 3118 τὴν
1735 3048 1939 3117 παρθε-

364 3134 484 3188 νίαν
512 3133 890 3202 γινώσκοντες.
939 3135 1034 3187 Ἔν
1082 3151 1140 3186 τε
1184 3133 1292 3204 γὰρ
1345 3137 1466 3197 ταῖς
1525 3137 1745 3205 ἀρεταῖς
1793 3139 1932 3189 εἰσιν

364 3225 642 3290 ἐπιτάσεις
691 3226 784 3277 καὶ
827 3223 1066 3292 ὑφέσεις,
1094 3223 1296 3294 ὁμοίως
1319 3225 1414 3277 καὶ
1446 3226 1506 3277 ὲν
1535 3228 1654 3289 ταῖς
1696 3227 1934 3290 κακίαις.

364 3315 712 3386 Γινώσκομεν
745 3317 826 3369 ὅτι
857 3299 1036 3385 γάμου
1067 3315 1278 3384 ἔκγονοι
1300 3326 1322 3354 ο
1360 3317 1558 3380 πάντες
1595 3316 1776 3388 βροτοὶ
1803 3316 1941 3387 μετὰ

371 3410 498 3472 τοὺς
535 3411 630 3462 τοῦ
661 3409 850 3477 γένους
879 3408 1213 3479 ἀρχηγέτας.
1258 3409 1485 3460 Ἐκεῖνοι
1506 3407 1614 3478 γὰρ
1643 3408 1940 3478 παρθενίας

386 3501 516 3560 εἰσὶ,
544 3501 637 3554 καὶ
678 3501 740 3553 οὐ
775 3501 952 3569 γάμου
1002 3498 1469 3569 πλαστούργημα·
1514 3499 1631 3552 ἀλλ’
1657 3501 1691 3570 ἡ
1729 3499 1940 3569 ἁγαμία

376 3593 620 3663 ἀγγέλων
641 3593 808 3657 ἐστὶν,
828 3593 902 3656 ὡς
927 3591 1156 3660 ἔφημεν,
1192 3593 1437 3661 μίμημα.
1478 3590 1627 3660 Ὅσῳ
1653 3590 1940 3660 τοιγαροῦν

368 3685 598 3754 ἄγγελος
641 3681 929 3755 ἀνθρώπου
996 3683 1316 3753 ὑπέρτερος,
1376 3681 1619 3751 τοσούτῳ
1674 3681 1942 3750 παρθενία

371 3776 550 3847 γάμου
582 3775 900 3846 τιμιωτέραν
938 3773 1004 3826 Τί
1059 3773 1116 3826 δὲ
1174 3773 1337 3840 λέγω,
1391 3771 1652 3841 ἄγγελοςς
1693 3773 1866 3834 Αὐτὸς
1914 3772 1942 3823 ὁ

324 3856 336 3862 ’
368 3867 624 3938 Χριστὸς,
654 3866 754 3936 τῆς
784 3865 1083 3935 παρθενίας
1129 3865 1190 3917 τὸ
1229 3864 1410 3928 κλέος,
1457 3864 1518 3916 οὐ
1549 3864 1712 3934 μόνον
1732 3864 1796 3917 ὲκ
1834 3865 1942 3918 [Ia-

367 3959 495 4029 τρὸς
527 3958 794 4028 ἀνάρχως,
821 3955 1157 4027 ἀρῤεύστως,
1205 3957 1299 4008 καὶ
1332 3954 1716 4018 άσυνδυάστως
1750 3971 1942 4024 γεγεν-

372 4049 626 4119 νημένος,
656 4048 769 4101 ἀλλ’
796 4050 878 4101 ὅτι
927 4049 1021 4101 καὶ
1071 4047 1359 4117 ἄνθρωπος
1373 4045 1504 4098 ’καθ’
1538 4046 1686 4115 ἡμᾶς
1714 4047 1942 4116 γενόμε-

381 4159 490 4206 νος,
515 4143 654 4213 ὑπὲρ
679 4141 823 4212 ἡμᾶς
860 4140 922 4192 ὲκ
949 4138 1225 4210 Παρθένου
1258 4137 1548 4208 συναφείας
1587 4137 1712 4192 ἄνευ
1751 4154 1946 4207 σεσαρ-

381 4237 645 4308 κωμένος,
673 4237 766 4290 καὶ
784 4233 945 4298 αὐτὸς
998 4233 1295 4305 παρθενίαν
1336 4233 1434 4304 τὴν
1467 4231 1644 4302 ἀληθῆ
1680 4234 1774 4285 καὶ
1805 4251 1944 4286 παν-

2022 1697 2173 1761 ptum
2199 1707 2364 1746 sensu
2402 1693 2576 1762 magis
2603 1692 2879 1762 spirituali
2909 1693 3081 1760 accipi
3115 1692 3297 1746 debet.
3323 1691 3419 1743 Est
3444 1691 3594 1744 enim

2022 1777 2211 1837 semen
2243 1783 2554 1853 spirituale,
2587 1783 2731 1852 quod
2763 1798 2858 1852 per
2899 1783 3224 1835 charitatem
3257 1790 3309 1835 et
3335 1781 3593 1834 timorem

2025 1874 2118 1929 Dei
2160 1876 2473 1944 concipitur
2499 1876 2553 1930 in
2593 1877 2788 1929 animae
2823 1882 3001 1935 utero,
3039 1873 3379 1942 parturiente
3421 1871 3590 1926 eden-

2024 1974 2184 2037 teque
2211 1968 2465 2038 spiritum
2498 1969 2713 2022 salutis.
2750 1967 2955 2035 Sicque
2979 1967 3146 2019 etiam
3179 1963 3594 2033 intelligendum

2025 2059 2158 2113 illud
2187 2069 2270 2114 est
2298 2079 2312 2113 :
2353 2059 2547 2112 Beatus
2581 2060 2668 2126 qui
2698 2059 2849 2110 habet
2879 2073 3056 2110 semen
3089 2057 3142 2108 in
3181 2056 3336 2116 Sion,
3390 2065 3438 2107 et
3471 2069 3593 2121 pro-

2023 2153 2243 2220 pinquos
2276 2151 2329 2203 in
2358 2149 2656 2203 Jerusalem
2681 2149 2744 2200 ⁷¹.
2789 2147 2931 2212 Quid
2976 2148 3147 2208 enim,
3185 2145 3232 2199 si
3264 2159 3437 2213 ganeo
3501 2144 3599 2207 sit,

2026 2238 2071 2292 si
2109 2238 2464 2298 temulentus.
2499 2237 2545 2291 si
2581 2236 2853 2290 idolorum
2877 2233 3038 2303 297
3071 2235 3272 2297 cultor,
3309 2247 3436 2285 num
3469 2231 3595 2286 bea-

2028 2338 2116 2384 tus
2137 2331 2261 2394 erit,
2289 2330 2333 2384 si
2354 2328 2516 2382 modo
2537 2343 2723 2383 semen
2749 2328 2802 2380 in
2831 2325 2984 2389 Sion,
3012 2323 3273 2380 etaliincs
3299 2324 3353 2376 in
3377 2323 3599 2378 Jerusa-

2028 2422 2132 2476 lem
2164 2420 2405 2475 habeat?
2455 2418 2626 2474 Nemo
2678 2427 2828 2473 certe
2871 2431 3022 2471 sanae
3058 2416 3256 2470 mentis
3313 2414 3416 2468 hoc
3464 2410 3599 2467 ell‘u-

2029 2513 2193 2567 tierit.

2111 2603 2404 2674 Virginitas
2447 2601 2745 2671 angelicum
2787 2601 2908 2655 vita:
2936 2615 3119 2669 genus,
3175 2607 3223 2651 et
3261 2595 3602 2650 matrimonio

2029 2695 2396 2765 praestantior.
2427 2725 2496 2737 —-
2535 2692 2837 2762 Virginitas
2872 2690 3178 2759 angelicum
3227 2696 3313 2741 est
3347 2686 3470 2740 vitae
3510 2701 3603 2754 ge—

2032 2802 2171 2847 nus.
2210 2787 2552 2854 incorporeaa
2600 2783 2782 2837 omnis
2838 2793 3048 2835 naturae
3093 2777 3390 2848 peculiaris
3447 2785 3593 2830 uota.

2031 2876 2222 2946 Neque
2269 2877 2319 2929 id
2381 2875 2640 2939 dicimus,
2682 2881 2742 2926 ut
2797 2871 3144 2924 matrimonio
3191 2868 3602 2923 detrahamus;

2037 2966 2221 3022 absit!
2256 2973 2624 3036 (nequaquam
2653 2963 2797 3017 enim
2831 2977 2933 3016 nos
2962 2961 3097 3029 fugit
3137 2959 3428 3013 Dominum
3466 2973 3608 3026 pra:-

2037 3059 2212 3114 sentia
2245 3072 2342 3113 sua
2387 3055 2598 3125 nuptiis
2651 3055 3002 3109 benedixisse
3026 3054 3093 3117 ⁷³,
3147 3053 3411 3121 illumque
3445 3050 3603 3104 novi-

2036 3167 2160 3206 mus
2185 3149 2278 3219 qui
2313 3149 2474 3214 dixit,
2503 3144 2822 3200 Honorabile
2863 3144 3204 3204 connubium,
3234 3151 3285 3194 et
3315 3151 3460 3193 torus
3507 3140 3610 3191 im-

2038 3239 2334 3294 ntacutatus
2365 3233 2468 3306 ⁷³;)
2501 3236 2596 3291 sed
2650 3235 2778 3304 quia
2815 3233 3042 3301 nuptiis,
3097 3228 3347 3299 quamvis
3406 3227 3608 3294 alioqui

2038 3331 2222 3394 bonis,
2254 3337 2514 3400 prastare
2538 3326 2916 3396 virginitatem
2950 3320 3332 3391 agnoscimus.
3369 3316 3604 3376 Etenim,

2038 3439 2164 3476 cum
2207 3424 2261 3474 in
2297 3419 2622 3484 virtutibus,
2659 3427 2771 3470 tum
2808 3418 2862 3470 in
2893 3414 3044 3467 vitiis
3070 3411 3298 3466 altiores
3322 3420 3484 3476 atque
3520 3407 3610 3461 iu-

2041 3513 2269 3568 feriores
2301 3509 2505 3582 gradus
2528 3508 2824 3564 exsistunt.
2874 3504 3010 3558 Illud
3058 3506 3288 3571 scimus,
3346 3497 3612 3552 mortales

2039 3617 2230 3658 omnes
2254 3617 2321 3655 ex
2351 3600 2616 3669 conjugio
2650 3607 2809 3652 natos
2839 3611 2985 3657 esse,
3026 3591 3223 3665 primis
3253 3589 3472 3660 generis
3505 3603 3606 3640 no-

2041 3696 2140 3751 stri
2172 3693 2496 3764 parentibus
2533 3689 2804 3759 exceptis.
2833 3686 2968 3740 Nam
3017 3684 3093 3738 illi
3144 3679 3482 3751 virginitatis
3515 3693 3610 3732 so-

2043 3788 2196 3842 boles
2223 3794 2372 3848 sunt,
2410 3800 2521 3838 non
2553 3780 2800 3852 conjugii
2837 3779 3179 3848 ﬁgmentum.
3233 3773 3304 3827 At
3335 3770 3616 3825 etelibatus

2043 3874 2389 3945 angelorum,
2421 3879 2479 3926 ιιι
2510 3871 2772 3933 diximus,
2800 3868 2967 3921 vitam
3001 3865 3269 3918 imitatur.
3313 3858 3390 3913 Ex
3425 3873 3534 3928 quo
3559 3858 3619 3910 tit

2046 3973 2104 4017 ut
2132 3969 2399 4032 quantum
2451 3959 2680 4027 angelus
2731 3957 3007 4009 hominem
3063 3951 3365 4014 antecellit,
3409 3957 3616 4002 tantum

2048 4051 2335 4123 virginitas
2375 4047 2788 4102 matrimonium
2822 4051 3064 4114 superet.

2116 4143 2360 4198 Christus
2394 4141 2718 4210 virginitatis
2746 4139 2930 4200 decus,
2963 4151 3028 4189 ex
3059 4143 3212 4202 patre
3238 4129 3461 4197 virgine,
3498 4141 3614 4177 ma-

2048 4245 2221 4305 treque
2255 4241 2432 4287 natus.
2478 4230 2766 4299 Virginitas
2797 4227 2944 4280 nulla
2977 4225 3084 4292 lege
3139 4239 3170 4274 a
3224 4219 3436 4274 Christo
3485 4229 3618 4305 pra!-

368 4291 496 4400 τελξῇ
527 4291 737 4391 δεικνὺς
786 4329 846 4382 ἐν
901 4291 1098 4396 ἑαυτῷί
1137 4325 1301 4378 Ὀθεν
1327 4291 1420 4378 καί).
1453 4291 1658 4394 ταύτην
1688 4325 1820 4394 ἡμῖν
1833 4325 1928 4376 οὐ)

2044 4291 2266 4390 scripta.
2298 4349 2367 4360 -—
2395 4319 2535 4384 Quid
2568 4332 2697 4374 vero
2728 4315 2980 4383 angelum
3009 4309 3180 4364 dico?
3204 4307 3460 4361 Christus
3497 4303 3617 4369 ipse

371 4423 728 4495 ἐνομοθέτησε
755 4421 852 4492 μέν
879 4438 892 4452 ο
925 4424 1006 4475 Ob
1037 4419 1145 4490 γὰρ
1180 4416 1403 4482 πάντες
1431 4414 1693 4484 χωροῦσι
1723 4413 1949 4467 τὸνλό-

373 4530 506 4582 γον,
539 4513 613 4575 ὡς
633 4511 796 4573 αὐτὸς
823 4509 1025 4580 ἔφησεν
1049 4526 1063 4540 ο
1102 4507 1248 4578 ἔργῳ
1272 4506 1328 4558 δὲ
1360 4507 1507 4576 ἡμᾶς
1549 4503 1934 4569 ὲξεπαίδευσεν

2044 4414 2382 4485 virginitatis
2414 4412 2586 4466 decus
2622 4418 2729 4469 est,
2765 4416 2822 4459 ut
2847 4404 2940 4473 qui
2990 4417 3099 4455 non
3139 4401 3300 4454 modo
3333 4413 3399 4452 ex
3460 4395 3623 4448 Patre

2049 4507 2171 4560 sine
2201 4506 2349 4558 ﬂuxu
2382 4511 2544 4568 atque
2575 4511 2875 4565 congressu
2904 4493 3123 4563 genitus
3172 4491 3270 4555 sit,
3302 4489 3398 4543 scd
3459 4487 3620 4540 etiam

372 4578 470 4657 καὶ
498 4603 635 4672 πρὸς
686 4578 886 4671 ταύτην
917 4578 1064 4670 ἡμᾶς
1107 4596 1506 4665 ὲνεδυνὰμωσε.
1547 4594 1667 4646 Τίνι
1694 4593 1802 4664 γάρ
1849 4595 1928 4646 et):

2049 4596 2226 4651 nostri
2251 4597 2424 4648 instar
2455 4596 2738 4657 assumpta
2776 4599 2965 4646 carne,
3000 4599 3066 4637 ex
3099 4581 3324 4651 Virgine
3359 4578 3477 4633 sine
3509 4588 3625 4629 ma—

373 4696 492 4748 ἕστι
542 4694 733 4763 σαφὲς,
789 4694 872 4744 ὅτι
910 4690 1176 4761 παρθενία
1229 4690 1287 4742 ὲν
1345 4684 1658 4755 ἀνθρώποις
1693 4683 1788 4737 νῦν
1811 4684 1928 4736 πολι

2049 4687 2199 4742 ritali
2229 4683 2425 4753 capula
2468 4694 2651 4734 veram
2701 4675 3281 4742 absolutissimamque
3331 4667 3623 4739 virginita-

374 4758 638 4851 τεύετκιέ
993 4758 1004 4761 ﬁ
2047 4788 2154 4833 tem
2177 4777 2230 4828 in
2263 4774 2446 4841 seipso
2473 4768 2800 4824 ostenderit.
2835 4766 3185 4836 Quapropter
3221 4763 3365 4816 hanc
3393 4758 3622 4829 quidem

375 4881 470 4934 ille
497 4880 646 4933 nulla
674 4877 834 4932 nobis
862 4875 981 4944 lege
1039 4869 1378 4942 praescripsit
1419 4867 1435 4936 (
1466 4864 1588 4921 Non
1645 4866 1815 4931 enim,
1871 4875 1930 4920 nt
1969 4869 2084 4938 ipse
2130 4869 2228 4929 ait,
2253 4881 2428 4920 omnes
2458 4862 2673 4932 capiunt
2707 4860 2917 4914 verbum
2945 4857 3089 4912 istud
3110 4857 3158 4888 ⁷⁵
3184 4855 3226 4928 ),
3269 4867 3457 4908 verum
3501 4849 3625 4918 ipso

374 4986 542 5040 opere
576 4985 677 5025 nos
711 4970 858 5024 illam
899 4965 1110 5028 docuit,
1153 4963 1424 5031 nobisque
1453 4960 1522 5012 ad
1584 4973 1703 5012 eam
1771 4959 1938 5012 robur
1977 4960 2313 5016 conciliavit.
2389 4955 2554 5010 Eccui
2615 4954 2762 5009 enim
2836 4968 2944 5005 nun
3005 4950 3196 5019 liquet,
3257 4944 3624 5014 virginitatem

379 5082 529 5121 nunc
559 5067 702 5121 inter
732 5063 986 5119 homines
1019 5061 1203 5130 vigere
1224 5059 1247 5099 ν

450 5182 496 5212 ⁶⁶
532 5179 595 5234 Ν
665 5178 798 5244 Reg.
849 5195 909 5240 ιι,
971 5177 1023 5229 8.
1128 5169 1339 5226 "ibid.
1393 5172 1462 5244 9.
1631 5166 1764 5220 Dan.
1825 5183 1907 5244 ιιι,

2026 5173 2093 5244 ι...
2155 5162 2198 5244 θξ
2227 5159 2360 5212 Dan.
2395 5174 2473 5244 τι..
2497 5156 2581 5208 14.

376 5253 425 5285 ⁷³
460 5227 582 5306 lsa.
612 5227 1160 5315 salix-Sliw'tjoan.
1191 5260 1250 5308 ιι,
1295 5245 1346 5298 1.
1425 5242 1466 5272 ⁷³
1495 5240 1660 5294 llehr.
1699 5253 1818 5297 xm,
1847 5236 1901 5289 4.

2050 5231 2238 5285 Matth.
2267 5245 2382 5293 ιιι,
2419 5227 2508 5282 Η.

1670 5349 1906 5405 νΛΙὶΙιΕ
1939 5343 2346 5402 LECTIONES.

479 5465 505 5494 κ
543 5454 677 5510 Coll.
707 5453 763 5507 S.
792 5453 897 5506 Ilil.
933 5460 987 5506 et
1039 5451 1127 5503 alii
1179 5450 1260 5502 οὐ.
1319 5447 1470 5516 Regii
1505 5445 1620 5499 4οὐ
1643 5443 1862 5514 Δανιὴλ,
1885 5441 1982 5516 βιῷΔ
2016 5440 2264 5516 omnem;
2320 5435 2599 5516 siehvetus
2647 5431 2881 5516 interpr1
2917 5416 3332 5516 ﬁgit-11153033“

480 5484 505 5494 ’-
543 5484 677 5510 uult.
709 5484 763 5507 ο.
793 5484 897 5506 un.
933 5484 987 5506 cu.
1039 5484 1127 5503 Illll
1180 5484 1260 5502 υ-ι.
1319 5484 1470 5516 urb--
1505 5484 1619 5499 τνυ
1643 5484 1862 5514 -υυ-σιην
1900 5484 1973 5526 ’πει
2019 5484 2226 5525 *τι-*ν’*
2253 5484 2264 5503 ι
2321 5484 2584 5516 "'._"'“'
2702 5500 2718 5510 ,
2794 5484 2809 5498 ι
2942 5495 2953 5505 .
3001 5496 3008 5503 .
3137 5490 3146 5504 ι
3380 5484 3407 5523 b
3613 5498 3627 5508 .

384 5532 414 5574 7
451 5525 587 5580 Cod.
617 5524 673 5577 S.
705 5524 810 5575 tlil.
867 5531 918 5574 et
959 5521 1048 5573 alii
1075 5519 1316 5572 nonnul'i
1341 5520 1436 5586 οὺχ
1472 5517 1520 5569 oi
1551 5518 1765 5586 ἱερεῖςη
1801 5523 1835 5586 ’κ
1874 5511 2008 5586 (.ud.
2041 5509 2100 5564 δ.
2130 5508 2246 5586 lltl._
2269 5517 2321 5560 et
2353 5506 2442 5585 alii
2476 5509 2884 5586 τοιγαρου“ι;ῌ⁴¹

387 5553 406 5574 ι
451 5553 587 5580 um.
617 5553 673 5577 ο,
711 5553 810 5575 ιι...
867 5553 918 5574 ut
959 5553 1048 5573 .....
1303 5553 1316 5570 .
1341 5553 1436 5586 ναι
1552 5553 1733 5584 μία...
2043 5553 2100 5564 ν-
2273 5553 2321 5560 μ
2683 5571 2691 5581 ,
2811 5568 2820 5575 ,
3101 5553 3110 5556 -
3166 5553 3175 5558 -
3502 5553 3510 5563 -

387 5594 574 5649 forsan
596 5596 662 5663 τῇ
687 5591 978 5660 παρουοία,
1004 5589 1138 5663 utin
1165 5588 1296 5654 Reg.
1326 5589 1523 5643 tribus.
1568 5588 1624 5642 In
1657 5584 1844 5639 ttzttlllS
1901 5581 2052 5637 deest
2085 5576 2270 5642 αὑτοῦ,
2306 5585 2358 5631 ct
2395 5577 2448 5629 in
2497 5573 2618 5627 rod.
2661 5576 2716 5623 δ.
2761 5566 2866 5622 llil.
2910 5577 3068 5617 manu
3103 5555 3344 5614 secunda
3391 5553 3630 5607 additum

387 5665 510 5720 fuit.

2688 5153 2733 5185 "°
2767 5151 2938 5205 Ειοιι.
2989 5165 3102 5214 xix,
3136 5148 3231 5213 l5;
3280 5145 3440 5197 Num.
3472 5156 3544 5204 ιιι,
3575 5144 3625 5196 2.

611 5658 892 5728 θ’ῺυίιΙιιιιι
929 5658 1049 5716 Cod.
1107 5658 1336 5726 ἔγγονοι.
