4026 6156
349 302 485 367 1213

1368 311 1466 371 DE
1501 308 2162 374 FlDE_0RTI-IODOXA
2205 312 2349 371 LIB.
2411 314 2502 372 ιν.

3466 263 3600 374 121i

346 418 488 487 μετὰ
524 415 622 477 τὰς
659 414 930 483 εὐλογίας,
978 421 1114 486 μετὰ
1160 418 1256 490 τὴν
1285 420 1638 486 ἐπαγγελίαν,
1693 420 1918 488 σημεῖον

2023 423 2239 475 ctioncs
2269 435 2320 475 et
2357 425 2756 490 promissiones
2783 427 2906 481 data
2939 432 3044 489 est,
3073 432 3340 494 tanquam
3377 423 3598 493 signum

344 507 767 560 αποδιαστὲλλον
817 509 980 562 αὑτὸν
1024 512 1118 562 καὶ
1169 513 1295 573 τοὺς
1333 512 1392 576 ἐξ
1425 513 1615 571 αὑτοῦ.
1666 515 1760 567 καὶ
1794 514 1920 576 τοὺς

344 598 510 652 αὐτοῦ
562 599 859 664 οἰκογενεῖς
906 602 970 652 ἐκ
1020 601 1126 653 τῶν
1182 603 1371 666 ἐθνῶν,
1433 603 1551 672 μεθ’
1583 595 1658 656 ὧν
1724 620 1918 656 συναν-

344 689 664 758 εστρέφετο.
692 690 799 741 Καὶ
837 688 992 758 δῆλον
1015 707 1028 719 ο
1055 692 1141 743 ὅτε
1186 693 1293 761 γὰρ
1319 694 1378 745 ἐν
1409 695 1475 762 τῇ
1511 694 1704 763 ἐρήμῳ
1726 709 1921 745 τεσσα-

347 781 584 852 ράκοντα
615 783 644 833 ὀ
685 781 900 852 Ἰσραὴλ
934 781 1094 852 μόνος
1145 784 1265 837 καθ’
1306 785 1497 838 ἑαυτὸν
1539 784 1828 853 διέτριψεν,
1857 784 1917 838 οὐ

344 873 888 942 συναναμεμιγμένος
947 875 1116 943 ἑτέρῳ
1151 875 1314 939 ἔθνει,
1362 877 1475 928 ὅσοι
1520 877 1576 926 ἐν
1720 879 1918 950 ἐρήμῳ

345 963 736 1033 ἐγεννήθησαν,
787 965 848 1017 οὐ
892 967 1338 1036 περιετμήθησαν
1363 985 1375 997 ·
1409 968 1573 1038 ἡνίκα
1617 967 1674 1019 δὲ
1712 965 1919 1036 Ἰησοῦς

345 1051 652 1116 διεϐίϐαζεν
711 1053 909 1116 αὐτοὺς
962 1055 1053 1108 τὸν
1098 1056 1391 1125 Ἰορδάνην,
1443 1054 1916 1126 περιετμήθησαν,

346 1143 440 1194 x0).
462 1142 653 1210 γέγονε
689 1143 941 1215 δεύτερος
968 1147 1131 1214 νόμος
1155 1149 1478 1217 περιτομῆς.
1497 1148 1622 1200 Ἐπὶ
1666 1145 1920 1216 Ἀϐραὰμ

344 1234 455 1304 γὰρ
482 1234 640 1300 ἐδόθη
663 1236 826 1305 νόμος
849 1240 1171 1308 περιτομῆς,
1211 1234 1331 1292 εἶτα
1356 1239 1632 1293 ἐπαύσατο
1647 1241 1704 1291 ἐν
1728 1240 1919 1308 ἐρήμῳ

341 1327 750 1398 τεσσαράκοντα
769 1327 882 1398 ἐτη.
893 1331 1000 1383 Καὶ
1014 1330 1174 1382 πάλιν
1188 1331 1250 1383 ἐκ
1263 1330 1517 1400 δευτέρου
1540 1330 1736 1384 ἔδωκεν
1751 1332 1777 1383 ὁ
1787 1330 1920 1392 Θεὸς

340 1417 420 1486 τῷ
436 1417 609 1488 Ἰησοῦ
631 1419 792 1488 νόμον
812 1421 1131 1490 περιτομῆς,
1158 1421 1294 1489 μετὰ
1313 1420 1374 1472 τὸ
1403 1419 1657 1488 διαεῆναι
1674 1419 1765 1472 τὸν
1794 1420 1922 1488 Ἰορ-

341 1506 532 1577 δάνην,
548 1507 730 1571 καθὼς
761 1510 820 1560 ἐν
835 1512 899 1579 τῇ
922 1509 1280 1580 βίϐλῳΊησοῦ
1295 1509 1388 1563 τοῦ
1412 1511 1570 1580 Ναυῆ
1583 1511 1913 1580 γέγραπται·

351 1599 497 1653 ’Υπεδ
546 1599 614 1652 δὲ
663 1599 879 1653 τοῦτον
927 1602 1030 1653 τὸν
1075 1602 1286 1668 καιρὸν
1321 1598 1490 1655 εἶπεν
1521 1604 1553 1654 ό
1600 1602 1816 1668 Κύριος
1840 1599 1920 1666 τῷ

355 1689 550 1758 Ἰησοῦ
572 1708 587 1722 ·
633 1692 906 1758 Ποίησον
933 1690 1168 1755 σεαυτῷ
1194 1693 1496 1760 μαχαίρας
1539 1693 1829 1759 πετρίνας
1849 1692 1917 1744 ἐκ

341 1783 562 1849 πέτρας
597 1783 956 1851 ἀκροτόμου.
1012 1783 1112 1836 καὶ
1139 1785 1397 1848 καθίσας
1433 1787 1740 1852 περιέτεμε
1778 1782 1918 1847 τοὺς

338 1871 512 1937 υἱοὺς
548 1872 783 1941 Ἰσραὴλ
840 1873 908 1925 ἐκ
943 1872 1246 1941 δευτέρου.
1274 1874 1383 1927 Καὶ
1427 1876 1544 1944 μετ’
1562 1874 1746 1942 ὀλίγαο
1796 1874 1920 1926 Ἐπί

339 1963 794 2030 τεσσαράκοντα
842 1965 952 2032 γὰρ
1009 1965 1105 2016 καί
1148 1963 1165 2002 ί
1210 1963 1320 2018 δύο
1334 1965 1441 2033 ἐτη
1467 1965 1872 2032 ἀνέστραπται
1895 1965 1920 2004 5

353 2053 595 2122 Ἰσραὴλ
618 2056 688 2108 ἐν
741 2054 819 2123 τῇ
861 2055 1056 2123 ἐρήμῳ
1079 2054 1152 2124 τῇ
1210 2055 1579 2124 Βατταριτίδι
1604 2053 1631 2092 ιι
1651 2094 1666 2117 ,
1693 2056 1791 2108 καὶ
1825 2055 1922 2108 διὰ

338 2146 516 2199 τοῦτο
533 2147 915 2215 ἀπερίτμητοι
967 2147 1156 2202 αὐτῶν
1199 2143 1362 2218 ἦσαν
1418 2150 1472 2201 οἱ
1497 2147 1770 2218 πλεῖστοι
1807 2146 1924 2200 τῶν

337 2238 630 2306 μαχίμων,
646 2213 782 2291 Ἵτῶοα
801 2213 1255 2306 ἐξεληλυθότωα·
1269 2241 1338 2293 ἐκ
1367 2213 1810 2308 τῆςΑὶςούπτουν
1869 2241 1922 2291 οἱ

339 2329 782 2396 ἀπειθήσαντες
838 2331 965 2395 ταῖς
1031 2330 1306 2396 ἐντολαῖς
1351 2331 1458 2384 τοῦ
1493 2331 1661 2393 Θεοῦ,
1694 2326 1785 2396 οἷς
1822 2330 1921 2383 καί

340 2421 579 2490 διώρισε
605 2421 691 2490 μὴ
746 2420 895 2474 ίδεῒν
942 2421 1166 2487 αὐτοὺς
1197 2423 1312 2489 τὴν
1360 2420 1479 2489 γῆν
1520 2420 1635 2486 τὴν
1661 2418 1918 2488 ἀγαθὴν,

341 2510 424 2579 ἦν
450 2513 648 2582 ὤμοσε
685 2514 902 2580 Κύριος
957 2517 1083 2578 τοῖς
1127 2511 1429 2578 πατράσιν
1459 2510 1661 2566 αὐτῶν
1711 2510 1921 2563 δοῦναι

342 2603 696 2672 αὐτοῖς,γῆν
719 2603 990 2672 ῥέουσαν
1010 2603 1167 2673 γάλα
1197 2604 1294 2656 καὶ
1328 2602 1485 2672 μέλι.
1513 2601 1665 2656 Ἀντί
1683 2599 1753 2654 δὲ
1784 2601 1919 2654 τού-

342 2709 462 2746 των·
507 2695 980 2761 ἀντικατέστησε
1023 2693 1165 2760 τοὺς
1213 2693 1384 2758 υἱοὺς
1407 2692 1626 2758 αὐτῶν,
1653 2692 1760 2758 οὓς
1809 2692 1921 2758 Ἰη-

344 2779 497 2846 σοῦς
518 2781 842 2850 περιέτεμε,
871 2781 971 2834 διὰ
994 2781 1057 2834 τὸ
1089 2780 1444 2851 γεγενῆσθαι
1473 2781 1697 2843 αὐτοὺς
1719 2782 1920 2848 ἀπερι-

343 2870 604 2937 τμήτους
627 2869 774 2922 κατὰ
803 2870 920 2936 τὴν
956 2871 1121 2924 ὁδόν.
1159 2872 1320 2924 Ὥστε
1353 2875 1592 2939 σημεῖον
1611 2869 1680 2943 ἦν
1711 2874 1743 2943 ἡ
1769 2891 1922 2944 περι-

344 2961 504 3029 τομὴ,
533 2962 792 3032 ἀφορίζον
829 2961 844 3002 ε
878 2961 968 3014 τὸν
1007 2961 1226 3032 Ἰσραὴλ
1246 2964 1310 3015 ὲκ
1334 2963 1442 3016 τῶν
1466 2965 1658 3029 ἐθνῶν,
1683 2961 1763 3028 οἷς
1794 2983 1920 3018 συν-

345 3052 724 3121 ανεστρέφετο.

417 3142 598 3205 Τύπος
627 3143 683 3196 δὲ
729 3139 796 3215 ἦν
851 3143 948 3198 τοῦ
995 3144 1391 3214 βαπτίσματος.
1447 3145 1712 3218 Καθάπερ
1744 3148 1918 3218 γὰρὴ

345 3236 616 3306 περιτομὴ
642 3237 700 3288 οὐ
731 3236 987 3306 χρειῶδες
1021 3236 1179 3308 μέλος
1200 3239 1494 3310 ἀποτέμνει
1517 3239 1613 3292 τοῦ
1647 3241 1918 3308 σώματος,

347 3325 480 3379 ἀλλὰ
511 3326 830 3397 περίττωμα
873 3329 1169 3399 ἄχρηστον,
1200 3329 1342 3382 οὕτω
1371 3331 1459 3384 διὰ
1504 3330 1598 3384 τοῦ
1641 3332 1796 3399 ἁγίου
1827 3326 1922 3401 βα·-

347 3414 650 3484 πτίτματος
677 3416 775 3486 τὴν
801 3417 1076 3488 ἁμαρτίαν
1108 3419 1550 3490 περιτεμνόμεθα
1569 3423 1630 3490 ’ἡ
1658 3421 1713 3474 δὲ
1744 3421 1922 3492 ἁμαρ-

344 3509 457 3571 τία,
481 3510 640 3576 δῆλον
693 3511 768 3576 ὡς
823 3513 1150 3582 περίττωμα
1196 3514 1494 3585 ἐπιθυμίας
1542 3517 1680 3581 ἐστὶ,
1717 3517 1812 3570 καὶ
1857 3518 1918 3569 οὐ

346 3599 613 3670 χρειώδης
663 3602 951 3672 ἐπιθυμία.
992 3603 1278 3661 Ἀδύνατον
1317 3607 1428 3677 γάρ
1455 3623 1582 3661 τινα
1624 3607 1749 3678 μηδ’
1783 3607 1921 3671 ὅλως

347 3689 656 3771 ἐπιθυμεῖν,
715 3694 749 3764 ἢ
789 3694 973 3749 τέλεον
1031 3697 1298 3764 ἄγευστον
1333 3697 1528 3767 ἡδονῆς
1574 3693 1712 3752 εἶναι
1737 3714 1751 3728 ·
1785 3698 1922 3753 ἀλλὰ

345 3781 406 3834 τὸ
429 3781 702 3853 ἄχρηστον
730 3787 830 3855 τῆς
860 3786 1072 3857 ἡδονῆς,
1123 3787 1302 3858 ἦτοιή
1346 3789 1617 3861 ἄχρηστος
1658 3789 1921 3861 ἐπιθυμία

344 3889 404 3926 τε
436 3875 531 3926 καὶ
559 3874 739 3954 ἡδονὴ,
773 3876 931 3929 τοῦτό
965 3878 1115 3931 ἐστιν
1149 3880 1182 3948 ἡ
1205 3879 1468 3950 ἁμαρτία,
1497 3880 1566 3951 ἣν
1593 3882 1916 3951 περιτέμνει

345 3964 406 4019 τὸ
437 3966 610 4033 ἅγιον
633 3959 945 4038 βάπτισμα,
987 3967 1226 4038 παρέχον
1275 3971 1407 4040 ἡμῖν
1469 3972 1693 4038 σημεῖον
1726 3971 1818 4024 τὸν
1839 3970 1920 4023 τί-

352 4069 472 4122 μιον
501 4054 730 4124 σταυρὸν
755 4057 847 4107 ἐπὶ
866 4055 960 4108 τοῦ
996 4057 1272 4126 μετώπου,
1306 4059 1405 4110 οὐκ
1430 4058 1489 4122 ἐξ
1532 4057 1701 4112 ἐθνῶν
1724 4059 1922 4132 ἀφορί-

350 4141 441 4207 ζον
473 4145 620 4215 ἡμᾶς
649 4161 662 4176 ·
697 4147 874 4199 πάντα
936 4147 1046 4219 γὰρ
1100 4148 1170 4201 τὰ
1218 4148 1344 4220 ἔθνη
1404 4149 1498 4202 τοῦ
1545 4149 1922 4220 βαπτίσματος

347 4233 559 4304 ἔτυχον,
585 4236 678 4288 καὶ
698 4235 777 4306 τῷ
808 4238 1023 4307 σημείῳ
1051 4237 1148 4290 τοῦ
1187 4238 1424 4311 σταυροῦ
1450 4242 1918 4314 ὲσφραγίσθησανο

347 4325 464 4379 ἀλλ’
494 4327 551 4377 ἐν
585 4326 800 4396 ἑκάστῳ
826 4327 970 4383 ἔθνει
1023 4329 1115 4382 τὸν
1157 4331 1348 4383 πιστὸν
1377 4332 1796 4388 ἁποδιαστέλλον
1826 4337 1919 4390 τοῦ

2022 513 2167 580 quod
2199 527 2324 566 eum
2365 514 2678 584 liberosque
2714 517 2858 584 ejus,
2895 531 2960 568 ac
2990 530 3189 570 vernas
3245 529 3273 567 a
3313 515 3598 584 gentibus,

2021 604 2356 672 quibuscum
2383 605 2722 670 morabatur,
2758 605 3106 661 discerneret
3142 605 3204 656 ’⁷.
3259 605 3601 674 Argumenlo

2021 703 2106 748 est
2141 694 2205 756 ⁷⁸,
2231 695 2377 763 quod
2412 709 2538 749 cum
2571 697 2831 751 lsraelitae
2896 696 3264 766 quadraginta
3319 696 3482 750 annis
3541 696 3595 748 in

2021 785 2241 839 deserto
2277 801 2466 840 secum
2501 787 2604 856 ipsi
2634 788 2867 842 seorsim
2903 796 3280 851 versarentur,
3315 803 3416 842 nec
3472 802 3597 841 cum

2023 876 2130 928 ulla
2171 875 2276 928 alia
2305 884 2464 943 gente
2491 877 2890 929 commercium
2954 876 3245 940 haberent,
3275 893 3342 931 ex
3404 877 3471 932 iis
3504 877 3598 944 qui

2022 966 2076 1018 in
2109 965 2329 1020 deserto
2365 966 2476 1018 nati
2522 976 2673 1029 sunt,
2719 967 2908 1020 nullus
2941 969 3167 1022 oinniuo
3233 969 3599 1021 circumcisus

2022 1053 2147 1108 fuit.
2183 1057 2248 1107 At
2280 1064 2570 1124 postquam
2614 1055 2779 1109 Josue
2813 1055 3111 1110 Jordaucm
3182 1057 3426 1126 trajecit,
3467 1065 3596 1124 ,tum

2022 1144 2341 1198 circumcisi
2398 1154 2567 1206 sunt,
2631 1145 3046 1214 constitutaque
3095 1146 3194 1199 fuit
3239 1147 3482 1200 secunda
3513 1147 3598 1201 lex

2021 1234 2496 1289 circumcisionis.
2530 1235 2636 1288 Lex
2672 1234 2942 1303 siquidem
2981 1235 3443 1300 circunzcisionis,
3479 1250 3600 1304 quae

2021 1333 2269 1394 tempore
2287 1327 2523 1380 Abt-aha:
2547 1325 2672 1379 data
2696 1325 2877 1379 fuerat
2897 1363 2911 1387 ,
2940 1328 3172 1395 posthac
3207 1327 3337 1380 totis
3358 1328 3598 1396 quadra-

2020 1414 2171 1484 ginta
2211 1415 2372 1470 annis
2404 1416 2456 1468 in
2481 1415 2705 1470 deserto
2737 1416 2998 1470 cessavit.
3056 1415 3329 1480 Quocirca
3358 1417 3599 1470 secundo

2022 1521 2242 1560 rursum
2296 1505 2440 1562 Deus
2499 1507 2951 1563 circumcisionis
3019 1507 3192 1576 legem
3248 1505 3415 1562 Josue
3474 1519 3600 1575 post

2021 1597 2408 1652 transmissum
2475 1596 2772 1652 Jordanem
2853 1597 3003 1650 dedit
3065 1615 3078 1652 :
3133 1597 3599 1665 quemadmodum

2022 1690 2290 1756 scriptum
2324 1696 2408 1742 est
2444 1689 2498 1740 in
2524 1688 2669 1741 libro
2694 1686 2942 1754 ejusdem
2966 1685 3135 1741 Josue
3171 1689 3264 1740 ﬁlii
3291 1686 3442 1742 Nave
3469 1706 3482 1741 :
3521 1687 3600 1742 Eo

2026 1790 2258 1847 tempore
2285 1780 2362 1832 ait
2393 1777 2656 1832 Dominus
2682 1779 2751 1830 ad
2780 1777 2965 1832 Jesum
2999 1795 3016 1832 :
3072 1778 3186 1832 Fac
3251 1779 3347 1832 tibi
3398 1780 3599 1832 cultros

2026 1871 2268 1939 lapideos
2293 1885 2358 1923 ea:
2389 1880 2542 1936 petra
2569 1869 2887 1935 durissima,
2923 1878 2971 1923 et
3001 1869 3321 1924 cirtumcide
3371 1871 3599 1924 secundo

2024 1962 2165 2028 ﬁlios
2203 1959 2464 2014 Israel".
2499 1960 2565 2012 Et
2595 1969 2715 2028 post
2739 1976 2910 2030 pauca
2940 1978 2953 2013 :
2985 1960 3363 2030 Quadraginta
3387 1973 3436 2014 et
3468 1962 3601 2015 duo—

2025 2050 2120 2105 bus
2151 2053 2306 2105 annis
2334 2061 2572 2105 versatus
2599 2060 2677 2104 est
2698 2048 2872 2103 Israel
2901 2052 2955 2102 in
2987 2051 3282 2105 solitudine
3315 2043 3600 2106 Maldbari-

2024 2142 2168 2196 tide:
2204 2142 2266 2194 ob
2295 2157 2516 2209 eantque
2545 2155 2765 2193 causam
2804 2140 3169 2194 incircumcisi
3195 2153 3347 2195 erant
3373 2159 3437 2196 ea:
3469 2145 3597 2211 ipsis

2023 2233 2127 2302 ﬁlii
2161 2233 2314 2286 multi
2351 2234 2691 2298 bellatorum,
2726 2233 2817 2303 qui
2865 2233 3060 2301 egressi
3110 2234 3321 2299 fuerant
3355 2233 3418 2287 de
3459 2243 3599 2288 terra

2023 2324 2267 2395 Egypti,
2315 2326 2406 2395 qui
2449 2325 2548 2378 Dei
2578 2325 2847 2379 mandatis
2906 2341 3009 2378 non
3046 2329 3375 2394 paruerant:
3411 2327 3602 2396 quibus

2022 2422 2181 2473 etiam
2223 2418 2504 2488 aﬁirmavit
2542 2435 2646 2471 non
2683 2418 2891 2470 visuros
2938 2417 3082 2486 ipsos
3147 2426 3345 2470 terram
3407 2418 3598 2472 bonam

2022 2526 2180 2578 quam
2196 2513 2477 2576 jurarerat
2503 2507 2744 2575 patribus
2779 2523 2962 2561 eorum
2993 2507 3250 2561 daturum
3280 2524 3335 2562 se
3361 2509 3458 2572 eis,
3496 2517 3600 2563 ter-

2024 2617 2140 2653 ram
2175 2599 2312 2652 lacte
2334 2608 2382 2652 et
2404 2599 2554 2652 melle
2582 2609 2908 2659 manantem.
2933 2598 2996 2652 In
3020 2615 3199 2654 eorum
3223 2609 3396 2654 autem
3425 2600 3598 2654 locum

2023 2691 2167 2761 ﬁlios
2201 2692 2436 2760 ipsorum
2470 2691 2699 2757 suffecit,
2754 2706 2883 2760 quos
2928 2689 3085 2744 Iesus
3132 2691 3508 2756 circumcidit;
3539 2708 3597 2746 eo

2021 2784 2159 2854 quod
2190 2783 2243 2834 in
2286 2782 2371 2835 via
2405 2783 2703 2834 circumcisi
2739 2798 2842 2836 non
2869 2793 3044 2837 essent
3077 2784 3144 2836 ⁸³.
3190 2781 3268 2835 Ex
3314 2799 3423 2853 quo
3471 2800 3598 2854 per-

2023 2874 2276 2942 spicuum
2316 2871 2414 2935 ﬁt,
2451 2873 2930 2927 circumcisionem
2972 2875 3194 2945 signum
3234 2873 3407 2929 fuisse
3449 2877 3599 2945 quod

2024 2963 2276 3018 lsraelem
2334 2976 2363 3014 a
2411 2961 2671 3031 gentibus
2721 2963 3052 3032 quibuscum
3110 2964 3457 3029 versabatur,
3511 2979 3599 3020 se-

1946 3077 1991 3133 c
2023 3063 2295 3110 cerneret.

2094 3145 2448 3200 Circumcisio
2472 3146 2723 3214 baptismi
2767 3146 2960 3214 ﬁgura.
2993 3176 3059 3186 ——
3094 3147 3165 3201 Ea
3217 3163 3384 3217 porro
3423 3147 3600 3217 bapti-

2024 3240 2126 3291 Sttti
2184 3239 2357 3305 ﬁgura
2410 3248 2532 3292 erat
2565 3238 2632 3290 εί.
2684 3234 2841 3291 Sicut
2886 3238 3032 3292 enim
3082 3238 3432 3292 circumcisio
3487 3253 3597 3292 non

2023 3331 2157 3385 utile
2200 3322 2421 3399 aliquod
2465 3330 2714 3400 corporis
2781 3329 3088 3383 membrum
3150 3329 3455 3393 abscindit,
3501 3329 3600 3384 sed

2023 3424 2357 3492 superﬂuum
2391 3432 2841 3478 excrementum:
2873 3427 2945 3475 ita
2977 3437 3074 3491 per
3113 3431 3368 3476 sanctum
3411 3422 3598 3492 bapti-

2023 3530 2138 3571 sma
2191 3524 2478 3585 peccatum
2540 3515 2700 3568 nobis
2750 3523 3086 3584 amputatur.
3148 3513 3347 3584 Liquet
3413 3523 3598 3570 autem

2023 3606 2168 3676 quod
2191 3612 2478 3674 peccatum
2509 3604 2847 3674 superﬂuum
2880 3604 3161 3675 quoddam
3185 3605 3278 3666 sit,
3303 3613 3357 3658 ct
3384 3604 3599 3658 inutilis

2022 3694 2320 3764 cupiditas.
2355 3692 2542 3764 Neque
2568 3695 2715 3748 enim
2743 3694 2857 3750 ﬁeri
2893 3704 3098 3765 potest,
3135 3704 3195 3749 ut
3225 3695 3354 3764 quis
3374 3694 3603 3748 omnino

2023 3803 2133 3840 non
2187 3787 2572 3857 concupiscat,
2616 3796 2712 3841 aut
2761 3789 2972 3841 nultum
3020 3789 3322 3858 voluptatis
3379 3803 3600 3842 sensum

2022 3879 2326 3948 percipiat:
2367 3894 2557 3932 verum
2591 3878 2725 3933 illud
2766 3878 2910 3949 quod
2971 3879 3026 3932 in
3075 3879 3382 3948 cupiditate
3421 3889 3475 3932 et
3502 3894 3600 3934 vo-

2022 3969 2236 4037 luptate
2285 3968 2425 4022 nulli
2469 3968 2594 4022 usui
2630 3978 2744 4032 est,
2779 3969 2884 4022 hoc
2932 3976 3020 4023 est
3070 3969 3283 4024 inutilis
3327 3969 3600 4038 cupiditas

2023 4073 2086 4113 ac
2119 4059 2396 4128 voluptas,
2419 4059 2523 4114 hoc
2556 4061 2736 4130 ipsum
2781 4059 2946 4130 299
2981 4072 3263 4131 peccatum
3294 4069 3415 4119 est:
3451 4061 3599 4129 quod

2022 4151 2242 4221 quidem
2276 4151 2626 4206 circumcidit
2656 4162 2908 4207 sanctum
2949 4153 3248 4220 baptisma,
3291 4151 3433 4220 signi
3478 4152 3599 4205 loco

2022 4239 2391 4294 venerabilem
2419 4255 2642 4294 crucem
2683 4242 2735 4293 in
2770 4242 2934 4294 nobis
2963 4239 3148 4292 fronte
3183 4238 3456 4306 prmbeus,
3487 4253 3597 4292 non

2024 4345 2131 4399 qua
2176 4347 2203 4380 a
2251 4329 2506 4396 gentibus
2554 4345 2912 4384 secernamur
2953 4331 3168 4398 (omnes
3199 4329 3344 4382 enirn
3407 4340 3598 4399 gentes

347 4415 601 4468 ἀπίστου.
633 4416 742 4484 Τῆς
771 4415 784 4465 i
819 4419 998 4471 τοίνυν
1025 4418 1287 4490 ἀληθείας
1315 4423 1767 4496 ὲμφανισθείσης,
1795 4427 1918 4481 ἀνό-

2025 4420 2363 4488 baptismum
2395 4429 2710 4474 consecutae
2738 4432 2892 4482 sunt,
2930 4435 2992 4472 ac
3025 4420 3210 4473 crucis
3259 4419 3422 4487 signo
3467 4420 3593 4474 insi-

347 4507 556 4574 νητοςὸ
612 4505 780 4568 τύπος
843 4508 1000 4578 καὶὴ
1039 4509 1188 4563 σκιά.
1230 4510 1390 4562 Ὥστε
1436 4514 1692 4582 περιττὸν
1733 4515 1826 4570 νῦν
1858 4516 1919 4570 τὸ

347 4597 791 4666 περιτέμνεσθαι,
818 4599 913 4650 καὶ
947 4600 1189 4653 ἐναντίον
1214 4601 1307 4653 τοῦ
1337 4602 1493 4669 ἁγίου
1515 4603 1915 4675 βαπτίσματος.

359 4687 422 4740 '0
448 4687 558 4758 γὰρ
585 4691 1080 4758 περιτεμνόμενος
1118 4694 1406 4759 χρεωστεῖ
1429 4694 1575 4748 ὅλον
1603 4697 1791 4766 νόμον
1819 4715 1921 4765 τη-

340 4777 555 4848 ρῆσαισ
581 4780 609 4830 ὁ
635 4779 690 4832 δὲ
726 4779 930 4851 Κύριος
995 4780 1082 4834 ἴνα
1119 4782 1384 4857 πληρώσῃ
1431 4785 1521 4836 τὸν
1547 4785 1734 4855 νόμον,
1764 4804 1921 4859 περι-

349 4872 558 4942 ετμήθη
579 4889 593 4903 ·
622 4872 716 4925 καὶ
778 4873 955 4926 πάντα
995 4872 1050 4924 δὲ
1074 4873 1164 4926 τὸν
1195 4875 1378 4942 νόμον,
1414 4875 1506 4926 καὶ
1552 4875 1611 4928 τὸ
1646 4876 1922 4929 Σᾲϐὗατον

351 4965 634 5034 ἐτήρησεν,
673 4965 761 5019 ἴνα
785 4963 1049 5037 πληρώσῃ
1084 4967 1178 5019 καὶ
1238 4967 1412 5036 στήσῃ
1457 4967 1546 5019 τὸν
1580 4968 1762 5037 νόμον.
1802 4969 1919 5033 Ἀφ’

425 5137 466 5168 τ’
496 5136 630 5192 Gen.
670 5157 767 5205 xu,
802 5143 837 5197 5
873 5157 1024 5212 seqq.
1057 5159 1142 5209 xv,
1170 5142 1203 5196 5
1244 5158 1392 5210 seqq.
1430 5159 1443 5204 ς
1482 5159 1569 5204 xv,
1603 5143 1670 5196 10
1729 5158 1787 5197 se.
1830 5161 1884 5211 q.

355 5203 410 5258 6.
449 5206 501 5258 7.
593 5209 637 5238 ⁸¹
669 5209 827 5258 Grca.
871 5213 997 5258 Naz.
1027 5223 1168 5258 (ιι-ιιι-
1196 5213 1281 5258 Ml-
1339 5216 1539 5258 Allmn-
1614 5213 1684 5258 De
1724 5160 1850 5258 ΝηἹ)-
1882 5245 1884 5258 ι

1983 5144 2029 5215 τε
2057 5143 2253 5215 Chrys.
2285 5146 2432 5215 hom.
2465 5145 2533 5198 59
2573 5144 2625 5198 in
2656 5143 2792 5201 Gen.

593 5209 637 5238 ⁸¹
669 5209 827 5281 Greg.
870 5209 1002 5267 Nai.
1027 5223 1169 5266 orat.
1196 5213 1282 5267 40.
1324 5209 1539 5266 Άιίιοιι.
1611 5213 1684 5267 De
1723 5209 1918 5268 διώξει

2023 5214 2112 5268 ire.
2172 5209 2234 5247 ’⁸³
2263 5214 2442 5271 Galal.
2487 5233 2538 5278 ν,
2574 5217 2624 5269 5.

2025 4513 2237 4586 ειιὶῐιε)
2270 4547 2284 4572 ,
2317 4514 2410 4568 sed
2467 4526 2577 4581 quo
2645 4510 2822 4609 ﬁdere
2875 4511 2943 4563 ab
2994 4509 3201 4563 inﬁdeli
3253 4510 3310 4563 in
3355 4511 3607 4579 qualibet

2025 4607 2250 4660 natione
2280 4605 2679 4672 distinguatur.
2723 4599 2993 4666 Quocirca
3040 4599 3396 4655 circumcisio
3444 4609 3592 4670 pate-

2027 4695 2174 4751 facta
2213 4697 2446 4751 veritate
2486 4693 2696 4748 inutilis
2722 4691 2835 4762 jam
2871 4691 3040 4762 ﬁgura
3078 4701 3242 4762 atque
3269 4694 3462 4747 umbra
3491 4701 3594 4749 est.

2029 4787 2229 4842 Inutile
2272 4789 2439 4858 igitur
2473 4796 2558 4842 est
2598 4783 2954 4849 circumcidi,
2985 4799 3047 4835 ac
3076 4783 3347 4854 baptismo
3379 4792 3601 4839 contra-

2029 4878 2192 4932 rium.
2234 4878 2368 4933 Nam
2404 4879 2496 4949 qui
2545 4877 2947 4930 cirrumciditur
2987 4877 3244 4930 universa:
3301 4878 3429 4948 legis
3483 4893 3596 4930 ser-

2033 4970 2221 5024 uanda:
2239 4970 2444 5024 debitor
2467 4981 2544 5024 est
2571 4970 2636 5024 3'.
2673 4969 2935 5024 Dominus
2965 4985 3128 5038 porro
3171 4979 3229 5023 ut
3274 4969 3446 5039 legem
3496 4970 3588 5022 im-

2900 5147 2947 5177 "
2977 5145 3141 5200 Josue
3166 5161 3217 5210 γ,
3251 5143 3306 5198 2.
3381 5145 3426 5177 ⁸ο
3458 5146 3600 5204 ibid.

1651 5373 1888 5431 νΑιιιΑε
1928 5370 2333 5429 LECTIONES.

428 5522 449 5562 τ
489 5523 770 5600 Alias’non
798 5524 920 5600 legi,
951 5525 1202 5600 Hebraeos
1236 5531 1289 5584 in
1315 5531 1532 5587 deserto
1560 5549 1654 5600 per
1687 5533 1756 5586 42
1780 5550 1953 5590 annos
1984 5543 2227 5589 moratos
2253 5551 2393 5590 csse.

2503 5538 2526 5574 ε
2556 5533 2710 5589 Edita
2735 5535 2826 5588 ἀνέ
2840 5549 3097 5604 στραπτε.
3204 5543 3230 5568 ο
3260 5529 3334 5582 lla
3372 5526 3598 5596 quidem

351 5609 516 5653 ηυδε..
543 5600 597 5674 at:
629 5592 912 5674 legendum
941 5612 1005 5674 ex
1042 5597 1228 5674 llibliis
1253 5600 1390 5674 Sixt.
1423 5592 1812 5670 μαδόοιρείτιδι.
1851 5604 2131 5660 Desertum
2163 5605 2218 5674 in
2258 5621 2368 5674 quo
2395 5608 2589 5660 morati
2625 5592 3071 5674 suutWIs-ra'elitm,
3129 5615 3222 5670 per
3267 5592 3602 5652 antenoma~

357 5680 491 5718 suam
545 5660 802 5718 Madbara
833 5664 1129 5731 dicebatur,
1170 5670 1242 5723 ab,
1280 5660 1506 5726 llcbrazo
1531 5660 1722 5738 12:11:,
1747 5674 2026 5730 desertum.

2113 5675 2129 5715 ί
2164 5673 2225 5730 ιι.
2262 5676 2280 5728 Ι
2313 5675 2563 5746 χωρίζον.
2645 5673 2656 5723 i
2696 5673 2852 5728 Edita
2875 5673 3004 5736 τοῖς.
