4026 6156
325 402 455 471 1217

1329 400 1426 459 DE
1457 400 1633 459 FIDE
1674 396 2130 458 ORTHODOXA
2161 395 2307 454 LIB.
2336 395 2432 456 IV.

3416 397 3554 467 1218

324 507 550 565 καὶτῶν
588 504 679 559 τοῦ
727 506 1003 567 Χριστοῦ·
1047 505 1127 560 διδ
1168 506 1261 560 καὶ
1314 507 1681 578 Ἀντίχριστος
1726 507 1879 576 λέγει

1999 508 2163 561 veniet
2197 527 2209 562 :
2250 523 2349 561 nec
2381 522 2477 575 pro
2508 508 2744 570 Christo,
2792 507 2885 563 sed
2919 507 3180 564 aiversus
3231 508 3557 569 Christum:

325 617 414 653 ται
423 638 436 652 .

395 692 489 742 Δεῖ
517 690 698 743 τοίνυν
725 688 942 757 πρῶτον
974 688 1315 758 κηρυχθῆναι
1362 688 1424 740 τὸ
1458 688 1809 756 Εὐαγγέλιονν
1832 689 1889 741 ἐν

326 783 464 833 πᾶσι
499 781 614 842 τοῖς
653 778 867 832 ἔθνεσι·
909 779 1017 832 Καὶ
1068 780 1199 831 τότε
1247 777 1821 846 ἀποκαλυφθήσεται
1857 779 1890 831 ὁ

324 871 570 939 ἄνομος,
608 866 680 926 οὗ
711 871 881 923 ἐστιν
908 871 945 938 ἡ
966 870 1267 936 παρουσία
1301 857 1760 938 κατ”ἐνέρῖειαν
1783 869 1889 922 τοῦ

323 959 579 1025 Σατανᾶ,
628 960 699 1017 ἐν
730 959 899 1026 πάσῃ
938 959 1227 1028 δυνάμει,
1279 961 1376 1014 καί
1434 962 1741 1028 σημείοις,
1789 959 1887 1012 καί

323 1050 541 1118 πέρασι
590 1049 879 1118 ψεύδους,
923 1049 1091 1119 πάσῃ
1144 1051 1344 1119 ἀπάτῃ
1391 1050 1501 1119 τῆς
1533 1050 1767 1115 ἀδικίας
1820 1051 1891 1104 ἐν

322 1139 447 1203 τοῖς
478 1140 943 1208 ἀπολλυμένοις,
996 1139 1068 1193 ὃν
1091 1143 1124 1194 ό
1176 1142 1394 1208 Κύριος
1417 1140 1626 1194 ἀνελεῖ
1669 1141 1750 1206 τῷ
1779 1139 1890 1208 ρή-

319 1247 459 1299 ματι
494 1231 598 1283 τοῦ
647 1232 945 1300 στόματος
983 1230 1200 1296 αὐτοῦ,
1250 1232 1348 1284 καὶ
1398 1232 1761 1301 καταργήσει
1819 1232 1890 1301 τῇ

326 1319 628 1388 παρουσίᾳ
664 1319 772 1388 τῆς
816 1320 1168 1388 ἐπιφανείας
1201 1319 1408 1373 αὐτοῦ.
1445 1320 1558 1371 υὺκ
1592 1320 1754 1383 αὐτὸς
1784 1320 1892 1373 τοί-

325 1430 419 1465 νυν
450 1413 478 1464 ὁ
515 1411 760 1475 διάϐολος
795 1411 906 1483 (Η)
940 1413 1147 1481 γίνεται
1175 1394 1634 1483 ἀνθρωςεοςικατὰ
1664 1412 1762 1482 τὴν
1796 1410 1887 1463 τοῦ

326 1502 536 1571 Κυρίου
564 1499 722 1554 ὲνανθ
732 1500 976 1571 ρώπησιν
994 1515 1007 1531 ·
1053 1501 1127 1570 μὴ
1169 1500 1384 1567 γένοιτο
1403 1517 1416 1531 ⁸
1453 1499 1568 1552 ἀλλ’
1609 1500 1704 1554 ἄνθ
1715 1518 1891 1570 ρωπος

326 1596 391 1647 ὲκ
438 1591 693 1662 πορνείας
739 1593 1015 1656 τίκτεται,
1060 1593 1155 1644 καὶ
1208 1591 1531 1660 ὑποδέχεται
1566 1594 1748 1644 πᾶσαν
1793 1592 1891 1659 τὴν

326 1684 608 1754 ἐνέργειαν
638 1683 747 1737 ’τοῦ
796 1684 1028 1739 Σατανᾶ.
1088 1682 1371 1753 Προειδὼςο
1399 1683 1508 1753 γὰρ
1553 1684 1584 1736 ὁ
1639 1683 1771 1746 Θεὸς
1831 1684 1891 1736 τδ

327 1775 526 1831 ἄτοπον
567 1775 670 1844 τῆς
719 1774 1017 1846 μελλούσης
1053 1775 1215 1829 αὑτοῦ
1272 1776 1666 1845 προαιρέσεως,
1713 1793 1889 1845 παρα-

327 1867 499 1934 χωρεῖ
534 1867 810 1935 ἐνοικῆσαι
844 1866 902 1918 ὲν
928 1865 1077 1936 αὐτῷ
1109 1866 1202 1919 τὸν
1237 1866 1506 1921 διάϐολον.

396 1957 655 2009 Τίκτεται
703 1955 882 2009 τοίνυν
928 1958 993 2009 ἐκ
1031 1955 1290 2027 πορνείας
1314 1997 1331 2021 ,
1382 1957 1459 2019 ὡς
1514 1956 1762 2026 ἔφημεν,
1799 1955 1892 2009 καὶ

327 2048 690 2119 ἀνατρέφεται
746 2047 1083 2119 λεληθότως,
1123 2049 1218 2101 καὶ
1278 2048 1546 2117 αἰφνίδιον
1594 2048 1892 2102 ἐπανίστα-

327 2155 453 2203 ται,
487 2130 581 2191 καλ
636 2140 922 2209 ἀνταίρει,
998 2140 1095 2192 καὶ
1162 2138 1457 2208 βασιλεύει.
1501 2139 1615 2193 Καὶ
1670 2140 1729 2192 ὲν
1779 2142 1893 2201 τοῖς

330 2229 632 2297 προοιμίοις
680 2229 780 2299 τῆς
839 2229 1118 2299 βασιλείας
1169 2229 1336 2282 αὐτοῦ
1368 2268 1384 2291 ,
1448 2228 1644 2299 μᾶλλον
1697 2230 1755 2281 δὲ
1795 2246 1892 2280 τυ-

330 2317 592 2385 ραννίδος,
631 2318 982 2388 ὑποκρίνεται
1025 2317 1320 2388 ἀγιοσύνην
1345 2325 1384 2347 “
1413 2335 1427 2348 ·
1479 2318 1642 2387 ἡνίκα
1685 2318 1739 2371 δὲ
1774 2318 1891 2369 ἑπι-

329 2406 536 2476 κρατὴς
583 2408 829 2476 γένηται,
860 2407 1045 2460 διώκει
1090 2409 1191 2478 τὴν
1245 2407 1572 2478 Ἐκκλησίαν
1601 2407 1693 2460 τοῦ
1737 2407 1892 2467 Θεοῦ,

329 2498 423 2552 καὶ
455 2497 701 2566 ἐκφαίνει
733 2500 920 2552 πᾶσαν
949 2499 1046 2568 τὴν
1076 2499 1341 2570 πονηρίαν
1369 2498 1555 2553 αὐτοῦ.
1586 2499 1894 2553 Ἐλεύσεται

328 2587 385 2640 δὲ
412 2589 482 2641 ἐν
506 2589 780 2656 σημείοις
805 2588 901 2642 καὶ
927 2589 1133 2657 τέρασι
1154 2589 1443 2658 ψεύδους,
1466 2589 1891 2659 πεπλασμένοις,

330 2679 426 2731 καὶ
464 2680 563 2731 οὐκ
609 2679 858 2749 ἀληθέσι,
891 2680 984 2733 καὶ
1027 2681 1152 2744 τοὺς
1204 2681 1412 2752 σαθρὰν
1449 2681 1542 2735 καὶ
1570 2682 1896 2759 ἀστήρικτον

330 2768 429 2837 τὴν
488 2766 643 2837 βάσιν
703 2768 805 2838 τῆς
845 2769 1080 2833 διανοίας
1138 2769 1360 2840 ἔχοντας
1419 2769 1753 2842 ὲξαπατήσει
1804 2774 1898 2826 καὶ

332 2860 631 2928 ἀποστήσει
661 2859 752 2911 τοῦ
785 2858 918 2911 Θεοῦ
964 2857 1190 2926 ζῶντος,
1224 2862 1367 2916 ὥστε
1420 2863 1891 2934 σκανδαλισθῆναι,

333 2952 381 3003 εἰ
406 2950 652 3018 δυνατὸν,
686 2951 781 3005 καὶ
812 2954 939 3015 τοὺς
968 2952 1278 3016 ἐκλεκτούς.

416 3124 878 3194 Ἀποσταλήσεται
907 3124 963 3177 δὲ
1002 3123 1173 3195 Ἑνὼχ
1208 3126 1303 3179 καὶ
1343 3126 1530 3190 Ἠλίας
1552 3128 1582 3180 ὁ
1605 3127 1894 3198 Θεσϐἰτηε,

334 3216 429 3268 καὶ
456 3215 845 3285 ἐπιστρέφουσι
892 3215 992 3279 τὰς
1022 3215 1249 3286 καρδίας
1291 3217 1546 3285 πατέρων
1585 3217 1678 3269 ἐπὶ
1710 3218 1899 3282 τέκνα,

334 3302 582 3355 τουτέστι
612 3301 711 3373 τὴν
733 3302 1057 3372 Συναγωγὴν
1074 3304 1166 3355 ἐπὶ
1184 3302 1274 3357 τὸν
1287 3302 1493 3372 Κύριον
1513 3305 1546 3375 ἡ
1553 3304 1669 3374 μῶν
1694 3305 1900 3375 Ἰησοῦν

334 3394 587 3464 Χριστὸν,
624 3394 718 3447 καὶ
748 3395 809 3446 τὸ
854 3394 960 3446 τῶν
995 3394 1311 3448 ἀποστόλων
1357 3395 1639 3465 κήρυγμα,
1682 3397 1777 3449 καὶ
1808 3397 1899 3449 ὑπ’

335 3485 499 3538 αὑτοῦ
543 3485 1012 3556 ἀναιρεθήσονται.
1049 3487 1160 3542 Καὶ
1209 3486 1488 3539 ἐλεύσεται
1534 3490 1563 3540 ὁ
1605 3487 1809 3558 Κύριος
1844 3488 1904 3553 ἐξ

336 3573 586 3645 οὐρανοῦ,
648 3575 707 3629 ὃν
745 3576 948 3645 τρόπον
971 3577 1021 3629 oi
1070 3576 1216 3641 ἅγιοι
1258 3576 1552 3630 ἀπόστολοι
1605 3576 1901 3630 ἐθεάσαντο

338 3665 505 3718 αὐτὸν
539 3668 905 3737 πορευόμενον
951 3669 1033 3730 είς
1060 3667 1154 3720 τὸν
1195 3667 1462 3738 οὐρανόνο
1506 3667 1640 3730 Θεὸς
1693 3668 1902 3731 τέλειος

338 3758 433 3811 καὶ
475 3756 763 3828 ἄνθρωπος
810 3759 1035 3823 τέλειος,
1086 3759 1227 3829 μετά
1271 3746 1428 3828 δόξης
1459 3758 1554 3813 καὶ
1597 3757 1900 3829 δυνάμεως,

338 3845 431 3898 καὶ
464 3845 645 3898 ἀνελεῖ
670 3846 762 3899 τὸν
796 3846 1082 3916 ἄνθρωπον
1115 3847 1216 3914 τῆς
1251 3845 1505 3916 ἀνομίας,
1535 3846 1630 3899 τὸν
1655 3848 1769 3900 υἱὸν
1806 3848 1903 3919 τῆς

336 3935 633 4003 ἀπωλείας,
654 3937 733 4009 τῷ
756 3939 1029 4008 πνεύματι
1052 3939 1147 3993 τοῦ
1171 3940 1442 4011 στόματος
1470 3939 1660 3994 αὐτοῦ.
1694 3941 1900 4011 Μηδεὶς

336 4027 516 4079 τοίνυν
544 4029 652 4081 ἀπὸ
691 4030 796 4099 γῆς
832 4032 1136 4102 ἐκδεχέσθω
1163 4031 1254 4085 τὸν
1292 4032 1529 4101 Κύριον,
1551 4031 1665 4085 ἀλλ’
1700 4032 1759 4099 ἐξ
1802 4034 1897 4087 οὐ·

340 4116 527 4186 ρανοῦ,
558 4119 635 4181 ὡς
670 4121 832 4184 αὐτὸς
863 4121 1228 4192 ἠσφαλίσατο.

408 4309 455 4340 “
479 4310 620 4365 lren.
672 4312 860 4383 Cyrill.
900 4312 1115 4370 llieros.
1150 4314 1366 4371 catech.
1402 4316 1485 4370 l5.
1528 4314 1689 4386 Greg.
1722 4314 1852 4370 Νη.
1916 4316 2023 4371 loc.
2056 4318 2154 4372 cit.

415 4380 610 4441 Chrys.
644 4380 791 4436 hom.
831 4384 942 4436 3in
985 4382 1027 4436 ll
1062 4385 1225 4441 epist.
1300 4386 1366 4438 ad
1423 4385 1616 4441 Thess.
1713 4385 1821 4437 "ll
1850 4385 2048 4440 Thess.
2086 4402 2146 4441 ιι.
2195 4386 2228 4441 9

1916 4401 2048 4440 less.
2086 4402 2146 4451 ιι,
2195 4401 2247 4442 9.

339 4379 386 4454 '_‘
415 4380 610 4452 Chrys.
644 4379 866 4454 ligiini’:
890 4384 942 4454 in
985 4382 1027 4436 ll
1062 4385 1225 4454 epist.
1300 4386 1366 4454 ad
1423 4385 1616 4442 Thess-

340 4449 510 4521 Apoc.
532 4449 543 4452 ’
569 4466 644 4517 ιιι,
675 4451 727 4504 3.
804 4452 850 4484 ⁹⁹
874 4452 996 4507 Act.
1036 4469 1073 4519 ι,
1098 4449 1184 4508 il.
1297 4456 1314 4486 ¹
1348 4453 1389 4507 ΙΙ
1414 4455 1608 4511 Thess.
1636 4471 1701 4523 ιι,
1730 4456 1784 4511 8.

1989 611 2095 666 qua
2123 597 2286 651 etiam
2314 596 2381 651 de
2409 612 2574 651 causa
2611 599 2980 652 Antichristus
3006 598 3208 653 dicitur
3235 606 3300 653 ν’.

2064 688 2417 742 Antichristus
2450 705 2599 742 verus
2632 690 2786 742 homo
2806 689 3040 756 futurus.
3068 719 3139 729 -
3165 690 3405 744 Primum
3426 706 3557 762 ergo

1992 777 2342 847 Evangelium
2389 779 2530 848 apud
2577 793 2769 833 omnes
2794 790 2980 848 gentes
3009 780 3295 850 praedicari
3331 798 3558 838 necesse

1988 877 2074 922 est
2103 868 2150 900 ⁸³
2186 886 2199 922 :
2240 869 2314 920 Ae
2353 877 2463 921 tum
2513 868 2828 924 revelabitur
2877 871 2968 923 ille
3011 872 3243 940 iniquus,
3281 871 3432 941 cujus
3479 884 3558 927 est

1991 956 2243 1011 adventus
2296 957 2580 1011 semiudum
2625 959 2983 1025 operationem
3041 958 3279 1020 Satanw.
3314 962 3371 1014 in
3414 964 3561 1016 omni

1989 1047 2199 1111 uirtute,
2246 1058 2296 1101 et
2347 1049 2535 1117 signis,
2573 1056 2622 1101 et
2670 1048 2927 1118 prodigiis
2974 1049 3342 1125 mendacibus;
3403 1061 3453 1106 et
3502 1053 3559 1105 in

1991 1140 2134 1192 omni
2163 1138 2464 1192 seductione
2500 1139 2819 1208 iniquitatis,
2874 1140 2941 1193 iis
2981 1142 3072 1209 qui
3115 1151 3370 1208 pereunt;
3407 1159 3561 1212 quem

1990 1229 2246 1283 Dominus
2282 1228 2561 1298 interﬁciet
2592 1232 2746 1284 verbo
2783 1230 2891 1284 oris
2929 1233 3033 1294 sui,
3079 1242 3129 1285 et
3171 1232 3403 1286 destruet
3432 1233 3561 1286 illu-

1991 1306 2255 1376 stratione
2283 1323 2535 1375 adventus
2573 1322 2656 1375 sui
2691 1322 2757 1374 “.
2812 1319 2932 1375 Non
2970 1322 3085 1391 ipse
3130 1337 3263 1392 ergo
3311 1322 3562 1377 diabolus

1992 1411 2157 1464 homo
2192 1411 2301 1477 lict,
2348 1427 2454 1478 qua
2516 1398 2779 1466 Dominus
2826 1414 3040 1465 ratione
3075 1412 3236 1466 homo
3272 1412 3445 1467 factus
3476 1420 3563 1468 est

1992 1501 2158 1570 (absit
2196 1503 2340 1555 cnim
2398 1501 2591 1566 istud),
2631 1517 2821 1555 verum
2876 1501 3039 1555 homo
3073 1517 3137 1555 ex
3199 1501 3562 1557 fornicatione

1991 1600 2270 1653 nascetur,
2317 1592 2411 1660 qui
2452 1605 2667 1645 onmem
2725 1591 2940 1645 Satanae
2981 1591 3090 1646 vim
3124 1599 3288 1661 atque
3320 1591 3560 1647 afflatum

1991 1682 2274 1750 suscipiet.
2308 1681 2450 1736 Deus
2477 1684 2619 1736 enim
2670 1680 2868 1735 futurae
2910 1681 3087 1751 ipsius
3113 1684 3406 1738 voluntatis
3432 1697 3561 1751 per-
3650 1726 3655 1730 .

1995 1771 2306 1826 versitatem
2340 1785 2709 1840 pnenoscens,
2736 1770 3016 1825 diabolum
3043 1771 3096 1825 in
3127 1786 3192 1827 eo
3216 1771 3559 1826 domicilium

1923 1848 1962 1900 Β
1995 1862 2098 1916 sibi
2127 1863 2464 1916 constituere
2490 1863 2631 1915 sinet
2664 1861 2734 1915 ".

2064 1951 2383 2005 Antichristi
2431 1951 2749 2016 primordia,
2804 1960 2960 2019 atque
3016 1965 3344 2021 progressus.
3380 1981 3440 1994 -
3479 1950 3559 2005 Ex

1994 2039 2358 2097 fornicatione
2382 2044 2586 2111 itaque,
2615 2051 2676 2095 ut
2710 2040 2973 2105 diximus,
3015 2049 3296 2104 nascetur,
3330 2048 3384 2095 et
3416 2042 3557 2095 clam

1991 2132 2347 2199 educabitur;
2417 2138 2534 2185 tum
2605 2140 2829 2200 repente
2895 2131 3182 2200 insurget,
3237 2140 3562 2201 arreptaque

1993 2222 2278 2293 tyrannide
2309 2222 2577 2293 regnabit.
2604 2223 2781 2292 Atque
2812 2223 2867 2276 in
2900 2223 3050 2292 regni
3073 2223 3290 2292 quidem
3327 2223 3435 2286 sul,
3462 2238 3560 2277 seu
3581 2289 3593 2304 '
3630 2224 3633 2233 “

1995 2313 2303 2384 tyrannidis
2354 2313 2557 2382 potius,
2598 2313 2915 2383 primordiis
2969 2314 3249 2382 specimen
3308 2306 3562 2384 przeferct

1994 2405 2321 2458 sanctitatis.
2372 2404 2506 2458 Cum
2554 2411 2735 2458 autem
2790 2405 2995 2473 potitus
3045 2420 3226 2459 rerum
3267 2405 3392 2471 erit,
3444 2408 3560 2459 tum

1996 2495 2087 2550 Dei
2139 2496 2439 2550 Ecclesium
2473 2505 2849 2565 persequetur,
2881 2511 3147 2565 suamque
3177 2510 3394 2550 onmem
3446 2512 3562 2550 ma-

1995 2585 2163 2638 Ltiam
2213 2593 2441 2656 promet.
2485 2583 2678 2639 Veniet
2719 2595 2897 2639 autem
2923 2587 2979 2638 in
3011 2586 3175 2655 signis
3219 2597 3265 2640 et
3306 2586 3565 2656 prodigiis

1999 2671 2349 2747 mendacibus
2373 2674 2456 2740 ⁹⁶;
2492 2671 2634 2728 ﬁctis
2687 2674 2895 2743 utique,
2948 2681 3002 2728 et
3042 2690 3149 2727 non
3183 2674 3357 2741 veris;
3383 2683 3438 2728 et
3468 2688 3564 2729 cos

1996 2781 2225 2834 quorum
2286 2766 2560 2820 imbecillo
2633 2779 2935 2836 parumque
2999 2764 3154 2820 firmo
3210 2766 3565 2821 fundamento

1997 2858 2123 2910 nixa
2189 2872 2343 2910 meus
2396 2858 2519 2919 erit,
2582 2858 2844 2921 seducet,
2904 2857 3293 2926 abstrahetque
3361 2873 3391 2912 a
3454 2857 3565 2911 Deo

1998 2948 2159 3011 vivo;
2193 2947 2267 2998 ita
2295 2955 2355 3000 ut
2394 2948 2855 3010 scandalizentur,
2904 2947 2950 3002 si
2999 2949 3115 3003 ﬁeri
3161 2957 3361 3018 potest,
3396 2951 3563 3004 etiam

1997 3038 2152 3091 electi
2178 3038 2242 3088 ⁸⁷.

2082 3114 2281 3179 Ειιοοίι
2315 3134 2365 3179 et
2424 3124 2574 3180 Elias
2626 3142 2743 3179 cum
2793 3125 3115 3180 Antichristo
3155 3138 3464 3197 pugnatum.
3499 3156 3565 3168 —

2003 3215 2283 3269 Mittentur
2331 3222 2510 3271 autem
2561 3215 2745 3270 Enoch
2799 3227 2855 3271 et
2918 3217 3065 3270 Elias
3114 3216 3436 3280 Thcsbitcs,
3472 3217 3566 3287 qui

2004 3303 2226 3357 Patrum
2258 3306 2423 3358 corda
2460 3305 2512 3358 in
2546 3304 2687 3360 filios
2725 3305 2792 3367 ’⁸,
2826 3304 2930 3357 huc
2964 3313 3071 3369 est,
3120 3302 3458 3375 Synagogam
3498 3303 3569 3358 ad

2005 3395 2295 3449 Dominum
2349 3404 2595 3452 nostrum
2638 3395 2824 3450 Jesum
2874 3394 3177 3459 Christum,
3232 3404 3394 3464 atque
3432 3411 3567 3466 apo-

2007 3487 2272 3542 stolorum
2319 3487 2624 3542 doctrinam
2673 3495 2997 3541 convertent
3024 3504 3037 3540 :
3067 3487 3135 3541 ab
3178 3502 3351 3555 eoque
3399 3489 3568 3543 truci-

2002 3577 2298 3632 dabantur.
2325 3578 2404 3632 Ac
2432 3586 2547 3633 tum
2584 3578 2847 3631 Dominus
2876 3576 3054 3631 veniet
3095 3576 3163 3631 de
3188 3578 3346 3642 uelo,
3378 3593 3564 3647 quem-

2003 3668 2296 3722 admodum
2346 3670 2521 3724 sancti
2577 3668 2807 3739 apostoli
2854 3668 2909 3722 in
2959 3667 3156 3721 cmlum
3222 3678 3437 3723 euntem
3492 3670 3568 3722 vi-

2003 3756 2204 3812 derunt
2231 3757 2313 3823 ";
2370 3773 2584 3826 nempe,
2637 3756 2779 3811 Deus
2840 3756 3138 3825 perfectus,
3180 3766 3234 3811 et
3290 3755 3570 3826 perfectus

2009 3849 2191 3911 homo,
2241 3864 2362 3903 cum
2409 3849 2580 3917 gloria
2616 3855 2669 3903 et
2702 3858 2988 3918 p0testate,
3037 3856 3091 3903 et
3138 3849 3413 3903 hominem
3467 3849 3568 3904 ini-

2005 3937 2250 4003 quitatis,
2294 3936 2460 3990 ﬁlium
2492 3936 2838 4005 perditionis,
2890 3936 3178 3992 interﬂciet
3229 3937 3425 4005 spiritu
3457 3937 3570 3992 oris

2005 4026 2089 4078 sui
2115 4026 2156 4077 ¹,
2177 4025 2518 4096 Quapropter
2542 4025 2678 4079 nihil
2708 4033 2813 4093 est,
2842 4041 2940 4080 cur
2963 4028 3257 4097 quisquam
3281 4026 3568 4080 Dominum

2005 4116 2209 4171 eterra
2252 4124 2557 4187 exspectet,
2593 4132 2781 4172 verum
2829 4133 2861 4173 e
2910 4119 3074 4184 cmlo,
3135 4128 3193 4171 ut
3247 4118 3361 4187 ipse
3410 4116 3569 4173 nobis

2007 4217 2156 4261 certo
2182 4206 2496 4263 declaravit.

2258 4318 2306 4351 "
2345 4317 2537 4371 Matth.
2587 4333 2713 4379 xxv,
2774 4316 2861 4372 14.
2972 4316 3019 4348 ’⁸
3067 4313 3108 4367 Il
3167 4313 3362 4369 Thess.
3419 4330 3478 4378 ll,
3510 4317 3565 4369 8.

2357 4388 2400 4418 ’⁷
2464 4386 2656 4440 Matth.
2712 4385 2977 4449 κιιν,24.
3051 4384 3096 4418 ⁸⁸
3128 4383 3358 4438 Malach.
3411 4399 3484 4451 ιν,
3513 4385 3566 4440 5.

1614 4566 1852 4622 νΑιιιιΕ
1894 4565 2297 4651 ιεοτιοΝεδ.

407 4690 448 4718 ιιι
470 4677 629 4748 Regii
655 4678 833 4745 multi,
873 4678 1029 4735 Colb.
1067 4679 1179 4733 duo
1211 4679 1557 4745 vetustiores,
1585 4688 1641 4737 et
1669 4680 1794 4735 «ad.
1833 4679 1890 4734 S.

1999 4680 2030 4733 Ι.
2057 4679 2439 4748 ἁγαθωσύνην.
2471 4678 2563 4732 alii
2608 4676 2976 4748 δικαιοσύνην.
3007 4679 3067 4748 in
3097 4676 3161 4731 Β.
3190 4678 3324 4734 5451
3363 4680 3567 4748 legitur

340 4750 559 4815 Quidem
586 4750 638 4802 in
668 4749 1217 4820 textua'tyabwaa'qu,
1245 4764 1410 4820 supra
1442 4751 1639 4807 lineam
1667 4766 1794 4805 vero
1822 4750 1897 4802 διν

2005 4749 2189 4819 σύνην.
2224 4747 2318 4803 Sic
2347 4757 2502 4803 vetus
2526 4749 2758 4819 interpr.
2788 4747 2972 4818 posuit
2992 4747 3297 4818 justitiam:
3321 4759 3378 4805 at
3401 4747 3575 4810 Faber

1845 4885 2076 4942 ΝΟΤᾸΕ.

411 4982 891 5067 (11)..οἰνῖιιαὺτὸς
919 4986 953 5039 ό
991 4981 1449 5067 διάᾷολοςλΝοιι
1495 4998 1634 5067 ergo.
1657 4981 1897 5067 diabolus

2009 4980 2230 5067 ὑποδύς.
2249 4981 2489 5067 Cyrillus
2506 4980 2716 5064 liieros.
2748 4980 3027 5063 piabolum
3050 4996 3143 5049 per
3166 4983 3575 5067 Antia/trinum,

341 4822 622 4875 bonitatem
649 4818 901 4874 reddidit.

344 5051 598 5123 ipseaSic
638 5055 1067 5123 Chrysostomus
1108 5057 1211 5109 Ioc.
1238 5055 1333 5109 cit.
1382 5051 1634 5122 Nunquid
1667 5051 1903 5106 Satanas

345 5122 452 5194 ipse
466 5121 721 5194 ?_inquit,
754 5121 1046 5193 iobaaptitr
1092 5125 1208 5177 ἀλλ’
1246 5121 1535 5194 ἄνθρωπός
1574 5138 1678 5184 τις,
1723 5124 1905 5194 πᾶσαν

344 5188 511 5265 αὐτοῦ
558 5188 843 5265 δεχόμενος
879 5188 975 5262 τὴν
1028 5188 1768 5265 ἐνέργειαν.ἈΝειιιιαιιιιαιιι,
1812 5190 1902 5244 sed

346 5257 499 5331 hamo
527 5257 763 5331 quidam,
795 5257 997 5315 omnem
1028 5257 1143 5331 ejus
1166 5257 1529 5331 operationem
1568 5257 1899 5329 excepturus.

350 5326 676 5400 [lippalytus
720 5338 912 5383 centra
956 5326 1143 5386 censet
1179 5326 1576 5387 Antichristutn
1610 5326 1904 5400 ips'umtnet

350 5396 774 5466 foregdiabolum
819 5400 912 5466 qui
966 5403 1182 5455 seduxit
1230 5402 1394 5454 Evam
1427 5409 1481 5456 et
1521 5396 1811 5455 Ada'mum.
1849 5399 1907 5454 Id

349 5464 494 5534 quod
553 5463 675 5533 ejus
718 5463 1116 5540 metaphrastes
1146 5472 1226 5526 sic
1257 5471 1511 5540 explicat,
1551 5479 1610 5522 ut
1661 5469 1908 5525 diabolus

350 5550 571 5610 carnem
602 5539 972 5610 φανταστικὴν
1000 5548 1053 5591 et
1079 5540 1136 5591 ὲν
1162 5539 1405 5610 δοκήσει,
1437 5540 1832 5610 imaginariam
1854 5548 1911 5592 et

352 5604 535 5672 specie
586 5615 748 5678 tenus
793 5604 1135 5678 exhibiturus
1182 5604 1415 5678 sit,'quo
1461 5625 1522 5663 se
1552 5604 1636 5663 'de
1691 5608 1908 5678 Virgine

353 5682 540 5726 natum
586 5673 820 5743 jactitet.
855 5673 1230 5731 'l‘heodoretus
1263 5673 1392 5732 vero
1430 5678 1716 5732 humanam
1748 5673 1906 5730 natu.

354 5757 468 5796 ram
512 5759 545 5797 a
590 5741 800 5798 diabolo
851 5744 1176 5798 subeundam
1220 5747 1315 5811 ait,
1363 5748 1523 5817 φύσιν
1562 5748 1907 5820 ἀνθρωπείαν

2010 5052 2475 5122 αὑτοπροσώπως,
2510 5052 2563 5105 in
2585 5053 2800 5122 propria
2828 5067 2926 5105 sua
2956 5068 3185 5121 persona
3211 5062 3549 5122 operatum":

2010 5121 2219 5177 Forsan
2242 5122 2379 5175 nihil
2428 5124 2573 5192 aliud
2611 5121 2941 5192 significant,
2968 5123 3072 5175 nisi
3113 5124 3256 5191 quod
3304 5121 3565 5191 Hierony-

2010 5207 2133 5247 mus
2163 5193 2217 5245 in
2267 5206 2386 5260 cap.
2415 5208 2489 5245 νιι
2537 5191 2742 5246 Daniel.
2780 5191 2864 5245 Ne
2900 5201 3160 5259 putemus,
3188 5192 3383 5258 inquit.
3405 5192 3575 5260 juxta

2008 5258 2354 5331 quorumdam
2389 5261 2706 5330 opinionem,
2742 5258 3150 5331 Antichristum,
3175 5261 3267 5331 pet
3300 5258 3571 5331 diabolum

2008 5346 2140 5393 esse,
2171 5331 2251 5386 rei
2277 5329 2589 5393 dwmbnem,
2621 5331 2711 5385 sed
2738 5346 2903 5384 unum
2929 5329 2995 5382 de
3041 5329 3359 5392 hominibus,
3388 5329 3441 5380 in
3471 5344 3574 5398 quo

2007 5410 2150 5456 totus
2212 5400 2449 5457 Satanas
2495 5401 2836 5455 habitaturus
2879 5399 2948 5452 sit
3002 5398 3371 5463 corporaliter,
3426 5399 3575 5453 velut

2005 5472 2216 5525 scilicet
2257 5473 2313 5525 in
2339 5472 2744 5541 energumenis.
2786 5469 3055 5541 Caeterum
3110 5466 3316 5541 isthac
3347 5466 3568 5541 omnia,

2004 5541 2206 5610 quibus
2243 5555 2440 5611 genus,
2468 5535 2692 5611 nomen,
2736 5549 2891 5611 aetas,
2932 5537 3148 5611 aliaque
3179 5535 3572 5611 ad__Antichri-

2005 5604 2150 5663 stum
2208 5604 2552 5679 spectantia,
2615 5609 2705 5678 pia
2763 5606 3169 5679 conjeclatione
3227 5604 3375 5679 dicta
3429 5604 3571 5679 sint,

2006 5686 2202 5732 eventu
2236 5671 2493 5748 itondum
2534 5671 2782 5748 probata,
2815 5671 2880 5729 et’
2908 5671 3185 5744 quomodo
3228 5674 3384 5728 novit
3429 5671 3573 5728 Deus
3672 5700 3677 5703 -

2003 5747 2302 5818 implenda.
