4074 6146
380 346 517 412 ΗΞΙ

377 554 649 624 σωμάτων
677 553 990 616 ἀνάστασις.
1023 555 1158 624 Φησὶ
1203 555 1333 622 γοῦν
1381 559 1409 609 ὀ
1451 555 1582 620 Θεὸς
1631 557 1768 628 πρὸς
1804 557 1950 623 Νῶε,

378 645 517 715 μετὰ
561 645 653 698 τὸν
689 647 1110 717 κατακλυσμόν·
1167 646 1262 713 Ὠς
1304 646 1545 716 λάχανα
1588 649 1809 717 χόρτου
1857 649 1953 704 δέ-

373 738 534 792 δωκα
563 738 707 807 ὑμῖν
731 738 801 792 τὰ
842 737 1061 791 πάντα.
1096 736 1270 805 Πλὴν
1294 738 1472 805 κρέας
1503 739 1574 791 ἐν
1600 740 1799 809 αἵματι
1837 744 1954 808 ψυ-

374 826 492 896 χῆς
535 831 608 882 οὐ
657 828 955 899 ςεάγεσθε⁸
1006 828 1104 881 καὶ
1173 829 1238 882 τὸ
1290 830 1580 898 ὑμέτερον
1643 826 1788 900 αἷμα
1837 830 1956 883 τῶν

370 918 592 988 ψυχῶν
631 918 800 988 ὑμῶν
847 918 1172 985 ἐκζητήσω,
1215 921 1283 974 ἐκ
1320 922 1523 991 χειρὸς
1567 922 1812 976 πάντων
1836 921 1954 976 τῶν

372 1012 597 1078 θηρίων
647 1009 951 1078 ἐκζητήσω
984 1012 1164 1073 αὐτὸ,
1219 1014 1316 1066 καὶ
1352 1013 1421 1066 ἐκ
1476 1014 1674 1083 χειρὸς
1726 1015 1954 1079 παντὸς

370 1100 687 1169 ἀνθρώπου
714 1100 982 1169 ἀδελφοῦ
1021 1102 1208 1157 αὐτοῦ
1237 1102 1547 1172 ἐκζητήσω
1589 1105 1704 1174 τὴν
1736 1105 1950 1175 ψυχὴν

370 1189 579 1245 αὑτοῦ.
621 1189 682 1242 '0
709 1189 936 1260 ἐκχέων
966 1186 1109 1260 αζιιῖι
1147 1192 1485 1261 ἀνθρώπου,
1531 1195 1665 1250 ἀντὶ
1710 1196 1819 1249 τοῦ
1857 1196 1948 1249 αἵ-

368 1298 557 1351 ματος
606 1282 794 1336 αὐτοῦ
839 1282 1276 1351 ἐκχυθήσεται,
1322 1286 1412 1340 ὅτι
1463 1287 1533 1341 ἐν
1571 1289 1757 1342 εἰκόνι
1802 1288 1951 1343 Θεοῦ

356 1372 634 1447 ,ἐποίησα
670 1371 779 1425 τὸν
827 1372 1160 1441 ἄνθρωπον.
1210 1375 1334 1440 Πῶς
1367 1378 1663 1449 ἑκζητήσει
1700 1380 1760 1432 τὸ
1812 1376 1949 1451 αἷμα

369 1464 469 1516 τοῦ
500 1462 788 1535 ἀνθρώπου
819 1465 884 1517 ἐκ
916 1465 1101 1537 χειρὸς
1141 1466 1362 1521 πάντων
1401 1469 1508 1522 τῶν
1551 1469 1834 1542 Θηρίων,ἦ
1868 1472 1950 1525 ὅτι

374 1553 677 1624 ἀναστήσει
708 1553 778 1606 τὰ
804 1551 1035 1624 σώματα
1072 1554 1182 1609 τῶν
1234 1557 1539 1630 ἀνθρώπων
1571 1562 1677 1614 τῶν
1707 1563 1949 1633 ἀποθνη-

373 1642 647 1711 σκόντιιιν;
679 1645 752 1698 Οὐ
782 1644 894 1717 γὰρ
921 1647 1044 1701 ἀντὶ
1074 1647 1166 1702 τοῦ
1190 1648 1477 1722 ἀνθρώπου
1501 1652 1852 1708 ἀποθανεῖται
1883 1654 1952 1709 τὰ

370 1735 557 1808 θηρία.

1393 348 1503 437 DE\
1530 349 1707 408 FIDE
1747 350 2205 413 ORTHODOXA
2253 356 2377 414 LIB
2428 356 2463 414 ’l
2482 353 2546 417 ν.

447 461 734 532 Μαρτυρεῖ
771 458 828 513 δὲ
880 460 973 512 καὶ
1031 461 1065 530 ὴ
1102 445 1222 513 Θεία
1263 461 1479 533 Γραφὴ,
1513 463 1594 515 ὅτι
1641 462 1793 517 ἔσται
1848 465 1957 517 τὼν
1985 474 2028 526 Α

3512 357 3646 426 1922

2137 468 2467 524 4ttclot'ilale
2529 470 2841 540 St'ripturte.
2887 473 3127 540 ——Quiu
3178 474 3360 529 divma
3419 491 3639 549 quoque

2061 556 2341 631 Scriptura
2386 576 2687 632 corporum
2721 564 3190 619 resurrectionem
3225 564 3343 620 fore
3383 576 3634 623 testatur.

2054 654 2145 707 Ait
2183 653 2389 725 quippe
2428 653 2574 711 Deus
2615 654 2729 712 Noe
2774 664 2898 727 post
2937 658 3204 712 diluvium
3236 677 3250 713 :
3287 657 3462 724 Quasi
3489 661 3638 715 olera

2055 747 2278 799 virentia
2319 746 2521 801 tradidi
2556 747 2700 802 vobis
2749 749 2970 814 omnia;
2999 761 3213 819 excepto
3245 753 3386 820 quod
3425 769 3638 806 carnem

2054 840 2448 909 cumsangnine
2477 840 2669 894 animte
2707 856 2810 893 non
2857 840 3163 897 comedetis.
3207 841 3448 897 Vestrum
3492 847 3636 898 enim

2054 932 2366 999 sanguinem
2413 934 2723 985 animarum
2758 942 3053 987 uestrarum
3085 936 3351 1005 requiram
3380 938 3446 991 de
3474 955 3637 990 manu

2054 1033 2367 1076 cunctarum
2404 1023 2715 1090 bestiarum,
2759 1024 2894 1078 etde
2942 1042 3104 1079 mamt
3150 1027 3320 1079 omnis
3381 1026 3631 1089 haminis.

2054 1112 2242 1181 fratris
2297 1112 2412 1183 ejus
2461 1116 2729 1183 requiram
2779 1117 3014 1169 animam
3063 1116 3200 1186 ejus.
3236 1118 3341 1183 Qui
3388 1119 3633 1187 eﬂ‘uderit

2052 1204 2359 1274 sanguinem
2376 1204 2626 1271 hominis,
2643 1221 2738 1274 pro
2772 1207 2920 1260 illius
2942 1209 3202 1276 sanguine
3224 1210 3444 1279 sanguis
3468 1212 3633 1279 ipsius

2051 1296 2349 1365 effnndetur
2375 1313 2393 1350 :
2431 1297 2498 1349 ad
2544 1298 2826 1369 imaginem
2878 1300 3068 1369 quippe
3118 1298 3213 1353 Dei
3253 1300 3516 1355 hominem
3552 1303 3632 1369 fc-

2052 1391 2101 1443 ci
2135 1390 2172 1443 δ.
2220 1388 2468 1456 Quotiam
2502 1398 2684 1444 autem
2737 1391 2903 1445 modo
2929 1394 3256 1461 sanguinem
3290 1393 3534 1447 hominis
3569 1395 3636 1449 de

2052 1497 2217 1536 manu
2272 1493 2596 1536 cunctarum
2655 1481 2955 1537 bestiarum
3016 1485 3283 1554 requiret,
3350 1485 3453 1538 nisi
3504 1486 3632 1553 quia

2051 1587 2283 1642 corpora
2355 1573 2678 1634 homiumu,
2740 1572 2832 1641 qui
2906 1574 3257 1637 moriuntur,
3324 1574 3392 1629 ad
3467 1576 3631 1629 vitam

2051 1661 2356 1716 excitabit?
2413 1662 2529 1716 Non
2587 1664 2734 1718 enim
2789 1662 3032 1719 hominis
3095 1665 3215 1720 loco
3269 1666 3459 1721 bestia:
3514 1681 3633 1720 nm-

2053 1755 2284 1809 rientur.

440 1826 552 1879 Kal
593 1826 755 1880 πάλιν
783 1827 862 1899 τῷ
881 1829 1135 1883 Μωυσεῖ⁸
1161 1830 1302 1901 Ἐγώ
1320 1834 1438 1903 είμι
1459 1837 1491 1889 ὁ
1509 1835 1653 1903 Θεὸς
1680 1836 1945 1908 Ἀϐραὰμ,

2120 1846 2446 1916 Rursusque
2486 1846 2551 1900 ad
2592 1846 2858 1914 Moysen:
2910 1844 3023 1916 Ego
3075 1863 3194 1901 sum
3258 1846 3395 1902 Deus
3453 1847 3632 1902 Abrav

370 1914 468 1967 καὶ
497 1917 531 1969 ό
560 1917 705 1981 Θεὸς
742 1918 963 1986 Ἰσαὰκ,
1003 1919 1099 1973 καὶ
1130 1924 1162 1973 ὁ
1194 1923 1338 1988 Θεὸς
1366 1920 1593 1978 Ἰακώϐ.
1628 1927 1749 1979 Οὐκ
1781 1926 1953 1979 ἐστιν

369 2008 404 2060 ό
435 2005 579 2073 Θεὸς
616 2007 848 2077 νεκρῶν
870 2009 1035 2076 Θεὸς,
1065 2011 1175 2065 τῶν
1200 2013 1602 2079 ἀποθανόντων,
1639 2016 1732 2071 καὶ
1770 2017 1952 2071 οὐκέτι

368 2096 664 2178 ὲδσομένων,
691 2097 830 2153 ἀλλὰ
866 2097 1116 2167 ζώντων,
1150 2095 1226 2156 ὧν
1263 2105 1319 2156 αἱ
1359 2104 1531 2176 ψυχαὶ
1570 2105 1673 2177 μὲν
1707 2109 1766 2159 ὲν
1807 2108 1954 2178 χειρὶ

370 2186 534 2241 αὐτοῦ
563 2186 721 2251 ζῶσι,
769 2188 838 2242 τὰ
866 2189 922 2242 δὲ
963 2189 1198 2260 σώματα
1252 2192 1414 2247 πάλιν
1448 2195 1537 2249 διὰ
1584 2196 1680 2266 τῆς
1716 2197 1952 2252 ἀναστά-

371 2294 507 2341 σεως
542 2278 790 2349 ζήσεται.
824 2281 936 2335 Καὶ
969 2282 997 2333 ὁ
1022 2281 1309 2355 θεοπάτωρ
1340 2285 1503 2340 Δαϐίδ
1537 2304 1670 2357 φησι
1700 2289 1835 2360 πρὸς
1862 2290 1952 2343 τὸν

370 2368 502 2422 Θεόν
523 2387 536 2399 ·
586 2370 957 2437 Ἄντανελεῖς
996 2374 1063 2425 τὸ
1112 2375 1348 2442 πνεῦμα
1375 2377 1593 2444 αὐτῶν,
1621 2378 1721 2432 καὶ
1756 2381 1950 2434 ἐκλεί-

371 2461 582 2527 gravat,
618 2459 717 2513 καὶ
745 2461 830 2526 είς
858 2460 968 2514 τὸν
1013 2461 1168 2529 χοῦν
1212 2463 1414 2517 αὐτῶν
1451 2465 1949 2536 ἐπιστρέψουσιν.

385 2550 518 2605 Ἰδοὺ
571 2553 699 2622 napi.
744 2553 852 2606 τῶν
904 2554 1180 2624 σωμάτων
1219 2557 1248 2610 ὁ
1292 2556 1470 2626 λόγος.
1522 2555 1659 2612 Εἶτα
1714 2546 1947 2629 ὲίπὰγεν

383 2639 844 2708 Ἐξαποστελεῖς
874 2643 941 2696 τὸ
978 2645 1221 2715 Πνεῦμά
1267 2663 1405 2713 σου,
1448 2649 1546 2702 καὶ
1592 2652 1950 2720 κτισθήσον-

373 2749 489 2797 ται,
522 2733 620 2786 καί
658 2732 1027 2801 ἀνακαινιεῖς
1053 2736 1119 2789 τὸ
1150 2736 1475 2804 πρόσωπον
1499 2739 1610 2808 τῆς
1637 2740 1771 2810 γῆς.

445 2905 557 2956 Καὶ
590 2903 821 2968 Ἡσαΐας
860 2904 949 2957 δέ·
990 2906 1470 2977 Ἀνιιστήσονται
1507 2913 1561 2963 οἱ
1595 2914 1816 2979 νεκροὶ,
1855 2915 1953 2968 καὶ

376 2992 803 3062 ἐγερθήσονται
838 2997 891 3048 ol
930 2995 999 3048 ἐν
1040 2996 1162 3062 τοῖς
1192 2999 1530 3067 μνημείοις.
1578 3002 1748 3070 Δῆλον
1783 3004 1841 3056 δὲ
1876 3004 1951 3068 ὡς

376 3081 476 3152 οὐχ
510 3085 567 3135 al
615 3083 786 3155 ψυχαὶ
839 3087 897 3139 ὲν
925 3088 1040 3150 τοῖς
1085 3086 1375 3158 μνημείοις
1415 3088 1679 3157 τίθενται,
1712 3092 1848 3146 ἀλλὰ
1885 3095 1953 3148 τὰ

380 3171 630 3244 σώματα.

450 3287 560 3339 Καὶ
587 3287 617 3339 ὁ
639 3288 909 3361 μακάριος
935 3289 992 3344 δὲ
1022 3291 1285 3363 Ίεζεκιήλ
1307 3309 1320 3323 ·
1346 3294 1454 3348 Kal
1481 3295 1741 3365 ἐγένετο,
1767 3298 1953 3369 φησιν,

378 3377 449 3432 ἐν
476 3376 557 3444 τῷ
591 3396 671 3450 με
726 3384 1165 3453 προφητεῦσαι,
1198 3390 1298 3441 καὶ
1346 3388 1476 3443 ὶδοὺ
1519 3393 1771 3461 σεισμὸς
1798 3435 1812 3459 ,
1860 3393 1957 3447 καὶ

380 3469 728 3541 προσήγαγε
763 3472 837 3526 τὰ
877 3474 1051 3540 ὀστᾶ,
1098 3477 1316 3532 ὀστέον
1355 3481 1508 3548 πρὸς
1536 3482 1775 3548 ὀστέον,
1821 3485 1959 3541 ἕκα-

379 3573 533 3614 στον
558 3561 713 3630 πρὸς
738 3563 854 3632 τὴν
896 3565 1193 3635 ἁρμονίαν
1222 3568 1430 3624 αὑτοῦ.
1477 3571 1590 3626 Kal
1630 3570 1814 3642 εἶδον,
1857 3578 1956 3631 καὶ

381 3646 509 3702 ἰδοὺ
550 3649 865 3720 ἐπεγένετο
902 3653 1107 3721 αὐτοῖς
1167 3657 1372 3725 νεῦρα,
1413 3660 1513 3713 καὶ
1573 3660 1798 3731 σάρκες
1846 3666 1956 3719 ἀν-

377 3741 654 3808 εφύοντο,
692 3742 791 3797 καὶ
820 3743 1140 3800 ἀνέϐαινον
1177 3746 1270 3800 ἐπ’
1297 3750 1468 3815 αὐτὰ,
1509 3751 1607 3805 καὶ
1641 3755 1955 3825 περιετάθη

377 3831 583 3898 αὐτοῖς
610 3826 870 3904 δέρματα
892 3836 1221 3893 ἐπάνωθεν.
1259 3837 1388 3895 Εἶτα
1425 3842 1665 3898 διδάσκει
1708 3846 1827 3912 πῶς
1864 3865 1956 3902 κε-

376 3916 676 3976 λευσθέντα
704 3924 980 3994 ἐπανῆλθε
1017 3927 1087 3979 τὰ
1118 3926 1426 3999 πνεύματα.

448 4012 558 4064 Καὶ
609 4012 751 4077 θεῖος
798 4014 856 4067 δὲ
907 4017 1105 4089 Δανιήλ
1150 4036 1319 4090 φησιο
1376 4023 1484 4077 Kal
1527 4025 1598 4078 ἐν
1639 4027 1721 4093 τῷ
1774 4030 1957 4099 καιρῷ

376 4098 590 4167 ἐκείνῳ
619 4103 1029 4171 ἀναστήσεται
1061 4109 1304 4177 Μιχαὴλ
1329 4114 1362 4163 ὁ
1395 4111 1596 4181 ἅρχων
1625 4119 1659 4169 ό
1679 4098 1890 4188 μέγας,
1923 4126 1956 4175 ὁ

377 4191 649 4269 ἑστηκὼς
675 4194 773 4249 ἐπὶ
794 4196 937 4263 τοὺς
964 4198 1133 4263 υἱοὺς
1162 4200 1269 4254 τοῦ
1297 4202 1448 4256 λαοῦ
1472 4218 1590 4259 σου
1611 4222 1625 4236 ’
1655 4208 1754 4262 καὶ
1784 4213 1957 4266 ἔσται

378 4285 579 4352 καιρύς
613 4287 895 4355 θλίψεως,
938 4289 1145 4358 θλῖψις
1178 4292 1276 4345 οἵα
1311 4296 1383 4348 οὐ
1424 4297 1693 4366 γέγονεν,
1735 4301 1849 4371 ei?"
1882 4300 1954 4360 οὗ

378 4375 694 4447 γεγένηται
752 4379 930 4444 ἔθνος
966 4382 1065 4435 ἐπὶ
1117 4383 1228 4453 τῆς
1264 4385 1408 4454 γῆς,
1442 4388 1554 4455 ἕως
1596 4391 1703 4446 τοῦ
1748 4395 1956 4462 καιροῦ

2049 1939 2196 2001 Ιιαηι,
2247 1949 2296 1993 et
2348 1938 2492 1993 Deus
2533 1937 2714 2003 Isaac,
2750 1947 2799 1992 et
2837 1936 2974 1992 Deus
3024 1936 3193 1992 Iacob
3220 1939 3261 1995 '.
3310 1939 3475 2010 Atqui
3527 1957 3632 1997 non

2050 2030 2212 2101 302
2244 2038 2320 2084 est
2362 2030 2499 2084 Deus
2551 2042 2883 2084 mortuorum
2936 2030 3075 2085 Deus
3108 2031 3148 2096 ⁸,
3186 2032 3289 2085 hoc
3327 2043 3411 2086 est
3440 2048 3633 2088 eorum

2051 2120 2142 2191 qui
2182 2121 2514 2184 moriuntur,
2554 2136 2653 2175 nec
2678 2120 2920 2189 amplius
2957 2119 3128 2174 futuri
3161 2116 3327 2188 sunt;
3363 2123 3457 2177 sed
3489 2124 3631 2177 ciro-

2051 2229 2219 2266 rum:
2259 2228 2494 2283 quorum
2549 2214 2746 2266 anima:
2794 2212 3016 2282 quidem
3074 2213 3128 2266 in
3179 2228 3341 2267 manu
3381 2215 3501 2285 ejus
3549 2216 3631 2269 vi-

2052 2309 2188 2355 vunt
2221 2303 2240 2331 ⁷
2269 2321 2283 2370 ;
2324 2318 2555 2372 corpora
2587 2315 2769 2356 autem
2806 2310 2930 2371 post
2964 2303 3431 2358 resurrectionem
3487 2306 3632 2359 revi-

2052 2392 2286 2449 viscent.
2318 2394 2411 2449 Dei
2445 2408 2662 2464 quoquc
2695 2408 2893 2462 parcus
2948 2391 3114 2447 David
3171 2391 3339 2447 Deum
3374 2396 3454 2449 sic
3488 2398 3631 2450 allo-

2052 2485 2237 2554 quitur
2270 2503 2284 2539 :
2327 2485 2549 2555 Auferes
2578 2487 2827 2555 spiritum
2873 2502 3078 2551 eorum,
3108 2496 3157 2540 et
3188 2486 3461 2556 deﬁcient,
3496 2499 3546 2541 et
3577 2490 3630 2543 in

2050 2580 2317 2643 pulverem
2355 2595 2508 2632 suam
2540 2586 2858 2632 revertentur
2888 2578 2931 2630 ⁸.
2970 2579 3049 2632 En
3082 2594 3190 2647 quo
3221 2563 3383 2648 pacto
3413 2579 3480 2633 de
3504 2596 3629 2634 cor-

2056 2669 2277 2739 poribus
2309 2669 2360 2724 ci
2410 2685 2593 2725 sermo
2638 2677 2743 2725 est.
2798 2667 3005 2723 Deinde
3036 2669 3321 2741 subiungit
3360 2686 3374 2724 :
3409 2669 3632 2724 Emittes

2054 2759 2313 2829 Spiritum
2353 2772 2525 2826 tuum,
2563 2772 2613 2816 et
2644 2764 2968 2816 creabuntur
2990 2802 3005 2829 ,
3039 2772 3088 2815 et
3134 2762 3409 2816 renovabis
3439 2763 3632 2832 faciem

2056 2863 2210 2910 terrte
2242 2856 2286 2906 ν.

2124 2944 2293 2999 Isaias
2325 2955 2451 2999 item
2482 2963 2496 2999 :
2534 2944 2823 3018 Ilesurgent
2867 2952 3065 3005 mortui
3119 2958 3165 3002 et
3201 2952 3631 3021 expergiscentur

2053 3036 2143 3106 qui
2174 3038 2227 3091 in
2263 3039 2617 3092 monumentis
2643 3048 2768 3093 sunt
2800 3039 2863 3093 ¹⁰.
2891 3039 3054 3110 Atqui
3084 3051 3303 3096 constat
3352 3059 3460 3097 neu
3514 3045 3633 3097 ani-

2058 3142 2199 3195 mas,
2237 3127 2332 3184 sed
2361 3144 2594 3200 corpora
2619 3130 2674 3184 in
2701 3132 3078 3187 monumentis
3111 3133 3392 3188 collocari.

2130 3312 2170 3345 ι’
2199 3312 2400 3365 Beatus
2427 3323 2644 3378 quoque
2673 3306 2929 3370 Ezechiel
2953 3327 2967 3364 :
2996 3307 3063 3361 Et
3095 3308 3295 3376 factum
3322 3319 3421 3375 est,
3443 3307 3632 3378 inquit,

2061 3413 2181 3451 cum
2211 3414 2305 3467 ego
2338 3398 2730 3467 prophetarem,
2771 3409 2821 3454 et
2842 3416 2961 3453 ecce
2995 3408 3151 3454 terra}
3179 3412 3382 3463 motus;
3409 3410 3458 3453 et
3489 3417 3631 3454 acce-

2056 3490 2249 3544 debant
2282 3507 2405 3544 ossa
2437 3508 2493 3544 os
2520 3491 2590 3544 ad
2620 3508 2712 3555 os,
2764 3493 3173 3562 unumquodque
3213 3497 3283 3545 ad
3326 3493 3633 3562 juncturam

2056 3597 2232 3635 suam.
2265 3582 2332 3636 Et
2363 3583 2472 3636 vidi
2498 3598 2518 3637 :
2552 3592 2603 3637 et
2632 3600 2748 3638 ecce
2771 3600 2958 3638 rursus
2995 3584 3170 3639 oborti
3202 3596 3326 3638 sunt
3352 3586 3427 3637 eis
3459 3585 3632 3646 nervi.

2055 3681 2106 3723 et
2148 3687 2334 3725 carnes
2384 3672 2799 3736 enascebantur,
2854 3684 2903 3727 et
2952 3672 3304 3726 ascendebant
3347 3671 3416 3725 ad
3442 3689 3550 3736 eos,
3586 3680 3634 3726 et

2057 3760 2397 3830 circumfusae
2449 3769 2575 3815 sunt
2626 3761 2702 3815 eis
2750 3760 2913 3830 pelles
2963 3761 3190 3830 desuper
3222 3761 3284 3814 ¹².
3321 3762 3395 3813 Ac
3450 3771 3635 3830 postea

2057 3852 2241 3915 decet,
2278 3853 2745 3922 quemadmodum
2802 3854 3051 3923 spiritus,
3107 3853 3259 3923 juxta
3312 3861 3477 3923 atque
3528 3853 3634 3909 illis

2058 3945 2382 4014 imperatum
2413 3955 2552 4010 erat,
2588 3946 2894 4001 redierunt.

2128 4038 2398 4094 Praeterea
2428 4038 2649 4094 divinus
2679 4037 2868 4094 Daniel
2896 4038 2973 4092 ait
3005 4057 3019 4093 :
3060 4037 3125 4092 Et
3159 4040 3211 4092 in
3261 4049 3490 4105 tempore
3540 4036 3636 4090 illo

2056 4140 2336 4199 consurget
2370 4129 2603 4187 Michael
2631 4131 2873 4201 princeps
2915 4146 3158 4201 magnus,
3191 4130 3281 4198 qui
3310 4138 3415 4182 stat
3446 4143 3540 4190 pro
3570 4127 3635 4195 βο

2058 4224 2143 4279 liis
2176 4224 2358 4293 populi
2389 4226 2466 4278 tui
2501 4240 2519 4277 :
2562 4236 2610 4279 et
2654 4227 2757 4279 erit
2804 4235 3006 4292 tempus
3044 4220 3429 4282 tribulationis,
3469 4220 3633 4273 tribu-

2058 4312 2209 4381 latio,
2238 4314 2413 4384 qualis
2434 4331 2537 4368 non
2574 4315 2700 4383 fuit,
2733 4330 2800 4368 ea:
2838 4330 2940 4382 quo
2973 4315 3121 4381 laeta
3145 4318 3221 4363 est
3243 4326 3364 4378 gens
3393 4310 3444 4362 in
3470 4319 3633 4370 terra.

2059 4422 2221 4476 usque
2250 4405 2320 4459 ad
2360 4417 2562 4476 tempus
2587 4405 2744 4459 illud.
2780 4404 2848 4458 Et
2878 4406 2931 4458 in
2961 4412 3191 4470 tempore
3214 4401 3309 4455 illo
3339 4401 3640 4454 salvahitur

380 4471 634 4527 ἐκείνου.
676 4472 785 4526 Καὶ
836 4473 906 4526 ἐν
938 4473 1018 4540 τῷ
1065 4475 1248 4544 καιρῷ
1300 4478 1509 4545 ἐκείνῳ
1552 4484 1887 4550 σωθήσεται
1923 4489 1956 4540 ὁ

2057 4471 2285 4565 populus
2313 4471 2582 4566 tuusrqui
2624 4496 2865 4550 inventus
2909 4494 3071 4564 fuerit
3114 4494 3344 4561 scriptus
3374 4494 3429 4547 in
3474 4493 3630 4546 libro.

382 4564 531 4630 λαός
566 4579 707 4629 σου,
754 4564 875 4631 πᾶς
922 4569 956 4619 ό
1003 4571 1270 4636 εὑρεθείς
1312 4576 1715 4644 γεγραμμένος
1761 4578 1831 4632 ἐν
1877 4580 1956 4646 τῷ

2061 4586 2128 4640 Et
2162 4588 2317 4641 multi
2354 4587 2418 4640 de
2451 4564 2534 4640 his
2572 4588 2662 4657 qui
2694 4586 2967 4640 dormiunt
2996 4587 3050 4639 in
3078 4594 3230 4640 terra:
3258 4585 3489 4654 puluere,
3530 4584 3632 4637 evi-

376 4656 613 4723 βιΰλίφ.
671 4657 783 4711 Kal
823 4658 1043 4712 πολλοὶ
1089 4659 1211 4713 τῶν
1265 4665 1683 4723 καθευδόντων
1735 4670 1805 4724 ἐν
1844 4671 1959 4741 γῆς

381 4745 603 4816 χώματι
634 4748 1136 4819 ἐξεγερθήσονται
1154 4770 1167 4784 ο
1201 4748 1369 4809 οὗτοι
1399 4758 1487 4823 εις
1516 4756 1673 4825 ζωὴν
1695 4761 1954 4828 αἰώνιον,

382 4839 483 4892 καὶ
520 4837 684 4898 οὗτοι
710 4843 800 4908 είς
837 4842 1185 4913 ὀνειδισμὸν
1222 4845 1320 4899 καί
1360 4849 1666 4919 αἰσχύνην
1694 4853 1954 4909 αὶώνιον.

381 4927 495 4984 Kal
513 4933 566 4984 οι
595 4930 910 4999 συνιέντες
949 4933 1380 5004 ἐκλάμψουσιν
1414 4939 1495 5005 ὡς
1534 4941 1572 5009 ἡ
1608 4946 1956 5013 λαμπρότης

380 5021 490 5075 τοῦ
538 5023 946 5092 στερεώματος
974 5065 988 5089 ,
1046 5025 1149 5079 καὶ
1206 5027 1328 5082 ἀπὸ
1379 5029 1498 5083 τῶν
1544 5032 1791 5089 δικαίων
1837 5036 1956 5092 τῶν

382 5113 647 5177 πολλῶν,
664 5115 745 5182 ὡς
775 5119 829 5171 oi
851 5116 1102 5186 ἀστέρες
1129 5122 1217 5185 είς
1244 5119 1389 5188 τοὺς
1435 5123 1679 5193 αἰῶνας,
1725 5128 1825 5182 καὶ
1866 5130 1956 5185 ἔτι

379 5205 788 5276 ἐκλάμψουσι.
806 5239 873 5249 —-
906 5211 1132 5264 Πολλοὶ
1162 5210 1282 5265 τῶν
1307 5214 1721 5272 καθευδόντων
1745 5219 1813 5273 ἐν
1843 5221 1957 5291 γῆς

383 5298 628 5369 χώματι,
656 5299 851 5369 λέγων,
902 5301 1422 5372 ἐξεγερθήσονται.
1458 5308 1646 5379 δῆλον,
1695 5310 1771 5374 ὡς
1825 5314 1957 5367 ἀνά-

2026 4677 2320 4749 ίθίιιιὺιιηι,
2375 4677 2475 4731 alii
2532 4679 2586 4731 in
2635 4678 2797 4732 vitam
2845 4686 3121 4740 cateruam,
3152 4685 3202 4730 et
3227 4675 3325 4729 alii
3356 4676 3410 4729 in
3449 4689 3633 4743 oppro-

2057 4770 2232 4823 brium
2263 4778 2313 4822 et
2334 4769 2692 4838 confusionem
2732 4777 3003 4823 atternam.
3038 4770 3107 4822 Et
3134 4767 3482 4837 intelligente:
3527 4765 3639 4834 ful-

2055 4861 2246 4932 gebunt
2267 4863 2422 4932 quasi
2450 4861 2699 4928 splendor
2728 4861 3072 4932 ﬁrmamenti,
3108 4868 3159 4914 et
3185 4875 3251 4914 ea:
3269 4859 3438 4929 justis
3465 4860 3634 4929 pluri-

2056 4952 2180 5013 mis,
2203 4951 2357 5021 quasi
2391 4952 2560 5007 stella
2590 4954 2646 5007 in
2687 4953 2885 5008 swcula
2911 4960 2959 5007 et
2985 4952 3129 5005 ultra
3155 4950 3431 5021 fulgebunt
3460 4949 3524 5001 ¹³.
3556 4948 3633 5001 Ex

2055 5043 2142 5098 his
2168 5052 2346 5098 autem
2374 5045 2573 5111 verbis,
2606 5045 2765 5100 Multi
2790 5047 2853 5101 de
2882 5044 2962 5098 his
2992 5044 3083 5115 qui
3103 5043 3377 5097 dormiunt
3398 5042 3452 5094 in
3482 5050 3632 5093 terra

2054 5136 2283 5203 pulvere,
2304 5135 2647 5206 evigilabunt.
2683 5135 3030 5206 perspicuum
3050 5141 3157 5199 est,
3180 5147 3308 5188 eum
3330 5142 3631 5197 corporum

2058 5226 2522 5280 resurrectionem
2581 5225 2843 5281 indicare.
2903 5224 3093 5293 Neque
3144 5221 3290 5276 enim
3343 5217 3633 5287 quisqnnm

2056 5315 2276 5377 dixerit.
2314 5315 2532 5371 animas
2559 5316 2612 5368 in
2655 5324 2815 5369 terra:
2848 5315 3072 5382 pulvere
3104 5307 3370 5364 dormire.

387 5408 578 5446 στασιν
611 5392 865 5463 ἐμφαίνει
895 5395 1187 5462 σωμάτων·
1215 5396 1276 5448 οὐ
1306 5396 1415 5468 γὰρ
1440 5399 1613 5469 δήπου
1640 5418 1724 5465 τις
1750 5405 1941 5474 φήσειε
1980 5406 2079 5469 τὰς
2107 5406 2290 5476 ψυχὰς
2325 5408 2383 5459 ὲν
2410 5406 2513 5477 γῆς
2540 5405 2757 5477 χώματι
2782 5415 2809 5454 ει
2851 5401 3154 5457 καθεύδειν.

457 5511 480 5542 ⁸
508 5510 645 5568 Gen.
710 5529 785 5567 Ix.
820 5513 873 5573 5,
904 5514 956 5567 6.

1033 5514 1053 5544 ⁵
1084 5512 1251 5588 Exod.
1302 5531 1380 5578 Ill,
1442 5517 1494 5569 6.
1573 5520 1593 5551 ⁶
1633 5520 1822 5577 Matth.
1872 5541 2008 5588 χχιι,
2047 5526 2136 5581 '52.

387 5581 433 5615 ¹⁰
462 5581 565 5638 lsa.
592 5599 757 5647 xxv",
781 5583 833 5636 9.
916 5583 952 5612 ¹¹
987 5581 1145 5653 Nyss.
1184 5584 1255 5636 De
1273 5589 1414 5637 anim
1445 5598 1492 5639 et
1529 5606 1696 5647 remr.
1733 5604 1857 5661 post
1885 5581 2030 5654 tueri,

2235 5529 2256 5559 '
2299 5525 2429 5595 Sap.
2467 5544 2548 5590 ιιι,
2592 5526 2638 5578 Ι.
2762 5525 2785 5555 ⁸
2833 5523 2975 5595 Psai.
3007 5537 3095 5595 cy,
3128 5520 3222 5576 29.
3332 5517 3507 5595 fihid.
3536 5520 3627 5578 30.

2143 5597 2185 5627 "
2213 5590 2409 5651 Ezecli.
2450 5612 2684 5661 xxxvm,
2724 5595 2773 5661 7,
2808 5599 2859 5648 8.
2939 5594 2983 5624 "
3026 5592 3163 5645 Dan.
3198 5603 3297 5649 xit.
3330 5590 3445 5645 1-5.

1721 5684 1952 5742 VARI/ﬁ
1980 5687 2389 5744 LECTIONES.

461 5777 488 5819 ιι
511 5765 711 5838 Regius
745 5768 905 5833 553i,
935 5775 988 5820 et
1011 5767 1165 5821 Colh.
1202 5770 1309 5824 duo
1342 5771 1578 5841 σώματι.
