4026 6156
322 265 462 335 1225

1381 260 1479 322 DE
1517 261 1694 321 FIDE
1731 257 2194 320 ORTHODOXA
2231 259 2381 321 LIB.
2421 259 2519 323 IV.

3427 265 3566 329 1226

391 379 563 434 Πάλιν
598 375 761 446 φησὶν
809 375 837 427 6
891 374 1034 434 θεῖος
1098 370 1421 436 Ἀπόστολος
1451 387 1463 400 ·
1523 371 1621 424 Δεῖ
1664 369 1775 440 γὰρ
1820 371 1886 423 τὸ

2059 367 2269 422 Rursus
2322 376 2501 423 autem
2560 368 2779 426 divinus
2838 371 3138 441 Apostolus
3197 373 3308 428 ait:
3349 374 3564 444 Oportet

320 469 586 544 φθαρτὸν
634 467 813 522 τοῦτο
859 464 1235 519 ἐνδύσασθαι
1268 463 1644 532 ἀφθαρσίαν,
1693 460 1888 514 καὶτὸ

319 558 541 628 θνητὸν
559 557 736 611 τοῦτο
763 555 1134 608 ἐνδύσασθαι
1162 553 1523 608 ἀθανασίαν.
1546 552 1658 605 Καὶ
1684 550 1847 605 πάλιν
1871 566 1885 580 ⁶

317 651 626 719 Σπείρεται
642 650 710 702 ἐν
731 645 944 716 φθορᾷ,
970 647 1253 716 ἐγείρεται
1273 644 1342 697 ἐν
1370 644 1698 713 ἀφθαρσίᾳ·
1723 643 1892 696 σπεί-

313 757 482 812 ρεται
507 741 578 794 ἐν
598 739 901 805 ἀσθενείᾳ,
932 736 1216 805 ἐγείρεται
1242 734 1311 787 ἐν
1335 733 1585 802 δυνάμει
1605 750 1618 764 ·
1650 734 1890 801 σπείρε-

322 850 415 888 ται
431 834 502 886 ἐν
523 832 742 899 ἀτιμίᾳ,
768 830 1055 898 ἐγείρεται
1083 828 1152 881 ἐν
1175 825 1324 893 δόξῃ
1343 839 1358 854 ·
1387 825 1693 892 σπείρεται
1719 823 1892 892 σῶμα

322 921 608 993 ψυχικὸν,
634 921 752 990 ἦτοι
781 916 927 988 παχύ
957 935 1018 970 τε
1042 919 1137 972 καὶ
1159 916 1377 989 θνητὸν,
1412 915 1696 986 ἐγείρεται
1721 914 1893 984 σῶμα

325 1011 887 1083 πνευματικόν(14)·
923 1004 1035 1062 οἷον
1067 1009 1127 1062 τὸ
1173 1007 1268 1062 τοῦ
1304 1007 1514 1078 Κυρίου
1551 1005 1712 1076 σῶμα
1749 1007 1891 1076 μετὰ

322 1107 424 1175 τὴν
461 1103 760 1157 ἀνάστασιν
801 1099 1208 1169 κεκλεισμένων
1237 1097 1347 1151 τῶν
1388 1097 1570 1168 θυρῶν
1599 1095 1890 1166 διερχόμε-

323 1213 432 1260 νον,
463 1193 862 1252 ἀκοπίαστονιι,
895 1188 1125 1259 τροφῆς,
1167 1185 1370 1250 ὕπνου,
1418 1185 1513 1239 καὶ
1542 1183 1755 1246 πόσεως
1801 1183 1892 1236 ἀν-

323 1284 524 1346 ενδεές.
560 1285 843 1336 Ἔσονται
872 1278 1006 1349 γὰρ,
1035 1279 1203 1349 φησὶν
1227 1278 1256 1330 6
1284 1275 1511 1347 Κύριος,
1540 1275 1619 1341 ὡς
1640 1276 1694 1327 οἱ
1717 1272 1892 1342 ἄγγε-

323 1381 422 1430 λοι
450 1375 555 1430 τοῦ
597 1373 744 1428 Θεοῦ
765 1389 780 1404 ο
820 1373 883 1425 οὐ
913 1371 1092 1440 γάμος
1125 1369 1208 1422 ἔτι
1229 1409 1245 1436 ,
1275 1371 1336 1421 οὐ
1376 1365 1721 1435 τεκνογονία.
1753 1364 1890 1435 Φησὶ

321 1468 454 1534 γοῦν
476 1470 505 1522 6
533 1467 676 1530 θεῖος
705 1462 1027 1526 Ἀπόστολος
1046 1479 1060 1492 ·
1104 1460 1300 1530 Ἦμῶν
1328 1459 1437 1529 γὰρ
1465 1458 1531 1511 τὸ
1561 1457 1892 1524 πολίτευμα

322 1559 392 1612 ἐν
437 1561 532 1626 οὐ,
548 1559 716 1624 ανοῗς
738 1556 1014 1625 ὑπάρχει,
1053 1553 1122 1618 ἐξ
1149 1548 1222 1609 οὗ
1253 1552 1354 1606 καὶ
1375 1547 1616 1618 Σωτῆρα
1637 1547 1890 1602 ἀπεκδε-

1989 460 2129 512 enim
2171 460 2508 528 corruptibile
2552 461 2649 516 hoc
2698 461 2912 518 induere
2963 466 3411 536 incorruptionem
3439 483 3460 522 :
3514 479 3565 522 et

1990 548 2215 602 mortale
2243 547 2340 602 hoc
2366 549 2580 604 induere
2622 551 3077 608 immortalitatem
3103 554 3170 608 ’³.
3205 555 3284 608 Ac
3321 570 3516 611 rursus
3547 561 3617 607 :-‘

1990 637 2298 694 Sentinatur
2342 640 2398 693 in
2445 644 2798 708 corruptione,
2841 655 3019 714 surget
3048 646 3103 698 in
3134 647 3561 715 incorruptione,

1990 732 2282 785 seminatur
2332 731 2388 785 in
2432 732 2784 801 inﬁrmitate,
2821 745 2998 805 surget
3037 736 3094 789 in
3137 737 3366 801 uirtute;
3403 739 3564 791 semi-

1992 835 2151 878 natur
2210 825 2267 877 in
2322 825 2680 894 ignobilitate,
2724 835 2900 896 surget
2960 827 3015 880 in
3067 828 3262 898 gloria.
3315 826 3560 883 Semina-

1991 923 2078 968 tur
2115 931 2303 983 corpus
2342 915 2593 982 animale,
2636 916 2742 972 hoc
2790 927 2896 983 est,
2942 932 3190 974 crassum
3224 927 3278 974 et
3307 920 3560 983 mortale,

1991 1015 2168 1075 surget
2195 1023 2386 1076 corpus
2407 1007 2686 1076 spirituale
2705 1006 2750 1040 "
2773 1045 2790 1074 ,
2820 1009 3176 1076 immutabile,
3196 1011 3562 1081 impassibile,

1994 1097 2196 1154 subtile
2219 1098 2348 1168 (hoc
2373 1099 2517 1154 enim
2548 1099 2846 1170 signiﬁcat,
2879 1101 3176 1169 spirituale,
3211 1102 3373 1172 quale
3397 1103 3564 1156 nimi-

1993 1204 2114 1244 rum
2151 1200 2273 1259 post
2305 1189 2770 1246 resurrectionem
2791 1188 3004 1245 Domini
3035 1206 3238 1261 corpus
3263 1200 3403 1258 erat,
3439 1207 3562 1247 cum

1990 1281 2177 1351 januis
2207 1282 2418 1338 clausis
2443 1281 2748 1351 transiret),
2778 1281 3118 1353 infatigabile
3137 1325 3154 1350 ,
3186 1298 3284 1339 nec
3315 1285 3441 1340 cibo
3469 1293 3566 1339 aut

1995 1386 2189 1428 somno
2217 1381 2313 1427 aut
2355 1382 2488 1444 potu
2528 1373 2804 1445 indigens.
2837 1373 3012 1428 Erunt
3045 1377 3207 1440 enim,
3249 1377 3428 1447 inquit
3461 1376 3567 1430 Do-

1993 1465 2200 1529 minus,
2234 1468 2372 1521 sicut
2403 1468 2576 1538 angeli
2608 1465 2708 1521 Dei
2737 1469 2802 1522 ³⁸.
2839 1467 2949 1525 Nec
2973 1469 3086 1540 jam
3119 1469 3326 1540 nuptiis
3363 1476 3460 1524 aut
3499 1469 3564 1522 li-

1993 1556 2253 1611 berorum
2285 1557 2658 1627 procreationi
2694 1558 2849 1613 locus
2883 1559 3010 1613 erit.
3049 1559 3136 1614 Ait
3175 1559 3377 1631 quippe
3425 1559 3566 1614 divi-

324 1651 547 1719 χόμεοα
592 1649 812 1717 Κύριον
841 1645 1113 1713 Ἰησοῦν,
1156 1643 1224 1709 ὃς
1269 1639 1781 1712 μετασχηματίσει
1823 1638 1889 1690 τὸ

1995 1662 2100 1702 nus
2129 1647 2470 1718 Apostolus:
2506 1645 2712 1702 Nostra
2764 1651 3092 1703 conversatio
3141 1651 3198 1703 in
3249 1650 3393 1705 caelis
3441 1661 3564 1704 est:

323 1711 496 1802 σῶμα
541 1732 652 1801 τῆς
674 1711 1104 1797 *ταπεινώσεως
1147 1711 1346 1799 ἡμῶν,
1380 1730 1468 1794 εἰς
1509 1727 1574 1781 τὸ
1610 1727 1889 1797 γενέσθαι

1993 1737 2128 1792 unde
2142 1739 2302 1792 etiam
2325 1738 2654 1794 Saluatorem
2673 1751 3034 1810 exspectamus
3064 1742 3345 1797 Dominum
3362 1742 3562 1806 Iesum,

321 1827 468 1880 αὐτὸ
509 1827 864 1896 σύμμορφον
899 1823 978 1890 τῷ
1016 1823 1245 1893 σώματι
1291 1821 1404 1890 τῆς
1441 1820 1627 1888 δόξης
1656 1819 1842 1874 αὐτοῦ
1872 1835 1886 1850 ’

321 1919 382 1970 οὐ
430 1919 530 1989 τὴν
577 1921 659 1981 εἰς
717 1918 915 1988 ἑτέραν
975 1916 1191 1986 μορφὴν
1249 1913 1613 1984 μεταποίησιν
1675 1913 1884 1980 λέγων·

320 2009 502 2076 ἄπαγε
527 2025 542 2040 ’
580 2008 681 2081 τὴν
737 2009 803 2062 ὲκ
849 2007 1060 2079 φθορᾶς
1097 2006 1154 2060 δὲ
1188 2003 1394 2076 μᾶλλον
1451 2004 1532 2067 είς
1577 2002 1890 2073 ἀφθαρσίαν

320 2099 644 2171 ἐναλλαγήν.
745 2129 750 2133 -

403 2277 568 2330 Ἀλλ’
609 2276 730 2344 ἐρεῖ
774 2291 892 2343 τιςο
932 2275 1064 2343 Πῶς
1091 2277 1422 2345 ἐγείρονται
1465 2289 1518 2328 ot
1552 2275 1788 2343 rexpol;
1829 2277 1892 2327 Ὢ

319 2368 420 2438 τῆς
447 2368 705 2432 ἀπιστίας
731 2370 744 2422 l
784 2369 830 2422 ὣ
857 2369 958 2438 τῆς
986 2369 1300 2440 ἀφροσύνης
1329 2368 1342 2420 ι
1380 2367 1440 2421 '0
1470 2367 1596 2438 χοῦν
1629 2369 1708 2430 είς
1736 2367 1895 2437 σῶμα

323 2458 582 2528 βουλήσει
632 2459 769 2530 μόνῃ
815 2459 1182 2530 μεταϐαλὼν,
1229 2461 1257 2512 6
1297 2459 1503 2529 μικρὰν
1559 2458 1748 2529 ρανίδα
1797 2456 1893 2510 τοῦ

325 2549 643 2620 σπέρματος
669 2552 728 2603 ὲν
759 2552 825 2620 τῇ
857 2550 1042 2621 μήτρᾳ
1083 2547 1270 2613 αὔξειν
1312 2546 1662 2617 προστάξας,
1705 2547 1800 2601 καὶ
1831 2548 1896 2600 τὸ

325 2643 604 2708 πολυειδὲς
649 2643 849 2710 τοῦτο,
902 2645 1000 2698 καὶ
1064 2642 1417 2714 πολύμορφον
1465 2641 1754 2696 ἀποτελεῖν
1800 2640 1892 2695 τοῦ

327 2731 577 2804 σώματος
603 2733 856 2804 ὄργανον,
887 2733 1007 2804 οὐχὶ
1035 2735 1235 2804 μᾶλλον
1258 2734 1319 2787 τὸ
1344 2733 1590 2802 γεγονὸς,
1619 2733 1714 2785 καὶ
1741 2732 1893 2802 διαρο

328 2824 476 2892 ῥυὲν,
513 2826 809 2895 ἀναστήσει
855 2826 1040 2890 πάλιν,
1077 2827 1236 2895 μόνον
1275 2825 1589 2895 βουληθείς;
1626 2824 1782 2889 Ποίῳ
1829 2823 1896 2878 δὲ

326 2915 553 2985 σώματι
583 2917 901 2985 ἕρχονται;
945 2918 1172 2985 Ἀςορον
1195 2959 1208 2982 ,
1270 2919 1319 2968 el
1359 2918 1471 2978 τοῖς
1507 2915 1603 2968 τοῦ
1637 2915 1773 2968 Θεοῦ
1806 2915 1894 2967 λό-

328 3022 448 3074 γοις
484 3005 764 3059 πιστεύειν
793 3007 826 3076 ἡ
856 3004 1112 3075 πώρωσις
1151 3006 1211 3058 οὐ
1253 3007 1570 3076 συγχωρεῖν
1595 3045 1610 3067 ,
1647 3004 1752 3058 κᾶν
1784 3007 1896 3068 τοῖς

328 3095 509 3166 ἔργοις
537 3097 780 3150 πίστευε.
813 3097 896 3151 Σὺ
920 3095 1028 3166 γὰρ
1061 3097 1093 3149 6
1115 3098 1385 3165 σπείρεις
1411 3099 1482 3150 οὐ
1513 3097 1891 3159 ζωοποιεῖται,

327 3187 437 3242 ἐὰν
463 3188 549 3257 μὴ
583 3187 857 3256 ἀποθάνῃ
876 3205 889 3218 ο
924 3188 1022 3241 καὶ
1046 3186 1078 3240 ὃ
1119 3188 1403 3254 σπείρεις,
1436 3187 1506 3240 οὐ
1531 3185 1598 3240 τὸ
1630 3185 1804 3254 σῶμα
1830 3187 1896 3240 τὸ

329 3281 740 3350 γενησόμενον
769 3281 1070 3348 σπείρεις,
1106 3279 1267 3333 ἀλλὰ
1297 3277 1528 3348 γυμνὸν
1553 3278 1810 3341 κόκκον,
1845 3279 1898 3331 εί

327 3376 518 3442 τύχοι,
563 3377 739 3429 σίτου
761 3416 776 3440 ,
813 3374 852 3443 ἤ
886 3391 1049 3440 τινος
1086 3373 1206 3427 τῶν
1245 3371 1494 3428 λοιπῶν.
1545 3371 1608 3425 '0
1643 3371 1712 3424 δὲ
1757 3372 1900 3438 Θεὸς

327 3465 489 3530 αὺτῷ
517 3464 725 3519 δίδωσι
757 3465 948 3536 σῶμα,
1000 3465 1192 3530 καθὼς
1222 3463 1510 3533 ἠθέλησε,
1545 3464 1642 3517 καὶ
1665 3463 1900 3528 ἑκάστῳ

329 3551 448 3604 τῶν
471 3552 826 3622 σπερμάτων
855 3553 921 3607 τὸ
952 3553 1107 3607 τὸιον
1133 3553 1326 3622 σῶμα.
1357 3552 1565 3605 Θὲασαι
1596 3552 1798 3616 τοίνυν,
1824 3552 1900 3615 ὡς

329 3644 388 3696 ἐν
439 3644 632 3712 τάφοις
687 3648 806 3709 ταῖς
842 3644 1036 3710 αὔλαξι
1091 3645 1160 3700 τὰ
1211 3646 1503 3716 σπέρματα
1549 3644 1900 3716 καταχωννύ-

332 3753 492 3806 μενα.
533 3737 630 3800 Τίς
676 3739 704 3790 6
749 3737 962 3801 τούτοις
1007 3738 1164 3809 ῥίζας
1197 3736 1452 3799 ἐντιθεὶς,
1495 3736 1775 3806 καλάμην,
1805 3737 1900 3790 καὶ

330 3828 526 3897 φύλλα,
553 3832 650 3882 καὶ
692 3831 953 3901 ἀστάχυς,
985 3831 1229 3892 καὶτοὺς
1269 3829 1635 3893 λεπτοτάτους
1682 3830 1900 3902 ἀνθέρι-

330 3939 431 3984 κας
459 3929 524 3986 1‘;
574 3923 687 3993 Οὐχ
725 3923 753 3975 6
800 3923 908 3976 τῶν
954 3922 1092 3975 ὅλων
1132 3922 1506 3992 Δημιουργός;
1541 3922 1602 3974 οὐ
1625 3931 1654 3970 γ
1688 3921 1784 3974 τοῦ
1830 3921 1898 3974 τὰ

329 4013 510 4068 πάντα
547 4015 958 4084 τεκτηναμένου
1005 4013 1066 4066 τὸ
1112 4014 1479 4083 πρόσταγμα;
1528 4011 1684 4066 Οὕτω
1718 4013 1898 4068 τοίνυν

330 4104 587 4168 πίστευε,
638 4108 735 4157 καὶ
787 4103 896 4156 τῶν
938 4103 1148 4173 νεκρῶν
1190 4103 1286 4173 τὴν
1329 4104 1628 4158 ἀνάστασιν
1678 4103 1897 4158 ἔσεσθαι

331 4193 451 4265 θείᾳ
484 4195 734 4266 βουλήσει
768 4196 867 4247 xui.
900 4194 1150 4264 νεύματι.
1198 4193 1506 4265 Σύνδρομον
1533 4193 1642 4265 γὰρ
1684 4195 1798 4265 ἔχει
1827 4197 1893 4265 τῇ

331 4284 585 4355 βουλήσει
615 4286 714 4354 τὴν
735 4284 984 4354 δύναμιν.

399 4395 489 4447 ’³1
523 4395 649 4449 Cor.
681 4411 772 4459 xv,
807 4396 892 4449 55.
967 4395 1014 4426 ’⁸
1053 4394 1184 4450 ibid.
1213 4395 1402 4450 42-64.
1477 4397 1522 4428 ”
1551 4395 1717 4450 Marc.
1775 4400 1893 4461 xu,‘

2057 4397 2101 4426 ³⁸
2127 4394 2343 4463 Philipp

330 4467 524 4521 haeres.
557 4465 609 4532 6,
635 4467 688 4521 4.
766 4466 858 4520 ³⁸1
895 4464 1022 4520 Cor.
1053 4481 1142 4529 xv,
1185 4467 1274 4522 55,
1351 4467 1395 4498 ⁸³
1449 4465 1641 4536 Epiph.
1683 4468 1875 4520 Ancor.
1919 4482 1975 4519 ιι.
2011 4466 2102 4521 93.

1991 1830 2082 1900 qui
2125 1829 2437 1899 reformabit
2469 1847 2656 1900 corpus
2702 1832 3020 1887 humilitatis
3072 1845 3286 1900 nostrte,
3334 1844 3393 1889 ut
3441 1851 3566 1889 con-

1994 1921 2161 1988 forme
2185 1921 2283 1988 ﬁat
2327 1922 2537 1990 corpori
2577 1923 2843 1978 claritatis
2870 1939 2982 1978 sua:
3018 1926 3083 1978 ³⁸.
3119 1925 3240 1992 Quo
3277 1926 3418 1990 loco,
3455 1941 3563 1981 non

1993 2015 2350 2068 mutationem
2380 2013 2434 2067 in
2467 2013 2693 2068 alteram
2723 2013 2952 2068 formam
2978 2015 3235 2086 intelligit
3255 2016 3564 2086 (absithoc)

1994 2116 2181 2157 verum
2232 2103 2667 2159 immutationem
2724 2105 2909 2174 potius
2938 2121 3004 2160 ex
3036 2109 3350 2177 corruptela
3381 2109 3449 2162 ad
3482 2109 3566 2163 in-

1996 2192 2368 2262 corruptionis
2405 2199 2611 2247 statum
2639 2194 2706 2246 ’⁷.

2064 2281 2250 2336 Simile
2274 2281 2338 2336 ab
2363 2282 2582 2336 humani
2609 2285 2845 2352 corporis
2880 2283 3244 2348 productione.
3270 2316 3340 2326 —
3361 2285 3432 2339 At
3478 2287 3564 2339 di-

1994 2381 2071 2427 cet
2095 2372 2288 2442 aliquis
2318 2386 2338 2424 :
2366 2372 2639 2438 Quomodo
2671 2375 2866 2428 mortui
2891 2385 3158 2445 resurgent
3187 2375 3275 2429 ‘3?
3312 2375 3452 2431 Proh
3482 2378 3566 2430 in-

1995 2463 2410 2520 credulitatem!
2459 2465 2602 2518 Proh
2641 2465 3012 2520 dementiam!
3046 2465 3150 2531 Qui
3178 2467 3458 2536 pulverem
3509 2469 3566 2522 in

1995 2570 2199 2626 corpus
2239 2556 2355 2611 sola
2401 2556 2680 2611 voluntate
2715 2557 2947 2610 mutavit
2981 2576 2993 2611 :
3031 2557 3124 2626 qui
3165 2557 3418 2628 exiguam
3453 2573 3568 2612 ma-

1996 2647 2148 2702 teriae
2178 2652 2384 2716 guttam
2438 2646 2492 2700 in
2541 2656 2702 2702 utero
2745 2647 3088 2718 ampliﬁcari,
3138 2649 3464 2717 variumque
3505 2663 3568 2700 ac

1997 2737 2280 2808 multiplex
2310 2737 2559 2807 corporis
2606 2752 2870 2808 organum
2903 2737 3115 2793 cﬂicere
3139 2737 3306 2808 jussit
3331 2777 3345 2803 ,
3386 2755 3567 2792 annon

1997 2831 2172 2886 multo
2193 2830 2366 2900 magis
2392 2829 2445 2883 id
2480 2830 2622 2898 quod
2658 2830 2760 2884 luit
2785 2845 2848 2883 ac
2879 2829 3128 2896 deﬂuxit,
3158 2846 3281 2885 cum
3306 2831 3566 2894 voluerit,

1998 2937 2221 2978 rursum
2255 2921 2517 2976 excitabit
2554 2921 2640 2973 '9?
2690 2922 2910 2986 Qualive
2950 2939 3167 2992 corpore
3199 2925 3397 2978 uenient
3423 2925 3446 2977 ?
3475 2922 3570 2976 In-

1922 3039 1965 3096 c
2000 3012 2214 3079 sipiens,
2266 3011 2314 3066 si
2345 3025 2408 3066 ea
2443 3019 2528 3067 est
2571 3010 2863 3066 obduratio
2895 3019 3012 3076 tua,
3065 3021 3121 3066 ut
3164 3021 3218 3068 te
3247 3011 3340 3068 Dei
3387 3013 3570 3069 verbis

2001 3102 2158 3156 ﬁdem
2212 3099 2469 3156 adhibere
2521 3115 2630 3156 non
2683 3101 2848 3166 sinat,
2890 3103 3151 3172 operibus
3208 3104 3398 3158 saltem
3449 3106 3570 3174 ejus

2000 3190 2162 3244 crede
2193 3208 2205 3244 :
2247 3188 2390 3243 Nam
2419 3197 2475 3243 tu
2507 3190 2644 3260 quod
2686 3192 2938 3253 seminus,
2971 3208 3075 3245 non
3122 3193 3438 3260 viviﬁcatur,
3468 3194 3572 3246 nisi

1998 3282 2146 3346 prius
2168 3281 2446 3334 moriatur.
2471 3278 2534 3334 Et
2555 3279 2691 3350 quod
2709 3281 2958 3342 seminus,
2981 3296 3084 3332 non
3108 3295 3316 3347 corpus,
3331 3281 3468 3348 quod
3483 3282 3573 3350 [un

2002 3379 2176 3424 turum
2205 3380 2300 3438 est,
2326 3373 2570 3437 seminus,
2586 3369 2748 3441 3M
2765 3369 2854 3423 sed
2876 3369 3074 3422 nudum
3095 3385 3338 3439 granum,
3367 3378 3422 3423 ut
3445 3381 3573 3438 puta

2002 3463 2186 3526 tritici,
2215 3472 2307 3515 aut
2332 3462 2563 3530 alicujus
2590 3471 2922 3516 ceterorum.
2966 3460 3106 3515 Deus
3153 3469 3328 3515 autem
3363 3462 3457 3514 dat
3488 3463 3574 3516 illi

2001 3571 2210 3624 corpus,
2246 3558 2382 3610 sicut
2423 3555 2534 3609 vult
2561 3570 2581 3618 ;
2611 3565 2660 3608 et
2693 3554 2971 3622 unicuique
3016 3555 3274 3608 seminum
3300 3556 3573 3623 proprium

2001 3664 2188 3717 corpus
2225 3647 2290 3701 ³⁰.
2321 3645 2710 3716 Contemplare
2761 3644 2949 3714 itaque
2999 3645 3212 3700 semina
3267 3645 3322 3698 in
3374 3645 3570 3707 sulcis,

2001 3753 2112 3793 non
2146 3752 2309 3794 secus
2358 3737 2617 3807 atquein
2667 3736 2957 3806 sepulcris,
3015 3733 3255 3790 defossa.
3307 3735 3573 3801 Quisnam

2002 3827 2168 3896 igitur
2196 3825 2436 3889 radices,
2480 3833 2534 3880 et
2575 3825 2871 3891 calamum,
2902 3833 2957 3879 et
3004 3824 3155 3888 folia,
3185 3835 3239 3880 et
3270 3826 3486 3896 spicas,
3522 3834 3577 3878 et

2001 3917 2389 3974 subtilissimas
2428 3915 2627 3971 aristas
2669 3915 2901 3971 inserit?
2932 3917 3127 3970 Annon
3163 3915 3254 3969 ille
3283 3915 3572 3969 universo-

1999 4025 2121 4064 rum
2150 4006 2368 4079 opilex?
2420 4009 2616 4063 Annon
2647 4007 2768 4078 ejus
2809 4007 2902 4077 qui
2933 4007 3115 4061 omnia
3150 4006 3456 4061 fabricatus
3490 4015 3576 4060 est

1994 4099 2195 4169 jussio?
2209 4097 2287 4152 Ad
2304 4099 2448 4152 hunc
2466 4097 2649 4168 itaque
2662 4096 2903 4160 modum,
2921 4097 3085 4152 etiam
3107 4095 3199 4151 Dei
3222 4096 3498 4149 voluntate
3511 4111 3575 4149 ac

1999 4200 2154 4255 nutu,
2189 4199 2528 4245 mortuorum
2559 4189 3022 4246 resurrectionem
3055 4185 3171 4241 lore
3191 4186 3420 4240 credito.
3447 4184 3573 4239 Ete-

1998 4282 2108 4336 nim
2123 4281 2361 4351 potentia
2376 4280 2547 4350 ipsius
2563 4279 2894 4336 voluntatem
2909 4291 3064 4347 aequo
3079 4276 3248 4345 gradu
3262 4277 3571 4330 comitatur.

2349 4435 2364 4448 .
2403 4410 2480 4457 ιιι,
2509 4394 2598 4457 20,
2640 4394 2728 4446 21.
2805 4393 2848 4424 ⁸⁷
2873 4391 3032 4460 Nyss.
3075 4390 3267 4456 eitat.;
3299 4391 3568 4462 Epiphan.

2178 4465 2222 4496 "
2280 4462 2458 4516 I’COr.
2487 4481 2572 4526 xv,
2609 4462 2795 4516 55-58.

1624 4581 1858 4638 VARl/E
1899 4579 2298 4638 LECTIONES.

400 4689 427 4717 ιι
463 4678 616 4734 Edita
637 4677 956 4738 ἀκοπίατον,
989 4684 1042 4729 et
1075 4675 1235 4744 paulo
1275 4683 1418 4743 post,
1449 4675 1545 4728 ἐπὶ
1575 4675 1807 4737 πόσεως.

329 4749 480 4822 Regii
511 4752 544 4806 4
575 4747 949 4818 ἀνθερίσκους.
1023 4753 1051 4792 1
1082 4746 1252 4800 Abest
1287 4746 1370 4809 οὑ,
1424 4746 1478 4800 in
1524 4745 1707 4800 editis.

1886 4683 1910 4710 ν
1949 4677 2091 4731 Edit.
2121 4675 2182 4726 οὐ
2231 4671 2510 4725 πιστεύειν
2534 4675 2568 4742 ἡ
2607 4671 2864 4740 πώρωσις
2901 4673 3190 4742 συγχωρεῖ.
3268 4675 3293 4704 ³
3324 4668 3480 4728 Colb.
3521 4679 3576 4726 ct

1821 4899 2052 4956 ΝΟΤᾸΕ.

401 5004 511 5074 (ιι)
531 5004 862 5084 rerum?
893 4995 1744 5084 “almil'i‘llqu‘F‘V:te?!“
1778 5013 1888 5084 εοῖς
1922 5000 1965 5056 ο
1991 4989 3399 5084 7:135rasis}?!_ffiaemrﬁejesrvitutem
3428 4997 3574 5084 3"?-

328 5066 426 5143 ραι
466 5066 755 5142 spirituale.
788 5066 1145 5143 Resurrcctio
1187 5067 1405 5143 Domini
1434 5066 1746 5143 exemplum
1787 5066 1890 5122 fuit

330 5135 563 5207 nostris;
596 5149 676 5208 ut,
709 5140 1166 5212 quemadmodum
1195 5135 1891 5212 janttis_clausis_ctenacu-

331 5214 442 5267 lum
475 5205 898 5280 estringréssus,
949 5224 1117 5280 seque
1156 5205 1516 5280 nihilominus
1559 5205 1890 5277 palpandum

330 5279 614 5350 discipulis
634 5276 906 5350 praebuit,
939 5276 1087 5341 hinc.
1128 5287 1187 5333 ut
1215 5283 1441 5334 censent
1483 5276 1698 5340 Patres,
1748 5291 1890 5331 novo

330 5349 599 5406 miraCulo
627 5349 869 5402 futurum
911 5353 1012 5414 sit,
1056 5357 1115 5402 ut
1163 5351 1447 5417 beatorum
1481 5362 1713 5417 corpora
1764 5361 1890 5400 cum

331 5421 585 5476 manibus
611 5419 838 5471 tractari
869 5431 1086 5487 queant,
1115 5427 1228 5474 tum
1266 5416 1570 5487 subtilitate
1584 5416 1888 5480 donentur,

329 5506 439 5562 qua
473 5485 903 5562 solidacorpora
943 5497 1247 5562 penetrem.
1269 5558 1278 5562 Α
1304 5485 1473 5562 Veluti
1497 5487 1768 5562 D_om_inus_
1796 5503 1892 5540 uo-

331 5557 440 5616 s'ter
467 5575 571 5614 non
605 5557 755 5611 aliud
780 5571 1011 5628 corpus
1033 5558 1301 5612 suscitavit
1324 5598 1340 5628 ,
1394 5559 1573 5628 inquit
1612 5557 1889 5628 Epiphan.

330 5631 527 5687 ἣξει-(ιε.
556 5628 648 5692 64,
683 5643 739 5681 ιι.
768 5627 858 5691 62,
884 5626 972 5680 sed
996 5626 1165 5694 ipsum
1203 5627 1340 5696 quod
1383 5626 1518 5693 erat,
1556 5630 1636 5692 εἰς
1663 5626 1888 5681 meme.

645 5721 912 5782 PATROL.
948 5720 1059 5780 Gn.
1083 5720 1282 5780 XCIV.

1997 5063 2255 5119 tilitatem
2287 5063 2694 5116 transmutando
2721 5102 2736 5126 ,
2788 5073 2838 5117 et
2858 5063 2863 5064 “
2886 5063 3173 5133 spirituale
3205 5075 3374 5119 totum
3414 5082 3573 5129 capu-

1999 5134 2183 5206 lando,
2218 5136 2487 5206 ingressus
2510 5141 2612 5206 _est
2639 5148 2730 5201 per
2768 5134 2908 5206 fores
2931 5135 3179 5198 clausas;
3199 5136 3348 5206 quod
3365 5135 3574 5204 quidem

1996 5205 2081 5260 hic
2111 5206 2229 5272 ﬁeri
2277 5202 2455 5273 nequit
2502 5202 2556 5255 in
2599 5202 2906 5274 corporibus
2937 5214 3151 5274 propter
3178 5202 3478 5258 crassitiem
3523 5212 3573 5256 et

1996 5276 2209 5340 molem,
2257 5283 2308 5328 et
2337 5272 2462 5343 quia
2491 5272 2722 5328 nondum
2763 5275 2818 5328 in
2861 5272 3195 5342 spiritualem
3217 5274 3571 5343 “coaluerunt.

1997 5344 2217 5401 Videsis
2265 5346 2320 5398 in
2348 5341 2548 5396 'Ancor.
2583 5359 2635 5400 n.
2709 5346 2796 5399 95.
2828 5341 2899 5397 At
2937 5355 3165 5399 sanctus
3196 5341 3434 5395 Thomas
3457 5382 3472 5407 ,
3519 5343 3574 5396 in

1999 5415 2282 5486 Supplem.
2304 5422 2498 5486 quaest.
2545 5413 2634 5486 _83,
2663 5423 2769 5468 art.
2801 5413 2854 5480 6,
2873 5415 3055 5486 docet,
3078 5421 3354 5480 utcorpus
3369 5411 3576 5486 glorio—

1999 5481 2144 5551 sum,
2174 5481 2378 5554 corpus
2412 5483 2560 5538 aliud
2591 5489 2870 5554 pervadat,
2898 5484 3068 5554 altero
3093 5497 3234 5554 opus
3250 5494 3391 5554 esse
3410 5481 3578 5554 mira-

1999 5548 2148 5620 culo,
2186 5548 2334 5624 quod
2389 5563 2568 5609 tamen
2592 5548 2670 5608 'ad
2720 5559 2912 5607 nutum
2963 5548 3202 5606 hominis
3250 5548 3396 5606 beati
3431 5549 3577 5605 Deus

2001 5627 2074 5682 sit
2103 5638 2499 5681 concessurus.
