4074 6146
441 205 567 309 1231
1620 246 1680 304 s.
1720 240 2036 306 JOA'NNIS
2072 244 2501 306 DAMASCENI
3546 238 3690 307 1232'

439 355 1360 440 edisserit_Damascenus.“Quo
1390 371 1550 440 _vero
1579 362 1834 440 auctore
1855 357 2148 440 synopsis
2185 356 2288 418 illa
2327 353 2651 440 prodierit,
2698 367 2955 440 prorsus
2982 350 3318 440 obscurum
3359 353 3683 440 estatina-

439 434 871 514 eulisidudum
890 434 956 494 in
984 449 1160 514 more
1201 432 1319 514 fuit
1348 434 1652 514 ejusmodi
1683 428 2057 514 compendia
2085 428 2475 514 texerefnon
2497 432 2633 514 sine
2681 428 2849 514 gravi
2876 428 3174 514 Ecclesiae
3204 436 3269 514 et
3284 430 3392 514 rei
3441 429 3680 514 littera-

440 516 551 576 ria)
592 512 942 595 dispendio.
978 511 1286 595 O_rationis
1329 506 1524 572 tertiae
1545 506 1850 575 nonnulla
1903 513 2050 574 folia
2095 506 2316 595 reperi
2345 513 2412 572 in
2441 508 2796 595 Colber_ti_n_o
2855 506 3069 595 codice
3097 523 3161 566 n.
3206 506 3379 581 1539,
3425 510 3682 595 optimae

441 585 714 670 Βοιαὶ,εὴ
741 591 846 669 qui
868 589 1407 670 septingentorum
1439 607 1745 670 annorum
1770 597 2014 670 aetatem
2051 585 2303 670 praefert
2332 608 2346 663 ;
2383 595 2568 670 atque
2604 587 2681 648 ad
2703 585 3249 670 illum-orationem
3283 585 3565 648 eamdem
3587 605 3686 670 re-

330 689 346 701 >·
441 669 676 731 censui.
717 662 1018 729 Caeterum
1048 662 1175 728 tres
1199 667 1283 728 illi
1316 673 1607 730 tractatus
1641 669 1705 730 in
1740 669 2014 731 editione
2040 662 2497 731 Romanasati's
2528 665 2799 729 accurati
2841 672 3008 738 sunt,
3064 662 3408 743 paucisque
3442 667 3684 727 mendis

592 753 748 806 rant.

592 766 620 806 ι’
706 753 748 806 t.

442 748 794 886 lallgtigam
829 823 1291 886 translationem
1337 824 1604 902 primum
1665 823 1989 886 adornavit
2065 823 2442 886 Godefridus
2469 823 2864 902 Tilmannus,
2921 817 3266 902 Carthusiee
3317 820 3683 902 Parisiensis

440 901 808 975 monachus,
839 920 908 962 ac
931 901 1177 981 Parisiis
1205 896 1397 963 edidit
1424 903 1516 963 in-
1540 902 1596 976 4,
1627 919 1794 963 anno
1827 903 1993 967 1555,
2018 920 2158 981 qua)
2196 919 2443 964 rursum
2474 899 2836 981 Antuerpiaa
2873 897 3105 981 prodiit
3148 913 3313 981 anno
3369 896 3542 967 1556,
3572 900 3678 960 in-

447 981 927 1060 16.Versionem
965 980 1147 1041 aliam
1167 981 1366 1060 paulo
1396 987 1537 1060 post
1567 975 1906 1042 elaboravit
1944 975 2162 1042 Petrus
2192 981 2556 1060 Franciseus
2612 975 2840 1060 Zinus,_
2877 975 3258 1060 Veronensis
3315 980 3678 1060 canonicos.

439 1060 736 1142 Acprior
759 1058 1010 1142 quidem
1047 1054 1425 1142 proliaitate',
1458 1061 1586 1121 imo
1630 1067 1690 1120 et
1739 1061 2112 1142 assumentis
2139 1058 2693 1142 additionibusque
2737 1054 3046 1142 redundat
3060 1070 3088 1142 λε
3119 1054 3682 1142 posteriormmultis

439 1137 506 1198 in
545 1131 698 1216 locis
724 1131 1021 1199 brevitate
1047 1131 1284 1216 deﬁcit.
1319 1139 1368 1197 Α
1397 1131 1559 1198 nova
1595 1144 1805 1198 tamen
1833 1138 2119 1200 cudenda
2148 1131 2684 1216 supersedendum
2726 1133 2842 1194 sibi
2897 1131 3078 1216 duxit
3112 1131 3385 1216 Jaepbus
3438 1133 3677 1216 Billius.

441 1231 526 1305 ae
555 1215 687 1276 Zini
724 1215 1305 1305 interpretationem
1345 1232 1472 1293 pra}
1515 1216 1634 1305 alia
1697 1217 2022 1305 probavit;
2060 1209 2298 1305 ‘paucis
2341 1210 3005 1305 duntaxarexnceptis,‘
3033 1209 3680 1305 quaehinannotatio-

410 1293 628 1377 minus
670 1293 799 1355 suis
838 1287 1208 1377 emendavit.
1241 1297 1313 1353 At
1347 1287 1888 1377 quandoquidem,
1919 1300 1986 1355 ut
2007 1287 2451 1377 alibimonuit
2496 1287 2927 1377 Combeﬁqsius,
2970 1288 3119 1349 dum
3170 1287 3386 1376 Billius
3436 1289 3682 1352 minora

443 1371 790 1462 castigaret,
821 1372 1099 1462 graviora
1133 1371 1548 1462 praetermisit,
1579 1371 1660 1434 ei
1687 1384 1950 1462 utraque
1985 1372 2416 1462 translatione
2476 1385 2722 1462 novam‘
2761 1371 3003 1428 tertiam
3060 1371 3442 1428 concinnare
3469 1383 3678 1446 operai

445 1445 716 1526 pretium
743 1445 913 1513 duii:
956 1464 1094 1513 non
1115 1445 1486 1530 posthabitis
1513 1459 1723 1513 tamen
1747 1445 2092 1513 doctissimi
2135 1450 2251 1512 viri
2281 1445 2849 1512 emendationibus.

1874 1735 2012 1789 ΤΟΥ
2049 1734 2254 1788 ΑΓΙΟΥ

945 1901 1624 2020 ΙΩΑΝΝΟΥ
1733 1899 2032 2017 ΤΟΥ
2104 1899 3170 2064 ΔΑΜΑΣΚΗΝΟΥ

1135 2119 1499 2207 ΛΟΓΟΣ
1589 2118 2030 2206 ΠΡΩΤΟΣ
2102 2116 2984 2207 ΑΠΟΛΟΓΗΤΙΚΟΣ

1163 2300 1355 2356 ΠΡΟΣ
1382 2303 1467 2356 το
1480 2301 1568 2356 ΥΣ
1603 2301 2159 2358 ΔΙΑΒΑΛΛΟΝΤΑΣ
2192 2301 2327 2357 ΤΑΣ
2355 2299 2573 2356 ΑΓΙΑΣ
2595 2301 2940 2358 ΕΙΚΟΝΑΣ.

2021 2479 2094 2498 .-

1247 2630 1367 2745 S.
1405 2631 2004 2747 JOANNlS
2054 2631 2873 2748 DAMASCENI

1085 2861 1540 2956 ORATIO
1689 2861 2516 2956 APOLOGETICA
2661 2867 3028 2962 PRIOR

1109 3059 1506 3124 ADVERSUS
1542 3055 1858 3131 EOS'QUI
1895 3059 2176 3123 SACRAS
2206 3062 2578 3127 IMAGINES
2593 3065 3015 3128 ABJICIUNT.

514 3369 567 3425 1.
590 3365 700 3424 Nos
729 3364 947 3436 quidem
967 3363 1215 3431 decebat,
1242 3364 1586 3436 indignitatis
1609 3364 1840 3436 propriae
1867 3378 2002 3419 con-
2037 3370 2076 3425 Α

2173 3371 2244 3418 α’.
2289 3363 2488 3435 Ἐχρῆν
2522 3365 2619 3434 μὲν
2657 3365 2803 3435 ἡμᾶς
2832 3365 2922 3418 ἀεὶ
2947 3365 3047 3434 τῆς
3077 3363 3281 3419 ἑαυτῶν
3315 3367 3685 3424 συναισθανο-

444 3460 611 3524 scios,
641 3465 905 3512 aeternum
947 3466 1160 3521 tacere,
1195 3454 1414 3525 Deoque
1443 3456 1628 3526 potius
1659 3463 1882 3526 peccata
1909 3471 2008 3510 no-

2111 3457 2307 3524 μὲνους
2353 3456 2724 3526 ἀναξιότητος,
2756 3456 2912 3526 σιγὴν
2955 3458 3127 3526 ἄγειν,
3158 3458 3251 3511 καὶ¹
3279 3458 3398 3529 Θεῷ
3428 3460 3530 3531 τὴν
3575 3463 3686 3516 τῶν

444 3559 558 3606 stra
597 3547 842 3604 conﬁteri
876 3568 890 3604 :
922 3562 1134 3612 verum,
1186 3548 1630 3619 quandoquidem
1663 3550 1846 3604 omnia
1882 3564 2006 3617 quae

2107 3548 2509 3618 ἡμαρτημένων
2559 3548 2691 3618 ἡμῖν
2738 3547 3041 3618 προσάγειν
3087 3549 3505 3621 ἐξομολόγησιν·
3554 3553 3682 3606 ἀλλ’

442 3649 753 3711 opportuno
817 3647 1065 3710 tempore
1129 3647 1419 3710 geruntur,
1489 3638 1786 3694 laudabilia
1839 3647 2004 3706 sunt;

2106 3635 2291 3705 ἐπειδὴ
2316 3637 2492 3690 πάντα
2521 3636 2662 3688 καλὰ
2691 3636 2750 3689 ἐν
2775 3638 2953 3708 καιρῷ
2974 3640 3176 3705 αὐτῶν,
3207 3639 3318 3710 όρῶ
3341 3641 3396 3694 δὲ
3424 3644 3522 3712 τὴν
3549 3643 3671 3696 Ἐκ-

441 3729 743 3786 Ecclesiam
769 3737 972 3794 autem,
1021 3743 1185 3799 quam
1229 3744 1405 3800 super
1426 3729 1842 3785 fundamentum
1871 3745 2004 3799 apo-

2105 3727 2353 3796 κλησίαν,
2393 3727 2459 3798 ἦν
2490 3728 2517 3780 ό
2542 3724 2675 3790 Θεὸς
2703 3726 3055 3799 ᾠκοδόμησεν
3085 3732 3179 3784 ἐπὶ
3205 3732 3284 3802 τῷ
3313 3732 3542 3803 θεμελίῳ
3565 3733 3670 3786 τῶν

443 3823 712 3879 stolorum
763 3830 816 3876 et
851 3821 1266 3892 prophetarum,
1320 3822 1443 3890 ipso
1493 3837 1708 3876 summo
1753 3820 2006 3891 angulari

2107 3817 2420 3870 ἀποστόλων
2449 3819 2542 3870 καὶ
2568 3819 2884 3890 προφητῶν,
2912 3820 3067 3885 ὄντος
3116 3822 3503 3892 ἀκρογωνιαίου
3535 3825 3659 3892 Χρι-

441 3912 625 3984 lapide
670 3910 890 3967 Christo
943 3909 1084 3965 Filio
1134 3925 1234 3966 suo
1269 3913 1310 3975 ¹,
1366 3910 1512 3967 Deus
1544 3911 1851 3974 aediﬁcavit,
1883 3919 2005 3964 tan-

2108 3910 2232 3962 στοῦ
2275 3907 2370 3961 τοῦ
2401 3909 2532 3962 Υἱοῦ
2580 3910 2767 3976 αὐτοῦ,
2817 3910 3152 3982 βαλλομένην
3186 3912 3364 3983 ὥσπερ
3397 3912 3650 3981 Θαλαττιῳ

440 4019 601 4074 quam
634 4004 688 4058 in
729 4003 897 4058 maris
926 4002 1181 4072 procella,
1219 4003 1476 4057 ﬂuctibus
1523 4003 1644 4056 aliis
1677 4018 1842 4071 super
1869 4003 2005 4059 alios

2105 3999 2371 4066 κλύδωνι,
2408 4000 2649 4072 κύμασιν
2702 4002 3129 4074 ἁλλεπαλλήλοις
3175 4002 3570 4076 κορυφουμὲνῳ,
3599 4002 3656 4069 ἐξ

437 4095 854 4167 assurgentibus
887 4094 1305 4155 intumescente,
1341 4093 1409 4146 ab
1452 4093 1695 4147 irruente
1727 4093 2004 4163 improbo-

2104 4093 2516 4164 ὲπαχθεστάτης
2550 4095 2722 4165 φορᾶς
2771 4095 2876 4148 τῶν
2917 4095 3170 4166 πονηρῶν
3211 4095 3529 4164 πνευμάτων
3570 4111 3663 4146 κυ-

438 4189 898 4258 rumspirituum
949 4183 1150 4255 impetu
1207 4183 1390 4238 valido
1444 4183 1662 4237 misceri
1695 4183 2004 4254 jactarique

2105 4185 2359 4256 κωμένην
2388 4203 2447 4238 τε
2478 4187 2573 4240 καὶ
2601 4187 3033 4256 ταραττομένην,
3068 4188 3162 4240 καὶ
3197 4188 3286 4240 τὸν
3316 4187 3517 4258 χιτῶνα
3543 4187 3666 4257 Χρισ

438 4279 687 4341 videam;
725 4283 1038 4332 contextam
1095 4274 1331 4344 desuper
1378 4272 1586 4328 Christi
1638 4274 1878 4327 tunicam
1921 4273 2005 4327 di-

2106 4273 2232 4327 στοῦ
2272 4275 2362 4328 τὸν
2391 4275 2595 4330 ἄνωθεν
2628 4277 2881 4345 ὑφαντὸν,
2921 4277 3321 4347 διαιρούμενον,
3361 4279 3422 4330 ὃν
3464 4277 3676 4330 ἀσεϐῶν

435 4369 567 4434 vidi,
600 4384 764 4438 quam
795 4383 890 4438 per
919 4381 1189 4421 summam
1218 4364 1502 4419 audaciam
1542 4364 1795 4418 scindere
1822 4365 2001 4418 conati

2102 4363 2295 4416 διελεῖν
2331 4364 2690 4434 ηὑοαδίσαντο
2735 4368 2943 4434 παῖδες,
2985 4370 3077 4422 καὶ¹
3106 4369 3166 4422 τὸ
3209 4369 3368 4438 σῶμα
3399 4369 3565 4423 αὑτοῦ
3598 4371 3679 4432 εἰς

437 4466 565 4513 sunt
623 4458 810 4528 impii;
865 4458 1041 4528 ipsius
1098 4457 1316 4512 demum
1377 4471 1601 4525 corpus,
1635 4455 1780 4525 quod
1815 4471 2002 4510 sermo

2102 4455 2392 4527 διαφόρους
2419 4460 2730 4528 κατατομὰς
2761 4460 3111 4530 τεμνόμενον,
3134 4462 3162 4514 ὅ
3192 4463 3339 4516 ἐστιν
3358 4464 3387 4515 ὁ
3417 4463 3511 4515 τοῦ
3541 4461 3679 4515 Θεοῦ

439 4548 529 4602 hei
560 4555 666 4613 est,
697 4554 751 4598 et
796 4547 1105 4616 antiquitus
1156 4553 1413 4614 suscepta
1470 4543 1797 4612 ﬁrmataque
1828 4544 2003 4597 tradi-

2101 4545 2282 4616 λόγος,
2322 4548 2414 4601 καὶ
2457 4551 2488 4618 ὴ
2540 4549 2637 4619 τῆς
2671 4550 2999 4620 Ἐκκλησίας
3044 4552 3250 4606 ἄνωθεν
3297 4556 3680 4621 κεκρατηκυῖα

436 4639 534 4703 tio,
593 4637 645 4690 in
697 4637 878 4690 varias
927 4635 1159 4691 distrahi
1205 4636 1511 4698 sectiones;
1559 4633 1851 4689 tacendum
1889 4649 2045 4713 non.

2103 4638 2422 4708 παράδοσις,
2451 4641 2549 4693 οὐκ
2571 4639 2790 4709 εὔλογον
2818 4643 3116 4713 ἡγησάμην
3150 4645 3330 4713 σιγᾷν,
3363 4645 3456 4697 καὶ
3478 4645 3683 4713 δεσμὸν

319 4758 342 4769 ς
435 4726 649 4786 censui,
683 4740 780 4778 nec
811 4725 1050 4793 linguam
1093 4725 1300 4779 silentii
1340 4726 1561 4778 vinculo
1593 4723 1928 4779 coercendan

2102 4699 2479 4804 ἐπιθεῖναι-τῇ
2526 4699 2784 4805 γλώσση,
2977 4699 3354 4806 ὴιπειλημένην
3405 4699 3686 4804 ἀπόφασιν

435 4815 584 4869 illam
613 4814 872 4867 nimirum
915 4812 1005 4867 Dei
1041 4815 1366 4868 sententiam
1404 4817 1631 4875 veritus,
1664 4815 1736 4867 ita
1773 4815 2003 4869 commi-

2102 4821 2470 4892 ὑφορώμενος,
2496 4825 2595 4896 τὴν
2634 4825 2951 4894 φάσκουσαν
2971 4843 2985 4857 ο
3028 4844 3046 4876 ι
3072 4827 3196 4880 Ἐὰν
3232 4826 3549 4897 ὑποστείλῃ,
3578 4826 3689 4880 οὐκ

434 4905 653 4960 nantis:
677 4921 695 4955 ι
721 4902 778 4958 Si
804 4917 855 4958 te
870 4903 1226 4967 subtraxeris,
1244 4918 1350 4958 non
1374 4904 1538 4974 308
1557 4906 2002 4975 placebitanima:

2101 4914 2313 4967 εὐδοκεῖ
2342 4915 2399 4967 ὲν
2445 4915 2530 4967 σοὶ
2575 4918 2608 4984 ή
2643 4916 2790 4986 ψυχή
2832 4935 2955 4986 μου.
2987 4936 3005 4967 ι
3051 4917 3161 4970 Καί
3182 4935 3196 4948 ·
3232 4937 3250 4969 ι
3275 4917 3400 4970 Ἐὰν
3429 4918 3546 4988 ἴδῃς
3579 4918 3691 4988 τὴν

433 5012 568 5052 mem
592 4998 637 5049 ³.
671 4993 690 5047 ι
724 4993 788 5047 Et
817 5013 829 5049 :
871 5012 888 5045 ι
921 4993 978 5047 Si
1009 4995 1212 5050 videris
1261 4995 1501 5065 gladium
1537 4998 1864 5060 venientem.
1903 5014 2005 5054 nec

2105 5004 2382 5075 ῥομφαίαν
2420 5006 2742 5076 ἐρχομένην,
2768 5007 2862 5060 καὶ
2891 5006 2966 5078 μὴ
2994 5008 3326 5078 ἁναγγείλῃς
3355 5007 3432 5076 τῷ
3459 5007 3694 5082 ἀδελφῷ

431 5089 591 5144 fratri
617 5096 713 5142 tuo
750 5086 1182 5152 denuntiaveris,
1217 5088 1541 5158 sanguinem
1584 5089 1704 5157 ejus
1731 5092 1798 5144 de
1832 5106 1996 5145 manu

2105 5112 2218 5158 σου,
2251 5095 2315 5146 ὲκ
2350 5094 2442 5147 σοῦ
2465 5093 2752 5166 ὲκζητήσω
2773 5095 2834 5148 τὸ
2863 5093 3001 5165 αἷμα
3027 5096 3214 5150 αὑτοῦ.
3247 5115 3265 5146 ι
3309 5095 3466 5165 Φόϐῳ
3495 5096 3695 5149 τοίνυν

431 5190 523 5236 tua
580 5179 861 5252 requiram
893 5178 934 5233 ⁸.
1006 5196 1026 5228 ι
1091 5176 1206 5231 Hoc
1262 5178 1428 5249 igitur
1491 5181 1641 5250 gravi
1708 5182 1999 5250 perculsus

2106 5186 2368 5256 ἀφορήτῳ
2420 5185 2778 5256 βαλλόμενος,
2827 5187 2918 5239 ἐπὶ
2969 5187 3030 5238 τὸ
3085 5186 3268 5255 λέγειν
3313 5187 3570 5258 ἐλήλυθα,
3623 5191 3694 5243 οὐ

429 5280 600 5343 metu,
629 5271 696 5325 ad
728 5267 1021 5325 dicendum
1049 5267 1255 5336 appuli,
1309 5281 1411 5322 nec
1464 5268 1682 5322 veritati
1736 5269 1998 5336 majesta-

2109 5276 2373 5346 βασιλέων
2424 5278 2554 5348 ὕψος
2603 5279 2708 5350 πρὸ
2732 5282 2830 5349 τῆς
2860 5279 3117 5350 ἀληθείας
3146 5281 3340 5344 τιθείς’
3380 5301 3399 5333 ι
3423 5281 3697 5338 ’ῐοίλάλουν

427 5373 537 5420 tem
575 5362 926 5436 imperatoris
957 5359 1273 5431 anteposui.
1307 5359 1398 5413 Ait
1427 5359 1634 5430 quippe
1665 5357 1756 5414 Dei
1791 5373 1998 5428 parens

2105 5368 2252 5438 γὰρ,
2305 5386 2322 5420 ι
2376 5368 2584 5439 ἥκουσα
2643 5368 2734 5421 τοῦ
2801 5369 3131 5442 θεοπάτορος
3175 5372 3423 5441 λέγοντος
3471 5374 3696 5438 Δαῧὶδ,

434 5455 648 5512 David:
703 5473 724 5508 ι
761 5453 1048 5527 Loquebar
1099 5454 1169 5509 de
1213 5451 1549 5508 testimoniis
1603 5452 1713 5508 tuis
1767 5452 1821 5506 in
1859 5467 1996 5508 con-

2113 5459 2397 5514 «ἐναντίον
2449 5459 2744 5529 βασιλέων,
2793 5461 2885 5515 καὶ
2941 5462 3040 5516 οὐκ
3088 5464 3434 5534 ᾐσχυνόμην’
3470 5483 3486 5515 ι
3544 5465 3700 5518 ἀλλὰ

505 5628 522 5660 ¹
559 5626 758 5698 Ephes.
785 5648 844 5700 ιι,
876 5634 962 5688 l9.
1039 5636 1059 5668 ²
1089 5632 1252 5691 Hebr.
1296 5650 1350 5702 ι,
1380 5633 1468 5688 58.
1579 5635 1598 5664 ³
1626 5636 1818 5697 Ezreh.
1859 5658 2058 5707 χχχιιι,
2121 5640 2171 5694 8.
