4026 6156
353 405 370 469 Ι
382 407 486 472 233

1477 404 1576 467 DE
1605 403 2066 467 IMAGINIBUS
2094 402 2379 464 ORATIO
2395 402 2443 482 ι.

3451 393 3585 461 1234

341 523 546 594 μᾶλλον
568 518 749 591 τούτῳ
781 520 914 593 πρὸς
941 519 1002 574 τδ
1033 519 1212 589 λέγειν
1231 519 1574 590 νυττόμενος.
1603 521 1784 576 Δεινδν
1803 521 1909 592 γὰρ

2018 526 2210 589 spectu
2241 531 2454 588 regum,
2482 522 2536 572 et
2567 531 2675 573 non
2707 514 3084 572 confundebar
3105 513 3148 571 ⁸.
3188 533 3208 567 ι
3241 513 3390 582 Quin
3417 515 3584 571 etiam

342 612 608 682 βασιλέως
643 611 801 679 λόγος
831 610 972 681 πρὸς
1005 611 1308 682 ὑπαγωγὴν
1339 610 1448 664 τῶν
1475 611 1734 682 ὑπηκόων
1754 628 1768 642 ο
1806 612 1913 664 ὀλι-

336 720 424 774 γοι
453 703 563 774 γὰρ
588 705 702 756 ὅσοι
734 703 844 756 τῶν
879 702 1162 769 ἀνέκαθεν,
1194 702 1486 772 βασιλικῶν
1520 704 1912 776 κατωλιγώρη-

338 811 435 847 σαν
473 793 882 862 θεσπισμάτων,
914 793 1029 845 ὅσοι
1070 791 1163 845 τὸν
1196 793 1288 846 ἐπὶ
1316 792 1422 863 γῆς
1467 792 1691 864 βασιλέα
1717 833 1731 859 ,
1763 792 1914 864 βασι-

335 883 622 954 λευόμενον
643 883 850 937 οἴδασιν
880 883 1106 949 ἄνωθεν,
1133 883 1228 938 καὶ
1256 883 1332 948 ὡς
1363 881 1656 956 κρατοῦσιν
1684 884 1733 936 οἱ
1758 884 1912 953 νόμοι

335 975 444 1028 τῶν
476 973 760 1045 βασιλέων.

409 1147 474 1219 β’.
511 1147 737 1218 Πρῶτον
764 1149 864 1218 μὲν
887 1144 981 1203 οῦν
1010 1149 1289 1215 ἁπάντων,
1319 1143 1431 1203 οἷόν
1466 1165 1588 1204 τινα
1630 1149 1842 1219 τρόπιν,
1875 1148 1909 1219 ἢ

336 1240 590 1311 θεμέλιον
636 1238 716 1311 τῷ
759 1239 1005 1312 λογισμῷ
1057 1239 1402 1312 καταπήξας,
1442 1241 1544 1312 τὴν
1571 1241 1670 1312 τῆς
1714 1240 1915 1310 ἐκκλη-

337 1331 623 1401 σιαστικῆς
672 1332 1031 1402 θεσμοθεσίας
1064 1334 1420 1404 συντήρησιν,
1453 1333 1523 1387 δι’
1549 1329 1618 1404 ἧς
1669 1335 1912 1403 σωτηρία

336 1420 723 1490 προσγενέσθαι
745 1421 980 1490 πέφυκε,
1004 1424 1095 1477 τοῦ
1121 1424 1282 1494 λόγου
1306 1425 1406 1496 τὴν
1432 1425 1655 1496 βαλϐἱδα
1678 1425 1908 1496 ὴνέῳξα,

336 1510 434 1562 καὶ
462 1508 674 1574 τοῦτον,
703 1510 894 1582 ὥσπερ
935 1512 1099 1566 ἵππον
1132 1514 1431 1582 εύχάλινον,
1466 1515 1564 1585 τῆς
1609 1515 1913 1585 ἀφετηρίας

336 1602 716 1673 παρώρμησα.
754 1603 935 1657 Δεινδν
983 1603 1094 1674 γὰρ
1144 1605 1313 1668 ὅντως
1352 1605 1576 1677 ᾠήθην,
1628 1608 1723 1660 καὶ
1769 1605 1913 1674 πέρα

337 1691 563 1758 δεινῶν,
610 1694 890 1758 τοσούτοις
945 1693 1046 1764 τὴν
1093 1693 1424 1763 Ἐκκλησίαν
1484 1694 1914 1765 ἀμαρύσσουσαν

338 1784 740 1854 προτερήμασι,
791 1784 889 1839 καὶ
930 1786 1049 1849 ταῖς
1095 1785 1201 1840 τῶν
1249 1774 1655 1840 εὐσεϐεστάτων
1701 1785 1913 1857 ἀνδρῶν

337 1872 548 1930 ἄνωθεν
596 1877 962 1948 παραδόσεσιν
1007 1879 1396 1948 ὡραῖσθεῖσαν,
1425 1877 1772 1932 παλινοστεῖν
1817 1877 1911 1930 ἐπὶ
1945 1868 1988 1924 Β

336 1965 416 2021 τὰν
440 1967 630 2039 πτωχὰ
664 1971 925 2040 στοιχεῖα,
959 1969 1301 2042 φοϐουμένην
1338 1969 1522 2038 φόϐον,
1549 1960 1611 2022 οὗ
1651 1969 1752 2023 οὐκ
1793 1969 1909 2022 ἐστι

338 2054 504 2125 φόϐος
525 2071 542 2088 ·
583 2058 676 2110 καὶ
707 2058 896 2130 ὥσπερ
927 2060 1028 2113 οὐκ
1066 2062 1368 2130 ἐγνωκυῖαν
1414 2061 1508 2116 τὸν
1553 2061 1722 2126 ὄντως
1754 2059 1906 2124 Θεὸν,

337 2146 642 2216 ὑφορᾶσθαι
673 2149 765 2204 τὸν
799 2153 880 2215 είς
907 2151 1353 2225 είδωλολατρείαν
1397 2153 1610 2207 ὖλισθον
1629 2193 1644 2220 ,
1683 2153 1777 2206 καὶ⁵
1805 2151 1908 2207 κᾶν

331 2235 469 2304 γοῦν
532 2239 591 2292 ἐν
651 2243 997 2314 σμικροτάτῳ
1057 2247 1154 2316 τῆς
1219 2245 1556 2316 τελειότητος
1599 2245 1905 2312 λείπεσθαι,

327 2323 524 2398 ὥσπερ
568 2329 690 2384 τινὰ
741 2333 976 2405 στιγμὴν
1018 2335 1316 2406 ἐπίμονονα
1348 2337 1406 2391 ἐν
1435 2337 1586 2407 μέσῳ
1613 2335 1907 2406 προσώπου

326 2418 456 2474 λίαν
499 2422 844 2493 ὠραϊσμένου
900 2430 1198 2498 φέρουσαν,
1234 2426 1312 2498 τῷ
1354 2428 1544 2498 ἀπόσῳ
1586 2427 1681 2480 τοῦ
1731 2443 1908 2497 παρα-

324 2509 680 2581 γράμματος,
711 2513 807 2566 τοῦ
852 2514 1083 2579 κάλλους
1113 2516 1174 2569 τὺ
1218 2518 1328 2570 πᾶν
1374 2516 1798 2587 λυμαινομένην.
1830 2516 1905 2570 Ού

325 2602 441 2671 γὰρ
482 2603 678 2673 μικρὸν
705 2605 767 2657 τὸ
800 2605 1016 2676 μικρὸν,
1045 2608 1174 2662 ὅταν
1207 2609 1289 2670 είς
1341 2607 1483 2677 μέγα
1511 2607 1741 2679 ἐκφέρῃ,
1770 2608 1905 2661 ὅπου

328 2709 396 2760 γε
430 2694 551 2747 οὐδὲ
589 2696 820 2767 σμικρὸν
857 2696 918 2751 τὸ
960 2700 1427 2770 παρεγχάραγμα,
1471 2700 1584 2754 ἄνω
1631 2717 1904 2771 κεκρατη-

332 2787 493 2838 κυῐαν
524 2787 850 2857 Ἐκκλησίας
885 2789 1264 2861 ἀνατραπῆναι
1293 2791 1612 2862 παράδοσιν,
1641 2785 1729 2844 οἷα
1768 2807 1904 2845 κατ-

334 2876 693 2942 εγνωσμένων
758 2877 867 2931 τῶν
936 2879 1516 2950 προκαθηγησαμένων
1579 2882 1762 2951 ήμᾶς,
1829 2873 1905 2935 ὧν

333 2965 503 3037 ἐχρῆν
550 2967 996 3038 ἀναθεωροῦντας
1036 2968 1138 3038 τὴν
1187 2969 1565 3040 ἀναστροφὴν,
1617 2969 1904 3040 μιμεῖσθαι

331 3055 433 3124 τὴν
467 3057 667 3112 πίστιν.

403 3143 472 3212 γ’.
515 3144 828 3218 Ἐκλιπαρῶ
857 3146 1057 3213 τοίνυν,
1092 3147 1311 3220 πρῶτον
1351 3149 1450 3220 μὲν
1477 3149 1569 3204 τὸν
1593 3153 1905 3224 παντοκρά-

2012 610 2084 666 ob
2144 609 2199 665 id
2248 605 2626 665 vehementius
2686 624 2809 665 sum
2857 608 3140 664 incitatus.
3191 605 3484 662 Enimvero
3517 603 3585 660 ad

2014 701 2268 758 subditos
2297 691 2662 774 pell’iciendos
2685 702 2920 756 multum
2962 701 3110 755 valet
3157 702 3304 770 regis
3343 696 3587 753 auctori-

2013 807 2140 856 tas:
2180 802 2383 872 quippe
2412 816 2540 856 cum
2589 800 2752 871 pauci
2808 799 3078 854 hactenus
3125 795 3329 851 fuerint
3358 794 3461 854 illi.
3491 790 3587 862 qui

2014 903 2138 944 cum
2173 904 2330 961 rcges
2378 898 2536 945 terra:
2566 889 2713 959 regis
2766 887 3010 943 caelestis
3047 883 3280 955 imperio
3332 882 3584 944 subesse,

2013 993 2282 1048 regesque
2335 979 2548 1049 legibus
2594 976 2865 1032 obnoxios
2922 989 3048 1031 esse
3076 972 3348 1040 noverint,
3397 971 3588 1040 iniqua

2013 1068 2258 1138 ipsorum
2287 1067 2444 1136 jussa
2479 1074 2886 1137 contempsere.

2085 1158 2139 1213 2.
2180 1157 2296 1214 Hoc
2348 1159 2538 1228 itaque
2568 1173 2670 1213 ceu
2714 1155 3001 1228 principio
3023 1155 3286 1226 quodam,
3321 1154 3436 1210 sive
3465 1151 3590 1207 fun-

2013 1245 2292 1313 damento,
2345 1248 2512 1302 menti
2566 1246 2869 1316 proposito,
2912 1251 2974 1298 ut
3013 1243 3277 1298 nimirum
3327 1241 3591 1297 ecclesia-

2014 1337 2178 1403 stica,
2212 1351 2312 1407 per
2345 1351 2510 1407 quam
2558 1337 2716 1392 salus
2754 1335 2990 1407 paritur,
3035 1333 3308 1389 institutio
3354 1329 3588 1386 tenenda

2014 1428 2106 1492 sit,
2158 1427 2398 1482 orationi
2461 1441 2718 1496 campum
2753 1427 2968 1496 aperui,
3023 1440 3134 1496 quo
3185 1422 3354 1477 veluti
3409 1433 3589 1489 equus

2013 1527 2165 1573 recte
2215 1517 2387 1572 frenis
2444 1517 2859 1586 obtemperans,
2890 1531 2922 1570 e
2963 1513 3286 1570 carceribus
3315 1510 3583 1564 dimissus

2013 1615 2360 1663 excurreret.
2397 1605 2542 1662 Vere
2572 1606 2746 1672 enim,
2778 1621 2843 1662 ac
2865 1607 3009 1660 ultra
3041 1619 3206 1676 quam
3239 1603 3349 1659 dici
3389 1603 3586 1672 possit,

2015 1711 2182 1768 grave
2219 1697 2715 1767 calamitosumque
2762 1696 3099 1762 existimavi,
3148 1694 3449 1750 Ecclesiam
3507 1699 3592 1746 tot

2015 1787 2320 1859 fulgentem
2349 1787 2755 1859 praerogativis,
2787 1795 2842 1843 et
2882 1786 3369 1842 sanctissimorum
3412 1783 3591 1838 homi-
3667 1809 3672 1814 -

2017 1895 2172 1946 num,
2205 1880 2472 1950 majorum
2520 1889 2836 1935 nostrorum
2882 1879 3262 1935 sanctionibus
3312 1884 3586 1940 ornatam,

2017 1971 2088 2025 ad
2120 1983 2294 2040 egena
2351 1968 2629 2024 elementa
2683 1969 2936 2024 converti
2963 1971 3008 2034 ⁸,
3055 1969 3283 2038 illicque
3311 1966 3591 2037 trepidare

2017 2061 2239 2125 timore,
2269 2059 2362 2115 ubi
2405 2074 2522 2114 non
2573 2067 2659 2115 est
2690 2060 2858 2114 timor
2885 2059 2927 2126 ';
2959 2059 3003 2114 si
3044 2067 3308 2129 tanquam
3344 2057 3437 2112 Dei
3473 2057 3590 2112 veri

2015 2152 2222 2217 nescia,
2259 2151 2672 2222 prolapsionem
2709 2149 2778 2204 ad
2825 2149 3104 2204 idolorum
3152 2149 3362 2204 cultum
3392 2149 3588 2205 subve-

2015 2251 2222 2309 reatur,
2259 2243 2454 2313 sicque
2481 2242 2570 2298 vel
2612 2241 2902 2296 minimum
2949 2254 2980 2295 a
3031 2237 3371 2310 perfectione
3415 2238 3591 2294 desci-

2015 2344 2154 2402 scat,
2188 2350 2252 2391 ac
2285 2335 2449 2406 quasi
2505 2349 2720 2391 naevum
2769 2333 3062 2405 quemdam
3111 2333 3436 2398 durabilem,
3492 2331 3588 2402 qui

2016 2428 2451 2484 inconcinnitate
2507 2443 2608 2484 sua
2635 2437 2980 2484 venustatem
3037 2442 3255 2483 omnem
3321 2426 3586 2491 maculet,

2012 2518 2069 2572 in
2109 2517 2509 2573 formosissimi
2567 2519 2682 2574 oris
2737 2518 2922 2574 medio
2969 2524 3171 2589 gestet.
3211 2516 3400 2587 Neque
3456 2529 3590 2569 vero

2013 2609 2226 2666 erroris
2257 2624 2424 2681 parva
2450 2617 2584 2665 nota
2612 2617 2717 2674 est,
2754 2617 2996 2666 veterem
3036 2608 3298 2664 Ecclesiae
3344 2606 3591 2677 discipli-

2012 2717 2166 2768 nam,
2211 2701 2615 2758 consuetudine
2657 2702 2993 2766 roboratam,
3030 2701 3359 2764 convellere,
3412 2696 3587 2767 majo-

2013 2807 2214 2863 resque
2268 2802 2492 2848 nostros
2541 2807 2876 2863 quocunque
2914 2793 3080 2848 modo
3127 2791 3427 2854 damnare;
3457 2803 3590 2859 quo-

2011 2897 2136 2938 rum
2215 2883 2703 2939 conversationem
2779 2883 3083 2952 intuentes,
3152 2881 3359 2937 imitari
3423 2880 3588 2936 ﬁdem

2011 2973 2298 3044 oportebat
2316 2973 2357 3030 ‘.

2087 3153 2143 3208 ὅ.
2177 3151 2424 3206 Primum
2455 3149 2649 3222 igitur,
2702 3149 2769 3207 ad
2803 3164 2902 3205 vos
2945 3148 3111 3206 verba
3167 3147 3443 3211 facturus,
3477 3159 3590 3200 om-

331 3251 466 3307 τορα
497 3236 720 3307 Κύριον,
748 3217 798 3305 ίῷ
827 3239 1010 3310 γυμνὰ
1053 3217 1229 3295 πάντα
1264 3217 1363 3295 καί
1399 3217 1870 3314 τετραχηλισμένα
1895 3261 1909 3277 ·

2017 3243 2356 3314 nipotentem
2416 3217 2710 3298 Dominum
2753 3241 3010 3311 efﬂagito,
3049 3239 3140 3293 cui
3189 3237 3335 3292 nuda
3369 3242 3588 3305 aperta-

272 3362 292 3369 -
333 3327 472 3398 πρὸς
498 3327 642 3398 ὑμᾶς
666 3331 694 3384 ὁ
721 3329 877 3398 λόγος
894 3346 910 3361 ο
943 3330 1122 3386 εἰδότα
1141 3332 1240 3402 τῆς
1259 3333 1522 3404 ταπεινῆς
1552 3351 1654 3405 μου
1685 3333 1912 3406 γνώμης

330 3420 392 3473 ἐν
423 3419 598 3491 τούτῳ
626 3420 688 3474 τὸ
717 3421 1036 3492 ἀκραιφνὲς,
1067 3422 1162 3476 καὶ
1203 3421 1299 3476 τοῦ
1347 3423 1552 3478 σκοποῦ
1593 3424 1654 3479 τὸ
1682 3424 1912 3496 είλικρι-

334 3514 445 3580 νές,
483 3513 667 3568 δοῦναί
698 3531 787 3584 μοι
821 3514 982 3582 λόγον
1020 3517 1078 3568 ἐν
1106 3515 1310 3582 ἀνοίξει
1359 3516 1630 3587 στόματός
1666 3534 1789 3588 μου,
1818 3519 1912 3573 καὶ

331 3603 429 3658 τοῦ
457 3602 552 3657 νοῦ
581 3603 682 3667 τὰς
711 3603 868 3675 ἡνίας
911 3605 1140 3670 οἰκείαις
1184 3608 1374 3678 χερσὶν
1402 3608 1785 3676 ἀναδέξασθαι,
1816 3611 1912 3665 καὶ

332 3695 526 3749 τοῦτον
555 3694 695 3766 πρὸς
734 3695 928 3751 ἑαυτὸν
955 3698 1389 3766 ἐπισπάσασθαι,
1423 3701 1559 3772 πρὸς
1589 3700 1823 3757 ἐνώπιόν
1851 3719 1910 3756 τε

337 3787 434 3840 καὶ
478 3788 692 3842 εὐθεῖαν
720 3787 906 3859 τρίϐον
937 3789 1036 3860 τὴν
1066 3788 1248 3863 ῥύμην
1297 3791 1653 3863 ποιούμενον,
1696 3793 1773 3865 μὴ
1819 3793 1912 3862 ἐγ-

334 3878 586 3934 κλίνοντα
610 3881 745 3952 πρὸς
771 3881 842 3935 τὰ
867 3882 1128 3940 δοκοῦντα
1155 3884 1322 3950 δεξιὰ,
1351 3885 1385 3954 ἢ
1420 3884 1686 3955 ἀριστερὰ
1710 3901 1911 3956 γνωρι-

329 3969 535 4040 ζόμενα
556 3987 571 4002 ·
609 3971 728 4042 μεθ’
756 3972 818 4026 ὃν
845 3972 1060 4028 ᾶπαντα
1092 3974 1184 4029 τὸν
1211 3974 1305 4028 τοῦ
1335 3972 1470 4028 Θεοῦ
1502 3975 1652 4041 λαὸν,
1676 3977 1739 4028 τὸ
1760 3974 1911 4040 ἔθνος

327 4060 392 4112 τὸ
422 4063 595 4130 ἆγιον,
620 4063 682 4114 τὸ
715 4055 985 4132 βασίλειον
1018 4065 1339 4135 ἱεράτευμα,
1380 4066 1476 4118 σὺν
1501 4064 1579 4136 τῷ
1605 4066 1757 4137 καλῷ
1783 4085 1906 4120 ποι-

334 4149 460 4218 μένι
491 4150 592 4220 τῆς
623 4151 846 4223 λογικῆς
876 4154 1113 4224 Χριστοῦ
1147 4155 1404 4225 ποίμνης,
1435 4154 1514 4224 τῷ
1539 4155 1636 4226 τὴν
1671 4156 1908 4227 Χριστοῦ

334 4240 618 4310 ίεραρχίαν
656 4244 713 4294 ἐν
739 4243 918 4313 ἐαυτῷ
948 4245 1342 4315 ὑπογράφοντι,
1369 4245 1624 4310 δέξασθαί
1673 4264 1774 4317 μου
1812 4249 1908 4302 τὸν

329 4327 511 4396 λόγον,
545 4331 662 4400 μετ’
691 4332 1005 4401 εὐμενείαςο
1057 4335 1132 4404 μὴ
1178 4335 1255 4405 τῷ
1289 4335 1556 4406 ἐλαχίστῳ
1604 4337 1704 4406 τῆς
1751 4336 1908 4401 ἀξίας

328 4419 724 4491 προσέχοντας,
755 4423 787 4494 ἢ
820 4423 993 4492 λόγων
1035 4425 1436 4497 ἐπιζητοῦντας
1484 4430 1722 4498 στροφάς
1741 4444 1756 4460 ο
1782 4429 1907 4482 ἐπεὶ

327 4513 538 4566 τούτων
584 4514 646 4566 ού
685 4515 962 4579 παντελῶς
1002 4516 1138 4588 ἴδρις
1184 4519 1212 4570 ὁ
1244 4518 1412 4589 πένης
1445 4517 1590 4586 ἐγώ·
1626 4519 1764 4574 ἀλλὰ
1805 4521 1904 4592 τῆς

325 4602 440 4655 τῶν
469 4603 755 4672 νοημάτων
787 4604 1069 4675 φροντίσαι
1096 4605 1402 4676 δυνάμεως.
1441 4610 1514 4661 Ού
1545 4609 1655 4681 γὰρ
1678 4610 1738 4662 ἐν
1758 4610 1903 4680 λόγῳ

325 4695 360 4763 ή
392 4693 641 4764 βασιλεία
689 4694 797 4748 τῶν
841 4695 1106 4766 οὐρανῶν,
1142 4697 1257 4750 ἀλλ’
1293 4699 1352 4750 ἐν
1396 4698 1643 4769 δυνάμει.
1686 4700 1761 4752 Ού
1795 4701 1902 4770 γὰρ

326 4785 551 4854 νικῆσαι
583 4784 806 4848 σκοπὸς,
829 4785 966 4838 ἀλλὰ
991 4790 1058 4859 τῇ
1085 4787 1312 4858 ἀληθείᾳ
1340 4787 1722 4861 πολεμουμένῃ
1745 4794 1902 4862 χεῖρα

324 4870 530 4937 ὀρέξαι,
547 4873 646 4942 τῆς
674 4873 1049 4944 προαιρέσεως
1076 4875 1378 4947 ὀρεγούσης
1409 4881 1568 4948 χεῖρα
1598 4879 1901 4950 δυνάμεως.

338 4961 580 5030 Ἀρωγὸν
599 4966 778 5020 τοίνυν
797 4970 896 5035 τὴν
921 4968 1292 5024 ἀνυπόστατον
1319 4972 1580 5042 ἐπικεκλη
1591 4971 1748 5042 μένος
1767 4974 1902 5045 ἁλή-

327 5049 499 5118 θειαν,
526 5053 772 5108 ἐντεῦθεν
795 5057 888 5149 τοῦ
919 5057 1078 5126 λόγου
1107 5060 1206 5124 τὰς
1230 5060 1404 5131 ἀρχὰς
1435 5054 1753 5132 ποιήσομαι.

398 5226 462 5280 δ’.
505 5222 634 5281 Οἶδα
675 5231 765 5284 τὸν
812 5234 1056 5303 ὰψευδῶς
1106 5237 1366 5292 εἰπόντα·
1410 5257 1428 5290 ι
1461 5238 1664 5309 Κύριος
1708 5241 1736 5292 ὁ
1767 5240 1898 5304 Θεός

326 5336 446 5382 σου,
483 5318 687 5390 Κύριος
713 5317 792 5385 εἷς
820 5324 955 5380 ἐστι.
986 5348 1006 5379 ι
1041 5328 1182 5380 Καί·
1220 5347 1238 5380 ι
1270 5330 1476 5401 Κύριον
1513 5331 1606 5386 τὸν
1639 5331 1769 5384 Θεόν
1801 5349 1896 5386 σου

325 5409 749 5484 προσκυνήσεις,
777 5417 872 5468 καὶ
925 5419 1073 5489 αὐτῷ
1127 5421 1274 5493 μόνῳ
1319 5422 1658 5494 λατρεύσεις.
1692 5444 1710 5478 ι
1745 5425 1894 5478 Καί·

396 5550 604 5676 ⁸ἐ³ειιι
658 5567 849 5622 cxvm,
891 5558 979 5615 46.
1055 5562 1273 5620 δϐιιΙιιι.
1318 5585 1390 5632 ιν,
1444 5568 1498 5622 9.

321 5640 400 5689 vr,
435 5640 489 5676 ιι.

1608 5570 1628 5600 ⁸
1665 5569 1811 5624 Psal.
1865 5585 1959 5637 LII,
1999 5568 2052 5622 6.

2010 3349 2121 3406 que
2167 3344 2294 3389 sunt
2339 3333 2556 3400 omnia;
2607 3334 2696 3388 cui
2737 3346 2937 3403 purum
2971 3344 3036 3385 ac
3065 3329 3343 3384 sincerum
3399 3327 3589 3382 hacin

2012 3430 2172 3496 parte
2197 3423 2428 3479 humilis
2493 3438 2692 3480 sensus
2729 3423 2837 3479 mei
2902 3421 3247 3493 propositum
3297 3427 3469 3490 patet,
3528 3427 3588 3473 ut

2010 3515 2148 3570 mihi
2180 3514 2271 3571 det
2306 3527 2620 3570 sermonem
2671 3514 2728 3568 in
2781 3513 3072 3585 apertione
3122 3511 3259 3574 oris,
3289 3516 3344 3566 et
3381 3507 3586 3564 mentis

2012 3622 2147 3663 mea:
2219 3607 2468 3662 habenas
2525 3606 2767 3677 propriis
2833 3606 3092 3662 manibus
3149 3602 3412 3670 tenendo,
3466 3615 3587 3657 eam

2011 3699 2081 3754 ad
2115 3698 2361 3770 seipsum
2393 3699 2611 3766 trahat;
2649 3713 2762 3770 quo
2799 3698 2856 3754 in
2887 3706 3190 3766 conspectu
3241 3695 3415 3765 ipsius
3437 3702 3590 3747 recto

2009 3787 2234 3843 tramite
2297 3797 2512 3860 pergat,
2571 3802 2672 3842 nec
2709 3787 2778 3841 ad
2826 3801 2888 3841 ea
2936 3785 3195 3848 declinet,
3226 3798 3348 3854 qua:
3386 3781 3495 3837 sibi
3528 3780 3588 3836 in

2011 3880 2252 3950 speciem
2305 3895 2438 3936 vera
2473 3880 2748 3946 videntur,
2785 3885 2881 3932 aut
2916 3891 3041 3933 esse
3077 3876 3304 3932 sinistra
3349 3871 3585 3928 noverit.

2012 3969 2222 4027 Dehinc
2293 3987 2492 4042 precor
2534 3971 2853 4026 universam
2914 3967 3008 4023 Dei
3064 3967 3304 4037 plebem,
3371 3969 3585 4034 gentem

2011 4070 2284 4129 sanctam,
2323 4063 2505 4134 regale
2559 4060 2956 4126 sacerdotium,
3007 4073 3119 4113 una
3159 4072 3284 4112 cum
3315 4055 3462 4108 bono
3498 4067 3584 4106 ra-

2010 4157 2240 4212 tionalis
2289 4156 2473 4227 gregis
2519 4154 2729 4210 Christi
2780 4161 3022 4224 pastore,
3073 4150 3170 4220 qui
3219 4159 3496 4202 summum
3528 4144 3586 4198 in

2009 4247 2310 4316 semetipso
2342 4244 2554 4301 Christi
2599 4243 2970 4300 sacerdotium
3027 4238 3308 4308 exprimit,
3339 4243 3398 4289 ut
3425 4233 3586 4292 libel-

2008 4339 2121 4393 lum
2156 4339 2372 4393 huncce
2426 4352 2607 4392 meum
2658 4334 2922 4389 benevolo
2947 4331 3226 4399 excipiant
3258 4329 3443 4381 animo
3473 4346 3485 4380 :
3515 4341 3586 4381 ne

2007 4429 2092 4484 vel
2125 4427 2450 4498 dignitatem
2502 4439 2624 4495 quae
2673 4427 2730 4477 in
2790 4437 2878 4476 me
2913 4421 3211 4491 perexigua
3261 4426 3369 4483 est,
3409 4416 3584 4487 respi-

2009 4517 2183 4584 ciant,
2215 4517 2298 4572 vel
2332 4515 2629 4571 verborum
2679 4517 2876 4576 artem,
2907 4523 3016 4580 qua
3069 4524 3272 4579 egenus
3295 4524 3398 4579 ego
3435 4505 3582 4561 haud

2008 4609 2146 4664 satis
2201 4606 2400 4678 polleo,
2452 4603 2549 4659 sed
2597 4601 2997 4659 sententiarum
3037 4600 3223 4670 potius
3257 4599 3367 4653 vim
3402 4605 3582 4652 atten-

2009 4702 2167 4757 dant.
2201 4699 2322 4752 Non
2353 4698 2504 4752 enim
2539 4697 2594 4750 in
2621 4710 2901 4761 sermone,
2949 4695 3048 4749 sed
3075 4697 3130 4748 in
3161 4693 3365 4749 virtute
3393 4695 3584 4751 consi-

2007 4791 2103 4848 stit
2134 4804 2363 4859 regnum
2411 4788 2748 4844 caelorum".
2785 4785 2905 4842 Non
2959 4787 3204 4851 vincere,
3255 4785 3353 4841 sed
3403 4786 3580 4857 impu-

2005 4889 2190 4952 gnata:
2228 4877 2450 4933 veritati
2498 4892 2656 4948 opem
2699 4877 2846 4931 ferre
2897 4875 3239 4948 propositum
3295 4876 3424 4930 mihi
3472 4885 3577 4941 est,

2005 4973 2230 5029 virtutis
2287 4985 2510 5025 manum
2567 4969 3022 5024 subministrante
3071 4970 3211 5025 bona
3273 4969 3575 5024 voluntate.

2009 5063 2378 5130 Quamobrem
2436 5060 2742 5117 substantis
2801 5061 3049 5118 veritatis
3102 5063 3394 5133 implorata
3451 5077 3573 5131 0pc,

2007 5156 2136 5209 hinc
2171 5152 2442 5208 orationis
2475 5151 2806 5221 principium
2839 5152 3056 5211 ducam.

2076 5245 2129 5298 4.
2156 5243 2312 5298 lllum
2346 5244 2470 5299 novi
2506 5244 2601 5313 qui
2636 5244 2776 5299 citra
2826 5244 3168 5299 mendacium
3202 5243 3341 5297 dixit
3369 5260 3382 5296 :
3412 5241 3578 5312 309

2013 5356 2032 5390 ι
2055 5335 2320 5390 Dominus
2347 5332 2489 5389 Deus
2525 5344 2670 5402 tuus,
2719 5335 2982 5390 Dominus
3023 5351 3164 5389 unus
3196 5343 3278 5388 est
3301 5333 3342 5387 ⁸.
3381 5351 3399 5384 ι
3464 5332 3573 5389 Et:

2009 5445 2029 5479 ›
2064 5424 2356 5479 Dominum
2406 5422 2575 5478 Deum
2607 5432 2764 5477 tuum
2797 5422 3078 5487 adorabis,
3109 5430 3163 5476 et
3216 5422 3295 5475 illi
3328 5421 3430 5477 soli
3460 5437 3576 5478 ser-

3361 5562 3384 5593 ⁸
3413 5559 3570 5616 Deut.

2160 5561 2379 5618 “Hebr.
2438 5575 2563 5626 xm,
2624 5566 2674 5616 7.
2782 5561 2848 5614 Ἰ
2905 5562 3033 5614 Cor.
3084 5577 3143 5625 ιι,
3195 5561 3247 5616 5.

1607 5699 1841 5754 νΛΒΙᾹῖ
1896 5699 2299 5758 LECTIONES.

400 5796 426 5824 ι
455 5781 654 5838 Billius
694 5782 980 5852 legendum
1021 5785 1310 5858 ἐπίμωμον
1341 5801 1496 5861 putat
1526 5811 1538 5848 :
1569 5803 1622 5849 ct
1655 5795 1816 5864 paulo
1841 5802 1965 5862 post
2007 5797 2259 5851 emendat
2290 5793 2496 5864 ἀτόπῳ,
2532 5807 2629 5863 pro
2659 5789 2868 5860 ἀπόσῳ,
2903 5806 3000 5847 nec
3037 5792 3162 5848 istic
3198 5795 3359 5847 male.
