4026 6156
497 385 630 452 1235

492 496 627 552 vies‘
655 496 696 545 ’.
733 515 751 547 ι
793 496 923 548 Item
952 513 964 546 :
997 511 1014 545 ι
1049 491 1166 547 Non
1198 491 1371 548 iacies
1411 491 1509 546 tibi
1547 489 1831 562 sculptile,
1847 505 2064 546 omnem
2096 495 2138 550 Δ

492 586 910 642 similitudinem
955 599 1148 640 eorum
1212 598 1337 654 quae
1374 584 1434 639 in
1473 582 1614 638 cmlo
1652 589 1783 638 sunt
1815 597 2063 645 sursum,

492 685 546 730 ct
579 691 701 746 qua:
740 675 793 728 in
831 685 981 731 terra
1015 673 1274 730 deorsum
1304 675 1370 729 ¹⁶.
1415 694 1435 728 ι
1490 673 1555 728 Ει
1590 693 1606 727 :
1661 691 1680 724 ι
1707 671 2065 728 Confundan-

493 776 585 822 tur
612 781 808 823 omnes
864 766 959 837 qui
1013 765 1256 832 adorant
1309 767 1588 836 sculptilia
1624 767 1689 821 ¹¹.
1726 783 1744 816 ι
1788 763 2011 820 Necnon
2048 781 2062 818 :

500 878 518 911 ι
552 857 788 914 Pereant
840 858 957 925 dii,
1003 858 1099 930 qui
1147 874 1258 914 non
1322 858 1578 914 fecerunt
1620 857 1822 912 caalum
1863 867 1918 913 et
1961 867 2067 911 ter-

493 967 610 1006 ram
653 953 728 1018 ⁸³,
766 969 786 1003 ι
824 951 1042 1020 aliaque
1068 951 1285 1005 illorum
1327 949 1554 1015 similia,
1592 963 1716 1017 quae
1758 962 1883 1003 cum
1935 947 2066 1003 olim

494 1043 714 1096 locutus
733 1049 882 1097 esset
903 1040 1046 1097 Deus
1069 1042 1320 1112 patribus
1343 1041 1397 1094 in
1421 1041 1727 1110 prophetis,
1750 1041 2067 1097 novissimis

493 1133 688 1188 diebus
744 1133 870 1188 istis
900 1133 1124 1188 locutus
1179 1139 1266 1188 est
1311 1131 1474 1187 nobis
1505 1131 1563 1186 in
1600 1131 1888 1200 unigenito
1926 1130 2068 1185 Filio

495 1236 623 1289 suo,
680 1237 778 1292 per
804 1237 969 1294 quem
1000 1220 1130 1276 fecit
1161 1229 1217 1276 et
1269 1222 1471 1278 saecula
1498 1221 1562 1272 ".
1600 1219 1759 1276 Illum
1799 1221 1926 1277 novi
1973 1221 2067 1292 qui

496 1311 574 1366 ait
603 1331 616 1366 :
654 1331 673 1365 ι
708 1310 834 1368 Haec
867 1322 951 1369 est
976 1313 1088 1368 vita
1141 1322 1373 1377 aeterna,
1422 1321 1484 1368 ut
1516 1321 1862 1380 cognoscant
1893 1322 1944 1367 te
1979 1327 2070 1368 so-

497 1401 610 1455 lum
643 1399 818 1455 Deum
851 1417 1067 1467 verum,
1101 1411 1156 1458 et
1195 1416 1361 1472 quem
1416 1401 1622 1458 misisti
1663 1401 1853 1457 Jesum
1908 1401 2068 1456 Chri-

497 1499 649 1546 stum
676 1491 790 1545 ⁸³.»
845 1491 1027 1548 Credo
1077 1492 1134 1548 in
1174 1508 1343 1549 unum
1400 1493 1594 1558 Deum,
1657 1509 1829 1548 unum
1882 1509 2066 1549 rerum

497 1584 746 1637 omnium
774 1585 1107 1655 principium
1132 1627 1149 1650 ,
1181 1585 1343 1641 initio
1375 1592 1431 1641 et
1456 1586 1735 1658 principio
1763 1593 2068 1652 carentem,

499 1674 832 1743 iucreatum,
911 1675 1178 1732 interitus
1247 1679 1498 1732 nescium
1563 1684 1621 1733 et
1674 1677 2068 1744 immortalem,

497 1775 766 1822 aeternum
813 1777 870 1824 et
900 1777 1248 1840 perpetuum,
1298 1768 1844 1840 incomprehensum,
1874 1769 2072 1827 invisi-

1682 384 1743 442 S.
1779 380 2099 442 JOANNIS
2141 380 2569 441 DAMASCENI

3665 370 3807 437 1236

2173 507 2192 540 ι
2227 489 2342 543 Ούκ
2373 489 2587 544 ἔσονταί
2627 505 2710 542 σοι
2739 487 2854 543 θεοὶ¹
2879 487 3076 558 ἕτεροι.
3109 505 3125 538 ι
3161 485 3319 540 Καίο
3363 502 3387 538 ι
3417 481 3508 538 Οὐ
3541 483 3805 553 ποιήσεις

2169 582 2430 650 γλυπτὸν,
2467 581 2580 636 πᾶν
2619 581 2892 652 ὁμοίωμα,
2919 580 3021 634 ὅσα
3052 579 3110 634 ὲν
3143 578 3226 650 τῷ
3252 574 3496 649 οὐρανῷ
3529 574 3681 639 ἄνω,
3710 575 3806 628 καὶ

2169 675 2269 728 ὅσα
2303 675 2360 728 ὲν
2385 677 2450 745 τῇ
2481 675 2552 744 γῇ
2579 673 2752 729 κάτω.
2784 691 2804 725 ι
2843 670 2982 726 Καί·
3011 688 3030 722 ι
3062 670 3560 742 Αίσχυνθήτωσαν
3594 667 3803 730 πάντες

2169 767 2220 819 οἱ
2267 765 2700 837 προσκυνοῦντες
2739 766 2851 829 τοῖς
2887 765 3166 832 γλυπτοῖς.
3202 780 3222 814 ι
3274 761 3394 815 Καί
3418 777 3436 793 °
3505 779 3528 812 ε
3561 759 3721 822 Θεοὶ,
3751 759 3800 812 οἳ

2169 859 2260 913 τὸν
2293 859 2523 930 οὐρανὸν
2571 859 2667 916 καὶ
2702 858 2803 928 τὴν
2827 857 2930 929 γῆν
2971 856 3072 909 οὐκ
3119 854 3417 925 ἐποίησαν,
3452 851 3801 906 ἀπολέσθω-

2171 967 2272 1004 σαν
2291 967 2306 982 ο
2341 969 2360 1002 ι
2397 951 2492 1003 καὶ
2517 950 2619 1003 ὅσα
2647 947 3075 1018 τοιουτοτρόπως
3103 946 3274 1001 πάλαι
3300 947 3329 998 6
3356 944 3510 1008 Θεὸς
3538 943 3799 1012 λαλήσας

2168 1042 2281 1103 τοῖς
2310 1040 2582 1110 πατράσιν
2628 1039 2687 1090 ὲν
2732 1038 2845 1100 τοῖς
2882 1036 3211 1107 προφήταις,
3240 1033 3329 1087 ἐπ’
3354 1032 3639 1102 ἐσχάτων
3684 1031 3798 1083 τῶν

2167 1133 2395 1203 ἡμερῶν
2437 1131 2702 1203 ἐλάλησεν
2733 1131 2865 1200 ἡμῖν
2894 1131 2951 1183 tv
2980 1127 3058 1197 τῷ
3087 1128 3374 1197 μονογενεῖ
3421 1122 3614 1180 αὐτοῦ
3651 1120 3793 1191 Υίῷ.

2169 1224 2237 1278 δι’
2266 1220 2328 1280 οὗ
2360 1225 2456 1278 καὶ
2489 1223 2618 1286 τοὺς
2645 1221 2850 1284 αἰῶνας
2877 1219 3155 1292 εποίησεν.
3188 1215 3323 1273 Οῐδα
3352 1216 3448 1273 τὸν
3498 1216 3756 1270 εἰπόντα
3777 1230 3793 1245 ·
3867 1253 3872 1258 ι

2175 1332 2193 1367 ι
2221 1312 2372 1382 Αὕτη
2407 1311 2465 1365 δέ
2499 1318 2646 1366 εστιν
2690 1313 2726 1382 ἡ
2778 1311 2995 1373 αἰώνιος
3037 1307 3173 1378 ζωὴ,
3205 1308 3294 1362 ἵνα
3325 1305 3672 1376 γινώσκωσι
3707 1321 3794 1368 σε,

2167 1405 2259 1460 τὸν
2301 1405 2462 1474 μόνον
2491 1401 2745 1474 ἀληθινὸν
2771 1401 2926 1468 Θεὸν,
2963 1401 3059 1454 καὶ
3087 1400 3147 1453 δν
3183 1399 3526 1462 ἀπέστειλας
3557 1398 3795 1468 Ἰησοῦν

2169 1497 2428 1568 Χριστόν.
2458 1514 2478 1549 ι
2511 1494 2759 1549 Πιστεύω
2802 1495 2882 1558 είς
2923 1493 3020 1549 ἕνα
3047 1492 3203 1556 Θεὸν,
3237 1491 3368 1562 μίαν
3397 1491 3517 1548 τῶν
3544 1491 3789 1544 πάντων

2169 1587 2365 1659 ἀρχὴν,
2392 1587 2649 1658 ἄναρχον,
2678 1585 2955 1648 άκτιστον,
2986 1582 3291 1653 ἀνώλεθρον
3326 1584 3422 1637 καὶ
3458 1581 3782 1646 ἀθάνατον,

2169 1680 2387 1736 αἰώνιον
2427 1679 2524 1734 καὶ
2565 1678 2759 1744 ἀΐδιον,
2797 1677 3207 1748 ἀκατάληπτον,
3236 1674 3562 1746 ἀσώματον,
3598 1674 3782 1743 ἀόρα-

2171 1789 2282 1839 τον,
2319 1770 2754 1842 ἀπερίγραπτον,
2784 1769 3223 1840 ἀσχημάτιστονο
3272 1766 3402 1839 μίαν
3428 1766 3780 1838 ὑπερούσιον

498 1856 690 1923 bilem,
740 1859 1314 1929 incircumscriptum,
1347 1861 1538 1932 figurae
1565 1868 1845 1932 expertem
1875 1876 1893 1916 :
1939 1863 2073 1918 sub-

2177 1863 2379 1929 οὑσίαν,
2429 1862 2697 1932 ὑπέρθεον
2741 1860 3010 1930 θεότητα,
3055 1860 3114 1913 ὲν
3162 1859 3346 1929 τρισὶν
3394 1858 3776 1922 ὑποστάσεσι,

499 1951 762 2005 stantiam
812 1965 977 2008 unam
1025 1966 1193 2022 supra
1251 1953 1578 2009 substantia
1614 1954 1904 2019 rationem,
1946 1953 2072 2010 Dei-

497 2049 671 2096 tatem
725 2055 895 2112 supra
960 2055 1127 2111 quam
1184 2041 1451 2110 divinam,
1513 2044 1568 2097 in
1590 2044 1771 2100 tribus
1797 2045 2072 2114 personis,

499 2131 666 2187 Patre
692 2140 745 2186 et
769 2130 912 2186 Filio
941 2140 996 2187 et
1047 2130 1258 2202 Spiritu
1306 2142 1498 2192 sancto
1534 2152 1548 2188 :
1594 2133 1699 2205 ipsi
1731 2135 1835 2190 soli
1868 2134 2070 2200 servio,

500 2221 605 2292 ipsi
667 2222 773 2276 soli
839 2221 1015 2282 latria:
1074 2223 1288 2286 cultum
1361 2223 1619 2281 adbibeo.
1676 2223 1846 2281 Deum
1899 2241 2071 2282 unum

501 2313 694 2378 adoro,
748 2313 1016 2368 Deitatem
1071 2329 1262 2380 unam,
1312 2317 1409 2371 sed
1465 2325 1522 2372 et
1579 2315 1841 2371 Trinitati
1888 2317 2074 2373 servio

502 2415 890 2470 personarum,
932 2417 1129 2474 nempe
1185 2403 1297 2459 Deo
1347 2403 1523 2471 Patri,
1569 2415 1622 2462 et
1673 2405 1786 2461 Deo
1819 2403 1959 2462 Filio
1995 2406 2074 2460 in-

503 2503 752 2562 carnato,
797 2505 852 2556 et
889 2495 998 2553 Deo
1035 2498 1266 2568 Spiritui
1309 2509 1544 2565 sancto;
1581 2500 1677 2556 uni
1726 2507 1908 2555 tamen
1939 2498 2070 2556 Deo.

499 2585 779 2643 Creaturze
831 2603 941 2643 non
989 2589 1176 2646 servio
1216 2589 1404 2659 potius
1446 2605 1612 2661 quam
1643 2591 1938 2658 Creatori;
1975 2606 2072 2646 ve-

500 2693 622 2733 rum
663 2679 770 2748 ipsi
820 2678 1092 2746 Creatori,
1128 2681 1224 2750 qui
1262 2682 1442 2738 instar
1476 2681 1586 2736 mei
1630 2689 1853 2738 creatus
1895 2681 2074 2738 factus

499 2776 606 2834 est,
642 2778 808 2840 atque
838 2771 976 2824 citra
1017 2770 1103 2827 sui
1153 2770 1568 2844 depressionem
1611 2786 1678 2828 ac
1706 2772 2073 2844 dejectionem

501 2862 566 2916 ad
597 2871 910 2916 creaturam
943 2861 1250 2927 descendit,
1304 2873 1362 2918 nt
1410 2872 1660 2918 naturam
1701 2879 1877 2919 meam
1907 2864 2076 2920 cobo-

503 2960 769 3018 uestaret,
798 2953 1110 3022 divinaeque
1141 2963 1352 3009 natura:
1384 2970 1470 3008 me
1500 2962 1816 3010 consortem
1847 2954 2071 3011 faceret.

501 3043 675 3096 Simul
706 3058 831 3098 cum
867 3058 996 3114 rege
1031 3060 1094 3100 ac
1142 3044 1273 3112 Deo,
1327 3046 1602 3116 corporis,
1633 3053 1692 3099 ut
1726 3046 1802 3100 ita
1857 3047 2074 3116 loquar,

505 3149 802 3202 purpuram
843 3133 1048 3202 adoro;
1088 3149 1198 3189 non
1244 3143 1426 3190 tamen
1457 3145 1729 3204 quatenus
1780 3135 2074 3192 indumen-

503 3231 640 3288 tum,
669 3239 846 3294 neque
874 3233 933 3279 ut
959 3231 1210 3294 quartam
1255 3239 1576 3296 personam,
1607 3227 1700 3282 sed
1743 3234 1802 3280 ut
1829 3241 1958 3296 qua;
1982 3242 2079 3296 pa-

503 3313 637 3368 riter
665 3315 897 3369 exsistat
957 3314 1120 3382 Deus,
1150 3314 1410 3386 idemque
1443 3315 1652 3386 absque
1695 3317 2081 3374 immutatione

505 3402 647 3457 facta
686 3402 854 3458 fuerit
880 3419 1004 3459 cum
1041 3420 1130 3469 eo,
1159 3405 1306 3474 quod
1337 3419 1459 3459 eam
1500 3404 1740 3460 inunxit.
1778 3405 1896 3462 Non
1931 3407 2078 3462 enim

507 3500 700 3547 natura
734 3493 920 3548 carnis
956 3493 1010 3548 in
1055 3493 1325 3551 Deitatem
1361 3494 1576 3562 evasit;
1611 3495 1705 3554 sed
1728 3495 2082 3565 quemadmo-

503 3578 636 3632 dum
679 3577 917 3634 Verbum
971 3597 1200 3640 mancns
1232 3583 1284 3638 id
1324 3583 1470 3656 quod
1497 3593 1638 3652 erat,
1675 3587 1795 3642 sine
1845 3601 2083 3642 conver-

506 3669 662 3724 sione
711 3686 841 3727 caro
874 3673 1080 3732 factum
1124 3684 1243 3741 est;
1286 3677 1367 3734 sic
1417 3693 1635 3748 quoque
1683 3693 1811 3734 caro
1842 3676 2081 3733 Verbum

508 3760 652 3816 facta
704 3772 810 3830 est,
863 3779 973 3819 non
1004 3766 1270 3824 amittens
1320 3768 1371 3822 id
1401 3767 1549 3838 quod
1582 3777 1703 3834 est;
1736 3769 1872 3839 quin
1894 3768 2082 3838 potius

508 3850 650 3904 idem
708 3867 835 3906 cum
890 3853 1071 3910 Verbo
1118 3857 1425 3913 secundum
1484 3858 1825 3929 bypostasim
1865 3857 2078 3913 elIecta.

506 3941 876 4007 Quamobrem
937 3946 1232 4002 invisibilis
1297 3949 1393 4004 Dei
1446 3949 1743 4016 imaginem
1792 3948 2081 4006 eil‘ormare

508 4048 619 4089 non
645 4033 862 4102 dubito,
896 4051 1005 4092 non
1048 4051 1155 4108 qua
1209 4038 1507 4096 invisibilis
1539 4050 1643 4104 est,
1679 4040 1776 4095 sed
1817 4057 1924 4112 qua
1953 4057 2080 4111 pro-

2103 3184 2146 3243 C

2176 1955 2373 2026 Πατρὶ,
2401 1955 2498 2010 καὶ
2527 1954 2664 2024 Υιῷ,
2695 1955 2791 2008 καὶ
2817 1953 2958 2023 ἁγίῳ
2989 1950 3290 2022 Πνεύματι,
3324 1949 3421 2004 καὶ
3445 1949 3636 2018 τούτῳ
3671 1950 3776 2020 μό-

2174 2065 2252 2119 νῳ
2281 2045 2551 2118 λατρεύω,
2582 2045 2677 2099 καὶ
2708 2045 2885 2113 τούτῳ
2917 2044 3066 2114 μόνῳ
3090 2043 3356 2114 προσάγω
3379 2042 3483 2112 τὴν
3513 2041 3624 2110 τῆς
3676 2041 3776 2093 λι-

2174 2141 2363 2214 τρείας
2403 2139 2797 2212 προσκύνησιν.
2813 2136 2932 2191 Ἑνὶ
2961 2135 3082 2206 Θεῷ
3126 2133 3442 2207 προσκυνῶ,
3489 2135 3599 2205 μιᾷ
3645 2133 3774 2188 0e6-

2173 2249 2332 2302 τητι⁹
2382 2230 2518 2288 ἀλλὰ
2559 2231 2657 2285 καὶ
2689 2228 2882 2300 Τριάδι
2931 2227 3182 2297 λατρεύω
3228 2225 3607 2287 ὑποστάσεων,
3644 2224 3771 2294 Θεῷ

2178 2323 2372 2395 Πατρὶ,
2401 2324 2496 2377 καὶ
2541 2321 2661 2391 Θεῷ
2691 2320 2804 2385 Υίῷ
2839 2318 3267 2389 σεσαρκωμένῳ,
3305 2315 3400 2369 καὶ
3445 2314 3572 2384 Θεῷ
3620 2315 3771 2385 ἁγίῳ

2178 2408 2479 2478 Πνεύματι,
2514 2407 2596 2461 ἑνὶ
2637 2406 2777 2477 Θεῷ.
2811 2407 2886 2460 Οὐ
2939 2404 3231 2475 προσκυνῶ
3275 2406 3343 2474 τῇ
3393 2403 3577 2457 κτίσει
3611 2405 3772 2474 παρά

2173 2500 2265 2554 τὸν
2293 2499 2578 2564 κτίσαντα,
2600 2499 2738 2553 ἀλλά
2765 2496 3056 2569 προσκυνῶ
3078 2496 3168 2550 τὸν
3192 2496 3439 2565 κτίστην,
3463 2495 3772 2550 κτισθέντα

2173 2589 2234 2642 τὸ
2279 2587 2400 2641 κατ’
2435 2586 2559 2658 ἐμὲ,
2597 2587 2690 2640 καὶ
2721 2588 2801 2648 είς
2841 2586 3020 2639 κτίσιν
3047 2583 3437 2648 ἀταπεινώτως
3466 2585 3564 2638 καὶ
3612 2585 3767 2638 ἀκα-

2175 2678 2441 2750 θαιρέτως
2473 2677 2899 2749 κατεληλυθότα,
2929 2677 3016 2731 ἵνα
3041 2676 3141 2746 τὴν
3171 2675 3312 2745 ιμὴν
3339 2673 3540 2747 δοξάσῃ
3572 2675 3772 2744 φύσιν,

2174 2770 2271 2822 καὶ
2303 2768 2458 2834 Θείας
2493 2770 2753 2824 κοινωνὸν
2781 2769 3172 2839 ἀπεργάσηται
3199 2766 3437 2836 φύσεως.
3469 2767 3776 2838 Συμπροσ-

2175 2856 2322 2912 κυνῶ
2355 2857 2434 2927 τῷ
2468 2857 2676 2926 βασιλεῖ
2706 2858 2800 2911 καὶ
2823 2857 2962 2927 Θεῷ,
2992 2858 3093 2928 τὴν
3123 2857 3427 2927 ἁλουργίδα
3443 2857 3539 2910 τοῦ
3568 2857 3772 2928 σῶμα·

2175 2966 2288 3014 τος,
2322 2949 2421 3020 οὐχ
2454 2951 2528 3013 ὡς
2565 2950 2799 3019 ἱμάτιον,
2825 2949 2948 3003 οὐδὲ
2997 2947 3073 3012 ὡς
3121 2948 3387 3018 τέταρτον
3425 2950 3728 3020 πρόσωπον
3751 2951 3767 2964 ⁸

2177 3042 2358 3108 ἄπαγε
2380 3058 2393 3072 ο
2425 3040 2540 3094 ἀλλ’
2569 3040 2646 3103 ὡς
2674 3039 2903 3110 όμόθεον
2929 3039 3375 3110 χρηματίσασαν,
3405 3039 3502 3092 καὶ
3533 3041 3777 3109 γενομέ-

2177 3147 2275 3200 νην
2303 3130 2439 3200 ὅπερ
2465 3129 2526 3182 τὸ
2556 3131 2751 3199 χρῖσαν
2784 3127 3196 3199 ἀμεταδλήτως.
3230 3127 3306 3180 Ού
3335 3128 3446 3199 γάρ
3501 3128 3700 3199 θεότης
3730 3130 3767 3199 ἡ

2181 3221 2345 3290 φύσις
2371 3221 2560 3290 γέγονε
2593 3220 2692 3291 τῆς
2727 3221 2950 3290 σαρκὸς,
2977 3218 3092 3274 ἀλλ’
3119 3218 3311 3289 ὥσπερ
3344 3221 3373 3272 6
3407 3220 3578 3288 Λόγος
3628 3222 3770 3290 σὰρξ

2179 3316 2464 3387 ἀτρέπτως
2504 3317 2720 3385 γέγονε,
2755 3317 2941 3386 μείνας
2978 3318 3114 3386 ὅπερ
3142 3311 3232 3387 ἦν,
3267 3317 3418 3371 οὕτω
3448 3318 3598 3388 καὶὴ
3628 3316 3766 3388 σάρξ

2180 3407 2351 3474 Λόγος
2377 3405 2620 3474 γέγονεν,
2655 3405 2753 3459 ούκ
2786 3406 3102 3460 ἀπολέσασα
3126 3405 3276 3458 τοῦθ’
3309 3408 3449 3478 ὅπερ
3474 3407 3613 3470 ἐστὶ,
3634 3425 3764 3461 ταυ-

2180 3498 2436 3568 τιζομένη
2462 3497 2519 3550 δὲ
2548 3497 2750 3568 μᾶλλον
2783 3498 2919 3568 πρὸς
2949 3497 3038 3551 τὸν
3069 3497 3241 3562 Λόγον
3278 3497 3406 3551 καθ’
3445 3500 3756 3554 ὑπόστασιν.

2183 3587 2274 3640 Διὸ
2295 3586 2538 3658 θαρρῶν,
2555 3587 2806 3651 εἰκονίζω
2829 3588 2962 3640 Θεὸν
2988 3588 3076 3640 τὸν
3098 3588 3350 3656 ἀόρατον,
3379 3590 3480 3660 οὐχ
3503 3591 3576 3654 ὡς
3597 3590 3758 3660 ἀόρα-

2179 3695 2308 3742 τον,
2345 3678 2459 3732 ἀλλ’
2487 3678 2562 3741 ὼς
2613 3679 2806 3748 ὁρατὸν
2858 3679 2923 3733 δι’
2950 3681 3099 3748 ἡμᾶς
3155 3680 3490 3750 γενόμενον,
3549 3681 3755 3752 μεθέξει

2181 3770 2382 3841 σαρκὸς
2435 3787 2496 3824 τε
2544 3770 2640 3824 καὶ
2678 3771 2930 3842 αἵματος.
2965 3773 3038 3825 υύ
3090 3771 3191 3842 τὴν
3239 3773 3470 3840 ἀόρατον
3513 3773 3747 3834 είκονίζω

2179 3859 2429 3931 θεότητα,
2457 3860 2576 3914 ἀλλ’
2603 3862 2854 3927 είκονίζω
2899 3863 3036 3917 Θεοῦ
3085 3864 3187 3934 τὴν
3228 3864 3508 3934 ὁραθεῖσσν
3545 3861 3732 3929 σάρκα.

2178 3952 2241 4006 Et
2265 3950 2374 4020 γάρ
2392 3950 2572 4022 ψυχὴν
2597 3951 2860 4006 είκθνίσαι
2887 3953 3196 4022 ἀμήχανον,
3217 3955 3358 4021 πόσῳ
3377 3949 3565 4021 μᾶλλον
3585 3947 3732 4012 Θεὸν,

2177 4042 2271 4096 τὸν
2301 4041 2395 4096 κα)⁵
2424 4045 2488 4114 τῇ
2521 4042 2670 4114 ψυχῇ
2699 4043 2860 4097 δόντα
2889 4044 2951 4096 τὸ
2976 4043 3163 4113 ἄῦλονς

507 4139 626 4199 pter
663 4145 762 4186 nos
800 4132 957 4186 carni
985 4139 1041 4187 et
1065 4133 1325 4204 sanguini
1357 4134 1748 4204 participando
1778 4137 1842 4202 ",
1879 4136 2061 4194 factus
2081 4145 2167 4194 est
2195 4137 2451 4194 visibilis.
2504 4135 2744 4210 lmagine
2795 4153 2906 4193 non
2948 4136 3238 4204 Deitatem,
3283 4137 3377 4193 sed
3415 4140 3754 4206 conspectam

506 4235 731 4278 carnem
795 4223 1068 4294 exprimo.
1137 4223 1275 4279 Nam
1347 4225 1394 4281 si
1463 4227 1822 4284 simulacrum
1884 4230 2082 4287 anima:
2135 4230 2315 4301 eﬂingi
2368 4245 2480 4285 non
2547 4237 2748 4302 potest,
2812 4236 3018 4300 quanto
3078 4229 3261 4285 minus
3306 4228 3405 4285 Dei
3437 4229 3631 4299 ipsius,
3665 4225 3761 4298 qui

509 4318 729 4382 animae,
757 4328 818 4372 ut
847 4319 1090 4374 materiae
1114 4334 1316 4391 expers
1349 4329 1524 4388 esset,
1560 4321 1894 4393 impertivit!

575 4415 629 4470 5.
671 4413 764 4479 At,
792 4415 1072 4485 inquiunt,
1109 4416 1252 4470 Deus
1283 4431 1383 4486 per
1420 4415 1662 4490 Moysem
1704 4419 2081 4492 legislatorem

506 4509 621 4562 ait:
657 4525 676 4557 ι
716 4505 1010 4562 Dominum
1055 4507 1225 4563 Deum
1255 4517 1409 4564 tuum
1434 4510 1716 4576 adorabis,
1748 4522 1802 4568 et
1832 4513 1940 4583 ipsi
1975 4512 2081 4568 soli

507 4600 738 4654 servies.
769 4598 1053 4668 Itemque:
1091 4617 1110 4652 ι
1136 4599 1258 4656 Non
1289 4601 1464 4660 facies
1489 4618 1710 4662 omnem
1745 4605 2073 4661 similitudi-
2099 4584 2157 4647 D

509 4706 634 4745 nem
674 4703 1136 4762 quorumcuuque
1165 4707 1382 4763 eorum,
1432 4711 1556 4766 quin
1585 4697 1642 4754 in
1687 4698 1853 4765 cmlo,
1883 4708 1940 4754 et
1961 4712 2086 4768 qua

508 4781 563 4836 in
600 4789 746 4836 terra
780 4789 932 4836 sunt.
965 4800 985 4834 ι

579 4873 783 4928 Errant
855 4875 938 4929 illi
995 4874 1270 4945 profecto,
1332 4879 1558 4945 fratres,
1612 4881 1709 4950 qui
1763 4883 2081 4939 nescientes

510 4966 848 5035 Scripturas,
903 4967 1142 5023 litteram
1190 4985 1415 5040 quoque
1467 4971 1746 5036 occidere,
1807 4973 2080 5043 Spiritum

510 5058 786 5113 viviticare
817 5073 926 5113 non
956 5068 1162 5115 norunt
1193 5062 1258 5116 ¹⁶.
1304 5062 1456 5127 Quos
1486 5063 1567 5118 sic
1598 5077 1700 5133 ego
1721 5063 1848 5133 jure
1871 5065 2079 5134 possim

508 5147 662 5200 affari
697 5147 854 5217 :Ipse
905 5148 997 5218 qui
1049 5165 1148 5205 vos
1185 5149 1241 5203 id
1287 5150 1498 5214 docuit,
1551 5150 1687 5205 illud
1735 5153 1901 5207 etiam
1931 5157 2080 5222 quod

508 5237 759 5306 sequitur
780 5237 1027 5293 edoceat.
1065 5237 1224 5292 Disce
1251 5253 1491 5307 quonam
1525 5253 1693 5294 sensu
1722 5239 1775 5294 id
1801 5241 2082 5308 legislator

509 5325 922 5398 interpretatur,
968 5329 1026 5384 in
1077 5329 1225 5383 hunc
1275 5328 1393 5386 fere
1448 5329 1674 5386 modum
1731 5331 1788 5386 in
1817 5331 2084 5390 Deutero-

577 5485 788 5562 ’__D_eut.
820 5505 911 5562 vr,
936 5490 1021 5562 i5.
1064 5486 1348 5562 __'°__E§od.
1388 5490 1561 5562 xx,
1639 5490 1680 5521 “
1711 5490 1854 5548 Psal.
1887 5509 2032 5562 xcvr,
2073 5498 2126 5555 7.

513 5550 558 5582 ¹⁸
589 5554 755 5611 llebr.
793 5573 852 5621 ιι,
881 5550 978 5613 ⁷14.
1061 5557 1104 5588 ¹⁶
1139 5556 1181 5610 ll
1220 5557 1350 5615 Cor.
1394 5550 1476 5625 In,
1505 5560 1553 5613 6.

2257 4427 2319 4474 ε’.
2369 4419 2530 4474 Ἀλλά
2548 4459 2564 4486 ,
2605 4419 2770 4489 φησιν
2795 4458 2810 4484 ,
2844 4414 2996 4474 εἶπεν
3024 4419 3054 4471 6
3091 4417 3223 4482 Θεὸς
3249 4416 3339 4471 διὰ
3364 4415 3646 4480 Μωῦσέως
3673 4411 3765 4466 τοῦ

2186 4511 2510 4582 νομοθέτου·
2573 4530 2591 4562 ι
2622 4509 2831 4582 Κύριον
2873 4510 2963 4562 τὸν
3011 4508 3146 4562 Θεόν
3200 4526 3296 4562 σου
3346 4508 3768 4579 προσκυνήσεις,

2182 4604 2276 4660 καὶ
2326 4601 2476 4672 αὑτῷ
2527 4601 2673 4672 μόνῳ
2721 4600 3063 4671 λατρεύσεις.
3093 4621 3114 4656 ι
3157 4602 3304 4656 Καί’
3359 4617 3378 4652 ι
3414 4600 3491 4655 Ού
3526 4599 3770 4667 ποιήσεις

2187 4696 2298 4750 πᾶν
2343 4694 2620 4766 ὁμοίωμα,
2658 4694 2759 4748 ὅσα
2803 4695 2862 4748 ὲν
2909 4693 2988 4764 τῷ
3035 4692 3273 4765 οὐρανῷ,
3310 4692 3404 4748 καὶ
3447 4693 3550 4746 ὅσα
3601 4691 3660 4744 ἂν
3703 4690 3775 4759 τῇ

2184 4789 2276 4856 γῇ.
2309 4803 2328 4837 ι

2269 4879 2534 4948 Ἀδελφοὶ,
2564 4877 2733 4942 ὅντως
2762 4875 3072 4931 πλανῶνται
3097 4877 3148 4928 οἱ
3182 4874 3258 4946 μὴ
3280 4874 3484 4936 εἰδότες
3511 4870 3613 4934 τὰς
3631 4869 3777 4939 Γρα-

2185 4972 2313 5041 φάς,
2347 4971 2424 5034 ὼς
2465 4971 2528 5025 τὺ
2560 4971 2792 5041 γράμμα
2834 4967 3168 5031 ἀποκτείνει,
3201 4967 3263 5018 τὸ
3298 4965 3355 5018 δὲ
3386 4962 3608 5033 πνεῦμα
3641 4962 3777 5023 ζωο-

2189 5066 2366 5117 ποιεῖ·
2419 5065 2470 5117 οἰ
2522 5064 2597 5134 μὴ
2650 5063 2978 5134 ἐρευνῶντες
3009 5060 3072 5112 τὸ
3115 5059 3221 5112 ὑπὸ
3251 5058 3330 5129 τῷ
3355 5058 3654 5130 γράμματι
3681 5070 3780 5108 κε-

2190 5155 2504 5225 κρυμμένον
2536 5153 2776 5224 πνεῦμα.
2811 5152 2953 5222 Πρὸς
2996 5149 3090 5212 οὓς
3134 5151 3202 5204 ἂν
3248 5150 3420 5218 ἀξίως
3469 5149 3721 5219 εἴποιμι·
3749 5148 3782 5200 6

2188 5245 2348 5298 τοῦτο
2375 5243 2592 5308 διδάξας
2615 5245 2781 5314 ὑμᾶς,
2807 5241 3072 5306 διδαξάτω
3097 5242 3193 5294 καὶ
3213 5241 3273 5294 τὸ
3303 5241 3596 5310 ἑπόμενον.
3621 5237 3778 5293 suo:

2188 5337 2336 5399 ὅπως
2363 5333 2651 5406 ἑρμηνεύει
2679 5335 2708 5388 6
2741 5332 3036 5405 νομοθέτης
3063 5326 3165 5400 ᾦδὲ
3193 5348 3316 5395 πως
3369 5331 3429 5384 ὲν
3457 5329 3539 5401 τῷ
3578 5332 3778 5383 Δευτε--

2207 5499 2248 5530 ¹¹
2277 5498 2553 5562 Jerem.x,
2585 5497 2673 5552 17.
2751 5496 2794 5528 ¹³
2830 5494 2995 5550 Hebr.
3037 5509 3073 5559 ι,
3116 5496 3165 5549 1.
3248 5493 3484 5552 "Joan.
3521 5509 3674 5562 xvn,
3716 5493 3772 5547 2.

2023 5648 2250 5704 NOI‘JE.

583 5753 660 5823 (°)~
687 5754 981 5827 luterpres,
1019 5762 1205 5816 omisit
1249 5783 1258 5817 :
1304 5764 1366 5819 Et
1399 5783 1440 5816 ιι
1481 5764 1597 5819 Non
1627 5765 1854 5822 habebis
1887 5766 2018 5824 deos
2049 5767 2275 5824 alienos.
2328 5786 2345 5819 ι
2375 5766 2564 5837 (Exod.
2604 5783 2692 5832 xx,
2735 5764 2811 5830 ὖ.)
