4074 6146
303 507 534 578 ρονομίῳ
560 503 737 573 λέγων
757 518 771 536 ο
809 522 828 556 ι
854 504 964 558 Kal
1013 505 1244 576 ὲλάλησε
1276 506 1482 578 Κύριος
1510 509 1646 580 πρὸς
1675 510 1818 580 ὑμᾶς
1836 510 1865 548 ιι

301 600 359 652 ἐκ
392 598 556 669 μέσου
582 595 679 650 τοῦ
711 598 882 668 πυρός
908 615 919 627 ·
949 599 1132 668 φωνὴν
1163 601 1423 671 ῥημάτων
1456 602 1615 672 ὑμεῖς
1639 601 1874 670 ἡκούσα-

301 705 377 750 τε,
410 687 505 742 καὶ
551 687 806 758 ὁμοίωμα
857 689 956 742 οὐκ
998 689 1188 756 εἴδετε,
1225 691 1341 745 ἀλλ’
1380 691 1414 762 ἢ
1465 693 1672 764 φωνήν.
1704 712 1724 745 ›
1764 693 1875 746 Kal

305 782 414 849 μετ’
457 780 647 848 ὀλίγα·
710 782 867 835 «Καὶ
914 782 1226 850 φυλάξασθε
1283 783 1493 855 σφόδρα
1542 783 1642 848 τὰς
1697 785 1875 855 ψυχὰς

302 871 471 941 ὑμῶν,
505 871 587 925 ὅτι
610 871 862 943 ὁμοίωμα
888 873 987 926 οὐκ
1014 874 1178 927 εἴδετε
1202 877 1258 928 ὲν
1279 877 1345 947 τῇ
1367 876 1551 948 ήμέρᾳ
1645 876 1875 947 ἐλάλησε

301 961 500 1033 Κύριος
533 963 671 1034 πρὸς
700 965 845 1034 ὑμᾶς
889 965 946 1018 ὲν
991 965 1195 1037 Χωρὴὸ
1230 968 1288 1020 ἐν
1321 966 1400 1038 τῷ
1423 967 1564 1038 ὄρει,
1592 967 1656 1021 ἐκ
1708 968 1874 1038 μέσου

301 1053 389 1105 τοῦ
439 1053 629 1124 πυρὸς,
663 1055 874 1124 μήποτε
925 1056 1235 1129 ἀνομήσητε
1292 1060 1388 1114 καὶ
1440 1060 1705 1130 ποιήσητε
1745 1060 1876 1130 ὑμῖν

304 1145 511 1207 ἑαυτοῖς
558 1145 795 1213 γλυπτὺν
844 1149 1114 1221 ὁμοίωμα,
1146 1153 1326 1206 πᾶσαν
1371 1153 1579 1218 εἰκόνα,
1626 1153 1876 1224 ὁμοίωμα

303 1235 587 1304 ἀρσενικοῦ
620 1235 652 1308 ἢ
681 1237 940 1309 θηλυκοῦ,
970 1241 1220 1313 ὁμοίωμα
1265 1245 1468 1309 παντὸς
1510 1245 1740 1317 κτήνους
1765 1244 1874 1298 τῶν

303 1328 466 1381 ὄντων
503 1330 594 1381 ἐπὶ
625 1329 724 1399 τῆς
756 1332 878 1401 γῆς,
906 1333 1158 1405 ὁμοίωμα
1186 1337 1388 1402 παντὸς
1425 1337 1612 1409 ὀρνέου
1661 1354 1874 1407 πτερω-

303 1418 417 1481 τοῦ,
452 1436 469 1469 ι
521 1419 616 1474 καὶ
661 1423 729 1474 τά
767 1421 914 1494 ἑξῆς.
951 1426 1060 1480 Kal
1095 1429 1234 1498 μετά
1276 1429 1516 1500 βραχέα·
1557 1447 1578 1480 ‹
1606 1429 1718 1482 Kal
1767 1429 1872 1499 μή·

305 1523 431 1559 ποτε
461 1507 768 1578 ἀναϐλέψας
803 1513 884 1575 είς
911 1514 1002 1567 τὸν
1031 1505 1279 1586 οὐρανὸν,
1312 1519 1408 1572 καὶ
1431 1517 1553 1573 ἰδὼν
1584 1517 1675 1572 τὸν
1698 1518 1872 1588 ἣλιον,

306 1596 397 1650 καὶ
438 1597 538 1668 τὴν
572 1600 822 1672 σελήνην,
857 1605 951 1658 καὶ
995 1607 1122 1670 τοὺς
1152 1608 1408 1680 ἀστέρας,
1445 1610 1535 1662 καὶ
1568 1609 1745 1663 πάντα
1785 1609 1873 1662 τὸν

305 1688 506 1758 κόσμον
525 1689 620 1743 τοῦ
643 1692 896 1762 οὐρανοῦ,
920 1695 1236 1768 πλανηθεὶς,
1255 1700 1644 1771 προσκυνήσῃς
1669 1699 1870 1765 αὐτοῖς,

303 1781 394 1835 καὶ
418 1781 724 1856 λατρεύσῃς
746 1786 949 1850 αὐτοῖς.
985 1807 1004 1839 ι

1417 397 1514 457 DE
1549 394 2006 457 IMAGINIBUS
2041 396 2323 458 ORATIO
2345 399 2394 458 I.

1979 508 2163 563 nomio
2202 509 2438 580 loquens
2478 530 2491 566 :
2540 531 2557 562 ι
2592 514 2654 568 Et
2686 515 2904 570 loeutus
2941 524 3027 572 est
3052 515 3321 574 Dominus
3357 520 3424 575 ad
3454 537 3553 577 V05

1981 596 2049 652 de
2079 597 2262 652 medio
2305 599 2474 670 ignis.
2527 600 2732 659 Vocem
2769 605 3061 661 verborum
3109 621 3204 662 vos
3229 607 3464 666 audistis
3499 619 3554 666 et

1979 689 2399 745 similitudinem
2471 708 2582 747 non
2664 693 2924 762 vidistis,
2978 696 3073 752 sed
3155 713 3349 753 vocem
3429 707 3550 756 tan-

1977 786 2094 833 tum
2121 780 2185 834 ”.
2215 799 2234 833 ι
2266 782 2344 836 Ac
2389 784 2552 851 paulo
2579 791 2701 850 post
2734 803 2746 838 :
2787 804 2806 835 ‹
2831 784 2894 839 Et
2926 793 3140 842 servate
3160 788 3318 843 valde
3341 790 3554 846 animas

1979 879 2214 938 vestras,
2269 874 2399 942 quia
2453 875 2869 931 similitudinem
2924 892 3032 932 non
3089 879 3326 946 vidistis,
3379 881 3435 935 in
3467 882 3556 938 die

1981 963 2144 1034 310
2168 979 2273 1036 qua
2296 967 2516 1022 locutus
2549 973 2633 1022 est
2662 966 2927 1022 Dominus
2955 971 3021 1022 ad
3059 985 3152 1025 vos
3180 971 3237 1025 in
3267 969 3472 1037 Horeb,
3497 973 3552 1026 in

1980 1064 2166 1111 monte
2223 1056 2291 1112 de
2337 1058 2516 1112 medio
2567 1058 2755 1127 ignis:
2789 1059 3082 1129 nequando
3143 1071 3334 1116 contra
3381 1063 3554 1133 legem

1979 1147 2176 1217 agatis,
2247 1146 2581 1218 faciatisque
2630 1149 2788 1204 vobis
2849 1150 3111 1218 sculptile
3175 1151 3552 1216 simulacrum,

1978 1252 2198 1293 onmem
2253 1240 2570 1310 imaginem,
2632 1241 3052 1297 similitudinem
3107 1242 3338 1298 masculi
3388 1253 3440 1298 et
3476 1244 3554 1298 fe-

1979 1330 2160 1394 mina},
2211 1331 2633 1389 similitudinem
2666 1333 2848 1390 omnis
2874 1333 3134 1406 jumenti,
3167 1334 3315 1403 quod
3344 1343 3431 1390 est
3465 1350 3558 1390 su-

1977 1434 2074 1491 per
2119 1431 2345 1489 terram,
2398 1424 2820 1482 similitudinem
2881 1427 3063 1480 omnis
3127 1426 3371 1481 volucris
3421 1441 3554 1495 pen-

1978 1522 2123 1568 nata:
2155 1514 2220 1581 ³⁸,
2267 1533 2284 1564 ι
2315 1524 2422 1571 etc.
2451 1515 2517 1570 Et
2551 1517 2744 1586 paucis
2775 1517 3118 1587 interiectis:
3165 1536 3184 1568 ι
3222 1516 3287 1570 Ει
3319 1533 3384 1572 ne
3414 1516 3555 1573 forte

1979 1607 2208 1662 elevatis
2258 1607 2436 1661 oculis
2493 1607 2560 1663 ad
2592 1608 2814 1675 caelum,
2864 1617 2919 1663 et
2967 1609 3140 1664 solem
3169 1618 3223 1663 et
3251 1609 3435 1662 lunam
3469 1607 3552 1662 in-

1978 1695 2176 1762 tuitus,
2216 1703 2270 1749 et
2313 1705 2486 1763 astra,
2522 1712 2854 1768 omnemque
2893 1698 3022 1754 εωιὶ
3055 1708 3335 1765 ornatum,
3363 1713 3551 1754 errore

1982 1787 2271 1860 deceptus,
2301 1790 2500 1846 adores
2527 1805 2614 1854 ea,
2647 1801 2702 1848 et
2735 1792 2944 1848 servias
2967 1792 3103 1863 ipsis
3135 1794 3198 1846 ¹⁹.
3229 1811 3248 1845 ι

371 1872 446 1937 ς’.
485 1874 666 1946 Ὁρᾷς,
701 1877 779 1941 ὠς
821 1873 903 1942 εἷς
948 1880 1099 1934 ἐστιν
1144 1881 1172 1932 ὁ
1217 1883 1438 1946 σκοπὸς,
1469 1884 1610 1938 ὥστε
1658 1883 1733 1954 μὴ
1781 1883 1876 1936 λα-

2054 1881 2107 1935 6.
2134 1881 2329 1937 Cernis
2367 1882 2473 1938 hoc
2506 1899 2679 1938 unum
2713 1884 3016 1940 consilium
3059 1898 3206 1948 esse,
3249 1899 3319 1940 ne
3353 1883 3564 1939 scilicet

304 1962 526 2032 τρεῦσαι
573 1969 640 2038 τῇ
689 1969 866 2022 κτίσει
919 1972 1069 2042 παρά
1097 1972 1188 2027 τὸν
1223 1974 1508 2038 κτίσαντα,
1543 1975 1681 2046 μηδὲ
1710 1991 1878 2046 προσ-

304 2057 530 2122 αγαγεῖν
557 2058 657 2129 τὴν
688 2059 786 2130 τῆς
813 2060 1068 2134 λατρείας
1102 2064 1497 2136 προσκύνησιν,
1529 2066 1643 2120 ἀλλ’
1672 2067 1705 2139 ἥ
1735 2067 1882 2137 μόνῳ

303 2143 380 2215 τῷ
405 2145 760 2220 δημιουργῷ;
785 2151 877 2204 Διὸ
903 2155 1156 2225 πανταχῆ
1186 2155 1447 2210 συνάπτει
1477 2159 1542 2228 τῇ
1573 2157 1883 2229 προσκυνή-

305 2251 386 2290 σει
413 2237 513 2310 τήν
545 2239 817 2311 λατρείαν.
853 2244 1024 2299 Πάλιν
1067 2246 1179 2318 γάρ
1223 2264 1388 2318 φησιν
1411 2260 1427 2279 ⁸
1465 2267 1484 2302 ι
1511 2250 1625 2304 Οὐκ
1668 2249 1882 2305 ἔσονταί

307 2345 387 2383 σοι
417 2328 530 2384 θεοὶ
559 2331 759 2400 ἕτεροι,
794 2335 934 2407 πλὴν
963 2337 1121 2410 ἐμοῦ.
1155 2340 1231 2394 Οὐ
1274 2342 1520 2410 ποιήσεις
1549 2341 1726 2413 ἑαυτῷ
1750 2341 1883 2410 γλυ-

307 2421 460 2488 πτὺν,
483 2424 604 2478 οὐδὲ
634 2429 743 2481 πᾶν
775 2429 1045 2501 ὁμοίωμα,
1077 2431 1197 2485 οὐδὲ
1227 2435 1626 2505 προσκυνήσεις
1676 2433 1880 2500 αὐτοῖς,

307 2512 412 2567 οὐδ’
447 2516 508 2569 οὐ
547 2517 621 2588 μὴ
651 2518 957 2594 λατρεύσῃς
985 2523 1189 2590 αὐτοῖς,
1222 2525 1304 2578 ὅτι
1335 2523 1447 2593 ἐγώ
1473 2527 1590 2595 είμι
1616 2525 1824 2598 Κύριος
1854 2527 1883 2579 ό

303 2607 436 2671 Θεὸς
484 2609 658 2678 ὑμῶν,
693 2630 712 2664 ι
767 2615 877 2667 Kal
931 2615 1132 2668 πάλιν’
1188 2635 1206 2668 ι
1239 2616 1374 2680 Τοὺς
1435 2617 1651 2688 βωμοὺς
1702 2617 1884 2673 αὐτῶν

306 2699 604 2767 καθελεῖτε,
632 2706 725 2758 καὶ
755 2707 855 2770 τὰς
889 2710 1090 2780 στήλας
1123 2709 1304 2765 αὐτῶν
1335 2711 1672 2783 συντρίψετε,
1699 2713 1797 2767 καὶ
1815 2713 1884 2768 τὰ

305 2789 442 2862 ἄλση
477 2792 657 2848 αὐτῶν
696 2797 982 2867 ὲκκόψετε,
1015 2803 1108 2854 καὶ
1136 2802 1204 2855 τὰ
1236 2804 1454 2871 γλυπτά
1481 2805 1589 2858 τῶν
1620 2805 1757 2860 θεῶν
1786 2805 1884 2859 αὒ-

305 2878 415 2932 τῶν
460 2885 838 2940 κατακαύσετε
886 2890 1038 2960 -πυρί,
1071 2892 1146 2944 Οὐ
1195 2893 1306 2963 γάρ
1353 2893 1430 2965 μὴ
1469 2897 1885 2967 προσκυνήσητε

307 2968 425 3038 Θεῷ
447 2972 638 3044 ἑτέρῳ.
665 2994 683 3026 ι
721 2977 830 3030 Kal
862 2980 980 3048 μετ’
995 2981 1180 3050 ὀλίγα’
1217 3000 1237 3036 ι
1266 2983 1376 3036 Kal
1396 2983 1552 3049 θεοὺς
1585 2987 1886 3056 χωνευτοὺς

308 3061 370 3112 οὺ
405 3066 652 3133 ποιήσεις
683 3070 913 3141 σεαυτῷ.
946 3089 966 3122 ι

381 3151 447 3216 ζ’·
490 3154 672 3227 Ὁρᾷς,
703 3159 780 3222 ὡς
827 3161 927 3231 τῆς
975 3162 1422 3237 είδωλολατρείας
1462 3166 1646 3232 ἕνεκα,
1678 3169 1887 3237 ἀπαγο-

312 3244 460 3313 ρεύει
484 3247 582 3318 τὴν
608 3252 1050 3324 εἰκονογραφίαν,
1091 3257 1184 3310 καὶ
1213 3258 1294 3311 ὅτι
1325 3259 1586 3313 ἀδύνατον
1624 3261 1886 3323 εἰκονίζε-

313 3335 435 3388 σθαι
465 3337 619 3404 Θεὸν,
642 3341 734 3394 τὸν
759 3343 986 3413 ἄποσον,
1021 3347 1115 3399 καὶ
1141 3348 1576 3419 ἀπερίγραπτον,
1613 3351 1707 3404 καὶ
1731 3351 1892 3421 ἀόρα-

310 3444 435 3494 τον;
473 3446 491 3480 ι
521 3431 596 3483 Ub
626 3432 734 3504 γὰρ
763 3431 902 3499 εἶδος
924 3436 1111 3503 αὑτοῦ,
1142 3439 1324 3509 φησὶν,
1359 3441 1639 3510 ἑωράκατε
1660 3458 1672 3471 ·
1703 3425 1728 3493 ι’
1749 3441 1892 3495 καθά

311 3518 406 3572 καὶ
433 3520 643 3586 Παῦλος
667 3525 839 3590 ἑστὼς
864 3530 921 3581 ὲν
953 3529 1104 3600 μέσῳ
1130 3529 1224 3583 τοῦ
1255 3530 1464 3604 Ἀρείου
1493 3531 1690 3599 πάγου,
1717 3533 1850 3602 φησί
1874 3550 1887 3563 ·

319 3629 338 3662 ‹
368 3611 530 3675 Γένος
557 3610 651 3667 οῦν
677 3617 1016 3688 ὑπάρχοντες
1051 3619 1144 3673 τοῦ
1176 3621 1333 3684 Θεοῦ,
1368 3621 1472 3675 οὐκ
1495 3621 1783 3692 ὀφείλομεν
1809 3640 1895 3677 νοο

316 3704 513 3773 μίζειν,
554 3709 781 3780 χρυσίῳ,
818 3711 849 3780 ἢ
881 3711 1212 3783 ἀργυρίῳ,ἢ
1258 3711 1410 3784 λίθῳ,
1446 3714 1762 3785 χαράγματι
1808 3714 1894 3768 τέ-

310 3813 446 3866 χνης
505 3800 600 3851 καὶ
661 3800 1010 3874 ἐνθυμήσεως
1071 3803 1362 3875 ἀνθρώπου
1393 3847 1408 3871 ,
1459 3807 1519 3860 τὸ
1563 3808 1706 3861 θεῖον
1758 3801 1896 3861 εἶναι

313 3885 520 3959 ὅμοιον.
564 3908 581 3940 ι

387 4073 459 4140 η’.
501 4067 776 4131 Ἰουδαίοις
809 4072 930 4140 μὲν,
961 4069 1051 4124 διὰ
1074 4070 1136 4124 τὸ
1161 4070 1300 4141 πρὸς
1331 4071 1778 4142 είδωλολατρείαν
1812 4072 1898 4125 εὐ-

309 4161 529 4215 όλισθον
580 4161 755 4216 ταῦτα.
801 4163 1224 4234 νενομοθέτητο·
1267 4165 1427 4234 ἡμεῖς
1451 4164 1531 4227 δὲ,
1574 4164 1899 4233 θεολογικῶς

310 4256 512 4318 εἰπεῖν,
545 4253 628 4319 οἷς
672 4255 828 4327 ἐδόθη
879 4258 1112 4326 φυγοῦσι
1143 4258 1240 4328 τὴν
1270 4258 1641 4328 δεισιδαίμονα
1690 4258 1900 4331 πλάνην

312 4347 458 4419 μετά
485 4347 576 4401 τοῦ
604 4347 736 4401 Θεοῦ
780 4347 1053 4417 γενέσθαι,
1097 4350 1436 4417 ἐπεγνωκόσι
1480 4349 1575 4421 τὴν
1613 4350 1894 4421 ἀλήθειαν,

310 4439 411 4493 καὶ
441 4438 560 4506 Θεῷ
591 4439 735 4508 μόνῳ
768 4439 1072 4510 λατρεύειν,
1102 4442 1198 4495 καὶ
1225 4443 1323 4512 τῆς
1358 4441 1689 4510 θεογνωσίας
1733 4460 1896 4496 κατα-

1914 3213 1958 3270 C

1984 1979 2254 2027 creaturae
2308 1975 2516 2043 potius,
2557 1988 2722 2043 quam
2749 1973 2999 2029 Creatori
3044 1973 3375 2040 serviamus,
3425 1987 3563 2027 neve

1985 2070 2182 2134 prmter
2206 2063 2387 2134 ipsum
2416 2065 2676 2134 cuiquam
2707 2063 2961 2119 servilem
2992 2065 3200 2119 cultum
3232 2064 3563 2119 oﬂ‘eramus?

1985 2157 2198 2213 Idcirco
2242 2159 2391 2215 enim
2448 2159 2653 2229 ubique
2709 2158 3022 2214 adorationi
3081 2159 3302 2214 latriam
3357 2160 3560 2230 jungit.

1985 2247 2228 2305 Rursum
2261 2250 2463 2320 quippe
2497 2251 2574 2304 ait
2610 2265 2623 2302 :
2684 2266 2704 2302 ι
2735 2247 2855 2304 Non
2907 2259 3073 2305 erunt
3126 2250 3224 2306 tibi
3261 2249 3337 2304 dii
3390 2251 3562 2320 aliqui

1986 2350 2189 2413 praeter
2219 2357 2326 2398 me.
2378 2340 2501 2397 Non
2536 2340 2706 2399 facies
2745 2340 2843 2397 tibi
2876 2341 3154 2412 sculptile,
3188 2357 3364 2412 neque
3394 2343 3560 2398 ullam

1987 2434 2458 2490 similitudinem:
2505 2449 2617 2490 non
2674 2433 2934 2490 adorabis
2990 2449 3077 2500 ea,
3123 2449 3301 2504 neque
3352 2435 3562 2490 servies

1987 2523 2162 2593 ipsis;
2206 2524 2468 2595 quoniam
2499 2539 2604 2595 ego
2630 2524 2899 2580 Dominus
2930 2523 3076 2580 Deus
3119 2533 3304 2580 vester
3333 2525 3402 2578 ⁸ο.
3441 2542 3460 2573 ι
3499 2524 3564 2578 Et

1986 2616 2187 2670 iterum
2225 2633 2239 2670 :
2273 2633 2292 2666 ι
2332 2617 2492 2682 Aras,
2531 2615 2734 2685 inquit,
2768 2629 2961 2670 eorum
2993 2613 3349 2681 subvertetis,
3379 2623 3433 2668 et
3457 2621 3564 2669 sta-

1988 2717 2110 2762 tuas
2160 2722 2350 2762 eorum
2405 2705 2800 2776 confringetis,
2843 2715 2898 2762 et
2923 2707 3081 2762 lucos
3135 2721 3326 2760 eorum
3375 2705 3561 2761 succi-

1987 2797 2151 2864 detis,
2186 2805 2241 2852 et
2279 2799 2559 2868 sculptilia
2583 2797 3078 2866 deorumipsorum
3113 2797 3236 2868 igne
3271 2797 3564 2851 combure-

1988 2886 2083 2942 tis.
2136 2887 2307 2942 Deum
2358 2889 2504 2942 enim
2561 2887 2795 2941 alterum
2844 2903 2954 2940 non
3008 2886 3331 2942 adorabilis.
3361 2888 3404 2920 ’ί
3442 2905 3462 2938 ι
3501 2886 3567 2938 Et

1989 2982 2114 3044 post
2146 2989 2321 3044 pauca
2376 2993 2388 3028 :
2448 2992 2466 3026 ι
2501 2974 2567 3028 Et
2629 2976 2786 3042 deos,
2859 2975 3067 3046 inquit,
3121 2975 3425 3033 conﬂatiles
3456 2990 3565 3031 non

1991 3065 2158 3120 facies
2188 3066 2289 3121 tibi
2321 3067 2386 3122 ’³.
2413 3086 2432 3119 ι

2064 3157 2116 3208 7.
2153 3155 2349 3212 Annon
2386 3157 2539 3212 vides
2565 3157 2709 3228 quod
2743 3157 3069 3213 idololatriae
3105 3157 3567 3228 fugiendzegratia

1993 3245 2265 3318 imagines
2290 3248 2570 3304 efformari
2614 3249 2944 3320 prohibeat;
2973 3248 3172 3317 quippe
3216 3263 3339 3302 cum
3369 3248 3421 3300 in
3457 3247 3571 3316 pri-

1993 3340 2096 3396 mis
2146 3340 2262 3395 fierl
2293 3356 2402 3395 non
2455 3342 2656 3411 possit,
2695 3349 2754 3394 ut
2800 3340 3002 3410 efﬁgies
3055 3339 3151 3394 Dei
3205 3340 3570 3410 exprimatur,

1993 3433 2088 3503 qui
2121 3446 2223 3488 nec
2256 3433 2626 3503 quantitatem
2668 3433 2859 3498 habet,
2893 3447 2994 3489 nec
3024 3430 3428 3494 circumscribi,
3468 3445 3572 3484 nec

1995 3523 2237 3594 perspici
2296 3524 2511 3592 potest?
2544 3543 2562 3574 ‹
2619 3523 2809 3593 Neque
2855 3524 3004 3579 enim
3054 3522 3307 3586 formam,
3367 3521 3570 3587 inquit,

1995 3613 2171 3682 ipsius
2198 3613 2562 3682 perspexistis
2589 3614 2660 3666 ’³.
2697 3633 2715 3665 ι
2746 3613 3218 3679 Quemadmodum
3244 3613 3408 3668 etiam
3438 3609 3576 3666 Pau-

1997 3706 2084 3760 lus
2121 3704 2177 3760 in
2233 3705 2414 3760 medio
2453 3715 2607 3761 stans
2640 3705 2935 3777 Areopagi,
2971 3707 3048 3759 ait
3080 3723 3094 3760 :
3151 3723 3170 3756 ι
3202 3704 3391 3760 Genus
3437 3717 3571 3774 ergo

1998 3811 2122 3852 cum
2162 3795 2338 3851 simus
2393 3795 2510 3859 Dei,
2547 3810 2654 3849 non
2709 3796 2976 3853 debemus
3034 3797 3311 3852 :cstimare
3360 3809 3496 3850 auro
3523 3803 3578 3852 et

2000 3900 2251 3960 argento,
2290 3896 2384 3942 aut
2416 3888 2583 3958 lapidi
2621 3889 2920 3958 sculptura:
2955 3889 3114 3954 artis,
3139 3896 3194 3944 et
3219 3887 3578 3959 cogitationis

2000 3979 2242 4034 hominis
2267 3979 2510 4034 divinum
2543 3994 2668 4035 esse
2699 3980 2882 4035 simile
2911 3980 2976 4033 “.
3021 3999 3040 4032 ι

2071 4071 2124 4126 8.
2161 4071 2365 4126 Judaeis
2423 4071 2670 4142 quidem,
2714 4071 2973 4141 quoniam
3025 4071 3093 4124 ad
3153 4070 3298 4125 idola
3349 4069 3578 4124 colenda

2005 4161 2404 4231 prOpensiores
2431 4167 2612 4226 erant,
2640 4160 2756 4215 haec
2789 4161 3037 4229 injuncta
3067 4159 3307 4213 fuerunt.
3340 4156 3450 4212 Nos
3481 4173 3580 4211 au-

2001 4259 2135 4316 tem,
2175 4252 2396 4321 quibus,
2456 4259 2516 4305 ut
2575 4267 2702 4306 cum
2755 4250 3033 4320 Theologo
3067 4249 3264 4316 loquar
3291 4248 3358 4310 ’⁸,
3388 4248 3576 4302 datum

2001 4355 2106 4409 est,
2171 4354 2250 4410 ut,
2311 4345 2517 4400 evitato
2574 4344 2990 4411 superstitionis
3027 4355 3241 4406 errore,
3291 4347 3347 4394 et
3393 4341 3581 4410 agnita

2002 4439 2253 4502 veritate,
2279 4452 2405 4492 cum
2440 4435 2550 4490 Deo
2591 4449 2724 4505 pure
2775 4447 3080 4496 versemur,
3127 4433 3288 4502 eique
3329 4435 3430 4489 soli
3464 4449 3582 4490 ser-

310 4528 620 4599 πλουτῆσαι
644 4528 741 4600 τὴν
773 4529 1106 4602 τελειότητα,
1142 4532 1235 4586 καὶ
1265 4534 1346 4596 εἰς
1369 4533 1537 4604 ἄνδρα
1558 4534 1885 4604 καταντῆσαι

2002 4529 2241 4597 vientes,
2294 4527 2569 4598 perfectas
2617 4525 2820 4578 divinae
2874 4523 3129 4579 scientiae
3177 4524 3402 4581 divitias
3425 4541 3578 4582 asse—

308 4622 540 4687 τέλειον,
562 4621 892 4691 παρελθοῦσι
922 4622 1020 4692 τὴν
1046 4623 1372 4693 νηπιότητα,
1396 4624 1495 4676 οὐκ
1516 4623 1594 4676 ἔτι
1618 4624 1722 4678 ὑπὸ
1742 4627 1899 4679 παιδ-

312 4714 534 4784 αγωγὸν
568 4714 755 4783 ἐσμὲν,
786 4713 1042 4776 λαϐόντες
1073 4714 1173 4784 τήν
1204 4713 1548 4786 διακριτικὴν
1600 4715 1713 4779 ἕξιν
1746 4715 1900 4786 παρά

312 4807 478 4872 Θεοῦ,
513 4807 608 4860 καὶ
639 4805 840 4868 εἰδότες
864 4804 916 4857 τί
947 4803 1008 4857 τὸ
1041 4803 1463 4875 είκονιζόμενον,
1497 4806 1590 4858 καὶ
1631 4806 1684 4858 τί
1717 4811 1778 4859 τὸ
1817 4807 1899 4858 εί-

313 4896 437 4953 κόνι
469 4896 542 4967 μὴ
577 4895 1080 4967 περιγραφόμενον.
1122 4914 1140 4947 ι
1170 4894 1244 4948 Οὐ
1280 4894 1388 4966 γὰρ
1413 4890 1553 4958 εἶδος
1578 4895 1763 4962 αὐτοῦ,
1790 4913 1899 4967 φη-

316 4990 428 5052 σὶν,
465 4989 764 5059 ἑωράκατε.
795 5008 812 5041 ι
867 4987 1042 5042 Βαϐαὶ
1083 4986 1180 5058 τῆς
1213 4987 1406 5055 σοφίας
1437 4986 1532 5040 τοῦ
1565 4987 1856 5058 νομοθέτου
1883 4990 1895 5042 !

313 5079 446 5143 Πῶς
476 5081 906 5152 είκονισθήσεται
950 5081 1012 5132 τὸ
1058 5079 1315 5150 ἀόρατον;
1348 5079 1474 5142 Πῶς
1507 5080 1895 5152 εἰκασθήσεται

313 5172 380 5226 τὸ
401 5171 717 5226 ἀνείκαστον
739 5189 752 5236 ;
784 5172 906 5236 Πῶς
934 5172 1282 5242 γραφήσεται
1309 5170 1367 5224 τὸ
1397 5171 1619 5235 ἇποσον,
1645 5172 1739 5226 xal
1761 5171 1898 5242 ἁμέ-

312 5261 498 5329 γεθες,
523 5262 617 5316 καὶ
648 5263 931 5332 ἁόριστον;
965 5261 1089 5325 Πῶς
1116 5259 1484 5326 ποιωθήσεται
1524 5259 1584 5313 τὸ
1623 5260 1896 5328 ἀνείδεον;

312 5351 446 5417 Πῶς
481 5353 1116 5425 χρωματουργηθήσεται
1143 5353 1206 5406 τὸ
1235 5351 1562 5423 ἀσώματον;
1592 5352 1656 5404 Τί
1701 5348 1794 5407 οὖν
1837 5352 1898 5405 τὸ

399 5467 440 5500 ³⁷
482 5465 640 5519 Deut.
680 5479 754 5526 tv,
814 5465 900 5516 12.
980 5465 1022 5497 ³⁸
1050 5465 1183 5519 ibid.
1217 5465 1407 5520 15-17.

320 5536 416 5592 17.
493 5535 541 5566 ’³
568 5533 725 5588 Deut.
754 5550 824 5598 IV,
860 5533 946 5588 12.
1021 5533 1068 5564 ¹¹⁵
1096 5534 1218 5588 Act.
1277 5551 1412 5600 xvtt,
1438 5535 1529 5591 29.

1511 5465 1552 5496 ¹⁰
1595 5465 1728 5520 ibid.
1774 5465 1861 5519 19.
1939 5464 1985 5495 ¹⁰
2025 5462 2183 5517 Deut.
2211 5477 2265 5526 ν,
2298 5461 2353 5516 8.

1633 5537 1684 5567 ³⁸
1717 5534 1879 5604 Greg.
1918 5532 2050 5587 Νη.
2089 5539 2231 5586 orat.
2258 5531 2349 5586 59.

2002 4635 2261 4693 quamur,
2330 4635 2394 4674 ac
2446 4617 2693 4673 infantia:
2743 4624 2906 4671 :etate
2955 4621 3236 4672 transacta
3288 4618 3343 4670 in
3401 4617 3578 4672 virum

2000 4712 2308 4786 perfectum
2340 4722 2706 4764 occurramus
2733 4709 2800 4775 ’⁸,
2837 4722 2951 4762 non
2985 4722 3177 4763 sumus
3211 4710 3446 4778 amplius
3478 4709 3582 4766 sub

2002 4801 2396 4875 paedagogo",
2437 4801 2640 4871 quippe
2694 4799 2789 4870 qui
2841 4799 3195 4854 discernendi
3257 4799 3581 4856 facultatem

2002 4902 2056 4951 et
2091 4893 2343 4948 habitum
2376 4890 2690 4955 consecuti,
2727 4889 2863 4945 illud
2895 4889 3140 4946 sciamus
3178 4891 3307 4960 quid
3341 4892 3582 4964 imagine

2001 4984 2235 5056 exprimi
2272 4983 2470 5055 possit,
2531 4982 2734 5054 quidve
2771 4982 3050 5039 delineare
3103 4999 3216 5039 non
3273 4984 3461 5040 liceat.
3490 4985 3582 5038 Ait
3625 4971 3628 4974 ’

2002 5077 2146 5132 enim
2186 5095 2198 5130 :
2233 5093 2251 5126 ι
2285 5074 2399 5130 Nec
2455 5073 2689 5129 formam
2741 5074 2918 5146 ipsius
2972 5073 3214 5130 vidistis.
3252 5093 3270 5126 ι
3311 5073 3454 5130 Proh
3485 5090 3579 5129 sa-

2007 5168 2268 5238 pientiam
2298 5165 2674 5238 legislatorisl
2714 5166 2861 5236 quod
2900 5165 3119 5221 visibile
3161 5181 3268 5219 non
3299 5175 3405 5230 est,
3445 5179 3581 5234 qua-

2004 5273 2132 5312 nam
2163 5256 2454 5328 eﬂingatur
2508 5255 2783 5327 imagine?
2813 5255 3049 5322 Quinam
3093 5255 3215 5325 ejus
3258 5254 3582 5308 eﬂormetur

2003 5349 2233 5420 efﬁgies,
2269 5348 2416 5422 quod
2455 5363 2559 5403 nec
2604 5347 2907 5418 conjectari
2963 5345 3184 5417 possit?
3216 5345 3333 5410 Qua
3368 5344 3582 5400 ratione

2463 5460 2506 5491 “
2542 5458 2702 5514 Deut.
2770 5474 2879 5524 xu,
2917 5457 2971 5510 5.

2455 5529 2500 5560 ’⁸
2529 5529 2730 5599 Ephes.
2779 5543 2854 5594 ιν,
2885 5527 2972 5580 15.

3085 5459 3129 5488 ⁸³
3159 5455 3333 5509 Exod.
3393 5471 3578 5518 xxxw,

3079 5527 3125 5559 "
3154 5523 3330 5580 Galat.
3371 5542 3456 5589 ιιι,
3488 5525 3578 5578 25.

1588 5653 1824 5712 vanus
1872 5651 2293 5722 LECTIONES.,

403 5796 430 5835 ι)
491 5793 625 5851 Mss.
662 5792 868 5866 Κύριος
910 5791 1046 5865 πρὸς
1072 5793 1238 5865 ἡμᾶς.
1280 5793 1373 5852 Sic
1402 5795 1570 5854 Ziuus
1594 5797 1853 5851 Dominus
1884 5837 1885 5844 η

1990 5810 2094 5850 nos.
2119 5793 2190 5850 At
2221 5791 2278 5849 in
2307 5790 2734 5850 Deuteronomio
2765 5789 2966 5861 legitur
2987 5789 3057 5846 ad
3088 5806 3198 5858 vos,
3237 5790 3374 5864 πρὸς
3407 5789 3576 5860 ὑμᾶς.
