4074 6146
539 355 673 425 1239

1689 360 1749 418 S.
1790 357 2106 419 JOANNIS
2131 355 2557 417 DAMASCENI

3643 356 3768 424 1240

536 473 860 536 deiineetur,
890 469 1035 539 quod
1074 472 1404 540 quantitate,
1438 471 1604 537 mole,
1655 479 1708 526 et
1749 470 1987 526 termino
2012 485 2101 525 ea-

2209 470 2485 539 μυστικῶς
2525 466 2896 538 μηνυόμενον;
2933 465 3102 536 Δῆλον
3149 467 3243 531 ὡς,
3275 468 3404 520 ὅταν
3437 466 3553 540 ἴδῃς
3599 469 3684 524 διὰ
3715 475 3770 527 ob

539 561 666 617 ret?
717 559 1006 626 Quomodo
1072 560 1243 628 illius,
1308 560 1453 631 quod
1509 559 1697 615 formae
1753 567 1839 614 est
1883 573 2103 629 expers,

537 657 718 709 forma
786 651 1248 707 adumbrabitur?
1304 653 1653 720 Quibusnam
1704 652 1949 716 tandem,
2009 652 2103 720 qui

535 760 837 817 corporeus
897 761 1008 801 non
1061 753 1164 810 est,
1197 745 1478 802 coloribus
1525 743 1915 801 descrihetur?
1960 741 2102 808 Quid

533 836 701 907 igitur
731 835 981 908 mysterii
1021 836 1109 892 his
1138 837 1192 890 in
1233 837 1374 891 locis
1401 835 1716 890 indicatur?
1747 833 1898 890 Istud
1934 831 2102 888 dubio

535 929 761 998 procul,
810 935 890 994 ut,
941 943 1067 983 eum
1097 944 1222 983 eum
1271 929 1362 998 qui
1411 927 1773 996 incorporeus
1813 934 1919 990 est,
1975 938 2103 994 pro-

532 1027 655 1088 pter
686 1028 739 1075 te
771 1020 1046 1075 hominem
1079 1019 1284 1074 factum
1307 1019 1684 1088 conspexeris,
1711 1025 1827 1072 tum
1853 1016 2103 1071 humana:

533 1111 686 1167 illius
713 1110 903 1166 forma:
942 1111 1358 1167 similitudinem
1391 1111 1674 1180 exprimas
1704 1129 1716 1164 :
1760 1124 1886 1164 cum
1935 1109 1982 1162 is
2009 1107 2101 1178 qui

533 1205 685 1258 cerni
717 1219 826 1258 non
857 1211 1060 1272 potest,
1094 1219 1261 1259 carne
1293 1203 1654 1274 conspicuum
1697 1215 1758 1256 se
1787 1197 2100 1270 praebuerit,

534 1303 648 1347 tum
714 1296 1007 1364 imaginem
1059 1296 1233 1366 ipsius
1281 1295 1508 1350 facias:
1567 1309 1690 1348 eum
1758 1293 1850 1348 ille
1900 1293 1996 1362 qui
2047 1291 2102 1344 in

534 1383 707 1438 forma
735 1385 830 1439 Dei
856 1384 1130 1440 exsistens
1167 1385 1233 1452 ³⁸,
1268 1394 1492 1455 propter
1528 1395 1738 1440 naturae
1775 1400 1889 1440 suae
1918 1383 2101 1439 excel-

534 1475 779 1541 lentiam,
816 1483 871 1532 et
902 1491 1159 1545 corpore,
1204 1486 1261 1531 et
1303 1477 1501 1549 ﬁgura,
1553 1486 1608 1531 et
1661 1475 1994 1546 quantitate,
2048 1482 2103 1528 et

530 1565 821 1635 qualitate,
870 1575 925 1621 et
961 1569 1336 1636 magnitudine
1385 1578 1572 1632 vacat,
1597 1567 1773 1622 forma
1803 1566 1948 1622 servi
1984 1579 2105 1620 sus-

532 1663 713 1724 cepta,
763 1655 834 1711 ad
891 1657 1258 1726 quantitatem
1305 1661 1741 1728 gualitatemque
1803 1671 1926 1712 sese
1971 1670 2103 1710 con-

531 1746 785 1811 traxerit,
823 1761 885 1802 ae
906 1749 1158 1817 corporis
1186 1750 1412 1821 figuram
1446 1753 1687 1807 induerit
1714 1749 1782 1813 ",
1816 1758 1944 1802 tunc
1977 1763 2102 1802 eum

2207 562 2494 632 γενόμενον
2522 561 2808 630 ἄνθρωπον
2832 557 2924 614 τὸν
2945 556 3254 627 ἀσώματον,
3273 558 3395 611 τότε
3420 557 3640 629 δράσεις
3676 563 3769 632 τῆς

2203 653 2554 725 ἀνθρωπίνης
2617 652 2833 723 μορφῆς
2895 651 2953 705 τὸ
3021 650 3356 721 ὲκτύπωμα·
3406 652 3533 706 ὅταν
3584 657 3770 725 όρατδς

2206 743 2372 812 σαρκὶ
2397 745 2425 796 6
2446 743 2676 812 ἀόρατος
2695 741 2944 812 γένηται,
2977 739 3098 792 τότε
3128 739 3414 804 εἰκονίσεις
3443 740 3504 794 τὸ
3526 742 3620 794 τοῦ
3644 743 3768 813 ὁρα-

2203 831 2386 895 θέντος
2409 831 2691 902 ὁμοίωμαο
2727 833 2816 885 ὅτε
2843 833 2871 884 6
2905 830 3194 901 ἀσώματος
3221 830 3316 884 καὶ
3350 831 3767 900 ἀσχημάτιστος,

2203 923 2405 987 άποσός
2443 941 2504 977 τε
2548 924 2644 977 καὶ
2677 923 2962 994 άπήλικος,
2994 923 3088 976 καὶ
3122 921 3401 992 ἀμεγέθης
3430 925 3496 994 τῇ
3535 925 3765 996 ὕπεροχῇ

2201 1015 2299 1084 τῆς
2331 1013 2530 1068 ἑαυτοῦ
2559 1013 2793 1082 φύσεως,
2827 1015 2854 1066 ό
2879 1015 2937 1067 ὲν
2963 1015 3144 1084 μορφῇ
3170 1012 3306 1066 Θεοῦ
3337 1013 3622 1084 ὑπάρχων,
3649 1033 3769 1085 μορ-

2204 1105 2310 1173 φὴν
2335 1103 2521 1156 δούλου
2552 1101 2732 1158 λαϐὼν
2760 1103 2931 1175 ταύτῃ
2970 1102 3206 1173 συσταλῇ
3250 1102 3386 1172 πρὸς
3417 1104 3690 1174 ποσότητά
3715 1123 3767 1157 τε

2205 1191 2299 1245 καὶ
2326 1192 2683 1263 πηλικότητά,
2707 1193 2802 1246 καὶ
2828 1192 3152 1264 χαρακτῆρα
3182 1193 3472 1263 περιθῆται
3502 1193 3766 1261 σώματος,

2201 1283 2322 1336 τότε
2363 1285 2420 1336 ὲν
2450 1282 2633 1348 πίναξι
2662 1283 2918 1353 χάραττε,
2950 1283 3046 1336 καὶ
3094 1284 3339 1337 ἀνατίθει
3378 1285 3516 1355 πρὸς
3546 1285 3769 1355 θεωρίαν

2203 1373 2293 1426 τὸν
2340 1373 2602 1444 ὁραθῆναι
2659 1373 3109 1444 καταδεξάμενον.
3145 1375 3398 1444 Χάραττε
3443 1375 3632 1428 τούτου
3680 1377 3768 1447 τὴν

2203 1462 2406 1529 ἄφατον
2459 1462 2887 1530 συγκατάϐασιν,
2915 1463 3014 1534 τὴν
3063 1464 3128 1516 ἐκ
3175 1463 3451 1534 Παρθένου
3495 1465 3766 1534 γέννησιν,

2202 1553 2302 1624 τὴν
2333 1554 2392 1607 ὲν
2439 1552 2679 1624 Ἰορδάνῃ
2727 1552 3004 1623 βάπτισιν,
3036 1551 3134 1624 τὴν
3167 1554 3225 1606 ὲν
3265 1551 3456 1623 Θαϐὼρ
3490 1554 3768 1625 μεταμόρ-

2203 1645 2481 1713 φωσιν,τὰ
2519 1644 2666 1716 πάθη
2694 1646 2761 1698 τὰ
2787 1646 2886 1715 τῆς
2916 1645 3184 1708 ἀπαθείας
3213 1645 3465 1716 πρόξενα,
3494 1646 3584 1698 τὸν
3614 1647 3770 1699 Θάνα-

2202 1754 2312 1800 τον,
2343 1737 2412 1791 τὰ
2446 1737 2720 1806 θαύματα,
2747 1738 2815 1792 τὰ
2857 1738 2956 1808 τῆς
3003 1738 3153 1801 θείας
3182 1738 3347 1792 αὐτοῦ
3394 1738 3636 1809 σύμϐολα
3672 1740 3769 1808 φύ-

530 1834 688 1906 311
719 1836 774 1891 in
807 1838 1020 1895 tabellis
1037 1843 1305 1910 exprime,
1337 1850 1391 1896 et
1421 1842 1872 1914 conspiciendum
1899 1839 2099 1910 praebe,

2204 1847 2360 1892 σεως,
2389 1829 2455 1882 δι’
2485 1831 2765 1900 ἐνεργείας
2799 1831 3002 1901 σαρκὸς
3031 1831 3281 1902 ἐνεργείᾳ
3313 1830 3434 1902 θείᾳ
3466 1832 3767 1902 πραττόμε-

530 1927 625 1994 qui
665 1929 914 1998 conspici
943 1929 1139 1985 voluit.
1196 1931 1644 1996 lnexplieabilem
1692 1931 1868 1999 ipsius
1896 1928 2101 1983 demis-

531 2017 744 2070 sionem
779 2034 967 2084 exara,
1012 2028 1194 2074 ortum
1239 2037 1305 2075 ex
1348 2019 1594 2092 Virgine,
1645 2021 1982 2090 baptismum
2043 2020 2100 2073 in

531 2103 793 2173 Iordane,
856 2109 1401 2180 transfigurationem
1459 2111 1517 2165 in
1590 2119 1778 2166 monte
1839 2109 2098 2176 Thabor;

534 2195 815 2251 cruciatus
860 2205 915 2252 et
943 2207 1202 2262 mortem,
1255 2214 1377 2268 quae
1427 2199 1898 2256 immortalitatem
1941 2199 2102 2257 nobis

531 2285 937 2356 conciliarent;
973 2304 1065 2346 res
1110 2289 1485 2357 admirandas,
1529 2292 1714 2348 carnis
1769 2292 2102 2360 ministerio,

531 2375 628 2430 sed
659 2375 850 2431 divina
898 2378 1104 2434 virtute
1149 2387 1420 2449 patratas,
1466 2396 1588 2450 quae
1631 2381 1874 2436 divinam
1926 2382 2102 2452 ipsius

532 2477 785 2520 naturam
820 2469 1432 2538 promebant;erucem
1469 2471 1618 2524 illam
1655 2471 1978 2535 salutarem,
2017 2485 2102 2526 se-

532 2556 833 2624 pulturam,
887 2560 1373 2626 resurrectionem,
1428 2559 1482 2613 in
1536 2560 1709 2614 cuélos
1769 2575 2101 2628 ascensum;

535 2648 648 2701 haec
674 2647 859 2702 omnia
901 2655 1018 2703 tum
1072 2651 1278 2717 verbis,
1335 2658 1450 2705 tum
1499 2651 1780 2706 coloribus
1822 2651 2101 2708 describe.

533 2743 679 2798 Nihil
705 2760 938 2814 prorsus
960 2761 1210 2812 vereare,
1257 2747 1399 2802 nihil
1439 2756 1676 2812 metuas,
1714 2747 2102 2802 adorationum

533 2833 661 2889 nevi
709 2833 1052 2889 discrimina.
1108 2835 1374 2889 Adoravit
1436 2833 1712 2890 Abraham
1769 2834 1914 2889 filios
1975 2833 2103 2888 Em-

535 2939 654 2978 mor
707 2924 776 2990 ³ο,
837 2923 1094 2979 homines
1154 2924 1379 2995 impios,
1446 2932 1501 2979 et
1571 2922 1941 2992 ignorationis
2005 2921 2102 2978 Dei

534 3016 730 3071 morbo
784 3016 1134 3081 laborantes,
1197 3031 1325 3071 cum
1368 3017 1426 3071 in
1485 3016 1730 3086 sepulcri
1793 3015 2103 3085 possessio-

532 3121 656 3162 nem
715 3108 1037 3178 speluncam
1086 3108 1358 3178 duplicem
1407 3107 1562 3162 emit.
1613 3106 1879 3162 Adoravit
1920 3106 2095 3162 Jacob

535 3195 764 3255 fratrem
809 3213 976 3254 suum
1032 3200 1200 3265 Esau,
1271 3209 1326 3255 et
1375 3198 1722 3256 Pharaonem
1787 3202 1964 3255 virum
2009 3198 2326 3271 Egyptium
2383 3220 2396 3256 :

2204 1939 2290 1986 να,
2325 1921 2416 1976 τὸν
2455 1922 2687 1994 σταυρὸν
2719 1923 2810 1977 τὸν
2849 1925 3133 1994 σωτήριον,
3161 1924 3258 1995 τὴν
3286 1923 3487 1992 ταφὴν,
3519 1923 3616 1994 τὴν
3645 1925 3767 1978 ἀνά-

2205 2029 2412 2078 στασιν,
2443 2013 2542 2084 τὴν
2572 2017 2652 2077 είς
2690 2014 2952 2085 οὐρανοὺς
2985 2015 3198 2068 ἄνοδον·
3235 2016 3413 2068 πάντα
3440 2017 3638 2085 γράφε,
3679 2017 3767 2070 καὶ

2203 2102 2364 2172 λόγῳ,
2402 2105 2494 2157 καὶ
2523 2104 2795 2176 χρώμασι.
2829 2105 2922 2176 Μὴ
2952 2104 3141 2174 φοϐοῦ,
3183 2104 3258 2176 μὴ
3284 2105 3448 2158 δέδιθι
3467 2123 3480 2137 ·
3515 2103 3633 2159 οἶδα
3658 2107 3766 2160 δια-

2203 2194 2376 2266 φορὰν
2431 2199 2872 2267 προσκυνήσεως.
2919 2197 3300 2268 Προσεκύνησε
3347 2198 3480 2267 ποτὲ
3521 2199 3765 2269 ’Δϐραὰμ

2199 2290 2314 2350 τοῖς
2343 2287 2477 2351 υἱοῖς
2517 2287 2767 2359 Ἑμμὼρ,
2793 2289 2882 2342 ὅτε
2929 2289 2990 2342 τὸ
3034 2290 3300 2360 σπήλαιον
3343 2290 3406 2343 τὸ
3435 2290 3656 2344 διπλοῦν
3686 2292 3764 2354 εἰς

2200 2377 2372 2446 τάφου
2405 2377 2608 2449 κλῆρον
2630 2379 2895 2449 ὠνήσατο,
2927 2379 3186 2450 ἀνδράσιν
3216 2380 3458 2442 ἀσεϐέσι,
3476 2381 3569 2434 καὶ
3591 2382 3767 2449 ἀγνω-

2204 2469 2324 2522 σίαν
2357 2468 2572 2522 νοσοῦσι
2598 2469 2766 2522 Θεοῦο
2798 2471 3206 2543 προσεκύνησεν
3239 2471 3447 2525 Ἰακὼϐ
3485 2473 3662 2524 Ἡσαῦ
3694 2470 3769 2541 τῷ

2201 2558 2438 2629 ἀδελφῷ,
2473 2561 2567 2613 καὶ
2593 2561 2795 2632 Φαραὼ
2827 2563 2981 2634 ἀνδρὶ
3017 2564 3321 2634 Αἰγυπτίῳ,
3353 2563 3488 2618 ἀλλὰ
3524 2564 3638 2634 μὴν
3680 2564 3770 2617 καὶ

2200 2650 2295 2701 ἐπὶ
2343 2649 2404 2702 τὸ
2454 2651 2622 2722 ἄκρον
2671 2653 2770 2720 τῆς
2801 2652 3027 2724 ῥάϐδου·
3062 2654 3441 2725 προσεκύνησε
3493 2653 3614 2723 μὲν,
3650 2655 3771 2708 ἀλλ’

2200 2741 2301 2794 οὐκ
2347 2741 2643 2812 ὲλάτρευσε
2665 2757 2677 2770 ·
2718 2742 3132 2815 προσεκύνησαν
3173 2745 3381 2814 Ἰησοῦς
3406 2746 3434 2798 6
3462 2745 3553 2798 τοῦ
3582 2745 3771 2814 Ναυῆ,

2201 2833 2298 2885 καὶ
2326 2831 2523 2902 Δανιὴλ
2552 2832 2766 2903 ἀγγέλῳ
2794 2832 2952 2898 Θεοῦ,
2987 2833 3104 2887 ἀλλ’
3127 2833 3230 2888 οὐκ
3255 2835 3775 2905 ὲλάτρευσαν.Ἔτε-

2203 2941 2295 2994 ρον
2329 2924 2437 2994 γάρ
2464 2926 2610 2979 ἐστιν
2640 2925 2673 2995 ή
2699 2925 2797 2995 τῆς
2827 2925 3083 2996 λατρείας
3116 2927 3504 2997 προσκύνησις,
3535 2927 3639 2980 καὶ
3665 2927 3775 2979 ἓτεο

2207 3031 2296 3086 ρον
2347 3016 2382 3085 ἡ
2428 3015 2493 3068 ὲκ
2532 3015 2698 3086 τιμῆς
2747 3017 3134 3089 προσαγομένη
3162 3020 3278 3082 τοῖς
3306 3018 3442 3072 κατά
3467 3035 3518 3070 τι
3555 3017 3775 3088 ἀξίωμα

2203 3108 2577 3179 ὑπερέχουσιν.

2451 3202 2583 3272 quin
2621 3200 2785 3256 etiam
2837 3201 3114 3274 fastigium
3149 3204 3314 3273 virgae
3351 3203 3608 3258 adoravit
3656 3200 3772 3272 qui-

531 3291 680 3357 dem,
735 3305 835 3346 ncc
887 3297 1072 3346 tamen
1126 3292 1301 3347 latriae
1348 3294 1558 3347 cultum
1597 3293 1777 3349 eidem
1825 3293 2096 3349 exhibuit.
2155 3293 2539 3350 Adoraverunt
2588 3295 2750 3352 Jesus
2790 3295 2938 3352 Nave
3000 3295 3161 3362 filius,
3207 3307 3262 3352 et
3331 3296 3524 3350 Daniel
3605 3313 3770 3369 ange-

533 3382 643 3436 lum
669 3381 765 3437 Dei
801 3401 814 3437 :
849 3391 905 3437 at
932 3383 1106 3439 latria:
1131 3385 1345 3440 cultum
1383 3386 1703 3455 neutiquam
1739 3387 1822 3440 illi
1887 3384 2292 3456 impenderunt.
2333 3388 2454 3442 Alia
2507 3390 2712 3460 quippe
2748 3390 2998 3447 adoratio
3065 3399 3168 3456 est,
3243 3405 3353 3460 qua
3410 3390 3596 3446 latria:
3661 3405 3772 3448 scr-

532 3476 771 3545 vilisque
801 3475 987 3534 cultus
1014 3478 1328 3546 exhibetur,
1361 3485 1419 3536 et
1447 3479 1578 3546 alia,
1621 3494 1731 3550 qua
1779 3479 2008 3535 honoris
2073 3479 2245 3548 gratia
2287 3480 2538 3539 homines
2601 3484 2656 3537 in
2689 3481 2952 3553 dignitate
2976 3481 3211 3553 quadam
3245 3481 3588 3538 constitutos
3617 3496 3775 3538 vene-

534 3581 744 3620 ramur.

602 3656 658 3714 9.
699 3656 966 3714 Cancrum
990 3660 1211 3730 quando
1237 3661 1305 3716 de
1331 3661 1566 3734 imagine
1595 3675 1661 3716 ae
1687 3663 1754 3717 de
1777 3661 2098 3717 adoratione

2269 3660 2335 3714 θ’.
2380 3659 2520 3713 Ἀλλ’
2557 3660 2744 3732 ἐπειδὴ
2777 3661 2904 3730 περὶ
2951 3660 3162 3724 εἰκόνος
3200 3661 3229 3713 6
3260 3660 3419 3728 λόγος
3440 3699 3455 3723 ,
3484 3659 3576 3713 καὶ
3601 3677 3772 3730 προσ-

534 3748 819 3805 institutus
847 3757 934 3806 est
975 3766 1178 3816 sermo,
1207 3753 1462 3824 agedum,
1488 3753 1750 3824 quidnam
1784 3763 2014 3824 utraque
2033 3754 2105 3809 sit

533 3841 858 3912 diligentius
900 3845 1296 3915 expendamus.
1332 3846 1519 3917 Imago
1565 3847 1752 3916 itaque
1785 3854 1871 3902 est
1909 3847 2104 3910 simili-

535 3931 666 3986 tudo
716 3932 994 4002 exemplar
1039 3933 1114 3988 ita
1172 3935 1523 4006 exprimens,
1580 3947 1641 3990 ut
1690 3936 1875 4004 aliqua
1918 3945 2102 3992 tamen

534 4021 750 4077 ratione
802 4023 870 4078 ab
923 4039 989 4079 eo
1025 4024 1261 4080 differat.
1297 4024 1485 4095 Neque
1525 4026 1672 4081 enim
1709 4025 1890 4097 imago
1914 4043 2101 4082 exem-

535 4115 671 4184 plari
693 4113 748 4169 in
773 4115 1030 4170 omnibus
1056 4114 1254 4170 similis
1279 4125 1381 4171 est.
1409 4115 1543 4170 Viva
1587 4117 1774 4188 igitur,
1809 4119 2100 4187 naturalis,

535 4223 599 4262 ac
623 4207 770 4262 nulla
795 4221 855 4261 re
886 4206 1174 4262 dissimilis
1213 4205 1394 4277 imago
1420 4206 1514 4262 Dei
1541 4207 1836 4265 invisibilis
1865 4219 1950 4266 est
1986 4211 2103 4280 ipse

536 4295 707 4354 Filius
735 4298 802 4364 ³¹,
834 4296 930 4367 qui
961 4297 1016 4350 in
1048 4296 1229 4367 seipse
1256 4298 1474 4351 Patrem
1504 4298 1661 4366 gerit,
1695 4314 1758 4354 ac
1789 4314 1886 4369 per
1918 4303 2101 4356 omnia

535 4388 678 4442 idem
715 4403 839 4443 eum
887 4387 980 4442 illo
1007 4393 1112 4451 est,
1145 4397 1342 4456 praeter
1389 4386 1442 4440 id
1475 4403 1664 4450 unum,
1717 4389 1859 4458 quod
1901 4391 1968 4445 ab
2007 4391 2102 4447 illo

535 4491 793 4551 tanquam
825 4494 923 4535 sua
955 4495 1122 4535 causa
1158 4479 1249 4533 sit.
1282 4477 1560 4534 Naturalis
1587 4480 1734 4533 enim
1757 4494 1921 4535 causa
1943 4479 2102 4537 Pater

535 4577 618 4622 est
663 4583 781 4622 :ex
810 4581 975 4622 causa
1022 4583 1154 4622 vero
1185 4567 1554 4638 proficiscitur
1603 4565 1792 4622 Filius.
1858 4567 1989 4622 Nam
2033 4585 2101 4624 ex

536 4656 677 4712 Filio
709 4655 872 4711 Pater
910 4672 1018 4710 non
1067 4665 1169 4721 est,
1202 4656 1296 4711 sed
1334 4655 1508 4710 Filius
1540 4672 1606 4710 ex
1653 4655 1831 4711 Patre.
1867 4658 1946 4712 Ex
1981 4658 2101 4727 ipso

538 4747 804 4816 siquidem
845 4746 1082 4816 (tametsi
1118 4746 1390 4815 posterior
1425 4747 1515 4800 illo
1563 4762 1674 4802 non
1705 4748 1798 4818 sit)
1848 4749 2011 4805 habet
2043 4757 2100 4804 ut

537 4837 610 4890 sit
638 4835 692 4889 id
718 4835 864 4905 quod
894 4843 978 4891 est
1016 4834 1178 4891 Pater
1210 4837 1302 4906 qui
1336 4838 1514 4908 ipsum
1544 4839 1752 4908 genuit.

612 4928 700 4983 l0.
746 4927 887 4982 Sunt
941 4927 1068 4983 item
1121 4929 1176 4982 in
1215 4928 1323 4984 Deo
1351 4930 1619 5002 imagines
1647 4939 1702 4986 et
1729 4933 1977 5002 exempla
2011 4948 2099 4989 re-

2203 3749 2499 3818 κυνήσεως,
2536 3747 2669 3820 φέρε
2698 3748 2790 3802 τὸν
2819 3748 3172 3820 περὶτούτων
3205 3748 3359 3816 λόγον
3389 3746 3771 3816 διευκρινήσω-

2207 3857 2323 3910 μεν.
2352 3840 2524 3894 Εἱκὼν
2552 3840 2650 3911 μὲν
2690 3836 2782 3894 οὖν
2809 3842 2955 3894 ἐστιν
2998 3841 3252 3911 ὁμοίωμα
3279 3837 3663 3910 χαρακτηρίζον
3698 3835 3762 3887 τὸ

2203 3932 2576 4001 πρωτότυπον,
2617 3931 2754 4002 μετὰ
2782 3931 2878 3984 τοῦ
2907 3931 2998 3985 καί
3024 3947 3145 3984 τινα
3167 3929 3414 3999 διαφοράν
3441 3927 3578 3996 ἔχειν
3617 3924 3758 3993 πρὸς

2203 4024 2354 4079 αὐτό.
2391 4024 2464 4078 Οὐ
2488 4023 2597 4095 γὰρ
2627 4023 2766 4078 κατὰ
2816 4023 2994 4078 πάντα
3021 4025 3056 4092 ὴ
3106 4021 3269 4076 εἰκὼν
3304 4018 3567 4090 ὁμοιοῦται
3619 4015 3766 4087 πρὸς

2203 4114 2263 4167 τὸ
2308 4115 2636 4186 ἀρχέτυπον.
2692 4114 2871 4168 Εἰκὼν
2929 4115 3110 4168 τοίνυν
3169 4112 3358 4176 ζῶσα,
3411 4107 3614 4179 φυσικὴ
3674 4107 3772 4161 καὶ

2203 4208 2622 4279 ἀπαράλλακτος
2668 4205 2762 4259 τοῦ
2795 4206 3030 4275 ἀοράτου
3083 4203 3221 4258 Θεοῦ
3241 4243 3257 4268 ,
3290 4204 3318 4254 6
3350 4203 3509 4266 Υἱὸς,
3535 4200 3659 4254 ὅλον
3717 4201 3777 4252 ὲν

2204 4298 2379 4369 ἑαυτῷ
2414 4297 2596 4369 φέρων
2638 4296 2729 4350 τὸν
2771 4297 3028 4367 Πατέρα,
3062 4294 3204 4349 κατὰ
3263 4293 3444 4347 πάντα
3494 4294 3633 4362 ἔχων
3678 4290 3777 4360 τὴν

2203 4389 2340 4460 πρὸς
2367 4388 2530 4442 αὑτὸν
2550 4387 2878 4458 ταυτότητά,
2924 4387 3067 4456 μόνῳ
3095 4385 3152 4438 δὲ
3184 4385 3462 4454 διαφέρων
3487 4383 3564 4452 τῷ
3595 4384 3778 4435 αἰτια-

2201 4482 2299 4551 τῷ.
2317 4481 2497 4534 Αἴτιον
2523 4480 2622 4550 μὲν
2657 4479 2764 4550 γὰρ
2792 4480 3042 4549 φυσικὸν,
3061 4480 3089 4530 6
3122 4478 3342 4547 Πατήρ’
3374 4475 3620 4528 αἰτιατὸν
3649 4474 3728 4536 δὲ,
3753 4473 3781 4524 6

2203 4572 2352 4634 Υἱός.
2385 4571 2458 4624 Οὐ
2489 4571 2597 4641 γὰρ
2623 4570 2812 4641 Πατὴρ
2843 4570 2901 4636 ἐξ
2931 4568 3084 4634 Υίοῦ,
3116 4567 3250 4622 ἀλλὰ
3280 4566 3408 4630 Υἱὸς
3453 4567 3517 4617 ὲκ
3542 4563 3641 4618 τοῦ
3667 4565 3783 4616 Ila.-

2201 4663 2350 4733 τρός.
2392 4661 2482 4726 Ἐξ
2532 4660 2698 4715 αὐτοῦ
2722 4660 2831 4730 γὰρ
2856 4703 2870 4726 ,
2902 4661 2950 4712 εί
2995 4658 3090 4713 καὶ
3122 4662 3197 4730 μὴ
3234 4659 3348 4729 μετ’
3381 4656 3545 4713 αὑτὸν
3577 4656 3698 4726 ἔχει
3726 4653 3786 4707 τὺ

2203 4753 2341 4806 εἶναι
2364 4752 2502 4823 ὅπερ
2535 4752 2684 4806 ἐστὶν
2709 4752 2736 4804 ὁ
2771 4752 3039 4822 γεννήσας
3065 4751 3278 4821 Πατήρ.

2276 4936 2330 4985 ι’.
2355 4929 2475 4982 Εἰσὶ
2499 4929 2667 4982 δὲκαὶ
2693 4930 2748 4982 ὲν
2769 4929 2846 4998 τῷ
2867 4929 2985 5000 Θεῷ
3013 4929 3218 4992 εἰκόνες
3239 4927 3333 4981 καὶ
3357 4926 3790 4996 παραδείγματα

537 5032 659 5072 rum
703 5017 772 5073 ab
824 5017 945 5086 ipso
997 5018 1491 5088 producendarum,
1566 5036 1762 5092 nempe
1813 5023 2101 5079 consilium

2204 5021 2312 5075 τῶν
2346 5020 2437 5074 ὑπ’
2469 5020 2634 5074 αὑτοῦ
2690 5020 2982 5089 ἐσομένων,
3009 5021 3310 5084 τουτέστιν,
3346 5020 3380 5089 ή
3413 5018 3588 5088 βουλῆ
3622 5017 3791 5071 αὑτοῦ

537 5112 709 5180 ipsius
737 5119 1026 5178 :eternum,
1078 5111 1225 5181 quod
1256 5110 1449 5167 eodem
1501 5129 1718 5183 semper
1770 5129 1891 5171 sese
1944 5116 2101 5172 habet

2205 5115 2238 5184 ἡ
2267 5114 2615 5185 προαιώνιος,
2647 5113 2741 5167 καὶ
2773 5113 2861 5167 ἀεὶ
2913 5112 3173 5176 ὡσαύτως
3219 5111 3446 5182 ἔχουσα.
3483 5113 3794 5184 Ἀτρεπτδν

536 5203 722 5258 modo.
790 5201 1157 5258 Immutabilis
1211 5201 1480 5273 siquidem
1533 5205 1756 5260 omnino
1812 5203 1959 5260 Deus
2003 5215 2101 5273 est,

2205 5206 2311 5273 γὰρ
2341 5206 2403 5257 τὸ
2451 5203 2593 5258 θεῖον
2640 5203 2783 5259 κατὰ
2825 5205 3026 5268 πάντα,
3055 5203 3150 5258 καὶ
3191 5205 3293 5256 οὐκ
3350 5203 3501 5257 ἔστιν
3531 5205 3598 5257 ὲν
3643 5203 3797 5275 αύτῷ

537 5297 591 5349 in
637 5310 746 5365 quo
789 5296 936 5351 nulla
994 5302 1077 5350 est
1122 5297 1536 5361 transmutatio,
1590 5304 1685 5351 aut
1713 5295 2101 5352 vicissitudinis

2208 5295 2504 5367 μεταϐολὴ,
2538 5295 2572 5365 ἢ
2624 5299 2834 5367 τροπῆς
2863 5296 3237 5363 ἀποσκίασμα.
3268 5294 3486 5358 Ταύτας
3510 5296 3624 5360 τὰς
3652 5295 3796 5349 εἰκό-

537 5387 890 5444 obumhratio
915 5388 983 5442 ⁸².
1021 5387 1133 5444 Has
1172 5401 1335 5456 porro
1365 5387 1653 5457 imagines,
1693 5395 1748 5442 et
1781 5387 1898 5441 haec
1923 5402 2101 5442 exem-

2205 5405 2304 5452 νας
2349 5389 2443 5444 καὶ
2496 5388 2564 5441 τά
2619 5387 3061 5459 παραδείγματα,
3113 5389 3485 5458 προορισμοὺς
3536 5389 3723 5460 φησιν
3769 5389 3798 5441 ὁ

541 5476 648 5543 pla,
687 5478 1078 5547 praefinitiones
1132 5477 1372 5548 appellat
1431 5485 1657 5534 sanctus
1709 5478 2005 5549 Dionysius
2033 5480 2099 5546 ³³,

2211 5480 2366 5548 ἅγιος
2389 5480 2686 5547 Διονύσιος,
2715 5481 2744 5533 6
2773 5480 2939 5544 πολὺς
2960 5479 3030 5533 τὰ
3061 5477 3180 5532 θεῖα
3203 5518 3218 5544 ,
3250 5481 3345 5533 καὶ
3384 5480 3530 5552 μετὰ
3554 5480 3707 5534 Θεοῦ
3733 5479 3800 5533 τά

685 5629 917 5709 Philipp.
959 5651 1019 5709 ιι,
1041 5636 1103 5709 6.
1190 5635 1241 5709 _‘_’
1270 5637 1402 5691 ibid.
1478 5638 1523 5709 3°
1546 5636 1827 5709 lmoifilios
1850 5635 2016 5709 lieth.
2044 5637 2101 5691 G4

2208 5653 2364 5704 χχιιι,
2406 5641 2457 5694 7.
2486 5639 2609 5697 Vid.
2650 5641 2771 5698 Aet.
2795 5655 2888 5709 vn,
2923 5641 2988 5697 l6
3059 5642 3100 5676 ³¹
3128 5641 3339 5698 Coloss.
3368 5656 3409 5707 ι,
3448 5639 3504 5694 2.
3593 5641 3645 5675 ³³
3678 5639 3798 5697 Jac.

545 5697 695 5759 1,17.
771 5697 983 5771 “'Cap.
1004 5697 1036 5759 ἰ)
1067 5704 1140 5758 De
1167 5705 1271 5760 div.
1304 5722 1442 5760 nom.
1474 5704 1626 5761 Dam.
1669 5707 1763 5762 lib.
1796 5723 1810 5760 l
1843 5707 1917 5761 De
1945 5708 2047 5776 ﬁde
2085 5709 2219 5763 orth.
2254 5697 2372 5778 capi.
2413 5710 2497 5764 l0.
