4074 6146
367 293 500 360 12ἰ1

1474 294 1575 356 DE
1606 292 2075 355 IMAGINIBUS
2103 292 2383 354 ORATIO
2413 291 2466 355 Ι.

3489 283 3629 348 1242
3664 293 3668 296 ’

362 404 492 476 περὶ
519 402 656 458 Θεοῦ
689 403 1143 476 διασκεψάμενος.
1189 404 1279 459 Ἐν
1326 404 1435 476 γὰρ
1468 407 1533 476 τῇ
1575 405 1737 478 βουλῇ
1774 406 1939 461 αὐτοῦ

2043 421 2224 462 rerum
2272 406 2584 460 divinarum
2613 401 3006 474 peritissimus,
3040 398 3246 470 quique
3277 412 3340 453 ea
3371 411 3495 468 quze
3527 397 3624 454 Dei

360 495 829 567 ὲχαρακτηρίζετο
875 497 1057 568 πάντα
1104 495 1176 551 τὰ
1208 494 1486 549 ὑπἀὐτοῦ
1525 499 1938 568 προωρισμένα,

358 587 456 640 καὶ
511 585 884 656 ἀωρασάτως
923 587 1158 658 ἐσόμενα
1209 589 1342 656 πρὶν
1399 585 1670 654 γενέσεως
1720 587 1899 642 αὐτῶν
1925 605 1938 620 ⁸

357 675 548 747 ῶσπερ
574 678 628 730 ετ
651 693 736 740 τις
786 677 1032 749 βούλοιτο
1062 677 1418 746 οἰκοδομῆσαι
1453 671 1604 730 οἷκον
1628 717 1643 742 ,
1674 679 1945 734 ἀνατυποί

356 767 454 821 καὶ
499 766 757 833 είκονίζει
814 769 1032 840 πρῶτον
1083 769 1144 823 τὸ
1198 769 1384 840 σχῆμα
1419 769 1563 824 κατά
1614 769 1880 826 διάνοιαν.

429 1035 523 1092 ια’.
555 1031 686 1090 Εῖτα
743 1034 908 1090 πάλιν
939 1035 1150 1101 εἰκόνες
1178 1037 1286 1092 εἰσὶ
1326 1039 1398 1096 τὰ
1432 1039 1607 1112 ὁρατά
1638 1040 1746 1095 τῶν
1766 1040 1943 1113 ἀορά-

356 1148 488 1196 των,
521 1128 618 1182 καὶ
660 1126 958 1182 ἀτυπώτων
979 1168 995 1194 ,
1025 1129 1360 1198 σωματικῶς
1411 1131 1769 1203 τυπουμένων
1803 1131 1943 1203 πρὸς

359 1221 607 1292 ἀμυδρὰν
659 1220 1010 1290 κατανόησιν.
1044 1222 1154 1274 Καὶ
1200 1223 1370 1294 γὰρὴ
1423 1223 1544 1278 θεία
1592 1223 1824 1296 Γραφὴ,
1851 1224 1942 1278 τύ-

360 1332 496 1378 πους
524 1313 645 1385 Θεῷ
677 1315 772 1366 καὶ
819 1313 1076 1382 ἀγγέλοις
1109 1315 1424 1386 περιτίθησι
1449 1357 1464 1383 ,
1485 1316 1582 1370 καὶ
1629 1317 1729 1387 τὴν
1761 1316 1940 1372 αἰτίαν

357 1406 596 1460 διδάσκει
644 1407 672 1459 ό
706 1405 866 1469 αὐτὸς
911 1407 1052 1471 θεῖος
1081 1408 1240 1478 ἀνήρ.
1284 1407 1408 1461 Ὅτι
1448 1407 1549 1478 μὲν
1580 1408 1689 1478 γὰρ
1717 1408 1940 1471 εἰκότως

357 1497 757 1569 προϐέϐληνται
782 1499 890 1551 τῶν
915 1497 1216 1554 ἀτυπώτων
1245 1501 1294 1552 οἰ
1343 1499 1527 1563 τύποι,
1566 1501 1661 1554 καὶ
1692 1500 1760 1554 τὰ
1803 1501 1939 1571 σχή-

363 1609 506 1660 ματα
552 1590 662 1644 τῶν
694 1591 1124 1662 ἀσχηματίστων
1145 1631 1161 1657 ,
1190 1592 1252 1645 οὐ
1287 1592 1448 1662 μόνον
1483 1592 1667 1647 αἰτίαν
1698 1593 1832 1662 φαίη
1854 1611 1940 1657 τις

360 1677 622 1752 εἶναιτὴν
645 1682 766 1735 καθ’
791 1683 939 1752 ἡμᾶς
973 1681 1284 1750 ἀναλογίαν,
1316 1683 1687 1737 ἀδυνατοῦσαν
1719 1682 1938 1752 ἀμέσως

2051 502 2201 561 sunt,
2250 496 2471 551 amante
2515 496 2849 566 juvanteque
2884 493 3026 556 Deo,
3080 491 3480 559 contemplatus
3517 497 3624 544 est.

2044 585 2336 642 Enimvero
2370 587 2425 640 in
2468 586 2561 642 Dei
2586 585 2820 642 consilio
2852 583 3038 640 omnia
3073 583 3144 636 ab
3187 582 3308 651 ipso
3339 581 3621 650 praeﬁnita,

2046 685 2210 746 atque
2241 677 2615 732 indeficienter
2646 677 2853 742 futura,
2880 675 3202 747 priusquam
3233 675 3448 737 tierent,
3479 672 3624 727 haud

2051 769 2210 823 aliter
2235 784 2495 840 expressa
2529 777 2712 834 erant,
2745 783 2811 823 ac
2843 769 2888 822 si
2917 769 3040 839 quis
3084 770 3306 822 domum
3354 767 3626 822 aediﬁcare

2054 860 2318 930 cupiens,
2380 867 2562 916 mente
2604 860 2760 928 prius
2827 859 3120 930 imaginem
3182 859 3479 929 ﬁguramve
3503 858 3624 927 ejus

2045 950 2283 1021 efﬁngat.

2114 1042 2201 1096 H.
2245 1041 2486 1098 Rursum
2522 1042 2789 1112 imagines
2819 1049 2950 1097 sunt
2972 1040 3211 1096 visibilia
3249 1039 3363 1106 illa,
3395 1056 3516 1111 qua:
3536 1055 3624 1096 res

2041 1132 2348 1188 invisibiles
2379 1139 2543 1203 atque
2597 1141 2848 1202 expertes
2879 1132 3068 1202 ﬁgura:
3095 1133 3376 1201 corporeis
3430 1131 3624 1188 formis

2040 1225 2388 1293 exprimunt,
2425 1237 2536 1294 quo
2573 1222 2916 1278 subobscure
2968 1222 3161 1277 saltem
3230 1223 3621 1292 percipiantur.

2040 1314 2175 1370 Nam
2211 1316 2396 1371 divina
2433 1314 2722 1384 Scriptura
2785 1313 2956 1369 Deum
3003 1323 3060 1368 et
3113 1313 3339 1383 angelos
3382 1313 3621 1366 circum-

2039 1407 2208 1462 vestit
2258 1407 2481 1478 ﬁguris;
2519 1406 2800 1477 hujusque
2829 1405 2909 1459 rei
2947 1418 3170 1460 causam
3217 1404 3374 1458 docet
3405 1402 3622 1459 divinus

2041 1499 2132 1554 ille
2164 1499 2249 1552 vir
2270 1499 2338 1553 ".
2382 1497 2677 1552 Enimvero
2730 1497 2876 1568 quod
2926 1496 3125 1551 merito
3169 1496 3445 1550 attributa:
3494 1503 3623 1553 sunt

2039 1592 2226 1662 figurae
2264 1591 2373 1646 illis
2404 1605 2527 1661 quae
2559 1590 2737 1660 ﬁgura
2767 1596 2978 1652 carent,
3015 1587 3275 1658 quodque
3325 1589 3623 1658 assignatas

2041 1683 2231 1739 forma:
2282 1683 2353 1738 iis
2408 1697 2531 1753 qua:
2585 1683 2792 1736 nullam
2839 1681 3074 1735 formam
3134 1680 3448 1746 admittunt,
3507 1695 3617 1734 non

359 1773 452 1825 ἐπὶ
479 1772 576 1836 τὰς
599 1773 796 1844 νοητὰς
830 1772 1207 1828 ἀνατείνεσθαι
1241 1773 1475 1845 Θεωρίας
1495 1814 1510 1839 ,
1541 1774 1637 1828 καὶ
1668 1775 1936 1844 δεομένην

2042 1774 2203 1831 modo
2254 1775 2397 1830 hanc
2430 1774 2710 1844 quispiam
2771 1773 3017 1828 attulerit
3055 1788 3300 1834 causam,
3342 1772 3490 1842 quod
3529 1772 3620 1826 ille

357 1864 576 1918 οἰκείων
608 1865 703 1918 καὶ
731 1865 998 1934 συμφυῶν
1019 1865 1421 1934 ἀναγωγῶν.Εἰ
1448 1866 1629 1920 τοίνυν
1656 1865 1756 1935 τῆς
1780 1865 1937 1935 ήμῶν

357 1954 602 2024 προνοῶν
630 1955 928 2024 ἀναλογίας
963 1959 991 2011 ὸ
1027 1956 1170 2021 θεῖος
1197 1956 1358 2024 λόγος
1379 1995 1394 2022 ,
1427 1957 1694 2011 πάντοθεν
1721 1958 1783 2012 τὸ
1813 1958 1938 2013 ἁνα-

356 2047 576 2102 τατικὺν
607 2047 738 2117 ἡμῖν
774 2047 1157 2118 ποριζόμενος,
1185 2050 1416 2113 καὶτοῖς
1458 2048 1652 2111 ἀπλοῐς
1681 2049 1776 2102 καὶ
1809 2050 1938 2102 ἀτυ-

356 2139 564 2202 πὼτοις
601 2136 808 2201 τύπους
855 2137 1012 2204 τινὰς
1046 2139 1395 2212 περιτίθησι,
1429 2139 1545 2203 πῶς
1577 2137 1653 2210 μὴ
1682 2138 1938 2204 εἰκονίςει

355 2229 427 2281 τὰ
461 2226 872 2299 μεμορφωμένα
924 2228 1068 2282 κατὰ
1098 2229 1199 2300 τὴν
1249 2228 1458 2282 οἰκείαν
1506 2226 1691 2297 φύσιν,
1715 2228 1810 2282 καὶ
1837 2245 1938 2280 πο-

359 2320 597 2390 θούμενα
634 2319 754 2390 μὲν,
796 2321 887 2374 διὰ
938 2320 996 2372 δὲ
1041 2319 1104 2372 τὸ
1148 2319 1225 2391 μὴ
1281 2321 1568 2390 παρεῖναι,
1595 2319 1827 2389 ὁρᾶσθαι
1859 2319 1937 2389 μὴ

356 2414 667 2484 δυνάμενας
698 2412 798 2466 Διά
847 2404 958 2484 γὰρ
1018 2413 1121 2482 τῆς
1167 2411 1481 2484 αἰσθήσεως
1533 2413 1806 2481 φαντασία
1852 2431 1938 2477 τις

361 2503 674 2556 συνίσταται
708 2503 766 2556 ὲν
794 2504 860 2574 τῇ
917 2502 1231 2574 ἔμπροσθεν
1271 2501 1450 2572 κοιλίᾳ
1477 2501 1572 2555 τοῦ
1610 2502 1935 2572 ἐγκεφάλου,

360 2595 452 2648 καὶ
475 2593 619 2647 οὕτω
645 2592 722 2663 τῷ
751 2593 984 2665 κριτικῷ
1035 2593 1488 2666 παραπέμπεται,
1522 2592 1615 2646 καὶ
1643 2596 1708 2663 τῇ
1747 2595 1937 2668 μνήμῃ

359 2682 837 2755 ὲνθησαυρίζεται.
871 2686 1011 2755 Φησί
1053 2685 1185 2755 γοῦν
1241 2684 1336 2738 καὶ
1376 2686 1404 2738 ό
1439 2685 1760 2756 θεορρήμων
1797 2686 1939 2758 Γρη-

359 2777 563 2847 γόριος,
589 2777 672 2830 ὅτι
703 2774 875 2829 πολλά
909 2775 1136 2845 κάμνων
1167 2778 1195 2829 ὁ
1220 2775 1346 2838 νοῦς
1372 2776 1599 2846 ἐκϐῆναι
1631 2775 1701 2830 τὰ
1754 2793 1942 2847 σωμα-

357 2865 508 2929 τικὰ,
537 2865 715 2934 πάντη
741 2865 997 2918 ἀδυνατεῖ
1015 2879 1030 2892 ο
1052 2864 1190 2917 ἀλλά
1214 2865 1308 2917 καὶ
1335 2864 1405 2918 τά
1436 2865 1647 2937 ἀόρατα
1675 2866 1769 2920 τοῦ
1800 2867 1937 2921 Θεοῦ

359 2955 468 3009 ἀπὸ
510 2955 742 3020 κτίσεως
784 2955 992 3026 κόσμου
1037 2957 1152 3018 τοῖς
1188 2957 1459 3026 ποιήμασι
1513 2957 1778 3026 νοούμενα
1808 2959 1941 3013 καθ-

359 3047 574 3114 ορᾶται.
631 3045 881 3116 Ὀρῶμεν
925 3044 1036 3115 γὰρ
1070 3045 1285 3108 εἰκόνας
1307 3046 1364 3098 ὲν
1403 3046 1516 3108 τοῖς
1537 3046 1799 3116 κτίσμασι
1838 3065 1940 3117 μη-

358 3133 588 3196 νυούσας
618 3134 750 3204 ἡμῖν
799 3132 1058 3204 ἀμυδρῶς
1093 3133 1191 3196 τὰς
1233 3131 1383 3196 θείας
1419 3132 1686 3203 ἐμφάσεις
1705 3149 1718 3163 ο
1747 3135 1823 3197 ὡς
1850 3135 1939 3188 ὅτε
1967 3117 2013 3178 C

358 3225 590 3296 λέγομεν
615 3224 714 3297 τὴν
736 3224 900 3294 ἀγίαν
937 3225 981 3278 Τ
984 3224 1146 3295 ριάδα
1167 3265 1182 3290 ,
1212 3223 1312 3295 τὴν
1349 3224 1682 3295 ὑπεράρχιον
1701 3264 1716 3289 ,
1743 3225 1943 3280 εἰκονί-

359 3314 551 3380 ζεσθαι
586 3314 654 3368 δι’
680 3315 832 3386 ἡλίου
857 3357 872 3383 ,
898 3315 992 3368 καὶ
1033 3314 1234 3384 φωτὸς,
1271 3314 1369 3368 καὶ
1414 3315 1664 3378 ἀκτῖνος·
1701 3315 1733 3385 ἢ
1762 3316 1943 3386 πηγῆς

358 3403 799 3476 ἀναϐλυζούσης,
822 3404 917 3458 καὶ
971 3403 1356 3473 πηγαζομένου
1388 3404 1650 3474 νάματος,
1694 3405 1788 3458 καὶ
1812 3422 1946 3475 προ-

357 3496 493 3567 χοῆς
533 3511 548 3528 ⁸
581 3495 614 3565 ἢ
647 3495 739 3549 νοῦ
759 3533 776 3559 ,
816 3495 915 3549 καὶ
969 3494 1130 3562 λόγου
1151 3535 1166 3560 ,
1215 3495 1308 3548 καὶ
1341 3494 1476 3547 πνεύ
1489 3513 1657 3566 ματος
1689 3495 1784 3549 τοῦ
1825 3497 1947 3551 καθ’

357 3587 509 3657 ἡμᾶς
531 3603 543 3617 ·
570 3586 604 3658 ἢ
638 3588 793 3658 ῥόδου
821 3585 1013 3655 φυτοῦ,
1041 3585 1134 3638 καὶ
1165 3584 1362 3649 ἄνθους
1381 3626 1396 3652 ,
1428 3586 1523 3640 καὶ
1553 3585 1798 3650 εὐωδίας.

2038 1881 2159 1922 sese
2188 1865 2348 1920 nobis
2375 1864 2900 1928 accommodaverit,
2925 1863 3016 1932 qui
3037 1863 3158 1919 sine
3176 1863 3356 1917 medio
3380 1863 3617 1932 quodam

2038 1956 2106 2011 ad
2161 1970 2348 2010 rerum
2393 1953 2846 2010 intellectualium
2881 1951 3383 2008 considerationem
3428 1967 3619 2022 perve-

2037 2047 2156 2102 nire
2185 2061 2294 2100 non
2338 2045 2608 2110 valemus,
2662 2042 3105 2114 indigemusque,
3154 2050 3214 2097 ut
3249 2059 3343 2112 per
3389 2057 3454 2097 ea
3496 2057 3619 2111 qua:

2033 2140 2200 2197 nobis
2231 2137 2529 2194 familiaria
2571 2145 2919 2208 cognataque
2951 2146 3102 2201 sunt,
3135 2152 3356 2192 sursum
3401 2137 3618 2191 attolla-

2036 2246 2184 2286 mur.
2244 2229 2302 2285 Si
2356 2229 2526 2301 igitur
2577 2228 2906 2299 capacitatis
2956 2236 3162 2284 nostra;
3215 2227 3376 2298 312
3430 2229 3618 2283 habita

2037 2323 2270 2387 ratione,
2310 2321 2534 2376 divinus
2565 2333 2747 2375 sermo
2783 2317 2837 2372 id
2867 2333 3030 2374 omne
3075 2319 3286 2374 confert
3321 2318 3478 2374 nobis
3507 2333 3618 2388 quo

2038 2412 2205 2466 altius
2265 2411 2681 2476 subvehamur,
2741 2424 2806 2464 ac
2863 2409 3032 2464 rebus
3091 2408 3520 2478 simplicissimis
3563 2416 3618 2463 et

2039 2502 2218 2557 forma
2253 2501 2573 2558 carentibus
2624 2500 2832 2555 formas
2866 2501 3132 2570 quasdam
3170 2501 3460 2565 attribuit;
3518 2513 3617 2554 cur

2037 2607 2251 2657 eorum,
2294 2605 2417 2661 quae
2466 2601 2662 2661 suapte
2703 2598 2903 2644 natura
2951 2588 3149 2644 formis
3195 2589 3420 2659 praedita
3462 2595 3613 2652 sunt,

2038 2697 2390 2753 quorumque
2425 2688 2679 2737 tenemur
2720 2679 3017 2746 desiderio,
3069 2694 3257 2734 verum
3303 2678 3428 2748 quia
3481 2693 3617 2748 pra:-

2039 2777 2217 2832 sentia
2268 2791 2379 2830 non
2433 2784 2581 2842 sunt,
2637 2790 2700 2828 ea
2732 2774 2921 2829 videre
2975 2791 3084 2829 non
3131 2788 3447 2844 possumus,
3506 2787 3616 2827 non

2039 2868 2366 2939 efIingantur
2422 2865 2738 2935 imagines?
2788 2864 2893 2920 Per
2927 2881 3152 2921 sensum
3205 2865 3350 2918 enim
3407 2862 3617 2933 species

2039 2960 2286 3029 quaedam
2324 2957 2380 3012 in
2412 2956 2676 3012 anteriori
2717 2955 2932 3011 cerebri
2981 2955 3288 3011 ventriculo
3325 2954 3614 3017 formatur,

2042 3059 2203 3121 atque
2233 3052 2299 3105 ad
2331 3049 2622 3124 judicandi
2655 3047 2972 3103 facultatem
3002 3047 3352 3109 transmissa,
3409 3045 3462 3097 in
3507 3057 3619 3097 me-

2042 3141 2230 3197 moriae
2285 3141 2499 3194 tandem
2553 3139 2818 3193 thesauro
2866 3135 3210 3191 reconditur.
3273 3134 3364 3186 Ait
3419 3132 3619 3200 quippe

2040 3231 2336 3301 Gregorius
2368 3229 2410 3284 Τ
2416 3230 2683 3299 hcologus
2710 3229 2778 3294 ³⁵,
2813 3227 2958 3297 quod
3005 3241 3179 3289 mens,
3221 3222 3439 3277 tametsi
3472 3220 3617 3273 mul-

2041 3331 2157 3377 tum
2185 3322 2401 3377 laboret
2437 3330 2496 3376 ut
2526 3337 2615 3378 res
2650 3332 2949 3389 corporeas
2999 3314 3295 3376 transiliat,
3340 3311 3394 3366 id
3435 3320 3617 3364 tamen

2043 3413 2266 3482 assequi
2295 3428 2406 3467 non
2443 3412 2588 3466 valet
2623 3429 2637 3466 :
2680 3410 2812 3481 quin
2842 3407 3138 3463 invisibilia
3173 3405 3264 3459 Dei
3299 3421 3328 3458 a
3367 3412 3620 3458 creatura

2044 3501 2236 3556 mundi
2269 3517 2366 3571 per
2387 3517 2450 3556 ea
2481 3516 2602 3571 qua:
2632 3501 2778 3555 facta
2799 3509 2930 3556 sunt
2960 3499 3232 3555 intellecta
3258 3492 3618 3562 conspiciun-

2051 3599 2144 3646 tur
2168 3595 2234 3646 ³⁸.
2278 3591 2540 3648 Videmus
2579 3591 2848 3662 siquidem
2883 3594 2939 3647 in
2970 3591 3174 3646 creatis
3220 3587 3383 3642 rebus
3431 3582 3627 3653 imagi—

358 3694 633 3750 ncs,qu:e
674 3678 1017 3735 subobscure
1073 3677 1232 3733 nobis
1283 3678 1651 3734 revelationes
1707 3679 1923 3737 divinas
1960 3683 2230 3755 indicant,
2297 3693 2358 3740 ut
2418 3701 2543 3740 cum
2579 3685 2816 3741 dicimus
2885 3685 3206 3740 Trinitatem
3287 3693 3620 3750 supremam,

361 3787 458 3842 per
513 3772 707 3837 solem,
763 3771 939 3827 lucem
986 3779 1040 3826 et
1086 3770 1338 3837 radium;
1379 3777 1474 3824 aut
1521 3784 1617 3839 per
1664 3778 1922 3838 mentem,
1959 3776 2187 3833 verbum
2237 3786 2292 3833 et
2331 3776 2610 3848 spiritum,
2662 3793 2785 3847 qua:
2817 3779 2870 3832 in
2917 3777 3076 3832 nobis
3147 3782 3308 3840 sunt;
3385 3777 3480 3826 aut
3522 3785 3620 3842 per

363 3877 499 3919 rosae
529 3862 794 3932 plantam,
829 3860 1018 3915 florem
1043 3870 1098 3915 et
1128 3861 1351 3916 odorem
1381 3861 1700 3931 signiﬁcari.

434 3954 523 4025 ιβ’.
569 3954 760 4018 Πάλιν,
785 3950 947 4006 εἰκὼν
993 3951 1214 4019 λέγεται
1263 3952 1297 4022 ἡ
1352 3951 1461 4005 τῶν
1494 3953 1768 4023 ἐσομένων
1797 3955 1935 4008 αἰνι-

361 4041 664 4113 γματωδῶς
709 4039 1128 4110 σκιαγραφοῦσα
1179 4039 1250 4094 τὰ
1280 4039 1564 4109 μέλλοντα,
1599 4044 1674 4106 ὡς
1701 4046 1734 4114 ἡ
1767 4046 1935 4100 κιϐωο

361 4135 456 4196 τὸς
479 4133 579 4204 τὴν
627 4131 789 4200 ἀγίαν
833 4130 1110 4203 Παρθένον
1154 4131 1249 4184 καὶ
1294 4131 1555 4186 Θεοτόκον
1576 4144 1624 4197 ο,
1652 4135 1745 4188 καὶ
1776 4139 1810 4208 ἡ
1843 4139 1938 4209 ῥά-

362 4227 509 4291 ϐδος,
537 4225 634 4278 καὶ
664 4226 699 4294 ὴ
747 4223 986 4294 στάμνος
1015 4241 1028 4255 ο
1059 4223 1154 4276 καὶ
1208 4221 1284 4286 ὠς
1310 4225 1338 4277 ό
1357 4223 1478 4293 ὄφις
1497 4264 1512 4288 ,
1541 4224 1635 4279 τὸν
1665 4226 1728 4279 τὸ
1753 4227 1938 4298 δῆγμα

361 4317 454 4374 διά
487 4313 723 4388 σταυροῦ
755 4314 1183 4385 καταργήσαντα
1223 4313 1318 4367 τοῦ
1367 4316 1675 4386 ἀρχεκάκου
1718 4318 1893 4389 ὄφεως
1920 4361 1935 4376 .

361 4412 400 4481 ἧ
425 4424 486 4462 τε
519 4406 784 4468 θάλασσα,
819 4405 912 4458 καὶ
944 4405 1006 4457 τὸ
1049 4404 1227 4476 ὕδωρ,
1257 4404 1352 4458 καί⁸
1399 4406 1438 4478 ἠ
1483 4407 1701 4479 νεφέλη,
1737 4409 1800 4463 τὸ
1841 4410 1938 4464 τοῦ

367 4497 746 4573 βαπτίσματος
773 4493 1012 4565 πνεῦμα.

438 4596 527 4656 ιγ’.
567 4587 757 4653 Πάλιν,
777 4586 940 4642 εἰκὼν
981 4587 1198 4656 λέγεται
1243 4587 1352 4641 τῶν
1401 4590 1777 4663 γεγονότων,ἢ
1803 4591 1945 4646 κατά

368 4698 511 4744 τινος
529 4677 808 4750 θαύματος
829 4678 1068 4749 μνήμην,
1091 4678 1124 4750 ἢ
1151 4677 1343 4749 τιμῆς,
1373 4679 1407 4750 ἢ
1449 4682 1734 4754 αἰσχύνης,
1752 4683 1786 4753 ἢ
1815 4685 1946 4754 ἀρε-

368 4772 490 4840 τῆς,
515 4771 550 4842 ἦ
577 4770 796 4835 κακίας,
825 4769 963 4841 πρὸς
986 4772 1086 4840 τὴν
1112 4768 1337 4841 ὕστερον
1359 4770 1466 4824 τῶν
1491 4770 1779 4843 θεωμένων
1803 4773 1948 4843 ὠφέ-

371 4865 544 4930 λειαν,
577 4864 652 4928 ὡς
677 4863 746 4918 ἂν
785 4863 856 4917 τὰ
889 4863 989 4933 μὲν
1023 4862 1169 4917 κακὰ
1203 4863 1514 4933 φεύγωμεν,
1545 4865 1643 4927 τὰς
1674 4865 1730 4917 δὲ
1756 4865 1959 4936 ἀρετὰς

373 4952 726 5024 ζηλὼσωμεν.
750 4951 927 5022 Διπλῆ
950 4952 1008 5006 δὲ
1027 4951 1187 5023 αὓτη,
1208 4952 1296 5006 διά
1332 4971 1392 5006 τε
1415 4953 1577 5022 λόγου
1604 4956 1726 5017 ταῖς
1749 4953 1956 5023 βίϐλοις

374 5045 813 5115 ἐγγραφομένου,
837 5044 912 5107 ὼς
937 5046 965 5097 ό
991 5043 1122 5107 Θεὸς
1142 5043 1234 5096 τὸν
1266 5044 1427 5115 νόμον
1479 5047 1602 5110 ταῖς
1633 5044 1832 5112 πλαξὶν
1861 5046 1953 5097 ὲν-

374 5135 629 5206 εκόλαψε,
661 5136 905 5200 καὶτοὺς
948 5135 1060 5191 τῶν
1102 5136 1364 5206 θεοφιλῶν
1401 5136 1612 5208 ἀνδρῶν
1649 5138 1801 5209 βίους
1829 5138 1984 5210 ἀνα--

377 5226 657 5298 γράπτους
716 5226 970 5294 γενέσθαι
1027 5228 1334 5299 προσέταξε
1365 5268 1380 5295 ,
1423 5229 1518 5285 καί
1576 5229 1668 5284 διὰ
1718 5229 1956 5298 θεωρίας

2104 3953 2192 4008 12.
2229 3951 2313 4008 Ad
2345 3951 2482 4019 hinc,
2516 3953 2698 4025 imago
2725 3954 2926 4010 dicitur
2961 3954 3298 4018 futurorum,
3329 3968 3453 4024 qua:
3490 3953 3624 4008 aeni-

2036 4045 2280 4118 gmatice
2309 4059 2376 4099 ea
2409 4060 2533 4116 quae
2561 4044 2746 4101 futura
2789 4054 2940 4112 sunt,
2986 4046 3313 4110 adumbrat;
3375 4053 3434 4097 ut
3471 4058 3620 4110 arca,

2031 4136 2184 4204 virga
2239 4140 2293 4190 et
2333 4147 2495 4199 urna,
2525 4135 2741 4190 beatam
2775 4135 3058 4206 Virginem
3092 4150 3156 4189 ac
3200 4135 3483 4202 Deiparam
3517 4149 3532 4198 ;
3565 4143 3623 4189 ut

2031 4239 2261 4296 serpens
2289 4224 2538 4296 (aeneus),
2575 4242 2700 4281 eum
2734 4229 2831 4297 qui
2865 4227 3145 4296 serpentis
3198 4226 3470 4278 malorum
3503 4239 3625 4278 om-

2032 4320 2188 4374 nium
2220 4320 2462 4375 auctoris
2496 4334 2741 4374 morsum
2771 4319 2824 4372 in
2869 4333 3035 4372 cruce
3065 4317 3276 4370 sanavit
3303 4336 3317 4384 ;
3378 4326 3438 4372 ut
3465 4317 3625 4372 deni-

2045 4426 2152 4480 que
2176 4424 2346 4473 mare,
2379 4423 2519 4479 aqua
2581 4415 2637 4464 et
2673 4407 2849 4462 nubes
2881 4407 3137 4476 baptismi
3177 4408 3435 4477 spiritum
3482 4410 3627 4466 desi-

2049 4503 2288 4572 gnabant
2315 4499 2379 4554 ³⁷.

2123 4591 2210 4644 15.
2264 4589 2572 4654 Prazterea,
2622 4601 2808 4642 rerum
2867 4597 3150 4658 gestarum
3202 4589 3381 4660 imago
3422 4593 3629 4648 dicitur

2053 4678 2182 4732 illud
2241 4676 2389 4747 quod
2439 4677 2524 4731 vel
2571 4676 2626 4730 in
2683 4677 2762 4731 rei
2818 4678 3055 4748 alicujus
3105 4683 3414 4750 stupendae,
3458 4683 3540 4737 vel
3573 4683 3629 4738 in

2057 4771 2305 4836 honoris,
2328 4777 2422 4824 aut
2451 4769 2786 4838 ignominiae,
2819 4776 2914 4824 aut
2947 4763 3630 4828 virtutis‘recordationem

2056 4861 2433 4928 constituitur,
2467 4862 2536 4917 ad
2572 4868 2946 4932 posterorum,
2980 4863 3076 4932 qui
3119 4863 3172 4917 id
3221 4865 3629 4936 conspexerint,

2055 4953 2385 5020 utilitatem;
2423 4968 2532 5023 quo
2580 4968 2778 5023 nempe
2833 4962 2950 5008 tum
3003 4956 3144 5009 mala
3180 4956 3476 5027 fugiamus,
3513 4964 3630 5011 tum

2053 5047 2646 5102 virtutes'aemulemur
2689 5055 2747 5100 et
2793 5061 3215 5116 prosequamur.
3255 5049 3434 5117 Atque
3481 5049 3631 5117 ejus-

2055 5139 2201 5194 modi
2233 5139 2416 5210 imago
2446 5139 2642 5210 duplex
2665 5145 2782 5204 est;
2814 5149 2930 5192 tum
2961 5154 3080 5208 quae
3107 5155 3203 5208 per
3235 5154 3540 5194 sermonem
3576 5139 3630 5193 in

2052 5231 2210 5289 libris
2241 5240 2525 5300 exaratur;
2565 5220 3036 5303 quemadmodum
3068 5230 3213 5286 Deus
3252 5231 3424 5302 legem
3469 5229 3627 5287 tabu-

456 5401 502 5434 “
539 5401 700 5456 Dion.
725 5402 798 5456 De
823 5403 938 5457 coal.
971 5403 1104 5458 hier.
1142 5421 1266 5476 cap.
1296 5406 1346 5461 1.
1423 5407 1469 5439 ³⁸
1494 5416 1636 5464 orat.
1679 5407 1716 5461 2
1748 5406 1825 5462 De
1854 5406 1944 5462 the

2042 5407 2135 5476 yia.
2214 5409 2260 5440 ³ο
2282 5407 2444 5466 Rom.
2483 5425 2524 5479 ι,
2552 5410 2644 5466 20.
2723 5409 2768 5442 "
2799 5407 2978 5466 lCor.
3009 5422 3063 5474 ι,
3093 5407 3145 5475 1,
3173 5405 3230 5462 2.
3300 5458 3301 5461 η

1690 5561 1928 5621 VARUS
1960 5561 2363 5622 LECTIONES.

468 5670 486 5692 °
515 5669 646 5731 Mss.
676 5671 708 5740 ἠ
744 5671 903 5742 βάτος
932 5673 1027 5745 τῆς
1060 5671 1326 5744 παρθένου
1368 5677 1460 5731 καὶ
1483 5677 1760 5734 θεοτόκου.
