4074 6146
459 333 596 399 1243

1561 332 1623 391 8.
1658 329 1980 396 JOANNIS
2017 331 2445 392 DAMASCENI

3588 313 3718 381 l2“

457 444 525 498 lis
559 439 850 510 insculpsit
877 437 942 504 ⁸⁸,
977 450 1042 492 ac
1069 435 1343 502 virorum,
1391 446 1534 506 quos
1566 437 1769 492 charos
1816 436 2032 503 habuit,

2142 437 2420 506 αἰσθητῆς,
2455 433 2529 496 ὡς
2563 433 2662 500 τὴν
2693 430 2930 500 στάμνον
2973 429 3069 482 καὶ
3091 427 3190 498 τὴν
3215 426 3408 499 ῥάϐδον
3435 425 3497 481 ἐν
3516 430 3583 498 τῇ
3627 446 3717 482 κι-

457 534 626 588 vitam
681 530 880 585 litteris
929 527 1176 581 mandari
1234 527 1529 597 praecepit;
1589 536 1703 581 tum
1760 542 1883 597 qua:
1937 541 2035 596 per

459 625 774 680 sensibilem
815 620 1323 678 considerationem
1373 620 1648 691 praeterita
1683 628 1901 675 revocat
1926 634 1941 648 ”
1974 625 2035 673 ut

459 731 586 770 cum
621 715 675 769 in
722 727 962 785 perenne
996 713 1388 767 monimentum
1439 726 1661 777 urnam,
1715 711 2034 780 virgamque

459 806 516 862 in
575 819 705 860 arca
757 806 950 876 reponi
997 805 1188 875 jussit.
1245 805 1339 858 Sic
1389 819 1538 858 nunc
1586 805 1756 858 etiam
1812 803 2032 856 illorum

459 899 554 968 qui
597 908 720 953 ante
754 899 1128 967 exstiterunt“
1168 905 1283 951 tum
1331 896 1623 967 imagines,
1657 903 1775 950 tum
1805 895 2040 948 virtutes

460 989 851 1044 describimus.
906 990 1014 1042 Aut
1069 988 1237 1056 igitur
1285 1003 1450 1042 omne
1504 1001 1676 1058 genus
1736 984 2039 1054 imaginum

460 1082 612 1148 tolle,
647 1092 813 1153 atque
860 1082 1126 1138 adversus
1150 1096 1300 1147 eum,
1323 1079 1419 1150 qui
1459 1080 1584 1135 illas
1610 1079 1727 1134 fieri
1757 1075 2040 1148 praecepit,

2141 528 2298 597 ϐωτῷ
2335 525 2558 595 τεθῆναι
2621 520 2957 593 προσέταξεν
3005 520 3086 580 εἰς
3143 517 3510 587 μνημόσυνον.
3556 517 3718 572 Οῦτω

2140 620 2235 672 καὶ
2263 615 2358 669 νῦν
2391 615 2492 677 τὰς
2517 613 2736 675 εἰκόνας
2776 610 2883 664 τῶν
2914 607 3240 677 γεγονότων,
3268 609 3365 660 καὶ
3384 608 3486 672 τὰς
3511 609 3717 680 ἀρετὰς

2140 707 2537 778 διαγράφομεν.
2588 705 2657 756 Ἢ
2705 702 2885 755 τοίνυν
2929 702 3113 755 πᾶσαν
3166 699 3353 752 εἰκόνα
3399 699 3587 764 ἄνελε,
3615 700 3717 754 καὶ

2140 795 2646 867 ἀντινομοθέτειτῷ
2692 794 2891 856 ταύτας
2939 791 3303 862 προστάξαντι
3327 791 3601 859 γενέσθαι.
3640 793 3714 845 Ἠ

2137 891 2376 960 ἑκάστην
2409 887 2564 957 δέχου
2590 925 2604 950 ,
2639 886 2780 940 κατὰ
2834 885 2926 936 τὸν
2959 883 3166 954 ἑκάστῃ
3216 883 3500 953 πρέποντα
3552 883 3711 950 λόγον

2138 981 2232 1032 καί.
2283 979 2509 1051 τρόπον.
2544 978 2801 1039 Εἰπόντες
2833 976 3012 1028 τοίνυν
3045 975 3174 1036 τοὺς
3207 974 3308 1043 τῆς
3343 974 3554 1038 εἰκόνος
3585 975 3707 1044 τρό-

2140 1086 2294 1135 πους,
2325 1071 2569 1138 εῐπωμεν
2594 1068 2689 1121 καὶ
2721 1068 2850 1138 περὶ
2877 1058 3320 1137 προσκυνήσεως.

462 1177 610 1246 leges
630 1185 830 1241 statue,
857 1185 947 1232 aut
973 1177 1222 1247 singulas
1251 1175 1408 1245 juxta
1440 1175 1709 1230 rationem
1729 1188 1792 1228 ac
1813 1171 2036 1226 modum
2077 1165 2378 1234 unicuique
2415 1164 2827 1218 convenientem
2858 1162 3100 1232 suscipe.
3129 1160 3266 1216 Cum
3329 1160 3520 1231 itaque
3577 1161 3711 1216 ima-

463 1269 650 1338 ginum
684 1269 832 1321 varia
862 1268 1284 1338 exposuerimus
1313 1280 1535 1336 genera,
1566 1267 1838 1334 reliquum
1865 1272 1950 1318 est
1975 1271 2034 1316 ut
2068 1259 2137 1314 de
2166 1255 2488 1310 adoratione
2517 1255 2679 1309 verba
2712 1254 3002 1308 faciamus.

533 1360 620 1414 M.
653 1359 915 1414 Adoratio
940 1371 1023 1415 est
1048 1360 1296 1430 obsequii
1323 1373 1386 1414 ac
1417 1359 1740 1414 reverentia:
1773 1357 1990 1427 signum
2021 1373 2034 1408 :

464 1456 628 1517 atque
669 1447 832 1516 hujus
858 1447 1040 1502 varios
1075 1446 1266 1502 modos
1309 1447 1586 1502 novimus.
1636 1445 1797 1500 Prior
1834 1460 1897 1499 ea
1930 1453 2033 1510 est,

465 1553 627 1609 quam
662 1553 758 1607 per
789 1538 1002 1591 latriam
1032 1537 1141 1593 Deo
1171 1539 1273 1594 soli
1311 1547 1505 1608 suapte
1540 1545 1738 1591 natura
1759 1535 2038 1599 adorando

464 1629 811 1684 exhibemus.
862 1630 1016 1683 Hanc
1063 1630 1315 1700 sequitur
1365 1631 1562 1693 altera,
1595 1645 1760 1699 quam
1813 1635 2039 1699 propter

2213 1349 2294 1402 ιδ’.
2342 1349 2408 1402 Ἦ
2444 1347 2812 1416 προσκύνησις
2876 1346 3246 1409 ύποπτώσεως
3282 1345 3377 1399 καὶ
3400 1346 3566 1416 τιμῆς
3597 1345 3711 1398 ὲστι

2141 1439 2410 1510 σύμϐολον
2435 1456 2449 1470 °
2484 1439 2580 1493 καὶ
2601 1440 2804 1508 ταύτης
2834 1438 3124 1507 διαφόρους
3165 1436 3410 1507 ἔγνωμεν
3437 1436 3674 1506 τρόπους
3694 1452 3710 1465 ·

2139 1533 2385 1604 πρώτην,
2432 1530 2530 1602 τὴν
2583 1529 2726 1582 κατὰ
2760 1529 3037 1598 λατρείαν,
3065 1530 3131 1598 ἣν
3181 1529 3523 1597 προσάγομεν
3557 1529 3710 1599 μόνῳ

2135 1624 2215 1696 τῷ
2267 1623 2426 1694 φύσει
2473 1619 2836 1692 προσκυνητῷ
2883 1620 3022 1689 Θεῷ.
3065 1619 3455 1689 Ἔπειτα,τὴν
3500 1619 3591 1672 διὰ
3616 1619 3715 1673 τὸν

466 1722 759 1791 ipsummct
794 1721 964 1776 Deum
999 1722 1093 1791 qui
1134 1729 1330 1776 natura
1373 1722 1526 1776 solus
1571 1721 1887 1777 adorandus
1924 1728 2034 1784 est,

2142 1717 2299 1786 φύσει
2343 1714 2720 1785 προσκυνητὸν
2751 1712 2886 1767 Θεὸν
2926 1712 3353 1784 προσαγομένην
3386 1713 3498 1774 τοῖς
3544 1713 3710 1767 αὐτοῦ

466 1813 660 1867 amicis
693 1813 869 1882 ipsius
903 1827 967 1868 ac
995 1813 1214 1870 famulis
1239 1823 1598 1884 przestamus;
1633 1821 1694 1868 ut
1726 1828 1849 1868 cum
1875 1811 2040 1868 Jesus

466 1903 614 1959 Nave
648 1904 814 1968 filius,
849 1913 903 1960 et
941 1904 1131 1961 Daniel
1173 1907 1427 1976 angelum
1484 1907 1856 1960 adoraverunt
1900 1925 1913 1960 :
1953 1905 2040 1961 vcl

467 1997 602 2052 locis
630 1995 722 2050 Dei
754 1999 1045 2066 prmsentia
1070 1999 1279 2062 sacris;
1311 1999 1476 2052 sicuti
1511 1997 1680 2052 David
1710 1998 1819 2052 ait:
1851 2015 1869 2048 ι
1894 1997 2042 2054 Ado-

467 2102 653 2141 remus
685 2087 739 2139 in
783 2087 929 2152 loco,
961 2087 1054 2140 ubi
1109 2095 1382 2142 steterunt
1414 2087 1581 2156 pedes
1619 2088 1742 2157 ejus
1770 2088 1846 2155 ³⁹;
1879 2107 1899 2140 ι
1953 2087 2039 2144 vel

468 2179 636 2234 rebus
669 2177 772 2247 ipsi
800 2179 1171 2245 consecratis;
1204 2185 1263 2234 ut
1285 2179 1468 2234 omnis
1487 2178 1654 2234 israel
1679 2179 2056 2235 tabernaculo‘

468 2269 811 2340 procidebat,
851 2286 914 2326 ac
950 2271 1006 2325 in
1048 2272 1284 2326 circuitu
1312 2269 1798 2343 Hierosolymitani
1851 2273 2038 2342 templi

467 2367 697 2426 stantes,
725 2361 1084 2432 vultibusque
1104 2363 1170 2416 ad
1199 2363 1379 2434 ipsum
1398 2365 1576 2420 versis
1597 2364 1664 2419 ad
1701 2364 1846 2419 hunc
1867 2380 2040 2436 usque

467 2451 610 2508 diem
643 2451 874 2506 adorant
906 2471 920 2507 :
953 2453 1037 2506 vel
1075 2452 1418 2522 principibus
1456 2454 1526 2508 ab
1559 2454 1679 2523 ipso
1708 2457 1944 2521 creatis;
1980 2462 2040 2509 ut

466 2541 656 2611 Jacob,
688 2554 802 2599 tum
830 2545 973 2600 Esau
1001 2545 1224 2600 fratrem
1264 2561 1426 2600 suum
1449 2545 1519 2614 ⁸ο,
1545 2545 1659 2601 Deo
1689 2547 1764 2600 ita
1799 2547 2036 2612 volente,

468 2632 918 2702 primogenitum,
957 2641 1070 2687 tum
1104 2633 1441 2690 Pharaonem
1477 2636 1836 2691 constitutum
1869 2651 1898 2691 a
1928 2636 2040 2692 Deo

468 2722 776 2791 principem
838 2723 1124 2787 adoravit;
1195 2724 1437 2793 itemque
1507 2717 1668 2796 31.3
1739 2725 2037 2798 Josepbum

470 2814 759 2882 ipsiusmet
813 2814 1034 2870 fratres.
1095 2813 1232 2870 Novi
1290 2832 1511 2887 quoque
1569 2818 1800 2876 honoris
1862 2821 2036 2875 mutui

469 2903 644 2972 gratia
678 2903 1059 2960 adorationem
1105 2906 1353 2962 adhiberi
1383 2907 1450 2973 δι,
1499 2909 1721 2977 qualem
1761 2910 2037 2965 Abraham

471 2994 597 3048 filiis
619 2995 842 3049 Emmor
861 2995 1107 3051 exhibuit
1129 2996 1327 3051 ".‘Aut
1349 3013 1479 3068 ergo
1497 3013 1713 3054 omnem
1729 2999 1885 3056 aufer
1905 3003 2039 3056 ado-

2141 1808 2314 1876 φίλοις
2347 1807 2444 1861 καὶ
2477 1806 2832 1878 Θεράπουσιν,
2866 1806 2943 1869 ὡς
2975 1805 3050 1876 τῷ
3077 1804 3296 1873 ἀγγέλῳ
3329 1804 3538 1874 Ἰησοῦς
3561 1805 3589 1856 6
3618 1804 3711 1859 τοῦ

2138 1901 2316 1970 Ναυῇ,
2335 1899 2429 1952 καί⁴
2453 1898 2649 1969 Δανιὴλ
2679 1896 3097 1969 προσεκύνησαν
3117 1915 3131 1930 ο
3150 1897 3184 1969 ἢ
3203 1900 3314 1960 τοῖς
3343 1897 3480 1950 Θεοῦ
3506 1897 3708 1964 τόποις,

2137 1993 2213 2054 ῶς
2249 2009 2414 2063 φησιν
2448 1994 2475 2045 6
2502 1991 2698 2044 Δαϐίδ·
2735 2009 2754 2042 ι
2797 1991 3272 2061 Προσκυνήσωμεν
3307 1991 3388 2054 εἰς
3413 1989 3504 2044 τὸν
3523 1991 3706 2056 τόπον,

2137 2079 2198 2140 οὗ
2226 2085 2465 2156 ἔστησαν
2512 2085 2561 2136 οἰ
2595 2084 2756 2146 πόδες
2789 2083 2952 2136 αὑτοῦ
2973 2098 2986 2112 ·
3024 2084 3259 2147 καὶτοῖς
3293 2083 3461 2138 αὑτοῦ
3506 2085 3707 2156 ἀναθή-

2142 2196 2325 2249 μασιν,
2361 2177 2436 2240 ὡς
2462 2176 2610 2240 ἄπας
2637 2177 2665 2229 6
2699 2175 2915 2246 Ἰσραὴλ
2953 2177 3018 2246 τῇ
3047 2179 3218 2246 σκηνῇ
3251 2177 3595 2246 προσεκύνει,
3615 2176 3709 2229 καὶ

2137 2271 2216 2341 τῷ
2247 2272 2305 2322 ὲν
2359 2267 2713 2339 Ἰερουσαλὴμ
2741 2266 2856 2336 ναῷ
2906 2267 3090 2336 κύκλῳ
3142 2266 3376 2330 ἑστῶτες
3397 2307 3412 2331 ,
3443 2268 3532 2320 καὶ
3571 2269 3707 2338 πρὸς

2137 2362 2269 2416 αὐτὸ
2298 2359 2670 2429 ἁπανταχόθεν
2692 2359 2926 2428 ὁρῶντες
2959 2360 3052 2411 καί
3082 2357 3513 2428 προσκυνοῦντες
3540 2360 3710 2412 εἰσέτι

2138 2455 2233 2508 καὶ
2267 2453 2361 2506 νῦν
2391 2452 2557 2522 ἥτοίς
2596 2451 2688 2505 ὑπ’
2727 2449 2890 2504 αὑτοῦ
2932 2452 3395 2522 χειροτονηοεῖσιν
3429 2453 3711 2522 ἄρχουσιν,

2137 2545 2213 2607 ὡς
2247 2541 2441 2596 Ἰακὼϐ
2479 2541 2558 2611 τῷ
2588 2559 2646 2594 τε
2684 2539 2853 2594 Ἡσαῦ
2880 2582 2894 2606 ,
2929 2542 3006 2604 ὡς
3031 2542 3448 2613 προγενεστέρῳ
3495 2543 3716 2614 ἀδελφῷ

2139 2635 2245 2690 ὑπὸ
2264 2632 2398 2687 Θεοῦ
2429 2632 2732 2703 γενομένῳ,
2769 2633 2864 2686 καὶ
2908 2633 3110 2701 Φαραὼ
3149 2632 3255 2685 ὑπὸ
3301 2634 3436 2686 Θεοῦ
3466 2651 3714 2705 χειροτο-

2138 2727 2354 2796 νηθέντι
2408 2727 2629 2796 ἄρχοντι
2655 2741 2668 2754 '
2702 2725 2794 2778 καί
2817 2724 2894 2794 τῷ
2929 2725 3151 2794 Ἰωσὴφ,
3182 2727 3230 2778 οἰ
3260 2724 3423 2778 αὐτοῦ
3463 2726 3710 2795 ἀδελφοί.

2139 2813 2271 2870 Οἶδα
2307 2815 2570 2870 καὶκατὰ
2615 2816 2780 2886 τιμὴν
2813 2815 2911 2886 τήν
2955 2801 3091 2886 πρὸς
3121 2816 3383 2885 ἀλλήλους
3403 2817 3718 2887 προσκύνη-

2141 2925 2250 2972 σιν,
2273 2909 2349 2970 ὼς
2395 2908 2646 2978 Ἀϐραὰμ
2690 2909 2802 2969 τοῖς
2834 2907 2972 2969 υἱοῖς
3012 2906 3268 2977 Ἑμμὼρ.
3302 2909 3374 2960 Ἥ
3402 2907 3580 2962 τοίνυν
3605 2908 3716 2960 πᾶ-

2141 3015 2240 3052 σαν
2292 3000 2660 3072 προσκύνησιν
2694 2999 2883 3062 ἄνελε,
2921 2998 2954 3068 ἢ
3013 2998 3193 3064 πάσας
3228 2999 3408 3070 δέχου,
3451 2999 3590 3071 μετὰ
3617 2997 3715 3053 τοῦ

470 3087 761 3152 rationem,
802 3096 897 3142 aut
937 3104 1155 3144 onmem
1193 3090 1423 3146 admitte
1467 3105 1594 3146 cum
1633 3092 1816 3148 debita
1853 3101 2036 3150 tamen

2142 3091 2444 3159 ὀφείλοντος
2467 3092 2627 3160 λόγου
2663 3091 2758 3146 καὶ
2783 3091 3009 3162 τρόπου.

470 3177 685 3234 ratione
724 3194 786 3233 ac
826 3181 1010 3236 modo.

540 3269 628 3324 lli.
661 3268 732 3322 At
760 3284 890 3324 vero
925 3269 1059 3324 mihi
1095 3271 1248 3326 dicas
1281 3272 1482 3325 velim:
1511 3287 1696 3325 nonne
1731 3270 1874 3326 Deus
1899 3288 2042 3329 unus

471 3358 612 3413 Deus
649 3359 773 3414 est?
803 3358 946 3414 Deus
990 3362 1268 3429 equidem,
1312 3361 1551 3430 inquies,
1596 3372 1653 3416 ut
1695 3376 1844 3423 reor,
1898 3379 2042 3418 unus

469 3449 672 3518 estqui
698 3450 868 3517 legem
897 3451 1098 3505 sanxit.
1126 3450 1312 3516 Quid?
1337 3452 1624 3505 Contraria
1660 3454 1880 3506 sanxit?
1905 3452 2040 3506 Nam

471 3547 623 3591 extra
655 3548 966 3592 creatarum
993 3556 1180 3593 rerum
1215 3557 1507 3597 numerum
1540 3558 1650 3598 non
1682 3552 1812 3598 sunt
1835 3545 2042 3600 Cheru-

472 3631 582 3682 him
617 3628 686 3684 ⁵³.
744 3629 923 3684 Eccur
973 3645 1104 3700 ergo
1160 3634 1445 3688 hominum
1502 3650 1667 3689 manu
1729 3637 2045 3693 fabrefactis

473 3719 770 3773 Clierubim
796 3722 1115 3776 obumbrari
1141 3725 1585 3794 propitiatorium
1614 3727 1809 3796 jubet?
1845 3731 2043 3784 Annon

473 3810 599 3876 quia
638 3811 749 3875 Dei,
788 3822 971 3882 utpote
1007 3817 1100 3884 qui
1148 3817 1466 3872 nullatenus
1513 3821 1902 3877 circumscribi
1944 3837 2046 3877 nec

474 3904 856 3970 reprazsentari
898 3913 1100 3973 potest,
1150 3905 1330 3975 imago
1363 3908 1472 3961 ulla
1526 3909 1641 3963 fieri
1684 3912 1893 3980 nequit,
1944 3927 2044 3967 nec

473 3993 782 4063 cujuspiam
809 3996 966 4064 quasi
996 3997 1134 4051 Deus
1167 3997 1257 4062 sit,
1288 4013 1353 4052 ne
1385 4000 1557 4053 latriee
1578 4001 1761 4055 cultus
1785 4011 2044 4072 tanquam

476 4084 584 4138 Deo
613 4093 880 4139 creatura:
911 4087 1270 4140 attribuatur.
1304 4087 1514 4143 idcirco
1556 4090 1878 4156 Cherubim,
1917 4095 2045 4162 quia

473 4177 888 4248 circumscripta
947 4188 1094 4243 sunt,
1132 4179 1433 4249 divinaque
1489 4182 1629 4237 solio
1664 4183 2042 4240 ministrorum

476 4284 624 4324 more
662 4271 950 4336 assistunt,
991 4270 1261 4339 imagines
1291 4271 1488 4327 confici
1531 4275 1775 4342 mandat,
1806 4292 1928 4346 qua:
1961 4277 2043 4331 fa-

475 4362 746 4415 mulorum
780 4370 1032 4432 gerentes
1063 4363 1314 4418 habitum
1352 4365 1796 4436 propitiatorium
1850 4372 2046 4425 obum-

2217 3276 2298 3323 ιε’.
2329 3269 2469 3337 Λέγε
2519 3285 2609 3338 μοι
2659 3266 2932 3337 ἐρωτῶντι
2969 3283 2983 3298 ·
3036 3260 3114 3327 εἷς
3145 3265 3275 3328 Θεὸς
3325 3267 3353 3319 6
3385 3266 3556 3333 Θεός;
3587 3267 3715 3336 Ναὶ,

2145 3362 2362 3431 φήσεις,
2391 3359 2467 3422 ὡς
2501 3359 2624 3428 ἐμοὶ
2654 3358 2803 3411 δοκεῖ
2823 3398 2836 3422 ,
2862 3353 2944 3420 εἷς
2976 3357 3292 3427 νομοθέτης.
3323 3358 3390 3410 Τί
3415 3353 3511 3412 οὖν
3553 3377 3719 3429 νομο-

2145 3453 2288 3506 θετεῖ
2314 3453 2384 3504 τά
2412 3449 2630 3504 ἐναντία
2658 3465 2673 3514 ;
2727 3449 2802 3500 Ού
2833 3448 2942 3519 γὰρ
2973 3448 3075 3513 ἔξω
3101 3447 3201 3516 τῆς
3243 3448 3478 3513 κτίσεως
3508 3451 3575 3504 τὰ
3609 3453 3717 3504 Χε-

2145 3544 2362 3614 ρουϐἰμ.
2385 3543 2450 3596 Τί
2475 3538 2566 3596 οὖν
2601 3541 2924 3610 προστάττει
2953 3541 3232 3610 Χερουϐὶμ
3262 3541 3480 3608 γλυπτά
3510 3543 3717 3614 ἀνθρώ-

2144 3654 2262 3690 πων
2305 3635 2465 3706 χερσί
2520 3633 2933 3702 τεκταινόμενα,
2988 3631 3232 3694 σκιάζειν
3268 3632 3328 3685 τὸ
3366 3633 3712 3704 ἰλαστήριονς

2147 3731 2217 3783 Ἢ
2254 3729 2435 3798 δῆλον,
2467 3727 2543 3790 ὡς
2572 3727 2708 3779 Θεοῦ
2747 3726 2866 3796 μὲν,
2894 3726 2970 3788 ὡς
3001 3725 3418 3796 ἁπεριγράπτου
3444 3726 3535 3779 καί
3563 3728 3710 3779 ἀνειηα

2145 3821 2347 3874 κάστου
2381 3820 2556 3872 ποιεῖν
2611 3819 2794 3872 εἰκόνα
2846 3818 3150 3887 ἀμήχανον,
3184 3818 3218 3888 ἦ
3267 3835 3404 3879 τινος
3431 3817 3504 3879 ὡς
3536 3815 3700 3880 Θεοῦ,

2145 3912 2234 3964 ἵνα
2261 3912 2336 3980 μὴ
2363 3910 2438 3973 ὡς
2475 3909 2607 3971 Θεὸς
2645 3908 3015 3979 λατρευομένη
3048 3911 3411 3979 προσκυνῆται
3439 3907 3472 3978 ἡ
3503 3906 3701 3970 κτίσις.

2146 3999 2266 4053 Τῶν
2295 4000 2350 4052 δὲ
2390 3998 2693 4070 Χερουϐὶμ,
2747 3999 2822 4060 ὼς
2866 3999 3294 4068 περιγραπτῶν,
3329 3997 3422 4049 καὶ
3463 3996 3539 4066 τῷ
3581 3996 3713 4066 Θείῳ

2147 4092 2323 4163 Θρόνῳ
2363 4090 2744 4160 δουλοπρεπῶς
2782 4089 3170 4161 παρεστώτων,
3203 4089 3304 4160 τὴν
3335 4089 3520 4143 εἰκόνα
3556 4105 3720 4162 προσ-

2145 4186 2329 4238 τάττει
2363 4187 2536 4238 ποιεῖν
2561 4227 2574 4250 ,
2606 4184 2992 4255 δονλοπρεπῶς
3027 4183 3357 4236 σκιάζουσαν
3389 4183 3451 4236 τὸ
3499 4182 3720 4253 ἱλαστή-

2152 4294 2283 4347 ριον.
2311 4279 2558 4346 Ἔπρεπε
2599 4277 2706 4346 γὰρ
2745 4279 2809 4347 τῇ
2840 4277 3008 4330 εἰκόνι
3051 4277 3158 4330 τῶν
3187 4277 3458 4345 οὐρανίων
3487 4275 3724 4344 λειτουρο

2147 4369 2278 4438 γῶν,
2310 4367 2406 4438 τὴν
2439 4368 2624 4420 εἰκόνα
2665 4368 2773 4420 τῶν
2810 4367 2970 4420 Θείων
3008 4366 3323 4437 μυστηρίων
3376 4365 3717 4428 σκιάζεσθαι.

475 4454 651 4508 brent.
685 4453 824 4518 Quid
856 4470 1061 4518 arcam,
1093 4455 1224 4524 quid
1260 4471 1478 4524 urnam,
1503 4458 1704 4529 quidve
1727 4462 2042 4531 prepitiato-

2149 4461 2214 4515 Τί
2243 4461 2299 4514 δὲ
2332 4461 2437 4531 φὴς
2459 4460 2558 4530 τὴν
2584 4459 2835 4527 κιϐωτὸν,
2867 4461 2967 4531 τὴν
2997 4461 3254 4530 στάμνον,
3285 4459 3347 4511 τὸ
3385 4459 3716 4528 ἱλαστήριον,

475 4544 614 4597 rium
650 4545 821 4599 fuisse
867 4547 981 4600 ais?
1025 4548 1221 4602 Annon
1267 4548 1550 4604 hominum
1585 4555 1840 4608 manibus
1873 4553 2048 4608 fabri-

475 4643 595 4686 cata
617 4633 700 4685 “?
729 4632 988 4703 Nunquid
1023 4649 1132 4688 non
1182 4650 1351 4706 Opera
1407 4652 1669 4693 manuum
1728 4641 2049 4697 hominum?

475 4723 667 4779 Nonne
700 4741 765 4781 ex
813 4726 927 4790 vili,
963 4733 1022 4780 ut
1064 4727 1182 4798 ipse
1235 4728 1388 4794 loqui
1435 4747 1611 4798 amas,
1644 4735 1876 4789 materia
1911 4750 2047 4790 con-

478 4823 690 4871 structa
754 4817 920 4871 sunt?
979 4818 1122 4885 Quid
1173 4834 1302 4874 vero
1359 4830 1535 4877 totum
1599 4827 2050 4881 tabernaculum?

476 4921 662 4961 nonne
687 4907 908 4977 imago?
932 4924 1114 4964 nonne
1139 4911 1334 4966 umbra
1365 4921 1530 4982 atque
1561 4917 1872 4986 exemplum
1901 4920 2051 4974 erat?

477 4994 750 5060 Quocirca
771 4995 992 5052 divinus
1010 4999 1303 5067 Apostolus
1325 5001 1400 5053 ait
1427 5001 1495 5055 de
1526 5002 1662 5072 legis
1693 5005 1935 5075 antiquae
1957 5011 2058 5062 sa-'

477 5086 796 5142 cerdotibus
825 5088 1138 5146 edisserens
1176 5107 1189 5144 :
1229 5109 1247 5142 ι
1285 5091 1390 5156 Qui
1421 5093 1718 5162 exemplari
1752 5104 1808 5149 et
1842 5100 2048 5152 umbra:

477 5177 794 5233 deserviunt
827 5181 1171 5249 caelestium;
1216 5182 1361 5237 sicut
1394 5197 1724 5252 responsum
1745 5195 1828 5241 est
1852 5187 2044 5256 Moysi,

478 5269 605 5323 dum
628 5283 1112 5329 consummaturus
1127 5281 1246 5329 erat
1262 5273 1679 5329 tabernaculum
1702 5275 1858 5330 :Vide
1875 5278 2042 5344 enim,

478 5361 676 5430 inquit,
705 5364 890 5418 omnia
919 5365 1082 5420 facito
1113 5365 1420 5420 secundum
1455 5367 1736 5436 exemplar
1764 5367 1911 5436 quod
1948 5368 2046 5422 tibi

478 5460 763 5509 ostensum
797 5465 882 5512 est
913 5457 969 5512 in
1004 5467 1187 5512 monte
1210 5454 1278 5512 ⁸⁸.
1320 5476 1338 5510 ι
1369 5456 1692 5527 Quanquam
1717 5473 1786 5514 ne
1817 5460 1900 5514 lex
1924 5459 2045 5529 qui-

555 5655 599 5684 ”
624 5655 788 5728 Exod.
821 5676 1006 5721 xxxw,
1037 5661 1164 5724 9.8.;
1196 5661 1361 5717 ilebr.
1397 5676 1473 5726 Ix,
1501 5664 1554 5716 4.
1629 5663 1673 5694 ³³
1697 5662 2043 5726 Psal.cxxx1,
2086 5663 2135 5717 7.
2215 5665 2260 5696 ’⁸ο
2313 5663 2448 5720 Gen.
2509 5679 2706 5728 χχχιιι,
2741 5665 2793 5718 5.

484 5738 641 5790 χχιιι,
667 5725 720 5777 7.
794 5729 838 5758 "
863 5729 1033 5784 Exod.
1077 5747 1201 5795 xxv,
1238 5732 1322 5786 18.
1401 5725 1613 5798 κειται,
1649 5747 1800 5799 exul,

2145 4556 2206 4607 ού
2236 4553 2618 4623 χειρότευκτας
2663 4551 2765 4604 οὐκ
2818 4551 2954 4621 ἔργα
3006 4549 3206 4622 χειρῶν
3237 4547 3582 4619 ἀνθρώπων;
3619 4547 3723 4600 οὐκ

2145 4642 2206 4706 ἐξ
2233 4641 2450 4712 ἀτίμου,
2477 4640 2552 4703 ὡς
2583 4640 2648 4692 σὺ
2687 4639 2813 4709 φὴς,
2840 4639 2975 4710 ῦλης
3019 4638 3543 4706 κατεσκευασμένας
3573 4636 3640 4688 Τί
3666 4635 3720 4688 δὲ

2143 4736 2177 4804 ἡ
2205 4733 2379 4803 σκηνὴ
2405 4733 2618 4798 ἆπασας
2661 4732 2781 4802 οὐχὶ
2824 4732 2987 4784 εἰκὼν
3029 4729 3139 4803 ἦνς
3172 4732 3250 4784 Οὐ
3293 4730 3420 4784 σκιὰ
3450 4729 3546 4782 καὶ¹
3589 4727 3722 4780 ὑπόο

2145 4825 2370 4893 δειγμα“;
2395 4823 2533 4895 ⁴ῐιησὶ
2561 4822 2851 4892 τοιγαροῦν
2872 4824 2900 4876 6
2925 4821 3067 4885 θεῖος
3107 4820 3427 4883 Ἀπόστολος
3454 4818 3584 4888 περί
3610 4817 3721 4870 τῶν

2146 4915 2286 4967 κατὰ
2340 4915 2431 4966 τὸν
2482 4913 2647 4984 νόμον
2689 4913 2878 4984 ἱερέων
2936 4913 3148 4978 διεξιών
3183 4928 3199 4942 ⁸
3248 4931 3268 4964 ‹
3323 4911 3535 4974 Οἰτινες
3586 4911 3719 4962 ὑπο-

2145 5005 2395 5076 δείγματι
2443 5005 2535 5058 καὶ
2571 5007 2698 5076 σκιᾷ
2740 5005 3058 5075 λατρεύουσι
3091 5005 3198 5058 τῶν
3229 5002 3598 5073 ἐπουρανίωνο
3626 5018 3723 5054 κα-

2147 5097 2254 5160 οὼς
2291 5097 2728 5169 κεχρημάτισται
2761 5097 3004 5167 Μωῦσῆς
3027 5138 3040 5163 ,
3081 5097 3289 5169 μέλλων
3322 5095 3592 5149 ἐπιτελεῖν
3618 5093 3721 5162 τὴν

2148 5193 2369 5262 σκηνήν.
2397 5191 2540 5262 Ὅρα
2572 5190 2714 5261 γὰρ,
2760 5190 2913 5262 φησί,
2955 5192 3209 5262 ποιήσεις
3240 5188 3384 5243 κατὰ
3421 5187 3515 5239 τὸν
3551 5184 3723 5238 τύπον

2150 5282 2241 5334 τὸν
2268 5281 2546 5352 δειχθέντα
2579 5299 2659 5334 σοι
2705 5285 2763 5336 ὲν
2795 5282 2872 5353 τῷ
2904 5282 3040 5352 ὄρει.
3069 5300 3086 5332 ι
3133 5280 3276 5333 Ἀλλ’
3308 5278 3429 5332 οὐδὲ
3458 5275 3626 5330 εἰκὼν
3653 5270 3723 5343 ἦν

2150 5374 2178 5425 6
2197 5373 2380 5443 νόμος,
2402 5373 2518 5427 ἀλλ’
2549 5374 2758 5436 εἰκόνος
2797 5373 3157 5444 προσκίασμα
3179 5387 3193 5401 ·
3237 5371 3372 5441 φησί
3403 5367 3536 5437 γοῦν
3563 5367 3592 5418 6
3620 5365 3722 5418 αύ-

2147 5461 2238 5525 τὸς
2273 5462 2594 5526 Ἀπόστολος
2613 5479 2638 5496 ’ν
2660 5481 2678 5513 ι
2710 5462 2876 5515 Σκιὰν
2900 5462 3010 5532 γὰρ
3037 5459 3174 5530 ἔχων
3199 5461 3227 5512 6
3257 5458 3418 5529 νόμος
3440 5454 3552 5509 τῶν
3590 5453 3723 5525 μελ-

2901 5663 2941 5694 ’⁵³
2963 5662 3097 5718 Gen.
3151 5678 3317 5728 van,
3347 5663 3396 5714 7.
3512 5657 3721 5714 "Gen.

1877 5736 1941 5800 4;
1977 5735 2137 5789 ilebr.
2171 5751 2243 5798 l.\’,
2280 5735 2364 5788 il.
2441 5734 2488 5766 ⁸³
2515 5732 2678 5790 ilcbr.
2709 5749 2825 5800 vni,
2859 5734 2908 5788 5.
