4026 6156
221 344 384 415 1245

1367 351 1466 412 DE
1497 349 1956 414 IMAGINIBUS
1989 352 2276 414 ORATIO
2306 353 2357 414 l.

3349 337 3485 405 1246

214 452 444 507 λόντων
473 450 715 521 ἀγαθῶν,
743 452 844 506 οὐκ
876 452 1046 525 αὐτὴν
1070 453 1170 525 τὴν
1195 453 1378 508 είκόνα
1414 454 1525 508 τῶν
1555 455 1807 525 πραγμά-

1917 455 2042 510 dem
2073 456 2256 526 imago
2281 463 2424 519 erat,
2446 453 2540 511 sed
2570 453 2826 525 imaginis
2842 453 3025 524 potius
3042 449 3406 511 adumbratio,
3428 453 3486 502 ut

215 561 373 598 των.
410 562 429 596 ι
463 544 527 598 Et
557 539 650 598 οὖν
669 546 698 597 6
731 544 894 616 νόμος
923 546 1140 610 εἰκόνας
1193 546 1551 616 ἀπαγορεύει,
1576 547 1739 610 αὐτὸς
1759 546 1816 601 δὲ

217 636 449 716 εἰκόνος
482 636 601 690 ἐστὶ
627 637 1036 708 προχάραγμα,
1069 637 1122 689 τί
1163 637 1413 707 φήσομεν
1437 619 1458 704 ;’
1482 638 1545 690 Et
1578 639 1610 707 ή
1643 639 1816 710 σκηνὴ

219 724 395 787 σκιὰ,
425 725 520 779 καὶ
542 725 713 779 τύπου
743 725 937 789 τύπος,
971 725 1088 789 πῶς
1132 725 1208 796 μὴ
1241 726 1652 796 είκονογραφεϊν
1681 727 1710 779 6
1739 725 1819 780 νό-

223 832 344 883 μσς
365 816 777 884 διακελεύεται;
819 817 958 871 Ἀλλ’
981 817 1082 870 οὐκ
1124 816 1272 870 ἐστιν
1311 815 1458 872 οὕτω
1478 815 1652 870 ταῦτα
1670 856 1687 882 ,
1716 815 1818 872 οὐκ

219 903 359 960 ἔστι
379 923 394 939 ·
428 908 620 980 καιρὸς
654 908 711 962 δὲ
748 907 947 980 μᾶλλον
969 906 1049 979 τῷ
1071 908 1236 962 παντὶ
1259 907 1566 981 πράγματι.

314 1181 416 1240 ις’.
443 1173 620 1228 Πάλαι
673 1171 772 1243 μὲν
799 1171 828 1224 6
863 1169 1015 1234 Θεὸς,
1044 1168 1074 1221 6
1111 1167 1405 1240 ἀσώματός
1437 1185 1495 1222 τε
1523 1168 1616 1222 καὶ
1645 1169 1816 1240 ἀσχη-

223 1265 524 1338 μάτιστος,
542 1262 794 1334 οὐδαμῶς
817 1261 1130 1325 είκονίζετο.
1157 1261 1272 1316 Νῦν
1288 1261 1344 1316 δὲ
1371 1261 1534 1333 σαρκὶ
1557 1261 1815 1332 ὀφθέντος

220 1355 401 1422 Θεοῦ,
434 1356 527 1410 καὶ
573 1357 687 1419 τοῖς
711 1354 1020 1425 ἀνθρώποις
1072 1354 1632 1425 ωναναστραφέντος,
1671 1354 1816 1406 είκο-

217 1448 372 1513 νίζω
408 1447 544 1501 Θεοῦ
576 1447 639 1500 τὸ
670 1446 967 1517 ὁρώμενον.
1007 1446 1081 1500 Οὐ
1107 1446 1396 1516 προσκυνῶ
1415 1448 1484 1516 τῇ
1506 1444 1626 1517 ὕλῃ,
1646 1462 1809 1516 προσ-

221 1538 391 1591 κυνῶ
419 1535 475 1590 δὲ
495 1537 588 1591 τὸν
613 1537 712 1607 τῆς
743 1536 873 1606 ὕλης
921 1536 1252 1608 δημιουργὸν
1272 1578 1287 1604 ,
1317 1536 1410 1590 τὸν
1452 1535 1584 1607 ὕλην
1613 1536 1682 1589 δι’
1713 1535 1814 1606 ἐμὲ

223 1631 555 1698 γενόμενον,
594 1628 690 1681 καὶ
729 1629 787 1681 ὲν
819 1625 922 1700 ὕλῃ
974 1628 1303 1697 κατοικῆσαι
1359 1625 1812 1698 καταδεξάμενον,

225 1721 336 1773 καὶ
365 1719 432 1772 δι’
465 1719 596 1788 ὕλης
640 1719 737 1787 τὴν
793 1719 1069 1790 σωτηρίαν
1121 1735 1221 1789 μου
1271 1718 1650 1788 ἐργασάμενον
1673 1756 1689 1783 ,
1719 1717 1814 1771 καὶ

1917 545 2062 601 idem
2101 546 2177 600 ait
2213 544 2512 615 Apostolus
2545 563 2557 599 :
2599 562 2618 595 ι
2645 541 2902 599 Umbram
2927 542 3134 596 habens
3157 540 3242 594 lex
3273 537 3488 592 futuro-

1916 651 2040 690 rum
2078 636 2377 699 bonorum,
2429 649 2541 690 non
2603 635 2778 705 ipsam
2820 633 3114 703 imaginem
3159 643 3344 684 rerum
3369 627 3435 680 “.
3462 642 3484 677 ι

1915 727 2098 791 Quare
2123 727 2168 782 si
2201 725 2288 780 lex
2319 740 2443 795 quae
2473 724 2739 792 imagines
2773 722 3026 791 prohibet
3058 719 3198 785 ﬁeri,
3233 716 3487 787 imaginis

1915 817 2094 888 ﬁgura
2125 824 2248 882 est;
2286 816 2420 887 quid
2445 814 2558 884 jam
2583 813 2874 868 dicemus?
2895 813 2966 866 At
2993 811 3038 866 si
3072 809 3488 866 tabernaculum

1917 908 2114 964 umbra
2163 914 2280 973 est,
2315 916 2371 962 et
2401 906 2577 976 ﬁgura
2606 903 2812 974 ﬁgurae,
2845 918 2944 959 cur
2971 903 3055 957 lex
3087 901 3353 971 imagines
3382 913 3490 953 non

1915 997 2070 1069 pingi
2095 998 2329 1068 jubeat?
2360 996 2562 1054 Verum
2594 997 2711 1050 haec
2744 1010 2855 1049 non
2905 994 2978 1048 ita
3015 1007 3075 1049 se
3097 992 3334 1056 habent;
3377 1004 3488 1043 non

1915 1089 2170 1160 profecto
2199 1107 2215 1144 :
2257 1087 2353 1144 sed
2381 1103 2544 1143 suum
2575 1085 2876 1155 unicuique
2904 1083 2982 1138 rei
3021 1091 3238 1152 tempus
3275 1090 3360 1136 est
3383 1079 3451 1134 ⁸⁷.

1985 1182 2074 1236 16.
2100 1180 2449 1252 Quapropter
2478 1178 2646 1234 Deum
2666 1179 2820 1242 olim,
2848 1183 2906 1230 ut
2929 1175 3180 1244 corporis
3212 1189 3275 1228 ac
3305 1173 3489 1243 ﬁgurae

1914 1283 2234 1343 expertem,
2291 1274 2471 1343 imago
2528 1270 2682 1326 nulla
2742 1268 3018 1324 referebat
3044 1266 3110 1319 ⁸⁸.
3160 1263 3318 1319 Nunc
3361 1277 3489 1318 vero

1917 1371 2275 1433 posteaquam
2309 1363 2365 1416 in
2399 1375 2564 1416 carne
2592 1360 2743 1415 visus
2769 1370 2854 1414 est
2886 1358 3050 1422 Deus,
3077 1363 3132 1410 et
3164 1369 3287 1409 cum
3315 1353 3490 1407 homi-

1915 1455 2080 1512 nibus
2109 1461 2473 1510 conversatus
2512 1462 2595 1508 est
2618 1454 2684 1517 ",
2715 1467 2821 1522 qua
2849 1459 3004 1521 parte
3037 1445 3487 1520 conSpiciendum

1917 1560 1978 1601 se
2005 1545 2262 1616 praebuit,
2305 1543 2401 1598 Dei
2431 1543 2726 1613 imaginem
2753 1540 3007 1596 cll'ormo.
3031 1537 3150 1592 Non
3181 1535 3488 1596 materiam,

1917 1635 2014 1690 sed
2045 1636 2288 1690 materiae
2316 1643 2603 1688 auctorem
2634 1633 2837 1696 adoro;
2871 1631 2963 1701 qui
2996 1637 3218 1701 propter
3250 1640 3338 1681 me
3369 1639 3491 1679 ma-

1917 1726 2057 1780 teria
2087 1726 2266 1782 factus
2295 1734 2404 1790 est,
2438 1732 2493 1780 et
2523 1725 2578 1779 in
2605 1725 2839 1780 materia
2874 1723 3123 1777 habitare
3151 1719 3344 1780 voluit,
3385 1732 3490 1788 quo

227 1810 418 1864 σέϐων
446 1810 506 1864 οὐ
546 1811 825 1882 παύσομαι
853 1811 952 1882 τὴν
983 1811 1135 1881 ὕλην,
1167 1811 1236 1864 δι’
1255 1805 1324 1882 ἧς
1363 1812 1394 1881 ἡ
1428 1811 1674 1882 σωτηρία
1711 1827 1807 1880 μου

1916 1833 2014 1888 per
2043 1818 2326 1873 materiam
2365 1818 2598 1872 salutem
2636 1830 2814 1872 meam
2857 1823 3215 1884 operaretur:
3245 1824 3346 1864 nec
3375 1822 3486 1862 ma-

225 1899 529 1970 εἴργασται
549 1919 562 1932 ·
607 1901 750 1956 σέϐω
782 1902 840 1955 δὲ
872 1903 969 1972 οὐχ
1002 1901 1079 1966 ὡς
1113 1901 1246 1955 Θεόν
1267 1917 1280 1930 ·
1314 1901 1495 1970 ἄπαγε
1516 1918 1532 1932 ·
1558 1901 1678 1964 πῶς
1701 1901 1810 1972 γὰρ

222 1991 294 2044 τὸ
323 1991 381 2060 ἐξ
415 1993 515 2046 οὐκ
542 1993 715 2047 ὄντων
736 1993 836 2066 τὴν
868 1995 1087 2063 γένεσιν
1119 1995 1354 2065 ἑσχηκδς
1375 2035 1390 2060 ,
1423 1993 1589 2060 Θεός;
1624 1995 1689 2047 Ei
1716 1995 1810 2048 καὶ

218 2079 292 2132 τὸ
329 2080 424 2134 τοῦ
463 2081 600 2136 Θεοῦ
659 2083 818 2153 σῶμα
862 2083 1017 2148 Θεὸς,
1055 2083 1144 2138 διὰ
1196 2083 1297 2154 τὴν
1350 2083 1473 2136 καθ’
1514 2082 1810 2137 ὑπόστασιν

218 2173 431 2228 ἕνωσιν
477 2177 704 2248 γεγονὸς
757 2177 1156 2249 ἀμεταϐλήτως
1193 2179 1332 2248 ὅπερ
1369 2177 1431 2231 τὸ
1463 2178 1680 2249 χρίσαν,
1715 2178 1811 2232 καὶ

219 2266 427 2334 μεῖναν
457 2266 592 2338 ὅπερ
648 2263 716 2340 ἦν
764 2272 830 2340 τῇ
872 2269 1063 2338 φύσει,
1101 2269 1237 2340 σὰρξ
1277 2268 1603 2340 ἐψυχωμένη
1661 2269 1807 2340 ψυχῇ

215 2356 421 2429 λογικῇ
471 2375 531 2410 τε
586 2361 681 2412 καὶ
717 2363 880 2432 νοερᾷ
900 2402 914 2425 ,
942 2361 1193 2432 ἠργμένη
1215 2402 1229 2427 ,
1263 2363 1362 2414 οὐκ
1395 2362 1666 2424 ᾶκτιστος.
1699 2360 1810 2431 Τὴν

213 2452 278 2504 δέ
312 2468 381 2519 γε
423 2449 618 2522 λοιπὴν
645 2451 777 2522 ὕλην
827 2453 990 2518 σέϐω,
1024 2453 1120 2505 καὶ
1160 2453 1229 2506 δι’
1262 2453 1446 2516 αἰδοῦς
1474 2453 1612 2522 ἄγω,
1640 2453 1708 2506 δι’
1739 2447 1809 2524 ἦς

215 2543 253 2612 η
282 2541 532 2611 σωτηρία
559 2561 661 2612 μου
687 2543 939 2612 γέγονεν,
970 2543 1046 2606 ὠς
1080 2543 1230 2606 θείας
1261 2543 1546 2612 ἐνεργείας
1575 2543 1671 2596 καὶ
1708 2545 1808 2615 χά-

218 2650 380 2705 ριτος
415 2632 686 2703 ἔμπλεων.
716 2635 785 2687 Ἦ
806 2635 905 2705 οὐχ
938 2634 1037 2705 ὕλη
1065 2633 1127 2688 τὸ
1154 2632 1248 2688 τοῦ
1284 2634 1519 2707 σταυροῦ
1546 2634 1724 2702 ξύλον,
1747 2635 1808 2690 τὸ

216 2725 539 2797 τρισόλϐιον
577 2726 671 2778 καί
710 2727 1176 2797 τρισμακάριστον
1202 2743 1217 2792 ;
1244 2728 1316 2781 Ἢ
1338 2727 1440 2798 οὐχ
1465 2727 1566 2798 ὕλη
1599 2727 1660 2780 τδ
1681 2727 1808 2797 ὅρος

219 2815 286 2868 τὸ
317 2815 515 2868 σεπτὸν
553 2814 648 2868 καὶ
672 2813 826 2883 ἅγιον
845 2834 861 2882 ;
883 2817 946 2870 '0
975 2816 1068 2872 τοῦ
1107 2819 1348 2886 Κρανίου
1373 2819 1570 2886 τόπος;
1605 2820 1676 2872 Ἦ
1707 2820 1807 2890 ούχ

223 2904 332 2974 ὕλη
359 2905 394 2974 ἠ
442 2903 730 2974 φερέσϐιος
777 2904 953 2976 πέτρα
998 2907 1092 2959 καὶ
1142 2905 1449 2979 ζωηφόρος,
1489 2912 1519 2962 6
1564 2911 1734 2980 τάφος
1779 2913 1807 2964 6

221 2995 406 3063 ἆγιος,
433 2996 467 3066 ὴ
493 2996 644 3066 πηγὴ
679 2996 779 3066 τῆς
829 2997 986 3066 ἡμῶν
1033 2997 1415 3065 άναστάσεως;
1447 3001 1516 3052 Ἢ
1569 3001 1667 3070 οὐχ
1705 3000 1804 3072 ὕλη

222 3084 289 3136 τὸ
332 3083 523 3155 μέλαν,
549 3087 643 3139 καὶ
672 3087 705 3156 ἡ
753 3084 864 3141 τῶν
895 3086 1248 3155 Εὕαγγελίων
1293 3091 1539 3158 παναγία
1579 3091 1801 3161 βίϐλος;

226 3176 301 3229 Ἢ
333 3148 432 3246 οὐχ
463 3175 564 3246 ὕλη
589 3179 623 3248 ἡ
659 3148 944 3248 ζωηφόρος
985 3148 1255 3250 τράπεζα,
1284 3182 1317 3248 ή
1345 3148 1644 3251 τὸνυάρτον
1672 3148 1804 3253 ἡμῖν
1831 3148 1877 3208 C

218 3269 324 3340 τῆς
350 3268 498 3339 ζωῆς
528 3271 837 3341 χορηγοῦσα
863 3287 877 3337 ;
919 3273 991 3325 Ἦ
1032 3273 1130 3343 οὐχ
1163 3271 1265 3342 ὕλη
1287 3313 1301 3337 ,
1335 3273 1363 3326 6
1393 3274 1594 3345 χρυσός
1622 3291 1681 3327 τε
1714 3275 1805 3329 καὶ

219 3363 252 3415 6
279 3359 544 3431 ἄργυρος,
571 3361 632 3426 ἐξ
681 3357 755 3418 ὧν
790 3363 1013 3433 σταυροὶ
1058 3363 1152 3416 καὶ
1190 3363 1418 3426 πίνακες
1457 3364 1805 3417 κατασκευά-

221 3450 433 3514 ζονται,
459 3450 552 3503 καὶ
580 3452 852 3521 ποτήρια;
894 3453 963 3504 Ἢ
994 3451 1092 3521 οὑχ
1119 3450 1218 3522 ὕλη
1259 3452 1368 3523 πρὸ
1397 3453 1604 3506 τούτων
1633 3453 1806 3508 ἀπάν-

221 3554 334 3590 των
378 3537 438 3590 τὺ
467 3537 561 3590 τοῦ
593 3539 796 3608 Κυρίου
826 3540 985 3610 ἡμῶν
1016 3541 1176 3610 σῶμα
1210 3542 1302 3594 καὶ
1341 3535 1482 3612 αἷμα
1508 3559 1524 3608 ;
1562 3544 1633 3596 Ἢ
1665 3545 1804 3596 πάν-

221 3645 334 3683 των
361 3626 568 3682 τούτων
595 3630 749 3682 ἄνελε
778 3629 840 3682 τὺ
864 3630 1026 3692 σέϐας
1060 3632 1156 3683 καὶ
1201 3631 1300 3701 τὴν
1341 3632 1737 3702 προσκύνησιν,
1769 3634 1800 3704 ἢ

225 3717 547 3789 παραχώρει
597 3722 662 3790 τῇ
703 3720 1134 3791 ὲκκλησιαστικῇ
1200 3721 1497 3790 παραδόσει
1555 3724 1650 3776 καὶ
1704 3724 1804 3795 τὴν

215 3806 332 3884 (τῶν
371 3809 594 3861 εἰκόνων
617 3809 1007 3880 προσκύνησιν,
1033 3809 1170 3862 Θεοῦ
1198 3810 1292 3862 καὶ
1322 3811 1494 3878 φίλων
1518 3811 1653 3864 Θεοῦ
1683 3812 1804 3865 ὀνό-

226 3914 358 3969 ματι
409 3898 810 3970 άγιαζομένων,
846 3899 940 3954 καὶ
976 3899 1066 3953 διὰ
1096 3899 1258 3952 τοῦτο
1290 3900 1437 3954 θείου
1485 3902 1802 3974 Πνεύματος

223 3989 694 4058 ἑπισκιαζομένων
713 3991 914 4061 χάριτι.
948 3990 1040 4060 Μὴ
1067 3990 1263 4053 κάκιζε
1286 3992 1385 4061 τὴν
1411 3991 1544 4063 ὕλην
1561 4009 1574 4023 ’
1599 3995 1660 4048 οὐ
1694 3995 1802 4067 γὰρ

223 4081 438 4149 ἄτιμος.
471 4081 640 4134 Οὐδὲν
677 4082 787 4153 γὰρ
817 4082 1035 4151 ἄτιμον,
1065 4084 1094 4138 ὃ
1127 4085 1278 4156 παρὰ
1325 4085 1461 4138 Θεοῦ
1487 4088 1800 4160 γεγένηται.

225 4171 348 4224 Τῶν
390 4172 712 4240 Μανιχαίων
758 4171 919 4225 τοῦτο
951 4174 1012 4226 τὸ
1056 4175 1314 4247 φρόνημα
1347 4192 1362 4207 ο
1404 4177 1566 4246 μόνον
1599 4178 1657 4230 δὲ
1685 4180 1802 4232 ἄτι-

229 4277 349 4334 μον,
381 4260 411 4313 6
444 4263 518 4332 μὴ
548 4262 646 4332 τὴν
675 4264 855 4317 αἰτίαν
896 4264 1052 4335 ἔσχεν
1083 4268 1148 4320 ἐκ
1186 4267 1347 4335 Θεοῦ,
1384 4267 1504 4322 ἀλλ’
1533 4269 1802 4340 ἡμέτερόν

226 4357 373 4407 ἐστιν
412 4353 644 4426 εὕρεμα,
679 4359 744 4427 τῇ
789 4357 855 4410 ὲκ
892 4358 988 4412 τοῦ
1029 4358 1172 4413 κατὰ
1224 4361 1387 4430 φύσιν
1421 4363 1502 4426 είς
1551 4363 1612 4416 τὸ
1650 4364 1802 4434 παρὰ

228 4441 386 4512 φύσιν
408 4441 738 4514 αὑτεξουσίῳ
761 4443 1003 4498 ὲκκλίσει
1040 4463 1101 4499 τε
1133 4447 1227 4500 καὶ
1268 4449 1410 4519 ῥοπῇ
1440 4449 1534 4502 τοῦ
1563 4449 1801 4521 θελήμα-

227 4551 336 4598 τος,
372 4534 652 4588 τουτέστιν
673 4535 705 4604 ἡ
729 4535 994 4606 ἁμαρτία.
1025 4538 1089 4590 Εἰ
1133 4539 1223 4593 διὰ
1247 4539 1340 4592 τὸν
1379 4540 1545 4610 νόμον
1577 4542 1676 4606 τὰς
1720 4544 1799 4595 είς

227 4625 386 4687 κόνας
416 4623 724 4694 ἀτιμάζεις,
757 4624 852 4677 καὶ
883 4625 1272 4698 ἀπαγορεύεις,
1300 4628 1376 4691 ὡς
1407 4627 1468 4692 ἐξ
1500 4628 1634 4699 ὕλης
1669 4647 1804 4684 κατ-

227 4715 649 4786 εσκευασμένας,
685 4715 787 4785 ὅρα
813 4716 866 4770 τί
905 4732 1075 4786 φησιν
1111 4718 1145 4788 ἡ
1178 4716 1369 4788 Γραφή
1394 4733 1408 4748 ο
1436 4720 1546 4773 Καὶ
1573 4720 1804 4790 ὲλάλησε

231 4809 426 4880 Κύριος
460 4808 596 4881 πρὸς
631 4808 893 4879 Μωῦσῆν,
935 4809 1141 4878 λέγων’
1191 4811 1330 4864 Ἰδοὺ
1365 4811 1716 4874 ἅνακέκληκα
1745 4813 1805 4879 ἐξ

229 4902 481 4970 ὀνόματος
498 4901 764 4972 Βεσελεὴλ
790 4902 882 4956 τὸν
912 4902 1006 4957 τοῦ
1041 4904 1162 4973 Ὠρ,
1187 4903 1252 4956 ὲκ
1284 4903 1456 4974 φυλῆς
1490 4903 1674 4958 Ἰούδα.
1693 4906 1804 4960 Καὶ

243 4991 536 5062 Ἐνέπλησα
552 4994 716 5048 αὐτὸν
743 4993 960 5064 πνεῦμα
979 4994 1142 5055 θετον,
1167 4994 1380 5064 σοφίας,
1398 4996 1492 5048 καὶ
1509 4995 1802 5061 συνέσεως,

235 5079 322 5134 καὶ
347 5081 654 5154 ἐπιστήμης
682 5086 739 5137 ὲν
769 5086 936 5139 παντὶ
973 5083 1120 5154 ἔργῳ
1149 5084 1500 5148 διανοεῖσθαι,
1523 5086 1618 5138 καὶ
1647 5086 1806 5156 ἀρχι-

234 5174 520 5236 τεκτονεῖν,
553 5177 648 5227 καὶ
681 5177 1013 5246 ἐργάζεσθαι
1059 5177 1124 5230 τὸ
1155 5176 1399 5248 χρυσίον,
1427 5177 1606 5230 καὶτὸ
1639 5177 1804 5247 ἀργύ-

241 5280 365 5334 ριον,
395 5263 493 5315 καὶ
535 5265 626 5317 τὸν
658 5267 857 5336 χαλκὸν
877 5309 894 5334 ,
928 5269 1023 5322 καὶ
1085 5269 1186 5338 τὴν
1236 5267 1522 5332 ὑάκινθον,
1553 5268 1650 5321 καὶ
1701 5267 1803 5339 τὴν

237 5353 534 5425 πορφύραν,
570 5357 752 5410 καὶτὸ
785 5359 1040 5414 κόκκινον
1087 5361 1148 5414 τὸ
1186 5359 1402 5431 νηστὸν,
1429 5359 1525 5412 καὶ
1545 5359 1646 5429 τὴν
1679 5357 1803 5429 βύσ-

240 5465 324 5502 σον
345 5447 442 5519 τὴν
464 5449 975 5521 κεκλωσμένην,κα“ι
999 5453 1070 5507 τὰ
1087 5453 1410 5525 λιθουργικὰ
1434 5453 1514 5515 είς
1538 5452 1606 5505 τὰ
1634 5451 1794 5522 ἔργα,

239 5541 422 5595 καὶτὰ
468 5541 758 5596 τεκτονικά
802 5544 881 5607 είς
934 5544 1003 5598 τά
1050 5545 1222 5609 ξύλα,
1267 5543 1599 5616 ἐργάξεσθαι
1655 5545 1796 5599 κατὰ

1912 1909 2124 1974 teriam,
2166 1923 2264 1978 per
2298 1923 2463 1979 quam
2490 1907 2640 1962 salus
2671 1913 2827 1976 parta
2852 1904 2986 1958 mihi
3009 1911 3115 1968 est,
3144 1901 3324 1956 colere
3344 1897 3492 1952 desi-

1911 2014 2037 2055 nam
2068 2018 2080 2054 :
2111 2016 2223 2055 non
2265 2010 2448 2054 tamen
2481 2007 2541 2053 ut
2569 1999 2742 2068 ipsam
2767 2005 3030 2066 tauquam
3073 1993 3241 2048 Deum
3269 1991 3445 2046 colam
3473 2029 3489 2054 ,

1910 2091 2057 2161 quod
2092 2089 2235 2146 Deus
2282 2095 2518 2143 avertat.
2573 2085 2860 2152 Quomodo
2903 2086 3054 2138 enim
3106 2084 3254 2138 Deus
3301 2082 3392 2144 sit,
3437 2080 3488 2134 id

1909 2182 2057 2253 quod
2086 2198 2153 2237 ex
2188 2179 2362 2235 nihilo
2380 2187 2564 2233 ortum
2591 2177 2712 2232 est?
2731 2176 3056 2246 Quanquam
3085 2172 3288 2243 alioqui
3311 2174 3489 2241 ipsum

1911 2272 2002 2329 Dei
2035 2286 2236 2341 corpus
2268 2269 2414 2325 Deus
2457 2277 2542 2325 est
2589 2268 2658 2322 ob
2713 2266 2979 2321 unionem
3044 2263 3348 2320 secundum
3388 2262 3491 2332 hy-

1907 2364 2198 2437 poslasim,
2238 2377 2365 2418 cum
2405 2361 2528 2417 sine
2563 2359 2938 2416 demutatione
2973 2355 3107 2410 illud
3143 2354 3348 2409 factum
3396 2353 3488 2416 sit,

1909 2471 2080 2526 aquo
2129 2457 2418 2510 inunctum
2476 2451 2606 2518 fuit,
2662 2451 2826 2520 idque
2887 2446 3293 2520 permanserit,
3345 2443 3488 2514 quod

1908 2553 2105 2615 suapte
2145 2552 2345 2599 natura
2399 2553 2556 2609 erat;
2608 2555 2807 2610 nempe
2853 2554 2983 2594 caro
3014 2539 3261 2593 animata
3308 2535 3492 2589 anima

1908 2645 2089 2694 mente
2148 2637 2473 2706 rationeque
2520 2633 2788 2704 praedita;
2825 2645 2950 2702 qua:
2997 2627 3221 2700 quidem
3273 2625 3490 2679 initium

1908 2729 2124 2795 habuit,
2167 2744 2232 2784 ac
2271 2728 2599 2797 neutiquam
2631 2725 2876 2779 increata
2900 2730 3004 2777 est.
3032 2717 3330 2775 Residuam
3362 2729 3492 2771 vero

1907 2821 2214 2884 materiam,
2239 2835 2362 2891 quae
2403 2819 2472 2872 ad
2508 2817 2745 2873 salutem
2775 2829 2953 2870 meam
2990 2812 3244 2878 contulit,
3279 2809 3401 2868 colo
3429 2821 3493 2863 ac

1906 2927 2170 2976 veneror;
2203 2911 2408 2982 quippe
2451 2923 2620 2979 quam
2649 2907 2976 2963 eilicacitate
3006 2903 3255 2974 implevit
3283 2910 3337 2958 et
3367 2916 3492 2974 gra-

1907 3005 2004 3060 tia.
2057 3004 2254 3059 Annon
2298 3001 2530 3057 materia
2570 3009 2710 3064 erat,
2754 2999 2963 3070 lignum
3000 2999 3187 3053 crucis
3235 2997 3492 3052 fortuna-

1911 3091 2191 3147 tissimum
2211 3091 2347 3146 illud
2376 3088 2874 3159 beatissimumque
2895 3104 2927 3142 a
2951 3087 3168 3142 cunctis
3190 3086 3484 3156 praedican-

1913 3183 2084 3236 dum?
2109 3181 2304 3237 Nonne
2327 3180 2583 3244 materia,
2601 3193 2761 3234 mons
2789 3186 3016 3234 sanctus
3035 3193 3100 3232 ac
3118 3176 3490 3238 venerandus,

1912 3273 2002 3329 ille
2019 3272 2282 3328 Calvaria:
2303 3270 2784 3340 locus?Nunquid
2811 3270 3045 3325 materia
3076 3283 3184 3322 non
3217 3275 3302 3322 est
3349 3267 3490 3320 alma

1909 3363 2203 3432 vitalisque
2233 3363 2326 3416 illa
2363 3369 2553 3431 petra;
2583 3370 2863 3424 sanctum,
2898 3361 3146 3428 inquam,
3180 3356 3344 3428 314
3379 3371 3494 3410 mo-

1909 3461 2255 3516 numentum,
2317 3461 2520 3507 nostra:
2575 3451 2699 3506 fons
2765 3447 3236 3506 resurrectionis?
3288 3447 3490 3501 Annon

1909 3545 2163 3610 materia,
2191 3551 2307 3597 tum
2341 3552 2736 3605 atramentum,
2762 3549 2874 3596 tum
2909 3539 3300 3596 sanctissimus
3323 3537 3493 3591 Evan-

1908 3632 2179 3702 geliorum
2211 3632 2393 3686 liber?
2419 3631 2624 3684 Annon
2659 3645 2880 3700 quoque
2918 3629 3143 3683 materia
3169 3635 3272 3690 est,
3303 3640 3491 3680 mensa

1908 3721 2146 3788 viviﬁca,
2209 3736 2328 3790 quae
2399 3734 2595 3790 panem
2647 3719 2776 3773 vita:
2836 3719 2998 3773 nobis
3067 3714 3494 3773 subministrat?

1908 3812 2103 3868 Nonne
2157 3814 2408 3877 materia,
2464 3826 2659 3865 aurum
2709 3818 2765 3865 et
2823 3819 3143 3882 argentum,
3197 3822 3250 3866 et
3291 3797 3492 3878 quibus

1908 3917 2124 3971 cruces,
2182 3914 2237 3959 et
2289 3904 2473 3968 disci,
2528 3902 2846 3973 calicesque
2897 3902 3310 3957 conﬁciuntur?
3348 3900 3490 3966 Quin

1907 3995 2096 4058 etiam,
2130 3995 2277 4064 quod
2303 3994 2562 4048 omnibus
2592 3994 2717 4048 istis
2761 3994 3061 4059 antecellit,
3095 3992 3342 4062 nunquid
3377 4005 3490 4042 ma-

1908 4083 2044 4138 teria
2067 4097 2180 4137 non
2215 4090 2366 4149 sunt,
2400 4097 2606 4152 corpus
2638 4097 2701 4136 ac
2734 4084 2964 4154 sanguis
2986 4082 3234 4137 Christi?
3286 4080 3488 4134 Horum

1907 4174 2153 4228 omnium
2208 4175 2417 4228 cultum
2467 4171 2961 4244 adorationemque
3011 4187 3042 4228 e
3097 4171 3276 4228 medio
3309 4169 3485 4224 tolle:

1907 4273 2002 4319 aut
2033 4265 2430 4321 ecclesiasticis
2464 4265 2737 4320 institutis
2785 4265 3198 4334 obtemperans,
3243 4262 3383 4328 sine,
3429 4271 3490 4316 ut

1907 4353 2002 4410 Dei
2029 4362 2090 4409 et
2129 4369 2348 4420 eorum,
2393 4355 2489 4424 qui
2527 4355 2832 4411 amicorum
2869 4354 2960 4408 Dei
3006 4352 3358 4408 sanctissimo
3388 4366 3489 4406 no-

1908 4444 2056 4499 mine
2083 4443 2438 4506 decorantur,
2465 4451 2631 4512 atque
2660 4444 2798 4498 adeo
2826 4442 2997 4496 divini
3033 4441 3274 4511 Spiritus
3316 4441 3486 4512 gratia

1903 4542 2036 4592 sunt
2073 4534 2409 4600 obumbrati,
2432 4534 2702 4604 imagines
2732 4534 3053 4589 adorentur.
3075 4533 3221 4589 Nihil
3248 4536 3487 4590 materia:

1902 4626 2206 4691 detrahas;
2240 4639 2419 4695 neque
2457 4625 2604 4680 enim
2632 4633 2953 4695 contemptu
2991 4626 3153 4698 digna
3189 4634 3296 4683 est.
3342 4626 3488 4682 Nihil

1905 4717 2364 4788 siquidem,quod
2387 4716 2594 4773 factum
2615 4733 2646 4772 a
2673 4717 2782 4773 Deo
2805 4719 2900 4785 sit,
2918 4719 3265 4790 aspernabile
3295 4719 3484 4776 fuerit.

1904 4810 2021 4863 Hoc
2051 4807 2482 4862 Manichaeorum
2503 4808 2821 4876 opinionem
2854 4810 3022 4880 sapit.
3052 4810 3188 4865 Illud
3219 4811 3488 4867 duntaxat

1905 4899 2326 4970 contemptibile
2339 4907 2448 4966 est,
2475 4899 2623 4970 quod
2656 4899 2826 4955 Deum
2854 4916 2966 4956 non
2996 4902 3162 4958 habet
3180 4910 3486 4970 auctorem,

1905 4993 2002 5048 sed
2052 4991 2230 5048 libero
2268 4992 2566 5048 voluntatis
2613 5000 2765 5047 motu
2809 5007 2872 5047 ac
2907 4995 3277 5064 propensione
3323 4995 3392 5050 ab
3420 5009 3487 5050 eo

1898 5085 2046 5156 quod
2105 5092 2314 5141 naturae
2363 5093 2799 5143 consentaneum
2847 5095 2952 5153 est,
3001 5087 3054 5140 in
3103 5086 3158 5141 id
3202 5085 3347 5157 quod
3403 5094 3489 5142 est

1903 5182 2103 5247 praeter
2135 5184 2414 5241 naturam,
2466 5191 2496 5230 a
2544 5177 2704 5233 nobis
2746 5184 2833 5233 est
2864 5177 3258 5246 excogitatum.
3318 5175 3481 5245 Atqui

1909 5268 1964 5323 id
2000 5267 2151 5322 aliud
2181 5281 2292 5322 non
2327 5275 2413 5323 est
2439 5278 2639 5338 prater
2657 5276 2942 5338 peccatum
2962 5269 2985 5320 ?
3009 5267 3163 5332 Quod
3189 5266 3234 5320 si
3264 5275 3484 5335 pr0pter

1908 5362 2048 5432 legis
2085 5370 2420 5431 praeceptum
2450 5362 2749 5432 ignominia
2776 5360 2952 5415 afﬁcis
2996 5359 3285 5427 imagines,
3317 5366 3482 5428 atque

1903 5466 1970 5506 eo
1999 5452 2145 5521 quod
2176 5451 2405 5506 materia
2435 5459 2710 5516 constent,
2754 5450 2878 5505 illas
2905 5447 3022 5501 ﬁeri
3058 5445 3335 5516 prohibes,
3355 5447 3481 5504 vide

1906 5542 2036 5613 quid
2071 5541 2360 5612 Scriptura
2405 5542 2551 5598 dicat
2585 5558 2598 5594 :
2654 5559 2674 5594 ι
2716 5541 2784 5596 Ει
2821 5541 3038 5597 locutus
3084 5545 3170 5593 est
3213 5535 3478 5596 Dominus

307 5720 535 5777 "llcbr.
567 5736 620 5789 κ,
660 5722 706 5776 1.
787 5723 830 5756 ⁸⁷
866 5723 1034 5780 Eccli.
1076 5741 1136 5786 ιι,
1179 5729 1226 5784 Ι.
1303 5729 1347 5761 ⁸⁸
1381 5729 1399 5787 l
1429 5729 1570 5786 Tim.
1606 5727 1660 5795 5,
1693 5729 1777 5786 10.

1932 5728 2146 5785 Baruch
2183 5746 2265 5798 tu,
2295 5729 2406 5785 '58.'
