4074 6146
523 326 658 391 1247

1654 321 1715 382 S.
1739 316 2059 383 JOANNIS
2094 310 2527 378 DAMASCENI

3648 301 3794 368 1248

521 440 714 494 dicens
754 455 769 493 :
821 434 1020 491 Vocavi
1068 449 1133 489 ex
1162 433 1383 489 nomine
1409 430 1649 488 Beseleel
1679 432 1852 486 filium
1883 431 2000 486 Hor
2031 431 2101 486 de

2221 427 2384 481 πάντα
2432 426 2502 481 τὰ
2557 423 2732 495 ἔργα·
2784 421 2879 475 καὶ
2913 417 3026 490 ἐγὼ
3073 416 3283 472 δέδωκα
3339 416 3524 482 αὑτὸν,
3549 415 3644 469 καὶ
3697 413 3792 466 τὶν

521 530 670 586 tribu
705 527 866 592 Juda,
902 536 956 582 et
982 525 1201 594 implevi
1240 539 1366 580 eum
1398 523 1612 594 Spiritu
1639 523 1759 591 Dei,
1800 523 2097 594 sapientia,

520 627 575 674 et
603 616 990 685 intelligentia,
1033 616 1087 670 in
1140 615 1292 670 omni
1340 629 1508 685 opere
1548 615 1614 670 ad
1655 613 2098 684 excogitandum,

521 719 576 765 et
609 708 1106 773 fabrefaciendum,
1131 717 1185 763 et
1203 707 1540 777 operandum
1571 722 1794 772 aurum,
1819 716 1875 762 et
1899 722 2101 776 argen-

524 814 661 868 tum,
691 809 747 857 et
783 817 881 866 aes,
909 809 966 856 et
995 799 1378 870 hyacintbum,
1402 807 1457 854 et
1487 812 1813 869 purpuram,
1839 807 1893 852 et
1923 798 2104 854 cocci-

523 909 662 948 num
694 901 905 956 netum,
936 891 1276 962 byssumque
1307 897 1596 951 retortum,
1631 899 1685 944 et
1719 887 1987 959 iapidaria
2036 887 2103 944 ad

525 999 713 1054 opera,
748 994 802 1038 et
832 982 1049 1036 fabrilia
1105 982 1160 1036 in
1209 982 1398 1052 lignis,
1439 981 1503 1034 ad
1561 980 1895 1036 elaboranda
1938 995 2104 1049 opera

526 1077 735 1132 omnia.
770 1077 884 1146 Ego
918 1076 1043 1130 dedi
1084 1091 1232 1137 eum,
1261 1085 1314 1129 et
1352 1073 1509 1129 Eliab
1537 1074 1708 1128 filium
1741 1073 2105 1128 Achisamach

527 1164 598 1219 de
623 1165 772 1219 tribu
808 1166 963 1219 Dan:
1009 1173 1062 1218 et
1093 1165 1245 1219 omni
1283 1164 1606 1234 intelligenti
1643 1163 1810 1219 corde
1855 1163 1978 1218 dedi
2020 1163 2108 1218 in-

529 1255 910 1326 telligentiam,
935 1264 987 1309 et
1018 1253 1222 1309 facient
1243 1254 1428 1309 omnia
1459 1270 1579 1326 quae
1601 1256 1836 1324 praecepi
1864 1254 1962 1308 tibi
1983 1254 2048 1308 ⁸ο.
2084 1273 2102 1306 ›

532 1345 600 1399 Et
628 1363 850 1402 rursum
888 1365 901 1401 :
959 1366 978 1399 ι
1017 1346 1261 1402 Locutus
1291 1355 1376 1401 est
1420 1346 1642 1417 Moyses
1688 1346 1757 1400 ad
1790 1347 2106 1401 universam

531 1435 1016 1505 congregationem
1048 1435 1288 1488 filiorum
1331 1431 1499 1488 Israel
1547 1451 1560 1485 :
1612 1432 1812 1488 Audite
1854 1434 1956 1487 hoc
1989 1449 2111 1486 ver-

534 1525 686 1591 bum,
737 1527 880 1596 quod
926 1525 1186 1596 praecepit
1227 1524 1495 1580 Dominus
1537 1524 1728 1580 dicens
1772 1543 1784 1578 :
1833 1525 2040 1579 Sumite
2080 1539 2110 1578 a

536 1618 697 1672 vobis
728 1617 866 1687 ipsis
895 1628 1201 1686 separatam
1239 1616 1576 1672 oblationem
1634 1615 1886 1672 Domino.
1919 1616 2110 1672 Omnis

535 1707 632 1776 qui
681 1709 849 1763 corde
894 1708 1221 1778 susceperit,
1271 1707 1465 1762 afferat
1520 1707 1794 1778 primitias
1850 1707 2109 1775 Domino;

2213 516 2400 572 Ἐλιὰϐ
2433 516 2525 570 τὸν
2554 513 2650 568 τοῦ
2693 512 3023 582 ’Ᾱχισαμὰχ,
3047 511 3111 563 ἐκ
3144 510 3320 580 φυλῆς
3349 507 3456 563 Δάν
3479 524 3492 538 ·
3513 506 3607 560 καὶ
3623 506 3792 559 παντὶ

2203 608 2410 678 συνετῷ
2441 606 2642 676 καρδίᾳ.
2672 604 2782 674 ἐγὼ
2812 605 3022 658 δέδωκα
3058 603 3272 656 σύνεσιν
3297 638 3312 664 ,
3345 600 3440 654 καὶ
3490 599 3792 670 ποιήσουσι

2204 699 2382 754 πάντα
2407 700 2508 752 ὅσα
2538 714 2624 750 σοι
2647 695 2932 761 συνέταξα.
2965 714 2984 746 ι
3015 695 3127 748 Καὶ
3154 694 3317 747 πάλιν
3345 711 3360 726 ·
3393 711 3412 743 α
3450 687 3587 746 Εἷπε
3617 691 3791 744 Μωῦ-

2205 789 2307 860 σῆς
2345 788 2483 859 πρὸς
2527 788 2708 841 πᾶσαν
2743 785 3066 856 συναγωγὴν
3116 785 3249 838 υἱῶν
3307 782 3553 854 Ἰσραὴλ’
3597 781 3794 836 Ἀκοὺο

2210 898 2343 936 σατε
2385 880 2549 934 τοῦτο
2595 879 2657 932 τὸ
2708 879 2860 949 ῥῆμα
2887 919 2900 944 ,
2931 878 2960 930 ὃ
2996 877 3255 942 συνέταξε
3311 876 3518 947 Κύριος
3565 875 3791 944 λέγων’

2205 971 2415 1026 Λάϐετε
2447 969 2578 1038 παρ’
2608 969 2763 1037 ὑμῶν
2789 968 2969 1022 αὑτῶν
3007 969 3293 1040 ἀφαίρεμα
3324 967 3399 1038 τῷ
3431 967 3640 1038 Κυρίῳ.
3676 969 3790 1031 Πᾶς

2206 1064 2236 1115 ὁ
2269 1062 2701 1132 καταδεχόμενος
2740 1063 2809 1131 τῇ
2840 1059 3277 1132 καρδίᾳ,οῐσουσι
3304 1060 3405 1122 τὰς
3437 1059 3694 1130 ἀπαρχάς
3715 1059 3791 1130 τῷ

2213 1155 2424 1223 Κυρίῳ,
2481 1154 2726 1223 χρυσίον,
2760 1151 3050 1222 ἀργύριον,
3081 1151 3282 1220 χαλκὸν
3307 1193 3320 1216 ,
3350 1152 3628 1216 ὑάκινθον,
3661 1169 3786 1223 πορ-

2212 1245 2406 1316 φύραν,
2437 1245 2692 1299 κόκκινον
2720 1244 2942 1297 διπλοῦν
2985 1243 3404 1311 διανενησμένον
3429 1284 3443 1306 ,
3471 1243 3565 1295 καὶ
3595 1233 3795 1311 βύσσον

2211 1332 2726 1403 κεκλωσμένην,καὶ
2747 1332 2937 1402 τρίχας
2969 1329 3205 1397 αἰγείας,
3231 1331 3323 1382 καὶ
3346 1329 3588 1401 δέρματα
3618 1327 3795 1397 κριῶν

2210 1427 2700 1498 ⁴ηρυθροδεινωμ.ιὲνσ.
2723 1467 2737 1492 ,
2773 1427 2866 1479 xal
2893 1424 3140 1496 δέρματα
3177 1422 3473 1488 ὑακίνθινα,
3498 1421 3594 1476 καὶ
3657 1421 3796 1486 ξύλα

2211 1519 2434 1588 ἄσηπτα
2456 1557 2470 1582 ,
2514 1519 2607 1570 καὶ
2647 1517 2826 1570 ἔλαιον
2873 1515 2973 1585 τῆς
3004 1515 3239 1586 χρίσεως
3259 1555 3273 1578 ,
3305 1515 3397 1567 καὶ¹
3426 1514 3487 1566 τὸ
3533 1513 3798 1584 θυμίαμα

2212 1611 2312 1679 τῆς
2347 1609 2683 1675 συνθέσεως,
2716 1610 2811 1662 καὶ
2843 1607 3025 1670 λίθους
3066 1607 3351 1677 σαρδίους,
3376 1606 3469 1659 καὶ
3497 1606 3681 1670 λίθους
3715 1608 3797 1671 είς

2214 1703 2313 1771 τὴν
2363 1702 2595 1771 γλυφὴν,
2631 1701 2727 1755 καὶ
2761 1703 2842 1765 είς
2896 1700 2996 1772 τὴν
3030 1699 3304 1770 ἐπωμίδα,
3341 1699 3436 1752 καὶ
3464 1701 3543 1761 εἰς
3574 1698 3670 1751 τὸν
3708 1715 3800 1751 πο-

537 1815 758 1865 aurum,
818 1809 1131 1869 argentum,
1185 1815 1280 1868 res,
1345 1799 1736 1870 hyacinthum,
1791 1813 2111 1869 purpuram,

2221 1791 2376 1862 δήρη.
2407 1792 2519 1844 Kal
2546 1792 2659 1854 πᾶς
2691 1791 2856 1860 σοφὸς
2907 1790 3108 1861 καρδίᾳ
3137 1791 3194 1844 ὲν
3247 1789 3399 1860 ὑμῖν,
3433 1788 3600 1842 ὲλθὼν
3633 1789 3797 1860 ἐργα-

539 1889 828 1946 coccinum
871 1889 1074 1960 duplex
1123 1898 1353 1955 tortum,
1383 1900 1435 1945 et
1471 1890 1697 1961 byssum
1729 1897 2017 1954 retortum,
2064 1897 2118 1944 et

537 1983 679 2053 pilos
709 1998 1028 2052 caprarum,
1087 1983 1370 2052 pollesque
1421 1982 1654 2036 arietum
1697 1981 2032 2047 rubricatas,
2063 1990 2118 2037 et

538 2074 713 2144 pelles
744 2073 1152 2144 hyacinthinas,
1187 2081 1242 2127 et
1275 2075 1420 2143 ligna
1444 2073 1831 2142 imputribilia,
1852 2080 1908 2128 et
1937 2075 2116 2128 oleum

541 2163 847 2224 unctionis,
889 2169 944 2216 et
974 2162 1280 2232 thymiama
1312 2162 1753 2232 compositionis,
1799 2171 1854 2219 et
1906 2163 2117 2234 lapides

541 2252 782 2319 sardios,
810 2265 863 2307 et
883 2252 1096 2322 lapides
1117 2253 1170 2308 in
1193 2254 1534 2318 caelaturam,
1553 2254 1618 2308 ad
1645 2255 2118 2325 superhumerale,

542 2350 598 2398 et
625 2341 693 2397 ad
748 2343 997 2398 tunicam
1034 2344 1285 2399 talarem.
1317 2345 1579 2414 Quisquis
1622 2354 1866 2402 vestrum
1897 2347 2120 2417 sapiens

541 2440 630 2487 est
656 2432 847 2500 corde,
894 2434 1101 2497 veniat,
1130 2442 1185 2488 et
1215 2435 1381 2488 faciat
1417 2450 1540 2504 quae
1580 2435 1848 2494 Dominus
1879 2437 2120 2507 impera-

541 2527 649 2591 vit;
691 2525 1112 2580 tabcrnaculum
1134 2526 1203 2592 εί,
1238 2544 1258 2578 ›
1293 2533 1401 2581 etc.
1440 2527 1517 2580 En
1551 2528 1800 2598 profecto
1836 2531 2119 2586 materiam

542 2617 866 2686 pretiosam,
907 2618 1125 2674 etiamsi
1159 2618 1288 2674 vilis
1327 2618 1598 2674 habeatur
1641 2635 1673 2674 a
1701 2620 1876 2676 vobis.
1911 2622 2121 2692 Ecquid

543 2705 688 2760 enim
714 2722 1004 2777 caprarum
1045 2707 1178 2777 pilis
1214 2721 1280 2764 ac
1323 2707 1609 2764 coloribus
1646 2711 2122 2780 contemptibilius

546 2797 666 2853 sit?
709 2797 904 2854 Nonne
930 2801 1242 2866 coccinum,
1273 2809 1326 2854 et
1363 2815 1634 2870 purpura,
1681 2801 2124 2873 hyacinthusque

547 2889 766 2946 colores
811 2891 979 2946 sunt?
1022 2889 1162 2947 Ecce
1192 2891 1432 2957 demum,
1484 2900 1598 2945 tum
1643 2906 1806 2962 opera
1859 2908 2122 2948 manuum

548 2979 855 3047 hominum,
892 2992 1004 3037 tum
1035 2982 1332 3037 Cherubim
1377 2982 1612 3052 effigies.
1662 2981 1912 3049 Quonam
1961 2993 2122 3053 pacto

545 3073 651 3128 sub
681 3074 815 3144 legis
849 3073 1076 3129 obtentu
1105 3087 1169 3129 ea
1202 3074 1318 3129 fieri
1349 3075 1664 3145 prohibeas,
1695 3091 1818 3144 quae
1843 3082 1900 3129 ut
1930 3075 2125 3131 tierent

2219 1882 2397 1946 ζέσθω
2425 1885 2602 1938 πάντα
2651 1884 2751 1936 ὅσα
2805 1881 3062 1946 συνέταξε
3095 1881 3320 1952 Κύριος,
3359 1882 3459 1952 τὴν
3512 1882 3737 1952 σκηνὴν,
3769 1901 3788 1935 ι

2219 1976 2314 2028 καὶ
2341 1975 2410 2028 τὰ
2459 1975 2606 2045 ἑξῆς.
2647 1975 2775 2028 ’1δοὺ
2815 1974 2878 2045 δὴ
2929 1976 2961 2045 ἡ
2993 1973 3092 2044 ὑλη
3143 1973 3333 2044 τιμία,
3366 1976 3472 2027 κᾶν
3503 1973 3626 2028 καθ’
3653 1976 3794 2044 ὑμᾶς

2220 2068 2440 2139 ἄτιμος.
2470 2068 2535 2121 Τί
2564 2067 2671 2140 γὰρ
2700 2067 2901 2138 τριχῶν
2923 2066 3146 2132 αίγείων
3175 2066 3573 2138 εὐτελέστερον,
3598 2068 3631 2137 ἧ
3662 2085 3794 2140 χρω·

2224 2161 2412 2230 μάτων
2439 2175 2452 2224 ;
2481 2156 2560 2211 Ἦ
2591 2159 2651 2211 οὑ
2685 2157 2884 2228 χρῶμα
2914 2156 2976 2209 τὸ
3024 2156 3298 2221 κόκκινον,
3330 2157 3427 2210 καὶ
3454 2161 3487 2230 ἡ
3519 2159 3794 2229 πορφύρα,

2221 2253 2315 2305 καὶ
2344 2253 2376 2322 ἡ
2403 2249 2690 2318 ὑάκινθος;
2730 2250 2862 2304 Ἰδοὺ
2884 2249 2947 2320 δὴ
2979 2250 3074 2304 καὶ
3096 2250 3162 2303 τὰ
3189 2249 3325 2321 ἔργα
3353 2251 3550 2321 χειρῶν
3579 2251 3794 2321 ἀνθρὼ-

2221 2360 2360 2406 πων,
2395 2345 2488 2395 καὶ
2516 2341 2767 2413 ὁμοίωμα
2794 2341 3091 2412 Χερουόίμ.
3125 2341 3251 2406 Πῶς
3272 2338 3365 2396 οὖν
3403 2343 3491 2397 διὰ
3516 2345 3606 2396 τὸν
3637 2345 3796 2414 νόμον

2220 2433 2586 2505 ἅπαγορεύεις
2613 2473 2627 2497 ,
2651 2434 2687 2488 ἃ
2734 2436 2906 2487 ποιεῖν
2935 2437 2964 2489 ὁ
2996 2435 3162 2506 νόμος
3211 2435 3574 2508 προσέταξενς
3610 2439 3676 2491 ΕΞ
3714 2439 3797 2492 διὰ

2221 2528 2312 2580 τὸν
2353 2527 2518 2597 νόμον
2569 2525 2668 2590 τὰς
2721 2526 2938 2592 εἰκόνας
2989 2527 3375 2597 ἀπαγορεύεις,
3407 2527 3524 2599 ῶρα
3561 2547 3650 2584 σοι
3707 2533 3797 2586 καὶ

2225 2617 2573 2682 σαϐϐατὶζειν
2602 2655 2618 2681 ,
2650 2617 2744 2671 καὶ
2791 2618 3240 2689 περιτέμνεσθαι.
3289 2619 3426 2672 Ἀλλ’
3470 2621 3575 2674 ῖσθι
3633 2640 3654 2673 ι
3705 2623 3793 2688 ὡς,
3883 2607 3890 2618 ’

2223 2710 2320 2764 ἐὰν
2352 2709 2444 2763 τὸν
2498 2709 2664 2780 νόμον
2701 2713 2919 2782 τηρεῖτε
2941 2750 2955 2776 ,
2992 2711 3228 2781 Χριστὸς
3275 2711 3426 2766 οὐδὲν
3476 2712 3627 2784 ὑμᾶς
3665 2715 3798 2782 ὠφε-

2222 2803 2400 2873 λήσει.
2454 2802 2666 2866 Οἴτινες
2713 2804 2772 2856 ὲν
2824 2801 2976 2872 νόμῳ
3039 2802 3354 2857 δικαιοῦσθε
3383 2845 3398 2870 ,
3431 2803 3525 2874 τῆς
3576 2804 3796 2876 χάριτος

2223 2893 2531 2960 ὲξεπέσετε.
2562 2912 2579 2946 ι
2611 2894 2724 2964 Οὑχ
2765 2893 2912 2965 ἒωρα
2936 2893 3071 2948 Θεὸν
3099 2895 3128 2947 ὁ
3159 2894 3328 2949 πάλαι
3369 2895 3608 2966 Ἰσραὴλ,
3646 2897 3795 2967 ἡμεῖς

2223 2986 2280 3039 δὲ
2331 2985 2843 3058 ἀνακεκαλυμμένῳ
2896 2985 3176 3059 προσώπῳ
3232 2986 3331 3058 τὴν
3380 2987 3537 3054 δόξαν
3590 2987 3794 3058 Κυρίου

2225 3076 2723 3149 κατοπτριζόμεθα.

545 3168 631 3223 ch
654 3167 769 3236 ipsa
799 3168 1094 3238 praecepit?
1124 3168 1182 3223 Si
1242 3181 1465 3239 propter
1494 3169 1666 3240 legem
1733 3168 2068 3240 imaginibus
2133 3169 2436 3236 interdicis,
2477 3170 2589 3240 jam
2634 3180 2822 3240 satage
2881 3180 2938 3226 ut
2993 3169 3288 3226 Sabbatum
3331 3171 3791 3242 circumcisioque

544 3268 857 3316 serventur.
901 3261 1000 3316 Ast
1038 3261 1175 3316 illud
1236 3262 1379 3318 scito
1426 3279 1461 3312 «-
1484 3261 1630 3330 quod
1690 3261 1739 3316 si
1767 3260 1936 3330 legem
2000 3260 2324 3330 observetis,
2379 3261 2634 3320 Christus
2676 3264 2810 3318 nihil
2856 3263 3012 3319 vobis
3057 3262 3314 3333 proderit.
3365 3262 3471 3328 Qui
3534 3266 3608 3321 in
3681 3267 3790 3337 lege

539 3355 938 3426 justifieamini,
971 3369 1002 3409 a
1045 3355 1221 3426 gratia
1269 3355 1559 3413 excidistis
1581 3355 1647 3410 θ’.
1689 3373 1708 3407 ι
1765 3343 1948 3411 Βειιιῐί
1978 3355 2110 3410 olim
2150 3357 2320 3414 Israel
2369 3372 2480 3413 non
2511 3357 2730 3414 videbat
2764 3375 2778 3412 :
2815 3373 2917 3414 nos
2944 3366 3125 3413 autem
3171 3357 3413 3414 revelata
3483 3358 3624 3416 facie
3687 3361 3794 3431 310--

552 3453 689 3506 riam
731 3451 824 3506 Dei
860 3453 1213 3521 speculamur
1242 3452 1309 3505 ⁸³.

617 3547 706 3602 17.
745 3545 876 3616 Ejus
895 3562 1058 3617 porro
1087 3547 1322 3603 formam
1343 3547 1594 3604 sensibili
1622 3561 1940 3618 expressam
1964 3546 2117 3617 315

2305 3545 2390 3610 ιζ’.
2429 3543 2542 3598 Kal
2571 3542 2847 3613 αἰσθητῶς
2873 3543 2973 3614 μὲν
3009 3542 3102 3596 τὸν
3131 3540 3297 3596 αὑτοῦ
3322 3545 3646 3616 χαρακτῆρα
3671 3562 3794 3617 προ-

547 3636 710 3690 modo
731 3635 876 3691 omni
908 3636 965 3690 in
997 3638 1118 3692 loco
1150 3638 1470 3704 statuimus,
1503 3651 1566 3692 ac
1593 3652 1693 3708 per
1717 3653 1839 3694 eam
1858 3651 2124 3693 sensuum

550 3728 787 3798 primum
821 3728 1232 3784 sanctificamus
1263 3728 1432 3800 (inter
1479 3743 1680 3787 sensus
1720 3729 1867 3783 enim
1919 3727 2126 3798 primas

552 3827 703 3875 tenet
722 3819 920 3890 visus),
943 3820 1406 3891 quemadmodum
1440 3830 1496 3876 et
1523 3836 1620 3890 per
1658 3835 1946 3876 sermones
1975 3819 2128 3874 audi-

554 3919 690 3965 tum.
736 3908 918 3982 Imago
947 3911 1220 3980 siquidem
1254 3913 1656 3968 monimentum
1687 3911 1966 3982 quoddam
1999 3919 2124 3966 est:

2227 3636 2450 3707 τίθεμεν
2493 3635 2780 3705 ἁπανταχῇ
2806 3677 2821 3702 ,
2855 3635 2948 3688 καὶ
2998 3635 3098 3704 τὴν
3139 3633 3366 3708 πρώτην
3414 3637 3740 3708 ἁγιαζόμεθα
3765 3655 3780 3671 ο

2229 3725 2422 3797 πρώτη
2465 3724 2576 3795 γὰρ
2618 3725 2945 3796 αἰσθήσεων,
2980 3725 3172 3795 ὅρασις
3193 3742 3206 3757 ο
3248 3725 3433 3796 ὥσπερ
3453 3728 3540 3779 καὶ
3567 3729 3674 3788 τοῖς
3706 3726 3786 3778 λό·

2228 3835 2363 3886 γοις,
2399 3817 2498 3888 τὴν
2527 3817 2696 3886 ἀκοήν
2722 3832 2736 3846 °
2770 3815 3073 3886 ὑπόμνημα
3102 3816 3213 3886 γάρ
3237 3817 3377 3870 ἐστιν
3408 3819 3437 3888 ἡ
3471 3817 3626 3870 εἰκών
3646 3832 3658 3844 '
3687 3817 3779 3869 καὶ

2228 3911 2366 3981 ὅπερ
2404 3912 2517 3973 τοῖς
2561 3909 2856 3980 γράμμασι
2907 3910 3286 3981 μεμνημένοις
3329 3910 3363 3979 ἡ
3395 3907 3601 3980 βίϐλος,
3627 3907 3786 3962 τοῦτο

551 4017 618 4058 ac
645 4002 912 4072 quidquid
968 4002 1109 4057 liber
1145 4012 1234 4060 est
1289 4004 1360 4058 iis
1392 4005 1486 4074 qui
1518 4004 1733 4060 litteras
1787 4003 2117 4070 didicerunt,

2230 4002 2325 4056 καὶ
2356 4003 2472 4064 τοῖς
2503 4001 2890 4072 ἀγραμμάτοις
2919 4003 2952 4072 ἡ
2997 3999 3162 4056 εἰκών
3186 4021 3200 4037 ο
3232 4003 3326 4056 καὶ
3349 4003 3484 4073 ὅπερ
3510 4003 3573 4071 τῇ
3604 4002 3737 4070 ἀκοῇ
3764 4001 3792 4053 ὁ

552 4097 657 4153 hoc
679 4099 862 4167 imago
888 4106 968 4152 est
989 4097 1282 4154 illitteratis
1305 4106 1360 4152 ct
1390 4098 1652 4154 rudibus:
1672 4107 1727 4154 et
1747 4097 1895 4169 quod
1919 4098 2117 4153 auditui

2229 4097 2407 4165 λόγος,
2441 4096 2599 4151 τοῦτο
2645 4098 2713 4168 τῇ
2763 4096 3018 4166 ὁράσειὴ
3074 4094 3242 4150 εἰκών
3273 4111 3286 4126 ⁸
3315 4095 3521 4167 νοητῶς
3564 4095 3618 4148 δὲ
3664 4095 3792 4163 αὐτῇ

551 4197 772 4260 praestat
803 4189 1004 4255 oratio,
1040 4189 1144 4244 hoc
1176 4190 1319 4244 visui
1353 4189 1570 4245 confert
1603 4190 1782 4260 imago
1813 4208 1826 4244 :
1851 4206 1948 4261 per
1973 4205 2117 4244 men~

2231 4187 2522 4258 ὲνούμεθα.
2562 4187 2664 4241 Διὰ
2696 4186 2854 4240 τοῦτο
2902 4185 3238 4258 προσέταξεν
3286 4187 3314 4239 ὁ
3369 4186 3502 4250 Θεὸς
3554 4182 3795 4254 γενέσθαι

553 4288 662 4336 tem
699 4296 825 4338 vero
868 4282 974 4351 ipsi
1018 4283 1428 4353 eonjungimur.
1479 4281 1693 4337 Idcirco
1733 4281 1905 4352 jussit
1957 4281 2117 4347 Deus1

2232 4279 2466 4332 κιϐωτόν
2492 4280 2557 4332 ὲκ
2595 4277 2768 4343 ξύλων
2797 4279 3059 4349 ἁσήπτων
3082 4319 3096 4345 ,
3125 4277 3222 4331 καὶ
3255 4277 3682 4348 καταχρυσῶσαι
3705 4275 3796 4328 αὑ-

555 4379 614 4424 υι
640 4387 703 4426 ex
741 4372 908 4441 lignis
957 4389 1079 4443 quae
1108 4387 1216 4428 non
1264 4379 1613 4442 putrescunt,
1667 4386 1796 4428 arca
1825 4372 1999 4436 fieret,
2043 4370 2117 4424 in-

2231 4366 2328 4438 τὴν
2360 4367 2561 4423 ἔσωθεν
2597 4369 2695 4422 καὶ
2742 4367 2964 4435 ἔξωθεν,
3007 4369 3102 4423 καὶ
3150 4367 3388 4423 ἐνθεῖναι
3429 4369 3530 4430 τὰς
3579 4366 3795 4430 πλάκας,

557 4472 759 4532 tusqne
783 4471 837 4518 et
868 4473 1023 4518 extra
1047 4479 1184 4520 auro
1210 4464 1528 4529 vestiretur,
1560 4470 1725 4534 atque
1754 4465 1809 4518 in
1841 4479 1905 4518 ea
1935 4461 2117 4518 tabula

2234 4462 2327 4515 καὶ
2355 4461 2455 4532 τὴν
2487 4461 2704 4530 ῥάϐδον,
2736 4462 2832 4515 καὶ
2861 4461 2960 4532 τὴν
2990 4461 3230 4532 στάμνον
3265 4460 3364 4531 τὴν
3398 4460 3625 4533 χρυσῆν,
3659 4457 3798 4530 ἔχου-

556 4563 915 4624 ponerentur,
958 4556 1110 4626 virga
1145 4571 1366 4628 quoque
1400 4565 1456 4612 et
1481 4571 1638 4621 urna,
1671 4555 1727 4610 in
1765 4569 1896 4626 qua,
1934 4555 2002 4609 ad
2044 4569 2117 4609 re-

2237 4570 2336 4608 σαν
2365 4552 2426 4606 τὸ
2467 4553 2643 4623 μάννα
2701 4552 2839 4623 πρὸς
2871 4551 3178 4623 ὑπόμνησιν
3225 4551 3333 4605 τῶν
3371 4551 3692 4620 γεγονότων,
3715 4549 3800 4603 καὶ

557 4661 679 4699 rum
711 4653 990 4716 gestarum
1017 4649 1363 4713 memoriam,
1398 4648 1822 4717 futurarumque
1839 4645 2134 4701 adumbra-

559 4736 784 4801 tionem,
804 4751 1004 4790 manna
1033 4739 1453 4795 recondebatur.
1487 4739 1612 4796 Ilzec
1645 4754 1809 4811 porro
1843 4738 2130 4809 imagines,

2234 4643 2594 4714 προτύπωσιν
2628 4643 2736 4696 τῶν
2774 4642 3098 4714 μελλόντων.
3115 4643 3226 4696 Kal
3262 4645 3347 4707 τίς
3367 4643 3468 4696 οὐκ
3503 4643 3623 4713 ἐρεῖ
3646 4639 3801 4695 ταῦτα

2235 4735 2471 4801 εἰκόνας,
2500 4735 2854 4806 διαπρυσίους
2881 4753 2941 4787 τε
2972 4737 3258 4807 κήρυκας;
3292 4735 3404 4788 Καὶ
3429 4733 3607 4788 ταῦτα
3635 4733 3729 4786 οὑκ
3749 4733 3804 4784 ὲκ

559 4839 951 4897 ρτωεοηοείιυο
981 4841 1211 4885 sonoros
1244 4829 1417 4885 fuisse
1447 4831 1570 4901 quis
1595 4829 1807 4886 inficias
1838 4829 2001 4884 ierit?
2028 4829 2117 4883 Ne-

2238 4827 2485 4896 πλαγίων
2511 4826 2688 4880 ἔκειτο
2731 4829 2828 4898 τῆς
2867 4827 3096 4899 σκηνῆς,
3120 4827 3256 4882 ἀλλὰ
3292 4827 3642 4882 κατενώπιον
3680 4842 3826 4879 πάντ

557 4935 666 4990 que
682 4933 862 4976 veroa
892 4920 1152 4978 lateribus
1193 4923 1553 4990 tabernaculi,
1583 4924 1678 4980 sed
1729 4924 1782 4978 in
1822 4923 1993 4978 totius
2025 4935 2122 4992 po-

2162 4887 2214 4947 D

2240 4923 2329 4986 τὸς
2369 4921 2463 4975 τοῦ
2499 4921 2631 4976 λαοῦ
2655 4961 2668 4986 ,
2697 4921 2831 4990 πρὸς
2861 4921 2898 4975 ἆ
2945 4922 3385 4986 ἀποϐλέποντες,
3421 4920 3500 4991 τῷ
3536 4920 3606 4974 δι’
3642 4917 3806 4972 αὐτῶν

560 5011 674 5081 puli
720 5019 1017 5081 conspectu
1060 5015 1529 5084 proponebantur,
1570 5031 1680 5086 quo
1723 5015 1913 5071 eadem
1961 5015 2117 5084 suSpit

2242 5015 2603 5085 ἐνεργήσαντι
2649 5013 2769 5084 Θεῷ
2803 5016 3146 5087 προσέφερον
3185 5016 3285 5086 τὴν
3319 5016 3696 5084 προσκύνησιν
3723 5006 3807 5061 καὶ

559 5103 789 5169 cientes,
823 5101 934 5158 Deo
961 5105 1054 5174 qui
1086 5120 1182 5174 per
1219 5106 1338 5176 ipsa
1370 5110 1725 5178 operabatur,
1762 5107 2138 5162 adorationem

561 5209 626 5251 ac
678 5195 855 5251 Iatriae
905 5197 1118 5253 cultum
1168 5197 1452 5254 offerrent.
1506 5198 1662 5264 Quod
1715 5205 1897 5254 autem
1953 5198 2128 5252 latriw

561 5288 768 5343 cultum
797 5288 884 5345 his
923 5289 1061 5360 ipsis
1091 5305 1198 5346 non
1229 5291 1572 5359 exhiberem,
1610 5291 1964 5361 perspicuum
2001 5297 2085 5344 est
2112 5308 2126 5356 ;

564 5377 659 5431 sed
691 5392 790 5448 per
816 5393 902 5448 ea,
945 5381 1321 5452 prodigiorum
1351 5397 1646 5447 memores,
1676 5380 1920 5451 ipsorum
1947 5386 2138 5434 aucto-

565 5478 680 5518 rem
719 5467 885 5523 Deum
932 5471 1256 5527 adorabunt.
1288 5471 1748 5528 Commonitionis
1776 5471 1976 5540 quippe
2005 5483 2129 5539 gra-

569 5556 644 5608 tia
672 5561 965 5628 propositae
985 5573 1142 5620 erant
1173 5567 1457 5637 imagines.
1487 5582 1595 5620 non
1619 5575 1876 5634 tanquam
1907 5564 2002 5629 dii,
2036 5562 2130 5617 Sed

569 5653 632 5700 ut
657 5647 966 5704 divinorum
998 5668 1222 5723 Operum
1256 5657 1650 5713 admonitrices
1684 5664 1890 5712 essent.

2239 5107 2338 5178 τὴν
2366 5105 2643 5177 λατρείαν.
2667 5107 2836 5177 Δῆλον
2866 5108 2941 5171 ὡς
2967 5109 3064 5179 οὑχ
3098 5109 3175 5171 ὡς
3219 5109 3404 5170 αὑτοῖς
3443 5106 3803 5177 λατρεύοντες,

2239 5199 2377 5253 ἀλλὰ
2410 5200 2475 5253 δι’
2498 5198 2678 5253 αὑτῶν
2702 5200 2780 5262 είς
2817 5198 3122 5270 ὑπόμνησιν
3143 5199 3253 5252 τῶν
3279 5199 3577 5268 θαυμάτων
3617 5197 3806 5264 άγόμευ

2240 5308 2348 5354 νοι,
2380 5292 2475 5344 καὶ
2519 5291 2596 5362 τῷ
2651 5289 3003 5364 τερατουργῷ
3049 5290 3170 5361 Θεῷ
3201 5292 3301 5362 τὴν
3333 5290 3703 5361 προσκύνησιν
3730 5288 3808 5340 νέέ

2242 5400 2454 5450 μοντες.
2503 5383 2725 5446 Εἰκόνες
2763 5382 2873 5453 γὰρ
2921 5379 3062 5453 ἦσαν
3099 5383 3236 5453 πρὸς
3289 5383 3597 5452 ὑπόμνησιν
3633 5379 3807 5447 κείμε-

2248 5494 2345 5540 νοι,
2381 5477 2480 5545 οὑχ
2515 5475 2589 5540 ὡς
2619 5475 2753 5541 θεοὶ,
2789 5475 2904 5529 ἀλλ’
2933 5476 3006 5539 ὡς
3030 5475 3179 5538 θείας
3211 5475 3493 5546 ἐνεργείας
3516 5473 3808 5543 ὑπόμνησιν

2245 5569 2376 5637 ἄγου
2387 5587 2495 5622 σαι.

641 5744 690 5778 ⁵⁰
714 5747 886 5802 Exod.
921 5764 1073 5816 xxxi,
1123 5753 1238 5806 1-6.
1318 5757 1359 5786 δ¹
1390 5756 1562 5811 Exod.
1597 5771 1759 5820 xxxv,
1791 5751 1943 5807 Ml.
2027 5751 2068 5782 ⁵²
2100 5747 2117 5803 ί

2221 5756 2276 5802 ιι.
2310 5765 2363 5817 v,
2397 5748 2514 5804 9-4.
2591 5747 2637 5780 ⁸³
2672 5747 2712 5804 Il
2744 5747 2870 5804 Cur.
2948 5763 3029 5816 ιιι,
3060 5747 3142 5802 I8.
