  <div class='ocr_page' id='page_1' title='image "/cluster/home/n/w/nwhite01/storage/ocr_20150623/94/mdp.39015008918610/632.png"; bbox 0 0 4074 6146; ppageno 0'>
   <div class='ocr_carea' id='block_1_1' title="bbox 255 225 391 294">
    <p class='ocr_par' dir='ltr' id='par_1_1' title="bbox 255 225 391 294">
     <span class='ocr_line' id='line_1_1' title="bbox 255 225 391 294; baseline -0.029 0"><span class='ocrx_word' id='word_1_1' title='bbox 255 225 391 294; x_wconf 74' lang='grc'><strong>1249</strong></span> 
     </span>
    </p>
   </div>
   <div class='ocr_carea' id='block_1_2' title="bbox 1373 242 2372 313">
    <p class='ocr_par' dir='ltr' id='par_1_2' title="bbox 1373 242 2372 313">
     <span class='ocr_line' id='line_1_2' title="bbox 1373 242 2372 313; baseline 0.008 -9"><span class='ocrx_word' id='word_1_2' title='bbox 1373 242 1472 304; x_wconf 88' lang='lat' dir='ltr'><strong>DE</strong></span> <span class='ocrx_word' id='word_1_3' title='bbox 1509 242 1970 309; x_wconf 79' lang='lat' dir='ltr'><strong>IMAGINIBUS</strong></span> <span class='ocrx_word' id='word_1_4' title='bbox 1999 247 2285 310; x_wconf 82' lang='lat' dir='ltr'><strong>ORATIO</strong></span> <span class='ocrx_word' id='word_1_5' title='bbox 2319 250 2372 313; x_wconf 85' lang='grc' dir='ltr'><strong>Ῐ.</strong></span> 
     </span>
    </p>
   </div>
   <div class='ocr_carea' id='block_1_3' title="bbox 3359 261 3500 328">
    <p class='ocr_par' dir='ltr' id='par_1_3' title="bbox 3359 261 3500 328">
     <span class='ocr_line' id='line_1_3' title="bbox 3359 261 3500 328; baseline 0.014 -2"><span class='ocrx_word' id='word_1_6' title='bbox 3359 261 3500 328; x_wconf 73' lang='grc' dir='ltr'><strong>125θ</strong></span> 
     </span>
    </p>
   </div>
   <div class='ocr_carea' id='block_1_4' title="bbox 325 338 1812 434">
    <p class='ocr_par' dir='ltr' id='par_1_4' title="bbox 325 338 1812 434">
     <span class='ocr_line' id='line_1_4' title="bbox 325 338 1812 434; baseline 0.018 -47"><span class='ocrx_word' id='word_1_7' title='bbox 325 345 417 434; x_wconf 46' lang='grc' dir='ltr'><strong>ιηῖ.</strong></span> <span class='ocrx_word' id='word_1_8' title='bbox 447 338 571 434; x_wconf 55' lang='grc' dir='ltr'><strong>1ίαίἒ</strong></span> <span class='ocrx_word' id='word_1_9' title='bbox 585 339 792 434; x_wconf 62' lang='grc' dir='ltr'>δωδεκα</span> <span class='ocrx_word' id='word_1_10' title='bbox 828 340 1011 411; x_wconf 81' lang='grc' dir='ltr'>λίθους</span> <span class='ocrx_word' id='word_1_11' title='bbox 1037 347 1366 420; x_wconf 81' lang='grc' dir='ltr'>προσέταξεν</span> <span class='ocrx_word' id='word_1_12' title='bbox 1394 354 1423 408; x_wconf 98' lang='lat'><strong>6</strong></span> <span class='ocrx_word' id='word_1_13' title='bbox 1451 354 1584 419; x_wconf 82' lang='grc' dir='ltr'><strong>Θεὸς</strong></span> <span class='ocrx_word' id='word_1_14' title='bbox 1612 356 1812 428; x_wconf 85' lang='grc' dir='ltr'>ληφθῆ-</span> 
     </span>
    </p>
   </div>
   <div class='ocr_carea' id='block_1_5' title="bbox 1916 338 3501 434">
    <p class='ocr_par' dir='ltr' id='par_1_5' title="bbox 1996 360 3501 434">
     <span class='ocr_line' id='line_1_5' title="bbox 1996 360 3501 434; baseline 0.011 -20"><span class='ocrx_word' id='word_1_15' title='bbox 1996 361 2085 415; x_wconf 80' lang='grc'><strong>18.</strong></span> <span class='ocrx_word' id='word_1_16' title='bbox 2126 360 2303 418; x_wconf 85' lang='lat' dir='ltr'><strong>Jussit</strong></span> <span class='ocrx_word' id='word_1_17' title='bbox 2339 377 2561 434; x_wconf 89' lang='lat' dir='ltr'><strong>quoque</strong></span> <span class='ocrx_word' id='word_1_18' title='bbox 2593 364 2756 431; x_wconf 88' lang='lat' dir='ltr'><strong>Deus,</strong></span> <span class='ocrx_word' id='word_1_19' title='bbox 2793 374 2851 422; x_wconf 90' lang='lat' dir='ltr'><strong>ut</strong></span> <span class='ocrx_word' id='word_1_20' title='bbox 2880 366 3168 425; x_wconf 85' lang='lat' dir='ltr'><strong>duodecim</strong></span> <span class='ocrx_word' id='word_1_21' title='bbox 3197 384 3229 426; x_wconf 92' lang='lat' dir='ltr'><strong>e</strong></span> <span class='ocrx_word' id='word_1_22' title='bbox 3256 369 3501 434; x_wconf 82' lang='lat' dir='ltr'><strong>Jordane</strong></span> 
     </span>
    </p>
   </div>
   <div class='ocr_carea' id='block_1_6' title="bbox 250 429 1815 519">
    <p class='ocr_par' dir='ltr' id='par_1_6' title="bbox 250 429 1815 519">
     <span class='ocr_line' id='line_1_6' title="bbox 250 429 1815 519; baseline 0.013 -36"><span class='ocrx_word' id='word_1_23' title='bbox 250 445 340 483; x_wconf 89' lang='grc' dir='ltr'><strong>ναι</strong></span> <span class='ocrx_word' id='word_1_24' title='bbox 377 429 442 483; x_wconf 83' lang='grc' dir='ltr'>ὲκ</span> <span class='ocrx_word' id='word_1_25' title='bbox 479 430 575 483; x_wconf 90' lang='grc' dir='ltr'><strong>τοῦ</strong></span> <span class='ocrx_word' id='word_1_26' title='bbox 612 431 900 503; x_wconf 80' lang='grc' dir='ltr'><strong>Ἰορδάνου,</strong></span> <span class='ocrx_word' id='word_1_27' title='bbox 935 439 1028 491; x_wconf 75' lang='grc' dir='ltr'><strong>καὶ</strong></span> <span class='ocrx_word' id='word_1_28' title='bbox 1065 439 1164 511; x_wconf 83' lang='grc' dir='ltr'><strong>τὴν</strong></span> <span class='ocrx_word' id='word_1_29' title='bbox 1212 443 1392 498; x_wconf 78' lang='grc' dir='ltr'>αἰτίαν</span> <span class='ocrx_word' id='word_1_30' title='bbox 1440 447 1769 519; x_wconf 85' lang='grc' dir='ltr'>προστίθησι</span> <span class='ocrx_word' id='word_1_31' title='bbox 1799 464 1815 480; x_wconf 83' lang='lat'>&#39;</span> 
     </span>
    </p>
   </div>
   <div class='ocr_carea' id='block_1_7' title="bbox 250 520 1820 601">
    <p class='ocr_par' dir='ltr' id='par_1_7' title="bbox 250 520 1820 601">
     <span class='ocr_line' id='line_1_7' title="bbox 250 520 1820 601; baseline 0.013 -31"><span class='ocrx_word' id='word_1_32' title='bbox 250 521 386 588; x_wconf 80' lang='grc' dir='ltr'><strong>φησί</strong></span> <span class='ocrx_word' id='word_1_33' title='bbox 413 520 523 590; x_wconf 83' lang='grc' dir='ltr'><strong>γάρ</strong></span> <span class='ocrx_word' id='word_1_34' title='bbox 549 537 562 550; x_wconf 75' lang='grc'><strong><em>⁸</em></strong></span> <span class='ocrx_word' id='word_1_35' title='bbox 605 539 624 573; x_wconf 74' lang='grc' dir='ltr'><strong>ι</strong></span> <span class='ocrx_word' id='word_1_36' title='bbox 669 523 837 578; x_wconf 84' lang='grc' dir='ltr'><strong>Ὅταν</strong></span> <span class='ocrx_word' id='word_1_37' title='bbox 868 529 1050 600; x_wconf 77' lang='grc' dir='ltr'>ἐρωτᾷ</span> <span class='ocrx_word' id='word_1_38' title='bbox 1083 546 1145 584; x_wconf 89' lang='grc' dir='ltr'><strong>σε</strong></span> <span class='ocrx_word' id='word_1_39' title='bbox 1172 533 1201 584; x_wconf 92' lang='lat'><strong>6</strong></span> <span class='ocrx_word' id='word_1_40' title='bbox 1233 533 1346 596; x_wconf 83' lang='grc' dir='ltr'>υἱός</span> <span class='ocrx_word' id='word_1_41' title='bbox 1373 551 1489 601; x_wconf 89' lang='grc' dir='ltr'>σου,</span> <span class='ocrx_word' id='word_1_42' title='bbox 1519 538 1572 590; x_wconf 89' lang='grc' dir='ltr'><strong>τί</strong></span> <span class='ocrx_word' id='word_1_43' title='bbox 1597 540 1735 591; x_wconf 86' lang='grc' dir='ltr'>εἰσιν</span> <span class='ocrx_word' id='word_1_44' title='bbox 1770 539 1820 591; x_wconf 85' lang='grc' dir='ltr'><strong>οἰ</strong></span> 
     </span>
    </p>
   </div>
   <div class='ocr_carea' id='block_1_8' title="bbox 247 607 1818 702">
    <p class='ocr_par' dir='ltr' id='par_1_8' title="bbox 247 607 1818 702">
     <span class='ocr_line' id='line_1_8' title="bbox 247 607 1818 702; baseline 0.015 -39"><span class='ocrx_word' id='word_1_45' title='bbox 247 611 384 666; x_wconf 86' lang='grc' dir='ltr'>λίθοι</span> <span class='ocrx_word' id='word_1_46' title='bbox 410 607 795 688; x_wconf 59' lang='grc' dir='ltr'>οὗτοιγδιηγοῦ</span> <span class='ocrx_word' id='word_1_47' title='bbox 827 620 944 685; x_wconf 86' lang='grc' dir='ltr'>πῶς</span> <span class='ocrx_word' id='word_1_48' title='bbox 971 623 1185 688; x_wconf 78' lang='grc' dir='ltr'>ἐξέλιπε</span> <span class='ocrx_word' id='word_1_49' title='bbox 1211 627 1270 680; x_wconf 90' lang='grc' dir='ltr'><strong>τὸ</strong></span> <span class='ocrx_word' id='word_1_50' title='bbox 1297 628 1442 700; x_wconf 79' lang='grc' dir='ltr'>ὕδωρ</span> <span class='ocrx_word' id='word_1_51' title='bbox 1475 631 1567 684; x_wconf 88' lang='grc' dir='ltr'><strong>τοῦ</strong></span> <span class='ocrx_word' id='word_1_52' title='bbox 1615 631 1818 702; x_wconf 81' lang='grc' dir='ltr'>Ἰορδά-</span> 
     </span>
    </p>
   </div>
   <div class='ocr_carea' id='block_1_9' title="bbox 248 706 1820 787">
    <p class='ocr_par' dir='ltr' id='par_1_9' title="bbox 248 706 1820 787">
     <span class='ocr_line' id='line_1_9' title="bbox 248 706 1820 787; baseline 0.011 -30"><span class='ocrx_word' id='word_1_53' title='bbox 248 722 339 758; x_wconf 87' lang='grc' dir='ltr'><strong>νου</strong></span> <span class='ocrx_word' id='word_1_54' title='bbox 366 706 487 777; x_wconf 73' lang='grc' dir='ltr'>θείᾳ</span> <span class='ocrx_word' id='word_1_55' title='bbox 530 710 867 780; x_wconf 79' lang='grc' dir='ltr'>προστάξει,</span> <span class='ocrx_word' id='word_1_56' title='bbox 901 714 996 767; x_wconf 75' lang='grc' dir='ltr'><strong>καὶ</strong></span> <span class='ocrx_word' id='word_1_57' title='bbox 1045 715 1198 786; x_wconf 79' lang='grc' dir='ltr'>διέϐη</span> <span class='ocrx_word' id='word_1_58' title='bbox 1234 717 1266 787; x_wconf 88' lang='grc' dir='ltr'>ὴ</span> <span class='ocrx_word' id='word_1_59' title='bbox 1300 718 1534 783; x_wconf 80' lang='grc' dir='ltr'>κιϐωτὸς</span> <span class='ocrx_word' id='word_1_60' title='bbox 1572 721 1668 774; x_wconf 89' lang='grc' dir='ltr'><strong>τοῦ</strong></span> <span class='ocrx_word' id='word_1_61' title='bbox 1706 724 1820 775; x_wconf 83' lang='grc' dir='ltr'><strong>Κυ-</strong></span> 
     </span>
    </p>
   </div>
   <div class='ocr_carea' id='block_1_10' title="bbox 250 798 1818 880">
    <p class='ocr_par' dir='ltr' id='par_1_10' title="bbox 250 798 1818 880">
     <span class='ocr_line' id='line_1_10' title="bbox 250 798 1818 880; baseline 0.01 -31"><span class='ocrx_word' id='word_1_62' title='bbox 250 798 393 869; x_wconf 88' lang='grc' dir='ltr'>ρίου,</span> <span class='ocrx_word' id='word_1_63' title='bbox 424 801 519 852; x_wconf 80' lang='grc' dir='ltr'><strong>καὶ</strong></span> <span class='ocrx_word' id='word_1_64' title='bbox 557 802 667 864; x_wconf 83' lang='grc' dir='ltr'><strong>πᾶς</strong></span> <span class='ocrx_word' id='word_1_65' title='bbox 707 804 735 856; x_wconf 91' lang='grc' dir='ltr'><strong>ό</strong></span> <span class='ocrx_word' id='word_1_66' title='bbox 773 802 920 867; x_wconf 88' lang='grc' dir='ltr'>λαός.</span> <span class='ocrx_word' id='word_1_67' title='bbox 953 822 971 854; x_wconf 78' lang='grc' dir='ltr'><strong>ι</strong></span> <span class='ocrx_word' id='word_1_68' title='bbox 1007 807 1133 869; x_wconf 84' lang='grc' dir='ltr'>Πῶς</span> <span class='ocrx_word' id='word_1_69' title='bbox 1157 805 1250 860; x_wconf 84' lang='grc' dir='ltr'><strong>οῦν</strong></span> <span class='ocrx_word' id='word_1_70' title='bbox 1282 811 1448 880; x_wconf 79' lang='grc' dir='ltr'>ἡμεῖς</span> <span class='ocrx_word' id='word_1_71' title='bbox 1475 812 1577 865; x_wconf 82' lang='grc' dir='ltr'><strong>οὐκ</strong></span> <span class='ocrx_word' id='word_1_72' title='bbox 1609 812 1818 864; x_wconf 84' lang='grc' dir='ltr'>εἰκονο-</span> 
     </span>
    </p>
   </div>
   <div class='ocr_carea' id='block_1_11' title="bbox 246 891 1817 972">
    <p class='ocr_par' dir='ltr' id='par_1_11' title="bbox 246 891 1817 972">
     <span class='ocr_line' id='line_1_11' title="bbox 246 891 1817 972; baseline 0.01 -31"><span class='ocrx_word' id='word_1_73' title='bbox 246 891 605 962; x_wconf 79' lang='grc' dir='ltr'>γραφήσομεν</span> <span class='ocrx_word' id='word_1_74' title='bbox 634 893 704 946; x_wconf 85' lang='grc' dir='ltr'>τὰ</span> <span class='ocrx_word' id='word_1_75' title='bbox 732 896 974 965; x_wconf 87' lang='grc' dir='ltr'>σωτήρια</span> <span class='ocrx_word' id='word_1_76' title='bbox 1005 897 1153 969; x_wconf 83' lang='grc' dir='ltr'>πάθη</span> <span class='ocrx_word' id='word_1_77' title='bbox 1177 900 1268 954; x_wconf 83' lang='grc' dir='ltr'><strong>καί</strong></span> <span class='ocrx_word' id='word_1_78' title='bbox 1301 899 1558 972; x_wconf 86' lang='grc' dir='ltr'>θαύματα</span> <span class='ocrx_word' id='word_1_79' title='bbox 1574 902 1817 970; x_wconf 80' lang='grc' dir='ltr'>Χριστοῦ</span> 
     </span>
    </p>
   </div>
   <div class='ocr_carea' id='block_1_12' title="bbox 243 979 1818 1064">
    <p class='ocr_par' dir='ltr' id='par_1_12' title="bbox 243 979 1818 1064">
     <span class='ocr_line' id='line_1_12' title="bbox 243 979 1818 1064; baseline 0.006 -28"><span class='ocrx_word' id='word_1_80' title='bbox 243 979 340 1036; x_wconf 85' lang='grc' dir='ltr'><strong>τοῦ</strong></span> <span class='ocrx_word' id='word_1_81' title='bbox 369 982 530 1047; x_wconf 84' lang='grc' dir='ltr'>Θεοῦ,</span> <span class='ocrx_word' id='word_1_82' title='bbox 559 983 668 1049; x_wconf 81' lang='grc' dir='ltr'>ἵνα,</span> <span class='ocrx_word' id='word_1_83' title='bbox 703 986 833 1038; x_wconf 86' lang='grc' dir='ltr'>ὅταν</span> <span class='ocrx_word' id='word_1_84' title='bbox 859 987 1041 1059; x_wconf 75' lang='grc' dir='ltr'>ἐρωτᾷ</span> <span class='ocrx_word' id='word_1_85' title='bbox 1074 1005 1141 1058; x_wconf 88' lang='grc' dir='ltr'><strong>με</strong></span> <span class='ocrx_word' id='word_1_86' title='bbox 1179 992 1207 1044; x_wconf 93' lang='lat'><strong>6</strong></span> <span class='ocrx_word' id='word_1_87' title='bbox 1247 992 1363 1055; x_wconf 92' lang='grc' dir='ltr'>υἰός</span> <span class='ocrx_word' id='word_1_88' title='bbox 1401 1011 1527 1064; x_wconf 89' lang='grc' dir='ltr'>μου,</span> <span class='ocrx_word' id='word_1_89' title='bbox 1569 994 1622 1047; x_wconf 90' lang='grc' dir='ltr'><strong>τί</strong></span> <span class='ocrx_word' id='word_1_90' title='bbox 1658 993 1818 1046; x_wconf 90' lang='grc' dir='ltr'>τοῦτό</span> 
     </span>
    </p>
   </div>
   <div class='ocr_carea' id='block_1_13' title="bbox 246 1073 1821 1154">
    <p class='ocr_par' dir='ltr' id='par_1_13' title="bbox 246 1073 1821 1154">
     <span class='ocr_line' id='line_1_13' title="bbox 246 1073 1821 1154; baseline 0.006 -26"><span class='ocrx_word' id='word_1_91' title='bbox 246 1075 415 1139; x_wconf 71' lang='grc' dir='ltr'>ἐστιν,</span> <span class='ocrx_word' id='word_1_92' title='bbox 449 1073 564 1142; x_wconf 81' lang='grc' dir='ltr'><strong>ἐρῶ</strong></span> <span class='ocrx_word' id='word_1_93' title='bbox 590 1076 673 1128; x_wconf 85' lang='grc' dir='ltr'><strong>ὅτι</strong></span> <span class='ocrx_word' id='word_1_94' title='bbox 713 1077 741 1129; x_wconf 89' lang='lat'><strong>6</strong></span> <span class='ocrx_word' id='word_1_95' title='bbox 771 1076 904 1140; x_wconf 85' lang='grc' dir='ltr'>Θεὸς</span> <span class='ocrx_word' id='word_1_96' title='bbox 941 1079 1115 1148; x_wconf 82' lang='grc' dir='ltr'>Λόγος</span> <span class='ocrx_word' id='word_1_97' title='bbox 1147 1081 1436 1153; x_wconf 80' lang='grc' dir='ltr'>ἄνθρωπος</span> <span class='ocrx_word' id='word_1_98' title='bbox 1470 1085 1685 1154; x_wconf 80' lang='grc' dir='ltr'>γέγονε,</span> <span class='ocrx_word' id='word_1_99' title='bbox 1720 1086 1821 1138; x_wconf 81' lang='grc' dir='ltr'><strong>καί</strong></span> 
     </span>
    </p>
   </div>
   <div class='ocr_carea' id='block_1_14' title="bbox 244 1163 1820 1248">
    <p class='ocr_par' dir='ltr' id='par_1_14' title="bbox 244 1163 1820 1248">
     <span class='ocr_line' id='line_1_14' title="bbox 244 1163 1820 1248; baseline 0.006 -29"><span class='ocrx_word' id='word_1_100' title='bbox 244 1166 311 1219; x_wconf 91' lang='grc' dir='ltr'>δι’</span> <span class='ocrx_word' id='word_1_101' title='bbox 355 1163 556 1231; x_wconf 83' lang='grc' dir='ltr'>αὐτοῦ,</span> <span class='ocrx_word' id='word_1_102' title='bbox 592 1165 714 1236; x_wconf 75' lang='grc' dir='ltr'>οὐχὶ</span> <span class='ocrx_word' id='word_1_103' title='bbox 771 1167 988 1241; x_wconf 80' lang='grc' dir='ltr'>Ἰσραὴλ</span> <span class='ocrx_word' id='word_1_104' title='bbox 1023 1173 1183 1241; x_wconf 80' lang='grc' dir='ltr'>μόνος</span> <span class='ocrx_word' id='word_1_105' title='bbox 1211 1173 1304 1227; x_wconf 89' lang='grc' dir='ltr'><strong>τὸν</strong></span> <span class='ocrx_word' id='word_1_106' title='bbox 1349 1175 1624 1246; x_wconf 85' lang='grc' dir='ltr'>Ἰορδάνην</span> <span class='ocrx_word' id='word_1_107' title='bbox 1669 1176 1820 1248; x_wconf 84' lang='grc' dir='ltr'>διῆλ-</span> 
     </span>
    </p>
   </div>
   <div class='ocr_carea' id='block_1_15' title="bbox 244 1255 1817 1339">
    <p class='ocr_par' dir='ltr' id='par_1_15' title="bbox 244 1255 1817 1339">
     <span class='ocr_line' id='line_1_15' title="bbox 244 1255 1817 1339; baseline 0.008 -31"><span class='ocrx_word' id='word_1_108' title='bbox 244 1255 358 1323; x_wconf 87' lang='grc' dir='ltr'>θεν,</span> <span class='ocrx_word' id='word_1_109' title='bbox 389 1256 504 1310; x_wconf 82' lang='grc' dir='ltr'>ἀλλ’</span> <span class='ocrx_word' id='word_1_110' title='bbox 527 1257 560 1327; x_wconf 85' lang='grc' dir='ltr'><strong>ή</strong></span> <span class='ocrx_word' id='word_1_111' title='bbox 581 1257 742 1326; x_wconf 84' lang='grc' dir='ltr'>φύσις</span> <span class='ocrx_word' id='word_1_112' title='bbox 771 1257 959 1314; x_wconf 77' lang='grc' dir='ltr'>ἁπασα</span> <span class='ocrx_word' id='word_1_113' title='bbox 989 1263 1127 1332; x_wconf 87' lang='grc' dir='ltr'>πρὸς</span> <span class='ocrx_word' id='word_1_114' title='bbox 1155 1264 1255 1336; x_wconf 79' lang='grc' dir='ltr'>τὴν</span> <span class='ocrx_word' id='word_1_115' title='bbox 1284 1265 1520 1339; x_wconf 76' lang='grc' dir='ltr'>ἀρχαίαν</span> <span class='ocrx_word' id='word_1_116' title='bbox 1544 1267 1817 1338; x_wconf 77' lang='grc' dir='ltr'>ἐπανῆλθε</span> 
     </span>
    </p>
   </div>
   <div class='ocr_carea' id='block_1_16' title="bbox 245 1343 1818 1432">
    <p class='ocr_par' dir='ltr' id='par_1_16' title="bbox 245 1343 1818 1432">
     <span class='ocr_line' id='line_1_16' title="bbox 245 1343 1818 1432; baseline 0.008 -31"><span class='ocrx_word' id='word_1_117' title='bbox 245 1349 649 1420; x_wconf 86' lang='grc' dir='ltr'>μακαριότητα.</span> <span class='ocrx_word' id='word_1_118' title='bbox 685 1349 764 1403; x_wconf 86' lang='grc' dir='ltr'><strong>Δι’</strong></span> <span class='ocrx_word' id='word_1_119' title='bbox 788 1343 848 1404; x_wconf 77' lang='grc' dir='ltr'>οὗ</span> <span class='ocrx_word' id='word_1_120' title='bbox 881 1352 914 1424; x_wconf 82' lang='grc' dir='ltr'>ἡ</span> <span class='ocrx_word' id='word_1_121' title='bbox 947 1353 1109 1422; x_wconf 80' lang='grc' dir='ltr'>φύσις</span> <span class='ocrx_word' id='word_1_122' title='bbox 1141 1357 1207 1410; x_wconf 82' lang='grc' dir='ltr'><strong>ὲκ</strong></span> <span class='ocrx_word' id='word_1_123' title='bbox 1231 1357 1342 1411; x_wconf 86' lang='grc' dir='ltr'><strong>τῶν</strong></span> <span class='ocrx_word' id='word_1_124' title='bbox 1377 1359 1676 1413; x_wconf 89' lang='grc' dir='ltr'>κατωτάτω</span> <span class='ocrx_word' id='word_1_125' title='bbox 1717 1361 1818 1432; x_wconf 83' lang='grc' dir='ltr'>τῆς</span> 
     </span>
    </p>
   </div>
   <div class='ocr_carea' id='block_1_17' title="bbox 243 1440 1818 1523">
    <p class='ocr_par' dir='ltr' id='par_1_17' title="bbox 243 1440 1818 1523">
     <span class='ocr_line' id='line_1_17' title="bbox 243 1440 1818 1523; baseline 0 -28"><span class='ocrx_word' id='word_1_126' title='bbox 243 1441 349 1512; x_wconf 83' lang='grc' dir='ltr'>γῆς</span> <span class='ocrx_word' id='word_1_127' title='bbox 377 1440 611 1512; x_wconf 82' lang='grc' dir='ltr'>ἀνῆλθεν</span> <span class='ocrx_word' id='word_1_128' title='bbox 659 1441 918 1514; x_wconf 83' lang='grc' dir='ltr'>ὑπεράνω</span> <span class='ocrx_word' id='word_1_129' title='bbox 963 1445 1147 1518; x_wconf 83' lang='grc' dir='ltr'>πάσης</span> <span class='ocrx_word' id='word_1_130' title='bbox 1183 1448 1393 1522; x_wconf 74' lang='grc' dir='ltr'>ἀρχῆς,</span> <span class='ocrx_word' id='word_1_131' title='bbox 1434 1452 1530 1506; x_wconf 67' lang='grc' dir='ltr'>καὶ</span> <span class='ocrx_word' id='word_1_132' title='bbox 1576 1452 1638 1508; x_wconf 70' lang='grc' dir='ltr'><strong>ὲν</strong></span> <span class='ocrx_word' id='word_1_133' title='bbox 1668 1450 1818 1523; x_wconf 73' lang='grc' dir='ltr'>αὐτῷ</span> 
     </span>
    </p>
   </div>
   <div class='ocr_carea' id='block_1_18' title="bbox 241 1533 1132 1608">
    <p class='ocr_par' dir='ltr' id='par_1_18' title="bbox 241 1533 1132 1608">
     <span class='ocr_line' id='line_1_18' title="bbox 241 1533 1132 1608; baseline 0.009 -22"><span class='ocrx_word' id='word_1_134' title='bbox 241 1534 322 1605; x_wconf 83' lang='grc' dir='ltr'>τῷ</span> <span class='ocrx_word' id='word_1_135' title='bbox 351 1533 607 1606; x_wconf 87' lang='grc' dir='ltr'>πατρικῷ</span> <span class='ocrx_word' id='word_1_136' title='bbox 645 1534 910 1589; x_wconf 89' lang='grc' dir='ltr'>κεκάθικε</span> <span class='ocrx_word' id='word_1_137' title='bbox 936 1533 1132 1608; x_wconf 84' lang='grc' dir='ltr'>θρόνῳ.</span> 
     </span>
    </p>
   </div>
   <div class='ocr_carea' id='block_1_19' title="bbox 1924 451 3496 529">
    <p class='ocr_par' dir='ltr' id='par_1_19' title="bbox 1924 451 3496 529">
     <span class='ocr_line' id='line_1_19' title="bbox 1924 451 3496 529; baseline 0.01 -23"><span class='ocrx_word' id='word_1_138' title='bbox 1924 451 2132 520; x_wconf 98' lang='lat' dir='ltr'><strong>lapides</strong></span> <span class='ocrx_word' id='word_1_139' title='bbox 2161 463 2537 519; x_wconf 86' lang='lat' dir='ltr'><strong>sumerentur,</strong></span> <span class='ocrx_word' id='word_1_140' title='bbox 2586 458 2970 529; x_wconf 87' lang='lat' dir='ltr'><strong>rationemque</strong></span> <span class='ocrx_word' id='word_1_141' title='bbox 3022 461 3208 519; x_wconf 89' lang='lat' dir='ltr'><strong>subdit</strong></span> <span class='ocrx_word' id='word_1_142' title='bbox 3256 463 3496 522; x_wconf 88' lang='lat' dir='ltr'><strong>dicens:</strong></span> 
     </span>
    </p>
   </div>
   <div class='ocr_carea' id='block_1_20' title="bbox 1926 536 3500 622">
    <p class='ocr_par' dir='ltr' id='par_1_20' title="bbox 1926 536 3500 622">
     <span class='ocr_line' id='line_1_20' title="bbox 1926 536 3500 622; baseline 0.013 -32"><span class='ocrx_word' id='word_1_143' title='bbox 1926 556 1946 590; x_wconf 76' lang='grc' dir='ltr'><strong>ι</strong></span> <span class='ocrx_word' id='word_1_144' title='bbox 1977 536 2209 604; x_wconf 84' lang='lat' dir='ltr'><strong>Quando</strong></span> <span class='ocrx_word' id='word_1_145' title='bbox 2258 540 2682 614; x_wconf 85' lang='lat' dir='ltr'><strong>interrogaverit</strong></span> <span class='ocrx_word' id='word_1_146' title='bbox 2722 554 2777 601; x_wconf 93' lang='lat' dir='ltr'><strong>te</strong></span> <span class='ocrx_word' id='word_1_147' title='bbox 2831 548 2978 602; x_wconf 82' lang='lat' dir='ltr'><strong>ﬁlius</strong></span> <span class='ocrx_word' id='word_1_148' title='bbox 3011 558 3162 613; x_wconf 91' lang='lat' dir='ltr'><strong>tuus,</strong></span> <span class='ocrx_word' id='word_1_149' title='bbox 3216 553 3347 622; x_wconf 87' lang='lat' dir='ltr'><strong>quid</strong></span> <span class='ocrx_word' id='word_1_150' title='bbox 3393 555 3500 610; x_wconf 88' lang='lat' dir='ltr'><strong>sibi</strong></span> 
     </span>
    </p>
   </div>
   <div class='ocr_carea' id='block_1_21' title="bbox 1919 627 3497 707">
    <p class='ocr_par' dir='ltr' id='par_1_21' title="bbox 1919 627 3497 707">
     <span class='ocr_line' id='line_1_21' title="bbox 1919 627 3497 707; baseline 0.014 -28"><span class='ocrx_word' id='word_1_151' title='bbox 1919 627 2111 681; x_wconf 90' lang='lat' dir='ltr'><strong>volunt</strong></span> <span class='ocrx_word' id='word_1_152' title='bbox 2139 628 2229 684; x_wconf 90' lang='lat' dir='ltr'><strong>isti</strong></span> <span class='ocrx_word' id='word_1_153' title='bbox 2277 629 2511 700; x_wconf 82' lang='lat' dir='ltr'><strong>lapides,</strong></span> <span class='ocrx_word' id='word_1_154' title='bbox 2566 649 2751 700; x_wconf 89' lang='lat' dir='ltr'><strong>narra,</strong></span> <span class='ocrx_word' id='word_1_155' title='bbox 2804 639 3080 707; x_wconf 89' lang='lat' dir='ltr'><strong>quomodo</strong></span> <span class='ocrx_word' id='word_1_156' title='bbox 3126 640 3315 696; x_wconf 86' lang='lat' dir='ltr'><strong>divino</strong></span> <span class='ocrx_word' id='word_1_157' title='bbox 3363 655 3497 700; x_wconf 90' lang='lat' dir='ltr'><strong>nutu</strong></span> 
     </span>
    </p>
   </div>
   <div class='ocr_carea' id='block_1_22' title="bbox 1921 718 3498 800">
    <p class='ocr_par' dir='ltr' id='par_1_22' title="bbox 1921 718 3498 800">
     <span class='ocr_line' id='line_1_22' title="bbox 1921 718 3498 800; baseline 0.013 -28"><span class='ocrx_word' id='word_1_158' title='bbox 1921 718 2186 776; x_wconf 74' lang='lat' dir='ltr'><strong>defecerit</strong></span> <span class='ocrx_word' id='word_1_159' title='bbox 2214 735 2356 791; x_wconf 90' lang='lat' dir='ltr'><strong>aqua</strong></span> <span class='ocrx_word' id='word_1_160' title='bbox 2372 721 2657 789; x_wconf 84' lang='lat' dir='ltr'><strong>Jordanis,</strong></span> <span class='ocrx_word' id='word_1_161' title='bbox 2694 735 2749 783; x_wconf 90' lang='lat' dir='ltr'><strong>et</strong></span> <span class='ocrx_word' id='word_1_162' title='bbox 2776 730 3064 785; x_wconf 88' lang='lat' dir='ltr'><strong>transierit</strong></span> <span class='ocrx_word' id='word_1_163' title='bbox 3097 744 3226 786; x_wconf 87' lang='lat' dir='ltr'><strong>arca</strong></span> <span class='ocrx_word' id='word_1_164' title='bbox 3257 733 3498 800; x_wconf 89' lang='lat' dir='ltr'><strong>Domini,</strong></span> 
     </span>
    </p>
   </div>
   <div class='ocr_carea' id='block_1_23' title="bbox 1920 811 3501 890">
    <p class='ocr_par' dir='ltr' id='par_1_23' title="bbox 1920 811 3501 890">
     <span class='ocr_line' id='line_1_23' title="bbox 1920 811 3501 890; baseline 0.012 -26"><span class='ocrx_word' id='word_1_165' title='bbox 1920 811 2210 880; x_wconf 90' lang='lat' dir='ltr'><strong>omnisque</strong></span> <span class='ocrx_word' id='word_1_166' title='bbox 2234 815 2471 886; x_wconf 91' lang='lat' dir='ltr'><strong>p0pulus</strong></span> <span class='ocrx_word' id='word_1_167' title='bbox 2491 815 2559 870; x_wconf 60' lang='lat'><strong>5&quot;.</strong></span> <span class='ocrx_word' id='word_1_168' title='bbox 2595 836 2614 868; x_wconf 74' lang='grc' dir='ltr'><strong>ι</strong></span> <span class='ocrx_word' id='word_1_169' title='bbox 2651 817 2762 872; x_wconf 91' lang='lat' dir='ltr'><strong>Cur</strong></span> <span class='ocrx_word' id='word_1_170' title='bbox 2790 821 2957 890; x_wconf 78' lang='lat' dir='ltr'><strong>igitur</strong></span> <span class='ocrx_word' id='word_1_171' title='bbox 2983 823 3258 880; x_wconf 75' lang='lat' dir='ltr'><strong>salutares</strong></span> <span class='ocrx_word' id='word_1_172' title='bbox 3291 825 3501 884; x_wconf 91' lang='lat' dir='ltr'><strong>Christi</strong></span> 
     </span>
    </p>
   </div>
   <div class='ocr_carea' id='block_1_24' title="bbox 1920 901 3502 987">
    <p class='ocr_par' dir='ltr' id='par_1_24' title="bbox 1920 901 3502 987">
     <span class='ocr_line' id='line_1_24' title="bbox 1920 901 3502 987; baseline 0.013 -33"><span class='ocrx_word' id='word_1_173' title='bbox 1920 901 2016 957; x_wconf 89' lang='lat' dir='ltr'><strong>Dei</strong></span> <span class='ocrx_word' id='word_1_174' title='bbox 2048 906 2330 962; x_wconf 82' lang='lat' dir='ltr'><strong>cruciatus</strong></span> <span class='ocrx_word' id='word_1_175' title='bbox 2360 917 2413 962; x_wconf 91' lang='lat' dir='ltr'><strong>et</strong></span> <span class='ocrx_word' id='word_1_176' title='bbox 2446 909 3062 983; x_wconf 88' lang='lat' dir='ltr'><strong>miraeulaimaginibus</strong></span> <span class='ocrx_word' id='word_1_177' title='bbox 3092 931 3200 970; x_wconf 90' lang='lat' dir='ltr'><strong>non</strong></span> <span class='ocrx_word' id='word_1_178' title='bbox 3221 920 3502 987; x_wconf 78' lang='lat' dir='ltr'><strong>exprima-</strong></span> 
     </span>
    </p>
   </div>
   <div class='ocr_carea' id='block_1_25' title="bbox 1921 992 3503 1080">
    <p class='ocr_par' dir='ltr' id='par_1_25' title="bbox 1921 992 3503 1080">
     <span class='ocr_line' id='line_1_25' title="bbox 1921 992 3503 1080; baseline 0.013 -35"><span class='ocrx_word' id='word_1_179' title='bbox 1921 992 2082 1048; x_wconf 91' lang='lat' dir='ltr'><strong>mus?</strong></span> <span class='ocrx_word' id='word_1_180' title='bbox 2104 1007 2164 1049; x_wconf 84' lang='grc' dir='ltr'><strong>ιιι</strong></span> <span class='ocrx_word' id='word_1_181' title='bbox 2186 1010 2310 1050; x_wconf 90' lang='lat' dir='ltr'><strong>cum</strong></span> <span class='ocrx_word' id='word_1_182' title='bbox 2361 1013 2427 1052; x_wconf 81' lang='lat' dir='ltr'><strong>ex</strong></span> <span class='ocrx_word' id='word_1_183' title='bbox 2453 1015 2538 1054; x_wconf 87' lang='lat' dir='ltr'><strong>me</strong></span> <span class='ocrx_word' id='word_1_184' title='bbox 2571 1003 2854 1070; x_wconf 74' lang='lat' dir='ltr'><strong>quaesierit</strong></span> <span class='ocrx_word' id='word_1_185' title='bbox 2899 1004 3043 1062; x_wconf 92' lang='lat' dir='ltr'><strong>ﬁlius</strong></span> <span class='ocrx_word' id='word_1_186' title='bbox 3077 1022 3256 1072; x_wconf 88' lang='lat' dir='ltr'><strong>meus,</strong></span> <span class='ocrx_word' id='word_1_187' title='bbox 3276 1024 3503 1080; x_wconf 89' lang='lat' dir='ltr'><strong>respon-</strong></span> 
     </span>
    </p>
   </div>
   <div class='ocr_carea' id='block_1_26' title="bbox 1921 1077 3501 1166">
    <p class='ocr_par' dir='ltr' id='par_1_26' title="bbox 1921 1077 3501 1166">
     <span class='ocr_line' id='line_1_26' title="bbox 1921 1077 3501 1166; baseline 0.011 -33"><span class='ocrx_word' id='word_1_188' title='bbox 1921 1077 2100 1146; x_wconf 86' lang='lat' dir='ltr'><strong>deam,</strong></span> <span class='ocrx_word' id='word_1_189' title='bbox 2125 1079 2293 1137; x_wconf 90' lang='lat' dir='ltr'><strong>Deum</strong></span> <span class='ocrx_word' id='word_1_190' title='bbox 2329 1083 2566 1140; x_wconf 86' lang='lat' dir='ltr'><strong>Verbum</strong></span> <span class='ocrx_word' id='word_1_191' title='bbox 2597 1086 2802 1142; x_wconf 87' lang='lat' dir='ltr'><strong>factum</strong></span> <span class='ocrx_word' id='word_1_192' title='bbox 2843 1104 2967 1145; x_wconf 88' lang='lat' dir='ltr'><strong>esse</strong></span> <span class='ocrx_word' id='word_1_193' title='bbox 2995 1091 3297 1162; x_wconf 85' lang='lat' dir='ltr'><strong>hominem,</strong></span> <span class='ocrx_word' id='word_1_194' title='bbox 3337 1077 3501 1166; x_wconf 82' lang='lat' dir='ltr'><strong>atque</strong></span> 
     </span>
    </p>
   </div>
   <div class='ocr_carea' id='block_1_27' title="bbox 1918 1170 3498 1248">
    <p class='ocr_par' dir='ltr' id='par_1_27' title="bbox 1918 1170 3498 1248">
     <span class='ocr_line' id='line_1_27' title="bbox 1918 1170 3498 1248; baseline 0.011 -26"><span class='ocrx_word' id='word_1_195' title='bbox 1918 1170 2212 1240; x_wconf 80' lang='lat' dir='ltr'><strong>peripsum</strong></span> <span class='ocrx_word' id='word_1_196' title='bbox 2238 1189 2350 1228; x_wconf 93' lang='lat' dir='ltr'><strong>non</strong></span> <span class='ocrx_word' id='word_1_197' title='bbox 2372 1175 2634 1230; x_wconf 89' lang='lat' dir='ltr'><strong>lsraelem</strong></span> <span class='ocrx_word' id='word_1_198' title='bbox 2663 1177 2826 1232; x_wconf 91' lang='lat' dir='ltr'><strong>modo</strong></span> <span class='ocrx_word' id='word_1_199' title='bbox 2857 1177 3155 1235; x_wconf 73' lang='lat' dir='ltr'><strong>Iordanem</strong></span> <span class='ocrx_word' id='word_1_200' title='bbox 3188 1185 3498 1248; x_wconf 88' lang='lat' dir='ltr'><strong>transiisse,</strong></span> 
     </span>
    </p>
   </div>
   <div class='ocr_carea' id='block_1_28' title="bbox 1920 1261 3504 1340">
    <p class='ocr_par' dir='ltr' id='par_1_28' title="bbox 1920 1261 3504 1340">
     <span class='ocr_line' id='line_1_28' title="bbox 1920 1261 3504 1340; baseline 0.008 -23"><span class='ocrx_word' id='word_1_201' title='bbox 1920 1261 2016 1317; x_wconf 88' lang='lat' dir='ltr'><strong>sed</strong></span> <span class='ocrx_word' id='word_1_202' title='bbox 2044 1271 2097 1316; x_wconf 92' lang='lat' dir='ltr'><strong>et</strong></span> <span class='ocrx_word' id='word_1_203' title='bbox 2138 1277 2358 1318; x_wconf 92' lang='lat' dir='ltr'><strong>omnem</strong></span> <span class='ocrx_word' id='word_1_204' title='bbox 2412 1281 2646 1335; x_wconf 84' lang='lat' dir='ltr'><strong>prorsus</strong></span> <span class='ocrx_word' id='word_1_205' title='bbox 2679 1275 2935 1323; x_wconf 88' lang='lat' dir='ltr'><strong>naturam</strong></span> <span class='ocrx_word' id='word_1_206' title='bbox 2963 1269 3030 1324; x_wconf 92' lang='lat' dir='ltr'><strong>ad</strong></span> <span class='ocrx_word' id='word_1_207' title='bbox 3074 1272 3368 1340; x_wconf 82' lang='lat' dir='ltr'><strong>pristinam</strong></span> <span class='ocrx_word' id='word_1_208' title='bbox 3415 1290 3504 1330; x_wconf 87' lang='lat' dir='ltr'><strong>re-</strong></span> 
     </span>
    </p>
   </div>
   <div class='ocr_carea' id='block_1_29' title="bbox 1920 1349 3502 1428">
    <p class='ocr_par' dir='ltr' id='par_1_29' title="bbox 1920 1349 3502 1428">
     <span class='ocr_line' id='line_1_29' title="bbox 1920 1349 3502 1428; baseline 0.009 -24"><span class='ocrx_word' id='word_1_209' title='bbox 1920 1349 2092 1407; x_wconf 91' lang='lat' dir='ltr'><strong>diisse</strong></span> <span class='ocrx_word' id='word_1_210' title='bbox 2118 1351 2468 1423; x_wconf 81' lang='lat' dir='ltr'><strong>felicitatem;</strong></span> <span class='ocrx_word' id='word_1_211' title='bbox 2502 1372 2598 1427; x_wconf 91' lang='lat' dir='ltr'><strong>per</strong></span> <span class='ocrx_word' id='word_1_212' title='bbox 2625 1373 2786 1428; x_wconf 87' lang='lat' dir='ltr'><strong>quem</strong></span> <span class='ocrx_word' id='word_1_213' title='bbox 2819 1369 3013 1414; x_wconf 89' lang='lat' dir='ltr'><strong>natura</strong></span> <span class='ocrx_word' id='word_1_214' title='bbox 3058 1369 3251 1416; x_wconf 89' lang='lat' dir='ltr'><strong>nostra</strong></span> <span class='ocrx_word' id='word_1_215' title='bbox 3281 1364 3348 1418; x_wconf 91' lang='lat' dir='ltr'><strong>ab</strong></span> <span class='ocrx_word' id='word_1_216' title='bbox 3378 1364 3502 1418; x_wconf 90' lang='lat' dir='ltr'><strong>inﬁ-</strong></span> 
     </span>
    </p>
   </div>
   <div class='ocr_carea' id='block_1_30' title="bbox 1918 1441 3500 1524">
    <p class='ocr_par' dir='ltr' id='par_1_30' title="bbox 1918 1441 3500 1524">
     <span class='ocr_line' id='line_1_30' title="bbox 1918 1441 3500 1524; baseline 0.008 -29"><span class='ocrx_word' id='word_1_217' title='bbox 1918 1441 2028 1497; x_wconf 90' lang='lat' dir='ltr'><strong>mis</strong></span> <span class='ocrx_word' id='word_1_218' title='bbox 2091 1452 2252 1498; x_wconf 74' lang='lat' dir='ltr'><strong>terrae</strong></span> <span class='ocrx_word' id='word_1_219' title='bbox 2306 1445 2580 1514; x_wconf 83' lang='lat' dir='ltr'><strong>partibus,</strong></span> <span class='ocrx_word' id='word_1_220' title='bbox 2627 1462 2797 1518; x_wconf 88' lang='lat' dir='ltr'><strong>super</strong></span> <span class='ocrx_word' id='word_1_221' title='bbox 2853 1465 3074 1505; x_wconf 89' lang='lat' dir='ltr'><strong>omnem</strong></span> <span class='ocrx_word' id='word_1_222' title='bbox 3125 1452 3500 1524; x_wconf 87' lang='lat' dir='ltr'><strong>principatum</strong></span> 
     </span>
    </p>
   </div>
   <div class='ocr_carea' id='block_1_31' title="bbox 1917 1540 3499 1612">
    <p class='ocr_par' dir='ltr' id='par_1_31' title="bbox 1917 1540 3499 1612">
     <span class='ocr_line' id='line_1_31' title="bbox 1917 1540 3499 1612; baseline 0.006 -20"><span class='ocrx_word' id='word_1_223' title='bbox 1917 1542 2108 1592; x_wconf 87' lang='lat' dir='ltr'><strong>evecta</strong></span> <span class='ocrx_word' id='word_1_224' title='bbox 2167 1545 2286 1604; x_wconf 87' lang='lat' dir='ltr'><strong>est,</strong></span> <span class='ocrx_word' id='word_1_225' title='bbox 2343 1547 2398 1594; x_wconf 92' lang='lat' dir='ltr'><strong>et</strong></span> <span class='ocrx_word' id='word_1_226' title='bbox 2449 1540 2507 1593; x_wconf 91' lang='lat' dir='ltr'><strong>in</strong></span> <span class='ocrx_word' id='word_1_227' title='bbox 2571 1541 2805 1610; x_wconf 91' lang='lat' dir='ltr'><strong>ipsomet</strong></span> <span class='ocrx_word' id='word_1_228' title='bbox 2865 1550 3102 1612; x_wconf 87' lang='lat' dir='ltr'><strong>paterno</strong></span> <span class='ocrx_word' id='word_1_229' title='bbox 3154 1546 3296 1601; x_wconf 90' lang='lat' dir='ltr'><strong>solio</strong></span> <span class='ocrx_word' id='word_1_230' title='bbox 3363 1563 3499 1603; x_wconf 91' lang='lat' dir='ltr'><strong>con-</strong></span> 
     </span>
    </p>
   </div>
   <div class='ocr_carea' id='block_1_32' title="bbox 1919 1629 2084 1684">
    <p class='ocr_par' dir='ltr' id='par_1_32' title="bbox 1919 1629 2084 1684">
     <span class='ocr_line' id='line_1_32' title="bbox 1919 1629 2084 1684; baseline -0.006 0"><span class='ocrx_word' id='word_1_231' title='bbox 1919 1629 2084 1684; x_wconf 89' lang='lat' dir='ltr'><strong>sedit.</strong></span> 
     </span>
    </p>
   </div>
   <div class='ocr_carea' id='block_1_33' title="bbox 315 1716 1812 1797">
    <p class='ocr_par' dir='ltr' id='par_1_33' title="bbox 315 1716 1812 1797">
     <span class='ocr_line' id='line_1_33' title="bbox 315 1716 1812 1797; baseline 0.006 -27"><span class='ocrx_word' id='word_1_232' title='bbox 315 1717 400 1771; x_wconf 79' lang='grc' dir='ltr'><strong>ιϐ’.</strong></span> <span class='ocrx_word' id='word_1_233' title='bbox 447 1716 610 1772; x_wconf 87' lang='grc' dir='ltr'>Ἀλλὰ</span> <span class='ocrx_word' id='word_1_234' title='bbox 639 1718 811 1788; x_wconf 78' lang='grc' dir='ltr'>φησί’</span> <span class='ocrx_word' id='word_1_235' title='bbox 849 1719 999 1773; x_wconf 87' lang='grc' dir='ltr'>Ποίει</span> <span class='ocrx_word' id='word_1_236' title='bbox 1020 1721 1258 1792; x_wconf 79' lang='grc' dir='ltr'>Χριστοῦ</span> <span class='ocrx_word' id='word_1_237' title='bbox 1291 1723 1498 1788; x_wconf 82' lang='grc' dir='ltr'>εἰκόνα,</span> <span class='ocrx_word' id='word_1_238' title='bbox 1523 1723 1619 1778; x_wconf 83' lang='grc' dir='ltr'>καὶ</span> <span class='ocrx_word' id='word_1_239' title='bbox 1642 1724 1812 1797; x_wconf 79' lang='grc' dir='ltr'>ἀρκέ-</span> 
     </span>
    </p>
   </div>
   <div class='ocr_carea' id='block_1_34' title="bbox 1916 1716 3499 1797">
    <p class='ocr_par' dir='ltr' id='par_1_34' title="bbox 1990 1720 3499 1791">
     <span class='ocr_line' id='line_1_34' title="bbox 1990 1720 3499 1791; baseline 0.005 -16"><span class='ocrx_word' id='word_1_240' title='bbox 1990 1721 2078 1775; x_wconf 82' lang='grc'><strong>19.</strong></span> <span class='ocrx_word' id='word_1_241' title='bbox 2136 1720 2254 1786; x_wconf 85' lang='lat' dir='ltr'><strong>Ast,</strong></span> <span class='ocrx_word' id='word_1_242' title='bbox 2311 1722 2601 1791; x_wconf 86' lang='lat' dir='ltr'><strong>inquiunt,</strong></span> <span class='ocrx_word' id='word_1_243' title='bbox 2645 1724 2782 1780; x_wconf 81' lang='lat' dir='ltr'><strong>satis</strong></span> <span class='ocrx_word' id='word_1_244' title='bbox 2821 1725 2923 1779; x_wconf 87' lang='lat' dir='ltr'><strong>tibi</strong></span> <span class='ocrx_word' id='word_1_245' title='bbox 2968 1724 3134 1781; x_wconf 85' lang='lat' dir='ltr'><strong>fuerit</strong></span> <span class='ocrx_word' id='word_1_246' title='bbox 3166 1726 3372 1783; x_wconf 81' lang='lat' dir='ltr'><strong>Christi</strong></span> <span class='ocrx_word' id='word_1_247' title='bbox 3412 1729 3499 1785; x_wconf 79' lang='lat' dir='ltr'><strong>vel</strong></span> 
     </span>
    </p>
   </div>
   <div class='ocr_carea' id='block_1_35' title="bbox 242 1809 1820 1886">
    <p class='ocr_par' dir='ltr' id='par_1_35' title="bbox 242 1809 1820 1886">
     <span class='ocr_line' id='line_1_35' title="bbox 242 1809 1820 1886; baseline 0.003 -23"><span class='ocrx_word' id='word_1_248' title='bbox 242 1809 420 1881; x_wconf 86' lang='grc' dir='ltr'>σθητι,</span> <span class='ocrx_word' id='word_1_249' title='bbox 448 1809 482 1880; x_wconf 82' lang='grc' dir='ltr'>ἢ</span> <span class='ocrx_word' id='word_1_250' title='bbox 513 1810 615 1880; x_wconf 81' lang='grc' dir='ltr'>τῆς</span> <span class='ocrx_word' id='word_1_251' title='bbox 651 1809 846 1864; x_wconf 89' lang='grc' dir='ltr'>τούτου</span> <span class='ocrx_word' id='word_1_252' title='bbox 873 1812 1099 1882; x_wconf 87' lang='grc' dir='ltr'>Μητρὸς</span> <span class='ocrx_word' id='word_1_253' title='bbox 1139 1813 1240 1883; x_wconf 84' lang='grc' dir='ltr'>τῆς</span> <span class='ocrx_word' id='word_1_254' title='bbox 1279 1813 1568 1868; x_wconf 87' lang='grc' dir='ltr'>Θεοτόκου.</span> <span class='ocrx_word' id='word_1_255' title='bbox 1611 1816 1674 1867; x_wconf 85' lang='grc' dir='ltr'><strong><em>Ὦ</em></strong></span> <span class='ocrx_word' id='word_1_256' title='bbox 1717 1816 1820 1886; x_wconf 85' lang='grc' dir='ltr'>τῆς</span> 
     </span>
    </p>
   </div>
   <div class='ocr_carea' id='block_1_36' title="bbox 238 1901 1820 1977">
    <p class='ocr_par' dir='ltr' id='par_1_36' title="bbox 238 1901 1820 1977">
     <span class='ocr_line' id='line_1_36' title="bbox 238 1901 1820 1977; baseline 0.003 -21"><span class='ocrx_word' id='word_1_257' title='bbox 238 1901 470 1966; x_wconf 78' lang='grc' dir='ltr'>ἀτοπίας</span> <span class='ocrx_word' id='word_1_258' title='bbox 494 1903 506 1954; x_wconf 89' lang='lat'>!</span> <span class='ocrx_word' id='word_1_259' title='bbox 540 1902 734 1974; x_wconf 75' lang='grc' dir='ltr'>ἐχθρὸν</span> <span class='ocrx_word' id='word_1_260' title='bbox 757 1905 984 1959; x_wconf 86' lang='grc' dir='ltr'>σεαυτὸν</span> <span class='ocrx_word' id='word_1_261' title='bbox 1007 1905 1307 1977; x_wconf 75' lang='grc' dir='ltr'>διαρρήδην</span> <span class='ocrx_word' id='word_1_262' title='bbox 1342 1906 1453 1960; x_wconf 82' lang='grc' dir='ltr'>τῶν</span> <span class='ocrx_word' id='word_1_263' title='bbox 1482 1908 1654 1976; x_wconf 82' lang='grc' dir='ltr'>ἁγίων</span> <span class='ocrx_word' id='word_1_264' title='bbox 1686 1909 1820 1961; x_wconf 87' lang='grc' dir='ltr'>καθ-</span> 
     </span>
    </p>
   </div>
   <div class='ocr_carea' id='block_1_37' title="bbox 239 1991 1816 2067">
    <p class='ocr_par' dir='ltr' id='par_1_37' title="bbox 239 1991 1816 2067">
     <span class='ocr_line' id='line_1_37' title="bbox 239 1991 1816 2067; baseline 0.005 -24"><span class='ocrx_word' id='word_1_265' title='bbox 239 1991 619 2063; x_wconf 85' lang='grc' dir='ltr'>ωμολόγησας.</span> <span class='ocrx_word' id='word_1_266' title='bbox 684 1993 746 2047; x_wconf 83' lang='grc' dir='ltr'>Εἰ</span> <span class='ocrx_word' id='word_1_267' title='bbox 791 1995 901 2066; x_wconf 82' lang='grc' dir='ltr'>γὰρ</span> <span class='ocrx_word' id='word_1_268' title='bbox 955 1996 1195 2066; x_wconf 82' lang='grc' dir='ltr'>Χριστοῦ</span> <span class='ocrx_word' id='word_1_269' title='bbox 1243 1998 1344 2066; x_wconf 83' lang='grc' dir='ltr'>μὲν</span> <span class='ocrx_word' id='word_1_270' title='bbox 1385 1997 1570 2051; x_wconf 89' lang='grc' dir='ltr'>εἰκόνα</span> <span class='ocrx_word' id='word_1_271' title='bbox 1619 1999 1816 2067; x_wconf 79' lang='grc' dir='ltr'>ποιεῖς,</span> 
     </span>
    </p>
   </div>
   <div class='ocr_carea' id='block_1_38' title="bbox 238 2082 1817 2161">
    <p class='ocr_par' dir='ltr' id='par_1_38' title="bbox 238 2082 1817 2161">
     <span class='ocr_line' id='line_1_38' title="bbox 238 2082 1817 2161; baseline 0.006 -25"><span class='ocrx_word' id='word_1_272' title='bbox 238 2082 347 2137; x_wconf 82' lang='grc' dir='ltr'><strong>τῶν</strong></span> <span class='ocrx_word' id='word_1_273' title='bbox 375 2083 433 2136; x_wconf 85' lang='grc' dir='ltr'>δὲ</span> <span class='ocrx_word' id='word_1_274' title='bbox 464 2083 638 2152; x_wconf 86' lang='grc' dir='ltr'>ἁγίων</span> <span class='ocrx_word' id='word_1_275' title='bbox 683 2085 972 2156; x_wconf 77' lang='grc' dir='ltr'>οὐδαμῶς,</span> <span class='ocrx_word' id='word_1_276' title='bbox 1028 2087 1185 2159; x_wconf 83' lang='grc' dir='ltr'>δῆλον</span> <span class='ocrx_word' id='word_1_277' title='bbox 1221 2087 1297 2153; x_wconf 84' lang='grc' dir='ltr'>ὡς</span> <span class='ocrx_word' id='word_1_278' title='bbox 1337 2088 1458 2160; x_wconf 72' lang='grc' dir='ltr'>οὐχὶ</span> <span class='ocrx_word' id='word_1_279' title='bbox 1488 2089 1588 2161; x_wconf 83' lang='grc' dir='ltr'>τὴν</span> <span class='ocrx_word' id='word_1_280' title='bbox 1631 2091 1817 2144; x_wconf 88' lang='grc' dir='ltr'>εἰκόνα</span> 
     </span>
    </p>
   </div>
   <div class='ocr_carea' id='block_1_39' title="bbox 238 2177 1814 2255">
    <p class='ocr_par' dir='ltr' id='par_1_39' title="bbox 238 2177 1814 2255">
     <span class='ocr_line' id='line_1_39' title="bbox 238 2177 1814 2255; baseline 0.006 -26"><span class='ocrx_word' id='word_1_281' title='bbox 238 2177 624 2248; x_wconf 85' lang='grc' dir='ltr'>ἀπαγορεύεις,</span> <span class='ocrx_word' id='word_1_282' title='bbox 660 2177 797 2232; x_wconf 86' lang='grc' dir='ltr'><strong>ἀλλὰ</strong></span> <span class='ocrx_word' id='word_1_283' title='bbox 839 2181 939 2251; x_wconf 81' lang='grc' dir='ltr'><strong>τὴν</strong></span> <span class='ocrx_word' id='word_1_284' title='bbox 968 2182 1076 2234; x_wconf 84' lang='grc' dir='ltr'><strong>τῶν</strong></span> <span class='ocrx_word' id='word_1_285' title='bbox 1107 2182 1279 2251; x_wconf 89' lang='grc' dir='ltr'>ἁγίων</span> <span class='ocrx_word' id='word_1_286' title='bbox 1318 2184 1508 2254; x_wconf 85' lang='grc' dir='ltr'>τιμήν.</span> <span class='ocrx_word' id='word_1_287' title='bbox 1534 2183 1640 2237; x_wconf 85' lang='grc' dir='ltr'>Τοῦ</span> <span class='ocrx_word' id='word_1_288' title='bbox 1675 2185 1814 2255; x_wconf 85' lang='grc' dir='ltr'>Χρι-</span> 
     </span>
    </p>
   </div>
   <div class='ocr_carea' id='block_1_40' title="bbox 241 2269 1816 2343">
    <p class='ocr_par' dir='ltr' id='par_1_40' title="bbox 241 2269 1816 2343">
     <span class='ocr_line' id='line_1_40' title="bbox 241 2269 1816 2343; baseline 0.005 -21"><span class='ocrx_word' id='word_1_289' title='bbox 241 2269 372 2323; x_wconf 85' lang='grc' dir='ltr'>στοῦ</span> <span class='ocrx_word' id='word_1_290' title='bbox 405 2269 533 2339; x_wconf 84' lang='grc' dir='ltr'>γὰρ,</span> <span class='ocrx_word' id='word_1_291' title='bbox 577 2269 653 2333; x_wconf 85' lang='grc' dir='ltr'>ὡς</span> <span class='ocrx_word' id='word_1_292' title='bbox 693 2270 1105 2343; x_wconf 82' lang='grc' dir='ltr'>δεδοξασμένου,</span> <span class='ocrx_word' id='word_1_293' title='bbox 1142 2278 1317 2339; x_wconf 85' lang='grc' dir='ltr'>ποιεῖς</span> <span class='ocrx_word' id='word_1_294' title='bbox 1344 2276 1581 2341; x_wconf 87' lang='grc' dir='ltr'>εἰκόνας,</span> <span class='ocrx_word' id='word_1_295' title='bbox 1611 2275 1721 2330; x_wconf 88' lang='grc' dir='ltr'><strong>τῶν</strong></span> <span class='ocrx_word' id='word_1_296' title='bbox 1757 2277 1816 2330; x_wconf 85' lang='grc' dir='ltr'>δὲ</span> 
     </span>
    </p>
   </div>
   <div class='ocr_carea' id='block_1_41' title="bbox 238 2361 1813 2439">
    <p class='ocr_par' dir='ltr' id='par_1_41' title="bbox 238 2361 1813 2439">
     <span class='ocr_line' id='line_1_41' title="bbox 238 2361 1813 2439; baseline 0.004 -23"><span class='ocrx_word' id='word_1_297' title='bbox 238 2361 446 2431; x_wconf 84' lang='grc' dir='ltr'>ἁγίων,</span> <span class='ocrx_word' id='word_1_298' title='bbox 477 2361 553 2426; x_wconf 83' lang='grc' dir='ltr'>ὡς</span> <span class='ocrx_word' id='word_1_299' title='bbox 599 2361 928 2428; x_wconf 85' lang='grc' dir='ltr'>ἀδοξάστων,</span> <span class='ocrx_word' id='word_1_300' title='bbox 981 2365 1269 2430; x_wconf 87' lang='grc' dir='ltr'>ἀποποιεῖς</span> <span class='ocrx_word' id='word_1_301' title='bbox 1313 2367 1375 2421; x_wconf 92' lang='grc' dir='ltr'><strong>τὸ</strong></span> <span class='ocrx_word' id='word_1_302' title='bbox 1421 2368 1813 2439; x_wconf 83' lang='grc' dir='ltr'>ἀπεικόνισμα,</span> 
     </span>
    </p>
   </div>
   <div class='ocr_carea' id='block_1_42' title="bbox 239 2455 1813 2531">
    <p class='ocr_par' dir='ltr' id='par_1_42' title="bbox 239 2455 1813 2531">
     <span class='ocr_line' id='line_1_42' title="bbox 239 2455 1813 2531; baseline 0.003 -21"><span class='ocrx_word' id='word_1_303' title='bbox 239 2455 537 2525; x_wconf 75' lang='grc' dir='ltr'>καὶψευδῆ</span> <span class='ocrx_word' id='word_1_304' title='bbox 579 2455 678 2527; x_wconf 80' lang='grc' dir='ltr'>τὴν</span> <span class='ocrx_word' id='word_1_305' title='bbox 719 2455 981 2527; x_wconf 85' lang='grc' dir='ltr'>ἀλήθειαν</span> <span class='ocrx_word' id='word_1_306' title='bbox 1019 2458 1336 2523; x_wconf 84' lang='grc' dir='ltr'>ἀποκαλεῖς.</span> <span class='ocrx_word' id='word_1_307' title='bbox 1375 2477 1394 2511; x_wconf 71' lang='grc' dir='ltr'><strong>ι</strong></span> <span class='ocrx_word' id='word_1_308' title='bbox 1432 2460 1518 2514; x_wconf 87' lang='grc' dir='ltr'><strong>Ζῶ</strong></span> <span class='ocrx_word' id='word_1_309' title='bbox 1542 2461 1651 2531; x_wconf 87' lang='grc' dir='ltr'><strong>γάρ</strong></span> <span class='ocrx_word' id='word_1_310' title='bbox 1680 2461 1813 2529; x_wconf 75' lang='grc' dir='ltr'>ἐγὼ,</span> 
     </span>
    </p>
   </div>
   <div class='ocr_carea' id='block_1_43' title="bbox 236 2547 1808 2622">
    <p class='ocr_par' dir='ltr' id='par_1_43' title="bbox 236 2547 1808 2622">
     <span class='ocr_line' id='line_1_43' title="bbox 236 2547 1808 2622; baseline 0.004 -22"><span class='ocrx_word' id='word_1_311' title='bbox 236 2547 387 2617; x_wconf 80' lang='grc' dir='ltr'>λέγει</span> <span class='ocrx_word' id='word_1_312' title='bbox 420 2547 658 2618; x_wconf 85' lang='grc' dir='ltr'>Κύριος,</span> <span class='ocrx_word' id='word_1_313' title='bbox 687 2547 804 2600; x_wconf 85' lang='grc' dir='ltr'>ἀλλ’</span> <span class='ocrx_word' id='word_1_314' title='bbox 836 2548 869 2620; x_wconf 82' lang='grc' dir='ltr'>ἢ</span> <span class='ocrx_word' id='word_1_315' title='bbox 904 2547 1030 2613; x_wconf 76' lang='grc' dir='ltr'>τοὺς</span> <span class='ocrx_word' id='word_1_316' title='bbox 1069 2548 1393 2615; x_wconf 79' lang='grc' dir='ltr'>δοξάζοντάς</span> <span class='ocrx_word' id='word_1_317' title='bbox 1428 2569 1495 2622; x_wconf 88' lang='grc' dir='ltr'><strong>με</strong></span> <span class='ocrx_word' id='word_1_318' title='bbox 1530 2551 1761 2616; x_wconf 85' lang='grc' dir='ltr'>δοξάσω.</span> <span class='ocrx_word' id='word_1_319' title='bbox 1789 2571 1808 2605; x_wconf 76' lang='grc' dir='ltr'><strong>ι</strong></span> 
     </span>
    </p>
   </div>
   <div class='ocr_carea' id='block_1_44' title="bbox 236 2635 1810 2706">
    <p class='ocr_par' dir='ltr' id='par_1_44' title="bbox 236 2635 1810 2706">
     <span class='ocr_line' id='line_1_44' title="bbox 236 2635 1810 2706; baseline 0.001 -14"><span class='ocrx_word' id='word_1_320' title='bbox 236 2639 348 2692; x_wconf 75' lang='grc' dir='ltr'>Καὶ</span> <span class='ocrx_word' id='word_1_321' title='bbox 379 2639 409 2690; x_wconf 93' lang='lat'><strong>6</strong></span> <span class='ocrx_word' id='word_1_322' title='bbox 449 2635 595 2700; x_wconf 87' lang='grc' dir='ltr'>θεῖος</span> <span class='ocrx_word' id='word_1_323' title='bbox 637 2637 994 2701; x_wconf 87' lang='grc' dir='ltr'>Ἀπόστολος·</span> <span class='ocrx_word' id='word_1_324' title='bbox 1042 2656 1060 2690; x_wconf 75' lang='grc' dir='ltr'><strong>ι</strong></span> <span class='ocrx_word' id='word_1_325' title='bbox 1114 2638 1279 2692; x_wconf 83' lang='grc' dir='ltr'>Ὥστε</span> <span class='ocrx_word' id='word_1_326' title='bbox 1318 2639 1502 2694; x_wconf 78' lang='grc' dir='ltr'>οὐκέτι</span> <span class='ocrx_word' id='word_1_327' title='bbox 1530 2636 1582 2694; x_wconf 76' lang='grc' dir='ltr'><strong>εἴ</strong></span> <span class='ocrx_word' id='word_1_328' title='bbox 1603 2641 1810 2706; x_wconf 89' lang='grc' dir='ltr'>δοῦλος,</span> 
     </span>
    </p>
   </div>
   <div class='ocr_carea' id='block_1_45' title="bbox 236 2729 1814 2803">
    <p class='ocr_par' dir='ltr' id='par_1_45' title="bbox 236 2729 1814 2803">
     <span class='ocr_line' id='line_1_45' title="bbox 236 2729 1814 2803; baseline 0.001 -20"><span class='ocrx_word' id='word_1_329' title='bbox 236 2730 372 2784; x_wconf 84' lang='grc' dir='ltr'>ἀλλὰ</span> <span class='ocrx_word' id='word_1_330' title='bbox 411 2730 546 2794; x_wconf 87' lang='grc' dir='ltr'>υἰός.</span> <span class='ocrx_word' id='word_1_331' title='bbox 605 2729 670 2782; x_wconf 87' lang='grc' dir='ltr'>Εἰ</span> <span class='ocrx_word' id='word_1_332' title='bbox 707 2729 764 2782; x_wconf 78' lang='grc' dir='ltr'>δὲ</span> <span class='ocrx_word' id='word_1_333' title='bbox 813 2729 929 2794; x_wconf 86' lang='grc' dir='ltr'>υίὸς</span> <span class='ocrx_word' id='word_1_334' title='bbox 956 2769 972 2794; x_wconf 97' lang='grc'><strong>,</strong></span> <span class='ocrx_word' id='word_1_335' title='bbox 1015 2731 1108 2783; x_wconf 80' lang='grc' dir='ltr'><strong>καί</strong></span> <span class='ocrx_word' id='word_1_336' title='bbox 1155 2730 1492 2803; x_wconf 81' lang='grc' dir='ltr'>κληρονόμος</span> <span class='ocrx_word' id='word_1_337' title='bbox 1543 2731 1678 2784; x_wconf 87' lang='grc' dir='ltr'>Θεοῦ</span> <span class='ocrx_word' id='word_1_338' title='bbox 1725 2731 1814 2784; x_wconf 85' lang='grc' dir='ltr'>διὰ</span> 
     </span>
    </p>
   </div>
   <div class='ocr_carea' id='block_1_46' title="bbox 234 2819 1813 2891">
    <p class='ocr_par' dir='ltr' id='par_1_46' title="bbox 234 2819 1813 2891">
     <span class='ocr_line' id='line_1_46' title="bbox 234 2819 1813 2891; baseline -0.002 -16"><span class='ocrx_word' id='word_1_339' title='bbox 234 2821 498 2891; x_wconf 86' lang='grc' dir='ltr'>Χριστοῦ.</span> <span class='ocrx_word' id='word_1_340' title='bbox 547 2839 566 2872; x_wconf 78' lang='grc' dir='ltr'><strong>ι</strong></span> <span class='ocrx_word' id='word_1_341' title='bbox 606 2819 752 2873; x_wconf 72' lang='lat' dir='ltr'><strong>Kal‘</strong></span> <span class='ocrx_word' id='word_1_342' title='bbox 803 2839 821 2871; x_wconf 75' lang='grc' dir='ltr'><strong>ι</strong></span> <span class='ocrx_word' id='word_1_343' title='bbox 871 2821 1045 2890; x_wconf 71' lang='grc' dir='ltr'>Εἴπερ</span> <span class='ocrx_word' id='word_1_344' title='bbox 1096 2821 1532 2891; x_wconf 83' lang='grc' dir='ltr'>συμπάσχομεν,</span> <span class='ocrx_word' id='word_1_345' title='bbox 1580 2822 1667 2875; x_wconf 80' lang='grc' dir='ltr'><strong>ἴνα</strong></span> <span class='ocrx_word' id='word_1_346' title='bbox 1717 2821 1813 2875; x_wconf 71' lang='grc' dir='ltr'>καὶ</span> 
     </span>
    </p>
   </div>
   <div class='ocr_carea' id='block_1_47' title="bbox 237 2909 1811 2984">
    <p class='ocr_par' dir='ltr' id='par_1_47' title="bbox 237 2909 1811 2984">
     <span class='ocr_line' id='line_1_47' title="bbox 237 2909 1811 2984; baseline -0.001 -17"><span class='ocrx_word' id='word_1_347' title='bbox 237 2911 712 2980; x_wconf 80' lang='grc' dir='ltr'>συνδοξασθῶμεν.</span> <span class='ocrx_word' id='word_1_348' title='bbox 755 2928 773 2961; x_wconf 74' lang='grc' dir='ltr'><strong>ι</strong></span> <span class='ocrx_word' id='word_1_349' title='bbox 807 2909 884 2964; x_wconf 83' lang='grc' dir='ltr'><strong>Οὐ</strong></span> <span class='ocrx_word' id='word_1_350' title='bbox 938 2912 1078 2963; x_wconf 74' lang='grc' dir='ltr'>κατὰ</span> <span class='ocrx_word' id='word_1_351' title='bbox 1132 2911 1239 2964; x_wconf 85' lang='grc' dir='ltr'><strong>τῶν</strong></span> <span class='ocrx_word' id='word_1_352' title='bbox 1286 2912 1511 2965; x_wconf 90' lang='grc' dir='ltr'>εἰκόνων</span> <span class='ocrx_word' id='word_1_353' title='bbox 1559 2913 1678 2984; x_wconf 77' lang='grc' dir='ltr'>ἥρω</span> <span class='ocrx_word' id='word_1_354' title='bbox 1720 2912 1811 2965; x_wconf 85' lang='grc' dir='ltr'><strong>τὸν</strong></span> 
     </span>
    </p>
   </div>
   <div class='ocr_carea' id='block_1_48' title="bbox 236 3000 1812 3074">
    <p class='ocr_par' dir='ltr' id='par_1_48' title="bbox 236 3000 1812 3074">
     <span class='ocr_line' id='line_1_48' title="bbox 236 3000 1812 3074; baseline -0.001 -16"><span class='ocrx_word' id='word_1_355' title='bbox 236 3004 498 3074; x_wconf 87' lang='grc' dir='ltr'>πόλεμον,</span> <span class='ocrx_word' id='word_1_356' title='bbox 531 3001 671 3057; x_wconf 85' lang='grc' dir='ltr'><strong>ἀλλὰ</strong></span> <span class='ocrx_word' id='word_1_357' title='bbox 696 3001 840 3056; x_wconf 85' lang='grc' dir='ltr'><strong>κατὰ</strong></span> <span class='ocrx_word' id='word_1_358' title='bbox 863 3000 972 3054; x_wconf 87' lang='grc' dir='ltr'>τῶν</span> <span class='ocrx_word' id='word_1_359' title='bbox 1014 3002 1207 3070; x_wconf 82' lang='grc' dir='ltr'>ἁγίων.</span> <span class='ocrx_word' id='word_1_360' title='bbox 1240 3003 1377 3072; x_wconf 74' lang='grc' dir='ltr'>Φησὶ</span> <span class='ocrx_word' id='word_1_361' title='bbox 1405 3003 1516 3073; x_wconf 87' lang='grc' dir='ltr'>γὰρ</span> <span class='ocrx_word' id='word_1_362' title='bbox 1557 3003 1812 3074; x_wconf 79' lang='grc' dir='ltr'>Ἰωάννης</span> 
     </span>
    </p>
   </div>
   <div class='ocr_carea' id='block_1_49' title="bbox 235 3091 1813 3162">
    <p class='ocr_par' dir='ltr' id='par_1_49' title="bbox 235 3091 1813 3162">
     <span class='ocr_line' id='line_1_49' title="bbox 235 3091 1813 3162; baseline -0.003 -14"><span class='ocrx_word' id='word_1_363' title='bbox 235 3095 264 3148; x_wconf 86' lang='grc' dir='ltr'>ὁ</span> <span class='ocrx_word' id='word_1_364' title='bbox 296 3092 559 3161; x_wconf 85' lang='grc' dir='ltr'>Θεολόγος</span> <span class='ocrx_word' id='word_1_365' title='bbox 589 3091 685 3146; x_wconf 73' lang='grc' dir='ltr'><strong>καὶ</strong></span> <span class='ocrx_word' id='word_1_366' title='bbox 723 3091 1069 3162; x_wconf 82' lang='grc' dir='ltr'>ὲπιστήθιος,</span> <span class='ocrx_word' id='word_1_367' title='bbox 1114 3109 1132 3142; x_wconf 74' lang='grc' dir='ltr'><strong>ι</strong></span> <span class='ocrx_word' id='word_1_368' title='bbox 1165 3092 1245 3143; x_wconf 83' lang='grc' dir='ltr'><strong>ὅτι</strong></span> <span class='ocrx_word' id='word_1_369' title='bbox 1281 3092 1456 3162; x_wconf 78' lang='grc' dir='ltr'>ὅμοιοι</span> <span class='ocrx_word' id='word_1_370' title='bbox 1498 3092 1646 3162; x_wconf 81' lang='grc' dir='ltr'>αὐτῷ</span> <span class='ocrx_word' id='word_1_371' title='bbox 1689 3093 1813 3145; x_wconf 74' lang='grc' dir='ltr'>ἐσό-</span> 
     </span>
    </p>
   </div>
   <div class='ocr_carea' id='block_1_50' title="bbox 239 3183 1808 3258">
    <p class='ocr_par' dir='ltr' id='par_1_50' title="bbox 239 3183 1808 3258">
     <span class='ocr_line' id='line_1_50' title="bbox 239 3183 1808 3258; baseline 0 -20"><span class='ocrx_word' id='word_1_372' title='bbox 239 3185 402 3258; x_wconf 79' lang='grc' dir='ltr'>μεθα.</span> <span class='ocrx_word' id='word_1_373' title='bbox 435 3205 454 3238; x_wconf 77' lang='grc' dir='ltr'><strong>ι</strong></span> <span class='ocrx_word' id='word_1_374' title='bbox 493 3187 705 3257; x_wconf 83' lang='grc' dir='ltr'>’Ὠσπερ</span> <span class='ocrx_word' id='word_1_375' title='bbox 735 3186 762 3238; x_wconf 89' lang='lat'><strong>6</strong></span> <span class='ocrx_word' id='word_1_376' title='bbox 786 3183 866 3256; x_wconf 82' lang='grc' dir='ltr'>τῷ</span> <span class='ocrx_word' id='word_1_377' title='bbox 896 3185 1030 3256; x_wconf 86' lang='grc' dir='ltr'><strong>πυρί</strong></span> <span class='ocrx_word' id='word_1_378' title='bbox 1060 3184 1374 3255; x_wconf 82' lang='grc' dir='ltr'>ἐνούμενος,</span> <span class='ocrx_word' id='word_1_379' title='bbox 1416 3186 1477 3238; x_wconf 82' lang='grc' dir='ltr'><strong>ού</strong></span> <span class='ocrx_word' id='word_1_380' title='bbox 1522 3188 1588 3255; x_wconf 82' lang='grc' dir='ltr'>τῇ</span> <span class='ocrx_word' id='word_1_381' title='bbox 1626 3186 1808 3254; x_wconf 81' lang='grc' dir='ltr'>φύσει,</span> 
     </span>
    </p>
   </div>
   <div class='ocr_carea' id='block_1_51' title="bbox 235 3275 1813 3350">
    <p class='ocr_par' dir='ltr' id='par_1_51' title="bbox 235 3275 1813 3350">
     <span class='ocr_line' id='line_1_51' title="bbox 235 3275 1813 3350; baseline -0.003 -16"><span class='ocrx_word' id='word_1_382' title='bbox 235 3275 375 3334; x_wconf 80' lang='grc' dir='ltr'><strong>ἀλλά</strong></span> <span class='ocrx_word' id='word_1_383' title='bbox 427 3279 494 3348; x_wconf 81' lang='grc' dir='ltr'>τῇ</span> <span class='ocrx_word' id='word_1_384' title='bbox 541 3275 758 3341; x_wconf 81' lang='grc' dir='ltr'>ἐνώσει,</span> <span class='ocrx_word' id='word_1_385' title='bbox 819 3275 917 3328; x_wconf 72' lang='grc' dir='ltr'><strong>καί⁹</strong></span> <span class='ocrx_word' id='word_1_386' title='bbox 961 3275 1242 3347; x_wconf 81' lang='grc' dir='ltr'>πυρώσει,</span> <span class='ocrx_word' id='word_1_387' title='bbox 1291 3277 1384 3330; x_wconf 79' lang='grc' dir='ltr'><strong>καί</strong></span> <span class='ocrx_word' id='word_1_388' title='bbox 1434 3275 1652 3346; x_wconf 75' lang='grc' dir='ltr'>μεθέξει</span> <span class='ocrx_word' id='word_1_389' title='bbox 1701 3278 1813 3350; x_wconf 89' lang='grc' dir='ltr'><strong>πῦρ</strong></span> 
     </span>
    </p>
   </div>
   <div class='ocr_carea' id='block_1_52' title="bbox 236 3365 1812 3439">
    <p class='ocr_par' dir='ltr' id='par_1_52' title="bbox 236 3365 1812 3439">
     <span class='ocr_line' id='line_1_52' title="bbox 236 3365 1812 3439; baseline -0.001 -17"><span class='ocrx_word' id='word_1_390' title='bbox 236 3370 467 3437; x_wconf 84' lang='grc' dir='ltr'>γίνεται,</span> <span class='ocrx_word' id='word_1_391' title='bbox 505 3367 648 3421; x_wconf 74' lang='grc' dir='ltr'>οὕτω</span> <span class='ocrx_word' id='word_1_392' title='bbox 678 3368 774 3422; x_wconf 78' lang='grc' dir='ltr'><strong>καί</strong></span> <span class='ocrx_word' id='word_1_393' title='bbox 803 3368 902 3438; x_wconf 81' lang='grc' dir='ltr'><strong>τὴν</strong></span> <span class='ocrx_word' id='word_1_394' title='bbox 929 3367 1112 3439; x_wconf 87' lang='grc' dir='ltr'>σάρκα</span> <span class='ocrx_word' id='word_1_395' title='bbox 1140 3367 1284 3437; x_wconf 84' lang='grc' dir='ltr'><strong>φημί</strong></span> <span class='ocrx_word' id='word_1_396' title='bbox 1311 3365 1404 3420; x_wconf 90' lang='grc' dir='ltr'><strong>τοῦ</strong></span> <span class='ocrx_word' id='word_1_397' title='bbox 1439 3367 1812 3438; x_wconf 81' lang='grc' dir='ltr'>σαρκωθέντος</span> 
     </span>
    </p>
   </div>
   <div class='ocr_carea' id='block_1_53' title="bbox 235 3457 1814 3530">
    <p class='ocr_par' dir='ltr' id='par_1_53' title="bbox 235 3457 1814 3530">
     <span class='ocr_line' id='line_1_53' title="bbox 235 3457 1814 3530; baseline -0.003 -14"><span class='ocrx_word' id='word_1_398' title='bbox 235 3461 369 3517; x_wconf 86' lang='grc' dir='ltr'>Υἰοῦ</span> <span class='ocrx_word' id='word_1_399' title='bbox 415 3459 511 3514; x_wconf 88' lang='grc' dir='ltr'><strong>τοῦ</strong></span> <span class='ocrx_word' id='word_1_400' title='bbox 560 3460 715 3514; x_wconf 88' lang='grc' dir='ltr'>Θεοῦ.</span> <span class='ocrx_word' id='word_1_401' title='bbox 771 3459 988 3530; x_wconf 86' lang='grc' dir='ltr'>Ἐκείνη</span> <span class='ocrx_word' id='word_1_402' title='bbox 1036 3459 1182 3530; x_wconf 83' lang='grc' dir='ltr'>γὰρ,</span> <span class='ocrx_word' id='word_1_403' title='bbox 1227 3460 1294 3529; x_wconf 81' lang='grc' dir='ltr'>τῇ</span> <span class='ocrx_word' id='word_1_404' title='bbox 1351 3457 1476 3512; x_wconf 84' lang='grc' dir='ltr'>καθ’</span> <span class='ocrx_word' id='word_1_405' title='bbox 1515 3458 1814 3512; x_wconf 82' lang='grc' dir='ltr'>ὑπόστασιν</span> 
     </span>
    </p>
   </div>
   <div class='ocr_carea' id='block_1_54' title="bbox 240 3550 1814 3624">
    <p class='ocr_par' dir='ltr' id='par_1_54' title="bbox 240 3550 1814 3624">
     <span class='ocr_line' id='line_1_54' title="bbox 240 3550 1814 3624; baseline -0.001 -18"><span class='ocrx_word' id='word_1_406' title='bbox 240 3553 460 3624; x_wconf 83' lang='grc' dir='ltr'>μεθέξει</span> <span class='ocrx_word' id='word_1_407' title='bbox 496 3553 595 3623; x_wconf 78' lang='grc' dir='ltr'>τῆς</span> <span class='ocrx_word' id='word_1_408' title='bbox 627 3553 778 3616; x_wconf 82' lang='grc' dir='ltr'>θείας</span> <span class='ocrx_word' id='word_1_409' title='bbox 809 3551 1048 3621; x_wconf 83' lang='grc' dir='ltr'>φύσεως,</span> <span class='ocrx_word' id='word_1_410' title='bbox 1079 3550 1370 3621; x_wconf 80' lang='grc' dir='ltr'>ἀτρέπτως</span> <span class='ocrx_word' id='word_1_411' title='bbox 1403 3551 1536 3611; x_wconf 84' lang='grc' dir='ltr'>Θεὸς</span> <span class='ocrx_word' id='word_1_412' title='bbox 1564 3551 1814 3622; x_wconf 79' lang='grc' dir='ltr'>ἐχρημά-</span> 
     </span>
    </p>
   </div>
   <div class='ocr_carea' id='block_1_55' title="bbox 233 3642 1809 3716">
    <p class='ocr_par' dir='ltr' id='par_1_55' title="bbox 233 3642 1809 3716">
     <span class='ocr_line' id='line_1_55' title="bbox 233 3642 1809 3716; baseline -0.001 -18"><span class='ocrx_word' id='word_1_413' title='bbox 233 3662 384 3700; x_wconf 88' lang='grc' dir='ltr'>τισεν</span> <span class='ocrx_word' id='word_1_414' title='bbox 415 3660 427 3672; x_wconf 92' lang='grc'><strong>·</strong></span> <span class='ocrx_word' id='word_1_415' title='bbox 473 3646 574 3699; x_wconf 85' lang='grc' dir='ltr'><strong>οὐκ</strong></span> <span class='ocrx_word' id='word_1_416' title='bbox 618 3645 870 3716; x_wconf 75' lang='grc' dir='ltr'>ἐνεργείᾳ</span> <span class='ocrx_word' id='word_1_417' title='bbox 915 3642 1207 3714; x_wconf 86' lang='grc' dir='ltr'>χρισθεῖσα</span> <span class='ocrx_word' id='word_1_418' title='bbox 1253 3643 1430 3710; x_wconf 87' lang='grc' dir='ltr'>Θεοῦ,</span> <span class='ocrx_word' id='word_1_419' title='bbox 1465 3643 1656 3716; x_wconf 84' lang='grc' dir='ltr'>ὥσπερ</span> <span class='ocrx_word' id='word_1_420' title='bbox 1699 3643 1809 3697; x_wconf 85' lang='grc' dir='ltr'><strong>τῶν</strong></span> 
     </span>
    </p>
   </div>
   <div class='ocr_carea' id='block_1_56' title="bbox 235 3733 1808 3810">
    <p class='ocr_par' dir='ltr' id='par_1_56' title="bbox 235 3733 1808 3810">
     <span class='ocr_line' id='line_1_56' title="bbox 235 3733 1808 3810; baseline -0.001 -19"><span class='ocrx_word' id='word_1_421' title='bbox 235 3737 533 3810; x_wconf 85' lang='grc' dir='ltr'>προφητῶν</span> <span class='ocrx_word' id='word_1_422' title='bbox 570 3736 821 3802; x_wconf 76' lang='grc' dir='ltr'>ἕκαστος,</span> <span class='ocrx_word' id='word_1_423' title='bbox 860 3735 1137 3807; x_wconf 80' lang='grc' dir='ltr'>παρουσίᾳ</span> <span class='ocrx_word' id='word_1_424' title='bbox 1162 3733 1220 3788; x_wconf 86' lang='grc' dir='ltr'>δὲ</span> <span class='ocrx_word' id='word_1_425' title='bbox 1254 3735 1380 3788; x_wconf 82' lang='grc' dir='ltr'>ὅλου</span> <span class='ocrx_word' id='word_1_426' title='bbox 1410 3734 1504 3789; x_wconf 90' lang='grc' dir='ltr'><strong>τοῦ</strong></span> <span class='ocrx_word' id='word_1_427' title='bbox 1537 3735 1808 3806; x_wconf 87' lang='grc' dir='ltr'>χρίοντος.</span> 
     </span>
    </p>
   </div>
   <div class='ocr_carea' id='block_1_57' title="bbox 238 3825 1808 3898">
    <p class='ocr_par' dir='ltr' id='par_1_57' title="bbox 238 3825 1808 3898">
     <span class='ocr_line' id='line_1_57' title="bbox 238 3825 1808 3898; baseline -0.001 -16"><span class='ocrx_word' id='word_1_428' title='bbox 238 3829 360 3882; x_wconf 83' lang='grc' dir='ltr'>Ὀτι</span> <span class='ocrx_word' id='word_1_429' title='bbox 387 3828 443 3882; x_wconf 79' lang='grc' dir='ltr'>δὲ</span> <span class='ocrx_word' id='word_1_430' title='bbox 475 3828 609 3892; x_wconf 87' lang='grc' dir='ltr'>Θεὸς</span> <span class='ocrx_word' id='word_1_431' title='bbox 626 3827 677 3892; x_wconf 76' lang='grc' dir='ltr'>ἀ,</span> <span class='ocrx_word' id='word_1_432' title='bbox 731 3827 824 3880; x_wconf 83' lang='grc' dir='ltr'><strong>καί</strong></span> <span class='ocrx_word' id='word_1_433' title='bbox 873 3827 986 3880; x_wconf 79' lang='grc' dir='ltr'>θεοὶ</span> <span class='ocrx_word' id='word_1_434' title='bbox 1015 3827 1064 3879; x_wconf 90' lang='grc' dir='ltr'><strong>οἰ</strong></span> <span class='ocrx_word' id='word_1_435' title='bbox 1116 3825 1287 3895; x_wconf 78' lang='grc' dir='ltr'>ἁγιοι,</span> <span class='ocrx_word' id='word_1_436' title='bbox 1326 3844 1344 3878; x_wconf 80' lang='grc' dir='ltr'><strong>ι</strong></span> <span class='ocrx_word' id='word_1_437' title='bbox 1381 3827 1408 3878; x_wconf 89' lang='lat'><strong>6</strong></span> <span class='ocrx_word' id='word_1_438' title='bbox 1437 3826 1589 3890; x_wconf 83' lang='grc' dir='ltr'>Θεὸς,</span> <span class='ocrx_word' id='word_1_439' title='bbox 1622 3828 1808 3898; x_wconf 76' lang='grc' dir='ltr'>φησὶν,</span> 
     </span>
    </p>
   </div>
   <div class='ocr_carea' id='block_1_58' title="bbox 232 3918 1810 3992">
    <p class='ocr_par' dir='ltr' id='par_1_58' title="bbox 232 3918 1810 3992">
     <span class='ocr_line' id='line_1_58' title="bbox 232 3918 1810 3992; baseline -0.001 -18"><span class='ocrx_word' id='word_1_440' title='bbox 232 3921 364 3992; x_wconf 76' lang='grc' dir='ltr'>ἔστη</span> <span class='ocrx_word' id='word_1_441' title='bbox 395 3923 452 3974; x_wconf 80' lang='grc' dir='ltr'>ὲν</span> <span class='ocrx_word' id='word_1_442' title='bbox 484 3923 774 3990; x_wconf 84' lang='grc' dir='ltr'>συναγωγῇ</span> <span class='ocrx_word' id='word_1_443' title='bbox 806 3918 966 3972; x_wconf 83' lang='grc' dir='ltr'>θεῶν.</span> <span class='ocrx_word' id='word_1_444' title='bbox 1005 3939 1023 3971; x_wconf 78' lang='grc' dir='ltr'><strong>ι</strong></span> <span class='ocrx_word' id='word_1_445' title='bbox 1055 3919 1166 3972; x_wconf 72' lang='grc' dir='ltr'>Καὶ</span> <span class='ocrx_word' id='word_1_446' title='bbox 1205 3920 1285 3972; x_wconf 85' lang='grc' dir='ltr'><strong>ὅτι</strong></span> <span class='ocrx_word' id='word_1_447' title='bbox 1326 3919 1545 3972; x_wconf 78' lang='grc' dir='ltr'>ἵσταται</span> <span class='ocrx_word' id='word_1_448' title='bbox 1572 3919 1703 3983; x_wconf 89' lang='grc' dir='ltr'>Θεὸς</span> <span class='ocrx_word' id='word_1_449' title='bbox 1752 3923 1810 3973; x_wconf 85' lang='grc' dir='ltr'>ὲν</span> 
     </span>
    </p>
   </div>
   <div class='ocr_carea' id='block_1_59' title="bbox 235 4009 1809 4084">
    <p class='ocr_par' dir='ltr' id='par_1_59' title="bbox 235 4009 1809 4084">
     <span class='ocr_line' id='line_1_59' title="bbox 235 4009 1809 4084; baseline -0.002 -17"><span class='ocrx_word' id='word_1_450' title='bbox 235 4014 387 4084; x_wconf 84' lang='grc' dir='ltr'>μέσῳ</span> <span class='ocrx_word' id='word_1_451' title='bbox 423 4011 580 4080; x_wconf 83' lang='grc' dir='ltr'>θεῶν,</span> <span class='ocrx_word' id='word_1_452' title='bbox 603 4013 702 4076; x_wconf 80' lang='grc' dir='ltr'><strong>τὰς</strong></span> <span class='ocrx_word' id='word_1_453' title='bbox 723 4012 880 4078; x_wconf 80' lang='grc' dir='ltr'>ἀξίας</span> <span class='ocrx_word' id='word_1_454' title='bbox 905 4009 1153 4082; x_wconf 84' lang='grc' dir='ltr'>διαιρῶν,</span> <span class='ocrx_word' id='word_1_455' title='bbox 1182 4009 1257 4074; x_wconf 85' lang='grc' dir='ltr'>ὡς</span> <span class='ocrx_word' id='word_1_456' title='bbox 1285 4011 1604 4080; x_wconf 81' lang='grc' dir='ltr'>ἑρμηνεύων</span> <span class='ocrx_word' id='word_1_457' title='bbox 1644 4011 1809 4082; x_wconf 74' lang='grc' dir='ltr'>φησὶν</span> 
     </span>
    </p>
   </div>
   <div class='ocr_carea' id='block_1_60' title="bbox 228 4101 1810 4177">
    <p class='ocr_par' dir='ltr' id='par_1_60' title="bbox 228 4101 1810 4177">
     <span class='ocr_line' id='line_1_60' title="bbox 228 4101 1810 4177; baseline -0.003 -16"><span class='ocrx_word' id='word_1_458' title='bbox 228 4109 258 4161; x_wconf 90' lang='lat'><strong>6</strong></span> <span class='ocrx_word' id='word_1_459' title='bbox 288 4106 430 4169; x_wconf 81' lang='grc' dir='ltr'>θεῖος</span> <span class='ocrx_word' id='word_1_460' title='bbox 457 4107 776 4177; x_wconf 86' lang='grc' dir='ltr'>Γρηγόριος.</span> <span class='ocrx_word' id='word_1_461' title='bbox 808 4106 872 4157; x_wconf 76' lang='lat' dir='ltr'><strong>Oi</strong></span> <span class='ocrx_word' id='word_1_462' title='bbox 899 4105 1008 4174; x_wconf 77' lang='grc' dir='ltr'>γὰρ</span> <span class='ocrx_word' id='word_1_463' title='bbox 1053 4103 1199 4171; x_wconf 76' lang='grc' dir='ltr'>ἅγιοι</span> <span class='ocrx_word' id='word_1_464' title='bbox 1233 4102 1329 4155; x_wconf 74' lang='grc' dir='ltr'><strong>καὶ</strong></span> <span class='ocrx_word' id='word_1_465' title='bbox 1373 4101 1574 4167; x_wconf 79' lang='grc' dir='ltr'>ζῶντες</span> <span class='ocrx_word' id='word_1_466' title='bbox 1607 4105 1810 4176; x_wconf 83' lang='grc' dir='ltr'>πεπλη-</span> 
     </span>
    </p>
   </div>
   <div class='ocr_carea' id='block_1_61' title="bbox 229 4195 1798 4271">
    <p class='ocr_par' dir='ltr' id='par_1_61' title="bbox 229 4195 1798 4271">
     <span class='ocr_line' id='line_1_61' title="bbox 229 4195 1798 4271; baseline -0.002 -18"><span class='ocrx_word' id='word_1_467' title='bbox 229 4198 470 4271; x_wconf 81' lang='grc' dir='ltr'>ρωμένοι</span> <span class='ocrx_word' id='word_1_468' title='bbox 497 4195 639 4268; x_wconf 76' lang='grc' dir='ltr'>ἦσαν</span> <span class='ocrx_word' id='word_1_469' title='bbox 673 4198 814 4251; x_wconf 84' lang='grc' dir='ltr'>Πνεύ</span> <span class='ocrx_word' id='word_1_470' title='bbox 826 4213 994 4267; x_wconf 87' lang='grc' dir='ltr'>ματος</span> <span class='ocrx_word' id='word_1_471' title='bbox 1019 4196 1200 4263; x_wconf 85' lang='grc' dir='ltr'>ἁγίου,</span> <span class='ocrx_word' id='word_1_472' title='bbox 1230 4195 1325 4248; x_wconf 79' lang='grc' dir='ltr'>καὶ</span> <span class='ocrx_word' id='word_1_473' title='bbox 1356 4195 1798 4264; x_wconf 80' lang='grc' dir='ltr'>τελευτησάντων</span> 
     </span>
    </p>
   </div>
   <div class='ocr_carea' id='block_1_62' title="bbox 226 4284 1802 4359">
    <p class='ocr_par' dir='ltr' id='par_1_62' title="bbox 226 4284 1802 4359">
     <span class='ocr_line' id='line_1_62' title="bbox 226 4284 1802 4359; baseline -0.003 -18"><span class='ocrx_word' id='word_1_474' title='bbox 226 4288 430 4353; x_wconf 76' lang='grc' dir='ltr'>αὐτῶν,</span> <span class='ocrx_word' id='word_1_475' title='bbox 462 4289 496 4358; x_wconf 80' lang='grc' dir='ltr'><strong>ἡ</strong></span> <span class='ocrx_word' id='word_1_476' title='bbox 526 4288 686 4359; x_wconf 87' lang='grc' dir='ltr'>χάρις</span> <span class='ocrx_word' id='word_1_477' title='bbox 724 4286 816 4339; x_wconf 90' lang='grc' dir='ltr'><strong>τοῦ</strong></span> <span class='ocrx_word' id='word_1_478' title='bbox 848 4285 1004 4354; x_wconf 86' lang='grc' dir='ltr'>ἁγίου</span> <span class='ocrx_word' id='word_1_479' title='bbox 1041 4284 1358 4354; x_wconf 87' lang='grc' dir='ltr'>Πνεύματος</span> <span class='ocrx_word' id='word_1_480' title='bbox 1388 4285 1802 4355; x_wconf 85' lang='grc' dir='ltr'>ἁνεκφοιτήτως</span> 
     </span>
    </p>
   </div>
   <div class='ocr_carea' id='block_1_63' title="bbox 1923 1812 3499 1886">
    <p class='ocr_par' dir='ltr' id='par_1_63' title="bbox 1923 1812 3499 1886">
     <span class='ocr_line' id='line_1_63' title="bbox 1923 1812 3499 1886; baseline 0.004 -20"><span class='ocrx_word' id='word_1_481' title='bbox 1923 1813 2114 1868; x_wconf 87' lang='lat' dir='ltr'><strong>matris</strong></span> <span class='ocrx_word' id='word_1_482' title='bbox 2161 1812 2284 1882; x_wconf 85' lang='lat' dir='ltr'><strong>ejus</strong></span> <span class='ocrx_word' id='word_1_483' title='bbox 2321 1814 2571 1884; x_wconf 84' lang='lat' dir='ltr'><strong>Deiparae</strong></span> <span class='ocrx_word' id='word_1_484' title='bbox 2617 1815 2914 1886; x_wconf 90' lang='lat' dir='ltr'><strong>imaginem</strong></span> <span class='ocrx_word' id='word_1_485' title='bbox 2961 1818 3257 1873; x_wconf 89' lang='lat' dir='ltr'><strong>conﬁcere.</strong></span> <span class='ocrx_word' id='word_1_486' title='bbox 3303 1818 3347 1874; x_wconf 87' lang='grc' dir='ltr'><strong>Ο</strong></span> <span class='ocrx_word' id='word_1_487' title='bbox 3385 1835 3499 1875; x_wconf 92' lang='lat' dir='ltr'><strong>rem</strong></span> 
     </span>
    </p>
   </div>
   <div class='ocr_carea' id='block_1_64' title="bbox 1923 1902 3496 1978">
    <p class='ocr_par' dir='ltr' id='par_1_64' title="bbox 1923 1902 3496 1978">
     <span class='ocr_line' id='line_1_64' title="bbox 1923 1902 3496 1978; baseline 0.006 -22"><span class='ocrx_word' id='word_1_488' title='bbox 1923 1902 2254 1958; x_wconf 88' lang='lat' dir='ltr'><strong>absurdam!</strong></span> <span class='ocrx_word' id='word_1_489' title='bbox 2314 1906 2392 1960; x_wconf 91' lang='lat' dir='ltr'><strong>Te</strong></span> <span class='ocrx_word' id='word_1_490' title='bbox 2444 1905 2562 1974; x_wconf 88' lang='lat' dir='ltr'><strong>ipse</strong></span> <span class='ocrx_word' id='word_1_491' title='bbox 2630 1922 2765 1978; x_wconf 86' lang='lat' dir='ltr'><strong>ergo</strong></span> <span class='ocrx_word' id='word_1_492' title='bbox 2830 1917 3152 1964; x_wconf 90' lang='lat' dir='ltr'><strong>sanctorum</strong></span> <span class='ocrx_word' id='word_1_493' title='bbox 3209 1911 3496 1965; x_wconf 88' lang='lat' dir='ltr'><strong>inimicum</strong></span> 
     </span>
    </p>
   </div>
   <div class='ocr_carea' id='block_1_65' title="bbox 1920 1993 3496 2073">
    <p class='ocr_par' dir='ltr' id='par_1_65' title="bbox 1920 1993 3496 2073">
     <span class='ocr_line' id='line_1_65' title="bbox 1920 1993 3496 2073; baseline 0.006 -26"><span class='ocrx_word' id='word_1_494' title='bbox 1920 1993 2215 2064; x_wconf 88' lang='lat' dir='ltr'><strong>proﬁteris.</strong></span> <span class='ocrx_word' id='word_1_495' title='bbox 2240 1993 2376 2049; x_wconf 85' lang='lat' dir='ltr'><strong>Nam</strong></span> <span class='ocrx_word' id='word_1_496' title='bbox 2409 1997 2454 2052; x_wconf 91' lang='lat' dir='ltr'><strong>si</strong></span> <span class='ocrx_word' id='word_1_497' title='bbox 2477 1995 2683 2067; x_wconf 83' lang='lat' dir='ltr'><strong>Christi</strong></span> <span class='ocrx_word' id='word_1_498' title='bbox 2707 1998 2928 2068; x_wconf 89' lang='lat' dir='ltr'><strong>quidem</strong></span> <span class='ocrx_word' id='word_1_499' title='bbox 2967 1999 3264 2071; x_wconf 80' lang='lat' dir='ltr'><strong>imaginem</strong></span> <span class='ocrx_word' id='word_1_500' title='bbox 3289 2001 3496 2073; x_wconf 84' lang='lat' dir='ltr'><strong>pingis,</strong></span> 
     </span>
    </p>
   </div>
   <div class='ocr_carea' id='block_1_66' title="bbox 1919 2089 3498 2161">
    <p class='ocr_par' dir='ltr' id='par_1_66' title="bbox 1919 2089 3498 2161">
     <span class='ocr_line' id='line_1_66' title="bbox 1919 2089 3498 2161; baseline 0.006 -22"><span class='ocrx_word' id='word_1_501' title='bbox 1919 2100 2267 2156; x_wconf 86' lang='lat' dir='ltr'><strong>nequaquam</strong></span> <span class='ocrx_word' id='word_1_502' title='bbox 2299 2102 2430 2141; x_wconf 90' lang='lat' dir='ltr'><strong>vero</strong></span> <span class='ocrx_word' id='word_1_503' title='bbox 2469 2096 2812 2156; x_wconf 89' lang='lat' dir='ltr'><strong>sanctorum,</strong></span> <span class='ocrx_word' id='word_1_504' title='bbox 2857 2089 3020 2159; x_wconf 87' lang='lat' dir='ltr'><strong>plane</strong></span> <span class='ocrx_word' id='word_1_505' title='bbox 3064 2106 3172 2144; x_wconf 91' lang='lat' dir='ltr'><strong>non</strong></span> <span class='ocrx_word' id='word_1_506' title='bbox 3232 2091 3498 2161; x_wconf 82' lang='lat' dir='ltr'><strong>imagines</strong></span> 
     </span>
    </p>
   </div>
   <div class='ocr_carea' id='block_1_67' title="bbox 1920 2177 3500 2253">
    <p class='ocr_par' dir='ltr' id='par_1_67' title="bbox 1920 2177 3500 2253">
     <span class='ocr_line' id='line_1_67' title="bbox 1920 2177 3500 2253; baseline 0.004 -23"><span class='ocrx_word' id='word_1_507' title='bbox 1920 2191 2150 2247; x_wconf 89' lang='lat' dir='ltr'><strong>prorsus</strong></span> <span class='ocrx_word' id='word_1_508' title='bbox 2171 2177 2454 2246; x_wconf 86' lang='lat' dir='ltr'><strong>prohibes,</strong></span> <span class='ocrx_word' id='word_1_509' title='bbox 2487 2177 2578 2232; x_wconf 90' lang='lat' dir='ltr'><strong>sed</strong></span> <span class='ocrx_word' id='word_1_510' title='bbox 2612 2179 2824 2234; x_wconf 86' lang='lat' dir='ltr'><strong>sanctis</strong></span> <span class='ocrx_word' id='word_1_511' title='bbox 2855 2179 3038 2248; x_wconf 89' lang='lat' dir='ltr'><strong>potius</strong></span> <span class='ocrx_word' id='word_1_512' title='bbox 3068 2196 3231 2236; x_wconf 92' lang='lat' dir='ltr'><strong>suum</strong></span> <span class='ocrx_word' id='word_1_513' title='bbox 3262 2181 3500 2253; x_wconf 88' lang='lat' dir='ltr'><strong>denegas</strong></span> 
     </span>
    </p>
   </div>
   <div class='ocr_carea' id='block_1_68' title="bbox 1920 2269 3498 2342">
    <p class='ocr_par' dir='ltr' id='par_1_68' title="bbox 1920 2269 3498 2342">
     <span class='ocr_line' id='line_1_68' title="bbox 1920 2269 3498 2342; baseline 0.003 -19"><span class='ocrx_word' id='word_1_514' title='bbox 1920 2269 2208 2324; x_wconf 89' lang='lat' dir='ltr'><strong>honorem.</strong></span> <span class='ocrx_word' id='word_1_515' title='bbox 2247 2271 2455 2326; x_wconf 86' lang='lat' dir='ltr'><strong>Christi</strong></span> <span class='ocrx_word' id='word_1_516' title='bbox 2497 2270 2811 2341; x_wconf 86' lang='lat' dir='ltr'><strong>siquidem,</strong></span> <span class='ocrx_word' id='word_1_517' title='bbox 2861 2272 2989 2342; x_wconf 89' lang='lat' dir='ltr'><strong>quia</strong></span> <span class='ocrx_word' id='word_1_518' title='bbox 3042 2272 3214 2342; x_wconf 81' lang='lat' dir='ltr'><strong>gloria</strong></span> <span class='ocrx_word' id='word_1_519' title='bbox 3268 2282 3498 2328; x_wconf 90' lang='lat' dir='ltr'><strong>ornatus</strong></span> 
     </span>
    </p>
   </div>
   <div class='ocr_carea' id='block_1_69' title="bbox 1917 2362 3497 2432">
    <p class='ocr_par' dir='ltr' id='par_1_69' title="bbox 1917 2362 3497 2432">
     <span class='ocr_line' id='line_1_69' title="bbox 1917 2362 3497 2432; baseline 0.001 -15"><span class='ocrx_word' id='word_1_520' title='bbox 1917 2372 2018 2427; x_wconf 92' lang='lat' dir='ltr'><strong>est,</strong></span> <span class='ocrx_word' id='word_1_521' title='bbox 2056 2363 2328 2432; x_wconf 84' lang='lat' dir='ltr'><strong>imagines</strong></span> <span class='ocrx_word' id='word_1_522' title='bbox 2354 2362 2473 2417; x_wconf 87' lang='lat' dir='ltr'><strong>ﬁeri</strong></span> <span class='ocrx_word' id='word_1_523' title='bbox 2501 2363 2799 2428; x_wconf 87' lang='lat' dir='ltr'><strong>concedis;</strong></span> <span class='ocrx_word' id='word_1_524' title='bbox 2841 2372 3163 2417; x_wconf 88' lang='lat' dir='ltr'><strong>sanctorum</strong></span> <span class='ocrx_word' id='word_1_525' title='bbox 3191 2377 3323 2417; x_wconf 83' lang='lat' dir='ltr'><strong>vero</strong></span> <span class='ocrx_word' id='word_1_526' title='bbox 3341 2366 3497 2432; x_wconf 85' lang='lat' dir='ltr'><strong>quasi</strong></span> 
     </span>
    </p>
   </div>
   <div class='ocr_carea' id='block_1_70' title="bbox 1915 2453 3499 2524">
    <p class='ocr_par' dir='ltr' id='par_1_70' title="bbox 1915 2453 3499 2524">
     <span class='ocr_line' id='line_1_70' title="bbox 1915 2453 3499 2524; baseline 0.001 -17"><span class='ocrx_word' id='word_1_527' title='bbox 1915 2453 2078 2508; x_wconf 90' lang='lat' dir='ltr'><strong>alieni</strong></span> <span class='ocrx_word' id='word_1_528' title='bbox 2112 2453 2272 2508; x_wconf 90' lang='lat' dir='ltr'><strong>sinta</strong></span> <span class='ocrx_word' id='word_1_529' title='bbox 2297 2453 2488 2524; x_wconf 86' lang='lat' dir='ltr'><strong>gloria.</strong></span> <span class='ocrx_word' id='word_1_530' title='bbox 2531 2453 2763 2524; x_wconf 84' lang='lat' dir='ltr'><strong>efﬁgiem</strong></span> <span class='ocrx_word' id='word_1_531' title='bbox 2794 2455 3032 2524; x_wconf 89' lang='lat' dir='ltr'><strong>respuis,</strong></span> <span class='ocrx_word' id='word_1_532' title='bbox 3073 2455 3499 2523; x_wconf 84' lang='lat' dir='ltr'><strong>mendacemque</strong></span> 
     </span>
    </p>
   </div>
   <div class='ocr_carea' id='block_1_71' title="bbox 1917 2543 3497 2616">
    <p class='ocr_par' dir='ltr' id='par_1_71' title="bbox 1917 2543 3497 2616">
     <span class='ocr_line' id='line_1_71' title="bbox 1917 2543 3497 2616; baseline 0.002 -18"><span class='ocrx_word' id='word_1_533' title='bbox 1917 2543 2217 2601; x_wconf 84' lang='lat' dir='ltr'><strong>Veritatem</strong></span> <span class='ocrx_word' id='word_1_534' title='bbox 2252 2545 2521 2612; x_wconf 85' lang='lat' dir='ltr'><strong>declaras,</strong></span> <span class='ocrx_word' id='word_1_535' title='bbox 2563 2545 2653 2600; x_wconf 91' lang='lat' dir='ltr'><strong>ubi</strong></span> <span class='ocrx_word' id='word_1_536' title='bbox 2683 2546 2759 2598; x_wconf 87' lang='lat' dir='ltr'><strong>ait</strong></span> <span class='ocrx_word' id='word_1_537' title='bbox 2793 2563 2806 2599; x_wconf 88' lang='lat'><strong>:</strong></span> <span class='ocrx_word' id='word_1_538' title='bbox 2847 2564 2864 2597; x_wconf 81' lang='grc' dir='ltr'><strong>ι</strong></span> <span class='ocrx_word' id='word_1_539' title='bbox 2901 2544 3037 2600; x_wconf 78' lang='lat' dir='ltr'><strong>Vivo</strong></span> <span class='ocrx_word' id='word_1_540' title='bbox 3062 2560 3182 2616; x_wconf 92' lang='lat' dir='ltr'><strong>ego,</strong></span> <span class='ocrx_word' id='word_1_541' title='bbox 3221 2545 3355 2600; x_wconf 88' lang='lat' dir='ltr'><strong>dicit</strong></span> <span class='ocrx_word' id='word_1_542' title='bbox 3393 2545 3497 2601; x_wconf 85' lang='lat' dir='ltr'><strong>Do-</strong></span> 
     </span>
    </p>
   </div>
   <div class='ocr_carea' id='block_1_72' title="bbox 1916 2635 3497 2709">
    <p class='ocr_par' dir='ltr' id='par_1_72' title="bbox 1916 2635 3497 2709">
     <span class='ocr_line' id='line_1_72' title="bbox 1916 2635 3497 2709; baseline 0.001 -19"><span class='ocrx_word' id='word_1_543' title='bbox 1916 2637 2132 2700; x_wconf 88' lang='lat' dir='ltr'><strong>minus,</strong></span> <span class='ocrx_word' id='word_1_544' title='bbox 2165 2637 2269 2693; x_wconf 92' lang='lat' dir='ltr'><strong>nisi</strong></span> <span class='ocrx_word' id='word_1_545' title='bbox 2299 2637 2674 2709; x_wconf 90' lang='lat' dir='ltr'><strong>gloriﬁcantcs</strong></span> <span class='ocrx_word' id='word_1_546' title='bbox 2719 2647 2804 2690; x_wconf 89' lang='lat' dir='ltr'><strong>me</strong></span> <span class='ocrx_word' id='word_1_547' title='bbox 2830 2637 3123 2706; x_wconf 82' lang='lat' dir='ltr'><strong>gloriﬁccm</strong></span> <span class='ocrx_word' id='word_1_548' title='bbox 3147 2636 3214 2690; x_wconf 80' lang='grc'><strong>⁸³.</strong></span> <span class='ocrx_word' id='word_1_549' title='bbox 3251 2653 3270 2686; x_wconf 75' lang='grc' dir='ltr'><strong>ι</strong></span> <span class='ocrx_word' id='word_1_550' title='bbox 3321 2635 3386 2690; x_wconf 87' lang='lat' dir='ltr'><strong>Et</strong></span> <span class='ocrx_word' id='word_1_551' title='bbox 3410 2636 3497 2690; x_wconf 90' lang='lat' dir='ltr'><strong>di-</strong></span> 
     </span>
    </p>
   </div>
   <div class='ocr_carea' id='block_1_73' title="bbox 1913 2729 3497 2800">
    <p class='ocr_par' dir='ltr' id='par_1_73' title="bbox 1913 2729 3497 2800">
     <span class='ocr_line' id='line_1_73' title="bbox 1913 2729 3497 2800; baseline 0.001 -18"><span class='ocrx_word' id='word_1_552' title='bbox 1913 2729 2076 2783; x_wconf 85' lang='lat' dir='ltr'><strong>vinus</strong></span> <span class='ocrx_word' id='word_1_553' title='bbox 2110 2729 2406 2798; x_wconf 85' lang='lat' dir='ltr'><strong>Apostolus</strong></span> <span class='ocrx_word' id='word_1_554' title='bbox 2450 2747 2464 2782; x_wconf 91' lang='lat'><strong>:</strong></span> <span class='ocrx_word' id='word_1_555' title='bbox 2499 2747 2517 2779; x_wconf 76' lang='grc'><strong>(</strong></span> <span class='ocrx_word' id='word_1_556' title='bbox 2555 2729 2742 2800; x_wconf 86' lang='lat' dir='ltr'><strong>Itaque</strong></span> <span class='ocrx_word' id='word_1_557' title='bbox 2769 2729 2880 2799; x_wconf 87' lang='lat' dir='ltr'><strong>jam</strong></span> <span class='ocrx_word' id='word_1_558' title='bbox 2922 2743 3029 2782; x_wconf 89' lang='lat' dir='ltr'><strong>non</strong></span> <span class='ocrx_word' id='word_1_559' title='bbox 3057 2743 3115 2783; x_wconf 90' lang='lat' dir='ltr'><strong>es</strong></span> <span class='ocrx_word' id='word_1_560' title='bbox 3154 2742 3366 2793; x_wconf 89' lang='lat' dir='ltr'><strong>servus,</strong></span> <span class='ocrx_word' id='word_1_561' title='bbox 3401 2729 3497 2783; x_wconf 91' lang='lat' dir='ltr'><strong>sed</strong></span> 
     </span>
    </p>
   </div>
   <div class='ocr_carea' id='block_1_74' title="bbox 1916 2818 3490 2890">
    <p class='ocr_par' dir='ltr' id='par_1_74' title="bbox 1916 2818 3490 2890">
     <span class='ocr_line' id='line_1_74' title="bbox 1916 2818 3490 2890; baseline 0 -18"><span class='ocrx_word' id='word_1_562' title='bbox 1916 2819 2082 2876; x_wconf 90' lang='lat' dir='ltr'><strong>ﬁlius.</strong></span> <span class='ocrx_word' id='word_1_563' title='bbox 2102 2820 2159 2874; x_wconf 90' lang='lat' dir='ltr'><strong>Si</strong></span> <span class='ocrx_word' id='word_1_564' title='bbox 2195 2827 2377 2875; x_wconf 90' lang='lat' dir='ltr'><strong>autem</strong></span> <span class='ocrx_word' id='word_1_565' title='bbox 2403 2819 2636 2886; x_wconf 84' lang='lat' dir='ltr'><strong>filius,et</strong></span> <span class='ocrx_word' id='word_1_566' title='bbox 2655 2822 2829 2876; x_wconf 59' lang='lat' dir='ltr'><strong>hatres</strong></span> <span class='ocrx_word' id='word_1_567' title='bbox 2852 2819 2945 2874; x_wconf 90' lang='lat' dir='ltr'><strong>Dei</strong></span> <span class='ocrx_word' id='word_1_568' title='bbox 2969 2835 3063 2890; x_wconf 87' lang='lat' dir='ltr'><strong>per</strong></span> <span class='ocrx_word' id='word_1_569' title='bbox 3077 2818 3358 2874; x_wconf 89' lang='lat' dir='ltr'><strong>Christum</strong></span> <span class='ocrx_word' id='word_1_570' title='bbox 3381 2819 3448 2874; x_wconf 81' lang='grc'><strong>⁵⁸.</strong></span> <span class='ocrx_word' id='word_1_571' title='bbox 3471 2839 3490 2872; x_wconf 75' lang='grc' dir='ltr'><strong>ι</strong></span> 
     </span>
    </p>
   </div>
   <div class='ocr_carea' id='block_1_75' title="bbox 1916 2909 3486 2982">
    <p class='ocr_par' dir='ltr' id='par_1_75' title="bbox 1916 2909 3486 2982">
     <span class='ocr_line' id='line_1_75' title="bbox 1916 2909 3486 2982; baseline 0.001 -19"><span class='ocrx_word' id='word_1_572' title='bbox 1916 2909 1981 2964; x_wconf 87' lang='lat' dir='ltr'><strong>Et</strong></span> <span class='ocrx_word' id='word_1_573' title='bbox 2015 2931 2026 2964; x_wconf 93' lang='lat'>:</span> <span class='ocrx_word' id='word_1_574' title='bbox 2067 2931 2085 2963; x_wconf 76' lang='grc' dir='ltr'><strong>ι</strong></span> <span class='ocrx_word' id='word_1_575' title='bbox 2125 2911 2183 2964; x_wconf 91' lang='lat' dir='ltr'><strong>Si</strong></span> <span class='ocrx_word' id='word_1_576' title='bbox 2214 2913 2607 2982; x_wconf 88' lang='lat' dir='ltr'><strong>compatimur,</strong></span> <span class='ocrx_word' id='word_1_577' title='bbox 2654 2921 2712 2966; x_wconf 92' lang='lat' dir='ltr'><strong>ut</strong></span> <span class='ocrx_word' id='word_1_578' title='bbox 2762 2920 2816 2966; x_wconf 93' lang='lat' dir='ltr'><strong>et</strong></span> <span class='ocrx_word' id='word_1_579' title='bbox 2867 2912 3341 2981; x_wconf 85' lang='lat' dir='ltr'><strong>conglorilicemur</strong></span> <span class='ocrx_word' id='word_1_580' title='bbox 3362 2913 3430 2965; x_wconf 78' lang='grc'><strong>⁵⁷.</strong></span> <span class='ocrx_word' id='word_1_581' title='bbox 3468 2930 3486 2963; x_wconf 78' lang='grc' dir='ltr'><strong>ι</strong></span> 
     </span>
    </p>
   </div>
   <div class='ocr_carea' id='block_1_76' title="bbox 1915 3000 3495 3074">
    <p class='ocr_par' dir='ltr' id='par_1_76' title="bbox 1915 3000 3495 3074">
     <span class='ocr_line' id='line_1_76' title="bbox 1915 3000 3495 3074; baseline 0.001 -19"><span class='ocrx_word' id='word_1_582' title='bbox 1915 3000 2033 3056; x_wconf 90' lang='lat' dir='ltr'><strong>Non</strong></span> <span class='ocrx_word' id='word_1_583' title='bbox 2053 3001 2318 3058; x_wconf 85' lang='lat' dir='ltr'><strong>adversus</strong></span> <span class='ocrx_word' id='word_1_584' title='bbox 2339 3004 2627 3074; x_wconf 87' lang='lat' dir='ltr'><strong>imagines,</strong></span> <span class='ocrx_word' id='word_1_585' title='bbox 2650 3003 2744 3058; x_wconf 89' lang='lat' dir='ltr'><strong>sed</strong></span> <span class='ocrx_word' id='word_1_586' title='bbox 2766 3003 3030 3060; x_wconf 79' lang='lat' dir='ltr'><strong>adversus</strong></span> <span class='ocrx_word' id='word_1_587' title='bbox 3048 3013 3270 3059; x_wconf 89' lang='lat' dir='ltr'><strong>sanctos</strong></span> <span class='ocrx_word' id='word_1_588' title='bbox 3293 3005 3495 3060; x_wconf 89' lang='lat' dir='ltr'><strong>bellum</strong></span> 
     </span>
    </p>
   </div>
   <div class='ocr_carea' id='block_1_77' title="bbox 1917 3092 3494 3165">
    <p class='ocr_par' dir='ltr' id='par_1_77' title="bbox 1917 3092 3494 3165">
     <span class='ocr_line' id='line_1_77' title="bbox 1917 3092 3494 3165; baseline 0.003 -20"><span class='ocrx_word' id='word_1_589' title='bbox 1917 3107 2124 3148; x_wconf 80' lang='lat' dir='ltr'><strong>moves.</strong></span> <span class='ocrx_word' id='word_1_590' title='bbox 2151 3093 2241 3146; x_wconf 82' lang='lat' dir='ltr'><strong>Ait</strong></span> <span class='ocrx_word' id='word_1_591' title='bbox 2262 3095 2406 3148; x_wconf 87' lang='lat' dir='ltr'><strong>enim</strong></span> <span class='ocrx_word' id='word_1_592' title='bbox 2431 3092 2670 3150; x_wconf 83' lang='lat' dir='ltr'><strong>Joannes</strong></span> <span class='ocrx_word' id='word_1_593' title='bbox 2687 3094 3026 3165; x_wconf 89' lang='lat' dir='ltr'><strong>Theologus,</strong></span> <span class='ocrx_word' id='word_1_594' title='bbox 3047 3095 3138 3164; x_wconf 91' lang='lat' dir='ltr'><strong>qui</strong></span> <span class='ocrx_word' id='word_1_595' title='bbox 3180 3109 3345 3164; x_wconf 88' lang='lat' dir='ltr'><strong>supra</strong></span> <span class='ocrx_word' id='word_1_596' title='bbox 3368 3109 3494 3163; x_wconf 78' lang='lat' dir='ltr'><strong>pec-</strong></span> 
     </span>
    </p>
   </div>
   <div class='ocr_carea' id='block_1_78' title="bbox 1918 3182 3485 3256">
    <p class='ocr_par' dir='ltr' id='par_1_78' title="bbox 1918 3182 3485 3256">
     <span class='ocr_line' id='line_1_78' title="bbox 1918 3182 3485 3256; baseline 0 -20"><span class='ocrx_word' id='word_1_597' title='bbox 1918 3191 2008 3238; x_wconf 91' lang='lat' dir='ltr'><strong>tus</strong></span> <span class='ocrx_word' id='word_1_598' title='bbox 2031 3182 2243 3238; x_wconf 91' lang='lat' dir='ltr'><strong>Domini</strong></span> <span class='ocrx_word' id='word_1_599' title='bbox 2269 3185 2557 3252; x_wconf 88' lang='lat' dir='ltr'><strong>recubuit,</strong></span> <span class='ocrx_word' id='word_1_600' title='bbox 2589 3204 2606 3237; x_wconf 73' lang='grc' dir='ltr'><strong>ι</strong></span> <span class='ocrx_word' id='word_1_601' title='bbox 2643 3187 2786 3256; x_wconf 90' lang='lat' dir='ltr'><strong>quod</strong></span> <span class='ocrx_word' id='word_1_602' title='bbox 2821 3187 3031 3240; x_wconf 90' lang='lat' dir='ltr'><strong>similes</strong></span> <span class='ocrx_word' id='word_1_603' title='bbox 3049 3186 3096 3240; x_wconf 91' lang='lat' dir='ltr'><strong>ei</strong></span> <span class='ocrx_word' id='word_1_604' title='bbox 3127 3186 3337 3240; x_wconf 91' lang='lat' dir='ltr'><strong>erimus</strong></span> <span class='ocrx_word' id='word_1_605' title='bbox 3358 3184 3424 3237; x_wconf 81' lang='grc'><strong>⁵⁸.</strong></span> <span class='ocrx_word' id='word_1_606' title='bbox 3465 3204 3485 3236; x_wconf 77' lang='grc' dir='ltr'><strong>ι</strong></span> 
     </span>
    </p>
   </div>
   <div class='ocr_carea' id='block_1_79' title="bbox 1916 3271 3490 3348">
    <p class='ocr_par' dir='ltr' id='par_1_79' title="bbox 1916 3271 3490 3348">
     <span class='ocr_line' id='line_1_79' title="bbox 1916 3271 3490 3348; baseline -0.001 -20"><span class='ocrx_word' id='word_1_607' title='bbox 1916 3271 2074 3328; x_wconf 90' lang='lat' dir='ltr'><strong>Sicut</strong></span> <span class='ocrx_word' id='word_1_608' title='bbox 2098 3277 2244 3330; x_wconf 87' lang='lat' dir='ltr'><strong>enim</strong></span> <span class='ocrx_word' id='word_1_609' title='bbox 2278 3277 2330 3332; x_wconf 91' lang='lat' dir='ltr'><strong>id</strong></span> <span class='ocrx_word' id='word_1_610' title='bbox 2361 3277 2510 3347; x_wconf 81' lang='lat' dir='ltr'><strong>quod</strong></span> <span class='ocrx_word' id='word_1_611' title='bbox 2552 3278 2663 3348; x_wconf 84' lang='lat' dir='ltr'><strong>igni</strong></span> <span class='ocrx_word' id='word_1_612' title='bbox 2690 3278 2964 3348; x_wconf 84' lang='lat' dir='ltr'><strong>jungitur,</strong></span> <span class='ocrx_word' id='word_1_613' title='bbox 2997 3291 3107 3331; x_wconf 91' lang='lat' dir='ltr'><strong>non</strong></span> <span class='ocrx_word' id='word_1_614' title='bbox 3144 3282 3364 3338; x_wconf 90' lang='lat' dir='ltr'><strong>natura,</strong></span> <span class='ocrx_word' id='word_1_615' title='bbox 3393 3274 3490 3329; x_wconf 91' lang='lat' dir='ltr'><strong>sed</strong></span> 
     </span>
    </p>
   </div>
   <div class='ocr_carea' id='block_1_80' title="bbox 1915 3365 3491 3437">
    <p class='ocr_par' dir='ltr' id='par_1_80' title="bbox 1915 3365 3491 3437">
     <span class='ocr_line' id='line_1_80' title="bbox 1915 3365 3491 3437; baseline -0.001 -16"><span class='ocrx_word' id='word_1_616' title='bbox 1915 3369 2327 3437; x_wconf 87' lang='lat' dir='ltr'><strong>conjunctione,</strong></span> <span class='ocrx_word' id='word_1_617' title='bbox 2353 3378 2410 3426; x_wconf 87' lang='lat' dir='ltr'><strong>et</strong></span> <span class='ocrx_word' id='word_1_618' title='bbox 2437 3373 2749 3436; x_wconf 82' lang='lat' dir='ltr'><strong>exustione,</strong></span> <span class='ocrx_word' id='word_1_619' title='bbox 2794 3377 2850 3425; x_wconf 85' lang='lat' dir='ltr'><strong>et</strong></span> <span class='ocrx_word' id='word_1_620' title='bbox 2893 3367 3397 3423; x_wconf 89' lang='lat' dir='ltr'><strong>communicatione</strong></span> <span class='ocrx_word' id='word_1_621' title='bbox 3431 3365 3491 3420; x_wconf 90' lang='lat' dir='ltr'><strong>ﬁt</strong></span> 
     </span>
    </p>
   </div>
   <div class='ocr_carea' id='block_1_81' title="bbox 1916 3459 3487 3535">
    <p class='ocr_par' dir='ltr' id='par_1_81' title="bbox 1916 3459 3487 3535">
     <span class='ocr_line' id='line_1_81' title="bbox 1916 3459 3487 3535; baseline -0.002 -19"><span class='ocrx_word' id='word_1_622' title='bbox 1916 3463 2080 3535; x_wconf 85' lang='lat' dir='ltr'><strong>ignis,</strong></span> <span class='ocrx_word' id='word_1_623' title='bbox 2108 3465 2250 3519; x_wconf 90' lang='lat' dir='ltr'><strong>idem</strong></span> <span class='ocrx_word' id='word_1_624' title='bbox 2298 3481 2519 3535; x_wconf 90' lang='lat' dir='ltr'><strong>quoque</strong></span> <span class='ocrx_word' id='word_1_625' title='bbox 2556 3466 2680 3520; x_wconf 86' lang='lat' dir='ltr'><strong>dico</strong></span> <span class='ocrx_word' id='word_1_626' title='bbox 2713 3464 2780 3521; x_wconf 90' lang='lat' dir='ltr'><strong>de</strong></span> <span class='ocrx_word' id='word_1_627' title='bbox 2804 3480 2972 3520; x_wconf 87' lang='lat' dir='ltr'><strong>carne</strong></span> <span class='ocrx_word' id='word_1_628' title='bbox 3033 3462 3305 3516; x_wconf 82' lang='lat' dir='ltr'><strong>incarnati</strong></span> <span class='ocrx_word' id='word_1_629' title='bbox 3361 3459 3487 3514; x_wconf 86' lang='lat' dir='ltr'><strong>Filii</strong></span> 
     </span>
    </p>
   </div>
   <div class='ocr_carea' id='block_1_82' title="bbox 1914 3553 3486 3626">
    <p class='ocr_par' dir='ltr' id='par_1_82' title="bbox 1914 3553 3486 3626">
     <span class='ocr_line' id='line_1_82' title="bbox 1914 3553 3486 3626; baseline 0 -20"><span class='ocrx_word' id='word_1_630' title='bbox 1914 3555 2032 3609; x_wconf 87' lang='lat' dir='ltr'><strong>Dei.</strong></span> <span class='ocrx_word' id='word_1_631' title='bbox 2062 3553 2154 3608; x_wconf 90' lang='lat' dir='ltr'><strong>llla</strong></span> <span class='ocrx_word' id='word_1_632' title='bbox 2191 3555 2462 3626; x_wconf 88' lang='lat' dir='ltr'><strong>siquidem</strong></span> <span class='ocrx_word' id='word_1_633' title='bbox 2496 3572 2594 3626; x_wconf 88' lang='lat' dir='ltr'><strong>per</strong></span> <span class='ocrx_word' id='word_1_634' title='bbox 2617 3557 3015 3626; x_wconf 86' lang='lat' dir='ltr'><strong>hypostaticam</strong></span> <span class='ocrx_word' id='word_1_635' title='bbox 3041 3553 3486 3609; x_wconf 85' lang='lat' dir='ltr'><strong>communionem</strong></span> 
     </span>
    </p>
   </div>
   <div class='ocr_carea' id='block_1_83' title="bbox 1914 3644 3487 3708">
    <p class='ocr_par' dir='ltr' id='par_1_83' title="bbox 1914 3644 3487 3708">
     <span class='ocr_line' id='line_1_83' title="bbox 1914 3644 3487 3708; baseline -0.001 -9"><span class='ocrx_word' id='word_1_636' title='bbox 1914 3644 2113 3700; x_wconf 69' lang='lat' dir='ltr'><strong>divinae</strong></span> <span class='ocrx_word' id='word_1_637' title='bbox 2139 3655 2344 3704; x_wconf 62' lang='lat' dir='ltr'><strong>naturae</strong></span> <span class='ocrx_word' id='word_1_638' title='bbox 2372 3648 2510 3701; x_wconf 90' lang='lat' dir='ltr'><strong>citra</strong></span> <span class='ocrx_word' id='word_1_639' title='bbox 2538 3649 2959 3704; x_wconf 86' lang='lat' dir='ltr'><strong>conversionem</strong></span> <span class='ocrx_word' id='word_1_640' title='bbox 2994 3645 3167 3701; x_wconf 90' lang='lat' dir='ltr'><strong>evasit</strong></span> <span class='ocrx_word' id='word_1_641' title='bbox 3196 3644 3359 3708; x_wconf 90' lang='lat' dir='ltr'><strong>Deus,</strong></span> <span class='ocrx_word' id='word_1_642' title='bbox 3383 3659 3487 3698; x_wconf 92' lang='lat' dir='ltr'><strong>non</strong></span> 
     </span>
    </p>
   </div>
   <div class='ocr_carea' id='block_1_84' title="bbox 1912 3735 3488 3808">
    <p class='ocr_par' dir='ltr' id='par_1_84' title="bbox 1912 3735 3488 3808">
     <span class='ocr_line' id='line_1_84' title="bbox 1912 3735 3488 3808; baseline 0 -21"><span class='ocrx_word' id='word_1_643' title='bbox 1912 3735 2058 3806; x_wconf 89' lang='lat' dir='ltr'><strong>quod</strong></span> <span class='ocrx_word' id='word_1_644' title='bbox 2103 3735 2283 3791; x_wconf 87' lang='lat' dir='ltr'><strong>divina</strong></span> <span class='ocrx_word' id='word_1_645' title='bbox 2329 3739 2567 3808; x_wconf 87' lang='lat' dir='ltr'><strong>quadam</strong></span> <span class='ocrx_word' id='word_1_646' title='bbox 2626 3738 2967 3795; x_wconf 87' lang='lat' dir='ltr'><strong>efﬁcacicate</strong></span> <span class='ocrx_word' id='word_1_647' title='bbox 3015 3736 3245 3791; x_wconf 89' lang='lat' dir='ltr'><strong>inuncta</strong></span> <span class='ocrx_word' id='word_1_648' title='bbox 3301 3735 3488 3800; x_wconf 91' lang='lat' dir='ltr'><strong>fuerit,</strong></span> 
     </span>
    </p>
   </div>
   <div class='ocr_carea' id='block_1_85' title="bbox 1915 3827 3492 3900">
    <p class='ocr_par' dir='ltr' id='par_1_85' title="bbox 1915 3827 3492 3900">
     <span class='ocr_line' id='line_1_85' title="bbox 1915 3827 3492 3900; baseline -0.002 -21"><span class='ocrx_word' id='word_1_649' title='bbox 1915 3827 2061 3881; x_wconf 88' lang='lat' dir='ltr'><strong>velut</strong></span> <span class='ocrx_word' id='word_1_650' title='bbox 2088 3829 2470 3898; x_wconf 89' lang='lat' dir='ltr'><strong>unusquisque</strong></span> <span class='ocrx_word' id='word_1_651' title='bbox 2492 3829 2915 3900; x_wconf 90' lang='lat' dir='ltr'><strong>prophetarum,</strong></span> <span class='ocrx_word' id='word_1_652' title='bbox 2936 3828 3070 3898; x_wconf 90' lang='lat' dir='ltr'><strong>quin</strong></span> <span class='ocrx_word' id='word_1_653' title='bbox 3094 3827 3276 3896; x_wconf 91' lang='lat' dir='ltr'><strong>potius</strong></span> <span class='ocrx_word' id='word_1_654' title='bbox 3296 3839 3492 3895; x_wconf 87' lang='lat' dir='ltr'><strong>perun-</strong></span> 
     </span>
    </p>
   </div>
   <div class='ocr_carea' id='block_1_86' title="bbox 1910 3916 3487 3990">
    <p class='ocr_par' dir='ltr' id='par_1_86' title="bbox 1910 3916 3487 3990">
     <span class='ocr_line' id='line_1_86' title="bbox 1910 3916 3487 3990; baseline -0.001 -18"><span class='ocrx_word' id='word_1_655' title='bbox 1910 3918 2091 3990; x_wconf 88' lang='lat' dir='ltr'><strong>gentis</strong></span> <span class='ocrx_word' id='word_1_656' title='bbox 2149 3920 2318 3974; x_wconf 91' lang='lat' dir='ltr'><strong>totius</strong></span> <span class='ocrx_word' id='word_1_657' title='bbox 2371 3920 2689 3988; x_wconf 77' lang='lat' dir='ltr'><strong>praesentia.</strong></span> <span class='ocrx_word' id='word_1_658' title='bbox 2745 3921 2901 3987; x_wconf 79' lang='lat' dir='ltr'><strong>Quod</strong></span> <span class='ocrx_word' id='word_1_659' title='bbox 2955 3933 3122 3990; x_wconf 88' lang='lat' dir='ltr'><strong>porro</strong></span> <span class='ocrx_word' id='word_1_660' title='bbox 3170 3917 3353 3973; x_wconf 85' lang='lat' dir='ltr'><strong>sancti</strong></span> <span class='ocrx_word' id='word_1_661' title='bbox 3409 3916 3487 3972; x_wconf 90' lang='lat' dir='ltr'><strong>dii</strong></span> 
     </span>
    </p>
   </div>
   <div class='ocr_carea' id='block_1_87' title="bbox 1911 4011 3492 4086">
    <p class='ocr_par' dir='ltr' id='par_1_87' title="bbox 1911 4011 3492 4086">
     <span class='ocr_line' id='line_1_87' title="bbox 1911 4011 3492 4086; baseline -0.001 -21"><span class='ocrx_word' id='word_1_662' title='bbox 1911 4027 2130 4082; x_wconf 93' lang='lat' dir='ltr'><strong>quoque</strong></span> <span class='ocrx_word' id='word_1_663' title='bbox 2164 4013 2296 4077; x_wconf 88' lang='lat' dir='ltr'><strong>sint,</strong></span> <span class='ocrx_word' id='word_1_664' title='bbox 2337 4014 2501 4086; x_wconf 79' lang='lat'><strong>316</strong></span> <span class='ocrx_word' id='word_1_665' title='bbox 2551 4014 2714 4069; x_wconf 91' lang='lat' dir='ltr'><strong>docet</strong></span> <span class='ocrx_word' id='word_1_666' title='bbox 2769 4013 3075 4083; x_wconf 85' lang='lat' dir='ltr'><strong>Scriptura.</strong></span> <span class='ocrx_word' id='word_1_667' title='bbox 3140 4031 3159 4064; x_wconf 89' lang='grc'><strong>‹</strong></span> <span class='ocrx_word' id='word_1_668' title='bbox 3196 4011 3363 4076; x_wconf 80' lang='lat' dir='ltr'><strong>Deus,</strong></span> <span class='ocrx_word' id='word_1_669' title='bbox 3409 4011 3492 4063; x_wconf 86' lang='lat' dir='ltr'><strong>in-</strong></span> 
     </span>
    </p>
   </div>
   <div class='ocr_carea' id='block_1_88' title="bbox 1909 4103 3490 4176">
    <p class='ocr_par' dir='ltr' id='par_1_88' title="bbox 1909 4103 3490 4176">
     <span class='ocr_line' id='line_1_88' title="bbox 1909 4103 3490 4176; baseline 0 -20"><span class='ocrx_word' id='word_1_670' title='bbox 1909 4104 2050 4174; x_wconf 85' lang='lat' dir='ltr'><strong>quit,</strong></span> <span class='ocrx_word' id='word_1_671' title='bbox 2083 4105 2231 4160; x_wconf 89' lang='lat' dir='ltr'><strong>stetit</strong></span> <span class='ocrx_word' id='word_1_672' title='bbox 2257 4104 2312 4158; x_wconf 90' lang='lat' dir='ltr'><strong>in</strong></span> <span class='ocrx_word' id='word_1_673' title='bbox 2347 4121 2618 4176; x_wconf 81' lang='lat' dir='ltr'><strong>synagoga</strong></span> <span class='ocrx_word' id='word_1_674' title='bbox 2653 4105 2882 4162; x_wconf 84' lang='lat' dir='ltr'><strong>deorum</strong></span> <span class='ocrx_word' id='word_1_675' title='bbox 2917 4108 3017 4160; x_wconf 74' lang='grc'><strong>⁵⁸.»</strong></span> <span class='ocrx_word' id='word_1_676' title='bbox 3056 4105 3202 4160; x_wconf 88' lang='lat' dir='ltr'><strong>Deus</strong></span> <span class='ocrx_word' id='word_1_677' title='bbox 3224 4107 3277 4158; x_wconf 89' lang='lat' dir='ltr'><strong>in</strong></span> <span class='ocrx_word' id='word_1_678' title='bbox 3309 4103 3490 4157; x_wconf 89' lang='lat' dir='ltr'><strong>medio</strong></span> 
     </span>
    </p>
   </div>
   <div class='ocr_carea' id='block_1_89' title="bbox 1909 4193 3486 4268">
    <p class='ocr_par' dir='ltr' id='par_1_89' title="bbox 1909 4193 3486 4268">
     <span class='ocr_line' id='line_1_89' title="bbox 1909 4193 3486 4268; baseline -0.001 -21"><span class='ocrx_word' id='word_1_679' title='bbox 1909 4193 2136 4248; x_wconf 89' lang='lat' dir='ltr'><strong>deorum</strong></span> <span class='ocrx_word' id='word_1_680' title='bbox 2182 4202 2295 4250; x_wconf 85' lang='lat' dir='ltr'><strong>stat</strong></span> <span class='ocrx_word' id='word_1_681' title='bbox 2345 4195 2646 4266; x_wconf 87' lang='lat' dir='ltr'><strong>unicuique</strong></span> <span class='ocrx_word' id='word_1_682' title='bbox 2701 4213 2800 4268; x_wconf 92' lang='lat' dir='ltr'><strong>pro</strong></span> <span class='ocrx_word' id='word_1_683' title='bbox 2854 4199 3070 4252; x_wconf 80' lang='lat' dir='ltr'><strong>meritis</strong></span> <span class='ocrx_word' id='word_1_684' title='bbox 3121 4196 3486 4255; x_wconf 86' lang='lat' dir='ltr'><strong>distribuens,</strong></span> 
     </span>
    </p>
   </div>
   <div class='ocr_carea' id='block_1_90' title="bbox 1907 4283 3488 4354">
    <p class='ocr_par' dir='ltr' id='par_1_90' title="bbox 1907 4283 3488 4354">
     <span class='ocr_line' id='line_1_90' title="bbox 1907 4283 3488 4354; baseline 0.001 -17"><span class='ocrx_word' id='word_1_685' title='bbox 1907 4285 2370 4354; x_wconf 86' lang='lat' dir='ltr'><strong>quemadmodum</strong></span> <span class='ocrx_word' id='word_1_686' title='bbox 2435 4287 2614 4342; x_wconf 91' lang='lat' dir='ltr'><strong>locum</strong></span> <span class='ocrx_word' id='word_1_687' title='bbox 2679 4289 2826 4342; x_wconf 92' lang='lat' dir='ltr'><strong>hunc</strong></span> <span class='ocrx_word' id='word_1_688' title='bbox 2891 4288 3113 4340; x_wconf 85' lang='lat' dir='ltr'><strong>divinus</strong></span> <span class='ocrx_word' id='word_1_689' title='bbox 3187 4283 3488 4354; x_wconf 84' lang='lat' dir='ltr'><strong>Gregorius</strong></span> 
     </span>
    </p>
   </div>
   <div class='ocr_carea' id='block_1_91' title="bbox 226 4372 1812 4448">
    <p class='ocr_par' dir='ltr' id='par_1_91' title="bbox 226 4372 1804 4445">
     <span class='ocr_line' id='line_1_91' title="bbox 226 4372 1804 4445; baseline -0.005 -11"><span class='ocrx_word' id='word_1_690' title='bbox 226 4379 406 4434; x_wconf 77' lang='grc' dir='ltr'>ἔνεστι</span> <span class='ocrx_word' id='word_1_691' title='bbox 437 4379 530 4433; x_wconf 74' lang='grc' dir='ltr'>καὶ</span> <span class='ocrx_word' id='word_1_692' title='bbox 561 4381 682 4442; x_wconf 77' lang='grc' dir='ltr'>ταῖς</span> <span class='ocrx_word' id='word_1_693' title='bbox 709 4376 949 4445; x_wconf 77' lang='grc' dir='ltr'>ψυχαῖς,</span> <span class='ocrx_word' id='word_1_694' title='bbox 992 4375 1088 4428; x_wconf 81' lang='grc' dir='ltr'><strong>καὶ</strong></span> <span class='ocrx_word' id='word_1_695' title='bbox 1133 4376 1246 4436; x_wconf 86' lang='grc' dir='ltr'>τοῖς</span> <span class='ocrx_word' id='word_1_696' title='bbox 1298 4372 1551 4443; x_wconf 82' lang='grc' dir='ltr'>σώμασιν</span> <span class='ocrx_word' id='word_1_697' title='bbox 1588 4375 1646 4427; x_wconf 81' lang='grc' dir='ltr'><strong>ὲν</strong></span> <span class='ocrx_word' id='word_1_698' title='bbox 1689 4376 1804 4438; x_wconf 89' lang='grc' dir='ltr'>τοῖς</span> 
     </span>
    </p>
   </div>
   <div class='ocr_carea' id='block_1_92' title="bbox 1916 4372 3487 4448">
    <p class='ocr_par' dir='ltr' id='par_1_92' title="bbox 1916 4375 3487 4448">
     <span class='ocr_line' id='line_1_92' title="bbox 1916 4375 3487 4448; baseline -0.002 -16"><span class='ocrx_word' id='word_1_699' title='bbox 1916 4379 2166 4448; x_wconf 81' lang='lat' dir='ltr'><strong>exposuit</strong></span> <span class='ocrx_word' id='word_1_700' title='bbox 2209 4380 2274 4433; x_wconf 73' lang='grc'><strong>⁸³.</strong></span> <span class='ocrx_word' id='word_1_701' title='bbox 2337 4379 2524 4433; x_wconf 84' lang='lat' dir='ltr'><strong>Sancti</strong></span> <span class='ocrx_word' id='word_1_702' title='bbox 2589 4379 2760 4442; x_wconf 86' lang='lat' dir='ltr'><strong>enim,</strong></span> <span class='ocrx_word' id='word_1_703' title='bbox 2811 4380 2940 4433; x_wconf 88' lang='lat' dir='ltr'><strong>dum</strong></span> <span class='ocrx_word' id='word_1_704' title='bbox 2993 4379 3243 4431; x_wconf 80' lang='lat' dir='ltr'><strong>viverent</strong></span> <span class='ocrx_word' id='word_1_705' title='bbox 3296 4375 3487 4444; x_wconf 88' lang='lat' dir='ltr'><strong>repleti</strong></span> 
     </span>
    </p>
   </div>
   <div class='ocr_carea' id='block_1_93' title="bbox 226 4465 1804 4544">
    <p class='ocr_par' dir='ltr' id='par_1_93' title="bbox 226 4465 1804 4544">
     <span class='ocr_line' id='line_1_93' title="bbox 226 4465 1804 4544; baseline -0.004 -18"><span class='ocrx_word' id='word_1_706' title='bbox 226 4474 445 4544; x_wconf 87' lang='grc' dir='ltr'>τάφοις,</span> <span class='ocrx_word' id='word_1_707' title='bbox 477 4469 571 4522; x_wconf 80' lang='grc' dir='ltr'>καὶ</span> <span class='ocrx_word' id='word_1_708' title='bbox 599 4470 713 4531; x_wconf 87' lang='grc' dir='ltr'>τοῖς</span> <span class='ocrx_word' id='word_1_709' title='bbox 745 4467 1116 4539; x_wconf 80' lang='grc' dir='ltr'>χαρακτῆρσι,</span> <span class='ocrx_word' id='word_1_710' title='bbox 1157 4466 1250 4519; x_wconf 83' lang='grc' dir='ltr'><strong>καί</strong></span> <span class='ocrx_word' id='word_1_711' title='bbox 1287 4467 1405 4528; x_wconf 84' lang='grc' dir='ltr'>ταῖς</span> <span class='ocrx_word' id='word_1_712' title='bbox 1435 4465 1620 4534; x_wconf 87' lang='grc' dir='ltr'>ἁγίαις</span> <span class='ocrx_word' id='word_1_713' title='bbox 1659 4467 1804 4520; x_wconf 84' lang='grc' dir='ltr'>εἰκό-</span> 
     </span>
    </p>
   </div>
   <div class='ocr_carea' id='block_1_94' title="bbox 229 4557 1804 4629">
    <p class='ocr_par' dir='ltr' id='par_1_94' title="bbox 229 4557 1804 4629">
     <span class='ocr_line' id='line_1_94' title="bbox 229 4557 1804 4629; baseline -0.014 -9"><span class='ocrx_word' id='word_1_714' title='bbox 229 4584 316 4620; x_wconf 89' lang='grc' dir='ltr'><strong>σιν</strong></span> <span class='ocrx_word' id='word_1_715' title='bbox 353 4561 558 4626; x_wconf 83' lang='grc' dir='ltr'>αὑτῶν,</span> <span class='ocrx_word' id='word_1_716' title='bbox 607 4560 668 4614; x_wconf 86' lang='grc' dir='ltr'><strong>οὐ</strong></span> <span class='ocrx_word' id='word_1_717' title='bbox 715 4559 834 4613; x_wconf 81' lang='grc' dir='ltr'>κατ’</span> <span class='ocrx_word' id='word_1_718' title='bbox 871 4559 1078 4624; x_wconf 86' lang='grc' dir='ltr'>οὐσίαν,</span> <span class='ocrx_word' id='word_1_719' title='bbox 1117 4557 1255 4612; x_wconf 83' lang='grc' dir='ltr'>ἀλλὰ</span> <span class='ocrx_word' id='word_1_720' title='bbox 1291 4557 1476 4628; x_wconf 88' lang='grc' dir='ltr'>χάριτι</span> <span class='ocrx_word' id='word_1_721' title='bbox 1523 4558 1617 4612; x_wconf 83' lang='grc' dir='ltr'><strong>καί</strong></span> <span class='ocrx_word' id='word_1_722' title='bbox 1649 4559 1804 4629; x_wconf 82' lang='grc' dir='ltr'>ὲνερ-</span> 
     </span>
    </p>
   </div>
   <div class='ocr_carea' id='block_1_95' title="bbox 226 4656 374 4727">
    <p class='ocr_par' dir='ltr' id='par_1_95' title="bbox 226 4656 374 4727">
     <span class='ocr_line' id='line_1_95' title="bbox 226 4656 374 4727; baseline 0.027 -19"><span class='ocrx_word' id='word_1_723' title='bbox 226 4656 374 4727; x_wconf 77' lang='grc' dir='ltr'>γείᾳ.</span> 
     </span>
    </p>
   </div>
   <div class='ocr_carea' id='block_1_96' title="bbox 1911 4468 3482 4540">
    <p class='ocr_par' dir='ltr' id='par_1_96' title="bbox 1911 4468 3482 4540">
     <span class='ocr_line' id='line_1_96' title="bbox 1911 4468 3482 4540; baseline 0 -19"><span class='ocrx_word' id='word_1_724' title='bbox 1911 4476 2074 4522; x_wconf 82' lang='lat' dir='ltr'><strong>erant</strong></span> <span class='ocrx_word' id='word_1_725' title='bbox 2129 4469 2337 4540; x_wconf 90' lang='lat' dir='ltr'><strong>Spiritu</strong></span> <span class='ocrx_word' id='word_1_726' title='bbox 2376 4477 2592 4534; x_wconf 91' lang='lat' dir='ltr'><strong>sancto,</strong></span> <span class='ocrx_word' id='word_1_727' title='bbox 2643 4477 2699 4523; x_wconf 94' lang='lat' dir='ltr'><strong>et</strong></span> <span class='ocrx_word' id='word_1_728' title='bbox 2755 4479 3045 4538; x_wconf 90' lang='lat' dir='ltr'><strong>postquam</strong></span> <span class='ocrx_word' id='word_1_729' title='bbox 3103 4468 3482 4532; x_wconf 86' lang='lat' dir='ltr'><strong>decesserunt,</strong></span> 
     </span>
    </p>
   </div>
   <div class='ocr_carea' id='block_1_97' title="bbox 1915 4557 3486 4629">
    <p class='ocr_par' dir='ltr' id='par_1_97' title="bbox 1915 4557 3486 4629">
     <span class='ocr_line' id='line_1_97' title="bbox 1915 4557 3486 4629; baseline 0.001 -18"><span class='ocrx_word' id='word_1_730' title='bbox 1915 4557 2160 4628; x_wconf 86' lang='lat' dir='ltr'><strong>Spiritus</strong></span> <span class='ocrx_word' id='word_1_731' title='bbox 2195 4560 2373 4613; x_wconf 89' lang='lat' dir='ltr'><strong>sancti</strong></span> <span class='ocrx_word' id='word_1_732' title='bbox 2413 4563 2588 4629; x_wconf 86' lang='lat' dir='ltr'><strong>gratia</strong></span> <span class='ocrx_word' id='word_1_733' title='bbox 2635 4559 2854 4612; x_wconf 91' lang='lat' dir='ltr'><strong>illorum</strong></span> <span class='ocrx_word' id='word_1_734' title='bbox 2893 4572 3109 4626; x_wconf 90' lang='lat' dir='ltr'><strong>semper</strong></span> <span class='ocrx_word' id='word_1_735' title='bbox 3147 4566 3261 4612; x_wconf 92' lang='lat' dir='ltr'><strong>tum</strong></span> <span class='ocrx_word' id='word_1_736' title='bbox 3285 4557 3486 4612; x_wconf 86' lang='lat' dir='ltr'><strong>animis</strong></span> 
     </span>
    </p>
   </div>
   <div class='ocr_carea' id='block_1_98' title="bbox 1912 4650 3486 4722">
    <p class='ocr_par' dir='ltr' id='par_1_98' title="bbox 1912 4650 3486 4722">
     <span class='ocr_line' id='line_1_98' title="bbox 1912 4650 3486 4722; baseline -0.002 -17"><span class='ocrx_word' id='word_1_737' title='bbox 1912 4652 2090 4722; x_wconf 82' lang='lat' dir='ltr'><strong>adest,</strong></span> <span class='ocrx_word' id='word_1_738' title='bbox 2129 4664 2242 4707; x_wconf 90' lang='lat' dir='ltr'><strong>tum</strong></span> <span class='ocrx_word' id='word_1_739' title='bbox 2285 4652 2615 4721; x_wconf 90' lang='lat' dir='ltr'><strong>corporibus</strong></span> <span class='ocrx_word' id='word_1_740' title='bbox 2659 4651 2714 4705; x_wconf 92' lang='lat' dir='ltr'><strong>in</strong></span> <span class='ocrx_word' id='word_1_741' title='bbox 2749 4650 3044 4720; x_wconf 84' lang='lat' dir='ltr'><strong>sepulcris,</strong></span> <span class='ocrx_word' id='word_1_742' title='bbox 3080 4651 3210 4719; x_wconf 91' lang='lat' dir='ltr'><strong>quin</strong></span> <span class='ocrx_word' id='word_1_743' title='bbox 3243 4658 3292 4705; x_wconf 86' lang='lat' dir='ltr'><strong>et</strong></span> <span class='ocrx_word' id='word_1_744' title='bbox 3339 4651 3486 4719; x_wconf 90' lang='lat' dir='ltr'><strong>ipso-</strong></span> 
     </span>
    </p>
   </div>
   <div class='ocr_carea' id='block_1_99' title="bbox 224 4736 3483 4820">
    <p class='ocr_par' dir='ltr' id='par_1_99' title="bbox 224 4736 3483 4820">
     <span class='ocr_line' id='line_1_99' title="bbox 224 4736 3483 4820; baseline -0.002 -14"><span class='ocrx_word' id='word_1_745' title='bbox 224 4767 349 4806; x_wconf 87' lang='lat' dir='ltr'><strong>rum</strong></span> <span class='ocrx_word' id='word_1_746' title='bbox 397 4747 586 4820; x_wconf 83' lang='lat' dir='ltr'><strong>figuris</strong></span> <span class='ocrx_word' id='word_1_747' title='bbox 626 4760 690 4800; x_wconf 89' lang='lat' dir='ltr'><strong>ac</strong></span> <span class='ocrx_word' id='word_1_748' title='bbox 747 4743 957 4799; x_wconf 88' lang='lat' dir='ltr'><strong>sanctis</strong></span> <span class='ocrx_word' id='word_1_749' title='bbox 1007 4742 1374 4814; x_wconf 85' lang='lat' dir='ltr'><strong>imaginibus,</strong></span> <span class='ocrx_word' id='word_1_750' title='bbox 1434 4757 1540 4797; x_wconf 88' lang='lat' dir='ltr'><strong>non</strong></span> <span class='ocrx_word' id='word_1_751' title='bbox 1591 4742 1810 4812; x_wconf 89' lang='lat' dir='ltr'><strong>quidem</strong></span> <span class='ocrx_word' id='word_1_752' title='bbox 1869 4749 2174 4803; x_wconf 90' lang='lat' dir='ltr'><strong>secundum</strong></span> <span class='ocrx_word' id='word_1_753' title='bbox 2217 4736 2580 4804; x_wconf 72' lang='lat' dir='ltr'><strong>Substantiam</strong></span> <span class='ocrx_word' id='word_1_754' title='bbox 2633 4760 2811 4813; x_wconf 91' lang='lat' dir='ltr'><strong>suam,</strong></span> <span class='ocrx_word' id='word_1_755' title='bbox 2871 4745 2967 4802; x_wconf 92' lang='lat' dir='ltr'><strong>sed</strong></span> <span class='ocrx_word' id='word_1_756' title='bbox 3029 4761 3127 4817; x_wconf 88' lang='lat' dir='ltr'><strong>per</strong></span> <span class='ocrx_word' id='word_1_757' title='bbox 3169 4747 3398 4816; x_wconf 85' lang='lat' dir='ltr'><strong>gratiam</strong></span> <span class='ocrx_word' id='word_1_758' title='bbox 3429 4753 3483 4800; x_wconf 85' lang='lat' dir='ltr'><strong>et</strong></span> 
     </span>
    </p>
   </div>
   <div class='ocr_carea' id='block_1_100' title="bbox 219 4845 592 4904">
    <p class='ocr_par' dir='ltr' id='par_1_100' title="bbox 219 4845 592 4904">
     <span class='ocr_line' id='line_1_100' title="bbox 219 4845 592 4904; baseline -0.024 0"><span class='ocrx_word' id='word_1_759' title='bbox 219 4845 592 4904; x_wconf 87' lang='lat' dir='ltr'><strong>efficientiam.</strong></span> 
     </span>
    </p>
   </div>
   <div class='ocr_carea' id='block_1_101' title="bbox 292 4927 1800 5005">
    <p class='ocr_par' dir='ltr' id='par_1_101' title="bbox 292 4927 1800 5005">
     <span class='ocr_line' id='line_1_101' title="bbox 292 4927 1800 5005; baseline -0.006 -14"><span class='ocrx_word' id='word_1_760' title='bbox 292 4938 472 4991; x_wconf 82' lang='grc' dir='ltr'><strong>κ’.⁴Ον</strong></span> <span class='ocrx_word' id='word_1_761' title='bbox 499 4935 556 4988; x_wconf 80' lang='grc' dir='ltr'><strong>δὲ</strong></span> <span class='ocrx_word' id='word_1_762' title='bbox 577 4932 654 5005; x_wconf 79' lang='grc' dir='ltr'><strong>τῷ</strong></span> <span class='ocrx_word' id='word_1_763' title='bbox 683 4930 847 4986; x_wconf 76' lang='grc' dir='ltr'>Δαϐἰδ</span> <span class='ocrx_word' id='word_1_764' title='bbox 873 4928 1237 5000; x_wconf 75' lang='grc' dir='ltr'>ἐπηγγείλατο</span> <span class='ocrx_word' id='word_1_765' title='bbox 1258 4929 1285 4982; x_wconf 90' lang='lat'><strong>6</strong></span> <span class='ocrx_word' id='word_1_766' title='bbox 1301 4927 1430 4992; x_wconf 87' lang='grc' dir='ltr'>Θεὸς</span> <span class='ocrx_word' id='word_1_767' title='bbox 1452 4929 1800 5000; x_wconf 81' lang='grc' dir='ltr'>οἰκοδομῆσαι</span> 
     </span>
    </p>
   </div>
   <div class='ocr_carea' id='block_1_102' title="bbox 217 5019 1798 5098">
    <p class='ocr_par' dir='ltr' id='par_1_102' title="bbox 217 5019 1798 5098">
     <span class='ocr_line' id='line_1_102' title="bbox 217 5019 1798 5098; baseline -0.009 -14"><span class='ocrx_word' id='word_1_768' title='bbox 217 5028 370 5098; x_wconf 81' lang='grc' dir='ltr'>αὐτῷ</span> <span class='ocrx_word' id='word_1_769' title='bbox 400 5024 524 5080; x_wconf 81' lang='grc' dir='ltr'>ναὸν</span> <span class='ocrx_word' id='word_1_770' title='bbox 547 5025 634 5078; x_wconf 71' lang='grc' dir='ltr'><strong>διὰ</strong></span> <span class='ocrx_word' id='word_1_771' title='bbox 653 5021 747 5076; x_wconf 87' lang='grc' dir='ltr'><strong>τοῦ</strong></span> <span class='ocrx_word' id='word_1_772' title='bbox 777 5021 908 5075; x_wconf 88' lang='grc' dir='ltr'>ἰδίου</span> <span class='ocrx_word' id='word_1_773' title='bbox 923 5019 1062 5086; x_wconf 90' lang='grc' dir='ltr'>υἱοῦ,</span> <span class='ocrx_word' id='word_1_774' title='bbox 1083 5019 1174 5071; x_wconf 71' lang='grc' dir='ltr'><strong>καὶ</strong></span> <span class='ocrx_word' id='word_1_775' title='bbox 1204 5019 1610 5073; x_wconf 86' lang='grc' dir='ltr'>κατασκευάσαι</span> <span class='ocrx_word' id='word_1_776' title='bbox 1633 5019 1798 5071; x_wconf 88' lang='grc' dir='ltr'>τόπον</span> 
     </span>
    </p>
   </div>
   <div class='ocr_carea' id='block_1_103' title="bbox 215 5108 1795 5183">
    <p class='ocr_par' dir='ltr' id='par_1_103' title="bbox 215 5108 1795 5183">
     <span class='ocr_line' id='line_1_103' title="bbox 215 5108 1795 5183; baseline -0.007 -10"><span class='ocrx_word' id='word_1_777' title='bbox 215 5117 600 5183; x_wconf 86' lang='grc' dir='ltr'>ἀναπαύσεως,</span> <span class='ocrx_word' id='word_1_778' title='bbox 635 5113 824 5168; x_wconf 88' lang='grc' dir='ltr'>τοῦτον</span> <span class='ocrx_word' id='word_1_779' title='bbox 884 5111 1138 5182; x_wconf 86' lang='grc' dir='ltr'>Σολομὼν</span> <span class='ocrx_word' id='word_1_780' title='bbox 1189 5108 1507 5181; x_wconf 85' lang='grc' dir='ltr'>οἰκοδομῶν,</span> <span class='ocrx_word' id='word_1_781' title='bbox 1571 5110 1795 5180; x_wconf 75' lang='grc' dir='ltr'>ἐποίησε</span> 
     </span>
    </p>
   </div>
   <div class='ocr_carea' id='block_1_104' title="bbox 288 5293 859 5358">
    <p class='ocr_par' dir='ltr' id='par_1_104' title="bbox 288 5293 859 5358">
     <span class='ocr_line' id='line_1_104' title="bbox 288 5293 859 5358; baseline -0.011 -6"><span class='ocrx_word' id='word_1_782' title='bbox 288 5297 335 5330; x_wconf 68' lang='grc'><strong>⁵⁸</strong></span> <span class='ocrx_word' id='word_1_783' title='bbox 363 5295 532 5353; x_wconf 83' lang='lat' dir='ltr'><strong>Josue</strong></span> <span class='ocrx_word' id='word_1_784' title='bbox 572 5313 647 5358; x_wconf 77' lang='grc' dir='ltr'><strong>ιν,</strong></span> <span class='ocrx_word' id='word_1_785' title='bbox 682 5295 736 5358; x_wconf 87' lang='grc'>8,</span> <span class='ocrx_word' id='word_1_786' title='bbox 769 5293 859 5347; x_wconf 72' lang='grc'><strong>21.</strong></span> 
     </span>
    </p>
   </div>
   <div class='ocr_carea' id='block_1_105' title="bbox 211 5361 1233 5434">
    <p class='ocr_par' dir='ltr' id='par_1_105' title="bbox 211 5361 1233 5434">
     <span class='ocr_line' id='line_1_105' title="bbox 211 5361 1233 5434; baseline -0.008 -9"><span class='ocrx_word' id='word_1_787' title='bbox 211 5384 405 5434; x_wconf 75' lang='lat' dir='ltr'><strong>uni,</strong></span> <span class='ocrx_word' id='word_1_788' title='bbox 436 5369 488 5420; x_wconf 87' lang='grc'><strong>1.</strong></span> <span class='ocrx_word' id='word_1_789' title='bbox 565 5365 610 5397; x_wconf 79' lang='lat'><strong><em>°°</em></strong></span> <span class='ocrx_word' id='word_1_790' title='bbox 640 5363 802 5434; x_wconf 88' lang='lat' dir='ltr'><strong>Greg.</strong></span> <span class='ocrx_word' id='word_1_791' title='bbox 826 5361 1115 5422; x_wconf 85' lang='lat' dir='ltr'><strong>Naz.oral.</strong></span> <span class='ocrx_word' id='word_1_792' title='bbox 1144 5361 1233 5419; x_wconf 70' lang='grc'><strong>40.</strong></span> 
     </span>
    </p>
   </div>
   <div class='ocr_carea' id='block_1_106' title="bbox 1981 4923 3481 4996">
    <p class='ocr_par' dir='ltr' id='par_1_106' title="bbox 1981 4923 3481 4996">
     <span class='ocr_line' id='line_1_106' title="bbox 1981 4923 3481 4996; baseline -0.002 -14"><span class='ocrx_word' id='word_1_793' title='bbox 1981 4929 2070 4983; x_wconf 76' lang='lat'><strong>‘20.</strong></span> <span class='ocrx_word' id='word_1_794' title='bbox 2106 4926 2228 4983; x_wconf 84' lang='lat' dir='ltr'><strong>Jam</strong></span> <span class='ocrx_word' id='word_1_795' title='bbox 2277 4941 2404 4980; x_wconf 84' lang='lat' dir='ltr'><strong>vero</strong></span> <span class='ocrx_word' id='word_1_796' title='bbox 2454 4926 2717 4996; x_wconf 90' lang='lat' dir='ltr'><strong>templum</strong></span> <span class='ocrx_word' id='word_1_797' title='bbox 2773 4925 2920 4995; x_wconf 92' lang='lat' dir='ltr'><strong>quod</strong></span> <span class='ocrx_word' id='word_1_798' title='bbox 2961 4925 3104 4979; x_wconf 90' lang='lat' dir='ltr'><strong>Deus</strong></span> <span class='ocrx_word' id='word_1_799' title='bbox 3141 4923 3332 4978; x_wconf 88' lang='lat' dir='ltr'><strong>Davidi</strong></span> <span class='ocrx_word' id='word_1_800' title='bbox 3385 4939 3481 4994; x_wconf 91' lang='lat' dir='ltr'><strong>per</strong></span> 
     </span>
    </p>
   </div>
   <div class='ocr_carea' id='block_1_107' title="bbox 1906 5016 3480 5089">
    <p class='ocr_par' dir='ltr' id='par_1_107' title="bbox 1906 5016 3480 5089">
     <span class='ocr_line' id='line_1_107' title="bbox 1906 5016 3480 5089; baseline -0.006 -14"><span class='ocrx_word' id='word_1_801' title='bbox 1906 5021 2079 5075; x_wconf 89' lang='lat' dir='ltr'><strong>ﬁlium</strong></span> <span class='ocrx_word' id='word_1_802' title='bbox 2133 5020 2252 5089; x_wconf 89' lang='lat' dir='ltr'><strong>ejus</strong></span> <span class='ocrx_word' id='word_1_803' title='bbox 2295 5018 2676 5072; x_wconf 66' lang='lat' dir='ltr'><strong>aediﬁcandum</strong></span> <span class='ocrx_word' id='word_1_804' title='bbox 2708 5017 2815 5072; x_wconf 87' lang='lat' dir='ltr'><strong>sibi</strong></span> <span class='ocrx_word' id='word_1_805' title='bbox 2845 5016 3024 5071; x_wconf 82' lang='lat' dir='ltr'><strong>fuerat</strong></span> <span class='ocrx_word' id='word_1_806' title='bbox 3052 5016 3354 5085; x_wconf 89' lang='lat' dir='ltr'><strong>pollicitus,</strong></span> <span class='ocrx_word' id='word_1_807' title='bbox 3393 5027 3480 5082; x_wconf 87' lang='lat' dir='ltr'><strong>pa-</strong></span> 
     </span>
    </p>
   </div>
   <div class='ocr_carea' id='block_1_108' title="bbox 1902 5106 3476 5180">
    <p class='ocr_par' dir='ltr' id='par_1_108' title="bbox 1902 5106 3476 5180">
     <span class='ocr_line' id='line_1_108' title="bbox 1902 5106 3476 5180; baseline -0.004 -16"><span class='ocrx_word' id='word_1_808' title='bbox 1902 5110 2254 5180; x_wconf 88' lang='lat' dir='ltr'><strong>randumque</strong></span> <span class='ocrx_word' id='word_1_809' title='bbox 2309 5108 2415 5164; x_wconf 90' lang='lat' dir='ltr'><strong>sibi</strong></span> <span class='ocrx_word' id='word_1_810' title='bbox 2467 5109 2520 5163; x_wconf 91' lang='lat' dir='ltr'><strong>in</strong></span> <span class='ocrx_word' id='word_1_811' title='bbox 2572 5109 2752 5164; x_wconf 87' lang='lat' dir='ltr'><strong>locum</strong></span> <span class='ocrx_word' id='word_1_812' title='bbox 2805 5107 3038 5179; x_wconf 88' lang='lat' dir='ltr'><strong>quietis,</strong></span> <span class='ocrx_word' id='word_1_813' title='bbox 3080 5106 3134 5160; x_wconf 87' lang='lat' dir='ltr'><strong>id</strong></span> <span class='ocrx_word' id='word_1_814' title='bbox 3183 5116 3476 5162; x_wconf 81' lang='lat' dir='ltr'><strong>exstruens</strong></span> 
     </span>
    </p>
   </div>
   <div class='ocr_carea' id='block_1_109' title="bbox 947 5280 1812 5362">
    <p class='ocr_par' dir='ltr' id='par_1_109' title="bbox 947 5289 1785 5362">
     <span class='ocr_line' id='line_1_109' title="bbox 947 5289 1785 5362; baseline -0.002 -15"><span class='ocrx_word' id='word_1_815' title='bbox 947 5295 992 5328; x_wconf 83' lang='grc'><strong><em>⁵⁵</em></strong></span> <span class='ocrx_word' id='word_1_816' title='bbox 1021 5293 1063 5347; x_wconf 90' lang='grc'><strong>11</strong></span> <span class='ocrx_word' id='word_1_817' title='bbox 1104 5294 1238 5362; x_wconf 80' lang='lat' dir='ltr'><strong>Reg.</strong></span> <span class='ocrx_word' id='word_1_818' title='bbox 1273 5312 1331 5362; x_wconf 86' lang='grc' dir='ltr'><strong>ιι,</strong></span> <span class='ocrx_word' id='word_1_819' title='bbox 1358 5291 1447 5347; x_wconf 84' lang='lat'><strong>&#39;50.</strong></span> <span class='ocrx_word' id='word_1_820' title='bbox 1526 5291 1571 5324; x_wconf 76' lang='grc'>⁸⁸</span> <span class='ocrx_word' id='word_1_821' title='bbox 1606 5289 1785 5347; x_wconf 86' lang='lat' dir='ltr'><strong>Galat.</strong></span> 
     </span>
    </p>
   </div>
   <div class='ocr_carea' id='block_1_110' title="bbox 1916 5280 3467 5362">
    <p class='ocr_par' dir='ltr' id='par_1_110' title="bbox 1928 5280 3467 5354">
     <span class='ocr_line' id='line_1_110' title="bbox 1928 5280 3467 5354; baseline -0.006 -11"><span class='ocrx_word' id='word_1_822' title='bbox 1928 5289 1982 5346; x_wconf 90' lang='lat'><strong>7.</strong></span> <span class='ocrx_word' id='word_1_823' title='bbox 2058 5289 2104 5320; x_wconf 79' lang='grc'><strong>⁸⁷</strong></span> <span class='ocrx_word' id='word_1_824' title='bbox 2129 5286 2288 5345; x_wconf 81' lang='lat' dir='ltr'><strong>Rom.</strong></span> <span class='ocrx_word' id='word_1_825' title='bbox 2329 5304 2450 5354; x_wconf 86' lang='lat' dir='ltr'><strong>vm,</strong></span> <span class='ocrx_word' id='word_1_826' title='bbox 2496 5288 2585 5343; x_wconf 85' lang='grc'><strong>17.</strong></span> <span class='ocrx_word' id='word_1_827' title='bbox 2661 5285 2759 5340; x_wconf 81' lang='grc'><strong>⁸⁸1</strong></span> <span class='ocrx_word' id='word_1_828' title='bbox 2799 5286 2958 5344; x_wconf 88' lang='lat' dir='ltr'><strong>Joan.</strong></span> <span class='ocrx_word' id='word_1_829' title='bbox 2991 5301 3073 5352; x_wconf 90' lang='grc' dir='ltr'>ιιι,</span> <span class='ocrx_word' id='word_1_830' title='bbox 3113 5285 3167 5343; x_wconf 75' lang='lat'><strong>2.</strong></span> <span class='ocrx_word' id='word_1_831' title='bbox 3245 5285 3290 5319; x_wconf 82' lang='lat'><strong>&quot;</strong></span> <span class='ocrx_word' id='word_1_832' title='bbox 3323 5280 3467 5341; x_wconf 80' lang='lat' dir='ltr'><strong>Psal.</strong></span> 
     </span>
    </p>
   </div>
   <div class='ocr_carea' id='block_1_111' title="bbox 1521 5506 2206 5568">
    <p class='ocr_par' dir='ltr' id='par_1_111' title="bbox 1521 5506 2206 5568">
     <span class='ocr_line' id='line_1_111' title="bbox 1521 5506 2206 5568; baseline -0.003 0"><span class='ocrx_word' id='word_1_833' title='bbox 1521 5510 1761 5568; x_wconf 75' lang='lat' dir='ltr'><strong>VARUE</strong></span> <span class='ocrx_word' id='word_1_834' title='bbox 1799 5506 2206 5567; x_wconf 81' lang='lat' dir='ltr'><strong>LECTIONES.</strong></span> 
     </span>
    </p>
   </div>
   <div class='ocr_carea' id='block_1_112' title="bbox 293 5624 2974 5712">
    <p class='ocr_par' dir='ltr' id='par_1_112' title="bbox 293 5624 2974 5712">
     <span class='ocr_line' id='line_1_112' title="bbox 293 5624 2974 5712; baseline -0.007 -15"><span class='ocrx_word' id='word_1_835' title='bbox 293 5639 320 5680; x_wconf 76' lang='grc' dir='ltr'>ἀ</span> <span class='ocrx_word' id='word_1_836' title='bbox 343 5635 630 5712; x_wconf 85' lang='lat' dir='ltr'><strong>Superllua</strong></span> <span class='ocrx_word' id='word_1_837' title='bbox 657 5644 740 5692; x_wconf 90' lang='lat' dir='ltr'><strong>est</strong></span> <span class='ocrx_word' id='word_1_838' title='bbox 771 5649 874 5691; x_wconf 74' lang='lat' dir='ltr'><strong>vox</strong></span> <span class='ocrx_word' id='word_1_839' title='bbox 903 5632 1058 5700; x_wconf 88' lang='grc' dir='ltr'>Θεός,</span> <span class='ocrx_word' id='word_1_840' title='bbox 1098 5646 1208 5705; x_wconf 88' lang='lat' dir='ltr'><strong>qua</strong></span> <span class='ocrx_word' id='word_1_841' title='bbox 1230 5633 1410 5690; x_wconf 86' lang='lat' dir='ltr'><strong>ablata</strong></span> <span class='ocrx_word' id='word_1_842' title='bbox 1439 5648 1638 5692; x_wconf 84' lang='lat' dir='ltr'><strong>sensus</strong></span> <span class='ocrx_word' id='word_1_843' title='bbox 1668 5631 1863 5690; x_wconf 86' lang='lat' dir='ltr'><strong>obvius</strong></span> <span class='ocrx_word' id='word_1_844' title='bbox 1883 5638 1987 5697; x_wconf 87' lang='lat' dir='ltr'><strong>est,</strong></span> <span class='ocrx_word' id='word_1_845' title='bbox 2014 5643 2178 5702; x_wconf 89' lang='lat' dir='ltr'><strong>quem</strong></span> <span class='ocrx_word' id='word_1_846' title='bbox 2235 5634 2383 5684; x_wconf 86' lang='lat' dir='ltr'><strong>recte</strong></span> <span class='ocrx_word' id='word_1_847' title='bbox 2404 5624 2576 5683; x_wconf 84' lang='lat' dir='ltr'><strong>Zinus</strong></span> <span class='ocrx_word' id='word_1_848' title='bbox 2618 5630 2844 5682; x_wconf 87' lang='lat' dir='ltr'><strong>secutus</strong></span> <span class='ocrx_word' id='word_1_849' title='bbox 2870 5629 2974 5680; x_wconf 88' lang='lat' dir='ltr'><strong>est.</strong></span> 
     </span>
    </p>
   </div>
  </div>
