4074 6146
574 264 706 333 1951

1736 255 1796 316 S.
1824 252 2142 316 JOANNIS
2172 249 2606 311 DAMASGENI

3699 244 3847 312 1252

571 378 831 434 Salomon
874 371 1173 429 Cherubim
1225 383 1447 440 quoque
1500 365 1819 434 fabricavit,
1870 373 1933 420 ut
1986 365 2153 421 refert

2276 363 2556 434 (ερουσὶμ,
2597 361 2671 425 ὥς
2697 377 2864 432 φησιν
2898 361 2930 431 ἡ
2960 359 3140 431 βίϐλος
3179 359 3288 413 τῶν
3337 357 3658 416 Βασιλειῶν.
3726 365 3844 418 Καὶ

570 469 884 540 Regnorum
917 465 1056 520 liber
1077 463 1119 494 ⁶¹
1157 482 1169 516 :
1207 461 1506 517 Cherubim
1538 459 1707 515 etiam
1735 457 1960 515 vestivit
1988 472 2148 526 auro,

2252 456 2510 526 περιέσχε
2541 457 2608 508 τὰ
2625 453 2909 524 Χερουϐὶμ
2941 453 3176 524 χρυσίῳ,
3201 454 3297 506 καὶ
3323 453 3538 516 πάντας
3566 455 3694 520 τοὺς
3725 455 3845 509 τοί-

570 574 874 630 omnesque
928 558 1167 627 parietes
1203 557 1259 610 in
1299 555 1576 622 circuitu;
1609 553 1814 624 quibus
1845 561 1900 607 et
1923 551 2150 608 caelatus

2276 564 2381 618 [ους
2413 545 2597 618 κύκλῳ
2617 563 2628 575 ·
2658 546 2750 600 καὶ
2777 545 3084 608 κολαπτοὺς
3118 543 3380 615 ὲνέγλυψε
3402 545 3708 616 Χερουϐὶμ,
3743 548 3845 601 καὶ

573 653 864 720 insculpsit
897 648 1217 714 Cherubim,
1241 655 1293 702 et
1322 645 1534 719 palmas
1573 646 1721 700 intus
1751 651 1805 700 et
1851 644 1989 700 foris
2019 645 2152 713 (non

571 745 711 800 dixit
745 759 775 797 a
806 742 1095 804 lateribus,
1139 739 1335 805 sed,in
1361 738 1634 807 circuitu),
1669 737 1838 793 boves
1871 747 2152 807 praeterea,

572 839 867 906 leonesque
903 844 954 889 et
997 835 1401 903 malogranata.
1430 831 1629 884 Annon
1665 831 1833 900 igitur
1858 827 2031 882 multo
2061 827 2157 881 ho-

572 927 961 984 noriﬁcentius
991 927 1158 982 fuerit
1182 933 1504 982 sanctorum
1525 923 1715 995 ﬁguris
1745 936 1935 976 omnes
1962 919 2157 975 domus

575 1023 669 1077 Dei
690 1022 926 1090 parietes
947 1033 1170 1085 ornare,
1195 1032 1361 1088 quam
1385 1015 1745 1070 animantium
1772 1021 1826 1067 et
1857 1010 2158 1067 arborum?

576 1111 811 1168 Ubinam
831 1120 915 1167 est
934 1111 1019 1166 lex
1040 1111 1114 1164 ita
1147 1107 1511 1180 przecipiens:
1556 1125 1575 1158 ι
1608 1105 1688 1162 Ne
1721 1103 1918 1160 feceris
1938 1118 2158 1159 omnem

576 1201 993 1258 similitudinem
1018 1199 1104 1253 υἷ’
1129 1219 1147 1252 ι
1185 1199 1445 1253 Attamen
1495 1195 1784 1262 Salomon,
1819 1195 1912 1266 qui
1943 1195 2161 1265 sapien-

576 1296 666 1351 tiae
683 1294 958 1351 emuvium
991 1292 1226 1364 accepit,
1246 1292 1375 1347 dum
1400 1291 1527 1347 coeli
1553 1290 1816 1346 conderet
1846 1289 2159 1360 imaginem,

576 1386 898 1449 Cherubim,
953 1393 1008 1440 et
1057 1385 1301 1450 leonum,
1354 1383 1630 1453 boumque
1684 1381 1954 1452 imagines
2009 1379 2160 1444 fecit,

579 1479 799 1534 tametsi
835 1479 939 1532 hoc
964 1478 1080 1531 ﬁeri
1115 1477 1198 1532 lex
1228 1475 1560 1547 prohiberet.
1591 1475 1748 1540 Quod
1781 1475 1827 1529 si
1862 1491 1970 1528 non
2001 1473 2164 1528 modo

579 1569 812 1634 Christi,
843 1582 1036 1622 verum
1068 1568 1232 1622 etiam
1296 1573 1620 1620 sanctorum
1651 1565 1931 1634 pingimus
1974 1563 2166 1634 imagi-

579 1675 701 1726 nes,
735 1674 916 1714 annou
938 1658 1040 1712 hoc
1076 1673 1172 1727 per
1201 1673 1422 1713 omnem
1453 1656 1677 1711 modum
1708 1656 2020 1726 religiosius
2047 1666 2160 1722 est;

577 1749 779 1819 quippe
800 1763 926 1804 cum
961 1747 1066 1801 illac
1087 1745 1329 1818 Spiritus
1349 1746 1529 1801 sancti
1553 1745 1714 1802 donis
1749 1745 2004 1800 afﬂuant?
2029 1743 2162 1798 Nam

579 1839 728 1894 sicut
753 1848 880 1892 tunc
911 1838 1148 1907 populus
1169 1846 1223 1892 et
1257 1838 1523 1908 templum
1582 1836 1857 1908 sanguine
1889 1845 1939 1891 et
1979 1836 2167 1892 cinere

580 1930 764 1983 vitulae
796 1929 1223 1994 mundabantur,
1261 1931 1335 1983 ita
1367 1939 1421 1984 et
1449 1945 1598 1984 nunc
1635 1928 1907 2000 sanguine
1933 1929 2164 1994 Christi,

583 2022 674 2092 qui
708 2020 1086 2076 testimonium
1120 2019 1359 2076 reddidit
1412 2022 1514 2076 sub
1542 2020 1740 2076 Pontio
1769 2020 1969 2090 Pilato,
2001 2037 2169 2093 seque

585 2121 888 2182 martyrum
946 2111 1222 2182 primitias
1253 2110 1449 2164 obtulit
1499 2130 1511 2165 :
1563 2112 1811 2182 itemque
1849 2121 2166 2170 sanctorum

586 2203 880 2272 sanguine,
928 2217 1096 2272 supra
1137 2216 1278 2271 quos
1335 2201 1602 2256 aediﬁcata
1639 2212 1726 2258 est
1785 2203 2051 2260 Ecclesia.
2091 2207 2170 2260 Ac

587 2304 719 2348 tunc
770 2293 994 2363 quidem
1031 2307 1214 2347 rerum
1270 2293 1484 2347 ratione
1527 2293 1836 2349 carentium
1890 2293 2084 2352 formis
2116 2305 2171 2350 et

589 2385 775 2456 ﬁguris
805 2383 898 2439 Dei
936 2383 1198 2452 templum
1229 2382 1560 2448 ornabatur;
1597 2399 1744 2438 nunc
1775 2400 1904 2439 vero
1937 2394 2168 2442 sancto-

588 2493 709 2532 rum
745 2477 1101 2548 imaginibus,
1137 2477 1231 2545 qui
1271 2477 1488 2546 seipsos
1524 2477 1765 2531 animata
1807 2491 1872 2533 ac
1924 2479 2171 2533 rationa-

587 2572 722 2626 bilia
754 2569 850 2626 Dei
879 2571 1084 2640 templa
1111 2569 1540 2624 constituerunt.

659 2661 749 2714 2|.
785 2660 1056 2726 Quocirca
1085 2659 1370 2714 Christum
1393 2673 1574 2729 regem
1604 2665 1658 2712 et
1682 2656 1972 2712 Dominum
1995 2659 2174 2717 oculis

591 2753 667 2808 ita
683 2752 1036 2824 subjicimus,
1055 2759 1114 2806 ut
1135 2766 1235 2806 nec
1260 2765 1362 2806 suo
1387 2752 1686 2819 spoliemus
1705 2751 1881 2821 ipsum
1901 2753 2169 2806 exercitu.

592 2845 726 2900 Nam
749 2846 1024 2901 exercitus
1049 2844 1268 2900 Domini
1297 2853 1427 2900 sunt
1447 2844 1646 2899 sancti.
1669 2842 1983 2900 Exercitum
2011 2861 2172 2900 suum

593 2937 837 2992 dimittat
877 2938 1032 3004 prius
1092 2936 1394 3006 imperator
1450 2944 1729 3001 terrenus,
1777 2951 1940 3006 quam
1983 2952 2170 3007 regem

2255 641 2505 711 φοίνικας
2543 638 2622 709 τῷ
2652 637 2908 710 ἐσωτέρω
2940 635 3302 707 κα“ιὲξωτὲρῳ
3327 651 3341 664 ·
3384 636 3479 689 καὶ¹
3530 638 3631 690 οὐκ
3685 634 3844 692 εἶπεν

2255 733 2320 788 ὲκ
2355 731 2620 800 πλαγίων,
2669 729 2805 784 ἀλλὰ
2828 730 3029 796 κύκλῳ
3053 742 3068 757 ⁶
3123 727 3220 780 κοιλ⁴
3271 727 3420 797 βόας,
3453 727 3548 781 καὶ
3594 727 3841 792 λέοντας,

2256 826 2350 880 καὶ
2382 825 2653 896 ῥοΐσκους.
2683 821 2760 876 06
2793 820 2972 893 πολλῷ
2998 815 3092 875 οῦν
3119 819 3443 892 τιμιώτερον
3477 822 3686 884 πάντας
3714 822 3844 885 τοὺς

2256 919 2471 988 τοίχους
2501 915 2655 970 οῐκου
2692 914 2902 986 Κυρίου
2935 913 3212 985 κοσμῆσαι
3239 913 3412 982 ἁγίων
3455 917 3689 984 μορφαῖς
3746 917 3846 970 καὶ

2260 1009 2656 1080 είκονίσμασιν,
2709 1009 2853 1080 ἢπερ
2897 1005 3109 1076 ἀλόγων
3137 1006 3231 1059 καὶ
3259 1007 3527 1076 δένδρων;
3570 1007 3673 1061 ποῦ
3703 1009 3732 1060 6
3766 1008 3845 1062 δῖ-

2261 1102 2541 1172 αγορεύων
2593 1101 2759 1172 νόμος
2792 1117 2807 1131 °
2853 1118 2873 1152 ι
2907 1100 2988 1153 Οὐ
3045 1099 3322 1165 ποιήσεις
3348 1097 3474 1154 πᾶν
3497 1101 3790 1168 ὀμοίωμα;
3819 1121 3837 1152 ι

2261 1195 2426 1248 Ἀλλά
2453 1193 2646 1262 σοφίας
2676 1193 2833 1264 χύσιν
2857 1190 3152 1263 δεξάμενος
3177 1191 3454 1262 Σολομὼν,
3481 1191 3715 1264 οὐρανὸν
3762 1196 3845 1246 εί-

2263 1288 2516 1354 κονίζων,
2539 1286 2764 1357 ἐποίησε
2785 1285 3092 1358 Χερουῦὶμ,
3129 1284 3224 1338 καὶ
3273 1283 3528 1350 λεόντων,
3573 1285 3669 1338 καὶ
3705 1285 3846 1358 ﬁeri!)

2263 1347 2628 1452 όμοιίὺματα·
2663 1347 2819 1433 τοῦτο
2867 1347 2930 1431 δὲ
2975 1347 3313 1448 ἀπαγορεύει
3358 1378 3388 1430 6
3443 1347 3630 1444 νόμος.
3684 1347 3748 1431 Ῑὲί
3787 1347 3847 1431 δὲ

2265 1473 2425 1544 ἡμεῖς
2483 1470 2720 1541 Χριστὸν
2762 1470 3142 1535 είκονίξοντες,
3186 1468 3279 1523 καὶ
3322 1469 3588 1540 ποιοῦμεν
3639 1469 3715 1523 τὰ
3737 1470 3848 1522 τῶν

2267 1564 2438 1634 ἁγίων
2461 1563 2842 1634 είκονίσματα,
2869 1563 2970 1614 οὐκ
2997 1561 3107 1632 ἄρα
3132 1560 3288 1614 τοῦτο
3344 1561 3560 1625 πάντως
3611 1562 3850 1616 εὐσεϐέ-

2269 1675 2480 1730 στερον,
2528 1657 2611 1710 ὅτι
2659 1657 2754 1710 καὶ
2809 1654 3126 1725 Πνεύματος
3190 1655 3345 1724 ἁγίου
3405 1657 3510 1708 εἰσὶ
3545 1657 3850 1728 πεπληρω-

2268 1749 2443 1820 μένα;
2471 1749 2683 1818 Ὥσπερ
2712 1747 2822 1818 γὰρ
2853 1747 2975 1800 τότε
3009 1747 3201 1817 αἵματι
3239 1746 3492 1816 ἡγνίζετο
3515 1749 3542 1800 6
3589 1747 3719 1810 λαός
3765 1765 3847 1813 τε,

2265 1844 2358 1896 καὶ
2403 1845 2432 1896 ό
2483 1843 2630 1909 ναὸς,
2682 1843 2775 1895 καὶ
2827 1841 3009 1911 σποδῷ
3065 1841 3387 1910 δαμάλεως,
3444 1841 3587 1894 οὕτω
3628 1842 3721 1895 καὶ
3752 1841 3851 1895 νῦν

2264 1934 2504 2006 Χριστοῦ
2529 1935 2744 2006 αἵματι,
2782 1934 3232 2004 μαρτυρήσαντος
3264 1933 3359 1985 ἐπὶ
3404 1933 3630 1986 Ποντίου
3688 1933 3850 1987 Πιλά-

2266 2046 2382 2095 του,
2414 2029 2510 2082 καὶ
2545 2027 2737 2081 ἑαυτὸν
2759 2027 3017 2097 ἀπαρχὴν
3062 2026 3171 2078 τῶν
3211 2025 3507 2097 μαρτύρων
3550 2025 3845 2092 δείξαντος,

2267 2119 2346 2175 ἔτι
2373 2121 2429 2175 δὲ
2449 2122 2545 2184 κα).
2576 2118 2654 2190 τῷ
2681 2117 2789 2173 τῶν
2826 2119 2996 2188 ἁγίων
3020 2117 3237 2188 αἵματι,
3267 2117 3350 2186 ἐφ’
3377 2111 3452 2171 ὧν
3477 2120 3510 2187 ἡ
3550 2117 3848 2186 Ἐκκλησία

2267 2214 2650 2284 οἰκοδομεῖται.
2692 2213 2805 2265 Καὶ
2826 2212 2950 2265 τότε
2980 2211 3100 2282 μὲν,
3157 2214 3396 2282 μορφαῖς
3443 2228 3501 2264 τε
3538 2213 3632 2264 καὶ
3681 2211 3849 2263 ἐκτυ-

2269 2305 2525 2375 πώμασιν
2548 2305 2756 2375 ἀλόγων
2777 2305 3076 2376 ἐμψύχους,
3111 2304 3207 2357 καὶ
3237 2304 3488 2372 λογικοὺς
3525 2304 3683 2368 ναοὺς
3720 2303 3852 2356 ἑαυ-

2269 2399 2396 2461 τοὺς
2429 2399 2510 2462 είς
2530 2399 2952 2470 κατοικητήριον
2981 2395 3116 2450 Θεοῦ
3159 2395 3668 2450 κατεσκευακότων.

2342 2666 2450 2720 κα’.
2493 2665 2837 2736 Ἰστοροῦμεν
2859 2656 2954 2717 οῦν
2985 2661 3222 2734 Χριστὸν
3249 2661 3342 2714 τὸν
3369 2659 3595 2732 βασιλέα
3620 2660 3718 2714 καὶ
3739 2661 3853 2714 K6-

2275 2775 2410 2830 ριον,
2438 2757 2498 2810 οὐ
2522 2755 2857 2826 γυμνοῦντες
2883 2754 3048 2808 αὐτὸν
3081 2749 3176 2808 τοῦ
3205 2753 3639 2826 στρατεύματος.
3674 2754 3851 2824 Στρα-

2272 2851 2362 2914 τδς
2412 2849 2522 2920 γὰρ
2559 2848 2654 2902 τοῦ
2700 2847 2907 2917 Κυρίου
2951 2847 3002 2899 οἱ
3049 2845 3219 2914 ἅγιοι.
3261 2845 3609 2916 Γυμνωσάτω
3659 2845 3850 2898 ἑαυτὸν

2273 2938 2368 2994 τοῦ
2402 2939 2606 2993 οἰκείου
2632 2937 3039 3008 στρατεύματος
3082 2939 3110 2991 6
3139 2937 3379 3006 ἐπίγειος
3433 2935 3710 3006 βασιλεὺς,
3758 2938 3849 2989 καὶ

595 3045 754 3087 suum
775 3045 837 3085 ac
868 3027 1159 3083 Dominum
1195 3028 1437 3098 spoliare
1477 3027 1699 3082 audeat.
1733 3025 2042 3097 Purpuram
2073 3028 2168 3084 de-

2277 3034 2402 3087 τότε
2431 3032 2522 3086 τὸν
2544 3029 2741 3086 ἑαυτοῦ
2784 3030 3011 3101 βασιλέα
3038 3029 3134 3084 καὶ
3154 3029 3374 3102 Κύριον.
3410 3029 3730 3085 ῑΔποθέσθω
3755 3030 3851 3099 τὴν

597 3128 782 3192 ponat,
805 3127 919 3174 tum
935 3133 1126 3174 eorum
1145 3119 1240 3188 qui
1268 3133 1391 3173 cum
1419 3124 1652 3188 tyranno
1673 3127 1898 3172 strenue
1919 3117 2179 3174 conﬂixe-

597 3222 746 3276 runt,
775 3207 1174 3277 aﬂ‘ectibusque
1208 3207 1327 3263 suis
1363 3208 1732 3278 imperarunt,
1764 3209 2178 3264 venerationem

598 3299 829 3355 adimat.
859 3299 916 3354 Si
953 3300 1102 3354 enim
1137 3299 1382 3354 haeredes
1414 3297 1529 3363 Dei,
1571 3299 1890 3355 coheredes
1929 3299 2180 3370 proiecto

597 3391 804 3447 Christi
827 3391 895 3458 ⁸³,
930 3405 1147 3445 necnon
1185 3387 1282 3444 Dei
1332 3389 1527 3460 gloriae
1587 3405 1653 3446 ac
1697 3389 1851 3461 regni
1890 3399 2179 3447 consortes

601 3490 729 3537 sunt
761 3481 954 3546 futuri,
979 3490 1171 3552 utpote
1192 3480 1284 3550 qui
1313 3481 1674 3551 passionibus
1699 3481 1906 3537 Christi
1932 3498 2182 3536 commu-

602 3574 949 3627 nicaverunt.
983 3573 1128 3639 Quid
1183 3581 1334 3629 vetat
1389 3574 1689 3644 Quominus
1735 3575 1898 3630 amici
1945 3573 2177 3643 Christi,

604 3666 775 3736 ipsius
798 3666 855 3720 in
881 3675 1029 3721 terra
1051 3667 1241 3738 gloriae
1265 3669 1567 3739 participes
1597 3669 1770 3724 ﬁant?
1804 3688 1821 3721 ι
1854 3669 1973 3725 Non
2001 3670 2179 3725 dicam

604 3773 699 3812 vos
736 3773 948 3824 servos,
1017 3759 1196 3829 inquit
1251 3759 1397 3817 Deus
1443 3763 1509 3828 “,
1556 3763 1652 3817 sed
1715 3762 1946 3819 amicos.
1976 3792 2048 3802 —
2075 3760 2182 3817 Vos

606 3850 765 3903 amici
799 3852 903 3906 mei
930 3852 1068 3908 estis
1088 3853 1153 3908 ⁸⁸.
1188 3873 1206 3906 ι
1233 3855 1402 3910 Hisne
1429 3855 1649 3910 tandem
1676 3870 1835 3910 suum
1859 3855 2181 3926 negabimus

607 3943 893 4006 honorem,
914 3959 1078 4013 quem
1103 3949 1378 4002 concessit
1397 3948 1534 4017 ipsis
1563 3946 1838 4002 Ecclesia?
1859 3946 1903 4002 Ο
1920 3946 2180 4001 audacem

607 4035 864 4086 manuml
907 4034 949 4086 Ο
1003 4037 1356 4090 temerariam
1417 4045 1685 4104 mentem,
1736 4053 1860 4107 quae
1913 4053 2038 4094 cum
2075 4036 2184 4094 Deo

605 4123 908 4190 contendit,
928 4125 1352 4196 ejusquejussis
1370 4129 1729 4184 adversatur!
1757 4128 1836 4183 Tu
1867 4131 1961 4201 qui
1992 4131 2184 4203 imagi-

605 4232 730 4270 nem
755 4216 985 4272 adorare
1008 4217 1216 4285 renuis,
1241 4234 1308 4273 ne
1326 4218 1422 4273 Dei
1447 4219 1666 4288 quidem
1688 4219 1887 4274 Filium
1919 4221 2182 4286 colueris,

607 4309 700 4378 qui
733 4309 924 4365 vivens
977 4308 1159 4382 imago
1205 4317 1290 4367 est
1325 4310 1415 4367 Dei
1448 4312 1749 4369 invisibilis
1776 4314 1844 4379 ⁶⁶,
1879 4313 2183 4368 invariabi-

610 4399 786 4469 lisque
817 4400 1101 4456 character
1126 4402 1192 4457 ⁸⁷.
1226 4400 1524 4474 Imaginem
1556 4401 1761 4459 Christi
1795 4403 1987 4472 adoro,
2020 4411 2184 4475 prout

611 4492 754 4547 Deus
779 4502 862 4548 est
893 4493 1211 4552 incarnatus
1257 4512 1270 4548 :
1313 4496 1563 4568 Deiparze
1610 4498 1743 4553 item
1796 4498 2043 4554 omnium
2080 4497 2189 4554 Do-

611 4584 793 4645 minae,
826 4592 884 4637 ut
913 4601 1032 4654 quae
1058 4588 1328 4642 incarnati
1357 4587 1452 4644 Dei
1497 4588 1668 4644 Mater
1698 4597 1784 4647 est
1815 4608 1828 4646 :
1863 4599 2187 4646 sanctorum

612 4689 834 4743 quoque
882 4676 976 4744 qui
1017 4678 1178 4733 amici
1227 4678 1320 4733 Dei
1367 4686 1528 4745 sunt,
1570 4681 1774 4751 quique
1802 4681 1870 4736 ad
1902 4682 2190 4753 sanguinis

612 4763 940 4819 etTusionem
972 4782 1144 4836 usque
1171 4777 1400 4838 peccato
1454 4771 1810 4838 restiterunt,
1857 4782 1913 4828 et
1963 4773 2188 4842 sangui-

615 4867 736 4906 nem
781 4869 880 4922 pro
921 4854 1142 4912 Christo
1192 4857 1504 4926 fundentes,
1555 4863 1734 4932 ipsum
1786 4863 1984 4918 imitati
2027 4871 2180 4929 sunt,

616 4941 707 5010 qui
737 4943 1015 5011 proprium
1038 4948 1359 5017 sanguinem
1393 4951 1638 5021 ipsorum
1668 4968 1835 5009 causa
1870 4955 2021 5024 prior
2050 4955 2185 5010 εσυ-

613 5033 802 5101 derat;
837 5035 998 5106 317
1028 5053 1216 5093 eorum
1258 5040 1476 5098 demum
1511 5045 1604 5114 qui
1633 5045 1841 5099 Christi
1873 5054 2188 5116 prementes

615 5127 868 5198 vestigia,
917 5129 985 5183 ad
1027 5145 1090 5184 ea
1140 5131 1308 5187 vitam
1346 5150 1502 5189 suam
1555 5137 1939 5193 instituerunt.
1971 5138 2184 5194 Horum

617 5219 881 5291 praeclare
913 5230 1063 5292 gesta
1107 5224 1497 5298 cruciatusque
1526 5229 1758 5299 picturis
1789 5245 2083 5299 expressa,
2118 5232 2189 5288 ob

615 5313 807 5368 oculos
849 5328 1003 5370 meos
1033 5331 1202 5385 pono,
1235 5333 1331 5388 per
1365 5335 1487 5390 quae
1519 5333 1747 5378 sanctus
1781 5323 1976 5387 evado,
2010 5333 2179 5395 atque

615 5403 867 5459 imitandi
915 5407 1098 5464 studio
1146 5410 1461 5468 inardesco.
1504 5411 1642 5468 Nam
1685 5415 1778 5484 qui
1814 5413 2043 5484 imagini
2086 5414 2186 5468 lia-

708 5583 752 5616 ⁶¹
778 5585 818 5639 ll
862 5588 993 5658 Reg.
1032 5605 1107 5654 vr,
1155 5589 1246 5656 '25,
1280 5592 1372 5648 29.

620 5649 754 5707 loss.
787 5670 828 5721 ι,
871 5649 1162 5723 15;!lebr.
1198 5649 1318 5729 1,”5.

1477 5595 1521 5626 ⁶²
1561 5593 1723 5650 Deut.
1777 5609 1852 5662 tv,
1907 5595 1994 5652 16.
2073 5596 2306 5657 “Rom.
2359 5616 2480 5667 vni,
2514 5601 2598 5656 17.
2677 5599 2908 5667 “Joan,
2948 5614 3041 5665 xv,
3087 5596 3171 5652 15.

2279 3123 2595 3195 ἁλουργίδα,
2623 3123 2718 3176 καὶ
2741 3121 2865 3175 τότε
2885 3120 2994 3174 τῶν
3024 3122 3166 3175 κατά
3187 3121 3281 3174 τοῦ
3306 3122 3573 3191 τυράννου
3599 3122 3853 3192 ἀριστευ-

2282 3215 2490 3269 σάντων
2515 3252 2533 3280 ,
2568 3214 2664 3267 καὶ
2700 3212 3135 3283 βασιλευσάντων
3173 3211 3282 3266 τῶν
3325 3212 3521 3264 παθῶν
3573 3213 3638 3265 τὸ
3689 3211 3854 3274 σέϐας

2281 3303 2662 3374 περιαιρείτω.
2690 3303 2755 3356 Et
2796 3301 2904 3372 γὰρ
2930 3301 3253 3373 κληρονόμοι
3283 3300 3446 3366 Θεοῦ,
3481 3303 3581 3356 καὶ
3614 3302 3853 3373 συγκληο

2283 3396 2502 3469 ρονόμοι
2535 3394 2795 3465 Χριστοῦ,
2835 3395 3050 3464 καὶτῆς
3078 3391 3224 3456 Θείας
3253 3390 3415 3463 δόξης
3441 3396 3542 3448 καὶ
3578 3394 3857 3464 βασιλείας

2281 3489 2530 3544 κοινωνοὶ
2562 3488 2806 3553 ἔσονται,
2853 3484 2964 3540 τῶν
2995 3484 3338 3556 παθημάτων
3367 3486 3608 3559 Χριστοῦ
3661 3505 3856 3541 κοινω-

2281 3584 2573 3652 νήσαντες⁸
2611 3579 2729 3642 πῶς
2758 3578 2881 3648 οὐχὶ
2912 3579 3007 3631 καὶ
3035 3577 3135 3647 τῆς
3181 3576 3276 3629 ἐπὶ
3306 3578 3414 3647 γῆς
3448 3578 3605 3647 δόξης
3638 3579 3856 3649 συμμέ-

2281 3689 2431 3741 τοχοι
2460 3669 2893 3742 χρηματίσουσιν
2934 3669 2987 3721 οἱ
3031 3669 3176 3738 φίλοι
3206 3669 3488 3738 Χριστοῦ;
3525 3686 3544 3720 t
3589 3671 3665 3722 Οὐ
3710 3669 3860 3738 λέγω

2283 3766 2426 3835 ὑμᾶς
2456 3764 2699 3829 δούλους,
2725 3763 2892 3834 φησὶν
2919 3764 2947 3814 ὁ
2967 3762 3100 3826 Θεός
3127 3780 3141 3793 θ
3173 3763 3334 3832 ὑμεῖς
3360 3763 3500 3827 φίλοι
3524 3779 3626 3830 μου
3649 3763 3800 3817 ἐστέ.
3832 3783 3853 3815 ι

2283 3856 2396 3926 Τῆς
2443 3851 2538 3910 οὖν
2580 3855 2876 3926 δεδομένης
2931 3855 3118 3917 αὐτοῖς
3159 3854 3308 3926 παρὰ
3353 3854 3451 3922 τῆς
3514 3853 3859 3921 Ἐκκλησίας

2282 3949 2473 4020 τιμῆς,
2513 3947 2909 4019 ὰπαμφιοῦμεν
2945 3946 3187 4012 αύτούς;
3221 3948 3282 3999 Ὦ
3318 3944 3566 4016 θρασείας
3613 3946 3853 4015 χειρόςί

2283 4041 2330 4096 ὣ
2365 4042 2648 4111 τολμηρᾶς
2673 4039 2898 4110 γνώμης
2919 4079 2934 4103 ,
2980 4037 3368 4109 ἀντεριξούσης
3395 4037 3513 4108 Θεῷ
3539 4077 3554 4101 ,
3599 4037 3698 4091 καὶ
3737 4041 3863 4101 τοῖς

2284 4129 2451 4183 αὐτοῦ
2485 4127 2959 4201 ἀντιπραττούσης
2992 4130 3416 4198 προστάγμασιν
3445 4127 3459 4179 ί
3495 4126 3568 4178 Οὐ
3607 4143 3860 4197 προσκυ-

2285 4223 2396 4286 νεῖς
2441 4209 2644 4287 εῖκόνι,
2692 4221 2826 4292 μηδὲ
2867 4220 2947 4292 τῷ
2983 4221 3097 4290 Υίῷ
3124 4220 3220 4273 τοῦ
3261 4220 3399 4272 Θεοῦ
3432 4219 3732 4288 προσκύνει
3754 4259 3770 4284 ,
3801 4221 3862 4284 ὃς

2289 4313 2438 4367 ἐστιν
2473 4312 2636 4366 εἰκὼν
2670 4311 2763 4365 τοῦ
2795 4311 3030 4382 ἀοράτου
3061 4310 3196 4364 Θεοῦ
3231 4309 3405 4376 ζῶσα,
3449 4312 3544 4364 καὶ
3573 4310 3861 4381 χαρακτὴρ

2290 4405 2732 4477 ἀπαράλλακτος.
2778 4402 3081 4475 Προσκυνῶ
3129 4403 3369 4474 Χριστοῦ
3409 4404 3610 4468 εικόνι,
3645 4403 3722 4466 ὡς
3773 4420 3864 4455 σε-

2289 4497 2648 4570 σαρκωμένου
2679 4495 2814 4550 Θεοῦ
2839 4512 2850 4524 ·
2890 4497 2989 4566 τῆς
3017 4495 3317 4566 Δεσποίνης
3348 4495 3458 4548 τῶν
3480 4495 3736 4549 ἁπάντων
3765 4494 3866 4564 τῆς

2289 4588 2554 4642 Θεοτόκου
2583 4628 2597 4652 ,
2654 4583 2742 4640 οἷα
2795 4587 3020 4658 Μητρὸς
3066 4586 3160 4638 τοῦ
3202 4584 3336 4638 Υἰοῦ
3384 4584 3479 4638 τοῦ
3527 4583 3704 4637 Θεοῦ’
3756 4584 3865 4636 τῶν

2291 4682 2464 4749 ἁγίων
2484 4721 2499 4746 ,
2548 4680 2625 4744 ὡς
2657 4680 2825 4750 φίλων
2854 4678 2989 4732 Θεοῦ
3015 4719 3030 4744 ,
3073 4678 3183 4730 τῶν
3235 4678 3399 4749 μέχρι
3454 4678 3687 4747 αἵματος
3718 4676 3869 4728 ἀντι-

2291 4773 2680 4828 καταστάντων
2747 4771 2884 4841 προς
2953 4770 3050 4841 τὴν
3098 4769 3418 4841 ἁμαρτίαν,
3474 4768 3570 4821 καὶ
3634 4767 3867 4836 Χριστὸν

2295 4865 2692 4938 μιμησαμένων
2724 4865 2790 4934 τῇ
2822 4863 2963 4935 ὑπὲρ
3012 4861 3176 4915 αὑτοῦ
3207 4861 3428 4932 ἐκχύσει
3483 4859 3580 4914 τοῦ
3615 4860 3867 4930 αἵματος,

2292 4957 2387 5011 τοῦ
2440 4957 2501 5009 τὸ
2557 4958 2760 5009 οίκεῖον
2817 4948 2959 5026 αἷμα
3011 4954 3152 5023 ὑπὲρ
3203 4953 3383 5006 αὐτῶν
3431 4951 3867 5023 πφεκχέαντοςο

2296 5050 2388 5104 καὶ
2417 5049 2526 5103 τῶν
2558 5047 2678 5102 κατ’
2726 5047 2874 5119 ἴχνος
2905 5046 3071 5100 αὐτοῦ
3103 5044 3590 5116 πολιτευσαμένων
3615 5085 3628 5106 ,
3661 5044 3872 5096 τούτων

2292 5143 2393 5205 τὰς
2419 5141 2701 5212 ἀριστείας
2733 5141 2826 5195 καὶ
2856 5139 2924 5195 τὰ
2955 5141 3101 5210 πάθη
3133 5139 3522 5210 ἀναγράπτους
3544 5137 3873 5206 καθίστημι,

2294 5232 2369 5297 ὡς
2411 5232 2478 5284 δι’
2521 5230 2702 5284 αὐτῶν
2747 5231 3147 5301 ἀγιαζόμενος,
3187 5230 3283 5283 καὶ
3331 5230 3470 5299 πρὸς
3501 5229 3668 5299 ζῆλον
3700 5231 3873 5297 μιμη-

2299 5340 2436 5386 σεως
2484 5322 2862 5392 ἀλειφόμενος.
2909 5323 2974 5375 Ἦ
3006 5324 3114 5394 γὰρ
3157 5323 3254 5392 τῆς
3297 5322 3506 5382 εἰκόνος
3554 5321 3692 5391 τιμὴ
3742 5319 3878 5390 πρὸς

2299 5417 2358 5469 τὸ
2389 5413 2748 5484 πρωτότυπον
2778 5414 3076 5483 διαϐαίνει,
3121 5414 3286 5486 φησὶν
3326 5417 3354 5466 ὁ
3384 5413 3526 5476 θεῖος
3571 5412 3875 5474 Βασίλειος.

3269 5594 3312 5626 ⁸⁸
3347 5593 3482 5650 ibid.
3528 5593 3614 5650 15.
3695 5591 3744 5624 “
3774 5587 3878 5643 Co-
