4074 6146
330 277 468 344 1253
1424 272 1522 331 DE
1563 267 1892 329 IMAGINI]

1995 267 2020 326 Ξ
2054 264 2336 325 ORATIO
2377 264 2426 325 Ι.
3428 260 3560 328 1254

330 390 393 445 Et
424 388 584 449 ναοὺς
608 384 840 455 ὲγείρεις
862 383 1035 452 ἁγίοις
1064 382 1221 446 Θεοῦ,
1256 382 1352 435 καὶ
1381 383 1448 436 τὰ
1478 380 1684 433 τούτων
1715 379 1892 448 ἔγειρε

2001 377 2162 430 betur
2204 377 2401 443 honor,
2454 375 2519 428 ad
2561 390 2685 429 eum
2720 374 2974 441 refertur,
3027 375 3187 444 cujus
3226 383 3312 432 est
3358 377 3561 446 imago.

325 483 594 551 τρόπαια,
645 478 758 531 Οὐκ
805 477 1057 547 ὴγείρετο
1102 477 1273 530 πάλαι
1303 475 1429 536 ναὸς
1469 473 1556 526 ἐπ’
1586 471 1892 542 ἀνθρώπων

1998 468 2181 539 inquit
2213 469 2455 524 Basilius
2484 469 2551 521 ⁸⁸.
2595 467 2655 522 Si
2699 469 2904 540 templa
2932 469 3140 524 sanctis
3173 468 3440 534 exstruis,
3471 484 3566 523 eo-

325 572 578 639 ὀνόματι,
611 569 709 636 οὐχ
741 567 1027 637 ἑορτάζετο
1054 565 1160 620 τῶν
1188 565 1410 619 δικαίων
1437 565 1465 617 6
1495 563 1745 627 θάνατος,
1775 562 1890 616 ἀλλ’

325 658 626 713 ὲπενθεῖτο.
672 658 730 711 '0
759 658 1063 728 ἁπτόμενος
1101 655 1328 725 νεκροῦ,
1377 653 1684 724 ἀκάθαρτος
1713 653 1890 720 ἐλογί-

323 751 471 814 ζετο,
505 750 601 803 καὶ
628 750 908 812 Μωῦσέως
951 747 1138 801 αὐτοῦ.
1198 748 1312 800 Νῦν
1350 746 1406 799 δὲ
1435 747 1543 799 τῶν
1575 745 1745 812 ἁγίων
1775 745 1894 814 ἐορ-

323 841 548 906 τάζεται
597 842 666 895 τὰ
709 841 1052 912 μνημόσυνα.
1122 837 1429 908 Ἐπενθήθη
1477 839 1507 890 6
1557 837 1752 907 νεκρὸς
1795 835 1891 889 τοῦ

339 932 567 996 Ἰακὼϐ,
618 932 735 986 ἀλλ’
781 934 810 984 6
853 929 1129 998 Στεφάνου
1161 928 1593 998 πανηγυρίξεται
1641 927 1886 986 θάνατος.

331 1025 402 1076 Ἢ
430 1023 612 1076 τοίνυν
643 1023 738 1076 καὶ
767 1022 865 1086 τάς
908 1021 1288 1092 πανηγυρικὰς
1333 1019 1553 1088 μνήμας
1580 1017 1692 1071 τῶν
1720 1015 1892 1084 ἁγίων

323 1115 511 1182 ἄνελε,
563 1115 717 1186 παρά
754 1114 848 1168 τὸν
897 1113 1131 1168 παλαιὸν
1173 1114 1338 1184 νόμον
1367 1112 1670 1183 ἀγομένας,
1713 1109 1746 1178 ἢ
1796 1106 1892 1159 καὶ

323 1208 422 1270 τὰς
450 1205 702 1268 εἰκόνας,
731 1205 882 1276 παρὰ
911 1205 1002 1258 τὸν
1031 1203 1196 1275 νόμον
1218 1244 1234 1271 ,
1263 1204 1338 1266 ὡς
1368 1203 1504 1273 φὴς,
1535 1199 1730 1263 οῦσας,
1765 1212 1892 1263 συγ-

323 1298 596 1370 χώρησον.
661 1298 800 1352 ’Δλλ’
857 1300 1137 1369 ἀμήχανον
1197 1299 1272 1369 μὴ
1332 1294 1614 1367 ἑορτάξειν
1669 1294 1739 1346 τά
1784 1289 1918 1343 τῶν’

326 1391 496 1456 ἁγίων
522 1390 864 1460 μνημόσυνα.
901 1390 958 1442 '0
981 1389 1086 1458 γάρ
1113 1387 1222 1441 τῶν
1253 1388 1423 1456 ἁγίων
1451 1383 1766 1438 ἀποστόλων
1797 1379 1892 1433 καὶ

325 1478 599 1549 θεοφόρων
649 1479 911 1549 Πατέρων
941 1478 1101 1548 χορὸς
1124 1516 1140 1541 ,
1186 1475 1360 1529 ταῦτα
1389 1473 1712 1544 προστάττει
1743 1469 1890 1538 γίνε-

326 1570 470 1622 σθαι.
529 1569 647 1638 Ἀφ’
703 1564 765 1622 οὗ
815 1569 925 1639 γάρ
980 1571 1008 1621 6
1046 1568 1176 1630 Θεὸς
1232 1566 1405 1634 Λόγος
1461 1563 1597 1634 σάρξ
1653 1563 1888 1630 ἐγένετο,

325 1660 614 1729 όμοιωθεὶς
658 1661 794 1730 ἡμῖν
834 1660 977 1712 κατὰ
1028 1659 1207 1712 πάντα
1246 1659 1416 1728 χωρὶς
1461 1654 1764 1724 ἁμαρτίας,
1797 1652 1893 1705 καὶ

1997 573 2122 612 rum
2165 573 2386 628 quoque
2421 568 2628 629 trepaza
2676 560 2846 629 erige.
2898 560 3112 614 Nullum
3145 560 3277 614 olim
3322 559 3568 628 cujusvis

1997 651 2282 706 hominum
2311 653 2534 708 nomine
2562 653 2826 722 templum
2853 653 3182 723 erigebatur,
3211 667 3386 722 neque
3416 666 3566 707 mors

1994 745 2271 814 just-orum
2301 745 2408 800 ulla
2445 745 3153 800 festivitatecelebrabatur:
3179 745 3312 814 quin
3345 745 3568 814 plange-

1998 837 2162 892 batur
2192 837 2402 905 potius.
2453 835 2558 902 Qui
2605 843 2885 890 mortuum
2926 837 3218 906 tetigisset,
3253 837 3300 890 is
3327 837 3566 889 immun-

1995 934 2103 988 dus
2143 933 2470 996 habebatur,
2521 941 2573 986 et
2625 932 2673 986 si
2706 933 2788 986 vel
2819 932 2997 1001 ipsum
3039 933 3276 1002 Moysem
3308 932 3375 986 ⁶⁹.
3413 930 3567 986 Nunc

1998 1031 2181 1078 autem
2216 1032 2542 1078 sanctorum
2582 1023 2880 1078 memorias
2925 1023 3138 1078 festivis
3179 1025 3566 1094 prosequimur

1997 1113 2320 1169 honoribus.
2349 1113 2520 1170 Jacob
2567 1124 2847 1168 mortuum
2898 1115 3232 1184 planxerunt
3262 1113 3304 1146 "°
3333 1129 3347 1166 :
3374 1115 3564 1170 obitus

1997 1220 2128 1260 vero
2160 1204 2422 1274 Stephani
2459 1205 2690 1260 solemni
2717 1204 2862 1274 apud
2888 1220 2988 1260 nos
3021 1220 3300 1262 concursu
3329 1206 3565 1261 celebris

1996 1305 2102 1351 est.
2160 1297 2272 1350 Aut
2321 1297 2492 1367 igitur
2547 1298 2824 1354 solemnes
2891 1307 3208 1353 sanctorum
3265 1298 3564 1353 memorias

1995 1397 2195 1458 praeter
2238 1388 2439 1442 veteris
2491 1387 2626 1458 legis
2681 1389 3069 1459 praescriptum
3116 1398 3365 1458 receptas
3418 1389 3564 1456 tolle,

1998 1487 2090 1534 aut
2125 1480 2343 1534 illorum
2387 1479 2676 1550 imagines,
2715 1496 2853 1551 quas
2890 1491 3083 1536 contra
3135 1482 3275 1551 legis
3319 1490 3566 1536 tenorem

1996 1573 2283 1628 confectas
2327 1571 2554 1635 asseris,
2607 1571 2796 1626 haberi
2862 1571 3140 1641 permitte.
3198 1572 3399 1627 Verum
3450 1572 3567 1627 ﬁeri

1999 1675 2342 1731 nequaquam
2393 1669 2592 1731 potest,
2639 1670 2698 1715 ut
2752 1671 3069 1716 sanctorum
3117 1664 3394 1718 memoriae
3422 1664 3566 1718 cele-

325 1750 646 1820 ἀσυγχύτως
693 1750 900 1820 ἐκράθη
947 1751 1083 1820 πρὸς
1125 1749 1186 1801 τὸ
1217 1748 1520 1819 ἡμέτερον,
1570 1745 1665 1797 καὶ
1696 1745 1892 1814 ἀμετα-

1995 1754 2196 1809 britate
2225 1767 2325 1808 sua
2347 1764 2571 1808 careant
2603 1769 2616 1806 :
2656 1753 2860 1823 quippe
2899 1769 3038 1822 quas
3077 1763 3308 1808 sanctus
3347 1765 3566 1824 aposto-

325 1840 536 1910 ϐλήτως
565 1840 664 1910 τὴν
696 1841 874 1910 σάρκα
902 1840 1127 1904 ὲΟέωσε,
1159 1839 1248 1891 διὰ
1276 1836 1377 1907 τῆς
1409 1840 1466 1890 ὲν
1503 1836 1764 1906 ἀλλήλαις
1794 1835 1891 1903 τῆς

324 1930 489 1984 αὐτοῦ
521 1929 812 2001 θεότητος,
859 1930 955 1983 καὶ
1000 1929 1098 2001 τῆς
1149 1930 1314 1983 αὐτοῦ
1349 1927 1552 1999 σαρκὸς
1582 1923 1891 1994 άσυγχύτου

325 2023 774 2093 παραχωρήσεως
795 2033 841 2084 θ,
888 2021 1059 2084 ὅντως
1107 2019 1443 2091 ήγιάσμεθα.
1497 2018 1605 2071 Καὶ
1652 2018 1744 2084 ἀφ’
1776 2009 1836 2068 οὗ
1866 2017 1894 2068 6

325 2114 451 2177 Υἱὸς
483 2113 577 2166 τοῦ
609 2113 773 2178 Θεοῦ,
808 2113 901 2165 καὶ
930 2112 1060 2174 Θεὸς
1083 2151 1097 2177 ,
1131 2112 1158 2162 ὁ
1190 2111 1408 2181 ἀπαθὴς
1445 2109 1520 2163 ὢν
1549 2111 1615 2179 τῇ
1651 2108 1890 2178 θεότητι,

324 2206 400 2276 τῷ
428 2205 823 2276 προσλήμματι
863 2203 1102 2256 πέπονθε
1121 2246 1135 2269 ,
1176 2203 1273 2256 καὶ
1301 2203 1362 2255 τὸ
1393 2203 1665 2273 ἡμέτερον
1694 2201 1890 2255 ἀπέτι-

326 2316 416 2352 σεν
437 2299 677 2368 ὄφλημα,
707 2297 904 2367 λύτρον
933 2298 1127 2365 ἐκχέας
1158 2297 1298 2366 ὑπὲρ
1325 2296 1480 2366 ἡμῶν
1508 2293 1806 2365 ἀξιόχρεών
1833 2310 1892 2345 τε

323 2392 417 2444 καὶ
456 2392 788 2459 ἀξιάγαστον
809 2408 820 2420 ·
865 2389 1245 2468 δυσωπητικὸν
1295 2389 1403 2459 γὰρ
1434 2390 1608 2460 Πατρὶ
1636 2429 1650 2454 ,
1684 2389 1778 2441 καὶ
1811 2389 1893 2441 αξ-

322 2479 541 2550 δέσιμον
569 2474 710 2548 αἷμα
740 2477 902 2532 Υίοῦ·
954 2480 1121 2542 ὅντως
1171 2478 1596 2549 ὴλευθερώμεθα
1625 2495 1636 2508 ’
1671 2477 1765 2531 καὶ
1798 2477 1890 2544 ἀφ’

319 2575 382 2627 o6
415 2570 690 2626 κατελθὼν
742 2573 822 2634 είς
869 2571 1034 2642 ᾅδην,
1083 2572 1204 2632 ταῖς
1233 2571 1326 2623 ἀπ’
1357 2569 1551 2632 αἰῶνος
1583 2568 1892 2638 πεπεδημέ-

323 2682 440 2726 ναις
466 2665 664 2734 ψυχαῖς
689 2704 705 2729 ,
748 2666 822 2726 ώς
853 2663 1223 2735 αἰχμαλώτοις
1252 2664 1520 2735 ἐκήρυξεν
1550 2663 1746 2733 ἄφεσιν
1771 2703 1785 2726 ,
1817 2665 1892 2726 ὡς

322 2756 541 2825 τυφλοῖς
563 2755 877 2824 ἀνάϐλεψιν,
911 2757 1006 2808 καὶ
1033 2757 1203 2826 δήσας
1231 2755 1322 2810 τὸν
1350 2757 1591 2827 ἰσχυρὸν,
1623 2757 1700 2825 τῷ
1727 2757 1892 2826 ὑπερ-

325 2845 500 2914 έχοντι
522 2844 620 2914 τῆς
642 2845 924 2914 δυνάμεως
953 2846 1174 2914 ἀνέστη,
1206 2846 1266 2898 τὸ
1293 2845 1352 2910 ἐξ
1381 2847 1535 2916 ἡμῶν
1557 2845 1705 2916 αὐτῷ
1727 2862 1895 2915 προσ-

324 2935 527 3005 ληφθὲν
559 2936 900 3006 ἀφθαρτίσας
950 2935 1174 3004 σαρκίον
1195 2974 1208 2999 ,
1255 2937 1420 2998 ὅντως
1450 2935 1892 3006 ὴφθάρτίσμεθα.

338 3027 455 3096 Ἀφ’
487 3023 547 3080 οὗ
578 3045 634 3080 τε
667 3027 732 3080 δι’
778 3027 988 3089 ὓδατος·
1009 3027 1106 3087 καὶ
1143 3028 1455 3096 πνεύματος
1494 3027 1891 3097 γεγεννήμεθα,

323 3120 491 3182 ὅντως
511 3119 890 3188 υίοθετήμεθα,
917 3120 1007 3172 καὶ
1025 3118 1350 3189 κληρονόμοι
1370 3117 1506 3172 Θεοῦ
1526 3117 1890 3187 γεγενήμεθα.

337 3207 618 3260 Ἐντεῦθεν
640 3209 765 3271 τοὺς
789 3208 1031 3272 πιστοὺς,
1065 3208 1249 3275 ἁγίους
1274 3210 1302 3259 6
1323 3205 1530 3270 Παῦλος
1561 3205 1732 3260 καλεῖ.
1777 3207 1893 3258 Ἐν-

326 3298 517 3352 τεῦθεν
541 3299 631 3352 τὸν
650 3299 759 3352 τῶν
790 3298 958 3368 ἁγίων
976 3299 1036 3351 o6
1064 3297 1387 3368 πενθοῦμεν,
1416 3297 1532 3351 ἀλλ’
1561 3295 1894 3367 ἑορτάζομεν

325 3395 573 3448 θάνατον.
618 3391 898 3445 Ἐντεῦθεν
941 3393 1038 3461 οὐχ
1076 3392 1181 3444 ὑπὸ
1222 3392 1405 3460 νόμον,
1449 3390 1564 3443 ἀλλ’
1602 3389 1706 3443 ὑπὸ
1735 3390 1894 3460 χάριν

325 3484 514 3555 ἐσμὲν,
538 3484 916 3546 δικαιωθέντες
937 3483 1025 3536 διὰ
1046 3484 1146 3553 τῆς
1171 3483 1424 3548 πίστεως,
1457 3483 1549 3536 καὶ
1573 3482 1706 3535 Θεὸν
1736 3481 1894 3552 μόνον

325 3573 527 3634 εἰδότες
567 3572 658 3625 τὸν
699 3571 954 3642 ἀληθινόν
983 3586 997 3600 ⁸
1046 3571 1240 3642 δικαίῳ
1286 3572 1342 3624 δὲ
1386 3573 1549 3641 νόμος
1594 3571 1654 3623 o6
1693 3573 1889 3626 κεῖται.

325 3669 439 3738 Οὐχ
462 3667 566 3720 ὑπὸ
593 3667 664 3720 τὰ
692 3669 930 3737 στοιχεῖα
957 3664 1050 3719 τοῦ
1078 3665 1243 3735 νόμου
1277 3664 1464 3733 ἐσμὲν,
1510 3664 1894 3733 δεδουλωμένοι

323 3759 398 3823 ὡς
422 3761 630 3830 νήπιοι,
677 3758 793 3812 ἀλλ’
841 3760 921 3822 εἰς
971 3757 1140 3827 ἄνδρα
1171 3755 1627 3826 καταρτισθέντες
1666 3755 1891 3817 τέλειον,

332 3853 558 3921 στερεὰν
601 3849 808 3922 τροφὴν
836 3848 1170 3920 τρεφόμεθα.
1211 3849 1272 3900 o6
1301 3849 1400 3918 τὴν
1443 3845 1580 3918 πρὸς
1613 3845 1894 3900 εἰδωλολα-

326 3940 534 4011 τρείαν.
565 3940 745 4002 Καλὸς
789 3940 818 3992 6
860 3940 1062 4010 νόμος,
1104 3939 1179 4001 ὡς
1220 3937 1412 4008 λύχνος
1453 3938 1658 4006 φαίνων
1693 3938 1750 3990 έν
1800 3926 1896 3989 αὖ-

326 4031 522 4102 χμηρῷ
551 4032 701 4101 τόπῳ
721 4070 737 4096 ,
781 4031 895 4083 ἀλλ’
931 4030 1036 4093 ἕως
1061 4025 1122 4084 οὗ
1149 4029 1184 4094 ἡ
1223 4029 1409 4098 ἡμέρα
1443 4027 1710 4099 διαυγάζῃ
1734 4043 1746 4057 ·
1793 4027 1893 4097 ἠδη

323 4126 380 4178 δὲ
411 4126 648 4179 ἀνέτειλε
682 4124 968 4195 φωσφόρος
1008 4125 1066 4176 ὲν
1115 4125 1234 4185 ταῖς
1284 4120 1530 4191 καρδίαις
1560 4121 1748 4190 ἡμῶν,
1799 4121 1894 4172 καὶ

325 4217 469 4288 ὓδωρ
496 4216 605 4281 ζῶν
645 4219 744 4288 τῆς
773 4217 1100 4285 θεογνωσίας
1123 4255 1138 4280 ,
1187 4214 1462 4277 θαλάσσας
1495 4212 1664 4266 ἐθνῶν
1691 4211 1890 4265 ἐπεκά-

323 4307 478 4377 λυψε,
515 4308 611 4361 καὶ
650 4307 850 4370 πάντες
881 4307 972 4360 τὸν
1015 4305 1218 4375 Κύριον
1257 4305 1505 4374 ἔγνωμεν
1529 4319 1543 4334 θ
1581 4323 1600 4355 t
1641 4303 1893 4376 Παρῆλθε

1993 1845 2172 1899 lorum
2200 1845 2646 1915 divinorumque
2719 1842 2948 1898 Patrum
2991 1845 3195 1900 chorus
3237 1845 3322 1915 agi
3369 1847 3563 1915 praeci-

1994 1937 2125 2006 piat.
2156 1936 2291 1992 Nam
2327 1952 2393 1990 ex
2435 1951 2546 2006 quo
2596 1937 2741 1992 Deus
2777 1936 3014 1992 Verbum
3068 1936 3248 1992 factus
3294 1945 3379 1993 est
3408 1953 3562 2003 caro,

1994 2027 2333 2084 assimilatus
2379 2027 2537 2082 nobis
2593 2041 2692 2097 per
2725 2027 2930 2091 omnia,
2961 2036 3192 2096 excepto
3234 2038 3480 2096 peccato,
3510 2038 3564 2083 et

1993 2121 2129 2175 citra
2179 2119 2565 2174 confusionem
2602 2127 2815 2173 natura:
2851 2128 3053 2174 nostrze
3101 2120 3425 2175 commistus
3456 2131 3561 2183 est,

1995 2221 2216 2284 propter
2281 2218 2527 2264 mutuam
2609 2210 2924 2280 utriusque,
2979 2208 3289 2263 divinitatis
3355 2210 3564 2264 scilicet

1993 2302 2484 2371 humanitatisque.
2548 2301 3156 2364 circutnincessionem,
3221 2311 3561 2370 assumptam

1993 2410 2214 2450 carnem
2262 2395 2381 2450 sine
2422 2394 2782 2448 conversione
2829 2393 2996 2448 Deum
3045 2392 3248 2460 eﬂ‘ecit,
3286 2395 3395 2461 jam
3447 2403 3562 2447 tum

1994 2488 2172 2557 reipsa
2229 2487 2284 2540 in
2313 2495 2538 2542 sanctos
2567 2487 2865 2540 evasimus.
2917 2484 2995 2539 Ex
3028 2501 3138 2556 quo
3174 2486 3300 2540 item
3339 2485 3429 2541 Dei
3468 2485 3562 2539 Fi-

1993 2580 2102 2632 lius
2133 2585 2184 2632 et
2219 2576 2383 2641 Deus,
2439 2592 2566 2632 cum
2611 2577 2744 2631 nulli
2787 2576 3095 2633 secundum
3137 2578 3402 2632 Deitatetn
3435 2593 3562 2647 per-

1995 2667 2234 2738 pcssioni
2268 2665 2541 2720 obnoxius
2591 2674 2762 2729 esset,
2815 2672 3101 2734 assumpta
3146 2679 3312 2718 carne
3358 2678 3563 2733 passus

1992 2765 2101 2820 est,
2143 2765 2507 2824 nostrumque
2541 2753 2706 2809 solvit
2736 2753 3004 2816 debitum,
3039 2752 3374 2823 condignum
3404 2753 3565 2821 plane

1995 2862 2060 2901 ac
2093 2861 2219 2900 vere
2272 2844 2586 2898 mirandum
2637 2843 3034 2912 redemptionis
3085 2843 3433 2911 prol‘undens
3463 2856 3564 2910 pro

1997 2937 2155 2992 nobis
2189 2937 2425 3005 pretium
2458 2934 2718 3006 (sanguis
2748 2936 2952 3003 quippe
2983 2933 3108 2988 Filii
3148 2933 3417 3003 placando
3457 2933 3563 2987 l’a-

1996 3027 2068 3082 tri
2102 3027 2203 3081 fuit
2234 3026 2485 3091 idoneus,
2529 3041 2593 3081 ac
2625 3025 2936 3082 reverentia
2968 3025 3210 3096 dignus),
3245 3039 3371 3079 vera
3400 3025 3566 3079 liber-

2000 3127 2112 3176 tate
2164 3119 2352 3174 donati
2398 3134 2614 3176 sumus.
2678 3117 2756 3173 Ex
2792 3133 2903 3188 quo
2953 3132 3176 3172 rursum
3237 3117 3304 3170 ad
3359 3117 3564 3172 inferos

1996 3212 2360 3277 descendens,
2395 3211 2594 3268 vinctis
2643 3211 2853 3281 pridem
2913 3209 3226 3274 animabus,
3259 3224 3358 3264 ceu
3391 3209 3564 3278 capti-

1994 3303 2078 3358 vis
2108 3303 2446 3366 libertatem,
2482 3309 2648 3372 atque
2696 3302 2877 3357 visum
2925 3299 3088 3354 caecis
3117 3298 3466 3352 annuntiavit
3491 3299 3561 3363 τί,

1995 3402 2051 3449 et
2083 3395 2541 3463 praestantissima
2592 3395 2796 3449 virtute
2843 3407 2941 3447 sua
3011 3392 3205 3446 fortem
3257 3390 3489 3459 alligans
3516 3390 3564 3421 "

1995 3487 2321 3550 resurrexit,
2375 3500 2711 3556 carnemque
2743 3493 2991 3539 nostram
3041 3497 3204 3551 quam
3245 3496 3562 3551 assumpse-

1996 3585 2106 3640 rat,
2136 3577 2554 3646 incorruptione
2601 3575 2834 3639 dolavit,
2872 3575 2984 3643 jam
3021 3589 3120 3628 nos
3153 3587 3373 3642 quoque
3411 3573 3562 3628 inco-

1995 3667 2298 3722 lumitatem
2334 3682 2364 3720 a
2410 3669 2768 3738 corruptione
2819 3666 3029 3734 indepti
3088 3679 3305 3721 sumus.
3351 3663 3426 3718 Ex
3453 3680 3564 3734 quo

1997 3760 2234 3828 denique
2263 3774 2362 3829 per
2418 3774 2617 3829 aquam
2659 3768 2713 3814 et
2762 3759 3019 3830 spiritum
3071 3774 3262 3814 sumus
3296 3757 3560 3827 generati,

1998 3852 2242 3922 adoptivi
2299 3852 2398 3906 lilii
2451 3851 2809 3921 heredesque
2866 3849 2962 3904 Dei
2995 3865 3122 3904 vere
3176 3849 3300 3903 facti
3346 3864 3561 3904 sumus.

1996 3943 2270 4009 Quocirca
2302 3941 2488 3997 ﬁdeles
2537 3957 2567 3996 a
2606 3941 2778 3995 Paulo
2817 3941 3078 3995 dicuntur
3109 3941 3286 3996 sancti
3311 3940 3377 3993 ⁷³.
3409 3939 3565 3995 Unde

1997 4051 2106 4091 non
2141 4036 2319 4099 luctu,
2359 4034 2496 4104 quin
2551 4033 2736 4104 potius
2766 4032 2967 4103 gaudio
3004 4043 3325 4088 sanctorum
3355 4033 3562 4087 exitum

1995 4127 2406 4198 prosequimur.
2463 4124 2602 4180 Hinc
2662 4125 2867 4180 factum
2915 4133 3020 4188 est,
3049 4133 3110 4178 ut
3169 4139 3276 4178 non
3329 4124 3566 4191 amplius

1996 4217 2099 4272 sub
2127 4217 2264 4286 lege,
2300 4217 2394 4270 sed
2430 4216 2536 4271 sub
2579 4216 2757 4286 gratia
2802 4217 2979 4270 simus
3013 4216 3081 4278 ⁷⁵,
3121 4212 3408 4282 justiﬁcati
3469 4225 3567 4281 per

1996 4293 2175 4362 ﬁdem.
2221 4306 2288 4370 ⁷⁸,
2345 4307 2635 4376 solumque
2671 4306 2838 4360 Deum
2889 4319 3079 4358 verum
3140 4312 3560 4372 cognoscentes.

322 4400 395 4452 τὰ
423 4400 651 4462 παλαιὰ,
684 4400 792 4452 ἰδοὺ
815 4401 1005 4468 γέγονε
1035 4399 1104 4452 τὰ
1124 4398 1302 4452 πάντα
1329 4396 1508 4452 καινά.
1542 4415 1560 4448 ι
1587 4399 1727 4467 Φησὶ
1758 4397 1890 4466 γοῦν

1996 4395 2170 4452 Porro
2215 4397 2300 4451 lex
2355 4397 2510 4464 justo
2550 4411 2655 4449 non
2703 4403 2787 4449 est
2821 4395 2999 4463 posita
3029 4395 3095 4446 ⁷⁸.
3130 4392 3244 4448 Sub
3277 4393 3566 4449 elementis

319 4492 350 4544 6
385 4491 527 4552 θεῖος
564 4489 859 4551 ἀπόστολος
890 4490 1098 4553 Παῦλος
1143 4488 1278 4558 πρὸς
1313 4488 1551 4558 Πέτρον,
1598 4489 1696 4558 τὴν
1725 4505 1892 4556 κορυ-

1997 4488 2158 4555 legis,
2192 4487 2356 4542 veluti
2407 4485 2665 4548 infantes,
2719 4500 2831 4539 non
2885 4499 3078 4539 sumus
3135 4484 3438 4539 servientes
3493 4486 3561 4546 ⁷⁷.

298 4582 489 4656 νφαίαν
520 4580 798 4652 ἀκρότητα
824 4580 932 4634 τῶν
976 4580 1291 4634 ἀποστόλων
1317 4594 1330 4607 ·
1369 4597 1388 4631 t
1434 4580 1498 4632 Ei
1539 4580 1604 4634 σὺ
1643 4581 1892 4642 Ἰουδαῖος

1999 4581 2094 4634 sed
2146 4580 2200 4632 in
2235 4576 2537 4648 perfectum
2576 4577 2852 4630 hominem
2894 4574 3157 4645 coaptati,
3207 4575 3388 4630 solido
3439 4576 3562 4630 cibo

323 4673 420 4740 ὣν,
449 4671 679 4735 ἐθνικῶς
715 4673 834 4742 ζῇς,
875 4672 971 4725 καὶ
999 4672 1098 4725 οῦκ
1143 4669 1473 4733 Ἰουδαϊκῶς,
1504 4670 1622 4734 πῶς
1650 4671 1720 4723 τὰ
1759 4671 1887 4741 ἔθνη

1996 4671 2299 4734 nutrimur,
2330 4685 2439 4724 non
2484 4685 2552 4724 eo
2595 4683 2705 4738 quo
2735 4670 2787 4722 in
2836 4669 3200 4724 idololatriam
3245 4669 3559 4725 illiciamnr.

324 4765 656 4833 ἀναγκάζεις
709 4763 1058 4828 Ἰουδαΐζειν;
1098 4780 1116 4815 ι
1151 4762 1261 4816 Καὶ
1295 4761 1434 4832 πρὸς
1466 4761 1711 4825 Γαλάτας
1754 4763 1892 4833 γρά-

1995 4761 2143 4816 Bona
2182 4769 2266 4816 est
2314 4762 2397 4815 lex
2428 4762 2495 4826 ",
2529 4761 2705 4816 instar
2757 4761 2999 4816 lucerna:
3057 4762 3291 4818 lucentis
3344 4763 3401 4816 in
3429 4765 3566 4817 cali-

326 4874 456 4928 ιρει’
515 4878 533 4910 ι
582 4855 945 4928 Μαρτύρομαι
1008 4855 1173 4909 παντὶ
1231 4853 1503 4924 ἀνθρώπῳ
1568 4871 1892 4925 περιτεμνο-

1996 4852 2191 4922 ginoso
2226 4853 2369 4917 loco,
2431 4853 2608 4908 donec
2662 4851 2780 4909 dies
2836 4853 3113 4907 elucescat
3155 4855 3218 4906 ⁷⁸.
3258 4854 3424 4923 Atqui
3452 4855 3564 4923 jam

329 4948 510 5020 μένῳ,
565 4950 646 5002 ὅτι
704 4946 988 5016 ὀφειλέτης
1040 4945 1189 4998 ἐστὶν
1232 4945 1352 4998 ὅλον
1400 4943 1491 4997 τὸν
1533 4943 1697 5014 νόμον
1754 4945 1892 5016 πλη-

1996 4943 2191 4997 lucil‘er
2223 4953 2380 5000 ortus
2410 4952 2494 5000 est
2550 4945 2603 4998 in
2635 4946 2898 5000 cordibus
2959 4945 3172 5001 nostris
3229 4965 3243 5000 :
3294 4947 3410 5016 jam
3442 4947 3564 5001 vita

329 5039 523 5110 ρῶσαι.
560 5059 578 5092 ι
1997 5036 2332 5105 cognitionis
2387 5037 2480 5093 Dei
2515 5052 2656 5106 aqua
2703 5039 2944 5108 gentium
2978 5038 3196 5106 operuit
3231 5053 3402 5102 mare,
3436 5053 3564 5091 nos-

325 5147 434 5204 que
493 5147 683 5188 omnes
733 5131 1021 5187 Dominum
1073 5127 1378 5184 novimus.‘
1418 5145 1436 5178 ι
1471 5125 1670 5183 Vetera
1725 5127 2067 5184 transierunt
2099 5145 2112 5182 :
2142 5143 2272 5184 ecce
2303 5127 2447 5184 facta
2507 5138 2637 5186 sunt
2713 5132 2896 5185 omnia
2963 5145 3105 5185 nova
3127 5131 3197 5182 ⁸ο.
3241 5148 3261 5181 ο
3333 5128 3563 5183 Dirinus

399 5273 442 5305 ⁸⁸
469 5272 585 5326 Lib.
621 5270 696 5324 De
714 5269 1053 5336 Spir.sancto
1077 5269 1144 5323 ad
1167 5268 1356 5335 Amph.
1385 5283 1502 5339 cap.
1530 5266 1614 5322 18.
1691 5268 1734 5300 ⁸³
1756 5266 1892 5320 Num

1995 5282 2064 5334 Ix,
2094 5269 2178 5339 ll.
2255 5267 2456 5339 "AGen.
2498 5286 2584 5331 xv,
2623 5269 2707 5322 ll.
2786 5265 2963 5339 “jsa.
2990 5282 3102 5330 in,
3125 5269 3189 5330 2;
3220 5266 3447 5339 _Lu_c._tv,
3476 5265 3559 5318 l9.

327 5345 374 5375 ⁷⁸
409 5342 602 5397 Matth.
627 5357 724 5403 χιι,
755 5334 851 5403 29,
928 5340 1019 5393 ⁷³1
1053 5340 1178 5394 Cor.
1223 5334 1345 5406 1,9,
1382 5347 1436 5393 et
1452 5334 1620 5392 'alibi.
1694 5339 1741 5369 ⁷⁵
1770 5340 1892 5391 lion‘

1999 5355 2039 5400 ι,
2077 5338 2164 5391 14.
2241 5340 2284 5370 ⁷³
2312 5337 2472 5394 llom.
2501 5356 2553 5405 ν,
2587 5341 2639 5394 1.
2715 5340 2760 5372 τ⁶
2788 5339 2805 5392 l
2829 5337 2966 5392 Tim.
2998 5353 3036 5400 ι,
3064 5339 3114 5390 9.
3192 5337 3234 5366 ⁷⁷
3275 5334 3450 5388 Galat.
3485 5349 3560 5396 Iv,

326 5412 382 5467 8.
465 5412 510 5443 ’³
548 5413 704 5463 Itoni.
744 5407 952 5471 “1,12.
1043 5409 1088 5440 ⁷⁸
1123 5411 1258 5465 ibid.
1297 5408 1339 5464 ll
1370 5408 1516 5465 Petr.
1558 5423 1601 5473 ι,
1632 5406 1720 5460 19.
1797 5408 1841 5438 ⁸ο
1879 5406 1892 5459 l

1995 5423 2077 5462 0r.
2108 5426 2160 5473 ν,
2189 5408 2276 5462 17.

1579 5519 1810 5575 VARIA']
1851 5519 2250 5576 LECTIONES.

406 5627 429 5658 ο
468 5614 633 5671 Recte
654 5611 847 5670 Billius
868 5615 1120 5670 emendat
1146 5617 1595 5688 περιχωρήσεως,
1636 5631 1802 5686 quam
1837 5615 2390 5672 circumincessionem
2423 5614 2662 5686 theologi
2691 5619 2967 5670 nostrates
2998 5608 3291 5681 appellant.
