4074 6146
513 226 650 296 1255

1647 218 1708 281 8.
1747 216 2067 283 JOANNIS
2107 215 2543 279 DAMASCENI

412 376 418 381 -
501 341 785 414 apostolus
834 338 1038 394 Paulus
1117 347 1334 392 summo
1389 333 1782 404 apostolorum
1841 331 2034 388 vertici
2073 329 2238 386 Petro
2293 332 2515 387 aiebat:
2549 346 2568 380 ι
2612 327 2669 382 Si
2743 335 2824 396 tu,
2882 327 3105 385 Judmus
3168 343 3290 384 cum
3334 329 3435 393 sis,
3487 331 3770 398 gentiliter

3627 209 3768 283 1256

500 436 663 500 Vivis,
702 449 766 489 ac
804 449 912 488 non
949 429 1203 495 Judaice,
1247 428 1528 500 quomodo
1571 434 1763 498 gentes
1799 427 1955 497 cogis
1989 425 2286 481 Judaizare
2314 425 2407 478 3'?
2445 445 2464 476 ι
2550 424 2798 493 Itemque
2842 423 3051 477 Galatis
3131 423 3248 478 haec
3297 424 3494 479 scribit
3526 443 3539 479 :
3574 443 3594 477 ι
3662 425 3771 482 Te-

501 529 710 585 stilicor
760 529 910 585 onmi
960 525 1380 582 circumcidenti
1421 540 1504 590 sc,
1552 524 1815 594 quoniam
1872 521 2090 578 debitor
2126 530 2212 576 est
2247 521 2516 577 universa:
2546 520 2682 592 legis
2713 518 3001 590 implendas
3029 519 3096 572 θ’.
3131 537 3150 568 ι

582 625 748 696 318
771 623 862 676 22.
897 619 1269 686 Quamobrem
1299 618 1430 673 olim
1458 616 1681 686 quidem
1725 612 1894 669 Deum
1931 613 2090 682 igno-

2203 613 2301 684 κβν.
2327 612 2501 666 Πάλαι
2534 612 2634 682 μὲν
2673 607 2768 664 οὖν
2805 610 2880 681 μὴ
2911 609 3113 672 εἰδότες
3139 609 3272 662 Θεὸν
3291 651 3306 675 ,
3339 609 3623 666 ἐδούλευον
3654 615 3771 676 τοῖς

505 728 711 781 rantes,
746 714 815 770 iis
841 713 938 783 qui
973 721 1166 766 natura
1199 725 1312 764 non
1347 717 1480 764 sunt
1511 707 1612 769 dii,
1657 704 2078 761 serviebant”:

503 823 653 864 nunc
702 813 882 860 autem
936 818 1062 857 cum
1111 798 1540 870 cognoverimus
1591 795 1786 859 Deum,
1826 795 1937 848 imo
1988 809 2084 848 co-

506 900 642 968 gniti
692 899 868 953 simus
899 910 927 949 a
975 893 1108 958 Dco,
1139 890 1420 962 quomodo
1469 898 1860 943 convertamur
1899 884 1966 938 ad
2000 885 2087 939 in-

509 991 663 1045 Iirma
691 996 743 1044 et
772 1001 945 1057 egena
967 985 1236 1040 elementa
1271 981 1354 1034 ⁸δῖ
1378 979 1684 1033 Humanam
1722 975 1816 1030 Dei
1853 975 2084 1029 formam
2144 985 2152 992 '

509 1081 725 1153 aspexi,
757 1087 811 1134 et
860 1079 1009 1134 salva
1035 1075 1181 1130 facta
1212 1082 1297 1130 est
1341 1075 1522 1128 anima
1577 1085 1718 1126 mea.
1767 1069 1860 1125 Dei
1895 1069 2092 1139 imagi-

510 1188 633 1228 nem
665 1172 905 1234 intucor,
924 1169 1002 1222 uti
1032 1167 1173 1221 vidit
1201 1181 1322 1220 eam
1346 1163 1520 1218 Jacob
1543 1162 1611 1226 ⁸⁸,
1639 1174 1957 1230 quanquam
1983 1159 2092 1212 alio

509 1272 566 1320 et
601 1263 714 1317 alio
743 1261 929 1318 modo.
967 1258 1104 1312 Nam
1166 1257 1258 1312 ille
1311 1254 1516 1311 mentis
1563 1252 1741 1308 oculis
1796 1266 1826 1304 a
1862 1250 2093 1305 materia

512 1353 709 1409 alienis
765 1359 1046 1422 expertem
1113 1347 1358 1403 materia:
1391 1345 1532 1400 vidit
1598 1343 1919 1414 imaginem,
1971 1356 2095 1410 qua)

512 1445 698 1502 futura
729 1449 1132 1515 praemoneret:
1163 1455 1264 1511 ego
1317 1439 1371 1494 id
1411 1439 1656 1501 intueor,
1703 1435 1847 1506 quod
1887 1434 2090 1505 perfri-

512 1548 605 1594 cat
635 1536 954 1594 memoriam
991 1534 1166 1597 illius,
1203 1531 1297 1602 qui
1329 1530 1486 1586 visus
1517 1539 1603 1584 est
1633 1528 1690 1582 in
1727 1541 1920 1581 carne.
1952 1526 2095 1594 Apo-

514 1630 790 1684 stolorum
831 1627 1050 1688 umbra,
1090 1622 1314 1679 sudaria
1357 1635 1597 1692 quoque,
1652 1633 1717 1672 ac
1747 1617 2091 1673 semicinctia

515 1721 740 1777 morbos
785 1718 1084 1789 pellebant,
1139 1715 1418 1769 dzemones
1471 1710 1742 1782 fugabant
1785 1711 1864 1763 ’δε
1925 1723 2092 1763 eccur

513 1812 722 1868 umbra:
747 1819 801 1866 et
839 1808 1061 1880 imagini
1119 1813 1439 1861 sanctorum
1489 1816 1630 1858 suus
1671 1800 1881 1871 pariter
1915 1799 2095 1854 honos

2191 704 2266 775 μὴ
2308 703 2468 772 φύσει
2498 699 2620 756 οὖσι
2651 701 2802 764 θεοῖς
2828 715 2843 733 ⁸
2876 699 2971 753 νῦν
3011 698 3071 752 δέ
3115 699 3337 766 γνόντες
3365 699 3517 764 Θεὸν,
3569 701 3775 772 μᾶλλον

2186 795 2246 848 δέ
2286 793 2625 863 γνωσθέντες
2661 793 2765 846 ὑπὸ
2791 791 2927 845 Θεοῦ
2953 830 2969 854 ,
3021 790 3138 854 πῶς
3177 791 3580 860 ἐπιστρέψομεν
3607 794 3774 849 πάλιν

2189 886 2282 939 ἐπὶ
2309 885 2380 939 τὰ
2408 885 2608 955 ἀσθενῆ
2641 886 2736 938 καὶ
2768 883 2965 954 πτωχά
2997 885 3273 952 στοιχεῖα;
3305 879 3458 936 Εἶδον
3485 881 3774 949 εἰδοςΘεοῦ

2189 978 2250 1031 τὺ
2277 977 2640 1048 ἀνθρώπινον,
2690 975 2785 1030 καὶ
2839 973 3018 1045 ἐσώθη
3060 991 3162 1044 μου
3199 976 3233 1043 ἡ
3259 974 3431 1045 ψυχή.
3464 974 3664 1045 Θεωρῶ
3694 979 3773 1030 εἰ-

2190 1070 2326 1123 κόνα
2341 1069 2500 1134 Θεοῦ,
2527 1069 2603 1132 ὼς
2627 1065 2767 1122 εἶδεν
2803 1066 3014 1131 Ἰακὼϐ,
3038 1070 3085 1120 εἰ
3115 1067 3210 1120 καί
3239 1067 3438 1134 ἄλλως,
3463 1070 3561 1122 καὶ
3575 1069 3769 1132 ἄλλως.

2203 1162 2440 1224 Ἐκεῖνος
2474 1162 2572 1231 μὲν
2602 1162 2712 1231 γὰρ
2747 1161 2930 1225 ἀῦλον,
2959 1159 3019 1213 τὸ
3042 1161 3302 1230 ἐσόμενον
3328 1163 3771 1233 προμηνύουσαν,

2191 1253 2378 1316 ἀΰλοις
2413 1253 2540 1317 ναὸς
2572 1253 2894 1324 ὀφθαλμοῖς,
2929 1251 3041 1320 ἐγὼ
3065 1252 3120 1305 δὲ
3146 1251 3241 1305 τοῦ
3269 1254 3435 1324 σαρκὶ
3460 1255 3772 1325 ὁραθέντος,

2196 1343 2418 1412 μνήμης
2463 1341 2822 1412 ἐμπύρευμα.
2868 1342 2934 1395 Ἦ
2983 1341 3092 1396 τῶν
3135 1342 3453 1396 ἀποστόλων
3495 1345 3661 1410 σκιά,
3708 1346 3778 1397 τά

2194 1431 2455 1502 σουδάριά
2481 1448 2542 1484 τε
2568 1431 2662 1484 καὶ
2717 1429 3046 1502 σιμικίνθια,
3079 1431 3270 1494 νόσους
3303 1432 3579 1502 ἀπήλαυνε
3607 1475 3620 1497 ,
3659 1434 3778 1488 δαίο

2196 1539 2364 1593 μονας
2409 1523 2751 1591 ἐφυγάδευεο
2795 1523 2891 1576 καὶ
2942 1523 3061 1587 πῶς
3098 1525 3132 1594 ή
3178 1523 3306 1578 σκιά
3336 1524 3429 1577 καὶ
3461 1524 3627 1578 εἰκὼν
3662 1526 3782 1578 τῶν

2191 1613 2362 1681 ἁγίων
2393 1614 2454 1666 ού
2483 1612 2875 1684 δοξασθήσεται
2913 1629 2928 1679 ;
2973 1613 3007 1684 ἢ
3034 1615 3218 1686 πάσης
3247 1613 3378 1685 ὕλης
3405 1615 3784 1686 προσκύνησιν

2192 1705 2369 1764 ἄνελε.
2402 1705 2433 1775 ἢ
2469 1705 2543 1774 μὴ
2569 1705 2887 1774 καινοτόμει
2907 1743 2922 1768 ,
2973 1705 3110 1776 μηδὲ
3142 1704 3368 1776 μέταιρε
3401 1705 3527 1776 ὅρια
3555 1707 3785 1772 αἰώνια,

2201 1796 2236 1850 ὃ,
2262 1796 2446 1848 ἔθεντο
2474 1797 2524 1848 οί
2551 1795 2788 1866 πατέρες
2818 1813 2936 1850 σου.

513 1920 622 1960 non
665 1904 812 1960 erit?
843 1902 950 1957 Aut
994 1899 1130 1955 illud
1163 1914 1325 1954 omne
1371 1898 1521 1968 quod
1561 1899 1793 1953 materia
1841 1904 2082 1958 constat,
2125 1893 2348 1948 adorari
2377 1892 2631 1962 prohibe,
2661 1899 2758 1947 aut
2788 1892 2930 1948 nihil
2974 1893 3242 1953 obtrudas
3270 1897 3421 1961 novi,
3492 1911 3603 1954 neu
3664 1904 3780 1953 ter-

513 1996 693 2053 minos
723 1993 977 2062 antiquos
1001 1988 1331 2052 transferas,
1371 2005 1511 2058 quos
1538 1997 1845 2060 posuerunt
1887 1996 2071 2058 patres
2113 1986 2187 2039 tui
2219 1983 2289 2039 ⁸⁷.
3303 1981 3345 2066 χ

583 2087 676 2140 25.
727 2085 852 2138 Νοιι
913 2082 1092 2137 solum
1140 2082 1287 2135 enim
1344 2080 1604 2136 Ecclesiae
1671 2081 1821 2150 leges
1879 2081 2103 2150 scriptis

2276 2081 2384 2146 κγ’.
2416 2077 2490 2131 Οὐ
2531 2078 2692 2148 μόνον
2724 2078 3020 2150 γράμμασι
3045 2081 3146 2152 τὴν
3174 2081 3638 2153 ἐκκλησιαστικὴν
3662 2083 3783 2137 θεσ-

517 2185 842 2241 sanxerunt,
895 2188 1089 2229 verum
1147 2175 1309 2228 etiam
1345 2173 1486 2228 citra
1544 2173 1891 2243 Scripturam
1942 2181 2094 2227 certa

516 2269 764 2342 quaedam
821 2266 1190 2322 tradiderunt.
1243 2264 1402 2321 Unde
1451 2264 1715 2330 Basilius,
1763 2279 1889 2336 cap.
1933 2264 2000 2318 27
2029 2279 2094 2319 cx

518 2362 747 2433 triginta
789 2359 897 2415 illis
937 2359 1215 2428 capitibus
1258 2373 1382 2428 qum
1433 2358 1501 2413 ad
1541 2357 1985 2428 Amphilochium
2032 2355 2100 2410 dc

520 2453 730 2526 Spiritu
761 2461 956 2508 sancto
979 2450 1228 2522 scripsit,
1266 2451 1548 2519 expressis
1581 2451 1765 2506 verbis
1791 2451 1869 2503 ait
1905 2467 1920 2504 :
1960 2467 1980 2499 ι
2018 2447 2097 2502 Ex

521 2545 634 2601 illis
664 2544 1017 2625 dogmatibus
1047 2549 1102 2598 et
1127 2542 1640 2613 praedicationibus,
1673 2556 1797 2610 quae
1829 2541 1885 2594 in
1915 2538 2101 2594 Eccle-

521 2638 608 2696 sia
639 2644 1065 2700 conservantur,
1115 2635 1220 2689 alia
1263 2649 1332 2688 ex
1379 2634 1588 2702 scripta
1645 2633 1895 2687 doctrina
1948 2637 2102 2687 tcne—

523 2743 668 2792 mus,
704 2727 809 2780 alia
837 2741 902 2782 ex
936 2724 1241 2795 apostolica
1267 2723 1564 2780 traditione
1587 2733 1807 2778 secreto
1837 2736 2100 2777 concessa

523 2815 879 2886 accepimus:
909 2830 1033 2884 quae
1064 2813 1286 2884 quidem
1333 2821 1572 2883 utraque
1614 2814 1723 2867 vim
1775 2828 1960 2882 parem
1999 2812 2101 2866 ha-

523 2909 656 2963 bent
697 2907 764 2962 ad
817 2906 1098 2976 pietatem.
1151 2904 1263 2959 Nec
1312 2904 1609 2974 quisquam
1645 2903 1715 2959 iis
1748 2903 2104 2958 contradixe-

525 2999 619 3062 rit,
659 2999 752 3068 qui
802 2998 886 3052 vel
923 2997 1214 3050 minimum
1263 2995 1520 3051 Ecclesia:
1573 2996 1724 3065 leges
1770 2994 2099 3064 inquisierit.

525 3088 660 3146 Nam
691 3091 735 3144 si
772 3089 1198 3145 consuetudines
1225 3089 1374 3152 illas,
1404 3103 1527 3158 quae
1552 3087 1774 3158 scriptae
1803 3103 1912 3141 non
1944 3095 2099 3153 sunt,

526 3190 784 3252 tanquam
834 3179 1017 3252 magni
1063 3195 1172 3234 non
1227 3180 1342 3234 sint
1393 3178 1681 3244 momenti,
1732 3179 1964 3248 rejicere
2008 3193 2104 3248 ag-

526 3275 701 3346 gressi
754 3271 1046 3338 fuerimus,
1102 3273 1484 3342 imprudenter
1529 3269 1796 3340 profecto,
1860 3270 1948 3335 iis,
1983 3285 2105 3341 quae

527 3365 582 3420 in
630 3363 926 3433 Evangelio
978 3364 1195 3432 potiora
1234 3370 1384 3423 sunt,
1426 3360 1687 3415 damnum
1721 3359 2042 3415 inlercmus.
2079 3378 2100 3411 ι

529 3455 655 3509 Haec
702 3469 934 3524 magnus
977 3452 1239 3507 Basilius.
1275 3453 1379 3506 Sed
1419 3453 1568 3507 enim
1622 3451 1898 3505 undenam
1949 3451 2105 3506 novi-

530 3559 655 3600 mus
713 3544 981 3598 Calvarize
1028 3544 1252 3608 locum,
1288 3541 1430 3597 Vita:
1502 3541 1855 3613 sepulcrum?
1908 3542 2106 3596 Annon

529 3636 658 3705 quia
682 3650 711 3688 a
751 3633 1073 3704 parentibus
1108 3633 1205 3688 lilii
1255 3634 1406 3688 nulla
1456 3633 1691 3688 docente
1727 3632 2021 3701 Scriptura
2054 3631 2106 3685 id

531 3727 891 3795 receperunt?
921 3727 1060 3780 Nam
1090 3726 1413 3781 cruciﬁxum
1450 3724 1671 3795 quidem
1707 3723 2024 3787 Dominum,
2051 3732 2107 3776 et

532 3815 592 3871 in
623 3826 1007 3879 monumento,
1069 3815 1214 3885 quod
1266 3814 1470 3886 Joseph
1518 3814 1798 3869 exciderat
1850 3813 1904 3867 in
1954 3820 2109 3881 petra

535 3909 834 3979 sepultum,
854 3905 1141 3975 Scriptura
1173 3907 1423 3977 perhibet
1448 3907 1516 3962 ³⁸.
1549 3905 1708 3971 Quod
1741 3919 1872 3959 vero
1901 3919 1965 3958 ea
1992 3905 2110 3973 ipsa

537 4000 669 4064 sint,
718 3997 918 4068 quibus
970 4012 1118 4051 nunc
1147 3996 1509 4065 procidimus,
1557 4011 1621 4050 ex
1659 3993 1960 4049 traditione
1994 4007 2107 4048 non

536 4090 743 4160 scripta
772 4089 1049 4153 novimus,
1074 4087 1345 4156 pluraque
1374 4086 1459 4139 his
1501 4085 1726 4139 similia.
1760 4084 1917 4140 Unde
1940 4084 2112 4140 habe-

539 4195 682 4242 mus,
724 4186 785 4232 ut
810 4177 1116 4247 haptismus
1143 4184 1300 4231 terna
1356 4174 1739 4230 mcrsitatione
1769 4174 1903 4228 ﬁat?
1954 4173 2112 4229 Unde

538 4271 688 4342 quod
724 4269 792 4324 ad
823 4269 1093 4324 orientem
1148 4267 1403 4321 conversi
1449 4265 1783 4336 precemur?
1833 4263 1990 4319 Unde
2024 4280 2113 4320 sa-

537 4370 946 4418 cramentorum
976 4360 1296 4417 institutio?
1320 4358 1530 4413 Idcirco
1576 4357 1798 4412 divinus
1825 4357 2111 4426 apostolus

538 4453 741 4510 Paulus
761 4455 837 4507 ait
870 4475 882 4508 :
920 4471 938 4505 ι
971 4453 1180 4524 Itaque,
1214 4452 1431 4516 fratres,
1455 4459 1614 4517 state,
1651 4459 1705 4506 et
1726 4459 1909 4506 tenete
1939 4450 2113 4504 tradi-

541 4545 738 4607 tiones,
771 4557 912 4612 quas
956 4543 1254 4609 didicistis,
1301 4541 1422 4597 sive
1472 4555 1572 4610 per
1625 4555 1960 4606 sermonem,
2001 4541 2115 4594 sive

539 4647 638 4706 per
677 4634 964 4702 epistolam
1003 4643 1248 4687 nostram
1282 4633 1346 4687 “.
1385 4651 1402 4683 ι
1449 4631 1690 4687 Proinde
1724 4646 1850 4685 cum
1881 4638 1961 4684 tot
1994 4639 2115 4684 tan-

2199 2167 2456 2238 μοθεσίαν
2485 2169 2832 2239 παρέδωκαν,
2881 2171 3022 2225 ἀλλά
3047 2174 3141 2226 καὶ
3166 2173 3438 2245 ἀγράφοις
3459 2177 3569 2228 τισὶ
3600 2193 3784 2248 παραυ

2197 2260 2400 2314 δόσεσι.
2422 2262 2560 2330 Φησὶ
2584 2261 2716 2331 γοῦν
2748 2265 2776 2317 ό
2803 2262 2948 2327 θεῖος
2975 2264 3256 2329 Βασίλειος
3286 2268 3344 2320 ἐν
3368 2267 3598 2337 εἰκοστῷ
3618 2268 3783 2321 ἐϐδό-

2202 2370 2288 2423 μῳ
2313 2353 2421 2405 τῶν
2448 2353 2585 2424 πρὸς
2621 2355 2970 2425 Ἀμφιλόχιον
3002 2357 3130 2427 περί
3159 2356 3252 2410 τοῦ
3277 2357 3435 2427 ἁγίου
3464 2359 3784 2428 πνεύματος

2200 2443 2498 2514 τριάκοντα
2529 2445 2864 2513 κεφαλαίων,
2906 2447 2998 2500 ἐπὶ
3029 2447 3227 2512 λέξεως
3253 2447 3425 2512 οὕτως
3447 2465 3461 2476 ⁸
3501 2468 3519 2501 ι
3565 2450 3692 2502 Τῶν
3723 2453 3785 2502 ἐν

2198 2538 2264 2607 τῇ
2311 2535 2615 2606 Ἐκκλησία
2663 2536 3102 2610 πεφυλαγμένων
3152 2540 3443 2610 δογμάτων
3477 2542 3571 2594 καὶ
3600 2559 3783 2612 κηρυ⁴

2202 2627 2453 2697 γμάτων,
2483 2627 2554 2680 τὰ
2590 2628 2687 2699 μὲν
2717 2630 2782 2682 ἐκ
2814 2629 2914 2699 τῆς
2957 2631 3243 2701 ἐγγράφου
3284 2631 3628 2696 διδασκαλίας
3653 2633 3786 2704 ἕχο-

2207 2736 2307 2790 μεν
2337 2735 2351 2748 ⁸
2383 2719 2454 2772 τὰ
2478 2720 2536 2773 δὲ
2573 2723 2637 2774 ἐκ
2665 2721 2766 2791 τῆς
2797 2721 2907 2775 τῶν
2931 2723 3250 2779 ἀποστόλων
3278 2726 3630 2796 παραδόσεως
3658 2726 3787 2780 δια-

2202 2810 2424 2864 δοθέντα
2468 2813 2638 2882 ἡμῖν,
2681 2815 2738 2867 ἐν
2786 2814 3072 2886 μυστηρίῳ
3115 2816 3540 2888 παραδεξάμεθα
3566 2835 3579 2848 ο
3633 2819 3787 2892 άπερ

2201 2901 2490 2972 ἀμφότερα
2513 2901 2611 2973 τὴν
2641 2902 2812 2974 αὐτὴν
2843 2905 2996 2974 ἰσχὺν
3024 2905 3139 2976 ἔχει
3176 2906 3314 2978 πρὸς
3340 2908 3440 2978 τὴν
3469 2908 3781 2962 εὐσέϐειαν.

2202 2989 2313 3042 Καὶ
2344 2989 2554 3054 τούτοις
2609 2991 2784 3056 οὐδεὶς
2815 2993 3072 3065 ἀντερεῖ,
3118 2995 3316 3049 οὐκοῦν
3342 2995 3361 3034 τ
3400 2997 3548 3062 ὅστις
3578 3016 3641 3067 γε
3675 3001 3787 3052 κᾶν

2207 3081 2402 3151 μικρὸν
2427 3082 2559 3151 γοῦν
2583 3083 2798 3150 θεσμῶν
2831 3085 3160 3155 Ἐκκλησὶας
3182 3090 3518 3159 πεπείραται
3545 3107 3558 3120 ο
3592 3093 3640 3143 εἰ
3671 3092 3787 3161 γὰρ

2205 3175 2656 3246 ἐπιχειρήσαιμεν
2698 3175 2766 3228 τά
2795 3175 3024 3247 ἄγραφα
3053 3180 3160 3232 τῶν
3186 3180 3346 3247 ἐθῶν,
3390 3181 3470 3242 ὡς
3501 3182 3576 3252 μή
3609 3185 3785 3253 μεγά-

2204 3267 2303 3336 λην
2329 3266 2520 3337 ἔχοντα
2551 3267 2652 3340 τὴν
2699 3267 2930 3340 δύναμιν
2970 3271 3373 3340 παραιτεῖσθαι,
3417 3273 3683 3344 λάθοιμεν
3718 3277 3789 3329 ἂν

2207 3358 2288 3421 είς
2326 3359 2466 3412 αὐτά
2519 3358 2588 3412 τὰ
2646 3358 2838 3431 καίρια
2885 3359 3205 3430 ζημιοῦντες
3253 3363 3313 3415 τὸ
3366 3363 3727 3433 Εὑαγγέλιον,
3757 3382 3780 3416 ›

2209 3448 2394 3502 Ταῦτα
2432 3447 2528 3502 τοῦ
2578 3451 2815 3520 μεγάλου
2856 3451 3136 3505 Βασιλείου
3185 3452 3255 3505 τὰ
3297 3455 3561 3524 ῥήματαο
3613 3456 3785 3510 πόθεν

2209 3540 2318 3610 γὰρ
2351 3541 2509 3610 ῐσμεν
2535 3541 2626 3594 τὸν
2657 3542 2898 3612 Κρανίου
2933 3543 3098 3597 τόπον
3129 3543 3218 3597 τὸν
3253 3544 3413 3613 ἆγιον
3433 3587 3449 3611 ,
3483 3548 3543 3600 τὸ
3587 3550 3782 3618 μνῆμα

2207 3631 2309 3700 τῆς
2334 3631 2514 3701 ζωῆςς
2557 3633 2632 3686 Οὐ
2659 3634 2850 3698 παῖδες
2883 3634 3035 3706 παρά
3058 3635 3264 3706 πατρὸς
3292 3638 3558 3709 ἀγράφως
3588 3657 3787 3711 παρειη

2208 3719 2440 3791 ληφότες
2465 3739 2480 3788 ;
2514 3723 2588 3775 Τὸ
2616 3723 2715 3793 μὲν
2744 3723 2855 3794 γὰρ
2883 3726 2940 3778 ἐν
2969 3725 3120 3796 τόπῳ
3143 3727 3372 3796 κρανίου
3401 3729 3778 3798 ἐσταυρῶσθαι

2209 3814 2298 3866 τὸν
2323 3813 2528 3884 Κύριον
2549 3854 2566 3879 ,
2598 3816 2940 3887 γέγραπται,
2975 3819 3070 3871 καὶ
3103 3819 3361 3889 τετάφθαι
3400 3821 3456 3870 ἐν
3491 3819 3768 3888 μνημείῳ,

2209 3899 2238 3952 ὃ
2265 3901 2602 3973 ἐλατόμησεν
2651 3904 2850 3976 Ἰωσὴφ
2900 3909 2958 3962 ἐν
3002 3911 3071 3978 τῇ
3120 3910 3317 3980 πέτρᾳο
3361 3909 3444 3961 ὅτι
3490 3906 3545 3961 δὲ
3591 3908 3772 3962 ταῦτά

2210 3991 2324 4043 ἐστι
2347 3991 2414 4044 τά
2435 3992 2528 4046 νῦν
2563 3997 3033 4066 προσκυνούμενα,
3075 4001 3135 4064 ἐξ
3157 4001 3399 4071 ἀγράφου
3421 4001 3780 4072 παραδόσεως

2215 4081 2393 4152 ἰσμεν,
2425 4084 2520 4137 καὶ
2548 4085 2776 4140 πλεῖστα
2798 4086 3012 4152 τούτοις
3045 4091 3345 4162 παρόμοια.
3377 4092 3544 4144 Πόθεν
3566 4093 3628 4145 τὸ
3658 4095 3783 4164 api;

2215 4172 2534 4242 βαπτίζειν;
2564 4176 2738 4230 Πόθεν
2765 4177 2826 4230 τὸ
2848 4181 2966 4232 κατ’
2995 4180 3264 4243 ἀνατολὰς
3282 4180 3538 4250 εὔχεσθαι
3564 4199 3578 4248 ;
3612 4184 3786 4235 Πόθεν

2211 4267 2245 4334 ἡ
2278 4265 2384 4318 τῶν
2419 4268 2732 4338 μυστηρίων
2761 4271 3094 4340 παράδοσις;
3130 4271 3222 4323 Διὸ
3249 4272 3346 4324 καὶ
3372 4274 3401 4324 ὁ
3439 4271 3582 4334 θεῖος
3624 4274 3789 4325 Ἀπόο

2216 4357 2398 4421 στολος
2428 4358 2638 4422 Παῦλος
2664 4361 2862 4429 φησιν’
2903 4379 2922 4412 ι
2966 4364 3108 4433 ’Δρα
3132 4358 3246 4428 οὖν,
3283 4363 3526 4431 ἀδελφοὶ,
3560 4367 3788 4434 στήκετε

2215 4448 2309 4500 καὶ
2342 4451 2592 4518 κρατεῖτε
2617 4450 2716 4513 τὰς
2741 4453 3066 4522 παραδόσεις
3091 4455 3158 4516 ἃς
3188 4455 3528 4526 ἐδιδάχθητε,
3560 4458 3664 4510 εττε
3699 4457 3792 4509 διὰ

2215 4538 2396 4607 λόγου,
2427 4539 2537 4592 εἴτε
2565 4541 2634 4594 δι’
2665 4543 2960 4613 ἐπιστολῆς
2990 4545 3168 4616 ήμῶν.
3200 4564 3218 4596 ι
3249 4547 3471 4602 Πολλῶν
3497 4550 3792 4618 τοιγαροῦν

2215 4629 2311 4682 καὶ
2338 4629 2607 4684 τοσούτων
2636 4633 2902 4704 ἀγράφως
2927 4638 2990 4706 τῇ
3014 4635 3286 4707 ἐκκλησίᾳ
3309 4639 3792 4708 παραδεδομένων,

542 4732 706 4792 taque
744 4724 857 4777 sint
882 4723 1044 4778 nobis
1076 4725 1194 4778 sine
1221 4723 1446 4792 scriptis
1482 4721 1707 4789 tradita,
1739 4738 1860 4792 quae
1886 4722 1950 4775 ad
1974 4721 2103 4774 hanc

2219 4721 2313 4774 καὶ
2349 4720 2511 4793 μέχρι
2544 4721 2637 4776 τοῦ
2665 4725 2760 4779 νῦν
2789 4726 3245 4797 πεφυλαγμένων,
3278 4730 3332 4782 τί
3363 4732 3495 4801 περὶ
3520 4731 3619 4795 τὰς
3642 4733 3795 4785 εἰκό-

546 4827 723 4880 usque
757 4812 901 4865 diem
956 4811 1249 4866 observata
1307 4821 1470 4878 sunt,
1507 4811 1640 4882 quid
1687 4819 1773 4867 est
1833 4819 1934 4865 cur
1985 4824 2103 4878 erga

2219 4829 2319 4876 νας
2349 4814 2764 4884 σμικρολογεῖς;

545 4905 812 4974 imagines
839 4902 1147 4972 vitilitiges?

611 4994 706 5049 24.
747 4992 896 5059 Quos
934 4990 1180 5060 profecto
1223 4990 1485 5060 producis
1525 4991 1703 5056 locos,
1747 4989 1787 5044 ii
1822 5003 1932 5044 non
1972 4990 2112 5044 ima-

546 5087 732 5159 ginum
782 5092 1094 5139 nostrarum
1127 5083 1340 5137 cultum
1388 5097 1513 5138 esse
1551 5082 1982 5138 abominandum
2013 5081 2112 5136 do-

544 5186 698 5244 cent;
750 5175 848 5232 sed
896 5175 1117 5229 illarum
1151 5173 1357 5243 potius,
1390 5189 1530 5244 quas
1559 5174 1670 5228 sibi
1722 5172 1956 5242 gentiles
1990 5180 2110 5227 sta-

2290 4993 2389 5046 κδν.
2421 4993 2521 5056 “Ac
2551 4993 2733 5064 μέντοι
2767 4997 2994 5068 χρήσεις
3041 5000 3350 5069 παράγεις,
3401 5000 3463 5053 ού
3507 5001 3620 5053 τῶν
3660 5002 3805 5072 παρ’

2221 5083 2354 5153 ἡμῖν
2393 5083 2618 5138 εἰκόνων
2669 5085 3054 5156 βδελύσσονται
3094 5092 3194 5160 τὴν
3226 5091 3625 5161 προσκύνησιν,
3657 5091 3810 5144 ἀλλά

2217 5175 2326 5228 τῶν
2353 5175 2558 5239 ταύτας
2599 5174 2995 5233 θεοποιούντων
3035 5180 3323 5252 Ἑλλήνων.
3366 5182 3441 5234 Οὐ
3490 5182 3574 5235 δεῖ
3616 5182 3811 5236 τοίνυν

614 5314 658 5346 ⁸⁸
682 5312 862 5387 Galat,
883 5311 1074 5387 _n,_I_4.
1103 5381 1116 5387 _
1149 5309 1196 5342 "
1236 5310 1451 5387 ibid.‘v‘,
1478 5310 1531 5364 '5.
1554 5309 1850 5387 __”__Gal_at.
1881 5324 1956 5376 tv,
1985 5310 2038 5364 8.
2079 5380 2092 5387 _
2113 5311 2162 5387 ξι
2186 5311 2318 5368 ibid.
2359 5312 2414 5370 9.
2485 5313 2533 5347 ⁸⁵
2555 5313 2694 5372 Gen.
2727 5332 2879 5384 xxxr,
2917 5316 3008 5384 50,
3079 5319 3126 5352 ⁸⁸
3151 5319 3272 5376 Act.
3306 5336 3398 5387 xv,
3421 5319 3477 5375 6.
3554 5319 3601 5352 ⁸⁷
3635 5318 3812 5376 Prov.

554 5384 808 5454 “11,28.
847 5378 927 5416 "‘
967 5381 1161 5438 Matth.
1200 5380 1465 5447 xxvn,60.
1553 5378 1600 5412 ⁸⁸
1642 5381 1682 5435 Il
1712 5379 1914 5434 Thess.
1972 5394 2035 5443 ιι,
2071 5379 2159 5434 14.

1860 5487 2098 5545 VARIxE
2137 5490 2542 5554 LECTIONES.

625 5605 645 5642 ¹
675 5605 910 5665 Delenda
941 5623 1048 5666 vox
1080 5607 1275 5665 οὐκοῦν
1302 5622 1423 5680 quae
1452 5607 1604 5666 abest
1626 5609 1684 5666 in
1712 5622 1844 5666 mss.
1875 5615 1928 5666 et
1953 5608 2098 5680 apud
2119 5608 2278 5668 Basil.
