4026 6156
315 311 445 374 125Ἱ

1420 304 1520 365 DE
1558 296 2017 363 IMAGINIBUS
2055 295 2336 363 ORATIO
2374 295 2422 356 Ι.

3408 281 3546 351 1258

305 420 395 475 διὰ
420 417 518 490 τὴν
542 416 650 472 τῶν
692 415 958 489 Ἐλλήνων
986 415 1192 472 ἄτοπον
1229 414 1447 487 χρῆσιν,
1487 414 1584 468 καὶ
1612 414 1711 484 τὴν
1737 414 1871 483 ἡμε-

1988 404 2225 460 tuebant.
2291 401 2662 469 Quamobrem
2715 412 2825 454 non
2881 410 2948 453 eo
3003 394 3150 467 quod
3205 391 3546 465 imaginibus

304 512 470 583 τέραν
514 508 756 573 εὐσεϐῶς
781 508 1111 579 γινομένην,
1146 508 1415 578 ἀναιρεῖν.
1461 504 1875 576 Ἐφορκίζουσιν

305 602 547 658 ὲπαοιδοί
589 619 650 655 τε
704 601 800 675 καὶ.
839 600 1067 671 γόητες,
1121 599 1403 669 ὲφορκίζει
1437 597 1533 651 καὶ
1578 599 1705 661 τοὺς
1743 614 1877 650 κατ-

306 684 648 764 ηχουμένούς
695 692 730 764 ἠ
790 692 1089 762 Ἐκκλησία
1111 705 1127 721 ·
1159 690 1277 743 ἀλλ’
1317 690 1517 743 ἐκεῖνοι
1551 689 1650 760 μὲν
1679 691 1878 741 ἐπικα-

306 780 526 836 λοῦνται
570 779 864 859 δαίμονας,
913 777 1053 849 αῦτη
1100 777 1157 830 δὲ
1179 815 1194 841 ,
1222 776 1356 831 Θεὸν
1381 773 1527 831 κατά
1563 772 1835 844 δαιμόνων
1861 786 1875 803 ·

308 872 528 944 δαίμοσι
577 871 677 935 τάς
731 871 947 936 εἰκόνας
1020 868 1370 925 ἀνατιθέασιν
1425 865 1716 937 Ἕλληνες,
1785 863 1880 918 καὶ

312 963 470 1028 θεοὺς
533 963 736 1027 ταύτας
786 959 1313 1033 προσαγορεύουσιν,
1370 960 1531 1030 ἡμεῖς
1579 957 1636 1011 δὲ
1692 955 1882 1027 ἀληθεῖ

310 1054 431 1126 Θεῷ
458 1054 797 1127 σαρκωθέντι
818 1091 833 1119 ,
875 1054 969 1108 κα)⁸
994 1052 1130 1108 Θεοῦ
1163 1051 1371 1115 δούλοις
1396 1050 1493 1105 καὶ
1525 1048 1703 1119 φίλοις
1724 1087 1739 1113 ,
1766 1047 1883 1100 δαι-

317 1145 496 1218 μόνων
524 1143 891 1202 ἀπελαύνουσι
921 1144 1106 1213 στίφη.

384 1410 482 1465 κε’.
514 1411 579 1463 Εἰ
618 1409 674 1463 δὲ
710 1408 838 1479 φὴς,
866 1409 958 1462 τὸν
997 1408 1140 1463 θεῖον
1171 1409 1267 1462 καὶ
1308 1407 1618 1478 θαυμαστὸν
1654 1404 1878 1474 Ἐπιφάο

314 1519 450 1567 νιον,
489 1500 786 1574 διαρρήδην
833 1499 1038 1563 ταύτας
1089 1498 1493 1571 ἀπαγορεῦσαι,
1522 1497 1736 1570 πρῶτον
1786 1498 1886 1568 μὲν

316 1592 479 1663 τυχὸν
523 1590 1091 1663 παρεγγεγραμμένος
1121 1589 1218 1643 καὶ
1266 1590 1600 1655 ὲπίπλαστος
1630 1592 1659 1643 ὁ
1704 1588 1883 1658 λόγος,

317 1684 477 1741 ἄλλου
504 1682 601 1754 μὲν
629 1682 704 1736 ῶν
737 1682 920 1747 πόνος,
952 1681 1141 1753 ἑτέρου
1167 1680 1225 1734 δὲ
1252 1681 1353 1752 τὴν
1375 1681 1693 1751 ἐπωνυμίαν
1721 1680 1880 1751 ἔχων,

1978 501 2168 565 gentes
2200 501 2398 562 prater
2433 491 2514 546 l'as
2554 504 2718 545 omne
2752 489 3078 549 abutantur,
3127 485 3420 555 religiosus
3447 500 3549 538 no.-

1979 594 2220 640 Strarum
2272 582 2455 637 cultus
2513 578 2791 636 tollendus
2828 586 2938 635 est.
2973 576 3251 647 Adjurant
3293 575 3547 631 incauta.

1979 683 2125 730 tores
2152 681 2207 729 et
2235 672 2673 743 prmstigiatores
2713 687 2727 724 :
2764 679 2819 725 at
2863 668 3295 725 catechumenos
3328 680 3550 739 quoque

1980 764 2206 835 adjurat
2239 762 2514 819 Ecclesia.
2551 763 2752 818 Verum
2785 760 2867 816 illi
2891 759 3117 832 quidem
3152 759 3432 816 daemones
3463 758 3550 815 in—

1979 861 2217 920 vocant;
2254 852 2368 907 hzec
2400 866 2533 908 vero
2578 850 2750 907 Deum
2772 858 2966 906 contra
2997 850 3300 906 daemones.
3334 847 3551 903 Daemo-

1981 943 2148 997 nibus
2180 941 2447 1011 imagines
2492 945 2825 995 consecrant
2867 937 3122 1010 gentiles,
3161 940 3302 1007 quas
3333 942 3386 990 et
3417 934 3551 990 deos

1982 1032 2358 1103 appellitant:
2427 1047 2530 1087 nos
2593 1040 2777 1086 autem
2846 1028 2958 1083 Deo
3022 1043 3159 1083 vero
3200 1026 3295 1097 qui
3325 1037 3550 1081 carnem

1983 1125 2309 1196 assumpsit,
2395 1139 2616 1180 necnon
2695 1121 2790 1176 Dei
2850 1119 3074 1175 famulis
3128 1126 3183 1174 et
3246 1117 3461 1182 amicis,
3520 1131 3553 1173 a

1982 1219 2190 1290 quibus
2213 1217 2520 1274 daemonum
2560 1225 2795 1273 caterva:
2838 1220 2895 1270 ct
2926 1211 3091 1268 cunei
3136 1210 3203 1287 in_
3223 1208 3407 1287 fugam
3439 1207 3556 1285 pel-

1983 1310 2193 1365 luntur.
2264 1312 2269 1315 ’
2674 1304 2681 1307 ⁷
3394 1376 3399 1381 _

2055 1400 2220 1472 319
2247 1399 2340 1456 25.
2374 1398 2531 1467 Quod
2568 1398 2616 1456 si
2646 1397 2803 1455 dicas
2845 1395 3091 1453 divinum
3139 1388 3557 1448 admirandum-

1959 1508 2092 1564 .que
2130 1491 2498 1563 Epiphanium
2552 1487 2888 1560 imaginibus
2940 1486 3121 1557 palam
3177 1479 3558 1542 interdixisse,

1984 1577 2225 1655 primum
2254 1583 2478 1653 quidem
2507 1579 2645 1636 illud
2675 1577 3078 1650 responderim,
3104 1574 3352 1630 libellum
3370 1572 3559 1634 istum,

1986 1673 2404 1744 supposititiunt
2457 1671 2828 1740 tictitiumque
2871 1682 3014 1731 esse,
3048 1666 3305 1736 quicum
3346 1662 3418 1716 ab
3451 1659 3562 1714 alio
3677 1687 3685 1693 -

317 1776 347 1829 δ
377 1752 591 1840 πολλοῖς
626 1774 857 1829 εἴθισται
880 1752 1354 1846 δρᾷνίΔεύτερον,
1391 1772 1549 1843 ῖσμεν
1579 1772 1669 1826 τὸν
1708 1771 1885 1843 μοικά⁹

1988 1766 2304 1822 elaboratus
2334 1764 2410 1820 sit
2439 1763 2671 1819 alterius
2715 1761 2939 1817 nomine
2992 1757 3295 1825 inscriptus
3342 1752 3512 1808 fuerit
3543 1767 3558 1804 :

320 1884 436 1939 ριον
471 1866 809 1932 Ἀθανάτων,
859 1865 1285 1937 ἀπηγορευκότα
1321 1865 1384 1919 τὸ
1424 1866 1485 1919 ἐν
1526 1864 1755 1936 λάρναξι
1801 1882 1888 1918 τι-

318 1959 470 2013 θέναι
506 1959 574 2012 τὰ
613 1958 724 2012 τῶν
771 1958 943 2028 ἁγίων
989 1957 1238 2027 λείψανα,
1273 1956 1474 2028 μᾶλλον
1513 1956 1574 2010 δὲ
1611 1956 1882 2028 προστάτ-

316 2067 478 2104 τοντα
502 2050 608 2104 ὑπὸ
628 2053 734 2122 γῆν
761 2050 937 2104 ταῦτα
968 2048 1386 2116 καλύπτειν,·τὺ
1412 2049 1611 2104 ἄτοπον
1639 2049 1759 2112 ἔθος
1785 2049 1889 2102 τῶν

315 2141 631 2209 Αἰγυπτίων
674 2142 1022 2213 καταργῆσαι
1057 2140 1402 2212 βουλόμενον,
1434 2141 1487 2194 οἳ
1519 2141 1646 2204 τοὺς
1680 2139 1889 2193 ἑαυτῶν

317 2228 566 2301 νεκροὺς,
628 2231 726 2301 οὐχ
766 2231 873 2284 ὑπὸ
923 2235 1027 2303 γῆν
1058 2230 1351 2304 ἔκρυπτον,
1382 2231 1498 2285 ἀλλ’
1544 2232 1640 2284 ἐπὶ
1690 2230 1889 2284 κλινῶν

317 2322 410 2374 καὶ¹
435 2321 769 2391 σκιμποδίων
804 2322 1050 2375 ἐτίθουν·
1088 2323 1228 2393 τάχα
1275 2322 1484 2376 τοιοῦτό
1517 2338 1573 2375 τι
1607 2322 1702 2376 καὶ
1728 2323 1756 2375 ὁ
1786 2321 1886 2390 μέ-

315 2427 420 2479 γας
455 2410 775 2478 Ἐπιφάνιος
803 2410 1304 2482 ἐπιδιορθώσασθαι
1339 2410 1528 2477 θέλων,
1555 2412 1617 2465 es
1650 2411 1725 2482 μὴ
1749 2411 1889 2481 χρῆ-

316 2517 404 2553 ναι
439 2500 612 2555 ποιεῖν
663 2500 877 2563 εἰκόνας
916 2501 1332 2573 ἐνομοθέτησεν,
1388 2501 1444 2554 ετ
1478 2517 1542 2571 γε
1588 2501 1685 2555 καὶ
1718 2498 1888 2555 αὐτοῦ

317 2587 498 2659 δῶμεν
530 2584 678 2642 εἶναι
711 2589 807 2642 τὸν
831 2588 1007 2658 λόγον.
1057 2589 1230 2656 Ἐπεὶ,
1262 2591 1347 2644 ὅτι
1378 2605 1443 2658 γε
1481 2591 1511 2642 ὁ
1545 2587 1740 2642 τούτου
1765 2603 1890 2640 σκο-

319 2679 423 2744 πὸς
484 2679 691 2743 ταύτας
736 2681 836 2734 οὐκ
892 2681 1202 2745 ἀπετίθετο,
1246 2680 1460 2751 μάρτυς
1500 2680 1535 2751 ἡ
1578 2677 1675 2733 τοῦ
1719 2675 1887 2732 αὐτοῦ

320 2767 468 2823 θείου
501 2768 818 2838 Ἑπιφανίου
881 2770 1216 2841 Ἐκκλησία,
1265 2769 1440 2824 εἰκόσι
1482 2769 1675 2841 μέχρις
1733 2768 1890 2839 ἡμῶν

321 2859 869 2930 περικεκοσμημένη.
906 2859 1121 2930 Τρίτον,
1152 2859 1214 2912 οὐ
1252 2860 1314 2913 τὸ
1354 2859 1579 2915 σπάνιον
1610 2859 1776 2930 νόμος
1820 2859 1887 2929 τῇ

338 2949 654 3020 Ἐκκλησίᾳ,
679 2949 802 3003 οὐδὲ
836 2949 934 3019 μία
970 2947 1196 3020 χελιδὼν
1232 2948 1335 3021 ἔαρ
1377 2953 1542 3017 ποιεῖ,
1577 2950 1655 3014 ὡς
1681 2950 1778 3003 καὶ
1809 2948 1890 3019 τῷ

321 3041 569 3112 Θεολόγῳ
592 3040 879 3111 Γρηγορίῳ
919 3040 1015 3094 καὶ
1037 3043 1104 3111 τῇ
1128 3038 1357 3110 ἀληθείᾳ
1380 3040 1561 3094 δοκεῖ·
1589 3041 1710 3094 οὐδὲ
1734 3041 1890 3109 λόγος

324 3124 428 3196 εἷς,
456 3096 861 3199 δύνατίίςῶλτις⁸
886 3096 1240 3200 Ἐκκλτίσίαςί
1288 3096 1397 3199 si};
1432 3128 1544 3184 ἀπὸ
1573 3130 1679 3199 γῆς
1710 3096 1888 3201 napi.-
1919 3096 1964 3155 ο

322 3238 433 3277 των
462 3219 637 3293 μέχρι
677 3217 788 3276 τῶν
828 3216 998 3288 αὐτῆς
1045 3215 1319 3288 περάτων,
1355 3214 1664 3287 ἀνατρέψαι
1712 3217 1890 3289 παρά-

321 3314 491 3370 δοσιν.

1988 1855 2132 1926 quod
2152 1854 2371 1925 quidem
2390 1853 2545 1908 multi
2565 1861 2626 1907 ut
2655 1850 2933 1923 patrarent
2962 1848 3019 1903 in
3052 1861 3206 1902 more
3225 1844 3560 1899 habuerunt.

1989 1947 2249 2016 Secundo
2275 1946 2375 2015 (1),
2431 1942 2900 2016 quemadmodum
2944 1942 3159 1996 beatum
3198 1936 3562 1992 Athanasium

1987 2039 2339 2111 prohibuisse
2413 2038 2694 2100 novimus,
2771 2049 2841 2089 ne
2927 2042 3250 2088 sanctorum
3323 2033 3562 2098 corpora

1988 2131 2173 2202 capsis
2199 2127 2658 2192 reconderentur,
2687 2125 2828 2196 quin
2859 2125 3048 2194 potius
3075 2123 3246 2177 humo
3273 2121 3381 2191 tegi
3423 2132 3563 2189 prtu-

1988 2221 2225 2290 cepisse,
2263 2232 2332 2274 eo
2378 2216 2529 2288 quod
2577 2215 2849 2271 absonum
2888 2228 3099 2270 morem
3148 2209 3559 2282 Egyptioruni,

1989 2312 2083 2383 qui
2123 2318 2373 2365 mortuus
2400 2322 2533 2364 suos
2574 2313 2725 2362 terra
2752 2321 2864 2361 non
2910 2303 3247 2366 humabant,
3267 2300 3365 2358 sed
3395 2300 3450 2354 in
3483 2298 3563 2354 lo-

1990 2403 2157 2459 ctulis
2198 2413 2254 2458 et
2293 2398 2620 2471 scimpodiis
2660 2397 3033 2462 reclinabant,
3064 2395 3228 2452 vellet
3270 2394 3559 2464 abrogare.

1991 2494 2084 2550 Sic
2130 2493 2387 2549 fortassis
2433 2492 2600 2547 etiam
2651 2503 2884 2559 magnus
2934 2486 3274 2558 Epiphanius
3306 2483 3404 2552 (si
3436 2482 3562 2554 qui-

1989 2586 2114 2642 dem
2165 2584 2336 2640 libelli
2386 2582 2553 2652 hujus
2609 2581 2880 2652 genuinus
2929 2587 3122 2635 auctor
3169 2577 3294 2647 est)
3346 2583 3408 2631 ut
3450 2574 3563 2630 talo

1990 2677 2121 2748 quid
2151 2676 2473 2745 corrigeret,
2515 2672 2782 2743 imagines
2814 2670 3100 2727 faciendas
3144 2685 3257 2725 non
3286 2681 3411 2725 esse
3433 2681 3563 2721 cen-

1990 2768 2187 2823 suerit.
2238 2764 2397 2832 Quod
2451 2766 2600 2820 enim
2655 2762 3002 2833 Epiphanius
3057 2761 3223 2831 hujus
3276 2758 3564 2816 sententia!

1991 2876 2104 2916 non
2151 2858 2342 2922 fuerit,
2399 2865 2459 2911 ut
2511 2856 2637 2911 illas
2695 2855 2917 2924 penitus
2960 2853 3228 2919 auferret,
3274 2852 3432 2909 testis
3478 2857 3565 2907 est

1991 2952 2227 3020 ipsamet
2256 2946 2551 3018 Epiphanii
2582 2943 2849 3013 Ecclesia,
2879 2959 3002 3016 quae
3035 2945 3105 3000 ad
3136 2944 3282 3000 hanc
3314 2952 3561 2999 nostram

1993 3053 2175 3110 usque
2201 3044 2415 3094 aetatem
2445 3036 2787 3109 imaginibus
2826 3036 3194 3107 undequaque
3240 3035 3560 3092 decoratur.

1997 3129 2186 3187 Tertio
2214 3128 2478 3200 denique,
2507 3128 2656 3200 quod
2683 3145 2715 3185 a
2747 3130 2943 3200 paucis
2966 3136 3022 3185 et
3061 3142 3189 3183 raro
3229 3127 3310 3193 ﬁt,
3339 3127 3448 3182 vim
3479 3127 3563 3180 le-

1996 3220 2081 3291 gis
2126 3220 2184 3275 in
2236 3218 2486 3276 Ecclesia
2546 3234 2655 3275 non
2721 3220 2905 3276 habet.
2966 3218 3125 3284 Nam,
3180 3226 3245 3272 ut
3296 3216 3565 3288 Gregorio

1997 3310 2277 3382 Theologo
2329 3312 2512 3380 placet
2557 3311 2625 3375 °°,
2681 3326 2790 3366 una
2830 3309 3069 3367 hirundo
3110 3322 3221 3365 non
3269 3307 3402 3362 facit
3427 3322 3563 3366 ver:

322 3425 429 3467 nec
464 3412 626 3467 unius
679 3410 951 3467 sententia
1006 3407 1148 3464 tanti
1184 3405 1400 3463 roboris
1433 3403 1621 3469 fuerit,
1659 3410 1719 3456 ut
1758 3402 2029 3461 universa
2077 3404 2362 3474 Ecclesia,
2416 3420 2541 3478 qua:
2606 3405 2675 3461 ab
2719 3411 2965 3461 extremo
3038 3410 3202 3460 terra:
3276 3400 3345 3456 ad
3409 3400 3561 3457 aliud

322 3511 627 3557 extremum
685 3501 884 3557 diﬂ‘usa
938 3507 1046 3567 est,
1110 3497 1466 3554 traditionem
1526 3496 1705 3566 possit
1750 3504 2017 3553 evertere.
2929 3502 2935 3507 ‘
3076 3506 3081 3513 ί

393 3599 507 3658 κς’.
541 3592 706 3663 Δέχου
735 3595 915 3649 τοίνυν
943 3595 1053 3648 τῶν
1097 3589 1393 3663 Γραφικῶν
1442 3590 1541 3643 καὶ
1586 3605 1890 3661 πνευματι-

326 3679 439 3734 κῶν
465 3678 491 3717 ⁸
516 3681 769 3752 χρήσεων
786 3682 877 3736 τὸν
905 3682 1096 3754 ἑσμὸν,
1122 3682 1204 3734 ὅτι
1230 3681 1281 3733 εί
1314 3678 1409 3733 καὶ
1428 3677 1635 3749 λέγειή
1674 3680 1888 3752 Γραφή-

331 3783 353 3816 ‹
388 3765 469 3818 Τά
491 3766 685 3821 εῐδωλα
714 3769 823 3822 τῶν
855 3769 1023 3824 ἐθνῶν
1072 3768 1335 3840 ἀργύριον
1358 3766 1456 3820 καὶ
1477 3767 1722 3837 χρυσίον,
1756 3768 1895 3839 ἔργα

325 3855 524 3926 χειρῶν
572 3857 894 3929 ἀνθρώπων·
925 3878 945 3911 ι
997 3859 1113 3913 ἀλλ’
1140 3856 1234 3911 οὖν
1279 3856 1341 3910 οὐ
1361 3855 1424 3910 τὸ
1449 3857 1525 3927 μὴ
1567 3862 1895 3929 προσκυνεῖν

323 3947 552 4018 ἀψύχοις
582 3948 615 4020 ἢ
645 3948 828 4021 ἔργοις
868 3951 1070 4023 χειρῶν
1118 3948 1341 4014 κωλύει,
1368 3946 1509 4002 ἀλλὰ
1548 3950 1667 4013 ταῖς
1702 3949 1892 4021 δαιμό-

326 4054 435 4092 νων
459 4036 690 4094 είκόσινὲ

397 4209 500 4274 κζ’.
537 4212 658 4268 Ὀτι
682 4213 780 4283 μὲν
804 4209 897 4268 οῦν
923 4215 1197 4284 ἀγγέλοις.
1216 4219 1312 4272 καὶ
1331 4219 1662 4292 ἀνθρώποις,
1680 4222 1774 4275 καὶ
1799 4222 1894 4290 βα-

329 4300 557 4367 σιλεῦσι,
576 4302 672 4356 καὶ
691 4303 935 4370 ἀσεϐέσι,
954 4307 1370 4378 προσεκύνησαν
1395 4310 1447 4362 οἱ
1482 4311 1776 4381 προφῆται,
1800 4312 1894 4364 καὶ

329 4392 530 4464 ῥάϐδῳ,
567 4394 786 4464 εἴρηται
809 4411 822 4426 ⁶
856 4396 1008 4466 λέγει
1035 4397 1093 4451 δὲ
1120 4400 1216 4453 καὶ
1241 4399 1434 4454 Δαϐίδο
1467 4419 1486 4453 ι
1510 4400 1622 4456 Καὶ
1652 4418 1892 4472 προσκυ-

324 4487 466 4539 νεῖτε
512 4485 590 4556 τῷ
619 4487 894 4559 ὑποποδίῳ
929 4488 1037 4543 τῶν
1075 4489 1252 4543 ποδῶν
1281 4492 1469 4550 αὐτοῦ.
1497 4510 1518 4545 ι
1576 4466 1806 4556 Ἡσαΐας
1834 4492 1892 4546 δὲ
1928 4466 1967 4518 D

325 4576 394 4630 ἐκ
429 4576 724 4648 προσώπου
770 4579 866 4633 τοῦ
908 4578 1044 4632 Θεοῦ
1065 4596 1080 4611 ·
1118 4598 1138 4632 ι
1172 4580 1234 4633 '0
1279 4582 1509 4652 οὐρανός
1546 4597 1638 4653 μοι
1677 4580 1889 4652 θρόνος,

324 4668 514 4739 φησὶν,
537 4671 570 4739 ή
592 4668 647 4722 δὲ
673 4672 766 4741 γῆ,
791 4670 1080 4723 ὑποπόδιον
1104 4669 1217 4724 τῶν
1242 4671 1419 4725 ποδῶν
1448 4689 1571 4742 μου.
1603 4690 1622 4723 ι
1650 4672 1893 4742 Οὐρανὸς

323 4761 380 4816 δὲ
431 4761 529 4817 καὶ
590 4764 661 4834 γῆ
712 4764 874 4817 παντί
923 4781 1026 4822 που
1079 4764 1239 4835 δῆλον
1295 4764 1380 4817 ὅτι
1433 4762 1730 4833 κτίσματα.
1781 4765 1893 4817 Καὶ

2066 3591 2157 3648 26.
2208 3590 2322 3648 Hac
2357 3592 2542 3663 itaque
2595 3592 2808 3648 ratione
2860 3590 3244 3669 depromptum
3290 3604 3357 3645 ex
3410 3587 3564 3645 Scri-

1996 3693 2155 3753 ptura
2203 3694 2261 3740 et
2291 3683 2555 3739 Patribn's
2604 3684 2851 3738 locorum
2885 3672 3109 3754 globum
3158 3680 3449 3751 excipias:
3482 3681 3562 3736 ita

1992 3775 2161 3844 quod,
2207 3775 2313 3830 etsi
2359 3772 2645 3844 Scriptura
2673 3772 2851 3829 dicit:
2886 3790 2906 3824 ι
2935 3771 3243 3828 Simulacra
3314 3771 3561 3843 gentium

1992 3874 2278 3937 argentum
2302 3873 2357 3921 et
2378 3879 2595 3930 aurum,
2621 3878 2788 3935 opera
2834 3877 3096 3919 manuum
3125 3863 3411 3918 hominum
3440 3864 3513 3931 ";
3539 3881 3559 3916 ι

1991 3962 2339 4028 nequaquam
2386 3962 2568 4011 tamen
2616 3955 2784 4012 rebus
2837 3954 3121 4020 inanimis,
3156 3963 3250 4010 aut
3301 3966 3564 4013 manuum

1992 4061 2096 4117 ope
2147 4047 2444 4110 elaboratis
2500 4046 2882 4102 adorationem
2932 4045 3185 4102 adhiberi
3250 4044 3561 4116 prohibeat,

1993 4137 2086 4193 sed
2118 4136 2429 4194 daemonum
2460 4136 2730 4192 duntaxat
2765 4136 3103 4193 simulacris.

2060 4228 2151 4282 27.
2182 4226 2303 4282 iam
2342 4242 2496 4292 vero,
2543 4226 2689 4298 quod
2736 4226 2995 4297 angelos,
3036 4223 3288 4279 homines
3312 4233 3367 4278 et
3404 4238 3563 4295 reges

1991 4322 2348 4388 quantumvis
2377 4318 2598 4389 impios,
2632 4318 2910 4387 prophetae
2952 4313 3324 4379 adoraverlnt,
3362 4313 3473 4367 lmo
3507 4325 3562 4370 et

1993 4409 2228 4477 virgam,
2273 4406 2381 4461 hoc
2428 4405 2541 4476 jam
2591 4406 2884 4475 probatum
2922 4403 3047 4457 fuit.
3085 4401 3254 4457 David
3299 4394 3562 4472 praeterea

1998 4493 2134 4548 dicit
2164 4509 2176 4544 :
2219 4512 2239 4546 ι
2270 4495 2512 4549 Adorate
2537 4494 2839 4550 scabellum
2871 4493 3069 4562 pedum
3099 4491 3218 4561 ejus
3246 4491 3314 4546 ".
3343 4511 3363 4546 ι
3398 4492 3567 4551 Isaias

1999 4591 2185 4638 autem
2241 4598 2309 4638 ex
2366 4598 2600 4652 persona
2641 4582 2733 4637 Dei
2767 4582 2886 4637 ait:
2923 4601 2944 4635 ι
2981 4580 3191 4639 Caelum
3223 4583 3356 4642 mihi
3409 4587 3566 4645 sedes

1998 4682 2104 4740 est,
2135 4682 2190 4729 et
2215 4684 2356 4730 terra
2389 4674 2686 4743 scabellum
2715 4675 2914 4745 pedum
2958 4686 3203 4733 meorum
3234 4678 3303 4731 ".
3338 4696 3358 4730 ι
3392 4677 3568 4732 Porro
3652 4674 3663 4683 κ

1998 4764 2199 4821 cmlnm
2247 4772 2304 4821 et
2347 4771 2546 4821 terram
2586 4772 2803 4823 creatas
2829 4782 2919 4823 res
2942 4783 3067 4838 esse
3105 4768 3311 4828 nmini
3340 4768 3567 4825 dubium

398 4901 633 4977 “Gn-eg.
659 4902 794 4961 Naz.
833 4913 974 4959 orat.
1006 4904 1095 4962 38.
1136 4905 1214 4963 .⁹¹
1246 4904 1395 4961 Psal.
1424 4920 1581 4971 cun,
1622 4904 1709 4959 12.
1785 4907 1831 4938 ”
1868 4905 2015 4962 Psal.
2048 4920 2235 4972 xcvnl,
2262 4907 2314 4963 5.
2380 4905 2427 4939 ’³
2454 4904 2557 4962 lsa.
2594 4923 2740 4976 uvl,
2777 4911 2826 4966 l.

1627 5063 1863 5121 VARIE
1894 5064 2295 5125 LECTIONES.

401 5144 431 5184 ⁸
459 5148 599 5214 Quid
636 5153 683 5206 si
730 5153 877 5224 legas
900 5162 1027 5209 cum
1052 5151 1215 5208 Blllto
1246 5154 1554 5226 πατρικῶν.
1604 5155 2068 5227 quemadmodum
2104 5157 2309 5241 orat.2
2346 5158 2438 5214 ubi
2484 5159 2600 5214 haec
2630 5159 2793 5215 verba
2819 5159 3039 5231 aliaque
3073 5166 3422 5230 repetuntur.

1841 5313 2072 5373 NOTE.

402 5389 476 5475 μ)
512 5391 650 5475 Male
671 5394 953 5475 Tilmannus
980 5420 992 5454 :
1027 5399 1158 5475 Tum
1177 5401 1408 5456 secundo
1435 5402 1552 5475 loco
1568 5406 1614 5458 si
1641 5407 1857 5475 apponi:
1881 5424 1900 5461 :

327 5463 534 5547 Scimus
576 5463 783 5547 beatum
802 5468 1175 5547 Athanasium,
1196 5478 1253 5525 et
1283 5475 1338 5547 in
1354 5473 1630 5547 _ma_rgine
1654 5463 1900 5538 secunda

326 5537 569 5616 obj-mio,
600 5537 815 5616 solutio.
850 5538 922 5591 lbi
950 5540 1096 5593 enim
1129 5554 1238 5616 non
1278 5537 1643 5616 objectidnem
1669 5537 1887 5607 novam,

326 5603 420 5657 sed
470 5606 622 5673 prius
671 5608 849 5659 allatae
905 5609 1315 5677 responsionem
1348 5603 1668 5668 'secundam
1721 5603 1888 5669 tradit

327 5685 539 5737 auctor,
589 5690 750 5743 quam
803 5691 1018 5729 rursum
1057 5679 1213 5731 tertia
1256 5681 1525 5751 sequitur.
1574 5682 1685 5740 Nec
1740 5685 1890 5739 aliud

656 5766 921 5825 ΡΑτιιοι.
971 5767 1088 5828 (in.
1138 5768 1339 5831 XCIV.

2009 5408 2144 5471 vult,
2173 5408 2279 5464 nisi
2313 5407 2484 5482 quod‘
2515 5424 2612 5482 pro
2665 5408 2937 5482 locorum,
2986 5414 3291 5482 temporum
3313 5405 3391 5482 "et
3422 5412 3565 5482 per.

2003 5468 2267 5532 nonarum
2319 5468 2656 5541 discrimine,
2693 5478 2799 5531 alia
2852 5468 3061 5532 et'alia
3099 5468 3275 5526 'tuerit
3309 5468 3573 5541 Ecclesia:

2001 5546 2319 5615 disciplina,
2351 5556 2516 5617 atque
2567 5538 2781 5603 semoto
2815 5543 3137 5617 idololatrian:
3167 5538 3432 5617 scandala
3477 5554 3572 5593 sa—

1999 5610 2218 5739 lorarum
2255 5610 2557 5691 imaginum
2585 5616 2999 5674 venerationem
3036 5615 3139 5668 rite
3165 5610 3406 5664 Ecclesia
3438 5623 3567 5684 pro-

2018 5694 2225 5739 ’ποι-ιι.

2018 5703 2060 5738 ia
2070 5687 2225 5740 verit.
