4026 6156
306 360 434 424 1261
1416 362 1514 421 DE
1554 358 1885 420 IMAGINI]

1987 360 2009 418 5
2044 359 2331 421 ORATIO
2369 363 2418 433 Ι.
3414 360 3548 427 mit).

301 470 629 541 θυνομένην,
671 470 764 539 ὑφ’
792 464 868 526 ὧν
900 470 1235 543 ἰεραρχικῶς
1263 470 1340 542 (2)
1394 470 1487 523 ἐπὶ
1532 469 1634 539 τὴν
1666 466 1872 537 ὲνοειδῆ

1987 467 2329 524 sensibilium
2367 470 2636 525 varietate
2658 472 2940 547 signorum
2980 471 3333 541 multiplicari
3363 476 3547 528 cerni-

303 562 502 617 θέωσιν
531 564 589 616 ὲν
616 564 934 635 συμμετρίᾳ
958 566 1024 634 τῇ
1050 562 1175 617 καθ’
1206 564 1357 635 ἡμᾶς
1378 559 1717 631 ἁναγόμεθα,
1741 557 1873 612 Θεόν

1987 573 2122 624 mus,
2163 559 2367 629 quibus
2398 570 2559 630 prout
2589 577 2808 617 sacrum
2854 562 3237 632 magisterium
3276 562 3455 628 decet,
3483 562 3548 637 an‘

299 670 362 707 τε
397 655 491 708 καί
519 654 674 709 θείαν
698 654 923 725 ἀρετὴν,
949 656 1005 709 αἱ
1034 655 1133 725 μὲν
1157 654 1233 718 ὡς
1265 656 1387 717 νόες
1425 651 1607 707 νοοῦσι
1641 650 1783 704 κατὰ
1813 650 1877 702 τὸ

1987 648 2313 703 nniformem
2342 664 2619 707 concessa:
2661 666 2759 721 pro
2799 662 2990 707 nostro
3021 652 3246 708 modulo
3286 654 3551 709 divinitav

303 743 491 808 αὑτοῖς
513 744 757 814 θεμιτὸν,
784 745 946 815 ἡμεῖς
970 744 1027 797 δὲ
1075 743 1364 815 αἰσθηταῖς
1401 743 1606 796 εἰκόσιν
1651 741 1745 795 ὲ,πί
1776 738 1875 803 τὰς

1987 738 2049 792 lis
2096 737 2331 809 gratiam
2388 755 2600 796 necnon
2639 741 2708 796 ad
2764 743 2934 799 Deum
2986 743 3343 814 divinamque
3379 745 3553 799 virtu-

302 833 477 903 θείας,
502 834 578 898 ὡς
608 834 854 907 δυνατὸν,
893 834 1213 906 ἀναγόμεθα
1248 833 1502 904 θεωρίας.
1533 852 1551 885 ι

1987 837 2085 883 tem
2109 829 2418 886 evehimur.
2447 831 2570 886 Istae
2597 831 2844 902 quidem,
2879 839 3068 903 utpote
3106 843 3339 899 mentes,
3369 849 3548 906 quan-

304 932 421 984 tum
457 922 567 978 illis
589 921 674 979 fas
706 930 812 989 est,
862 922 1216 993 intelligunt:
1249 937 1351 979 nos
1381 930 1562 977 autem
1599 918 1953 976 sensibilibus
2019 917 2356 989 imaginibus
2399 919 2469 974 ad
2511 920 2746 989 divinas,
2813 936 2923 993 qua
2972 923 3087 979 fieri
3156 933 3354 995 potest,
3423 943 3556 985 con-
3625 983 3627 986 ί

302 1015 691 1085 templationes
716 1029 1126 1085 promovemur.
1154 1033 1173 1066 ι

372 1107 654 1176 Σχόλιον.
685 1105 748 1158 Εί
773 1105 955 1160 τοίνυν
984 1105 1268 1175 ἀναλόγως
1298 1107 1433 1176 ἡμῖν
1466 1105 1653 1167 αὑτοῖς
1689 1100 1876 1171 αἰσθη-

302 1200 423 1262 ταῖς
466 1198 671 1251 εἰκόσιν
722 1198 816 1251 ἐπὶ
857 1196 960 1267 τὴν
1009 1196 1160 1252 Θείαν
1208 1198 1305 1250 καὶ
1356 1196 1517 1251 ἀΰλον
1558 1194 1877 1264 ἀναγόμεθα

304 1287 582 1359 θεωρίαν,
629 1285 726 1341 καὶ
768 1285 1176 1358 φιλανθρώπως
1221 1289 1255 1357 ἡ
1317 1284 1438 1339 θεία
1493 1285 1722 1355 πρόνοια
1766 1285 1880 1346 τοῖς

305 1376 736 1447 ἀσχηματίστοις
768 1376 863 1429 καὶ
894 1374 1207 1438 ἅτυπώτοις
1244 1374 1452 1437 τύπους
1489 1373 1585 1427 καὶ
1620 1371 1878 1442 σχήματα

305 1467 406 1538 τῆς
434 1466 593 1538 ἡμῶν
621 1466 809 1521 ἓνεκεν
837 1464 1212 1537 χειραγωγίας
1247 1463 1589 1535 περιτίθησι,
1618 1460 1673 1515 τί
1707 1463 1880 1532 ἀπρε-

308 1559 410 1622 πὲς
444 1559 535 1612 τὸν
564 1560 802 1629 σχήματι
846 1558 942 1611 καὶ
975 1558 1157 1629 μορφῇ
1185 1554 1540 1625 ὑποκύψαντα
1570 1548 1879 1623 φιλανθρώ-

308 1667 427 1719 πως
457 1649 527 1704 δι’
553 1651 725 1721 ἡμᾶς,
759 1647 1047 1715 εἰκονίζειν
1077 1647 1358 1717 ἀναλόγως
1390 1646 1524 1717 ἡμῖν
1552 1643 1732 1707 αὑτοῖς
1756 1659 1773 1709 ;

376 1911 552 1980 Λόγος
589 1909 799 1965 ἀνωθεν
835 1909 918 1973 είς
947 1910 1095 1979 ἡμᾶς
1125 1907 1568 1982 παραδεδομένος
1611 1905 1879 1969 κάτεισιν,

307 2001 581 2073 Αύγαρον,
612 2001 703 2055 τὸν
735 2000 994 2071 Ἐδέσσης
1022 2000 1235 2055 ἄνακτά
1266 2017 1432 2071 φημι,
1462 2001 1530 2069 τῇ
1555 1996 1653 2052 τοῦ
1676 1996 1883 2068 Κυρίου

280 2094 449 2164 ⁴πρὸς
487 2093 631 2146 θεῖον
681 2091 1127 2163 ὲκπυρσευθέντα
1185 2090 1366 2162 ἔρωτα
1406 2091 1568 2159 ἀκοῇ,
1614 2087 1887 2141 ἀπεσταλ-

312 2187 471 2241 κέναι
500 2183 786 2255 πρέσϐεις,
834 2182 935 2252 τὴν
973 2179 1140 2237 αὑτοῦ
1186 2181 1478 2252 ἐπίσκεψιν
1510 2179 1883 2245 ἐξαιτοῦντας.

312 2279 376 2331 Εἰ
417 2277 475 2330 δὲ
521 2274 784 2346 ἀρνηθείη
828 2273 989 2329 τοῦτο
1027 2275 1270 2345 δράσειν,
1318 2274 1381 2329 τὸ
1426 2272 1620 2328 τούτου
1670 2271 1885 2327 κελεύει

310 2369 563 2441 ὁμοίωμα
588 2367 865 2438 ζωγράφῳ
893 2365 1241 2437 ἐκμάξασθαι
1261 2382 1274 2396 ·
1310 2365 1339 2418 ὃ
1363 2365 1563 2434 γνόντα
1588 2364 1679 2419 τὸν
1707 2363 1887 2418 πάντα

312 2462 511 2527 εἰδότα,
543 2460 640 2514 καὶ
668 2459 847 2513 πάντα
893 2458 1213 2528 δυνάμενον,
1260 2457 1325 2511 τὸ
1368 2458 1536 2529 ῥάκος
1582 2455 1886 2526 εἰληφέναι,

311 2553 407 2607 καὶ
445 2552 526 2624 τῷ
575 2551 853 2625 προσώπῳ
902 2550 1438 2624 προσενεγκάμενον,
1471 2551 1531 2603 ὲν
1569 2548 1745 2620 τούτῳ
1794 2548 1888 2602 τὸν

311 2648 510 2701 εἰκεῖον
537 2644 1014 2718 ὲναπομόρξασθαι
1043 2643 1391 2716 χαρακτῆρα,
1412 2642 1442 2697 δ
1472 2642 1569 2713 καὶ
1596 2642 1761 2714 μέχρι
1791 2640 1886 2696 τοῦ

315 2736 410 2791 νῦν
450 2735 705 2801 σώζεται.

2055 1092 2349 1149 Comment.
2401 1091 2564 1161 Quod
2596 1094 2643 1148 si
2673 1094 2862 1164 igitur,
2909 1102 2970 1150 ut
3002 1107 3191 1153 nostra
3221 1099 3327 1155 fert
3357 1101 3557 1159 intelli.

1984 1188 2186 1259 gentia,
2221 1202 2320 1258 per
2361 1186 2653 1243 sensibiles
2700 1188 2968 1258 imagines
3014 1190 3083 1245 ad
3114 1190 3358 1247 divinam
3390 1200 3557 1264 atque

1984 1275 2227 1329 materia:
2266 1282 2542 1330 exsortem
2598 1274 3127 1345 contemplationem
3179 1277 3556 1349 sublevamur,

1984 1366 2286 1435 divinaque
2325 1364 2697 1437 providentia,
2738 1381 2830 1421 res
2860 1364 3037 1420 forma
3068 1376 3121 1422 et
3153 1366 3326 1438 ﬁgura
3363 1384 3557 1425 caren-

1984 1464 2088 1523 tes,
2121 1454 2316 1512 formis
2344 1466 2400 1512 et
2442 1456 2656 1526 ﬁguris,
2714 1456 2920 1527 quibus
2974 1457 3146 1513 veluti
3189 1473 3355 1514 manu
3389 1460 3557 1516 duca-

1985 1560 2130 1611 mur,
2199 1546 2636 1603 circumvestivit
2689 1565 2703 1601 :
2760 1547 2894 1618 quid
2968 1548 3302 1605 incommodi
3366 1552 3556 1617 fuerit,

1984 1637 2114 1705 quin
2146 1651 2294 1703 eum,
2325 1637 2419 1707 qui
2440 1651 2540 1707 pro
2580 1652 2680 1692 sua
2712 1652 2840 1708 erga
2876 1652 2977 1694 nos
3018 1638 3399 1708 humanitate,
3433 1657 3557 1699 sese

1990 1725 2176 1797 figura:
2226 1725 2527 1798 formatque
2572 1728 2833 1798 subjecit,
2882 1738 3251 1787 consentanea
3283 1734 3445 1791 nobis
3472 1750 3560 1790 ra-

1911 1805 1954 1860 Β
1984 1818 2131 1874 tione
2154 1817 2488 1890 imaginibus
2513 1819 2926 1891 exprimamus?

2052 1910 2375 1981 Antiquitas
2413 1909 2616 1966 tradita
2641 1912 2894 1967 narratio
2924 1911 2992 1967 ad
3029 1926 3129 1969 nos
3152 1928 3328 1984 usque
3359 1929 3556 1984 perve-

1985 2002 2103 2067 nit;
2140 2000 2418 2072 Abgarum
2448 2000 2662 2058 scilicet
2690 2000 2916 2058 Edessa:
2955 2017 3160 2074 regem,
3206 2005 3409 2062 auditis
3436 2021 3560 2076 quas

2000 2092 2067 2147 de
2100 2091 2332 2146 Domino
2380 2090 2718 2155 ferebantur,
2757 2092 3306 2150 divino-succensum
3338 2096 3558 2163 ardore,

1986 2184 2195 2254 legatos
2233 2182 2475 2248 misisse,
2502 2168 2614 2253 qui
2659 2197 2787 2238 eum
2833 2182 2900 2238 ad
2940 2197 3000 2238 se
3035 2183 3387 2241 invisendum
3419 2187 3561 2243 invi—

1986 2281 2199 2340 tarent;
2255 2277 2340 2329 sin
2394 2288 2525 2329 vero
2581 2274 2875 2339 abnueret,
2933 2276 3157 2331 mandat
3216 2286 3277 2332 ut
3331 2277 3560 2348 pictoris

1985 2380 2150 2437 opera
2182 2365 2476 2437 imaginem
2499 2364 2619 2434 ejus
2665 2366 3014 2437 exprimant:
3047 2367 3192 2437 quod
3228 2384 3359 2424 cum
3390 2372 3558 2427 sciret

1987 2457 2081 2513 ille
2109 2457 2199 2511 cui
2233 2456 2375 2511 nihil
2423 2457 2723 2513 obscurum
2756 2467 2866 2524 est,
2897 2458 3105 2530 quique
3136 2462 3327 2518 omnia
3356 2472 3558 2534 potest.

1987 2554 2215 2616 accepto
2259 2561 2462 2617 panno,
2513 2562 2736 2619 suaque
2785 2546 2945 2605 faciei
2998 2550 3243 2616 admoto,
3277 2556 3558 2625 propriam

1987 2636 2214 2709 efﬁgiem
2264 2639 2601 2709 appinxisse,
2653 2653 2778 2711 qua:
2809 2639 2877 2695 ad
2916 2640 3036 2697 hmo
3084 2658 3263 2715 usque
3308 2652 3557 2719 tempora

1988 2738 2239 2785 servatur
2272 2729 2588 2786 incolumis.

320 2830 431 2884 Τοῦ
460 2828 806 2893 Βασίλειον,
826 2828 897 2881 ἐκ
925 2828 1033 2883 τοῦ
1052 2830 1102 2881 εί
1164 2829 1272 2882 τὸν
1294 2827 1589 2896 μακάριον
1604 2826 1885 2895 Βαρλαὰμ

382 2899 494 2953 τὸν
519 2897 785 2953 μάρτυρα
814 2898 1021 2953 λόγου.
1052 2846 1139 2953 οὖς
1160 2897 1198 2953 ἠ
1226 2896 1380 2953 ἀρχή
1405 2912 1419 2926 ⁸
1446 2898 1743 2953 Πρότερον
1775 2896 1885 2953 μὲν

1990 2817 2048 2875 S.
2083 2819 2301 2884 Basilii,
2350 2837 2416 2876 ea;
2460 2838 2698 2878 sermone
2729 2824 2786 2877 in
2818 2823 2878 2881 S.
2931 2822 3190 2883 Barlaam
3233 2844 3522 2902 martyrem
3546 2876 3562 2901 ,

2056 2891 2212 2953 cujus
2273 2892 2484 2946 initium
2540 2901 2620 2948 est
2649 2905 2672 2945 .'
2711 2892 2956 2950 Primum
3004 2900 3217 2953 auidem
3252 2913 3562 2953 sanctarum

382 2899 494 2967 τὸν
519 2897 785 2967 μάρτυρα
814 2898 1021 2967 λόγου.

383 2966 503 3021 τῶν
521 2964 713 3035 ἁγίων
736 2970 791 3020 οι
816 2964 1081 3021 θάνατοι.

394 3075 415 3108 ι
451 3053 747 3125 Ἀνάστητέ
798 3070 889 3123 μοι
918 3050 1034 3119 νῦν,
1061 3046 1107 3106 ὧ
1151 3053 1399 3123 λαμπροὶ
1434 3052 1543 3107 τῶν
1582 3053 1891 3125 ἀθλητικῶν

1160 2897 1198 2965 ἡ
1226 2896 1380 2966 ἀρχή
1405 2912 1419 2926 ’
1446 2898 1743 2965 Πρότερον
1774 2896 1892 2966 μὲν

2056 2891 2212 2958 cujus
2273 2892 2484 2946 initium
2540 2901 2620 2948 est
2649 2905 2672 2945 .°
2711 2892 2956 2950 Primum
3004 2900 3217 2968 quidem
3252 2891 3562 2960 sanctorum

2063 2976 2221 3013 mors.

2067 3067 2086 3101 ι
2115 3048 2337 3122 Surgite
2363 3066 2537 3116 nunc,
2568 3053 2953 3112 athleticorum
2985 3066 3268 3131 gestorum
3295 3070 3565 3139 praestan-

317 3144 762 3218 κατορθωμάτων
784 3144 1089 3214 ζωγράφοι,
1114 3144 1215 3214 τὴν
1244 3143 1339 3197 τού
1393 3142 1698 3215 στρατηγοῦ
1738 3145 1885 3199 κολο-

1994 3140 2193 3196 tissimi
2237 3140 2397 3215 331
2443 3143 2706 3215 pictores,
2759 3146 3101 3217 imperfecta:
3136 3132 3307 3207 ducis?
3340 3153 3562 3223 imagini

315 3239 586 3295 6wOei'cav
608 3237 795 3293 εἰκόνα
817 3238 936 3297 ταῖς
959 3235 1254 3306 ὑμετέραις
1278 3235 1621 3306 μεγαλύνατε
1647 3236 1887 3306 τέχναις.

328 3328 730 3401 ’Δμαυρότερον
770 3325 901 3397 παρ’
942 3325 1081 3396 ἐμοῦ
1110 3326 1203 3379 τὸν
1237 3324 1564 3396 στεφανίτην
1590 3326 1888 3398 γραφέντα,

312 3427 432 3486 τοῖς
458 3423 558 3493 τῆς
592 3419 864 3491 ὑμετέρας
908 3418 1103 3488 σοφίας
1148 3416 1533 3489 περιλάμψατε
1581 3417 1888 3489 χρώμασιν.

329 3513 575 3571 ’Δπέλθω
606 3513 673 3581 τῇ
719 3510 829 3564 τῶν
854 3508 1274 3580 ἀριπευμάτων
1314 3508 1411 3573 τοῦ
1456 3508 1731 3580 μάρτυρος
1759 3510 1891 3580 παρ’

318 3603 473 3676 ὑμῶν
499 3599 850 3672 νενικημένος
890 3602 1076 3675 γραφῇ
1103 3614 1117 3628 ’
1152 3599 1331 3670 χαίρω
1366 3597 1470 3670 τὴν
1504 3598 1763 3667 τοιαύτην
1788 3598 1890 3669 τῆς

315 3693 591 3765 ὑμετέρας
617 3689 801 3760 ἰσχύος
830 3690 1070 3761 σήμερον
1099 3685 1415 3759 ἡττώμενος
1439 3687 1596 3759 νίκην
1616 3702 1630 3717 ³
1669 3686 1764 3743 ῐδω
1791 3691 1891 3760 τῆς

315 3789 499 3859 χειρὸς
514 3784 652 3854 πρὸς
674 3782 735 3837 τὸ
765 3781 879 3851 πῦρ
914 3780 1308 3851 ἀκριῦέστερον
1339 3780 1468 3850 παρ’
1505 3779 1658 3849 ὑμῶν
1685 3796 1891 3851 γραφοο

315 3878 487 3949 μένην
509 3875 608 3946 τὴν
636 3873 813 3944 πάλην
833 3888 851 3905 ⁸
878 3871 973 3926 ίδω
998 3869 1353 3942 φαιδρότερον
1382 3870 1475 3923 ἔπί
1494 3868 1595 3940 τῆς
1617 3870 1889 3942 ὑμετέρας

300 3968 406 4021 τὸν
437 3964 741 4035 παλαιστὴν
768 3961 1156 4034 γεγραμμένον
1198 3961 1428 4023 εἰκόνος.
1479 3959 1888 4016 Κλαυσάτωσαν

204 4102 230 4117 ..
260 4088 263 4091 ν
310 4057 566 4127 δαίμονες
612 4056 710 4108 καὶ
748 4052 866 4118 νῦν,
895 4054 1018 4115 ταῖς
1050 4049 1144 4105 τοῦ
1188 4049 1464 4121 μάρτυρος
1499 4052 1557 4102 ὲν
1595 4051 1724 4120 ὑμῖν
1762 4052 1886 4123 ἀρι-
1916 4134 1921 4137 1

316 4150 525 4210 στείαις
547 4144 942 4217 πληττόμενοι·
978 4139 1286 4211 φλεγομένη
1310 4139 1473 4195 πάλιν
1500 4140 1682 4203 αὐτοῖς
1709 4142 1743 4211 ἡ
1766 4144 1887 4212 χεὶρ

315 4238 414 4291 καὶ
441 4233 652 4290 νικῶσα
677 4230 997 4287 δεικνύσθω.
1028 4226 1421 4302 Ἐγγραφέσθω
1451 4226 1528 4297 τῷ
1563 4227 1751 4281 πίνακι
1789 4230 1887 4283 καὶ

313 4328 422 4385 τῶν
451 4322 843 4394 παλαισμάτων
874 4318 1217 4389 ἀγωνοθέτης
1245 4317 1502 4390 Χριστὸς,
1528 4309 1628 4389 «In;
1662 4317 1788 4384 δόξα
1808 4320 1888 4382 εἰς

313 4419 441 4480 τοὺς
472 4415 676 4477 αἰῶνας
705 4413 816 4468 τῶν
843 4412 1078 4465 αἰώνων.
1112 4410 1307 4485 Ἀμήν.

320 4505 430 4561 Τοῦ
459 4500 668 4565 αὑτοῦ,
694 4501 767 4555 ἐκ
801 4497 921 4553 τῶν
962 4498 1112 4567 πρὸς
1151 4496 1543 4567 Ἀμφιλόκιον
1571 4497 1886 4565 τριάκοντα

383 4571 746 4641 κεφαλαίων,
781 4568 917 4636 περὶ
970 4566 1079 4622 τοῦ
1120 4566 1293 4635 ἁγίου
1345 4569 1716 4641 Πνεύματος,
1762 4567 1885 4622 ἀπὸ

379 4640 711 4712 κεφαλαίου
738 4643 833 4706 ιη’.

386 4751 407 4786 ι
434 4731 560 4786 Ὅτι
585 4726 839 4800 βασιλεὺς
866 4724 1082 4794 λέγεται
1112 4726 1207 4778 καὶ
1233 4724 1269 4794 ὴ
1287 4723 1382 4776 τοῦ
1416 4722 1683 4795 βασιλέως
1698 4723 1882 4791 εἰκὼν,

310 4823 406 4878 καὶ
445 4821 506 4875 οὐ
544 4819 639 4876 δύο
670 4815 933 4890 βασιλεῖς.
967 4814 1109 4869 οὕτε
1155 4814 1265 4884 γὰρ
1291 4813 1354 4868 τὸ
1380 4813 1583 4885 κράτος
1621 4814 1884 4885 σχίζεται,

308 4916 436 4974 εὖτε
466 4917 500 4986 ἡ
522 4914 649 4979 δόξα
673 4908 1072 4984 διαμερίζεται.
1110 4908 1201 4971 Ὦς
1228 4905 1337 4977 γὰρ
1356 4908 1390 4978 ἡ
1423 4905 1705 4979 κρατοῦσα
1726 4906 1886 4978 ἡμῶν

312 5006 453 5077 ἀρχὴ
484 5008 578 5060 καὶ
611 5005 829 5071 ἐξουσία
863 5002 984 5074 μία,
1017 4998 1160 5054 οὕτω
1188 4998 1282 5052 καὶ
1311 4999 1346 5070 ή
1383 4999 1513 5069 παρ’
1540 4996 1702 5069 ἡμῶν
1736 4997 1883 5064 δοξο-

1988 3232 2124 3288 artis
2148 3242 2340 3288 vestra:
2366 3243 2685 3291 ornamenta
2723 3236 2991 3306 conferte,
3016 3249 3071 3295 et
3104 3239 3396 3298 obscurius
3421 3257 3451 3296 a
3482 3259 3566 3298 me

1989 3321 2334 3394 designatum
2373 3324 2642 3382 victorem
2678 3328 3007 3395 laureatum,
3041 3329 3332 3387 industria:
3364 3343 3563 3389 vestrae

1989 3413 2271 3470 coloribus
2302 3415 2597 3471 illustrate.
2632 3415 2923 3473 Discedam
2964 3419 3148 3476 victus
3183 3435 3214 3475 a
3242 3422 3399 3479 vobis
3423 3438 3563 3497 prae-

1988 3499 2266 3556 clarorum
2312 3504 2571 3575 martyris
2611 3503 2920 3563 facinorum
2976 3508 3232 3578 pictura:
3275 3512 3370 3566 tali
3402 3513 3566 3580 hodie

1988 3601 2144 3662 parta
2193 3593 2351 3649 vobis
2380 3609 2479 3664 per
2510 3603 2752 3652 vestram
2795 3598 3178 3659 dexteritatem
3206 3603 3439 3659 victoria
3470 3621 3562 3661 su-

1988 3690 2215 3753 peratus
2242 3687 2508 3755 gaudeam
2568 3704 2583 3741 :
2635 3703 2861 3744 manum
2900 3691 3115 3753 videam
3159 3709 3282 3749 cum
3310 3694 3435 3767 igne
3462 3712 3565 3766 pu-

1988 3784 2243 3846 gnantem
2277 3779 2599 3837 accuratius
2640 3794 2671 3834 a
2709 3781 2868 3839 vobis
2895 3781 3263 3859 delineatam:
3297 3787 3353 3842 in
3378 3797 3561 3845 vestra

1987 3867 2188 3923 tabella
2227 3871 2467 3940 pugilem
2514 3871 2809 3947 inspiciam
2857 3874 3164 3947 elegantius
3197 3878 3559 3952 descriptum.

1986 3957 2220 4016 Luctum
2276 3972 2442 4033 agant
2504 3963 2805 4032 daemones,
2860 3981 3253 4037 expressorum
3307 3985 3339 4025 a
3400 3973 3561 4033 vobis

1988 4052 2245 4123 martyris
2291 4060 2517 4110 strenue
2554 4054 2827 4112 factorum
2875 4057 3171 4118 formidine
3222 4064 3557 4120 conterriti:

1988 4142 2188 4198 ardens
2228 4145 2535 4217 victrixque
2584 4162 2781 4205 manus
2822 4149 2933 4206 illis
2978 4151 3179 4209 iterum
3214 4153 3558 4211 ostendatur.

1990 4232 2249 4299 Quinimo
2298 4236 2488 4293 eadem
2551 4238 2605 4292 in
2678 4240 2865 4295 tabula
2933 4243 3296 4298 certaminum
3356 4259 3562 4315 praeses

1984 4321 2242 4381 Christus
2270 4328 2627 4397 appingatur,
2667 4329 2757 4387 cui
2788 4330 2967 4409 gloria
3000 4331 3055 4387 in
3084 4333 3291 4389 saecula
3324 4338 3560 4393 sarculo-

1987 4430 2132 4470 rum.
2167 4416 2361 4473 Amen.
2390 4435 2409 4468 ι

1991 4502 2276 4575 Ejusdem,
2313 4521 2379 4560 ea:
2404 4505 2931 4587 trigintaneapitibus
2969 4511 3034 4575 de
3083 4510 3292 4587 Spiritu
3338 4528 3558 4587 sancto,

2345 4575 2416 4631 ad
2442 4575 2868 4646 Amphilochium
2893 4582 2911 4651 (
2935 4596 3057 4656 cap.
3082 4575 3149 4639 18
3164 4584 3209 4653 ).

2069 4746 2087 4779 α
2118 4727 2276 4793 Quod
2309 4727 2427 4798 ipsa
2452 4744 2675 4800 quoque
2708 4732 2852 4803 regis
2884 4733 3065 4807 imago
3097 4752 3196 4794 rex
3231 4740 3559 4811 appelletur,

1987 4830 2338 4887 nequaquam
2372 4826 2669 4889 propterea
2691 4820 2806 4879 duo
2832 4832 2960 4881 sunt
2990 4841 3167 4899 reges.
3197 4824 3385 4902 Neque
3412 4834 3560 4890 enim

1988 4907 2271 4964 scinditur
2306 4907 2633 4979 imperium,
2677 4928 2858 4983 neque
2895 4915 3073 4987 gloria
3103 4917 3388 4977 dividitur.
3419 4922 3560 4980 Nam

1985 4997 2455 5071 quemadmodum
2494 4999 2793 5073 imperium
2833 5006 3008 5073 illud,
3065 5009 3230 5067 illave
3272 5022 3560 5083 potestas,

312 5094 489 5165 λογία,
524 5096 621 5166 μία
647 5097 741 5150 καὶ
771 5094 835 5151 οὑ
874 5092 1089 5157 πολλαὶ,
1122 5090 1257 5145 διότι
1288 5090 1321 5161 ἡ
1365 5092 1466 5161 τῆς
1505 5088 1714 5154 εἰκόνος
1744 5088 1883 5159 τιμὴ

1987 5106 2105 5161 quae
2132 5090 2294 5146 nobis
2325 5090 2667 5163 dominatur,
2704 5112 2814 5173 una
2856 5106 2979 5168 est,
3024 5102 3109 5157 sic
3134 5104 3304 5159 etiam
3340 5104 3557 5175 gloria,

314 5188 408 5241 hci.
442 5186 503 5240 τὸ
530 5188 882 5258 πρωτότυπον
908 5184 1199 5241 διαϐαίνει.
1235 5182 1301 5237 ’0
1335 5179 1431 5236 οὖν
1471 5182 1623 5235 ἐστιν
1652 5180 1885 5241 ἐνταῦθα

1987 5197 2092 5254 qua
2126 5182 2304 5252 ipsam
2334 5183 2682 5244 celebramus
2724 5205 2832 5244 una
2875 5198 2960 5247 est
2987 5231 3003 5258 ,
3040 5208 3154 5248 non
3207 5195 3416 5265 plures.
3466 5193 3558 5251 Si-

315 5277 626 5350 μιμητικῶς
670 5279 704 5348 l)
745 5278 929 5345 εἰκὼν,
974 5276 1132 5331 τοῦτο
1182 5276 1301 5331 ἐκεῖ
1352 5274 1599 5346 φυσικῶς
1643 5275 1673 5330 ό
1716 5272 1880 5337 Υίός’

1987 5273 2206 5345 quidem
2244 5274 2426 5331 honor
2454 5278 2549 5348 qui
2582 5281 2811 5352 imagini
2858 5285 3110 5353 habetur,
3158 5286 3225 5340 ad
3273 5287 3559 5358 exemplar

314 5371 414 5425 καί
434 5368 621 5442 ὥσπερ
662 5370 756 5422 ἐπὶ
782 5369 892 5424 τῶν
938 5367 1235 5441 τεχνητῶν,
1273 5367 1419 5423 κατά
1460 5366 1561 5438 τὴν
1595 5365 1809 5439 μορφὴν
1836 5367 1872 5438 ή

1987 5366 2355 5425 transfertur:
2384 5369 2571 5447 itaque
2594 5374 2743 5444 quod
2770 5373 2884 5429 illic
2909 5383 2994 5431 est
3016 5376 3327 5433 imitatione
3347 5368 3556 5451 imago,

1817 5494 2051 5554 NOTAE.

380 5593 460 5665 (2)
502 5593 689 5676 Graece
729 5592 999 5664 ίεραρχία,
1032 5593 1178 5676 quod
1219 5594 1590 5676 magisterium
1636 5608 1871 5676 sacrum,

1987 5592 2369 5676 lepdpxncjlle
2394 5602 2489 5676 est
2519 5596 2616 5676 qui
2647 5610 2758 5650 non
2778 5596 2986 5676 “solum
3017 5596 3205 5676 divina
3254 5599 3435 5676 docet,
3460 5598 3558 5656 sed

311 5662 401 5720 sic
439 5662 742 5747 ζνετιίωξιεν
787 5662 905 5747 ίιση
957 5662 1367 5747 pontiﬁcalem:
1423 5664 1563 5747 ξιυίδ.
1605 5677 1713 5715 νοι
1766 5662 1870 5716 is“
1976 5662 2555 5747 εικιυίίέάωίηίεέτβί
2586 5664 2901 5747 ⁸³».ίίειίδυε
2948 5667 3273 5747 βτυσῖ¹¹¹¹¹τ³
3311 5662 3556 5746 ³⁴¹θδί¹¹³⁶

308 5734 451 5806 apud
509 5734 735 5803 angelos
795 5732 978 5787 locum
1033 5745 1144 5787 non
1180 5733 1365 5811 habet.
1409 5732 1566 5803 Apud
1596 5747 1696 5788 nos
1742 5746 1871 5787 vero
1977 5732 2229 5790 summus
2256 5735 2538 5803 sacerdos,
2571 5732 3305 5807 pontifexquc‘nominatur.
