4074 6146
506 288 642 353 lﬁtfi

1671 299 1729 356 ὃ.
1769 298 2088 361 JDANNIS
2126 302 2553 365 DAMASCENI

3598 310 3730 374 1964

500 408 604 463 hoc
636 409 760 464 istic
798 417 996 464 natura
1028 406 1205 461 Filius
1240 415 1325 461 est
1354 426 1365 459 :
1396 420 1464 461 ac
1499 407 1646 461 sicut
1687 409 1742 461 in
1782 409 2053 465 artefacti:

2168 416 2447 483 ὁμοίωσις,
2497 400 2639 469 οὕτω
2690 416 2782 470 καὶ
2834 417 2927 469 ἐπὶ
2971 417 3069 486 τῆς
3099 417 3242 481 θείας
3295 418 3390 473 καὶ
3439 420 3728 480 ἀσύνθετον

499 501 555 555 in
591 502 706 570 ipsa
743 500 920 554 forma
966 498 1223 552 consistit
1263 496 1574 551 similitudo
1599 538 1614 562 ,
1662 499 1742 554 sic
1783 500 1840 553 in
1883 500 2067 554 divina

497 589 974 659 incontposilaquc
1016 596 1246 653 natura,
1288 589 1345 644 in
1394 587 1627 644 Deitatis
1680 591 2069 646 communione

496 682 811 750 coniunctio
838 682 943 737 sita
976 688 1080 736 est.
1110 699 1130 732 ι

564 773 856 828 Comment.
898 766 1054 837 Quod
1092 771 1139 826 si
1182 770 1332 841 regis
1370 771 1553 842 imago
1592 786 1691 827 rex
1731 777 1853 837 est,
1889 772 2069 843 imago

497 876 715 934 quoque
746 860 955 916 Christi
975 898 990 925 ,
1019 860 1276 916 Christus
1305 861 1453 927 erit,
1482 869 1649 930 atque
1680 862 1860 928 imago
1890 861 2069 915 sancti

498 963 723 1011 sanctus
753 951 881 1007 erit.
913 950 1020 1006 Nec
1051 950 1329 1006 scinditur
1372 950 1664 1019 imperiunm
1685 990 1701 1016 ,
1746 964 1846 1004 nec
1893 949 2067 1019 gloria

498 1045 764 1102 dividitur
791 1060 807 1110 ;
845 1041 945 1098 sed
977 1043 1077 1113 qui
1110 1042 1347 1097 habetur
1378 1041 1608 1111 imagini
1646 1040 1847 1104 honor,
1880 1039 2068 1094 inho-

494 1150 692 1192 norem
725 1134 874 1188 illius
903 1130 1084 1197 cedit,
1111 1146 1274 1202 quem
1313 1129 1487 1186 refert
1520 1131 1720 1201 imago.
1745 1128 2068 1184 Formidant

494 1235 717 1283 sanctos
744 1226 850 1295 ipsi
877 1225 1188 1287 daemones,
1213 1238 1516 1292 eorumque
1545 1221 1764 1290 fugiunt
1792 1222 2063 1275 umbram.

494 1317 657 1385 Atqui
692 1315 876 1385 imago
910 1314 1106 1367 umbra
1144 1320 1264 1376 est,
1296 1325 1531 1380 eamque
1559 1310 1771 1365 idcirco
1799 1310 2062 1376 conﬁcio,

492 1421 600 1476 qua
626 1406 901 1460 daemones
926 1404 1224 1474 pellantur.
1254 1400 1411 1469 Quod
1440 1402 1490 1457 si
1517 1401 1705 1468 dicas,
1734 1402 1852 1471 sola
1880 1410 2065 1457 mente

493 1512 593 1553 nos
625 1494 737 1563 Deo
764 1493 1027 1564 conjungi
1056 1499 1354 1562 oportere;
1384 1506 1475 1546 res
1510 1490 1683 1561 igitur
1710 1506 1902 1546 omnes
1936 1505 2062 1546 cor-

491 1602 687 1658 poreas
716 1587 879 1649 tolle,
914 1583 1246 1645 luminaria,
1283 1597 1454 1640 suave
1491 1581 1746 1653 fragrans
1784 1580 2063 1637 sullimen-

492 1690 643 1743 tum,
684 1678 1034 1749 precationes
1078 1674 1340 1741 vocales,
1377 1674 1615 1745 ipsamet
1668 1682 2057 1739 sacramenta,

2170 504 2405 571 φύσεως,
2441 506 2498 558 ἐν
2525 508 2592 575 τῇ
2626 506 2880 577 κοινωνίᾳ
2914 506 3162 577 θεότητὸς
3192 508 3338 562 ἐστιν
3361 511 3396 580 ἡ
3421 509 3635 577 ἕνωσις.
3671 535 3690 563 ι

2236 781 2513 850 Σχὸλιον.
2540 782 2602 836 Ei
2623 784 2657 853 ἡ
2689 780 2853 838 είκὼν
2880 780 2976 838 τοῦ
3005 784 3272 854 βασιλέως
3299 787 3418 842 ἐστὶ
3455 788 3725 858 βασιλεὺς,

2168 869 2315 940 καὶὴ
2347 870 2511 924 εἰκὼν
2540 870 2636 924 τοῦ
2673 873 2934 942 Χριστοῦ,
2971 875 3229 946 Χριστὸς,
3257 877 3354 930 καὶ
3381 879 3415 948 ἡ
3452 876 3610 933 είκὼν
3635 882 3726 934 τοῦ

2165 959 2323 1027 ἀγίου
2365 959 2539 1029 ἆγιος.
2593 963 2704 1016 Καὶ
2735 962 2860 1016 οὔτε
2899 965 2960 1017 τὸ
3006 966 3208 1036 κράτος
3241 967 3510 1038 σχίζεται,
3535 969 3659 1024 οὔτε
3694 973 3727 1041 ἠ

2164 1048 2290 1113 δόξα
2315 1049 2713 1121 διαμερίζεται,
2748 1054 2865 1107 ἀλλ’
2890 1055 2924 1124 ὴ
2952 1054 3078 1121 δόξα
3119 1058 3219 1128 τῆς
3269 1058 3503 1123 είκόνος,
3535 1062 3629 1114 τοῦ
3650 1064 3726 1114 εί-

2166 1140 2517 1210 κονιζομένου
2565 1142 2791 1210 γίνεται.
2815 1146 3097 1200 Δεδοίκασι
3128 1149 3257 1212 τοὺς
3299 1150 3490 1218 ἁγίους
3523 1153 3571 1206 οἱ
3612 1153 3726 1206 δαί-

2167 1245 2346 1301 μονες.
2383 1232 2477 1285 καὶ
2511 1234 2610 1303 τὴν
2645 1236 2801 1288 σκιάν
2844 1236 3022 1290 αὐτῶν
3068 1238 3480 1308 δραπετεύουσι,
3522 1243 3649 1296 σκιά
3672 1244 3725 1297 δὲ

2164 1323 2261 1375 καὶ
2280 1324 2313 1393 ή
2335 1322 2519 1387 εἰκὼν,
2548 1326 2642 1378 καὶ
2657 1326 2863 1397 ταύτην
2879 1328 3034 1394 ποιῶ,
3047 1331 3122 1394 ὡς
3139 1331 3407 1401 δαιμόνων
3421 1333 3722 1404 ἐλά-τειραν.

2161 1414 2228 1468 El
2253 1414 2310 1467 δὲ
2344 1415 2541 1487 χρῆναι
2567 1416 2746 1486 λέγοις
2775 1419 2976 1488 νοερῶς
3000 1420 3160 1489 μόνον
3186 1420 3306 1493 Θεῷ
3339 1424 3724 1492 συνάπτεσθαι,

2161 1505 2317 1560 ἄνελε
2339 1507 2516 1561 πάντα
2531 1506 2602 1561 τὰ
2628 1509 2936 1579 σωματικὰ,
2957 1510 3027 1564 τά
3055 1510 3231 1580 φῶτα,
3249 1513 3309 1570 τὸ
3324 1514 3519 1579 εὐῶδες
3530 1516 3727 1587 θυμία-

2164 1588 2267 1666 μα·
2297 1597 2468 1669 αὐτὴν
2493 1597 2590 1669 τὴν
2610 1598 2701 1653 διὰ
2720 1599 2819 1669 τῆς
2840 1601 3022 1672 φωνῆς
3054 1606 3380 1675 προσευχήν’
3402 1605 3541 1660 αὐτὰ
3569 1608 3639 1661 τά
3664 1608 3728 1675 ἐξ

2163 1688 2292 1760 ὕλης
2311 1688 2610 1760 τελούμενα
2644 1690 2766 1744 θεῖα
2794 1694 3088 1764 μυστήρια,
3120 1695 3211 1747 τὸν
3234 1695 3417 1767 ἄρτον,
3446 1697 3537 1750 τδν
3557 1695 3727 1765 οἶνον,

487 1786 611 1842 qua:
643 1786 707 1827 ex
747 1769 980 1824 materia
1021 1766 1412 1839 perﬁciuntur,
1443 1780 1677 1837 panem,
1707 1766 1929 1832 vinum,
1958 1781 2053 1820 un-

2162 1754 2347 1852 τὸτῆς
2380 1754 2614 1853 χρίσεως
2647 1754 2850 1851 ἔλαιον,
2885 1754 2988 1839 τού.
3024 1754 3257 1858 σταυροῦ
3272 1754 3349 1841 ’τὸ
3398 1754 3721 1863 ἐκτόπωμῷ

488 1866 691 1920 etionis
719 1863 902 1918 oleum
925 1902 941 1928 ,
972 1861 1158 1916 crucis
1193 1859 1435 1930 signum.
1478 1857 1607 1914 Haec
1634 1858 1841 1929 quippe
1873 1856 2059 1912 omnia

487 1957 717 2013 materia
743 1963 1041 2019 constant,
1068 1950 1534 2023 quemadmodum
1561 1965 1697 2005 crux
1728 1957 1784 2005 et
1807 1948 2058 2019 spangia.

486 2067 609 2122 quae
633 2050 883 2112 Christo,
910 2047 1040 2102 dum
1065 2044 1223 2101 cruci
1253 2042 1446 2097 allixus
1472 2050 1612 2105 erat,
1646 2050 1898 2111 porrecta
1924 2039 2053 2105 fuit,

486 2142 701 2199 arundo
733 2151 986 2208 quoque,
1017 2143 1073 2191 et
1101 2136 1295 2189 lancea
1313 2173 1330 2198 ,
1357 2147 1480 2203 quae
1504 2132 1653 2187 latus
1672 2171 1689 2197 ,
1716 2146 1783 2187 ex
1811 2146 1922 2202 quo
1949 2132 2061 2186 vita

487 2234 732 2306 profecta
771 2240 893 2297 est,
924 2227 1247 2301 perforavit.
1286 2227 1398 2281 Aut
1435 2226 1631 2280 horum
1672 2224 1918 2279 omnium
1961 2240 2058 2279 ve-

485 2329 830 2384 nerationem
871 2322 1053 2389 aufer,
1092 2318 1238 2391 quod
1290 2318 1408 2375 ﬁeri
1451 2330 1804 2388 nequaquam
1846 2316 2057 2386 possit,

485 2431 583 2477 aut
616 2418 912 2495 nequidem
943 2413 1246 2484 imaginum
1278 2414 1543 2467 honorem
1592 2423 1814 2480 respue.
1864 2408 2057 2462 Divina

482 2513 661 2584 gratia
693 2511 764 2565 iis
794 2522 917 2581 quae
950 2504 1181 2567 materia
1214 2508 1510 2566 constant,
1545 2499 1889 2561 conceditur,
1925 2498 2058 2568 quia

482 2617 676 2658 eorum
700 2607 896 2670 gerunt
926 2596 1153 2651 nomina
1171 2609 1355 2663 {quos
1378 2591 1649 2647 referunt.
1679 2590 1834 2644 Velut
1859 2604 2057 2659 nempe

484 2707 724 2765 purpura
750 2699 804 2746 et
831 2690 1066 2746 sericum
1088 2725 1102 2751 ,
1129 2685 1388 2756 quodque
1414 2698 1483 2739 ex
1515 2684 1583 2737 iis
1611 2689 1943 2753 praetextum
1972 2690 2054 2737 est

482 2786 864 2841 indumentum
887 2820 903 2847 ,
934 2796 999 2835 ex
1035 2793 1095 2835 se
1127 2778 1236 2832 vile
1265 2775 1526 2847 quiddam
1558 2782 1613 2829 et
1651 2774 1892 2842 ignobile
1924 2779 2048 2828 est:

481 2896 549 2934 ex
581 2894 691 2949 quo
722 2884 907 2930 tamen
952 2872 1007 2927 id
1049 2868 1294 2925 induerit
1334 2869 1655 2937 imperator,
1686 2865 1947 2934 .ejusdem
1994 2863 2053 2918 lit

482 2970 759 3041 particeps
790 2963 1024 3020 honoris
1048 3001 1063 3029 ,
1098 2975 1209 3032 quo
1256 2964 1482 3030 praestat
1524 2957 1639 3012 ille.
1678 2955 1757 3010 lta
1796 2971 1885 3012 res
1927 2970 2050 3026 quae

483 3060 713 3115 materia
759 3060 1057 3117 constant,
1106 3068 1171 3107 ex
1223 3066 1283 3108 se
1331 3049 1553 3120 quidem
1599 3046 1891 3103 adorandae
1934 3063 2045 3102 non
2075 3091 2117 3150 C

480 3161 606 3208 sunt
633 3167 646 3204 :
676 3157 730 3203 at
758 3148 803 3204 si
836 3145 1013 3217 gratia
1047 3143 1239 3214 plenus
1264 3142 1337 3196 sit
1369 3142 1417 3196 is
1439 3155 1602 3210 quem
1629 3139 1737 3193 illa:
1763 3137 2040 3202 referunt,

479 3260 581 3315 pro
604 3241 725 3297 tldei
761 3239 975 3293 ratione
1009 3237 1141 3306 ipsa;
1169 3244 1386 3305 quoque
1416 3233 1648 3302 gratiam
1682 3228 2042 3300 profundunt.

477 3332 726 3406 Apostoli
751 3331 1045 3386 Dominum
1075 3324 1362 3397 corporeis
1396 3323 1575 3378 oculis
1603 3333 2042 3392 conspexerunt;

477 3425 760 3498 apostolos
793 3422 885 3476 alii
914 3427 1042 3475 sunt
1083 3416 1427 3487 conspicati;
1482 3423 1751 3486 martyres
1791 3413 2047 3468 viderunt

477 3519 608 3572 alii:
644 3530 774 3586 ergo
805 3526 1028 3584 quoque
1060 3509 1185 3566 illos
1224 3523 1347 3563 cum
1391 3507 1614 3570 animo,
1659 3514 1774 3561 tum
1817 3520 2047 3576 corpore

477 3592 798 3677 cormpicere
824 3604 1017 3658 vellem
1041 3642 1057 3666 ,
1084 3600 1231 3656 unde
1258 3599 1559 3655 remedium
1582 3612 1909 3668 consequar,
1935 3613 2046 3668 quo

477 3700 682 3753 malum
717 3710 880 3751 omne
912 3693 1278 3764 propellatur.
1332 3690 1413 3745 Ex
1445 3690 1650 3760 duplici
1686 3689 1888 3759 quippe
1943 3705 2045 3745 na-

478 3800 602 3843 tura
631 3801 752 3841 sum
785 3784 1072 3839 conditus:
1102 3782 1293 3853 sicque
1327 3783 1382 3838 id
1409 3784 1555 3852 quod
1584 3783 1704 3838 visu
1733 3783 1894 3852 322
1920 3796 2041 3838 cer-

478 3880 629 3934 nitur
654 3877 954 3947 aspiciens,
979 3875 1117 3930 illud
1143 3889 1402 3942 veneror,
1430 3890 1540 3931 non
1565 3887 1823 3945 tanquam
1849 3874 2039 3939 Deum,

474 3970 568 4027 sed
587 3978 849 4040 tanquam
872 3967 1203 4023 venerandae
1226 3968 1308 4022 rei
1325 3967 1639 4023 venerabile
1659 3967 2039 4022 simulacrum.

474 4062 580 4119 Sed
612 4071 671 4117 tu
698 4060 920 4133 quidem
951 4062 1189 4114 fortasse
1219 4058 1510 4113 sublimior
1539 4073 1599 4113 es
1619 4097 1635 4123 ,
1670 4065 1834 4127 atque
1863 4072 1894 4111 a
1925 4072 2041 4111 ma-

472 4157 610 4209 teria
641 4151 942 4217 remotior;
994 4163 1060 4202 ac
1112 4162 1281 4218 supra
1332 4160 1548 4218 corpus
1588 4147 1889 4214 incedens,
1940 4163 2039 4204 ceu

472 4245 619 4298 nullo
647 4243 835 4297 carnis
883 4238 1131 4312 pondere
1184 4238 1396 4309 gravis,
1453 4238 1506 4293 id
1559 4254 1720 4294 omne
1769 4239 2038 4309 despicis,

469 4335 617 4407 quod
648 4336 703 4389 in
738 4341 1019 4403 aspectum
1048 4330 1216 4387 cadit.
1250 4330 1365 4402 Ego
1394 4345 1526 4386 vero
1556 4331 1718 4387 homo
1747 4346 1870 4387 cum
1899 4332 2035 4396 sim,

2162 1871 2347 1942 Ταῦτα
2395 1873 2505 1944 γὰρ
2556 1874 2735 1929 πάντα
2781 1875 2914 1946 ὕλη·
2962 1878 2992 1930 ὁ
3036 1878 3292 1949 σταυρὸς,
3337 1881 3366 1934 ό
3418 1881 3518 1952 τῆς
3568 1899 3727 1937 σταυ-

2162 1963 2384 2034 ρώσεως
2414 1966 2674 2034 σπόγγος,
2707 1966 2800 2021 καὶ
2818 1966 3083 2037 κάλαμος,
3112 1971 3208 2023 καὶ
3240 1971 3274 2040 ἡ
3307 1970 3409 2042 τὴν
3445 1974 3727 2046 ζωηφόρον

2160 2055 2403 2126 πλευρὰν
2426 2055 2631 2121 νύξασα
2658 2056 2848 2128 λόγχη.
2875 2058 2946 2112 Ἦ
2965 2058 3171 2114 τούτων
3196 2061 3454 2117 ἁπάντων
3480 2063 3635 2119 ἄνελε
3660 2067 3724 2120 τὸ

2159 2144 2342 2209 σέϐας,
2382 2145 2520 2217 ὅπερ
2555 2145 2838 2211 ἀδύνατον,
2882 2147 2916 2216 ἢ
2959 2147 3037 2221 μὴ
3088 2148 3388 2204 ἀπαναίνου
3434 2152 3567 2224 μηδὲ
3621 2154 3721 2226 τὴν
3792 2210 3799 2219 ,

2157 2236 2266 2292 τῶν
2290 2236 2514 2291 εἰκόνων
2543 2239 2731 2308 τιμήν.
2775 2238 2950 2309 Χάρις
2999 2239 3201 2295 δίδοται
3253 2241 3373 2295 θεία
3406 2247 3524 2309 ταῖς
3570 2246 3720 2309 ὕλαις

2155 2325 2246 2380 διὰ
2285 2327 2389 2397 τῆς
2431 2327 2541 2381 τῶν
2585 2328 3002 2398 είκσνιζομένων
3064 2333 3454 2403 προσηγορίας.
3510 2336 3721 2409 Ὥσπερ

2156 2417 2302 2471 λιτὸν
2339 2420 2372 2488 ὴ
2401 2418 2640 2488 κογχύλη
2677 2418 2801 2472 καθ’
2835 2419 3052 2490 ἑαυτὴν,
3084 2422 3180 2474 καὶ
3214 2423 3248 2490 ἡ
3282 2422 3508 2492 μέταξα,
3532 2428 3629 2479 καὶ
3661 2429 3722 2481 τὸ

2155 2511 2216 2576 ἐξ
2234 2512 2437 2580 ἀμφοῖν
2462 2512 2834 2581 ὲξυφασμένον
2856 2514 3070 2583 ἱμάτιον
3093 2531 3106 2545 ⁸
3125 2515 3190 2569 ἂν
3210 2515 3268 2569 δὲ
3291 2516 3542 2585 βασιλεὺς
3562 2520 3724 2595 τηῦτο

2155 2602 2469 2673 περίθηται,
2494 2604 2559 2655 ὲκ
2581 2606 2680 2674 τῆς
2708 2603 3018 2676 προσούσης
3043 2605 3124 2676 τῷ
3149 2607 3511 2678 ἠμφιεσμένῳ
3531 2613 3715 2681 τιμῆς.

2152 2692 2231 2762 τῷ
2271 2692 2623 2762 ἀμφιάσματι
2672 2695 3015 2764 μεταδίδοται
3045 2713 3059 2727 ο
3098 2697 3271 2761 οὕτως
3319 2701 3415 2754 καὶ
3465 2704 3522 2755 αί
3570 2702 3716 2767 ὕλαι,

2151 2783 2313 2837 αὐταὶ
2341 2783 2441 2854 μὲν
2471 2785 2595 2838 καθ’
2621 2786 2823 2850 ἑαυτὰς
2866 2786 3295 2859 ἀπροσκύνητοι,
3320 2791 3385 2846 ἂν
3414 2794 3471 2847 δὲ
3496 2795 3718 2865 χάριτος

2148 2874 2237 2944 εἴη
2268 2875 2485 2946 πλήρης
2500 2877 2532 2928 ὁ
2552 2876 2969 2947 είκονιζόμενος,
2997 2880 3215 2951 μέτοχοι
3236 2882 3455 2953 χάριτος
3474 2888 3718 2952 γίνονται

2149 2964 2271 3017 κατ’
2296 2965 2588 3034 ἀναλογίαν
2618 2966 2716 3037 τῆς
2745 2967 3001 3031 πίστεως.
3031 2964 3186 3023 Εἶδον
3223 2975 3271 3025 oi
3307 2974 3597 3031 ἀπόστολοι
3625 2978 3717 3031 τὸν

2150 3054 2358 3126 Κύριον
2391 3060 2729 3127 σωματικοῖς
2753 3057 3073 3129 ὀφθαλμοῖς,
3106 3063 3201 3114 καὶ
3231 3064 3355 3127 τοὺς
3387 3066 3718 3135 ἀποστόλους

2147 3147 2346 3217 ἕτεροι,
2369 3147 2465 3201 καὶ
2498 3148 2624 3211 τοὺς
2663 3147 2947 3221 μάρτυρας
2973 3142 3172 3222 ἕτεροι.
3201 3153 3359 3208 Ποθῶ
3396 3157 3552 3225 κάγὼ
3589 3161 3713 3213 τού-

2146 3256 2275 3303 τους
2299 3240 2432 3311 όρᾷν
2458 3239 2603 3312 ψυχῇ
2627 3258 2685 3295 τε
2721 3242 2814 3295 καὶ
2840 3240 3074 3313 σώματι,
3100 3245 3193 3298 καὶ
3219 3246 3364 3316 ἔχειν
3390 3248 3715 3313 ἀλεξίκακον

2148 3329 2461 3415 φάρμακον,
2496 3331 2620 3415 ἐπεὶ
2658 3330 2887 3394 ,διπλοῦς
2915 3331 3325 3402 ἔκτισμαιονκαὶ
3363 3338 3512 3408 ὀρῶν
3540 3355 3737 3415 προσο-

2147 3414 2294 3468 κυνῶ
2317 3415 2380 3468 τὸ
2414 3414 2712 3487 ὁρώμενον,
2756 3416 2854 3486 οὐχ
2886 3416 2962 3480 ὡς
2999 3416 3150 3481 Θεὸν,
3191 3417 3309 3472 ἀλλ’
3337 3420 3415 3484 ὡς
3456 3424 3658 3493 τιμίων
3686 3436 3700 3474 t

2147 3505 2433 3579 είκόνισμα
2456 3508 2656 3578 τίμιον.
2683 3506 2912 3578 Σὺκμὲν,
2943 3507 3020 3570 ὡς
3044 3508 3227 3579 τυχὸν,
3268 3511 3476 3582 ὑψηλός
3502 3531 3583 3581 τε,
3618 3517 3716 3571 καὶ

2145 3596 2329 3663 άῦλος,
2361 3600 2457 3652 καὶ
2478 3599 2621 3670 ὑπὲρ
2647 3598 2707 3652 τὺ
2731 3599 2898 3670 σῶμα
2919 3608 3232 3671 γενόμενος,
3259 3602 3355 3657 καὶ
3389 3600 3500 3661 οἷον
3539 3610 3715 3681 ἄσαρ-

2145 3706 2262 3753 κος,
2291 3688 2626 3754 καταπτύεις
2668 3693 2777 3745 πᾶν
2807 3692 2869 3746 τὸ
2907 3692 3218 3764 όροῖιμενον⁸
3261 3695 3377 3750 ἀλλ’
3410 3698 3537 3767 ἐγὼ,
3585 3703 3715 3755 ἐπεὶ

2144 3779 2432 3849 ἄνθρωπός
2477 3781 2613 3850 εἰμι,
2662 3780 2757 3833 καὶ⁸
2807 3781 2965 3852 σῶμα
3018 3784 3368 3855 περίκειμαι,
3411 3787 3558 3838 ποθῶ
3606 3790 3711 3843 καὶ

2144 3872 2478 3944 σωματικῶς
2501 3873 2734 3943 ὁμιλεῖν,
2763 3874 2860 3927 καὶ
2885 3875 3018 3946 ὀρᾷν
3044 3875 3117 3929 τὰ
3138 3877 3292 3946 ἅγια·
3325 3856 3700 3950 amyntas-(£6th

2141 3965 2222 4035 τῷ
2257 3964 2501 4034 ταπεινῷ
2531 3982 2632 4033 μου
2662 3966 2971 4036 φρονήματι
2997 3968 3026 4019 ὁ
3047 3966 3262 4039 ὑψηλὸς,
3292 3967 3377 4021 ἴνα
3400 3984 3493 4021 σου
3519 3972 3703 4040 τηρὴ-

2144 4071 2244 4127 σῃς
2273 4055 2332 4108 rb
2373 4054 2595 4126 ὑψηλόν.
2630 4054 2984 4126 Ἀποδέχεται
3010 4058 3216 4128 Κύριος
3247 4059 3336 4113 τδν
3377 4058 3512 4129 πρὸς
3535 4060 3708 4114 αὐτόν

2146 4169 2247 4221 μου
2272 4150 2459 4217 πόθον,
2491 4154 2585 4206 καὶ
2630 4155 2755 4218 τοὺς
2787 4155 3023 4220 οἰκείους
3077 4153 3267 4210 αὐτοῦ.
3304 4152 3495 4224 Χαίρει
3516 4151 3627 4224 γὰρ
3677 4154 3712 4205 ὸ

2139 4243 2430 4313 δεσπότης,
2469 4244 2952 4315 ὲγκωμιαζομένου
3008 4245 3195 4299 δούλου
3254 4244 3626 4315 εὐγνώμονος,
3678 4246 3715 4298 ὁ

2144 4333 2315 4403 μέγας
2362 4333 2466 4404 ἔφη
2507 4333 2792 4399 Βασίλειος
2848 4335 3213 4406 ἐγκωμιάζων
3261 4336 3389 4398 τοὺς
3439 4334 3709 4404 τεσσαράς-

467 4441 522 4483 et
548 4440 779 4497 corpore
805 4427 1062 4489 vestitus,
1089 4437 1215 4478 eum
1251 4422 1319 4478 iis
1346 4438 1467 4493 quae
1502 4429 1692 4480 sancta
1726 4433 1888 4484 sunt,
1915 4436 2030 4477 cor-

2152 4438 2313 4475 κοντα
2364 4423 2672 4494 μάρτυρας.
2727 4423 2921 4496 Ἀθρει
2979 4425 3036 4478 δὲ
3078 4418 3167 4479 οἷα
3200 4425 3299 4478 καὶ¹
3345 4423 3566 4494 Γόρδιον
3613 4422 3706 4476 τδν

468 4531 600 4588 pore
628 4516 837 4571 versari
868 4515 1054 4586 cupio,
1092 4528 1267 4584 eaque
1301 4513 1476 4569 oculis
1511 4512 1787 4569 contueri.
1826 4510 1909 4566 Tu
1941 4511 2036 4582 qui

2148 4510 2390 4580 ἀοίδιμον
2412 4513 2687 4583 γεραίρων
2713 4513 2741 4553 ιι
2771 4514 2957 4585 φησίν.

466 4606 764 4677 praecelsus
791 4621 850 4660 es
870 4645 886 4672 ,
920 4604 1148 4659 humilis
1179 4618 1378 4658 sensus
1413 4602 1521 4657 mei
1552 4601 1818 4656 rationem
1856 4600 1994 4655 habe
2015 4638 2031 4663 ,
2076 4605 2135 4651 ut
2164 4605 2314 4652 tuam
2344 4598 2462 4668 ipse
2487 4613 2676 4655 serves
2699 4600 3109 4655 celsitudinem.
3168 4597 3345 4655 Meum
3413 4598 3704 4654 adversum

477 4712 542 4753 se
603 4689 955 4763 amicosque
994 4685 1129 4750 suos
1176 4694 1422 4751 studium
1497 4691 1886 4763 complectitur
1958 4689 2247 4745 Dominus.
2299 4687 2513 4745 Gaudet
2562 4689 2711 4745 enim
2752 4691 3047 4757 dominus,
3089 4704 3215 4746 cum
3261 4691 3705 4747 addietissimum

471 4788 577 4845 sibi
626 4785 893 4843 famulum
930 4785 1189 4845 laudibus
1223 4784 1362 4840 allici
1400 4786 1601 4842 viderit
1641 4802 1656 4838 :
1695 4780 2160 4856 quemadmodum
2209 4795 2441 4852 magnus
2464 4780 2702 4840 Basilius
2731 4783 2838 4848 ait,
2873 4783 2930 4840 in
2993 4797 3059 4839 ea
3097 4782 3385 4849 oratione,
3450 4796 3557 4853 qua
3622 4797 3696 4838 xi.

469 4887 740 4949 martyres
764 4877 1046 4945 praedicat.
1068 4878 1139 4931 At
1160 4877 1344 4937 videas
1366 4879 1527 4935 velim
1562 4876 1695 4949 quid
1728 4877 2002 4933 illustrem
2041 4873 2306 4929 Gordium
2338 4875 2628 4932 celebrans
2656 4877 2876 4932 dixerit.

570 4970 633 5028 S.
668 4968 895 5037 Basilii,
923 4984 988 5023 ea:
1017 4970 1339 5092 serigonz'in
1369 4980 1616 5026 sanctum
1645 4980 1934 5039 martyrem

1159 5055 1219 5092 or
1260 5055 1387 5092 tum.

1159 5055 1387 5094 oratum.

543 5154 562 5186 ι
593 5130 877 5187 Laetamur
903 5128 1093 5201 populi
1125 5128 1316 5184 laetitia
1345 5130 1622 5201 spirituali
1646 5169 1663 5195 ,
1696 5145 1764 5185 ex
1798 5129 1917 5186 sola
1950 5142 2040 5184 re-

468 5238 588 5278 rum
614 5208 732 5294 quae
763 5236 792 5275 a
827 5220 1145 5292 virisjustis
1175 5230 1342 5294 gestas
1377 5228 1511 5277 sunt
1536 5219 1951 5283 recordatione,
1982 5223 2039 5272 et

464 5313 770 5380 audiendo,
808 5312 876 5369 ad
911 5311 1247 5367 imitandum
1293 5320 1687 5383 provocantur.
1735 5306 1871 5363 Nam
1914 5307 2038 5363 illo-

468 5422 583 5458 rum
617 5406 710 5476 qui
748 5406 920 5477 probe
963 5413 1263 5476 sancteque
1303 5405 1592 5467 vixerunt,
1636 5400 1870 5456 historia
1921 5396 2032 5453 illis

2142 4964 2258 5023 Τοῦ
2296 4966 2471 5037 ἁγίου
2519 4969 2844 5023 Βασιλείου
2866 5008 2881 5034 ,
2925 4969 2995 5023 ἐκ
3029 4969 3138 5024 τοῦ
3164 4972 3252 5037 είς
3300 4968 3557 5038 Γόρδιον
3598 4946 3708 5021 τόἶρ

2214 5056 2224 5061 ‘
2657 5038 2933 5108 μάρτυρα
2965 5039 3172 5108 λόγου.

2214 5146 2233 5178 ι
2271 5125 2667 5198 Εὑφραίνονται
2691 5128 2812 5185 λαοὶ
2836 5129 3176 5201 εὐφροσύνην
3197 5128 3576 5199 πνευματικὴν
3610 5126 3704 5179 ἐπὶ

2140 5216 2281 5288 μόνῃ
2302 5220 2369 5289 τῇ
2387 5218 2696 5290 ὑπομνήσει
2714 5218 2824 5274 τῶν
2847 5220 2960 5283 τοῖς
2982 5219 3208 5282 δικαίοις
3230 5217 3703 5286 κατωρθωμένων,

2134 5308 2215 5372 είς
2248 5306 2410 5380 ζῆλον
2441 5308 2533 5363 καὶ
2560 5296 2807 5384 μίμησιῖ
2823 5308 2933 5363 τῶν
2971 5308 3211 5383 ἀγαθῶν,
3245 5309 3339 5377 ἀφ’
3373 5300 3448 5360 ὧν
3478 5305 3707 5360 ἀκούου-

2141 5416 2248 5467 σιν,
2303 5400 2637 5473 ὲναγόμενοι.
2662 5402 2733 5455 Ἢ
2765 5400 2897 5472 γάρ-
2925 5400 3035 5455 τῶν
3064 5399 3464 5454 εύπολιτεύτων
3489 5394 3701 5469 ἀνδρῶν

1657 5574 1888 5633 VARI/li
1937 5574 2229 5633 LECTION
2238 5576 2335 5634 ES.

542 5664 558 5718 ί
595 5666 744 5721 Orat.
777 5667 833 5733 ‘2,
864 5666 1066 5739 rtpiou‘.
1149 5666 1175 5708 ι
1207 5665 1429 5735 Ibidem,
1465 5666 1543 5738 τῷ
1595 5665 1760 5738 λόγῳ.
