3950 6154
253 346 389 416 1265

1359 356 1457 416 DE
1498 350 1954 417 IMAGlNlBUS
1978 349 2261 412 ORATIO
2295 350 2344 409 Ι.

3370 337 3505 402 1:266

251 463 486 534 ἱστορία,
528 455 641 515 οἷόν
667 476 720 514 τι
753 461 868 530 φῶς
904 464 1019 526 τοῖς
1068 462 1396 534 σωζομένοις
1432 465 1570 535 πρὸς
1601 463 1702 535 τὴν
1729 463 1824 518 τοῦ

1936 463 2022 530 qui
2058 467 2346 529 compotes
2379 455 2579 513 salutis
2612 454 2749 510 liunt
2772 494 2786 517 ,
2824 452 2975 508 velut
3005 449 3192 505 lumen
3229 436 3504 518 quoddam

251 556 370 627 βίου
419 555 537 608 ὁδὸν
588 556 825 625 ἐμποιεῖ.
856 571 876 606 ι
935 554 1045 607 Καὶ
1090 553 1284 608 πάλιν·
1327 573 1344 606 ι
1376 554 1541 608 ’Ὥστε
1577 555 1705 608 ὅταν
1741 555 1818 608 δι-

243 646 514 718 ηγώμεθα
536 646 664 710 τοὺς
686 645 836 716 βίους
875 644 984 698 τῶν
1010 644 1425 716 διαπρεψάντων
1449 649 1507 699 ὲν
1539 646 1815 717 εὐσεϐείᾳ,

243 736 544 809 δοξάζομεν
587 735 805 806 πρῶτον
850 735 944 791 τὸν
986 738 1268 806 Δεσπότην
1297 737 1384 792 διὰ
1427 735 1536 791 τῶν
1577 737 1779 792 δούλων
1802 754 1816 767 ⁵

243 825 671 897 ἐγκωμιάζομεν
697 825 757 880 δὲ
791 826 917 889 τοὺς
955 825 1196 889 δικαίους
1235 825 1324 879 διὰ
1366 826 1466 896 τῆς
1509 824 1819 896 μαρτυρίας

243 911 323 973 ὧν
353 917 514 988 ῐσμεν
539 933 554 948 ο
583 917 949 991 εὐφραίνομεν
970 916 1030 973 δὲ
1049 917 1176 983 τοὺς
1204 918 1388 985 λαοὺς,
1414 917 1504 975 διὰ
1532 918 1631 988 τῆς
1648 917 1820 988 ἀκοῆς

245 1008 358 1065 τῶν
386 1009 593 1067 καλῶν.
630 1028 650 1064 s

317 1189 600 1260 Σχόλιον.
638 1190 803 1263 Ὅρα,
832 1189 909 1255 ὼς
936 1189 1076 1244 Θεοῦ
1106 1191 1207 1262 μὲν
1226 1192 1404 1259 δόξαν,
1430 1192 1537 1246 τῶν
1564 1192 1620 1246 δὲ
1651 1192 1821 1260 ἁγίων

241 1280 544 1354 ἐγκώμιον,
570 1280 681 1335 τῶν
719 1281 778 1337 δὲ
807 1281 953 1336 λαῶν
999 1282 1340 1354 εὐφροσύνην
1383 1284 1478 1338 καὶ
1521 1285 1818 1356 σωτηρίαν,

240 1375 277 1445 ή
341 1374 529 1444 μνήμη
580 1373 691 1428 τῶν
745 1373 918 1442 ἁγίων
977 1373 1285 1446 συνίστησι.
1341 1376 1408 1429 Τί
1459 1373 1553 1431 οὖν
1614 1378 1821 1449 ταύτην
1864 1434 1869 1435 ,

239 1465 535 1536 ἀφαιρεῖςς
566 1465 687 1519 Ὅτι
736 1464 794 1520 δὲ
821 1464 912 1518 διά
942 1465 1103 1534 λόγου
1155 1467 1252 1521 καὶ
1276 1468 1505 1522 εἰκόνων
1550 1471 1583 1542 ή
1628 1471 1820 1542 μνήμη

240 1553 480 1622 γίνεται,
521 1554 690 1625 φησὶν
717 1555 746 1608 ό
779 1554 943 1620 αὐτὸς
973 1555 1116 1622 θεῖος
1143 1557 1447 1624 Βασίλειος.

245 1729 365 1785 Τοῦ
395 1732 585 1786 αὑτοῦ
620 1732 816 1811 ἁγίου,
846 1736 934 1801 είς
961 1712 1068 1789 τὸν
1093 1735 1348 1804 Γόρδιον
1390 1736 1497 1792 τὸν
1525 1737 1817 1810 μάρτυρα.

322 1843 342 1875 ι
364 1824 576 1895 ’Ὠσπερ
608 1808 718 1897 γάρ
747 1826 827 1896 τῷ
870 1827 1005 1898 πυρὶ
1033 1828 1357 1898 αὐτομάτως
1393 1806 1679 1886 ἕπεται-τὸ
1707 1806 1819 1901 ᾡω-
1857 1806 1897 1864 Β

240 1908 437 1979 τίζειν,
461 1916 557 1969 καὶ
579 1915 658 1987 τῷ
696 1916 855 1988 μύρῳ
875 1917 936 1971 τὸ
967 1917 1210 1983 εὐωδεῖν,
1240 1919 1385 1975 οὕτω
1412 1924 1506 1977 καὶ
1536 1927 1656 1987 ταῖς
1686 1926 1821 1994 ἀγα-

241 2003 368 2067 θαῖς
398 2005 685 2077 πράξεσιν,
721 2010 1036 2078 ἀναγκαίως
1084 2010 1373 2066 ἀκολουθεῖ
1420 2014 1483 2067 τὸ
1523 2013 1816 2086 ὠφέλιμον.

241 2094 444 2149 Καίτοι
494 2097 615 2151 οὐδὲ
642 2098 799 2153 τοῦτο
831 2100 1060 2172 μικρὸν,
1089 2102 1335 2173 ἀκριϐῶς
1362 2107 1546 2175 τυχεῖν
1567 2106 1665 2177 τῆς
1697 2107 1823 2179 ἀλη-

240 2182 711 2281 θείας-τῷνᾲτότες
751 2189 999 2261 Ἀμυδρά
1048 2190 1156 2264 γᾶρ
1202 2211 1289 2257 τις
1321 2196 1511 2267 μνήμη
1540 2190 1629 2261 εἰς
1668 2200 1822 2281 ήμᾶς

237 2275 482 2349 διεδόθη,
508 2279 609 2343 τὰς
650 2281 744 2334 ἐπὶ
774 2281 883 2359 τῶν
915 2283 1143 2353 ἀγώνων
1186 2285 1558 2358 ἀνδραγαθίας
1593 2275 1691 2343 τού
1731 2293 1823 2345 ἀν-

236 2364 368 2437 δρὸς
397 2367 763 2438 διασώζουσα,
795 2372 891 2426 καί
940 2390 1058 2438 πως
1082 2374 1234 2429 δοκεῖ
1275 2377 1343 2431 τά
1380 2378 1503 2434 καθ’
1530 2382 1679 2451 ἡμᾶς
1711 2385 1825 2447 τοῖς

234 2460 350 2513 τῶν
379 2460 695 2532 ζωγράφων
727 2467 1132 2536 προσεοικέναι.
1161 2470 1269 2523 Καὶ
1288 2470 1399 2543 γάρ
1423 2473 1642 2538 ἐκεῖνοι,
1677 2475 1825 2528 ἐπει-

233 2549 335 2605 δὰν
366 2550 430 2620 ἐξ
457 2554 684 2609 εἰκόνων
721 2557 1112 2630 μεταγράφωσι
1154 2559 1256 2625 τάς
1286 2562 1520 2632 εἰκόνας,
1554 2565 1823 2631 πλεῖστον,

236 2641 316 2707 ὡς
334 2643 514 2711 tum,
548 2645 654 2700 τῶν
683 2644 1011 2720 ἀρχετύπων
1031 2652 1524 2724 ἀπολιμπάνονται.
1547 2656 1656 2711 Καὶ
1680 2659 1826 2728 ἡμᾶς

238 2734 417 2804 αὐτῆς
450 2736 550 2806 τῆς
573 2735 701 2802 θέας
727 2739 836 2792 τῶν
859 2742 1202 2813 πραγμάτων
1226 2746 1680 2817 ἀπολειφθέντας,
1708 2750 1825 2807 κίν-

239 2824 400 2890 δυνος
420 2826 488 2881 οὐ
524 2828 723 2900 μικρὸς
747 2831 848 2902 τὴν
875 2821 1135 2904 ’ἀλήθειαν
1167 2835 1492 2894 ἐλαττῶσαι.
1519 2858 1540 2891 ι

581 3004 717 3058 Ἐπί
756 3005 917 3060 τέλει
949 3007 1060 3062 τοῦ
1086 3011 1273 3064 αὑτοῦ
1299 3014 1507 3082 λόγου.

1920 553 2350 618 subministrat,
2376 552 2492 621 ‘quo
2520 547 2588 604 ad
2620 549 2791 602 vitam
2826 549 3079 616 pergant.
3103 561 3120 595 ι
3150 541 3216 596 Et
3237 555 3457 596 rursum
3486 557 3503 595 :

1930 667 1947 699 ι
1974 646 2348 718 Quapropter,
2380 641 2602 714 quando
2660 641 2831 696 vitam
2874 651 3102 703 eorum,
3155 634 3251 706 qui
3290 635 3508 705 pietate

1921 739 2168 812 insignes
2200 735 2436 799 fuerint,
2466 746 2792 790 enarramus
2821 748 2835 796 ;
2870 731 3109 802 primum
3141 727 3364 798 quidem
3396 725 3506 778 Do-

1922 832 2132 885 minum
2168 829 2221 882 in
2254 828 2434 883 servis
2467 826 2852 882 honoramus:
2894 822 3095 878 deinde
3124 821 3306 890 iustos
3338 830 3507 872 orna-

1923 938 2085 988 mus,
2116 935 2178 976 ea
2213 916 2565 975 testiﬁcando
2588 956 2602 981 ,
2642 930 2767 987 quae
2808 913 2969 970 nobis
3015 918 3301 982 comperta
3333 914 3503 964 sunt:

1921 1012 2144 1068 demum
2172 1010 2513 1067 laetilicamus
2542 1006 2796 1078 populos,
2838 1005 2967 1060 dum
3014 1018 3102 1059 res
3132 1003 3371 1073 optimas
3405 1014 3504 1053 au-

1922 1103 2101 1159 diunt.
2149 1120 2169 1153 ι

1929 1195 1935 1203 ’
1994 1195 2293 1251 Comment.
2340 1190 2472 1246 Vide
2505 1187 2786 1261 quomodo
2818 1192 3136 1243 sanctorum
3169 1196 3508 1238 commemo-

1924 1288 2104 1352 ratio,
2147 1293 2266 1341 tum
2309 1282 2425 1367 Deo
2466 1281 2732 1356 gloriam,
2778 1287 2894 1335 tum
2936 1277 3073 1348 ipsis
3103 1275 3356 1337 laudem,
3391 1279 3505 1327 tum

1923 1379 2166 1450 denique
2212 1376 2460 1433 laetitiam
2511 1372 2771 1446 populis,
2825 1371 3173 1438 salutemque
3225 1365 3505 1421 conciliet.

1927 1471 2042 1527 Cur
2069 1470 2242 1542 igitur
2271 1483 2396 1525 eam
2438 1466 2637 1522 tollere
2676 1464 2945 1520 conaris?
2989 1460 3146 1527 Quod
3192 1465 3373 1513 autem
3412 1470 3510 1525 per

1923 1576 2236 1618 sermonem
2290 1574 2365 1613 ac
2403 1572 2502 1629 per
2554 1555 2827 1626 imagines
2873 1558 3204 1608 sanctorum
3244 1544 3507 1602 memoria

1926 1659 2144 1723 agatur,
2178 1650 2404 1705 divinus
2437 1647 2585 1703 idem
2620 1645 2860 1701 Basilius
2893 1641 3146 1697 aliirmat.

2208 1738 2499 1811 Ejusdem,
2534 1739 2588 1792 in
2624 1735 2881 1791 Gordium
2915 1741 3224 1802 martyrem.

1998 1832 2521 1900 «Quemadmodum
2573 1830 2720 1884 enim
2778 1827 2959 1897 ignem
3000 1830 3201 1896 sponte
3253 1818 3509 1889 sequitur

1924 1925 2114 1980 lumen
2135 1966 2149 1991 ,
2181 1935 2236 1981 et
2264 1930 2609 1995 unguentum
2645 1919 2835 1976 suavis
2864 1917 3028 1980 odor,
3061 1904 3322 1970 ita'reete
3366 1909 3508 1963 facta

1924 2017 2250 2073 necessario
2289 2014 2653 2084 consequitur
2694 2011 2932 2067 utilitas.
2976 2007 3303 2077 Quanquam
3341 2016 3411 2058 ne
3448 2001 3507 2056 id

1924 2106 2149 2178 quidem
2182 2122 2380 2176 parum
2415 2113 2534 2169 est,
2565 2116 2756 2159 eorum
2793 2115 2915 2171 quae
2963 2111 3096 2153 tunc
3145 2104 3297 2169 gesta
3347 2101 3509 2154 sunt,

1925 2200 2212 2255 veritatem
2244 2198 2542 2267 diligenter
2568 2197 2811 2264 assequi.
2843 2190 3094 2247 Obscura
3130 2187 3338 2258 quippe
3362 2184 3510 2238 venit

1926 2290 1996 2344 ad
2045 2304 2147 2344 nos
2195 2287 2502 2353 memoria,
2544 2300 2652 2357 qua
2699 2283 2968 2356 praeclara
3011 2280 3067 2335 in
3102 2276 3510 2336 certaminibus

1925 2382 2028 2436 viri
2062 2380 2311 2436 facinora
2357 2386 2576 2436 servata
2615 2386 2783 2434 sunt:
2813 2376 3071 2444 idemque
3099 2369 3510 2443 quodammodo

1928 2475 2133 2541 nobis,
2179 2471 2328 2543 quod
2378 2471 2727 2542 pictoribus,
2782 2467 3037 2524 accidere
3084 2463 3324 2519 videtur.
3372 2461 3509 2517 Cum

1926 2566 2074 2622 enim
2103 2580 2172 2620 ex
2204 2563 2545 2635 imaginibus
2577 2560 2848 2631 imagines
2881 2558 3185 2628 depingunt
3232 2554 3344 2619 illi,
3385 2567 3510 2622 per-

1928 2670 2076 2728 saepe
2124 2655 2241 2711 lieri
2277 2669 2376 2725 par
2399 2663 2515 2721 est,
2537 2661 2613 2709 ‘ut
2659 2668 2690 2707 a
2722 2650 3071 2723 primigeniis
3102 2646 3510 2717 exemplaribus

1929 2749 2214 2805 aberrent.
2247 2745 2423 2803 Nobis
2451 2761 2672 2819 quoque
2692 2786 2707 2811 ,
2735 2745 2832 2816 qui
2862 2744 3028 2800 rebus
3057 2742 3230 2814 gestis
3264 2755 3373 2796 non
3417 2741 3513 2794 ad-

1931 2840 2169 2905 l'uimus,
2202 2838 2494 2893 minimum
2521 2853 2632 2892 non
2665 2836 2859 2894 subest
2888 2836 3236 2907 periculum,
3271 2850 3341 2890 ne
3366 2834 3512 2889 veri~

1930 2930 2035 2989 tati
2060 2930 2322 2990 damnum
2350 2928 2680 2984 inferamus.
2716 2947 2736 2981 ι

2275 3019 2385 3077 Sub
2414 3020 2653 3085 eiusdem
2687 3020 2946 3075 sermonis
2978 3021 3160 3090 ﬁnem.

322 3112 346 3146 τι
385 3091 477 3158 Ὠς
505 3092 738 3201 γὰρξδν
759 3095 911 3167 ήλιον
944 3099 1031 3153 ἀεὶ
1057 3100 1316 3170 ὁρῶντες,
1337 3104 1425 3156 ἀεὶ
1452 3104 1825 3177 θαυμάζομεν,

2009 3132 2029 3166 ι
2053 3110 2209 3167 Sicut
2236 3111 2383 3166 enim
2401 3149 2416 3176 ,
2439 3110 2544 3167 etsi
2572 3110 2744 3167 solem
2772 3125 2990 3179 semper
3016 3110 3322 3179 aspicimus
3340 3147 3355 3171 ,
3386 3123 3511 3162 eum

249 3183 399 3239 οὕτω
432 3186 527 3238 καὶ
557 3185 650 3240 τοῦ
679 3186 873 3263 ἀνδρὸς
893 3189 1105 3245 ἐκείνου
1132 3190 1220 3245 ἀεὶ
1251 3192 1453 3263 νεαρὰν
1480 3195 1582 3264 τὴν
1606 3195 1827 3267 μνήμην

246 3274 469 3329 εγομεν.
500 3293 521 3328 ι

246 3292 274 3327 ε
391 3292 469 3329 εν.
500 3293 521 3328 ι

234 3382 239 3387 '
277 3292 605 3435 placidior.
642 3368 835 3441 Δῆλον,
870 3369 946 3435 ὡς
972 3370 1062 3425 ἀεὶ
1089 3370 1453 3442 καθορῶντες,
1471 3372 1562 3427 διά
1582 3388 1642 3428 τε
1665 3371 1826 3443 λόγου

246 3458 346 3512 καὶ
377 3461 801 3530 εἰκονισμάτων.

248 3549 362 3602 καὶ
387 3549 459 3602 ἐν
489 3548 570 3615 τῷ
594 3552 754 3626 {Idm
787 3551 857 3605 δὲ
882 3551 964 3626 τῷ
993 3556 1078 3620 εἰς
1108 3553 1253 3621 τοὺς
1290 3558 1654 3626 ὑπερτίμους
1692 3573 1829 3614 τεσ-
1856 3593 1867 3602 ο

461 3618 810 3688 σαράκοντα
827 3618 1155 3693 μάρτυρας.
1186 3618 1373 3680 ταῦτά
1399 3618 1612 3696 caninae.

326 3729 347 3763 ι
373 3711 687 3784 Μαρτύρων
714 3712 773 3767 δὲ
813 3715 1055 3786 μνήμης,
1086 3716 1171 3780 τίς
1198 3714 1269 3771 ἂν
1284 3716 1495 3786 γένοιτο
1542 3718 1704 3789 κόρος
1750 3718 1829 3790 τῷ
1912 3758 1919 3767 .

247 3801 648 3875 φὰομάρτυρις
685 3805 830 3859 Διότι
863 3807 898 3875 ή
944 3807 1083 3877 πρὸς
1112 3810 1238 3873 τοὺς
1285 3809 1527 3880 ἀγαθοὺς
1562 3811 1673 3867 τῶν
1706 3813 1830 3883 ὀμο-

243 3892 454 3948 δούλων
482 3895 640 3967 τιμή,
673 3897 958 3964 ἀπόδειξιν
1005 3898 1122 3969 ἔχει
1167 3900 1267 3971 τῆς
1310 3902 1447 3973 πρὸς
1506 3903 1602 3957 τὸν
1648 3904 1829 3960 κοινὸν

246 3987 527 4057 Δεσπότην
574 3989 810 4053 εὐνοίας.
853 4009 872 4043 ι
908 3991 1021 4044 Καὶ
1058 3991 1253 4045 πάλιν*
1289 3995 1652 4066 «Μακάρισον
1696 4013 1829 4069 γνη-

250 4078 385 4141 σίως
414 4079 507 4132 τὸν
561 4082 1018 4151 μαρτυρήσαντα,
1052 4080 1143 4135 ἵνα
1177 4081 1308 4154 γένῃ
1340 4085 1551 4156 μάρτυς
1580 4089 1647 4158 τῇ
1695 4104 1830 4160 προ-

248 4170 487 4241 αιρέσει,
525 4172 620 4224 καὶ
678 4172 847 4243 ὲκόῇς
880 4173 1052 4242 χωρὶς
1106 4172 1373 4244 διωγμοῦ,
1413 4178 1584 4249 χωρὶς
1630 4180 1827 4250 πυρὸς»

249 4260 422 4331 χωρὶς
449 4262 751 4331 μαστίγων,
781 4261 894 4315 τῶν
932 4262 1113 4319 αὐτῶν
1142 4265 1371 4332 ἐκείνοις
1401 4267 1641 4323 ἐπαίνων
1665 4269 1830 4342 ἠξιω-

250 4353 431 4424 μένος.
471 4372 494 4406 s
750 4354 753 4359 ’

321 4530 602 4601 Σχόλιον.
645 4534 769 4597 Πῶς
799 4531 893 4588 οὖν
929 4536 998 4605 μὲ
1043 4534 1332 4608 ἀπείργεις
1363 4538 1468 4608 τῆς
1514 4538 1626 4593 τῶν
1661 4539 1830 4609 ἁγίων

248 4621 440 4692 τιμῆς,
471 4622 568 4676 καί⁵
618 4623 834 4692 φθονεῖς
889 4641 979 4695 μοι
1007 4625 1107 4696 τῆς
1155 4627 1464 4698 σωτηρίας;
1492 4629 1687 4683 Ὅτιδὲ
1707 4645 1828 4682 ww

248 4716 590 4788 εζευγμένην
619 4712 725 4770 οἶδε
772 4716 850 4788 τῷ
898 4716 1042 4787 λόγῳ
1089 4717 1189 4788 τὴν
1236 4718 1327 4772 ate
1376 4718 1486 4773 τῶν
1522 4721 1830 4792 χρωμάτων

250 4807 491 4879 μορφὴν,
514 4808 685 4862 ἄκουε
713 4806 881 4863 αὐτοῦ
910 4807 1031 4879 μετ’
1056 4805 1213 4877 ὀλίγα
1242 4804 1568 4876 φάσκοντος.

768 5064 773 5068 ,
865 4994 1117 5052 Βασιλεῖ
1118 5012 1211 5049 ου.

331 5099 349 5132 ι
378 5080 548 5152 Δεῦρο
591 5084 657 5156 δὴ
700 5079 816 5154 οὖν,
842 5086 924 5149 εἰς
958 5086 1124 5157 μέσον
1165 5074 1364 5148 αὐτοὺς
1404 5084 1701 5153 ἀγαγόντες
1743 5082 1830 5137 διὰ

253 5169 356 5241 τῆς
401 5173 757 5246 ὑπομνήσεως
781 5217 797 5243 ,
835 5177 1022 5247 κοινὴν
1059 5176 1160 5249 τήν
1201 5177 1296 5231 ἀπ’
1325 5176 1508 5230 αὐτῶν
1556 5176 1830 5246 ὠφέλειαν

254 5264 370 5325 τοῖς
412 5263 647 5334 παροῦσι
689 5267 1186 5340 καταστησώμεθα,
1216 5265 1596 5339 προδείξαντες
1639 5268 1826 5333 πᾶσιν,

256 5350 446 5424 ὥσπερ
472 5353 529 5406 ὲν
557 5358 768 5426 γραφῇ,
797 5358 898 5422 τὰς
925 5358 1035 5412 τῶν
1057 5358 1268 5431 ἀνδρῶν
1297 5358 1600 5429 ἀριστείας.
1635 5375 1654 5410 ι

228 5576 233 5581 .
329 5530 809 5604 Σχόλιον.’ορᾷς,
829 5531 904 5597 ὡς
921 5533 980 5588 ἓν
1002 5535 1207 5601 εἰκόνος
1226 5537 1319 5591 καὶ
1350 5536 1508 5607 λόγου
1537 5537 1596 5591 τὸ
1628 5537 1788 5609 ἔργον
1811 5556 1826 5603 ;

258 5636 283 5672 ι
305 5621 392 5684 Ὠς
442 5624 502 5674 ἐν
544 5626 729 5710 γραφῇ
760 5624 889 5697 γὰρ,
915 5629 1073 5698 φησὶ,
1102 5629 1474 5702 προδείξωμεν
1501 5630 1579 5703 τῷ
1606 5631 1771 5701 λόγῳ.
1804 5651 1823 5684 ι

261 5711 427 5768 Πάλιν
458 5713 689 5787 ἐχόμενα
713 5715 807 5771 τοῦ
847 5717 1007 5787 λόγου
1034 5734 1048 5750 ο
1082 5738 1100 5773 ι
1123 5721 1275 5775 Ἐπεί
1321 5723 1412 5777 καὶ
1443 5722 1694 5795 πολέμων
1733 5724 1827 5780 ἀν-

1929 3210 2117 3258 tamen
2147 3215 2367 3271 semper
2390 3200 2748 3265 admiramur,
2773 3200 2854 3257 sic
2873 3199 2977 3254 viri
3005 3199 3153 3255 illius
3178 3198 3344 3254 nobis
3370 3214 3512 3254 sem-

1929 3307 2028 3364 per
2057 3306 2253 3348 recens
2281 3299 2366 3346 est
2398 3290 2689 3346 memoria.
2728 3308 2747 3342 ι

1999 3383 2293 3440 Comment.
2328 3380 2443 3439 Nec
2465 3381 2729 3449 dubium,
2757 3380 2893 3452 quin
2918 3394 3138 3451 semper
3163 3378 3319 3433 illum
3343 3417 3356 3440 .
3384 3391 3511 3431 cum

1930 3491 2027 3546 per
2050 3489 2359 3531 sermonem
2383 3516 2397 3541 ,
2420 3482 2537 3529 tum
2561 3488 2657 3544 per
2678 3473 2977 3544 imaginum
3000 3470 3204 3541 elligies
3226 3468 3509 3534 intuendo.

1932 3565 2000 3623 In
2039 3567 2276 3624 oratione
2302 3562 2421 3622 vero
2457 3566 2521 3620 de
2554 3565 3119 3634 prastantissimorum
3155 3560 3516 3634 quadraginta

2359 3644 2662 3707 martyrum
2691 3634 2964 3690 laudibus.

2007 3746 2027 3781 ι
2055 3727 2354 3799 Martyrum
2388 3740 2561 3797 porro
2592 3723 2873 3780 recolendi
2910 3723 3268 3788 memoriam,
3301 3720 3509 3791 inquit,

1931 3833 2182 3890 quaenam
2213 3817 2444 3875 satietas
2473 3813 2741 3872 acciderit
2762 3814 2847 3869 illi
2864 3815 2958 3885 qui
2983 3823 3256 3885 martyres
3288 3810 3514 3881 diligit?
3602 3862 3603 3865 η

1935 3909 2125 3964 Honos
2152 3907 2360 3979 quippe
2386 3920 2552 3977 quem
2581 3904 2870 3961 conservis
2894 3903 3121 3974 optimis
3142 3901 3476 3973 'prazstamus
3495 3939 3510 3962 ,

1932 4003 2325 4068 argumentum
2375 4004 2463 4053 est-
2516 3993 2950 4058 benevolentite,
3003 4009 3115 4065 qua
3158 4005 3510 4048 communem

1929 4089 2092 4162 323
2125 4088 2417 4145 Dominum
2448 4094 2886 4159 prosequuntur.
2918 4104 2937 4139 ι
2964 4085 3035 4140 Et
3053 4099 3295 4140 sursum:
3325 4100 3343 4132 ι
3373 4082 3510 4134 Bea-

1932 4190 2019 4238 tos
2047 4182 2172 4237 illos
2197 4181 2414 4237 sincere
2440 4178 2676 4250 pracdica
2697 4217 2714 4244 ,
2741 4177 2839 4248 qui
2866 4175 3191 4247 martyrium
3212 4171 3508 4231 obierunt,

1930 4284 1991 4329 ut
2020 4281 2077 4329 tu
2109 4288 2329 4344 quoque
2360 4273 2643 4327 voluntate
2666 4278 2874 4340 martyr
2896 4268 3119 4329 evadas,
3143 4271 3510 4334 persequente

1932 4365 2117 4430 nullo,
2153 4364 2366 4435 absque
2394 4363 2555 4433 igne,
2589 4361 2801 4430 absque
2829 4355 3185 4421 verberibus,
3221 4354 3414 4409 iisdem
3446 4368 3511 4407 ac

1860 4478 1904 4532 ι)
1933 4454 2011 4508 illi
2039 4463 2268 4507 ornatus
2290 4449 2580 4507 encomiis.
2613 4467 2632 4500 ο

2006 4541 2302 4599 Comment.
2341 4538 2456 4595 Cur
2491 4550 2624 4608 ergo
2656 4536 2727 4591 ab
2773 4534 3116 4591 honorandis
3167 4534 3374 4591 sanctis
3422 4549 3511 4591 me

1932 4633 2227 4689 deterres?
2253 4630 2368 4687 Cur
2403 4627 2540 4684 mihi
2572 4628 2808 4684 salutem
2845 4625 3104 4683 invides?
3135 4626 3294 4693 Quod
3324 4634 3507 4682 autem

1929 4737 2249 4794 expressam
2281 4719 2565 4777 coloribus
2591 4718 2826 4774 formam
2845 4758 2861 4783 ,
2889 4717 3104 4774 aliinem
3134 4719 3213 4773 illi
3237 4733 3364 4775 esse
3387 4733 3510 4788 qua:

1932 4827 2189 4869 sermone
2239 4811 2506 4882 pingitur,
2560 4812 2823 4876 censeat,
2859 4808 3145 4866 nonnullis
3195 4808 3500 4881 interiectis

1932 4904 2297 4960 allirmantem
2336 4900 2552 4959 audias.

2611 4992 2824 5049 Basilii.

2007 5100 2027 5135 ι
2056 5083 2301 5154 Agedum
2339 5084 2493 5155 ipsos
2542 5083 2600 5139 in
2638 5083 2879 5143 medium
2927 5097 3022 5152 per
3068 5082 3508 5152 qualemcunque

1888 5248 1893 5255 .
1930 5175 2520 5231 commemorationem
2552 5182 2801 5241 nostram
2834 5173 3181 5230 adducentes
3203 5211 3219 5240 ,
3248 5181 3508 5226 strenua-

1930 5280 2039 5337 que
2065 5266 2308 5321 virorum
2339 5265 2518 5335 facta,
2546 5266 2700 5322 velut
2728 5266 2786 5319 in
2816 5264 3019 5320 tabella
3045 5269 3373 5319 cunctorum
3406 5277 3505 5316 ex-

1929 5358 2184 5414 hibentes
2221 5358 2433 5423 oculis,
2485 5371 2838 5414 communem
2884 5354 3195 5411 astantibus
3243 5367 3507 5421 procure-

1929 5466 2052 5506 mus
2082 5450 2398 5521 utilitatem.
2438 5468 2458 5501 ›

2003 5543 2300 5603 Comment.
2332 5540 2495 5598 Vides
2518 5582 2532 5607 ,
2560 5538 2709 5611 quod
2736 5537 2879 5593 idem
2910 5534 3207 5591 conferant
3236 5542 3350 5591 tum
3385 5550 3506 5589 ser-

1931 5650 2022 5691 mo
2041 5673 2057 5700 ,
2093 5643 2206 5688 tum
2238 5633 2423 5703 imago
2445 5634 2468 5685 1'
2494 5630 2588 5685 Ait
2616 5629 2767 5686 enim
2795 5646 2809 5683 :
2837 5648 2859 5683 ι
2887 5626 3173 5698 Tanquam
3209 5627 3265 5682 in
3301 5627 3502 5684 tabella

1933 5725 2288 5784 sermonibus
2340 5721 2725 5781 cshibcamus.
2766 5721 2957 5788 :Quin
3009 5727 3066 5777 et
3117 5734 3241 5775 mox
3298 5719 3501 5777 subdit.
