4074 6146
535 299 666 368 1267

1693 304 1754 363 S.
1788 300 2114 363 JOANNIS
2155 302 2588 368 DAMASCENI

3638 308 3764 377 1268

535 435 554 468 ι
579 418 712 485 Quae
738 415 881 470 enim
910 415 963 469 in
995 414 1138 469 bello
1162 410 1381 469 fortiter
1405 418 1555 481 gesta
1582 419 1745 479 sunt,
1771 428 1833 468 ea
1860 427 2110 485 sarpenu-

2224 413 2627 487 Βραγαθήματα,
2652 416 2747 469 xui.
2771 415 3096 488 λογογράφοι
3122 417 3402 485 πολλάκις,
3428 419 3524 476 καί⁵
3560 422 3765 498 ζωγρά-

533 524 723 574 mero,
755 514 872 562 tum
901 514 1153 563 oratores
1196 505 1512 575 explicant,
1551 512 1666 559 tum
1711 504 1992 574 pictores:
2026 506 2107 559 illi

531 602 751 673 quidem
789 598 972 654 verbis
1007 592 1381 669 exornantes‘,
1414 596 1469 651 hi
1506 610 1637 653 vero
1668 596 1886 653 tabellis
1919 597 2109 667 impri-

532 698 743 749 mentes
768 708 783 744 :
814 703 924 760 quo
952 688 1170 762 quidem
1202 697 1362 759 pacto
1392 685 1595 742 multos
1627 688 1847 758 utrique
1875 687 1941 743 ad
1966 703 2107 761 pra:-

535 784 681 839 elara
717 781 962 837 facinora
984 781 1369 837 incenderunt.
1407 780 1543 835 Nam
1567 795 1690 851 qua:
1722 782 1950 838 auribus
1982 797 2111 853 pro-

534 873 686 943 ponit
717 872 896 927 oratio
920 911 936 937 ,
967 870 1157 927 eadem
1191 870 1361 926 silens
1401 869 1571 940 figura
1607 885 1705 940 per
1742 872 2107 927 imitationem

535 963 800 1019 ostendit.
835 982 854 1015 ›

606 1053 903 1112 Comment.
947 1056 1164 1123 Quibus
1199 1042 1431 1111 obsecro
1462 1057 1649 1112 verbis
1679 1056 1889 1112 clarius
1924 1065 2112 1128 posset

536 1150 929 1217 demonstrari,
958 1150 1100 1221 apud
1136 1150 1449 1205 illitteratos
1471 1149 1736 1205 librorum
1770 1150 2112 1221 locoimagi-

537 1256 638 1297 nes
663 1255 788 1296 esse
807 1279 822 1305 ,
850 1248 906 1296 et
942 1250 1262 1295 sanctorum
1293 1239 1482 1311 gloriae
1507 1239 1733 1294 minime
1764 1250 1945 1295 mutos
1972 1254 2112 1312 pra:-

538 1347 707 1388 cones
731 1349 748 1400 ;
776 1331 985 1403 quippe
1017 1344 1143 1401 qua)
1166 1344 1303 1385 voce
1334 1331 1569 1401 quadam
1607 1330 1775 1386 tacita
1804 1346 1899 1388 eos
1928 1333 2024 1403 qui
2054 1347 2115 1388 se

540 1425 827 1479 intuentur
852 1422 1089 1488 docent,
1117 1423 1583 1492 sanctitatemque
1609 1422 1751 1479 visui
1778 1424 2109 1479 conciliantl

540 1514 774 1583 Quando
808 1515 948 1570 mihi
997 1530 1110 1571 non
1160 1521 1464 1586 suppetunt
1516 1515 1683 1579 libri,
1740 1531 1842 1571 nec
1889 1516 2114 1570 lectioni

541 1621 766 1677 possum
815 1620 1046 1673 vacare,
1080 1606 1475 1676 cogitationum
1527 1607 1734 1662 aculeis
1782 1606 2012 1676 perinde
2050 1621 2116 1661 ac

542 1698 718 1763 spinis
748 1705 1115 1766 compunctus
1136 1736 1153 1763 ,
1183 1697 1252 1752 ad
1280 1695 1584 1753 Ecclesiam
1611 1737 1626 1763 ,
1655 1697 1966 1753 animarum
2000 1713 2115 1753 me-

539 1788 652 1842 dici
686 1787 963 1843 ollicinam
1007 1802 1357 1845 communem
1403 1802 1610 1860 pergo:
1661 1797 1943 1860 aspectum
1995 1802 2114 1844 mo-

545 1887 670 1935 vent
707 1881 941 1951 pictura:
974 1877 1141 1936 ﬂores
1164 1920 1180 1945 ,
1217 1888 1383 1951 atque
1430 1879 1499 1935 ad
1538 1881 1716 1935 instar
1754 1882 1896 1953 prati
1935 1881 2115 1937 visum

541 1972 822 2027 oblectant
852 1986 1032 2027 meum
1054 2010 1071 2035 ,
1102 1980 1157 2027 et
1182 1971 1279 2027 Dei
1320 1972 1550 2043 gloriam
1591 1973 1794 2029 sensim
1840 1973 2118 2029 instillant

544 2063 749 2117 animo.
783 2062 1163 2118 Constantiam
1202 2064 1461 2134 martyris
1499 2065 1830 2131 considero,
1864 2072 1918 2120 et
1953 2080 2117 2121 coro-

544 2168 739 2208 narum
772 2154 994 2223 praemia
1022 2170 1038 2219 ;
1074 2152 1336 2224 humique
1368 2154 1665 2224 procidens
1694 2171 1791 2226 per
1822 2166 2115 2228 martyrem

498 2290 526 2311 ,
546 2243 717 2300 Deum
754 2244 931 2300 adoro
952 2284 969 2310 ,
1000 2254 1055 2301 et
1087 2246 1289 2302 salutis
1323 2261 1550 2318 compos
1589 2246 1817 2303 eﬂicior.
1855 2246 2116 2318 Nunquid

546 2351 654 2390 non
681 2335 927 2390 divinum
954 2336 1104 2391 illum
1128 2335 1343 2393 Patrem
1366 2336 1570 2394 auditis
1590 2337 1643 2391 in
1666 2338 1934 2403 oratione,
1951 2353 2117 2410 quam

548 2428 602 2480 in
635 2425 979 2481 Psalmorum
1009 2426 1230 2483 initium
1259 2428 1488 2499 scripsit
1514 2429 1581 2495 ",
1607 2428 1880 2484 dicentem
1907 2447 1923 2483 :
1953 2446 1972 2479 ι
1997 2426 2121 2499 Spi-

546 2519 716 2573 ritum
744 2528 997 2574 sanctum
1017 2561 1033 2588 ,
1062 2519 1322 2591 quoniam
1353 2521 1703 2576 intractabile
1730 2521 2121 2593 torpidumque

546 2604 949 2665 est'bominum
980 2626 1176 2681 genus,
1218 2610 1566 2666 Psalmorum
1595 2611 1889 2667 concentui
1919 2612 2121 2666 carmi-

550 2716 681 2755 num
716 2700 1080 2757 admiscuisse
1118 2686 1642 2757 concinnitatem?»
1669 2701 1809 2768 Quid
1845 2702 1970 2756 ais?
2025 2718 2122 2757 ne-

548 2807 827 2862 quaquam
864 2807 965 2864 ego
1002 2795 1234 2862 pinxero
1256 2833 1270 2859 ,
1301 2808 1405 2848 nec
1441 2793 1624 2848 verbis
1648 2832 1663 2859 ,
1700 2807 1805 2848 nec
1838 2792 2121 2849 coloribus

550 2892 870 2941 sanctorum
899 2886 1203 2958 martyria?
1233 2885 1353 2940 Non
1392 2886 1482 2940 illa
1539 2901 1662 2956 qua:
1703 2882 1881 2957 angeli
1914 2892 1969 2941 et
1998 2885 2123 2940 uni-

549 2993 709 3033 versa
765 2983 1020 3033 creatura
1082 2976 1474 3043 admirantur;
1528 2990 1672 3047 quae,
1726 2982 1788 3030 ut
1842 2975 1986 3031 idem
2022 2975 2125 3029 Ec-

2209 524 2300 577 φοι
2328 506 2793 578 διασημαίνουσιν,
2827 510 2876 562 οἱ
2910 508 3011 579 μὲν
3037 508 3114 579 τῷ
3152 509 3295 581 λόγῳ
3338 514 3690 584 κοσμοῦντες,
3720 522 3766 574 oi

2207 596 2262 649 δὲ
2291 599 2406 661 τοῖς
2426 596 2642 662 πίναξιν
2668 599 3124 669 ὲγχαράσσοντες,
3156 600 3250 654 καὶ
3278 602 3509 669 πολλοὺς
3550 606 3765 681 ἐπήγει-

2212 705 2312 758 ραν
2343 690 2424 752 είς
2461 688 2713 759 ἀνδρείαν
2752 690 3103 761 ἑκάτεροι.“’Δ
3127 692 3239 765 γάρ
3267 695 3296 748 ό
3328 688 3485 764 λόγος
3510 697 3607 769 τῆς
3639 701 3771 756 ξατο.

2211 778 2331 850 pia;
2373 777 2461 833 διὰ
2508 781 2607 850 τῆς
2632 781 2800 850 ἀκοῆς
2827 782 3145 854 παρίστησι,
3177 783 3353 839 ταῦτα
3378 782 3623 862 γραφικὴ
3654 807 3771 846 σιω-

2211 870 2373 925 πῶσα
2398 871 2487 926 διὰ
2522 873 2808 944 μιμήσεως
2838 872 3098 930 δείκνυσι.
3133 893 3153 927 ι

2284 1052 2562 1120 Σχόλιον.
2585 1052 2652 1105 Τί
2671 1051 2874 1106 τούτων
2891 1053 3221 1123 τηλαυγέστε
3231 1072 3320 1126 ρον
3334 1056 3472 1129 πρὸς
3486 1059 3768 1130 ἀπόδειξιν,

2211 1144 2291 1196 ὅτι
2323 1142 2495 1212 βίϐλοι
2523 1145 2637 1207 τοῖς
2669 1144 3058 1215 ἀγραμμάτοις
3081 1148 3139 1199 αἱ
3166 1148 3392 1212 είκόνις,
3418 1150 3515 1203 καὶ
3547 1148 3650 1221 τῆς
3676 1155 3772 1208 τῶν

2211 1233 2384 1301 ἀγίων
2425 1233 2595 1303 τιμῆς
2641 1233 2893 1305 ἀσίγητοι
2922 1236 3188 1308 κήρυκες,
3216 1239 3275 1292 ὲν
3299 1237 3454 1311 άήχῳ
3478 1245 3631 1314 φωνῇ
3658 1246 3773 1308 τοὺς

2211 1320 2455 1396 ὁρῶντας
2503 1325 2871 1394 διδάσκουσαι,
2902 1330 2996 1383 καὶ
3030 1329 3131 1400 τὴν
3176 1331 3368 1402 ὅρασιν
3415 1333 3773 1402 ἀγιάζούσαιδ

2215 1418 2330 1472 Ούκ
2364 1418 2582 1489 εὐπορῶ
2613 1418 2830 1489 βίϐλων,
2857 1420 2918 1474 οὐ
2971 1420 3169 1492 σχολὴν
3215 1423 3335 1491 άγω
3379 1425 3515 1496 πρὸς
3544 1428 3777 1495 ἀνάγνω-

2216 1526 2325 1574 σιν,
2354 1509 2558 1581 εἴσειμι
2606 1513 2687 1574 είς
2729 1511 2790 1564 τὸ
2827 1511 3004 1565 κοινὸν
3029 1512 3138 1566 τῶν
3163 1513 3353 1585 ψυχῶν
3395 1517 3647 1588 ἰατρεῖον,
3685 1518 3778 1591 τὴν

2228 1602 2577 1673 Ἐκκλησίαν,
2609 1601 2795 1673 ὥσπερ
2826 1602 3093 1667 ἀκάνθαις
3118 1606 3232 1669 τοῖς
3253 1597 3527 1675 λογισμοῖς
3555 1621 3782 1677 συμπνι-

2217 1694 2449 1765 γόμενος
2471 1711 2486 1728 ο
2513 1695 2661 1748 ἕλκει
2691 1710 2761 1765 με
2789 1695 2927 1766 πρὸς
2957 1694 3088 1748 θέαν
3125 1698 3227 1768 τῆς
3272 1694 3488 1768 γραφῆς
3514 1698 3576 1752 τὸ
3603 1699 3779 1766 ἄνθος,

2220 1788 2313 1842 καὶ
2342 1787 2419 1851 ὡς
2446 1785 2648 1857 λειμὼν
2669 1786 2862 1858 τέρπει
2890 1786 2989 1859 τὴν
3012 1788 3222 1857 ὅρασιν,
3249 1789 3345 1843 καὶ
3372 1789 3675 1860 λεληθότως
3702 1794 3784 1845 έν-

2218 1878 2414 1948 αφίησι
2440 1879 2509 1949 τῇ
2538 1879 2682 1949 ψυχῇ
2711 1876 2868 1942 δόξαν
2896 1878 3053 1933 Θεοῦ.
3071 1878 3351 1951 Τεθέαμαι
3376 1880 3476 1952 τὴν
3499 1880 3786 1954 καρτερίαν

2217 1970 2311 2025 τοῦ
2362 1970 2661 2042 μάρτυρος,
2684 1969 2793 2023 τῶν
2822 1971 3099 2040 στεφάνων
3147 1970 3248 2043 τὴν
3292 1973 3670 2038 ἀνταπόδοσιν,
3702 1975 3788 2030 καὶ

2218 2061 2295 2126 ὡς
2330 2062 2463 2134 πυρὶ
2510 2062 2649 2133 πρὸς
2695 2060 2854 2132 ζῆλον
2899 2060 3201 2133 ὲξάπτομαι
3244 2065 3313 2134 τῇ
3361 2064 3667 2136 προθυμίᾳ,
3700 2066 3787 2119 καὶ

2220 2154 2436 2208 πίπτων
2484 2138 2775 2226 προσκυνῶ
2817 2151 2893 2223 τῷ
2942 2151 3063 2224 Θεῷ
3113 2153 3200 2208 διὰ
3242 2154 3338 2208 τοῦ
3375 2155 3673 2227 μάρτυρος,
3701 2154 3789 2209 καὶ

2219 2245 2483 2318 λαμϐάνω
2506 2244 2603 2316 τὴν
2628 2243 2920 2316 σωτηρίαν.
2944 2245 3059 2298 Οὐκ
3083 2244 3329 2316 ἀκήκοας
3357 2246 3451 2299 τοῦ
3484 2244 3652 2300 αὐτοῦ
3680 2246 3789 2299 θεο-

2222 2339 2390 2410 φόρου
2440 2337 2671 2409 Πατρὸς,
2701 2336 2951 2406 λέγοντος
2988 2337 3047 2390 ὲν
3087 2335 3164 2407 τῷ
3207 2339 3289 2402 εἰς
3330 2338 3430 2409 τὴν
3479 2339 3659 2410 ἀρχὴν
3686 2337 3791 2392 τῶν

2221 2428 2467 2500 Ψαλμῶν
2509 2428 2674 2498 λόγῳ,
2698 2428 2781 2481 ὅτι
2823 2445 2841 2478 t
2870 2425 3161 2481 Γινώσκων
3187 2427 3249 2482 τὸ
3276 2427 3499 2499 Πνεῦμα
3527 2429 3587 2482 τὸ
3618 2429 3790 2497 ἅγιον,

2220 2521 2302 2575 ὅτι
2351 2520 2668 2587 δυσάγωγον
2713 2517 2852 2591 πρὸς
2899 2519 3122 2590 ἀρετὴν,
3156 2520 3250 2573 καὶ
3289 2519 3529 2591 ῥᾴθυμον
3554 2520 3618 2573 τὸ
3643 2520 3793 2589 γένος

2220 2610 2329 2663 τῶν
2357 2604 2681 2679 ἀνθρώπων,
2715 2606 2775 2660 τὸ
2798 2606 2957 2678 μέλος
2980 2608 3100 2672 ταῖς
3116 2607 3471 2679 Ψαλμῳδίαις
3501 2609 3793 2679 ἐγκατέμι-

2225 2699 2317 2765 ξε;
2350 2717 2370 2751 ι
2409 2699 2479 2755 τί.
2502 2700 2644 2769 φής;
2677 2698 2753 2752 Ού
2786 2697 2982 2770 γράψω
3009 2698 3103 2752 καὶ
3134 2698 3406 2775 λόγῳκαὶ
3444 2697 3703 2770 χρώμασι
3736 2697 3794 2752 τὸ

2222 2791 2331 2845 τῶν
2374 2790 2673 2863 μαρτύρων
2717 2789 3042 2862 μαρτύριον;
3075 2788 3171 2843 καὶ
3205 2788 3500 2861 ὀφθαλμοῖς
3530 2788 3797 2861 περιπτύ-

2226 2886 2385 2956 ξομαι
2421 2886 2483 2937 τὸ
2526 2883 2840 2953 θαυμαστὸν
2869 2881 2966 2936 καὶ
3003 2881 3258 2950 ἀγγέλοις
3283 2880 3377 2935 καὶ
3406 2880 3554 2952 πάσῃ
3582 2882 3656 2952 τῇ
3683 2879 3794 2934 κτί·

2226 2995 2328 3042 σει,
2359 2974 2617 3047 ὀδυνηρὸν
2646 2974 2704 3028 δὲ
2740 2972 2818 3045 τῷ
2850 2972 3084 3043 διαϐόλῳ
3126 2973 3222 3027 καὶ
3266 2972 3496 3043 φοϐερὸν
3523 2973 3797 3045 δαίμοσιν,

551 3070 735 3125 οιεεὶξε
769 3077 978 3123 astrum
1027 3068 1274 3140 loquitur
1314 3067 1384 3133 ⁸⁷,
1430 3067 1652 3123 diabolo
1704 3067 1905 3122 acerba
1955 3075 2121 3131 sunt,

2226 3068 2302 3132 ὠς
2335 3067 2497 3130 αὐτὸς
2529 3069 2556 3120 ὁ
2586 3064 2812 3135 φωστὴρ
2844 3063 2941 3134 τῆς
2984 3062 3313 3134 Ἐκκλησίας
3340 3064 3582 3135 inpr-105v;
3619 3064 3719 3121 Οἷα
3744 3064 3798 3119 δέ

551 3163 782 3232 ejusque
827 3161 1174 3217 daemonibus
1236 3169 1505 3216 terrorem
1582 3160 1891 3221 incutiunt,
1948 3159 2121 3214 labris

552 3253 839 3323 oculisque
868 3251 1255 3321 complectar?
1294 3250 1460 3320 Atqui
1496 3250 1700 3304 similia
1732 3253 1932 3304 horum
1964 3264 2123 3319 pror-

554 3359 650 3399 sus
684 3350 846 3407 sunt,
876 3357 1000 3412 quae
1034 3342 1137 3399 sub
1172 3341 1339 3397 linem
1370 3340 1643 3401 orationis
1666 3340 1726 3395 'in
1761 3341 2124 3413 quadraginta

555 3444 825 3506 martyres
857 3444 1097 3505 perorat.
1127 3451 1147 3486 ι
1178 3432 1222 3489 Ο
1255 3433 1488 3488 chorum
1522 3439 1774 3487 sanctum
1800 3434 1813 3486 l
1844 3448 1877 3487 o
1908 3446 2125 3489 sacram

555 3527 837 3582 cohortem
864 3527 877 3581 l
915 3542 948 3582 ο
975 3541 1213 3583 cuneum
1242 3524 1731 3597 inexpugnabilem
1760 3525 1774 3579 ι
1810 3539 2129 3609 o‘commu-

558 3631 659 3671 nes
690 3615 911 3686 generis
945 3615 1232 3671 hominum
1278 3615 1581 3679 custodes,
1626 3614 1821 3685 optimi
1868 3628 2128 3668 curarum

560 3707 742 3771 socii,
782 3720 1007 3774 precum
1045 3706 1374 3777 adjutores,
1414 3713 1666 3761 oratores
1706 3704 2130 3772 facundissimi,

559 3795 713 3851 orbis
750 3803 941 3859 astra,
979 3794 1356 3852 Ecclesiarum
1392 3793 1590 3862 llores,
1630 3792 1830 3861 ﬂores,
1870 3796 2131 3866 inquam,

561 3885 841 3941 mentibus
878 3890 1033 3956 atque
1062 3900 1125 3941 ac
1158 3886 1419 3943 sensibus
1455 3886 1811 3958 perjucundi.
1843 3885 1954 3943 Vos
1985 3894 2133 3942 terra

2224 3175 2358 3229 φησι
2408 3158 2546 3229 πρὸς
2588 3156 2666 3227 τῷ
2711 3155 2855 3208 τέλει
2903 3153 2997 3207 τοῦ
3043 3154 3226 3222 λόγου,
3265 3156 3633 3226 ἐγκωμιάζων
3678 3157 3798 3219 τοὺς

2223 3251 2629 3321 τεσσαράκοντα
2661 3250 2977 3321 μάρτυραςς
3002 3266 3021 3300 ι
3045 3241 3116 3303 Ὦ
3132 3248 3290 3319 χορὸς
3305 3247 3494 3315 ἃγιοςί
3531 3243 3577 3302 ὧ
3612 3248 3801 3319 σύστη-

2229 3360 2306 3413 μα
2335 3342 2510 3414 ἰερόνι
2547 3336 2593 3395 ὦ
2626 3340 3000 3411 συνασπισμὸς
3026 3338 3304 3412 ἀρῤαγήςί
3348 3333 3395 3393 ὦ
3427 3341 3605 3395 κοινοὶ
3638 3340 3803 3410 φύλα-

2228 3450 2322 3497 κες
2341 3432 2435 3486 τοῦ
2459 3433 2652 3501 γένους
2673 3432 2779 3487 τῶν
2803 3431 3121 3502 ἀνθρώπων,
3153 3430 3348 3500 ἀγαθοὶ
3366 3433 3617 3487 κοινωνοὶ
3640 3449 3801 3502 φρον-

2227 3526 2422 3591 τίδων,
2452 3525 2688 3595 δεήσεων
2729 3524 3003 3595 συνεργοὶ,
3059 3522 3364 3594 πρεσϐύται
3404 3524 3801 3590 δυνατώτατοι,

2231 3619 2461 3688 ἀστέρες
2507 3617 2607 3689 τῆς
2650 3615 3010 3686 οἰκουμένης,
3074 3613 3210 3684 ἄνθη
3270 3613 3381 3667 τῶν
3428 3613 3799 3685 Ἐκκλησιῶνσ

2230 3709 2342 3780 ἐγὼ
2364 3709 2422 3763 δέ
2460 3726 2630 3781 φημι,
2661 3707 2832 3779 νοητά
2854 3723 2913 3760 τε
2938 3706 3031 3759 καὶ
3057 3705 3315 3776 αἰσθητά.
3348 3705 3522 3774 Ύμᾶς
3542 3706 3634 3774 οὐχ
3664 3706 3699 3775 ὴ
3734 3706 3803 3774 γῆ

2233 3802 2577 3874 κατέκρυψεν
2597 3842 2612 3867 ,
2675 3801 2790 3856 ἀλλ’
2838 3798 3065 3872 οὐρανὸς
3122 3797 3446 3862 ὑπεδέξατο·
3510 3797 3803 3866 ἠνοίγησαν

2234 3896 2363 3965 ύμῖν
2418 3892 2748 3965 παραδείσου
2798 3893 2986 3960 πύλαι,
3031 3891 3186 3959 ἄξιον
3234 3890 3402 3959 θέαμα
3450 3890 3512 3958 τῇ
3562 3886 3799 3955 στρατιᾷ

562 3990 675 4030 non
706 3974 990 4039 condidit,
1019 3975 1117 4032 sed
1149 3976 1349 4033 coelum
1377 3979 1613 4047 excepit.
1644 3977 1950 4034 Patuerunt
1979 3978 2121 4035 vobit

2234 3986 2344 4039 τῶν
2390 3985 2658 4055 ἀγγέλων,
2703 3984 2855 4051 ἄξιον
2902 3984 3297 4062 πατριάρχαις,
3337 3978 3655 4051 προφήταις,
3709 3974 3799 4028 δὀ-

564 4067 810 4137 paradisi
841 4067 1062 4139 januazz
1109 4068 1491 4138 spectaculum
1538 4068 1767 4139 dignum
1814 4071 2135 4141 angelorum
2239 4079 2438 4143 χαίοις.
2473 4097 2492 4131 ι

563 4161 866 4230 exercitui,
898 4159 1275 4231 patriarchis,
1311 4160 1637 4231 prophetis,
1678 4171 1737 4219 et
1779 4163 1951 4233 justis
1982 4163 2136 4219 .l'acti

564 4254 717 4308 estis.
757 4270 780 4305 ι

636 4342 931 4399 Comment.
973 4342 1095 4410 Qua
1134 4344 1350 4399 ratione
1388 4342 1593 4401 intueri
1630 4358 1738 4400 non
1778 4344 2089 4402 desiderem
2117 4390 2132 4409 ,

2309 4340 2585 4408 Σχόλιον.
2614 4337 2738 4401 Πῶς
2765 4335 2826 4390 οὒ
2862 4334 2937 4407 μὴ
2958 4332 3180 4405 ποθήσω
3200 4316 3348 4396 ἰδεῖν,
3367 4329 3397 4384 ὃ
3414 4330 3542 4385 ἰδεῖν
3556 4323 3812 4383 ποθοῦσιν

565 4432 718 4501 quod
747 4448 977 4490 cernere
1020 4434 1253 4502 cupiunt
1294 4436 1518 4506 angeli?
1550 4436 1649 4493 His
1685 4452 1853 4506 porro
1889 4452 2121 4493 consona

2242 4432 2495 4501 ἄγγελοι;
2522 4427 2740 4498 Συνῳδὰ
2760 4427 2816 4480 δὲ
2834 4426 3044 4489 τούτοις
3066 4424 3161 4479 καὶ
3187 4424 3217 4477 ὁ
3245 4422 3440 4477 τούτου
3465 4420 3691 4489 ἀδελφὸς
3716 4417 3814 4473 καὶ

570 4524 739 4579 frater
784 4525 963 4595 ipsius
1011 4526 1299 4596 loquitur,‘
1330 4526 1518 4583 eadem
1572 4542 1637 4583 ac
1685 4529 1805 4598 ipse
1852 4530 2129 4585 sentiens.

567 4616 943 4687 Nyssenorum
976 4618 1209 4674 antistes
1234 4618 1560 4688 Gregorius.

569 4707 735 4778 324
863 4706 1102 4782 gregarii
1128 4707 1357 4779 Νεμεεηὶ
1375 4750 1391 4772 ,
1414 4711 1468 4782 iit
1497 4710 1855 4780 supplemento
1886 4712 1964 4782 (3)
1985 4751 2001 4777 ,
2029 4714 2137 4768 sire

771 4712 831 4761 S.
863 4712 1102 4777 Gregorii
1128 4712 1357 4779 Νεμεεηὶ
1375 4750 1391 4772 ,
1414 4712 1468 4766 in
1497 4712 1855 4780 supplemento
1907 4714 1936 4768 3

764 4777 820 4829 in
855 4778 988 4831 libro
1024 4777 1103 4832 De
1127 4788 1399 4833 structura
1427 4780 1655 4835 hominis
1684 4782 1827 4852 (cap.
1856 4712 1936 4853 ‘3.

649 4950 667 4982 ι
692 4929 1162 4998 Quemadmodum
1191 4934 1246 4988 in
1274 4933 1557 4990 hominum
1582 4950 1736 4993 more
1757 4939 1997 5007 positum
2029 4944 2132 5009 est,

574 5031 633 5076 ut
659 5023 754 5091 qui
788 5020 1180 5089 imperatorum
1212 5020 1485 5076 fabricant
1515 5022 1816 5094 imagines,
1850 5025 2040 5083 formae
2080 5029 2135 5083 in

572 5110 769 5181 primis
818 5108 1045 5181 efﬁgiem
1080 5110 1422 5180 exprimant,
1471 5126 1923 5186 purpureumque
1973 5119 2135 5173 indu-

2239 4519 2579 4593 ὁμογνώμων
2610 4515 2936 4589 Γρηγόριος,
2969 4516 2999 4568 ό
3042 4514 3141 4585 τῆς
3182 4512 3486 4580 Νυσσαέων
3517 4507 3817 4572 ἐπίσκοπός

2244 4630 2428 4685 φησιν.

2248 4706 2358 4762 Τοῦ
2390 4703 2564 4775 ἁγίου
2596 4701 2926 4775 Γρηγορίρυ
2949 4700 3288 4775 ἐπισκόπου
3311 4698 3583 4775 Νόσσης,
3612 4694 3686 4749 ἐκ
3716 4692 3825 4775 τ’ρῦ

2311 4768 2909 4840 ἀναπληρωματικοῦ,
2949 4769 3226 4826 τουτέστι
3266 4768 3400 4837 περὶ
3434 4768 3827 4833 κατασκευῆς

2314 4842 2627 4910 ἀνθρώπου
2659 4841 2804 4910 (κεφ.
2836 4840 2944 4909 δ’.).

2323 4938 2571 5007 «Ὥσπερ
2597 4935 2736 4990 κατά
2756 4934 2856 5005 τὴν
2899 4929 3245 5003 ἀνθρωπίνην
3286 4925 3583 4997 συνήθειαν
3632 4925 3687 4979 οἱ
3734 4923 3832 4986 τὰς

2242 5031 2457 5094 εἰκόνας
2482 5029 2592 5083 τῶν
2623 5026 2969 5100 κρατούντων
2996 5020 3513 5085 κατασκευάζοντες,
3529 5018 3634 5072 τόν
3660 5035 3725 5071 τε
3747 5033 3837 5087 χα-

2246 5118 2495 5193 ρακτῆρα
2519 5117 2618 5188 τῆς
2650 5116 2867 5187 μορφῆς
2894 5115 3321 5186 ἀναμάσσονται,
3344 5109 3440 5165 καὶ
3459 5109 3525 5180 τῇ
3559 5107 3836 5181 περιϐολῇ

641 5225 881 5284 “Basil.
950 5224 1186 5280 Hom.in
1238 5224 1360 5281 init.
1390 5223 1538 5282 Psal.
1568 5228 1620 5281 1.
1696 5226 1741 5260 ⁹’
1779 5227 1948 5287 Basil.
1985 5232 2040 5287 in
2072 5231 2131 5290 S.
2171 5233 2455 5291 Gordium.

2082 5394 2311 5456 NOTE.

645 5484 1352 5566 £3)_Sic_vocem__Gra?cam
1414 5490 1478 5566 ἐκ
1674 5484 2143 5566 ἀποπληρωματι-

578 5556 697 5619 κοῦ,
743 5556 933 5613 Latine
976 5560 1165 5624 reddo,
1215 5564 1497 5628 praeunte
1542 5557 1818 5628 Tilmano.
1846 5556 2022 5628 Hujus
2052 5562 2140 5614 in-

578 5629 1030 5713 terpretationem
1051 5627 1439 5713 ‘pratermjsit
1485 5628 1675 5684 Zinus.
1707 5627 1888 5713 “Opus
1935 5627 2139 5713 nempe

582 5692 716 5744 illud
752 5693 1001 5765 Gregorii
1051 5692 1305 5767 Nysscni,
1337 5696 1463 5768 jure
1509 5692 1867 5769 appendicem
1910 5692 2131 5769 supple-

2249 5500 2568 5548 mentumvc
2629 5490 2839 5547 dixeris
2895 5489 2963 5545 ad
3024 5488 3215 5545 Basilii
3294 5486 3485 5542 fratris
3532 5484 3733 5542 libros
3790 5483 3843 5537 in

2250 5563 2647 5625 Hexaemeron,
2690 5560 2743 5616 in
2785 5558 2990 5629 quibus
3034 5558 3173 5614 nihil
3216 5559 3282 5613 de
3330 5555 3583 5629 hominis
3608 5554 3849 5629 opiﬁcio

2245 5632 2689 5770 ἥτὶρεεῆοιῄῧιο.
2726 5624 2965 5754 ιῖἷὲεείε
2992 5645 3115 5700 quae
3144 5629 3459 5711 notavimus
3490 5624 3564 5681 ad
3600 5624 3742 5700 cap.
3775 5625 3847 5679 39

2267 5722 2277 5755 l
2326 5719 2410 5758 ,η
2485 5718 2513 5756 e
2622 5717 2720 5755 .or
2783 5718 2811 5756 ο
2855 5736 2870 5755 .

2267 5717 2338 5758 ID.
2372 5719 2410 5758 11
2435 5717 2513 5756 lle
2541 5717 2635 5758 na.
2659 5717 2870 5756 ormoa.
