4074 6146
300 317 440 388 1273

1406 316 1503 383 DE
1542 316 2000 386 IMAGINIBUS
2032 320 2316 388 ORATIO
2350 321 2401 390 Ι.

3413 321 3548 392 1274

296 434 326 491 6
359 435 510 500 Θεὸς,
540 428 777 503 εὔδηλον,
807 431 888 485 ὅτι
917 425 1141 487 δύναται
1181 431 1273 486 καὶ
1302 433 1369 486 δι’
1395 434 1640 501 εἰκόνων,
1668 434 1760 487 καὶ
1785 434 1867 486 λι-

1972 437 2154 490 statim
2181 438 2380 492 revixit
2413 436 2472 489 ‘?
2511 433 2669 502 Quod
2696 433 2744 491 si
2776 429 2919 490 Deus
2943 448 3040 505 per
3074 448 3199 490 ossa
3229 448 3316 490 res
3343 437 3551 491 miran-

299 524 430 590 θων,
460 527 555 580 καὶ
601 525 804 595 ἐτέρων
837 525 1070 592 πολλῶν,
1099 524 1283 588 καθὼς
1329 525 1426 578 καὶ
1467 527 1561 579 ἐπὶ
1600 526 1871 580 Ἐλισσαιὲ

298 616 533 686 ἐγένετο,
558 616 616 680 ὃς
642 616 808 670 ἔδωκε
841 617 940 688 τὴν
976 617 1112 670 ἰδίαν
1151 616 1342 686 ῥάϐδον
1373 615 1453 687 τῷ
1478 618 1672 671 ἑαυτοῦ
1695 618 1867 684 παιδὶ,

297 711 394 778 καὶ
419 706 563 776 εἷπε,
591 709 658 762 δι’
683 710 850 780 αὐτῆς
884 709 1217 779 πορευθέντα
1246 709 1548 779 ἀναστῆσαι
1575 709 1667 763 τὸν
1705 711 1871 764 παῖδα

297 801 396 870 τῆς
421 801 824 868 Σουναμίτιδος.
861 800 971 852 Καὶ
1003 799 1478 871 Μωῦσῆς,’ῥάῦδῳ
1509 799 1707 870 Φαραὼ
1750 800 1872 854 ἐκό-

297 889 450 958 λασε,
487 891 580 945 καὶ
611 889 886 945 θάλασσαν
925 887 1130 958 ἔσχισε,
1160 889 1256 942 καὶ
1280 887 1426 960 ὕδωρ
1455 890 1746 958 ὲγλύκανε,
1779 891 1872 945 καὶ

300 982 508 1052 πέτραν
555 980 773 1053 ἔρῥηξε,
823 980 918 1035 καὶ
965 979 1108 1052 ὕδωρ
1157 980 1414 1051 ἐξήγαγε.
1461 982 1574 1035 Καὶ
1621 981 1873 1053 Σολομὼν

299 1090 486 1144 φησιν·
511 1075 854 1140 Ηὺλόγηται
885 1071 1094 1136 ξύλον,
1127 1071 1202 1126 δι’
1228 1068 1300 1128 οὗ
1339 1075 1563 1142 γίνεται
1590 1075 1870 1142 σωτηρία.

310 1165 580 1218 Ἐλισσαιὲ
643 1163 798 1228 ξύλον
862 1165 920 1218 ὲν
962 1164 1207 1237 Ἰορδάνῃ
1271 1164 1605 1236 ἀπορῥίψας,
1658 1165 1872 1236 σίδηρον

300 1250 580 1324 ἀνήγαγε·
627 1254 722 1306 καὶ
765 1251 919 1319 ξύλον
967 1251 1140 1323 ζωῆς,
1189 1254 1284 1306 καὶ
1333 1253 1499 1322 φυτὸν
1546 1253 1724 1306 Σαϐὲκ
1771 1252 1872 1324 (7),

300 1345 468 1418 ἦγουν
501 1334 920 1417 συγχωρήσεως.
945 1347 1056 1401 Καὶ
1082 1347 1321 1418 Μωῦσῆς
1352 1346 1491 1419 ξύλῳ
1512 1348 1635 1418 ὅφιν
1666 1347 1873 1418 ὕψωσε,

301 1437 395 1490 καὶ
420 1437 544 1490 λαὸν
567 1437 897 1509 ὲζωοποίησε
916 1452 932 1467 ·
964 1437 1106 1508 ξύλῳ
1136 1438 1494 1509 βλαστήσαντι
1521 1442 1578 1492 ὲν
1603 1443 1670 1511 τῇ
1701 1441 1872 1510 σκηνῇ

300 1527 400 1600 τὴν
431 1529 703 1599 ἱερατείαν
732 1529 1028 1600 ἐκύρωσεν.
1047 1530 1186 1584 Ἀλλ’
1213 1533 1342 1596 ἴσως
1373 1533 1519 1602 ὲρείς
1551 1545 1666 1602 μοι,
1689 1533 1718 1584 6
1749 1530 1876 1584 'Iou-

300 1614 468 1684 δαῖος,
502 1616 585 1673 δτι
612 1620 693 1674 τά
714 1619 770 1674 ὲν
803 1623 870 1692 τῇ
916 1621 1088 1693 σκηνῇ
1118 1622 1211 1676 τοῦ
1245 1623 1549 1695 μαρτυρίου
1581 1623 1817 1688 ἅπαντα,
1846 1624 1874 1676 6

301 1710 434 1774 Θεὸς
456 1710 706 1779 γενέσθαι
724 1712 1026 1783 προσέταξε
1050 1713 1128 1784 τῷ
1146 1713 1352 1784 Μωῡσῇ
1375 1730 1388 1743 ·
1413 1713 1570 1782 κάγώ
1597 1724 1679 1768 σοι
1706 1714 1872 1782 λέγω,

299 1803 384 1856 ὅτι
427 1801 600 1856 πολλὰ
646 1803 742 1855 καὶ
789 1803 1010 1857 ποικίλα
1039 1805 1342 1878 πράγματα
1369 1809 1396 1859 6
1427 1804 1680 1875 Σολομὼν
1712 1809 1770 1860 ἐν
1798 1806 1874 1876 τῷ

300 1893 435 1964 ναῷ,
460 1891 674 1962 γλυπτὰ
716 1895 808 1948 καὶ
853 1895 1099 1966 χωνευτὰ
1147 1897 1468 1968 πεποίηκεν,
1497 1897 1639 1968 ειπερ
1691 1898 1810 1950 οὐδὲ
1846 1900 1875 1952 6

299 1985 432 2047 Θεὸς
461 1983 610 2056 αὐτῷ
652 1987 876 2056 ποιῆσαι
911 1989 1262 2058 προσέταξεν,
1303 1987 1426 2041 οὒτε
1471 1981 1504 2059 ὴ
1558 1988 1730 2058 σκηνὴ
1778 1989 1873 2041 τοῦ

302 2076 602 2148 μαρτυρίου
641 2076 812 2130 ταῦτα
843 2078 1127 2148 ἐκέκτητο,
1161 2079 1298 2134 οὔτε
1343 2081 1372 2132 6
1422 2079 1570 2144 ναὸς,
1600 2079 1660 2134 ὃν
1688 2081 1717 2132 6
1743 2079 1876 2144 Θεὸς

295 2165 376 2236 τῷ
399 2167 660 2237 Ἰεζεκιὴλ
691 2168 962 2235 ὑπέδειξε,
987 2171 1084 2224 καὶ
1117 2172 1178 2224 οὐ
1219 2170 1576 2242 κατεγνώσθη
1606 2172 1665 2224 ὲν
1697 2171 1874 2242 τούτῳ

295 2258 328 2310 6
359 2257 608 2328 Σολομῶν
627 2275 642 2289 ·
674 2261 757 2321 εἰς
783 2258 942 2324 δόξαν
968 2259 1077 2329 γάρ
1099 2258 1234 2312 Θεοῦ
1256 2260 1353 2322 τὰς
1375 2260 1633 2324 τοιαύτας
1661 2261 1876 2332 μορφάς

295 2347 722 2420 κατεσκεύασεν,
756 2347 945 2421 ὥσπερ
993 2350 1057 2422 δὴ
1103 2349 1202 2404 καὶ
1245 2351 1429 2421 ἡμεῖς.
1462 2347 1622 2422 Εῐχες
1671 2353 1767 2404 καὶ
1808 2351 1872 2404 σὺ

297 2438 498 2502 πολλάς
528 2440 625 2492 καὶ
649 2439 944 2509 διαφόρους
990 2441 1127 2512 πρὸς
1155 2440 1465 2512 ἀνάμνησιν
1489 2441 1624 2494 Θεοῦ
1657 2441 1874 2506 εἰκόνας

297 2529 390 2582 καὶ
417 2530 723 2601 σήμαντρα,
751 2531 881 2602 πρὶν
928 2530 961 2600 ἢ
1004 2530 1210 2584 τούτων
1237 2532 1326 2586 διὰ
1353 2531 1452 2603 τὴν
1492 2531 1591 2604 σὴν
1622 2534 1876 2604 ἀγνωμο-

298 2619 465 2693 σύνην
510 2623 842 2693 ἐστερήθηςο
872 2623 1116 2678 τουτέστι
1173 2623 1272 2694 τὴν
1318 2625 1624 2694 Μωσαῖκὴν
1655 2625 1870 2696 ῥάϐδον,

293 2712 392 2777 τὰς
441 2713 736 2777 θεοτύπους
785 2715 1018 2780 πλάκας,
1050 2716 1150 2785 τὴν
1188 2715 1552 2787 πυρένδροσον
1582 2716 1742 2786 βάτον
1772 2716 1870 2787 (8),

293 2804 392 2874 τὴν
422 2803 748 2876 ξηρένυδρον
783 2803 1009 2876 πέτραν,
1045 2805 1144 2874 τὴν
1180 2807 1516 2876 μαννοφόρον
1543 2805 1792 2874 κιϐωτὸν,
1813 2807 1874 2860 τὸ

294 2894 591 2965 πυρένθεον
635 2893 1055 2965 θυσιαστήριον,
1091 2893 1154 2947 τὸ
1203 2894 1480 2966 θεὼνυμον
1529 2897 1780 2964 πέταλον,
1813 2897 1874 2950 τὸ

295 2982 546 3055 θεόδηλον
587 2985 803 3053 Ἐφοὺδ,
858 2983 957 3055 τὴν
1006 2984 1249 3038 θεόσκιον
1286 2988 1522 3056 σκηνήν·
1577 2989 1625 3040 εἰ
1674 2987 1731 3040 δὲ
1780 2987 1874 3040 καὶ

295 3074 363 3126 σὺ
394 3072 613 3128 ἅπαντα
637 3074 810 3129 ταῦτα
834 3074 1028 3137 νυκτὸς
1059 3075 1394 3146 καὶήμέρας
1428 3076 1813 3142 κατεσκιάξου,
1843 3077 1873 3128 ό

292 3165 502 3235 λέγων·
549 3166 704 3231 Δόξα
732 3182 832 3222 σοι
871 3170 904 3222 ὁ
946 3170 1134 3238 μόνος
1175 3157 1594 3237 παντοκράτωρ
1630 3169 1795 3236 Θεὸς,
1836 3173 1870 3224 ὀ

293 3255 392 3310 διὰ
420 3257 662 3311 πάντων
691 3258 919 3313 τούτων
945 3259 1016 3313 ἐν
1036 3257 1290 3328 Ἰσραὴλ
1317 3260 1866 3328 θαυματοποιήσας,

293 3351 342 3404 εἰ
369 3349 426 3403 δὲ
459 3349 548 3403 διά
573 3351 790 3405 πάντων
823 3352 1026 3405 τούτων
1065 3351 1174 3406 τῶν
1212 3351 1473 3420 νομικῶν,
1503 3343 1578 3404 ὧν
1604 3348 1748 3422 εἶχες
1772 3368 1868 3404 πο-

291 3446 375 3513 τὲ,
411 3447 767 3518 προσπίπτων
796 3447 874 3517 τῷ
905 3445 1024 3517 Θεῷ
1070 3447 1447 3518 προσεκύνεις,
1475 3446 1731 3518 όρᾷς,ὂτι
1780 3447 1870 3502 διὰ

290 3539 399 3594 τῶν
426 3540 649 3595 εἰκόνων
677 3539 1014 3610 προσάγεται
1041 3535 1118 3610 τῷ
1150 3538 1270 3609 Θεῷ
1298 3541 1330 3609 ὴ
1368 3538 1756 3612 προσκύνησις.
1784 3559 1802 3592 ι

1899 3122 1946 3183 C

1976 531 2075 586 das
2119 528 2462 599 exsequitur,
2507 527 2614 582 hoc
2651 527 2769 596 ipse
2819 525 2989 580 dubio
3037 526 3253 595 procul,
3303 537 3414 582 tum
3456 545 3552 598 per

1977 624 2265 692 imagines,
2308 631 2422 674 tum
2481 635 2578 688 per
2628 618 2798 672 multa
2844 617 2948 670 alia
2993 625 3255 686 praestare
3313 620 3549 688 poterit;

1977 712 2438 784 quemadmodum
2462 710 2660 765 Elisaao
2682 707 2908 779 conligit
2928 711 2969 773 ⁸,
3000 709 3093 778 qui
3113 709 3365 763 baculum
3388 725 3551 764 suum

1978 821 2137 861 servo
2170 805 2415 866 tradens,
2446 803 2526 858 ire
2551 800 2810 872 praecepit
2853 805 2912 852 ut
2941 799 3064 868 ejus
3092 815 3261 869 opera
3300 799 3352 853 in
3385 800 3552 853 vitam

1981 897 2341 955 Sunamitidis
2389 895 2559 949 ﬁlium
2616 899 2926 948 revocaret.
2983 891 3102 945 Jam
3149 906 3283 946 vero
3339 891 3553 961 Moyses

1980 991 2130 1062 virga
2185 989 2523 1043 Pharaonem
2567 985 2894 1054 castigavit;
2951 997 3104 1037 mare
3161 983 3292 1037 item
3342 981 3550 1044 divisit,

1982 1097 2137 1153 aquae
2186 1077 2534 1135 dulcedinem
2585 1075 2924 1144 conciliavit,
2989 1081 3200 1141 petram
3260 1072 3456 1142 fregit,
3497 1080 3553 1126 et

1981 1188 2152 1242 aquas
2191 1171 2380 1227 eduxit
2414 1171 2456 1224 °.
2519 1166 2663 1235 Quin
2713 1167 2880 1222 etiam
2926 1164 3186 1220 Salomon
3237 1165 3314 1218 ait
3346 1181 3358 1216 :
3390 1163 3556 1216 Bene-

1979 1265 2178 1319 dictum
2217 1273 2292 1317 εει
2335 1263 2537 1332 lignum
2593 1271 2685 1327 per
2720 1258 2859 1328 quod
2917 1257 2977 1326 ﬁt
3037 1255 3184 1309 salus
3226 1254 3270 1308 ".
3324 1252 3552 1308 Elisaaus

1980 1371 2076 1426 per
2115 1355 2319 1425 lignum
2351 1355 2407 1407 in
2443 1351 2741 1406 Iordanem
2769 1349 3100 1420 projectum,
3131 1346 3334 1401 ferrum
3369 1353 3554 1400 extra-

1979 1445 2060 1499 xit
2091 1445 2135 1497 ⁸.
2199 1443 2364 1513 326
2426 1443 2563 1496 Item
2611 1440 2820 1511 lignum
2869 1438 2995 1491 vitae
3045 1433 3553 1498 commendatur’;

1981 1537 2189 1608 lignum
2221 1534 2414 1598 Sabec,
2452 1531 2507 1586 id
2557 1538 2642 1586 est
2692 1527 3047 1582 dimissianis.
3079 1525 3295 1597 Moyses
3334 1538 3556 1593 quoque

1979 1627 2130 1697 ligno
2155 1631 2466 1693 serpentem
2493 1621 2771 1682 exaltavit,
2796 1630 2849 1674 et
2873 1619 3039 1672 vitam
3072 1617 3273 1686 populo
3302 1614 3514 1670 dedit”
3537 1633 3550 1667 :

1979 1716 2131 1787 ligno
2169 1716 2224 1769 in
2264 1711 2619 1768 tabernaculo
2663 1708 3010 1778 germinantc
3047 1704 3416 1759 sacerdotium
3447 1703 3555 1756 Aa-

1906 1783 1948 1838 Β
1978 1783 2098 1863 ι’οηί
2130 1805 2366 1860 ﬁrmavit
2389 1805 2454 1858 “.
2480 1804 2551 1856 At
2581 1800 2769 1855 forsan
2791 1797 3031 1868 inquies,
3059 1810 3093 1851 o
3129 1794 3335 1860 Judaee,
3369 1794 3553 1848 omnia

1976 1901 2070 1955 illa
2117 1913 2238 1969 quae
2269 1898 2325 1952 in
2376 1892 2732 1950 tabernaculo
2782 1887 3088 1945 testimonii
3141 1896 3300 1941 erant
3363 1900 3391 1938 a
3440 1883 3554 1939 Deo

1975 1990 2148 2062 Moysi
2185 1990 2358 2044 fuisse
2386 1985 2666 2041 mandata.
2697 1981 2763 2036 Et
2789 1995 2890 2052 ego
2919 1980 3014 2034 tibi
3039 1993 3268 2048 repono,
3304 1975 3553 2030 Salomo-

1974 2099 2098 2140 nem
2125 2085 2293 2138 multa
2313 2081 2578 2151 variaque
2605 2076 2882 2147 sculptilia
2909 2081 2965 2129 et
2986 2071 3284 2150 conﬂatilia
3312 2071 3367 2124 in
3401 2081 3546 2126 tem-

1974 2176 2064 2246 plo
2092 2173 2411 2238 fabricasse,
2446 2185 2568 2240 quae
2606 2183 2710 2223 nec
2743 2166 2886 2221 Deus
2911 2163 3018 2232 ipsi
3049 2160 3230 2214 facere
3262 2172 3550 2228 praecepe-

1975 2275 2062 2320 rat
2093 2266 2159 2329 ",
2198 2279 2300 2318 nec
2331 2263 2389 2318 in
2438 2256 2796 2315 tabernaculo
2841 2251 3142 2309 testimonii
3177 2249 3416 2310 fuerant,
3447 2261 3551 2302 nec

1976 2354 2031 2410 in
2063 2354 2265 2424 templo
2323 2351 2421 2406 illo
2475 2347 2626 2419 quod
2672 2342 2948 2400 Ezecliieli
2992 2339 3137 2396 Deus
3186 2336 3428 2393 ostendit
3465 2335 3548 2388 ¹³ε
3611 2345 3616 2350 ‘

1973 2460 2153 2516 neque
2197 2443 2271 2498 ob
2316 2443 2460 2498 hanc
2507 2453 2623 2494 rem
2670 2434 3070 2491 condemnatus
3104 2429 3362 2484 Salomon
3400 2425 3548 2491 fuit;

1974 2537 2174 2607 quippe
2193 2535 2288 2605 qui
2312 2535 2367 2588 in
2390 2532 2483 2587 Dei
2509 2529 2739 2600 gloriam
2761 2523 3035 2596 ejusmodi
3060 2521 3266 2576 formas
3297 2518 3552 2572 fabricas-

1975 2635 2078 2693 set,
2106 2625 2255 2681 velut
2277 2631 2332 2680 et
2359 2637 2460 2678 nos
2491 2633 2708 2690 quoque
2728 2617 2982 2672 facimus.
3013 2612 3091 2667 Tu
3110 2624 3330 2681 quoque
3349 2607 3551 2664 multas

1975 2718 2243 2780 habebas,
2275 2713 2526 2782 variique
2555 2707 2774 2780 generis
2815 2706 3083 2776 imagines
3127 2713 3183 2757 et
3216 2702 3395 2770 signa,
3425 2713 3552 2769 quae

1974 2809 2075 2864 Dei
2116 2788 2438 2862 memoriam
2478 2799 2844 2871 perfricarent
2888 2795 3021 2857 tibi,
3076 2793 3399 2862 priusquam
3442 2788 3552 2844 illis

1976 2904 2202 2970 propter
2231 2893 2431 2964 ingrati
2459 2889 2626 2945 animi
2655 2887 2854 2942 vitium
2889 2882 3208 2955 spoliareris
3240 2899 3254 2935 :
3292 2879 3552 2935 nimirum

1975 2991 2186 3058 virgam
2215 2984 2440 3056 Moysis,
2473 2979 2692 3053 tabulas
2713 2992 2743 3030 a
2773 2975 2886 3031 Deo
2919 2973 3244 3044 insculptas,
3268 2970 3551 3026 ardentem

1977 3080 2333 3148 roridumque
2378 3072 2586 3146 pariter
2622 3071 2828 3125 rubum
2853 3107 2868 3133 ,
2905 3073 3113 3136 petram
3148 3063 3358 3117 aridam
3387 3061 3547 3131 aquis

1976 3181 2311 3228 manantem.
2370 3180 2552 3221 arcam
2601 3163 2656 3217 in
2699 3175 2809 3232 qua
2856 3171 3054 3212 manna
3092 3154 3428 3224 gestabatur,
3467 3152 3550 3206 al-

1978 3276 2093 3320 tare
2126 3263 2266 3334 ignis
2296 3259 2467 3316 divini
2505 3252 2988 3324 conceptaculum,
3027 3247 3288 3299 laminam
3323 3242 3420 3297 Dei
3450 3257 3552 3295 no—

1977 3353 2122 3406 mine
2154 3333 2532 3417 iinsculptam,
2583 3340 2775 3412 Ephod
2807 3339 2863 3392 in
2898 3333 3403 3391 manifestationem
3450 3346 3557 3384 nu-

1977 3442 2168 3505 minis,
2227 3435 2612 3492 obumbratum
2665 3432 2793 3485 item
2855 3443 2886 3483 a
2954 3425 3064 3480 Deo
3117 3422 3553 3478 tabernaculum.

1977 3534 2119 3602 Quin
2163 3530 2324 3586 etiam
2356 3525 2616 3581 universa
2663 3521 2781 3575 haec
2809 3518 2899 3574 die
2932 3523 3214 3582 noctuque
3251 3510 3414 3565 adum
3430 3511 3556 3563 bra-

291 3627 391 3686 bas
427 3631 654 3686 dicens:
693 3629 877 3685 Gloria
909 3629 1003 3684 tibi
1048 3631 1148 3694 sit,
1192 3630 1282 3699 qui
1305 3630 1450 3685 solus
1495 3601 1821 3700 omnipotens
1853 3648 1905 3686 es
1937 3601 2100 3693 Deus,
2144 3624 2233 3695 qui
2279 3636 2371 3690 per
2393 3618 2503 3672 haec
2529 3615 2708 3671 omnia
2746 3628 2829 3667 res
2855 3607 3198 3664 admirabiles
3253 3603 3438 3672 feceris
3501 3601 3555 3653 in

291 3725 470 3782 Israel
495 3725 583 3782 “:
635 3726 681 3782 si
742 3739 875 3780 vero
939 3740 1035 3794 per
1095 3725 1277 3779 omnia
1329 3724 1484 3792 bzec,
1522 3742 1644 3796 quae
1708 3727 1824 3798 lege
1852 3725 2205 3797 praecipiente
2248 3712 2527 3787 quondam
2570 3708 2852 3774 servabas,
2883 3701 3176 3776 procidens

3210 3699 3379 3754 Deum
3421 3695 3554 3749 ado-

289 3826 476 3888 rabas,
539 3823 691 3878 vides
748 3820 858 3877 Deo
904 3837 1003 3892 per
1091 3820 1357 3892 imagines
1439 3821 1818 3878 adorationem
1851 3819 2119 3879 exhiberi.
2156 3835 2176 3868 ι

361 3919 472 3973 Καὶ
493 3921 620 3988 μετ’
651 3917 845 3986 ὀλίγα.
894 3933 912 3968 ι
944 3917 1006 3971 El
1054 3917 1161 3988 γὰρ
1211 3917 1239 3970 6
1285 3918 1519 3986 ἀγαπῶν
1565 3919 1872 3991 εἰλικρινῶς

291 4009 444 4078 φίλον
497 4009 532 4080 ἢ
585 4008 832 4080 βασιλέα,
885 4008 977 4060 καὶ
1023 4007 1259 4078 μάλιστα
1293 4007 1385 4061 τὸν
1417 4008 1735 4080 εὐεργέτην,
1767 4008 1871 4064 κᾶν

2053 3914 2122 3968 Ει
2172 3919 2290 3982 post
2334 3924 2526 3979 pauca.
2567 3924 2586 3957 ι
2633 3901 2690 3956 Si
2741 3899 2866 3971 quis
2898 3898 3042 3953 enim
3090 3893 3285 3949 aﬁ‘ectu
3335 3890 3552 3947 sincero

1979 4007 2215 4062 amicum
2247 4002 2332 4058 vel
2364 4001 2662 4071 ipsummet
2711 3994 3105 4063 imperatorem
3137 3985 3354 4056 diligit,
3392 3991 3557 4052 atque

291 4073 406 4153 ύίὸν
452 4073 618 4151 αὑτοῦ
671 4097 956 4168 θεάσηται,
990 4073 1091 4148 κάν
1125 4095 1340 4166 ῥάϐδον,
1374 4096 1480 4150 κᾶν
1516 4073 1735 4167 θρόνον,
1772 4097 1869 4152 κᾶν

1974 4099 2132 4153 illum
2168 4095 2224 4150 in
2271 4091 2489 4164 primis,
2523 4087 2617 4158 qui
2653 4086 2720 4140 de
2751 4098 2814 4140 se
2845 4083 2984 4138 bene
3024 4077 3256 4132 meritus
3310 4083 3416 4137 est,
3465 4073 3556 4125 hic

291 4191 577 4258 στέφανον,
605 4190 707 4244 κᾶν
732 4185 901 4253 οἷκον,
931 4186 1032 4240 κᾶν
1065 4186 1269 4252 δοῦλον,
1307 4187 1518 4260 κρατεῖ,
1549 4188 1645 4242 καὶ
1692 4188 1869 4242 ἀσπάλ-

1972 4190 2150 4262 plane,
2184 4187 2300 4242 sive
2329 4185 2500 4240 ﬁlium
2543 4181 2684 4252 ejus,
2732 4177 2848 4233 sive
2877 4182 3157 4243 sceptrum
3189 4167 3275 4222 vel
3301 4165 3511 4234 virgam
3538 4203 3556 4231 ,

289 4279 463 4346 ζεται,
495 4279 590 4333 καὶ
614 4279 750 4348 τιμᾷ
783 4278 872 4331 τὸν
911 4275 1208 4347 εὐεργέτην
1242 4275 1486 4346 βασιλέα,
1515 4276 1696 4348 πολλῷ
1728 4277 1868 4348 μᾶλ-

1978 4284 2093 4337 sive
2110 4270 2406 4344 ‘coronam,
2441 4277 2557 4331 sive
2610 4273 2833 4328 domum
2861 4306 2877 4332 ,
2922 4266 3038 4321 sive
3068 4273 3289 4316 servum
3325 4271 3558 4326 conspe-

287 4367 378 4422 λον
403 4368 494 4422 τὸν
525 4367 677 4421 Θεόν.
704 4364 830 4420 Εἴθε
855 4367 984 4438 γὰρ,
1021 4365 1183 4420 πάλιν
1208 4365 1368 4435 λέγω,
1397 4367 1660 4437 ἐποίησας
1688 4368 1781 4421 καὶ
1804 4367 1868 4421 σὺ

1980 4372 2142 4435 xerit,
2183 4370 2528 4440 amplexatur
2569 4373 2626 4421 et
2673 4361 2990 4422 osculatur;
3060 4354 3276 4421 hacque
3334 4349 3552 4404 ratione

286 4459 505 4520 εἰκόνας
539 4456 861 4523 Μωσαῖκὰς,
889 4457 984 4510 καὶ
1009 4455 1376 4528 προφητικάς,
1397 4457 1490 4509 καὶ
1515 4456 1638 4510 καθ’
1655 4457 1869 4529 ἡμέραν

1975 4439 2291 4518 beneﬁcum,
2307 4473 2434 4528 erga
2466 4471 2524 4512 se
2562 4459 2857 4508 veneratur
2893 4449 3299 4516 imperatorem.
3339 4439 3556 4506 Quanto

288 4548 648 4624 προσεκύνεις
695 4547 775 4618 τῷ
826 4549 1071 4622 Δεσπότῃ
1108 4547 1295 4605 αὐτῶν
1329 4547 1468 4619 Θεῷ.
1489 4549 1654 4602 Ὅταν
1693 4549 1869 4604 τοίνυν

1979 4555 2143 4626 igitur
2177 4551 2376 4623 potiori
2417 4548 2542 4618 jure
2577 4545 2748 4599 Deum
2787 4542 2966 4610 ipsum
3011 4533 3297 4591 colueris?
3332 4531 3553 4587 Utinam

288 4644 406 4714 ἴδῃς
447 4639 788 4713 Χριστιανῶν
820 4641 1016 4704 παῖδας
1047 4639 1489 4713 προσκυνοῦντας
1518 4640 1596 4710 τῷ
1630 4641 1869 4712 σταυρῷ,

1981 4622 2035 4701 et
2065 4655 2118 4700 tu
2145 4656 2364 4724 quoque
2391 4638 2518 4712 (hoc
2541 4637 2688 4694 enim
2721 4629 2990 4705 repetam)
3021 4626 3294 4684 Mosaicas
3321 4622 3556 4724 prophe-

290 4733 493 4802 γνῶθι,
540 4735 622 4788 ότι
667 4731 747 4804 τῷ
791 4732 1154 4804 σταυρωθέντι
1209 4730 1434 4804 Χριστῷ
1505 4732 1869 4804 προσκύνησιν

1985 4714 2232 4807 ticasque
2294 4732 2524 4789 fecisses
2577 4727 2890 4799 imagines,
2953 4719 3306 4792 singulisque
3362 4714 3554 4770 diebus

294 4916 295 4919 ‘
360 4910 379 4939 ³
416 4908 481 4962 lV
500 4907 632 4975 Reg.
689 4924 758 4974 tv,
811 4905 900 4961 29.
978 4903 1190 4960 °Exod.
1229 4921 1324 4968 vn,
1365 4905 1452 4958 17.
1531 4903 1701 4974 'Sap.
1735 4921 1848 4968 xxv,
1880 4909 1931 4962 7.
2008 4907 2030 4938 ⁸
2053 4903 2121 4958 1V
2147 4903 2284 4972 Reg.
2305 4918 2407 4975 _vt1
2439 4901 2556 4975 Η.
2632 4900 2652 4932 ⁸
2681 4897 2896 4975 Gem}.
3061 4893 3105 4924 ¹⁹
3136 4890 3299 4975 Num.
3333 4904 3447 4953 xxi,
3497 4885 3550 4940 9.

291 4979 330 5012 “
371 4975 528 5034 Num.
556 4963 663 5032 x'vn
706 4963 758 5034 8.
839 4978 881 5010 "
921 4975 1163 5030 llParal.
1200 4991 1279 5037 Ill,
1313 4963 1344 5029 ἰ
1378 4990 1533 5044 seqq.
1613 4963 1662 5006 ιδ
1696 4963 1869 5030 Ezecli

1972 4993 2014 5040 ιι,
2055 4976 2145 5029 47.
2224 4963 2268 5006 ἦ
2302 4973 2346 5026 ll
2379 4971 2561 5027 Paral.
2592 4985 2670 5035 vt,
2705 4970 2771 5033 4;
2826 4967 2970 5021 Psal.
3034 4979 3183 5027 Lxxl,
3218 4963 3303 5015 18.

1785 5105 2015 5187 Nom.

358 5251 436 5322 (7)
500 5250 733 5324 Lignnm
815 5253 980 5308 Sabec
1065 5250 1712 5324 desumpsitiLeontius
1793 5264 1858 5324 ex

287 5320 557 5392 cap.'xxn
590 5321 752 5392 G_e'n.,
782 5338 834 5383 v,
865 5324 956 5381 25,
990 5324 1080 5376 ubi
1113 5320 1368 5392 legim'us,
1403 5323 1551 5376 inter
1575 5320 1857 5392 vepres,__i_n

289 5391 519 5470 Hebraeo
547 5389 778 5470 habetur
809 5400 974 5470 1mg:
1008 5393 1063 5470 in
1111 5389 1393 5470 opacitate.
1440 5393 1657 5446 arboris
1680 5389 1860 5470 .ευὶιί-

289 5468 384 5530 cet
405 5466 500 5512 aut
546 5460 851 5528 spinarum:
893 5460 1246 5530 Septuaginta
1289 5477 1421 5516 vero
1449 5476 1645 5515 nomen
1680 5461 1857 5530 ipsum

292 5529 578 5600 Hebraeum
614 5539 935 5600 posuerunt,
970 5529 1028 5580 ὲν
1056 5528 1207 5600 φύτῷ
1236 5532 1434 5596 Σαΰέκ,
1465 5533 1518 5584 in
1545 5531 1733 5599 planta
1759 5528 1858 5582 Sa-

292 5597 437 5668 bech,
473 5612 635 5668 quam
669 5597 944 5668 singulare
975 5597 1247 5665 quoddam
1280 5602 1492 5655 arboris
1527 5597 1710 5668 genus.
1731 5613 1856 5653 esse

293 5666 548 5722 arbitrati
591 5678 718 5723 sunt
751 5667 942 5723 Graeci.
975 5669 1050 5722 Ac
1083 5671 1206 5738 quia
1235 5680 1362 5732 pata
1409 5666 1618 5726 Shaliac
1656 5669 1852 5741 Syria-

1964 5264 2088 5301 cnm
2133 5245 2274 5299 idem
2308 5250 2394 5296 est
2425 5256 2490 5295 ac
2521 5241 2748 5300 dimisit,
2781 5234 3062 5303 dereliquit
3087 5223 3382 5303 ;_arbitrati
3417 5230 3546 5303 sunt

2110 5313 2504 5374 demissionem,
2529 5311 2928 5365 emissionemve
2962 5300 3278 5374 signiﬁcare
3310 5302 3544 5374 cumta:

1910 5399 1912 5401 ‘
1965 5366 2340 5441 iii—enlittcris
2393 5366 2519 5436 aliis
2572 5379 2870 5439 scribatur,
2927 5366 3142 5427 scilicet
3190 5380 3284 5435 per
3311 5373 3377 5428 Β,
3403 5371 3458 5417 et
3481 5366 3545 5443 ἰν

1964 5455 2575 5604 Ιῖιῶῗῗὴυρένδροσον
2601 5515 2819 5581 βάτον,
2840 5505 3227 5604 Lquod'rubum
3257 5503 3538 5604 ardenter:

1965 5584 2264 5659 signiﬁcat,
2313 5584 2413 5644 nee
2465 5601 2647 5642 tamen
2708 5584 3146 5642 comburentem,
3196 5589 3350 5644 quasn
3415 5586 3539 5629 rore

1961 5664 2198 5735 quodam
2227 5661 2528 5732 perfusum.
