4074 6146
526 307 665 376 1275

1707 310 1768 369 S.
1806 307 2132 370 JOANNIS
2170 302 2602 368 DAMASCENI

3658 289 3798 356 1276

525 426 700 481 Deum
751 424 996 494 ipsorum
1052 423 1348 480 Dominum
1388 422 1702 480 adorasses.
1741 423 1878 480 Cum
1917 426 2106 494 itaque

2212 421 2569 493 προσάγουσι,
2600 418 2696 473 καὶ
2722 417 2782 471 οὐ
2822 415 2899 487 τῷ
2927 413 3092 482 ξύλῳ.
3111 411 3266 469 Ἐπεὶ
3295 412 3345 465 εί
3376 409 3479 481 τὴν
3507 407 3671 479 φύσιν
3703 407 3800 462 τοῦ

523 516 873 572 Christianos
910 515 1117 571 videris
1140 531 1358 571 crucem
1391 513 1710 582 adorantes,
1743 515 1796 570 id
1828 531 1926 586 pro
1953 526 2104 572 certo

523 617 736 671 teneas,
771 603 1153 659 adorationem
1186 603 1350 660 istam
1402 603 1626 660 Christo
1667 604 1738 660 ab
1792 606 1873 662 eis
1921 605 2104 661 oﬂ'erri

523 695 813 759 cruciﬁxo,
842 711 950 750 non
986 697 1158 765 ligno.
1187 694 1324 750 Nam
1373 697 1418 752 si
1457 695 1591 767 ligni
1627 697 1910 752 materiam
1955 697 2104 752 cole-

523 795 666 852 rent,
699 787 854 842 lucos
878 801 1110 857 prorsus
1137 794 1194 841 et
1215 788 1446 844 arbores
1465 787 1702 842 adorare
1730 787 2014 856 deberent,
2047 797 2108 844 ut

522 883 584 932 tu
615 877 733 948 ipse
775 878 1077 948 quondam,
1119 878 1314 944 Israel,
1347 893 1409 934 ea
1439 878 1750 943 adorabas;
1787 879 1915 935 dum
1945 881 2108 935 arbo-

523 982 638 1022 rem
681 975 736 1022 et
784 967 1021 1037 lapidem
1073 967 1225 1023 hisce
1282 968 1464 1023 verbis
1513 969 1881 1040 compellares
1916 987 1930 1023 :
1961 969 2106 1024 Deus

525 1074 672 1111 meus
707 1074 762 1112 es
791 1067 870 1124 tu,
905 1067 953 1112 et
983 1067 1041 1112 tu
1069 1074 1149 1112 me
1183 1058 1412 1129 genuisti
1446 1059 1511 1112 η.
1538 1057 1651 1114 Nos
1678 1074 1815 1115 vero
1848 1075 1951 1115 nec
1977 1075 2106 1115 cru-

520 1161 665 1209 cem.
690 1162 794 1203 nec
817 1157 1132 1203 sanctorum
1158 1147 1426 1219 imagines
1453 1148 1730 1218 ejusmodi
1755 1149 1940 1206 verbis
1973 1151 2110 1206 allo-

522 1238 769 1307 quimur.
802 1237 919 1293 Non
949 1239 1098 1294 enim
1125 1239 1203 1294 dii
1239 1241 1419 1295 nostri
1451 1248 1617 1306 sunt,
1653 1240 1750 1297 sed
1784 1249 1972 1311 aperta
2005 1257 2102 1313 po-

521 1329 636 1383 tius
695 1329 998 1398 volumina,
1051 1347 1176 1400 quae
1223 1332 1278 1388 in
1331 1333 1590 1390 ecclesiis
1644 1333 1990 1404 explicantur
2051 1340 2109 1390 et

521 1422 848 1485 adorantur,
876 1430 938 1478 ut
986 1439 1179 1480 earum
1212 1433 1442 1494 aspectu
1483 1440 1755 1480 memores
1783 1425 1879 1481 Dei
1909 1425 2106 1492 simus,

525 1511 818 1583 ipsumque
851 1530 1198 1571 veneremur.
1231 1515 1336 1583 Qui
1371 1517 1519 1572 enim
1553 1525 1851 1588 martyrem
1895 1517 2109 1572 honore

523 1606 896 1674 persequitur,
923 1607 1188 1662 honorem
1220 1622 1439 1677 quoque
1460 1607 1569 1661 Deo
1591 1606 1833 1673 exhibet,
1853 1606 1940 1661 cui
1967 1620 2111 1661 mar-

527 1699 614 1762 tyr
662 1695 1035 1751 testimonium
1084 1696 1344 1752 reddidit.
1387 1695 1492 1762 Qui
1529 1695 1735 1752 Christi
1787 1694 2106 1764 apostolum

2210 513 2368 579 ξύλου
2395 511 2605 574 ἔσεϐον,
2638 509 2856 572 πάντως
2885 506 2951 561 ἂν
2978 507 3072 560 καὶ
3095 505 3163 558 τὰ
3198 504 3361 572 ἄλση,
3391 501 3487 556 καὶ
3516 501 3585 556 τὰ
3609 500 3802 572 δένδρα

2207 603 2535 675 προσκυνεῖν
2561 596 2730 672 εἶχον,
2757 598 2948 667 ὥσπερ
2975 596 3040 650 σὺ
3072 597 3101 650 6
3128 593 3347 666 Ἰσραὴλ
3381 591 3800 662 προσεκύνησας

2205 695 2418 758 τούτοις
2458 693 2612 758 ποτὲ,
2638 691 2814 760 λέγων
2853 689 2933 760 τῷ
2965 687 3166 758 δένδρῳ
3190 685 3288 740 καὶ
3318 680 3398 756 τῷ
3421 680 3576 755 λίθῳ,
3604 685 3689 739 ὅτι
3715 683 3801 739 Σύ

2200 804 2321 856 μου
2352 781 2410 840 εἷ
2439 785 2604 852 Θεὸς,
2638 783 2738 838 καὶ
2777 781 2858 837 σύ
2885 798 2963 851 με
2995 778 3354 850 ἐγέννησας.
3371 774 3561 848 Ἡμεῖς
3591 775 3670 842 δὲ,
3700 775 3801 848 οὐχ

2207 877 2384 943 οὕτως
2448 877 2680 947 λέγομεν
2707 873 2788 946 τῷ
2819 873 3058 944 σταυρῷ,
3095 871 3216 924 οὐδὲ
3257 871 3382 934 ταῖς
3427 870 3659 942 μορφαῖς
3689 869 3802 924 τῶν

2208 969 2398 1038 ἁγίων.
2422 969 2498 1022 Οὐ
2521 965 2631 1040 γὰρ
2655 966 2768 1021 θεοὶ
2789 966 2946 1038 ἡμῶν
2971 966 3130 1031 είσιν,
3153 961 3292 1018 ἀλλὰ
3329 961 3504 1033 βίϐλοι
3525 961 3800 1032 ἀνεῳγμέ-

2207 1077 2296 1114 ναι
2330 1059 2466 1130 πρὸς
2498 1059 2806 1130 ἀνάμνησιν
2836 1056 2972 1110 Θεοῦ
3005 1056 3102 1110 καὶ
3141 1053 3309 1124 τιμὴν
3339 1051 3537 1118 αὐτοῦ,
3570 1055 3630 1107 ὲν
3677 1055 3798 1117 ταῖς

2209 1147 2530 1218 ἐκκλησίαις
2555 1148 2850 1218 προφανῶς
2895 1146 3148 1217 κείμεναι
3176 1144 3270 1199 καὶ
3295 1142 3796 1216 προσκυνούμεναι.

2221 1235 2280 1289 Ὀ
2328 1236 2439 1308 γὰρ
2471 1235 2646 1302 τιμῶν
2672 1235 2764 1289 τὸν
2799 1234 3075 1307 μάρτυρα,
3104 1233 3239 1287 Θεὸν
3271 1231 3429 1304 τιμᾷ,
3457 1223 3505 1300 ᾧ
3529 1232 3558 1284 6
3591 1230 3800 1301 μάρτυς

2209 1325 2633 1400 ἐμαρτύρησεν*
2672 1328 2703 1379 6
2739 1325 3061 1397 προσκυνῶν
3098 1325 3190 1378 τὸν
3219 1323 3517 1377 ἀπόστολον
3544 1322 3640 1377 τοῦ
3667 1324 3803 1393 Χρι-

2212 1421 2362 1486 στοῦ,
2394 1421 2489 1474 τὸν
2552 1419 2953 1475 ἀποστείλαντα
3019 1417 3184 1473 αὑτὸν
3249 1418 3567 1488 προσκυνεῖ,
3605 1416 3717 1470 Καὶ
3768 1419 3801 1472 6

2210 1511 2574 1582 προσπίπτων
2627 1514 2692 1582 τῇ
2746 1511 2936 1581 Μητρὶ
2975 1508 3070 1564 τοῦ
3105 1506 3367 1581 Χριστοῦ,
3396 1506 3669 1580 πρόδηλον
3714 1507 3799 1561 ὅτι

2208 1602 2288 1673 τῷ
2320 1597 2436 1674 Υίῷ
2482 1603 2654 1674 αὐτῆς
2707 1601 2808 1675 τὴν
2859 1601 3026 1673 τιμὴν
3072 1600 3395 1671 προσφέρει.
3454 1599 3643 1663 Οὐδεὶς
3689 1599 3802 1670 γὰρ

2211 1696 2363 1762 Θεὸς,
2396 1698 2445 1750 εί
2475 1697 2553 1769 μὴ
2581 1691 2684 1762 εἷς,
2707 1698 2736 1751 ὁ
2757 1698 2817 1752 ὲν
2841 1691 3035 1767 Τριάδι
3065 1691 3463 1764 γνωριζόμενός
3486 1708 3548 1746 τε
3576 1691 3674 1745 καὶ
3698 1688 3800 1744 λα-

522 1783 739 1850 adorat,
787 1785 1070 1842 Christum
1117 1787 1375 1855 insimul,
1412 1803 1442 1842 a
1479 1801 1591 1858 quo
1633 1787 1726 1843 ille
1755 1787 1960 1843 missus
2002 1793 2106 1852 est,

2212 1790 2562 1860 τρευόμενος.
2593 1808 2612 1841 ι

521 1875 762 1931 adorat:
822 1886 876 1933 et
913 1880 1010 1950 qui
1048 1894 1233 1936 coram
1287 1880 1492 1938 Christi
1552 1890 1725 1938 matre
1782 1878 2201 1936 venerabundus
2242 1881 2497 1951 procidit,
2550 1881 2755 1937 nemini
2801 1879 3028 1936 dubium
3076 1883 3183 1942 est,
3220 1875 3354 1948 quin
3384 1883 3440 1933 et
3483 1871 3537 1931 id
3570 1873 3802 1930 honoris

522 1963 719 2022 olTerat
751 1963 914 2022 Filio.
948 1968 1144 2027 Nullus
1177 1972 1382 2042 quippe
1401 1971 1545 2028 Deus
1571 1981 1658 2027 est
1714 1977 1911 2042 praeter
1987 1983 2180 2037 unum,
2221 1970 2316 2040 qui
2355 1969 2412 2026 in
2441 1969 2713 2027 Trinitate
2740 1970 3094 2042 cognoscitur
3120 1975 3178 2024 et
3206 1968 3428 2024 colitur.
3463 1985 3486 2020 ι

598 2075 893 2134 Comment.
914 2079 1116 2136 Annon
1148 2082 1292 2137 beati
1326 2082 1615 2153 Epiphanii
1644 2082 1918 2138 dictorum
1945 2079 2110 2153 327

514 2168 705 2223 Iidelis
743 2169 1020 2239 interpres
1057 2170 1226 2227 fuerit
1258 2173 1550 2240 Leontius,
1588 2173 1683 2244 qui
1739 2189 1838 2230 sua
1887 2187 2112 2244 quoque

529 2259 780 2314 doctrina
833 2261 1075 2332 Cyprum
1103 2264 1346 2320 insulam
1378 2266 1702 2320 exornavit?
1731 2267 1815 2321 An
1849 2266 1978 2321 illos
2009 2279 2113 2336 po-

460 2349 464 2354 ’
529 2349 644 2406 tius
665 2352 1122 2421 auscultabimus,
1145 2356 1240 2427 qui
1265 2356 1451 2413 cordis
1471 2358 1557 2414 sul
1588 2372 1750 2414 sensa
1769 2357 2114 2428 loquuntur?

531 2443 640 2499 Sed
680 2445 872 2502 audias
912 2447 1096 2513 velim,
1133 2449 1265 2520 quid
1305 2450 1468 2506 etiam
1507 2450 1842 2506 Severianus
1868 2448 2110 2505 Gabalo-

529 2550 655 2589 rum
687 2537 982 2606 episcOpus
1011 2539 1286 2598 docuerit.

531 2622 803 2679 Seueriani
855 2627 1201 2696 Gabalorum,
1236 2645 1301 2684 ea:
1335 2646 1576 2713 sermone
1620 2632 1679 2686 in
1725 2631 2114 2687 dedicationem

1217 2716 1412 2755 ει-ιιοιε.

607 2802 629 2838 ι
668 2784 920 2852 Quonam
955 2798 1118 2859 pacto
1173 2790 1356 2863 imago
1412 2793 1686 2849 maledicti
1741 2791 2114 2865 progenitori-

531 2877 636 2934 bus
687 2880 894 2936 nostris
933 2881 1101 2938 vitam
1149 2885 1504 2940 conciliavit?
1538 2906 1558 2942 ι
1614 2887 1684 2942 Et
1715 2889 1899 2956 paucis
1939 2889 2110 2942 inter—

521 2972 685 3040 jectis
715 2989 736 3027 :
765 2973 1051 3040 Quomodo
1084 2975 1253 3046 igitur
1279 2977 1460 3048 imago
1486 2979 1761 3035 maledicti
1799 2978 2002 3049 populo
2030 2977 2112 3032 la-

531 3063 753 3120 boranti
793 3065 957 3122 saluti
989 3065 1122 3122 fuit?
1149 3067 1343 3125 Nonne
1362 3071 1716 3127 verisimilius
1743 3070 1977 3127 dixisset
2001 3088 2015 3124 :
2051 3069 2110 3126 Si

528 3153 658 3222 quis
681 3164 926 3210 vestrum
961 3172 1186 3215 morsus
1222 3157 1409 3225 fuerit,
1448 3160 1652 3216 cmlum
1698 3161 1985 3231 suspiciat,
2015 3167 2110 3215 aut

529 3248 946 3302 tabernaculum
986 3248 1104 3314 Dei,
1141 3259 1197 3307 et
1238 3251 1474 3307 salutem
1522 3252 1879 3322 adipiscetur.
1904 3249 2106 3307 Verum

2285 2082 2565 2150 Σχύλιον.
2583 2077 2754 2147 Οὗτος
2788 2083 2976 2146 πιστὸς
2991 2080 3266 2153 ἐξηγητὴς
3279 2078 3389 2134 τῶν
3404 2068 3499 2133 τοῦ
3522 2077 3800 2150 μακαρίου

2228 2173 2544 2244 Ἐπιφανίου
2573 2175 2770 2243 λόγων,
2786 2176 2816 2229 6
2842 2176 2955 2238 τοῖς
2979 2171 3175 2228 ἑαυτοῦ
3201 2172 3384 2239 λόγοις
3406 2169 3507 2241 τὴν
3532 2168 3801 2239 Κυπρίων

2213 2269 2645 2338 κατακοσμήσας
2680 2267 2867 2337 νῆσον,
2902 2266 2936 2338 ἦ
2985 2267 3035 2320 οί
3083 2263 3193 2319 ἀπὸ
3226 2262 3459 2334 καρδίας
3483 2260 3799 2325 λαλοῦντεςς

2216 2357 2419 2410 ’Δκουε
2454 2357 2513 2411 δὶ
2556 2357 2650 2412 καὶ
2673 2354 3010 2428 Σευηριανοῦ
3038 2353 3149 2409 τῶν
3184 2352 3446 2408 Γαῦἅλων
3470 2349 3802 2416 ἐπισκόπου,

2210 2439 2303 2499 οἷά
2327 2461 2514 2514 φησιν.

2409 2622 2580 2678 ιιινοῦ
2602 2623 2942 2679 ἐπισκόπου
2967 2620 3280 2689 ιάὄάλων,
3301 2621 3420 2677 ἀπὸ
3448 2621 3658 2690 λόγου,
3688 2621 3806 2678 τοῦ

2492 2695 2579 2760 εὶς
2605 2695 2676 2748 τὰ
2700 2695 2975 2762 ἐγκαίνια
3003 2693 3111 2748 τοῦ
3138 2692 3414 2761 Σωτῆρος
3450 2699 3511 2747 ιιι.

2290 2803 2309 2836 ι
2348 2782 2532 2856 Πῶςή
2565 2783 2731 2839 εἰκὼν
2775 2784 2870 2838 τοῦ
2921 2785 3355 2858 ὲπικαταράτου,
3409 2781 3555 2855 ζωὴν
3599 2777 3805 2854 ἤνεγκε

2211 2877 2324 2941 τοῖς
2347 2876 2641 2949 ἡμετέροις
2679 2877 2996 2949 προγόνοις;
3034 2895 3053 2930 ι
3090 2876 3200 2932 Kal
3220 2874 3349 2946 μετ’
3377 2873 3583 2944 ὀλίγα·
3621 2889 3640 2926 ‹
3672 2874 3806 2938 Πῶς

2210 2957 2303 3022 οῦν
2335 2970 2368 3040 ἡ
2397 2968 2562 3023 είκὼν
2597 2968 2692 3022 τοῦ
2733 2969 3148 3040 ὲπικαταράτου
3179 2969 3378 3040 ἧνεγκε
3419 2965 3536 3037 λαῷ
3567 2967 3628 3020 ὲν
3657 2981 3803 3036 συμ-

2210 3061 2355 3132 φορᾷ
2387 3059 2774 3134 χειμαζομένῳ
2810 3061 3131 3133 σωτηρίαν;
3169 3055 3317 3130 τΔρα
3361 3059 3463 3112 οῦκ
3498 3054 3565 3128 ἦν
3588 3055 3805 3122 ἀξιοπι-

2212 3153 2468 3226 στότερον
2515 3154 2726 3206 εἰπεῖν’
2766 3151 2892 3208 Ἐάν
2940 3167 3026 3218 τις
3063 3152 3218 3224 ὑμῶν
3271 3149 3466 3223 δηχθῇ,
3504 3149 3692 3221 βλέψει
3721 3152 3801 3214 είς

2210 3247 2303 3299 τὸν
2330 3245 2582 3317 οὐρανὸν,
2612 3246 2724 3301 ἄνω
2759 3245 2895 3318 πρὸς
2939 3246 3032 3300 τὸν
3054 3246 3208 3309 Θεὸν,
3250 3238 3345 3299 καὶ
3381 3237 3716 3317 σωθήσεται,
3765 3245 3800 3314 ἢ

2213 2625 2407 2693 Σευηρ

530 3334 619 3389 his
650 3336 739 3391 ille
770 3337 1140 3407 posthabitis,
1189 3341 1375 3396 erucis
1423 3350 1636 3396 tantum
1682 3343 1878 3397 statuit
1921 3342 2109 3414 imagi-

2219 3341 2298 3401 εἰς
2327 3339 2428 3410 τὴν
2459 3342 2668 3410 σκηνὴν
2703 3337 2798 3392 τοῦ
2853 3337 3035 3404 Θεοῦ;
3089 3337 3247 3392 Ἀλλὰ
3303 3337 3480 3392 ταῦτα
3529 3337 3798 3410 παριδὼν,

530 3441 678 3480 nem.
714 3428 828 3483 Cur
853 3445 1021 3498 porro
1052 3431 1169 3486 haec
1190 3433 1363 3503 egerit
1391 3432 1628 3504 Moyses,
1661 3436 1756 3504 qui
1790 3435 1954 3503 paulo
1983 3443 2112 3490 ante

530 3519 747 3573 dixerat
775 3541 787 3574 :
823 3519 946 3575 Non
974 3522 1148 3590 facias
1181 3524 1276 3578 tibi
1315 3525 1580 3594 sculptile,
1617 3540 1780 3597 neque
1808 3525 2107 3595 conﬂatile,

530 3625 694 3681 neque
717 3610 1124 3669 similitudinem
1153 3631 1338 3670 earum
1367 3632 1566 3681 rerum,
1595 3633 1712 3688 qua:
1738 3627 1860 3672 sunt
1895 3619 1950 3672 in
1982 3617 2111 3673 ctelo

529 3718 762 3766 sursum,
796 3715 891 3759 aut
920 3707 976 3760 in
1009 3717 1155 3762 terra
1177 3708 1450 3778 deorsum,
1478 3719 1572 3764 aut
1613 3711 1666 3765 in
1701 3712 1876 3781 aquis,
1919 3710 2112 3766 larisve

529 3792 887 3850 subterraneis
925 3798 1012 3852 “?
1051 3798 1160 3854 Sed
1207 3802 1338 3872 quid
1386 3803 1454 3858 ad
1503 3802 1780 3874 ingratum
1839 3804 2108 3874 populum

529 3882 648 3938 haec
666 3883 902 3952 laquor?
928 3886 1204 3954 Edissere,
1233 3907 1442 3960 quaeso,
1477 3893 1795 3950 ﬁdelissime
1821 3891 1915 3948 Dei
1947 3893 2112 3948 mini-

527 3979 679 4039 ster;
709 3975 854 4042 quod
881 3975 1006 4032 aliis
1027 3985 1199 4041 vetas,
1227 3994 1326 4034 cur
1358 3981 1476 4051 ipse
1522 3981 1733 4038 facias?
1761 3981 1917 4049 Quod
1950 3998 2109 4040 ever-

529 4062 626 4130 tis,
677 4063 812 4119 illud
861 4067 1101 4123 statuis?
1143 4070 1237 4138 qui
1281 4072 1556 4143 praecipis,
1605 4071 1732 4128 Non
1788 4073 1954 4141 facies
2013 4075 2110 4130 tibi
2138 4061 2150 4086 ⁵

524 4156 807 4226 sculptile;
863 4160 957 4230 qui
1012 4160 1345 4219 conﬂatilem
1411 4164 1645 4220 vitulum
1701 4167 2104 4236 comminuisli,

528 4258 841 4316 serpentem
869 4264 934 4305 ex
974 4265 1082 4308 aere
1111 4261 1167 4308 tu
1194 4253 1313 4325 ipse
1336 4254 1606 4311 conficis?
1637 4254 1781 4324 Quin
1813 4256 1965 4312 illum
1996 4275 2106 4314 non

525 4339 692 4406 clam,
725 4341 822 4397 sed
852 4343 1031 4413 palam
1062 4346 1320 4402 omnibus
1355 4348 1816 4418 conspiciendum
1849 4351 2109 4421 praebes?

525 4428 595 4484 At
631 4430 741 4494 illa,
771 4432 970 4503 inquit,
1005 4436 1282 4503 mandavi,
1328 4451 1438 4509 quo
1480 4440 1766 4494 materiam
1803 4439 2105 4510 impietatis

527 4522 910 4580 exscinderem
932 4565 948 4592 ,
981 4535 1036 4582 et
1060 4528 1150 4584 ab
1190 4530 1343 4585 omni
1369 4529 1681 4587 delectione
1709 4539 1764 4588 et
1791 4531 2104 4588 idololatria

525 4615 788 4682 populum
837 4631 1149 4674 avocarent.
1185 4619 1344 4677 Nuuc
1373 4631 1555 4679 autem
1589 4623 1656 4680 ad
1690 4623 1925 4681 aliorum
1959 4625 2105 4680 utili-

2222 3431 2384 3502 μόνον
2430 3430 2526 3484 τοῦ
2581 3427 2821 3502 σταυροῦ
2881 3431 2979 3501 τὴν
3029 3431 3214 3484 εἰκόνα
3264 3429 3492 3501 ἔπηξεν.
3523 3430 3678 3484 Διατί
3706 3424 3800 3484 οὖν

2217 3518 2394 3574 ταῦτα
2422 3515 2597 3574 ἐποίει
2623 3521 2892 3593 Μωῦσῆς,
2917 3523 2945 3576 6
2971 3519 3144 3576 είπὼν
3170 3521 3249 3595 τῷ
3279 3522 3398 3595 λαῷ
3420 3564 3436 3591 ,
3492 3525 3574 3578 Οὐ
3623 3538 3799 3592 ποιη-

2218 3626 2350 3677 σεις
2370 3607 2562 3677 ἑαυτῷ
2599 3612 2893 3682 γλυπτὸν,
2918 3613 3060 3668 οὐδὲ
3104 3612 3434 3684 χωνευτὸν,
3490 3613 3632 3670 οὐδὲ
3676 3614 3800 3669 πᾶν

2218 3705 2500 3774 ὁμοίωμαν
2542 3701 2659 3759 ὅσα
2695 3705 2766 3759 έν
2798 3703 2878 3772 τῷ
2902 3706 3137 3774 οὐρανῷ
3167 3707 3314 3775 ἆνω,
3349 3706 3449 3761 καί
3483 3703 3599 3761 ὅσα
3620 3707 3691 3761 ἐν
3720 3705 3800 3774 τῇ

2217 3793 2295 3865 γῇ
2322 3795 2497 3861 κάτω,
2544 3794 2643 3850 καί
2689 3795 2806 3850 ὅσα
2852 3795 2923 3849 ἐν
2947 3795 3073 3865 τοῖς
3105 3793 3344 3863 ὕδασιν,
3377 3796 3650 3852 ὑποκάτω
3682 3795 3797 3862 τῆς

2215 3885 2368 3956 γῆς;
2406 3883 2568 3940 Ἀλλὰ
2600 3888 2653 3941 τί
2692 3887 2866 3944 ταῦτα
2923 3889 3062 3961 πρὸς
3109 3889 3392 3960 ἀγνώμονα
3438 3887 3782 3956 φθέγγομαις

2215 3975 2372 4042 Εἰπὲ,
2414 3971 2460 4033 ὦ
2511 3978 2801 4033 πιστότατε
2841 3978 2978 4034 Θεοῦ
3032 3978 3285 4052 θεράπον,
3327 3977 3354 4032 6
3396 3976 3787 4049 ἀπαγορεύεις,

2216 4069 2427 4135 ποιεῖς;
2482 4068 2511 4122 6
2540 4070 2905 4142 ἀνατρέπεις,
2953 4071 3421 4138 κατασκευάζεις;
3474 4070 3534 4124 ὐ
3568 4069 3744 4140 λέγων
3773 4111 3793 4137 ,
3899 4091 3916 4099 -

2218 4159 2300 4216 Οὐ
2323 4162 2597 4230 ποιήσεις
2613 4165 2904 4230 γλυπτὸν,
2933 4165 3025 4219 τὸν
3048 4164 3384 4237 χωνευθέντα
3407 4163 3531 4235 βοῦν
3557 4162 3797 4217 κατελά-

2216 4270 2338 4319 σας,
2364 4256 2428 4309 σὺ
2453 4254 2576 4324 ὅφιν
2599 4255 2959 4330 χαλκουργεῖς
2982 4274 2996 4324 ;
3035 4252 3148 4310 Καὶ
3173 4257 3336 4311 τοῦτο
3365 4258 3426 4310 οὗ
3446 4256 3542 4311 λάθ
3553 4274 3639 4330 pa,
3658 4255 3799 4311 ἀλλὰ

2211 4348 2513 4418 ἀναφανδὸν
2539 4347 2636 4403 xal
2673 4351 2808 4404 πᾶσι
2855 4350 3136 4419 γνωστόν;
3175 4349 3322 4403 Ἀλλ’
3359 4350 3567 4414 ἐκεῖνα,
3604 4349 3794 4418 φησὶν,

2212 4440 2606 4513 ἐνομοθέτησα,
2661 4441 2752 4496 ἵνα
2795 4442 3018 4513 ἐκκόψω
3068 4441 3168 4506 τὰς
3209 4440 3346 4507 ὕλας
3384 4441 3485 4513 τῆς
3517 4438 3794 4506 ἀσεϐείας,

2213 4533 2309 4588 καὶ
2343 4532 2434 4588 τὸν
2456 4533 2586 4588 λαὸν
2629 4535 2909 4606 ἀπαγάγω
2943 4535 3125 4607 πάσης
3166 4535 3268 4609 τῆς
3319 4535 3653 4596 ἀποστασιας
3695 4534 3801 4588 καὶ

2212 4623 2660 4698 είδωλολατρείας
2684 4643 2698 4656 ·
2731 4627 2848 4681 νυνὶ
2874 4627 2951 4692 δὲ,
2986 4626 3210 4699 χωνεύω
3231 4627 3323 4681 τὸν
3351 4627 3476 4698 ὅφιν
3507 4627 3800 4697 χρησίμως

526 4709 692 4756 tatem
713 4715 1026 4776 serpentem
1053 4710 1257 4779 conﬂo,
1295 4713 1361 4768 ad
1388 4715 1827 4787 praesignandam
1855 4716 2104 4773 videlicet

2212 4717 2288 4780 είς
2317 4714 2674 4788 προτΰπωσιν
2696 4717 2797 4789 τῆς
2829 4717 3112 4788 ἀληθείας.
3160 4717 3271 4772 Καὶ
3303 4717 3558 4788 καθάπερ
3587 4715 3803 4787 σκηνὴν

522 4795 832 4851 veritatem.
870 4797 936 4851 Et
974 4801 1436 4870 quemadmodum
1489 4808 1905 4863 tabernaculum
1953 4823 2108 4864 com-

507 4885 668 4960 .pegi,
704 4894 759 4942 et
806 4903 872 4942 ea
905 4904 1028 4960 quae
1074 4890 1129 4946 in
1178 4893 1298 4964 ipso
1340 4905 1508 4964 sunt;
1538 4897 1836 4954 Cherubin:
1882 4915 2107 4972 quoque

527 4975 884 5032 invisibilium
933 4994 1122 5037 rerum
1179 4985 1594 5044 similitudinem
1637 4989 1930 5047 referentia
1960 5033 1976 5060 ,
2043 5003 2104 5049 ut

526 5077 716 5124 sancta
755 5069 1165 5144 adumbrarent,
1199 5076 1458 5148 expandi,
1495 5081 1550 5137 in
1582 5082 1800 5156 signum
1841 5084 2105 5158 ﬁguram-

595 5247 644 5284 "
669 5249 870 5310 Jerem.
903 5271 964 5322 ιι,
993 5253 1086 5312 27.
1163 5257 1209 5291 ’⁸
1241 5255 1418 5316 Exod.
1467 5277 1563 5329 xx,
1614 5263 1665 5319 ι.

2205 4806 2403 4878 ἕπηξα,
2431 4807 2528 4863 καὶ
2557 4808 2626 4863 τὰ
2657 4809 2716 4862 ὲν
2748 4809 2890 4882 αὐτῇ
2922 4810 3118 4875 πάντα,
3141 4807 3238 4864 καὶ
3267 4806 3801 4880 Χερουϐὶμ,ὁμοίω-

2207 4917 2284 4972 μα
2314 4901 2425 4955 τῶν
2457 4902 2710 4975 ἀοράτων
2731 4943 2748 4968 ,
2784 4902 3085 4958 διεπέτασα
3130 4905 3214 4967 είς
3239 4902 3308 4958 τὰ
3336 4903 3490 4972 ἅγια,
3519 4900 3598 4964 ὡς
3621 4899 3807 4954 τύπον

2211 4991 2306 5046 καὶ
2339 4993 2498 5048 σκιὰν
2535 4994 2647 5048 τῶν
2681 4995 3007 5067 μελλόντων,
3037 4995 3183 5059 οὕτω
3226 4995 3323 5050 καὶ
3357 4993 3481 5064 ὅφιν
3508 4993 3809 5062 ὲστήλωσα

2212 5088 2293 5151 είς
2341 5087 2620 5160 σωτηρίαν
2673 5087 2751 5161 τῷ
2792 5087 2930 5160 λαῷ,
2975 5090 3063 5144 ἵνα
3109 5088 3198 5144 διὰ
3230 5089 3332 5160 τῆς
3357 5087 3554 5160 πείρας
3583 5087 3808 5142 τούτων

1829 5441 2065 5501 νΑΒΙᾹΞ
2103 5442 2507 5502 LECTIONES.

608 5602 1129 5709 :aelirizénrzualvta
1159 5620 1561 5709 τοῦ-Σωτῆρος,
1589 5623 1735 5694 quod
1759 5625 1854 5706 alii
1890 5627 1944 5681 in
1984 5625 2367 5709 dedicationem
2395 5629 2653 5709 Ecclesia:
2680 5628 3000 5709 Saluatoris.
3027 5631 3372 5709 interpretati
3393 5641 3538 5709 sunt
3585 5634 3653 5692 At
3693 5650 3815 5709 pm

535 5682 796 5752 σωτῆρος,
829 5682 1017 5747 Billius
1064 5705 1130 5749 ex
1163 5699 1302 5748 orat.
1329 5694 1365 5749 2
1387 5682 1463 5751 et"
1484 5682 1813 5767 3"aiaupoﬁ,
1852 5699 2042 5754 crucis.
2076 5682 2255 5755 Malim
2278 5682 2708 5756 anniversarium
2726 5682 3588 5774 giliis};ﬁliiﬁaékiiaiiiaéiu.
