4074 6146
336 312 472 372 12⁸ῖῖ

1438 306 1543 367 DE
1579 282 2043 368 IMAGINIBUS
2070 305 2354 368 ORATIO
2379 305 2429 367 ι.

3462 305 3597 369 1278

334 416 802 493 πωγυμνασθῶσι
823 415 919 471 τοῦ
951 416 1179 489 σημείου
1210 416 1306 471 τοῦ
1328 414 1565 488 σταυροῦ
1587 415 1686 487 τὴν
1714 414 1913 480 εἰκόνα,

2028 430 2136 485 que
2164 414 2479 470 futurorum
2507 414 2625 473 :sic
2645 423 2701 472 et
2728 422 3036 486 serpentem
3064 414 3134 472 ad
3160 417 3343 487 populi
3362 417 3596 475 salutem

333 511 533 569 καὶτὸν
556 513 614 565 έν
631 508 780 581 αὐτῷ
796 507 1025 579 Σωτῆρα
1047 507 1143 562 καὶ
1165 509 1484 578 Δυτρωτήν.
1516 505 1628 561 Καὶ
1650 506 1732 559 ὅτι
1752 503 1920 574 ἀψευ-

332 594 591 666 δέστατος
618 602 647 655 6
667 599 848 669 λόγος,
876 598 1155 672 άγαπητὲ,
1180 599 1346 654 ἄκουε
1368 596 1464 652 τοῦ
1495 596 1707 668 Κυρίου
1730 593 1919 649 τοῦτον

334 690 704 766 βεϐαιοῦντος,
737 691 833 744 καὶ
865 689 1119 759 λέγοντος
1141 705 1157 720 ’
1190 688 1397 753 Καθὼς
1422 681 1683 754 Μωῦσῆς
1708 685 1920 755 ὕψωσε

330 787 441 840 τὸν
465 785 604 855 ὄφιν
651 784 722 838 ἐν
770 781 846 851 τῇ
880 781 1097 851 ἐρήμῳ,
1134 780 1290 835 οὕτω
1327 780 1425 835 δεῖ
1464 781 1783 849 ὑψωθῆναι
1814 785 1919 831 τόν

341 878 480 932 Υιὸν
512 876 617 931 τοῦ
656 873 993 944 ἀνθρώπου,
1021 873 1123 929 ἵνα
1164 871 1285 939 πᾶς
1316 875 1351 926 d
1383 870 1689 951 πιστεύων
1715 870 1783 924 ἐν
1809 869 1919 924 αὐ-

330 968 413 1033 τῷ
450 967 538 1037 μὴ
563 966 880 1034 ἀπόληταις
911 963 1047 1018 ἀλλ’
1075 961 1192 1032 ἔχῃ
1236 960 1391 1032 ζωὴν
1426 961 1686 1017 αἰώνιον.
1718 980 1740 1014 ι

2020 508 2280 571 erexi,ut
2311 506 2584 577 ejusmodi
2631 506 2917 578 signorum
2970 509 3307 579 experientia
3357 510 3597 581 aptiores

2021 596 2217 653 ﬁerent
2251 597 2320 652 ad
2351 598 2539 653 crucis
2578 597 2896 668 imaginem,
2935 601 3369 670 crnciﬁxumque
3402 601 3597 658 Salva-

2022 696 2196 744 torem
2218 697 2274 744 et
2315 688 2740 760 Redemptorem
2781 690 3185 760 excipiendum.
3221 692 3378 759 Quod
3414 705 3596 751 autem

2021 787 2083 835 ut
2104 779 2461 835 verissimum
2498 795 2621 837 esse
2654 782 2926 851 percipias
2949 822 2965 848 ,
3014 784 3394 849 dilectissime,
3440 788 3600 842 Chri-

2019 879 2167 925 stum
2199 869 2253 923 id
2284 862 2647 936 asserentem,
2668 879 2832 940 atque
2857 872 2913 926 in
2946 872 3062 928 haec
3090 873 3254 930 verba
3282 875 3596 946 loquentem

2022 959 2147 1015 audi
2180 978 2196 1015 :
2230 959 2299 1014 Et
2330 962 2470 1016 sicut
2499 959 2710 1032 Moyses
2752 962 3007 1018 exultavit
3037 976 3325 1034 serpentem
3342 968 3396 1021 in
3420 970 3597 1022 deser—

335 1058 408 1126 t6,
438 1062 522 1115 ita-
544 1060 777 1115 exaltari
820 1066 1024 1129 oportet
1072 1056 1276 1111 Filium
1326 1057 1557 1113 hominis
1595 1073 1615 1112 :
1656 1068 1714 1111 ut
1762 1054 1934 1111 omnis
1972 1054 2063 1123 qui
2104 1056 2268 1111 credit
2315 1058 2369 1109 in
2411 1072 2553 1125 eum,
2628 1072 2733 1112 non
2798 1066 3011 1127 pereat,
3056 1060 3147 1114 sed
3197 1060 3385 1115 habeat
3438 1062 3599 1117 vitam

329 1162 582 1209 wlernam
612 1151 675 1204 ¹⁷.
720 1169 739 1200 ι

400 1244 675 1313 Σχόλιον.
699 1240 978 1309 Σύνες,ὡς
1002 1241 1090 1296 διὰ
1121 1244 1184 1295 τὸ
1211 1242 1523 1311 ἀπαγαγεῖν
1544 1240 1650 1312 ἔφη
1670 1238 1761 1293 τὸν
1786 1234 1917 1298 λαὸν

328 1334 430 1405 τῆς
455 1332 920 1403 εἰδωλολατρείας,
953 1330 1232 1385 εὑόλισθον
1259 1332 1353 1385 καὶ
1382 1331 1598 1402 ἕτοιμον
1618 1330 1750 1384 ὄντα
1781 1327 1916 1400 πρὸς

328 1423 509 1487 τοῦτο,
548 1421 623 1491 μὴ
657 1422 831 1473 ποιεῖν
863 1420 971 1473 πᾶν
989 1418 1239 1490 ὁμοίωμα
1270 1418 1628 1491 ἐνομοθέτησε
1665 1434 1678 1450 ·
1715 1416 1810 1470 καὶ
1833 1416 1916 1470 ὅτι

329 1511 495 1566 εἰκὼν
522 1506 591 1581 ἦν
616 1509 709 1563 τοῦ
737 1509 944 1575 πάθους
972 1509 1064 1563 τοῦ
1104 1508 1311 1581 Κυρίου
1340 1508 1368 1560 6
1399 1508 1635 1579 ὑψωθεὶς
1665 1508 1808 1577 ὅφις.

402 1687 527 1743 Ὅτι
552 1687 631 1755 δὶ,
671 1686 732 1741 οὐ
760 1686 947 1740 καινὸν
976 1684 1173 1758 ὶφεύρε
1183 1702 1259 1756 μα
1281 1684 1340 1739 τὸ
1371 1683 1479 1739 τῶν
1509 1684 1755 1750 εἰκόνων,
1777 1684 1914 1737 ἀλλὰ

330 1778 579 1849 ἀρχαῖον,
619 1778 715 1831 καὶ
768 1777 883 1840 τοῖς
943 1775 1121 1845 άγίοις
1174 1775 1269 1829 καὶ
1316 1775 1593 1846 ἑκκρίτοις
1638 1774 1915 1845 Πατράσιν

331 1866 672 1944 ἐγνωσμένον
695 1888 755 1926 τε
800 1872 897 1926 καὶ
926 1870 1255 1944 εἰθισμένον,
1285 1870 1477 1927 ἄκουεο
1514 1872 1829 1943 Γέγραπται
1857 1872 1915 1926 ὲν

330 1961 423 2034 Τῷ
460 1964 561 2035 βίῳ
579 1962 866 2017 Βασιλείου
892 1963 985 2017 τοῦ
1021 1964 1291 2035 μάκαρος,
1318 1961 1397 2033 τῷ
1418 1961 1486 2015 δι’
1518 1959 1788 2015 Ἐλλαδζου
1822 1958 1915 2013 τοῦ

330 2055 497 2110 αὐτοῦ
529 2052 801 2128 μαθητοῦ,
844 2055 941 2110 καὶ
984 2054 1232 2126 διαδόχου
1261 2057 1359 2126 τῆς
1390 2053 1557 2108 αὑτοῦ
1608 2053 1915 2125 ἰεραρχίας,

329 2151 407 2215 ὼς
451 2153 813 2224 παρειστήκει
839 2160 868 2190 ιι
905 2152 933 2205 6
979 2152 1127 2217 ὅσιος
1155 2154 1222 2224 τῇ
1257 2150 1359 2222 τῆς
1397 2149 1697 2221 Δεσποίνης
1723 2149 1912 2216 εἰκόνι,

330 2244 390 2296 εν
422 2237 457 2319 ᾖ
485 2246 581 2299 καὶ
613 2245 641 2297 6
662 2245 947 2317 χαρακτὴρ
970 2244 1282 2316 ἐγέγραπτο
1303 2243 1647 2314 Μερκουρίου
1672 2242 1766 2296 τσῦ
1797 2244 1916 2319 άοι-

331 2334 490 2407 δίμου
538 2336 839 2407 μάρτυρος.
876 2337 1249 2409 Παρειστήκει
1275 2336 1334 2390 δὲ
1362 2335 1591 2401 ἐξαιτῶν
1623 2333 1915 2390 Ἰουλιανοῦ

331 2427 425 2482 τοῦ
466 2428 783 2483 ἀθεωτάτου
822 2428 918 2483 καὶ
946 2429 1256 2483 άποστάτου
1287 2429 1553 2500 τυράννου
1597 2429 1912 2500 ἀναίρεσιν·

331 2519 392 2585 ἐξ
412 2514 479 2593 ἧς
508 2522 713 2585 εἰκόνος
739 2521 959 2593 εμυήθη
981 2518 1188 2593 ταύτην
1220 2520 1319 2593 τὴν
1338 2520 1701 2591 ἀποκάλυψιν.
1734 2520 1917 2591 Ἐὡρα

331 2611 458 2683 γὰρ,
505 2612 643 2683 πρὸς
686 2608 786 2683 μὲν
829 2612 1005 2683 βραχὺ
1044 2613 1226 2684 ἀφανῆ
1273 2612 1365 2667 τὸν
1394 2613 1670 2685 μάρτυρα,
1703 2612 1822 2685 μετ’
1852 2612 1915 2667 οὐ

331 2701 465 2755 πολὺ
491 2701 570 2769 δὲ,
600 2703 661 2757 τὸ
690 2702 818 2774 δόρυ
846 2705 1170 2775 ᾑμαγμένον
1199 2704 1519 2776 κατέχοντα.

344 2880 446 2934 Ἐκ
477 2877 587 2934 τοῦ
628 2880 776 2953 βίρυ
817 2880 941 2953 τοῦΔ
987 2879 1261 2953 Ἰωάννου
1298 2882 1422 2953 Διιόῦ
1454 2884 1913 2953 Χρυσοστόμου,

648 2949 839 3016 οὕτως
875 2950 1193 3015 αὐτολεξεί
1243 2949 1589 3020 γέγραπται.

408 3056 428 3091 ι
450 3036 670 3107 Ἦγάπα
718 3039 774 3094 δὲ
802 3042 831 3094 6
856 3040 1128 3111 μακάριος
1154 3040 1231 3111 (9)
1254 3040 1509 3113 Ἰωάννης
1536 3044 1637 3108 τὰς
1665 3044 1914 3099 Ἐπιστο-

329 3130 427 3195 λὰς
454 3133 548 3185 τοῦ
586 3132 903 3203 σοφωτάτου
924 3130 1142 3186 Παύλου
1170 3131 1333 3201 ἄγαν.
1366 3152 1385 3186 ι
1414 3134 1524 3188 Καὶ
1544 3136 1671 3205 μετ’
1702 3137 1878 3207 ὀλίγα
1896 3154 1911 3167 ο

335 3232 353 3275 ι
389 3218 499 3277 Ἦν
544 3224 602 3278 δὲ
646 3225 742 3279 καὶ
784 3223 846 3278 τὸ
890 3224 1197 3294 ἐκτύπωμα
1236 3224 1331 3278 τοῦ
1383 3226 1548 3281 αὑτοῦ
1585 3228 1912 3282 ’Δποστόλου

328 3312 465 3385 ἔχων
491 3316 549 3368 ὲν
570 3313 761 3382 εἰκόνι,
795 3314 924 3369 ἔνθα
953 3314 1257 3374 ἀνεπαύετο
1287 3315 1377 3371 διά
1406 3316 1506 3388 τήν
1540 3316 1631 3371 τοῦ
1663 3317 1913 3390 σώματος

326 3404 631 3471 ἀσθένειαν,
675 3405 851 3477 βραχύ
890 3423 965 3462 τι.
1019 3398 1133 3460 Ἧν
1178 3406 1286 3478 γάρ
1343 3406 1763 3477 πολυάγρυπνος
1812 3411 1912 3480 τὴν

326 3496 510 3565 φύσιν.
540 3498 651 3551 Καὶ
701 3497 867 3568 ήνίκα
917 3497 1171 3567 διήρχετο
1223 3497 1322 3562 τὰς
1352 3497 1677 3563 Ἐπιστολάς
1722 3500 1909 3563 αὐτοῦ,

324 3588 633 3659 ὲνητένιζεν
689 3588 870 3659 αὐτῇ,
917 3588 1015 3641 καὶ
1062 3588 1139 3650 ὡς
1190 3587 1284 3640 ἐπὶ
1332 3586 1534 3652 ζῶντος
1568 3586 1735 3642 αὐτοῦ
1768 3587 1912 3642 οὕτω

325 3681 612 3751 προσεῖχεν
639 3678 807 3749 αὐτῷ,
846 3677 1169 3748 μακαρίζων
1215 3677 1400 3739 αὐτὸν,
1445 3678 1540 3732 καὶ
1580 3678 1700 3732 ὅλον
1744 3676 1909 3732 αὐτοῦ

321 3773 414 3827 τὸν
440 3771 702 3844 λογιτμδν
731 3771 867 3843 πρὸς
901 3769 1066 3825 αὐτὸν
1092 3764 1207 3841 εἶχε
1236 3768 1671 3841 φανταζόμενος,
1708 3772 1803 3825 καὶ
1823 3768 1912 3823 διὰ

321 3864 422 3935 τῆς
453 3863 686 3934 θεωρίας
709 3860 858 3932 αὐτῷ
885 3860 1115 3933 ὁμιλῶν.
1150 3880 1175 3914 ι
1222 3861 1334 3915 Καὶ
1368 3861 1500 3931 μεθ’
1521 3861 1715 3930 ἕτερα.
1754 3879 1773 3913 ι
1821 3860 1910 3924 Ὠς

322 3955 602 4008 ἐπαύσατο
632 3954 661 4007 6
684 3953 929 4025 Πρόκλος
955 3951 1157 4017 λαλῶν,
1186 3952 1444 4016 ἀτενίσας
1484 3955 1551 4023 τῇ
1596 3953 1767 4006 εἰκόνι
1812 3951 1909 4006 τοῦ

335 4044 686 4111 Ἀποστόλου,
712 4044 809 4097 καὶ
862 4042 1199 4113 θεασάμενος
1245 4041 1337 4095 τὸν
1365 4042 1691 4113 χαρακτῆρα
1723 4042 1910 4113 ὅμοιον

320 4137 416 4191 τοῦ
434 4135 689 4203 ὀφθέντος
713 4133 883 4205 αὐτῷ,
910 4132 1089 4203 βαλὼν
1121 4134 1409 4204 μετάνοιαν
1432 4133 1546 4203 (10)
1566 4133 1646 4204 τῷ
1661 4134 1907 4205 Ἰωάννῃ,

320 4220 445 4280 εῖπε
475 4225 934 4281 δακτυλώεικτῶν
975 4224 1074 4295 τὴν
1125 4224 1342 4278 εἰκόνα·
1396 4222 1762 4295 Συγχώρησόν
1792 4240 1905 4294 μοι,

2089 1233 2387 1291 Comment.
2420 1235 2675 1292 Advertis
2699 1237 2834 1307 quid
2865 1238 3086 1300 dixerit,
3118 1254 3189 1294 ne
3218 1238 3497 1294 ﬁeretulla
3526 1240 3603 1294 si-

2014 1324 2270 1379 militudo
2311 1326 2521 1381 idcirco
2553 1336 2891 1398 praeceptum
2927 1327 3123 1395 fuisse,
3154 1328 3232 1383 uti
3268 1329 3502 1399 populus
3531 1329 3600 1383 ab

2014 1414 2290 1470 idolorum
2320 1416 2497 1481 cultu,
2534 1416 2591 1471 in
2618 1433 2783 1488 quem
2817 1418 3291 1488 propensissimns
3315 1428 3453 1483 erat,
3473 1433 3602 1473 avo-

2013 1515 2263 1573 caretur,
2297 1507 2716 1579 exaltatumque
2766 1520 3110 1579 serpentem,
3150 1510 3449 1567 Dominicaa
3478 1526 3603 1581 pas-

1948 1632 1992 1687 B
2020 1595 2195 1651 sionis
2234 1594 2534 1666 imaginem
2565 1596 2893 1653 exstitisse?

2092 1683 2251 1751 Quod
2289 1693 2472 1740 autem
2512 1700 2656 1740 nova
2706 1702 2815 1743 non
2859 1688 2930 1743 sit
2978 1688 3280 1760 imaginum
3334 1689 3599 1757 inventio,

2019 1777 2113 1834 sed
2150 1778 2403 1849 antiqua,
2432 1788 2488 1834 et
2518 1779 2728 1836 sanctis
2758 1782 3083 1853 eximiisque
3110 1784 3366 1842 Patribus
3394 1795 3523 1840 nota
3545 1794 3603 1841 et

2020 1868 2253 1943 usitata,
2284 1868 2571 1925 auscultes
2594 1871 2781 1926 velim.
2801 1871 3077 1944 Scriptum
3110 1875 3271 1932 estin
3304 1874 3425 1931 Vita
3455 1876 3599 1932 beati

2019 1952 2209 2012 Basilii
2244 1954 2315 2013 ab
2356 1955 2607 2016 Helladio
2652 1962 2774 2032 ejus
2821 1961 3115 2033 discipulo,
3154 1975 3317 2036 atque
3363 1967 3418 2021 in
3471 1969 3603 2023 sede

2017 2047 2317 2119 episcopali
2365 2064 2697 2109 successore
2763 2055 2972 2125 scripta
3024 2057 3270 2129 gvirum
3343 2067 3598 2114 sanctum

2017 2139 2294 2209 quondam
2340 2142 2585 2202 astitisse
2622 2159 2811 2201 coram
2848 2145 3095 2202 Dominae
3113 2156 3319 2205 nostra:
3339 2149 3599 2220 imagine,

2019 2228 2075 2285 in
2106 2246 2215 2301 qua
2239 2232 2404 2288 etiam
2438 2233 2695 2291 Mercurii
2725 2239 2988 2309 martyris
3032 2239 3397 2296 laudatissimi
3427 2240 3600 2312 ﬁgura

2018 2322 2237 2394 depicta
2263 2337 2400 2382 erat.
2432 2327 2659 2384 Aetabat
2685 2344 2852 2401 porro
2878 2332 3223 2403 supplicans,
3254 2341 3315 2388 ut
3346 2331 3601 2390 Julianus

2018 2421 2269 2483 apostata
2321 2416 2527 2488 impius
2570 2434 2602 2475 e
2645 2420 2829 2476 medio
2874 2423 3177 2479 tolleretur.
3231 2424 3411 2495 Atque
3443 2438 3601 2481 eaea

2018 2502 2297 2575 imagine,
2356 2509 2487 2577 quid
2555 2520 2884 2567 eventurum
2939 2521 3126 2580 esset,
3187 2515 3403 2571 didicit.
3452 2514 3603 2570 Vidit

2017 2597 2222 2667 quippe
2275 2604 2569 2671 martyrem
2620 2602 2878 2675 exiguum
2926 2605 2994 2661 ad
3038 2615 3255 2677 tempus
3304 2606 3376 2662 ab
3422 2605 3603 2662 oculis

2018 2689 2138 2743 suis
2182 2700 2627 2757 evanescentem,
2676 2709 2742 2750 ac
2794 2710 2899 2752 nec
2941 2698 3119 2752 multo
3150 2704 3278 2769 post
3314 2704 3601 2753 cruentam

2019 2780 2233 2835 hastam
2269 2790 2571 2839 tenentem.

2018 2872 2185 2944 328
2206 2872 2289 2926 Ex
2339 2872 2460 2929 Vita
2488 2879 2664 2952 sancti
2685 2877 2914 2952 Joannis
2942 2879 3334 2952 Chrysostomi,
3365 2882 3457 2936 ubi
3490 2881 3605 2937 hac

2447 2946 2517 3000 ad
2544 2948 2757 3002 verbum
2799 2950 3002 3019 scripta
3032 2946 3177 3006 funt.

2094 3053 2113 3087 ι
2164 3034 2368 3093 Beatus
2400 3035 2640 3094 Joannes
2684 3037 2968 3109 Epistolas
3011 3040 3408 3112 sapientissimi
3440 3039 3604 3096 Pauli

2014 3139 2232 3180 summo
2264 3125 2446 3182 studio
2475 3127 2710 3197 legebat.
2760 3147 2779 3182 ι
2816 3125 2887 3182 Et
2924 3129 3197 3199 aliquanto
3226 3139 3342 3200 post
3376 3144 3396 3183 :
3429 3145 3451 3182 ι
3492 3130 3603 3185 Ha—

2015 3214 2179 3271 bebat
2225 3228 2393 3289 porro
2448 3219 2700 3288 ejusdem
2759 3221 2993 3291 apostoli
3047 3220 3201 3276 Pauli
3259 3223 3312 3275 in
3365 3222 3604 3293 imagine

2014 3306 2348 3378 descriptam
2377 3309 2606 3380 efﬁgiem
2634 3326 2701 3365 eo
2731 3312 2785 3366 in
2811 3312 2956 3376 loco,
2991 3311 3082 3367 ubi
3105 3320 3327 3383 propter
3351 3313 3604 3384 corporis

2014 3396 2449 3455 imbecillitatem
2500 3402 2768 3472 tantisper
2820 3401 3162 3471 quiescebat.
3221 3402 3359 3457 Nam
3431 3416 3601 3472 supra

2012 3502 2177 3558 quam
2227 3497 2427 3544 natura
2474 3491 2686 3561 patitur
2716 3492 2932 3562 vigilias
2978 3492 3337 3563 producebat.
3372 3493 3431 3548 In
3461 3493 3602 3550 hanc

2012 3578 2104 3634 ille
2134 3578 2454 3651 imaginem,
2493 3598 2617 3637 cum
2668 3581 2948 3654 Epistolas
2971 3582 3128 3639 Pauli
3161 3585 3385 3657 legeret,
3411 3584 3602 3641 oculos

2012 3667 2327 3738 intendens,
2363 3671 2441 3727 ita
2467 3672 2761 3745 deﬁgebat,
2793 3683 2852 3729 ut
2878 3676 3098 3731 beatum
3128 3692 3252 3732 eum
3271 3678 3599 3747 praedicans,

2012 3758 2229 3829 sibique
2284 3772 2739 3833 repraesentans,
2797 3765 3196 3835 cogitationem
3252 3780 3469 3821 omnem
3531 3766 3599 3821 ad

2013 3850 2198 3922 ipsum
2236 3852 2522 3926 dirigeret,
2554 3870 2617 3911 ac
2642 3872 2740 3927 per
2777 3857 3299 3928 contemplationem
3327 3873 3453 3912 cum
3482 3858 3600 3929 ipso

2011 3956 2459 4004 conversaretur.
2502 3967 2522 4001 ι
2567 3949 2858 4008 Nonnullis
2901 3953 3229 4025 interfectis:
3265 3972 3284 4006 ι
3330 3953 3467 4009 Cum
3497 3969 3600 4008 au-

2011 4044 2118 4091 tem
2145 4034 2380 4097 Proclus
2406 4041 2665 4113 loquendi
2695 4044 2859 4100 ﬁnem
2888 4043 3134 4112 fecisset,
3161 4047 3341 4102 oculis
3365 4046 3419 4100 in
3442 4043 3596 4100 Pauli

2009 4126 2306 4198 imaginem
2339 4130 2574 4199 deﬁxis,
2619 4134 2993 4207 similemque,
3044 4136 3195 4191 illius
3234 4151 3396 4205 quem
3440 4134 3595 4190 vide-

2009 4224 2113 4285 rat,
2148 4220 2382 4291 ﬁguram
2422 4223 2801 4293 conspicatus,
2850 4225 3098 4280 exhibita
3144 4222 3344 4279 Joanni
3385 4222 3595 4278 saluta-

319 4315 525 4387 Πάτερ,
554 4315 614 4368 δν
637 4310 777 4369 εῐδον
806 4313 1072 4369 λαλοῦντά
1098 4331 1204 4379 σοι,
1233 4315 1419 4385 ὅμοιός
1455 4316 1573 4369 ἐστι
1602 4312 1808 4386 τούτῳ·
1832 4314 1907 4380 ὡς

2015 4311 2184 4376 tione,
2240 4312 2540 4384 imaginem
2588 4315 2762 4385 digito
2808 4326 3160 4379 monstrans,
3203 4314 3324 4369 ait:
3363 4314 3594 4385 Ignosce

316 4406 376 4459 δὲ
406 4406 804 4477 ὑπολαμϐάνω,
834 4406 930 4461 καὶ
959 4407 1124 4471 αὐτός
1148 4408 1319 4461 ἐστιν.
1352 4425 1373 4460 ι

399 4666 489 4719 Ἐν
516 4664 595 4737 τῷ
619 4666 717 4736 τῆς
758 4666 911 4731 ὁσίας
939 4666 1258 4739 Εὐπραξίας
1290 4667 1409 4739 βίῳ,
1451 4668 1544 4723 τδν
1578 4670 1908 4726 Δεσποτικδν

2008 4402 2185 4468 mihi,
2222 4401 2425 4471 Pater;
2480 4404 2572 4459 ille
2624 4420 2790 4475 quem
2847 4414 3029 4460 tecum
3080 4405 3395 4475 loquentem
3445 4405 3591 4472 vidi,

2008 4491 2137 4546 huic
2190 4506 2420 4561 prorsus
2487 4494 2683 4550 similis
2741 4502 2850 4560 est,
2916 4504 3102 4566 atque,
3176 4503 3236 4550 ut
3303 4504 3450 4562 reor,
3501 4495 3594 4553 ille

2009 4582 2128 4654 ipse
2156 4592 2262 4640 est.
2296 4602 2326 4647 η»

2077 4675 2136 4729 1η
2165 4671 2285 4729 Vita
2305 4683 2511 4730 sanctae
2534 4674 2825 4747 Eupraxiae
2873 4678 3143 4750 scriptum
3171 4687 3277 4747 est,
3304 4680 3451 4736 illam
3475 4696 3593 4753 qua:

318 4755 585 4828 δεδείχθαι
617 4758 756 4829 αὐτῇ
799 4758 1132 4831 χαρακτῆρα
1168 4760 1612 4833 ἀναγέγραπται,
1657 4763 1763 4818 ὑπὸ
1802 4762 1908 4834 τῆς

2015 4767 2160 4840 gregi
2191 4776 2447 4838 praeerat,
2475 4769 2690 4826 Domini
2736 4773 2917 4829 nostri
2952 4772 3243 4845 imaginem
3271 4774 3377 4847 ipsi
3402 4781 3592 4835 osten-

322 4849 730 4917 προεστηκυίας
759 4848 861 4919 τῆς
888 4850 1148 4921 ποίμνης.

392 4978 436 5010 ³⁷
461 4977 622 5036 Joan.
668 4996 752 5047 Ill,
794 4981 880 5037 M.

2003 4859 2178 4916 disse.
3022 4880 3023 4883 ‘

1603 5055 1836 5114 νΑιιιιΕ
1874 5059 2281 5120 LECTIONES.

388 5219 418 5248 ιι
447 5209 523 5270 ὡς
557 5211 944 5333 παρειστήκει..
967 5209 1162 5266 Simile
1182 5210 1362 5294 visum
1389 5209 1590 5281 legitur
1623 5212 1678 5267 in
1710 5212 1834 5296 Vita
1861 5216 2109 5287 ejusdem
2145 5218 2355 5285 Basilii,
2392 5236 2517 5292 quia:
2544 5223 2918 5297 Amphilochii
2951 5240 3154 5282 nomen
3185 5222 3411 5297 prsetert
3442 5245 3457 5281 :
3494 5227 3589 5287 ubi

388 5296 501 5333 rnen
541 5281 634 5333 nul
658 5295 688 5333 a
725 5295 978 5333 imamms
1006 5282 1148 5333 facta
1192 5291 1418 5333 mentio.
1467 5282 1541 5333 De
1581 5283 1684 5333 hae
1710 5286 1939 5333 hlslnria
1974 5288 2180 5333 νίειοςιίε
2219 5290 2467 5333 Βηιιηηιιι
2496 5295 2916 5333 υηηιιηιηιηιι..
2944 5296 3013 5333 ιιι
3049 5295 3244 5333 ιλιι...
3300 5313 3335 5333 η
3381 5298 3483 5333 im

316 5288 501 5337 tamen
541 5281 634 5334 nul

658 5295 688 5333 a
725 5281 978 5351 imaginis
1006 5282 1148 5338 facta
1192 5282 1418 5336 mentio.
1467 5282 1541 5339 De
1581 5283 1684 5339 hac
1710 5281 1942 5341 historia
1974 5288 2180 5347 videsis
2216 5281 2471 5348 Bollan'di
2496 5281 2919 5353 continuatores
2943 5296 3015 5351 ad
3049 5281 3353 5366 ιιιιῑηζρ.
3379 5281 3507 5353 847.

1819 5401 2051 5460 NOTAE.

391 5476 482 5556 (9)_
505 5479 733 5556 ⁸Ἠγιὶθια
760 5480 829 5537 δὲ
854 5484 889 5556 ό
909 5486 1220 5556 μακάριος.
1270 5485 1397 5545 Hinc
1442 5496 1670 5544 narrant
1718 5493 1890 5553 Geor-

317 5551 751 5636 gins'Alexandr.
773 5561 829 5636 et
850 5551 1392 5636 ﬂuctivagus-nescio
1418 5561 1544 5631 quis
1569 5561 1692 5615 vitae
1716 5564 1887 5636 Chry-

316 5619 549 5681 sostomi
577 5628 786 5687 auctor,
808 5630 852 5678 t.
884 5621 997 5678 Vlll
1017 5619 1162 5683 'edit.
1196 5628 1388 5683 Savill.

386 5691 500 5761 (l0)
548 5689 760 5746 Βαλὼν
814 5692 1160 5763 μετάνοιαν.
1226 5696 1479 5761 Reddidit
1536 5706 1872 5765 Tilmanus:

1996 5496 2317 5573 Pmnitontia
2370 5503 2582 5557 ductus.
2618 5572 2621 5573 ν
2658 5502 2875 5558 Zinus:
2937 5503 3259 5557 desiderium
3316 5504 3579 5573 injiciem.

1994 5569 2564 5647 Neuterhloc-ntionenm
2597 5572 2807 5627 Graecis
2841 5574 3165 5628 familiarem
3197 5569 3437 5647 agnovit,
3479 5594 3590 5647 qua

1995 5640 2132 5714 nihil
2166 5641 2317 5695 aliud
2346 5642 2708 5714 signiﬁcatur,
2743 5658 2906 5712 quam
2943 5640 3288 5701 rerercntiain
3319 5640 3585 5714 exhibere,

2002 5709 2259 5764 inclinato
2290 5709 2504 5784 corpore
2538 5709 2796 5769 salutare.
