4074 6146
515 295 652 360 1279

509 500 800 568 imaginem
853 498 1098 552 Dominae
1145 509 1346 552 nostrae
1399 499 1765 568 supplicasse,
1803 506 1855 554 et
1885 499 2089 568 eﬂlagi-

507 603 675 654 tasse,
710 600 768 644 ut
799 607 898 659 pro
928 591 1048 659 ipsa
1098 589 1413 659 sponderet,
1460 599 1624 660 atque
1673 592 1775 646 hoc
1826 599 1988 661 pacto
2031 599 2089 645 ut

505 683 767 749 templum
806 680 1214 750 ingrederetur,
1245 681 1577 736 obtinuisse.

505 793 591 846 Ea:
638 793 805 847 Prata
851 793 995 864 (cap.
1029 793 1120 860 45)
1152 793 1210 848 S.
1260 793 1325 846 P.
1368 792 1441 847 Ν.
1496 793 1782 857 Sophronii
1838 796 2089 851 Hieroso-

908 864 1168 932 lymorum
1202 864 1582 933 archiepiscopi
1620 867 1685 918 η.

583 970 601 1002 ι
640 951 913 1006 Narrabat
940 939 1262 1006 Theodorus
1305 951 1566 1016 AEliotes,
1599 952 1653 1005 in
1692 961 1877 1010 monte
1907 953 2087 1009 Oliva-

506 1059 627 1098 rum
675 1042 966 1112 quemdam
1018 1043 1290 1097 inclusum
1345 1045 1654 1110 mansisse,
1707 1045 1765 1098 in
1815 1045 2086 1113 spirituali

507 1136 700 1189 militia
733 1135 1092 1189 exercitatum
1140 1149 1347 1200 senem,
1382 1149 1544 1203 quem
1591 1135 1835 1190 libibinis
1875 1135 2089 1190 damon

506 1226 826 1296 impetebat.
863 1227 912 1281 is
953 1241 1080 1279 cum
1138 1225 1227 1279 die
1261 1224 1495 1294 quadam
1529 1225 1910 1281 vehementius
1936 1225 2087 1280 illum

510 1329 750 1390 urgeret,
776 1319 1138 1390 conqueritur
1167 1335 1357 1384 senex,
1389 1327 1554 1388 atque
1590 1319 1736 1373 hunc
1774 1319 1830 1372 in
1870 1320 2086 1374 modum

509 1412 811 1466 daemonem
870 1412 1212 1479 alloquitur:
1264 1409 1565 1480 Quousque
1601 1410 1820 1464 tandem
1873 1425 1959 1464 me
1991 1425 2088 1464 ve-

505 1519 639 1558 xare
688 1520 798 1558 non
819 1504 1087 1559 desines?
1118 1503 1347 1558 Discede
1390 1501 1502 1572 jam
1551 1517 1580 1556 a
1640 1517 1725 1556 me
1777 1519 1792 1554 :
1833 1501 1902 1556 ad
1949 1502 2090 1555 hanc

508 1603 722 1649 aetatem
749 1596 1087 1651 consenuisti
1125 1609 1364 1649 mecum.
1411 1594 1512 1649 Cui
1554 1595 1767 1648 dzemon
1801 1609 1924 1648 sese
1955 1608 2088 1648 con—

510 1687 761 1755 spicuum
794 1687 1042 1756 praebens
1079 1705 1092 1740 :
1126 1685 1284 1750 Jura,
1312 1685 1514 1755 inquit,
1550 1685 1687 1764 mihi
1719 1692 1773 1738 te
1800 1685 2006 1740 nemini
2034 1684 2088 1739 id

509 1779 899 1842 revelaturum,
947 1778 1093 1849 quod
1123 1779 1222 1832 tibi
1256 1778 1508 1832 dicturus
1555 1793 1697 1832 sum.
1738 1775 1956 1831 Juravit
2004 1792 2089 1832 se-

509 1886 635 1937 nex,
693 1886 792 1942 per
839 1887 964 1926 eum
1011 1871 1106 1940 qui
1166 1871 1216 1924 in
1267 1870 1556 1925 altissimis
1590 1869 1836 1924 habitat:
1875 1869 2089 1924 Nemini

508 1977 741 2033 prorsus
767 1963 1035 2031 aperiam,
1066 1962 1268 2031 inquit,
1295 1959 1441 2030 quod
1469 1959 1603 2013 mihi
1635 1947 1864 2013 dixeFis.
1894 1957 2089 2013 Statim

511 2053 725 2107 daemon
755 2072 768 2105 :
796 2051 875 2106 Ne
923 2052 1068 2106 ultra
1121 2050 1415 2120 imaginem
1452 2048 1598 2102 hanc
1635 2049 1865 2112 adores,
1901 2065 1998 2103 nec
2039 2059 2091 2104 te

507 2142 622 2212 jam
679 2144 732 2195 in
784 2151 1065 2211 posterum
1123 2139 1476 2209 impngnabo.
1529 2138 1715 2208 Imago
1765 2146 1944 2193 autem
1997 2139 2091 2194 illa

515 2233 756 2287 Dominae
788 2241 995 2287 nostrae
1021 2239 1226 2286 sanctae
1260 2229 1444 2284 Maria:
1497 2229 1590 2284 Dei
1628 2228 1944 2293 Genitricis,
1982 2228 2088 2284 Do-

511 2326 720 2379 minum
750 2333 1000 2378 nostrum
1032 2321 1216 2377 Jesum
1256 2321 1537 2375 Christum
1572 2320 1837 2390 gestantis
1864 2319 2089 2390 eliigiem

509 2415 803 2472 referebat.
860 2413 1113 2468 Inclusus
1179 2427 1346 2482 porro
1399 2411 1636 2465 dzemoni
1700 2409 1819 2464 inﬁt
1865 2427 1878 2463 :
1937 2408 2088 2473 Sine,

509 2507 802 2577 dispiciam
831 2507 961 2576 quid
994 2505 1138 2559 facto
1168 2519 1306 2574 opus
1339 2503 1430 2559 sit.
1468 2500 1748 2558 Postridie
1792 2502 1958 2572 igitur
1996 2502 2092 2557 ab-

511 2601 690 2655 batem
731 2597 1082 2653 Theodorum
1112 2596 1396 2664 lEliotem,
1445 2597 1540 2665 qui
1589 2595 1642 2648 in
1691 2598 1842 2648 laura
1870 2596 2088 2650 Pharon

512 2702 645 2747 tunc
688 2691 952 2760 temporis
1014 2689 1317 2754 habitabat,
1383 2687 1670 2743 accersit:
1707 2701 1944 2756 cumque
2001 2687 2092 2742 ille

511 2783 816 2848 adesset,ei
849 2797 961 2835 rem
990 2779 1474 2850 omnemapcruit.
1496 2779 1562 2832 At
1595 2779 1686 2833 ille
1710 2779 1829 2834 seni
1874 2778 2092 2833 incluso

511 2873 635 2927 ait:
668 2871 835 2926 Plane
882 2881 963 2933 tu,
997 2871 1160 2935 abba,
1193 2870 1422 2925 delusus
1473 2883 1554 2935 es,
1608 2869 1703 2938 qui
1757 2879 1810 2923 te
1854 2867 2090 2922 dmmoni

510 2964 877 3018 obstrinxeris
902 2959 1237 3032 jdramento.
1274 2961 1429 3025 Quod
1459 2967 1641 3013 tamen
1668 2975 1780 3014 rem
1809 2961 2091 3029 aperueris

1702 297 1760 356 S.
1802 293 1835 358 J
1841 295 2042 356 OANN
2051 295 2123 354 IS
2173 292 2607 359 DAMASCENI
3587 357 3590 360 .

581 412 636 463 ln
665 407 785 461 Vita
808 417 1010 462 sanetae
1040 403 1228 460 Maria:
1248 403 1588 476 IEgyptiacae
1615 407 1833 478 legitur,
1866 423 1985 462 eam
2017 406 2083 462 ad

2273 412 2362 465 Ἐν
2390 411 2467 482 τῷ
2499 411 2598 481 τῆς
2627 409 2784 473 ὁσίας
2821 408 3042 480 Μαρίας
3071 407 3169 480 βίῳ
3206 408 3302 477 τῆς
3344 407 3647 474 Αἰγυπτίας
3684 410 3769 475 γέ.

2195 520 2464 574 γραπται,
2499 505 2564 573 τῇ
2595 502 2764 555 εἰκόνι
2816 502 2912 572 τῆς
2941 499 3239 569 Δεσποίνης
3287 499 3459 568 αὐτὴν
3497 497 3765 565 εὔξασθαι,

2193 599 2288 652 καὶ
2311 597 2517 666 ταύτην
2559 597 2696 668 πρὸς
2726 595 2932 664 ἐγγύην
2961 591 3374 679 ἐξαιτήσασθαι,
3405 591 3500 646 καὶ
3527 590 3665 644 οὕτω
3683 609 3768 644 τυ-

2192 689 2308 758 χεῖν
2331 689 2431 760 τῆς
2464 690 2544 751 είς
2575 687 2666 740 τὸν
2698 685 2824 740 ναὸν
2854 685 3082 739 εἰσόδου.

2205 803 2298 853 Ἐκ
2321 800 2428 854 τοῦ
2457 800 2862 868 Λειμωναρίου
2894 798 3003 868 (ll)
3024 797 3130 851 τοῦ
3151 795 3325 868 ἁγίου
3355 796 3584 868 Πατρός
3613 793 3769 864 ἡμῶν

2324 867 2666 938 Σωφροφλίου
2692 867 3172 937 ἀρχιεπισκόπου
3212 867 3659 934 Ἱεροσολύμων.

2273 977 2291 1010 ι
2338 959 2569 1026 Ἔλεγεν
2617 960 2646 1010 ό
2677 956 2854 1020 ἁϐὁᾶς
2897 957 3176 1028 Θεόδωρος
3222 942 3568 1026 όΑίλιώτης,
3601 956 3681 1009 ὅτι
3710 953 3770 1027 ἦν

2192 1067 2274 1112 τις
2302 1048 2614 1117 ἐγκλειστος
2647 1051 2704 1103 ἐν
2749 1050 2827 1119 τῷ
2885 1049 3004 1120 ὄρει
3032 1047 3432 1113 τῶν·Ἐλαιῶν,
3475 1049 3770 1118 ἀγωνιστὴς

2193 1142 2335 1196 πάνυ
2355 1158 2368 1170 ·
2399 1141 2658 1211 ἐπολέμει
2688 1141 2743 1194 δὲ
2774 1139 2922 1210 αύτῷ
2959 1141 2987 1192 6
3024 1139 3235 1208 δαίμων
3266 1139 3367 1208 τῆς
3396 1139 3770 1209 πορνείας.Ἐν

2198 1233 2296 1301 μιᾷ
2317 1225 2430 1296 οῦν,
2461 1231 2535 1294 ὡς
2562 1231 2813 1285 ἐπέκειτο
2839 1229 2988 1299 αὑτῷ
3015 1230 3285 1299 σφοδρῶς,
3316 1228 3522 1300 ἤρξατο
3549 1233 3577 1284 6
3603 1230 3771 1300 γέρων

2194 1322 2582 1394 ἀποδύρεσθαι,
2629 1321 2723 1372 καὶ
2770 1321 2919 1388 λέγει
2951 1320 3028 1390 τῷ
3054 1320 3268 1390 δαίμονι
3296 1334 3306 1346 ·
3343 1320 3488 1382 Ἕως
3520 1319 3653 1371 πότε
3682 1319 3771 1371 οὐκ

2193 1411 2408 1476 ἐνδίδως
2441 1428 2568 1482 μοι;
2614 1411 2826 1464 ἀπόστα
2867 1410 3053 1463 λοιπὸν
3082 1410 3176 1463 ἀπ’
3204 1410 3361 1480 ἐμοῦ.
3389 1413 3594 1479 Συνεγή
3607 1411 3771 1480 ρασάς

2197 1523 2308 1574 μοι.
2333 1505 2588 1558 Φαίνεται
2621 1503 2771 1572 αὐτῷ
2797 1505 2824 1557 6
2848 1502 3057 1574 δαίμων
3081 1501 3532 1572 ὁφθαλμοφανῶς,
3570 1503 3766 1571 λέγων·

2198 1594 2433 1665 Ὄμοσόν
2471 1611 2562 1665 μοι
2613 1596 2696 1647 ὅτι
2737 1593 2915 1647 οὐδενὶ
2964 1593 3146 1661 λέγεις
3172 1594 3200 1646 ὃ
3241 1593 3419 1664 μέλλω
3449 1594 3635 1662 λέγειν
3673 1610 3769 1657 σοι,

2194 1688 2289 1738 καὶ
2318 1685 2499 1739 οὐκέτι
2533 1703 2613 1738 σοι
2657 1685 2902 1754 πολεμῶ.
2949 1686 3058 1738 Καὶ
3091 1683 3304 1756 ὤμοσεν
3343 1685 3490 1756 αὐτῷ
3518 1687 3546 1738 ὁ
3575 1684 3772 1754 γέρων,

2192 1779 2272 1831 ὅτι
2295 1779 2371 1848 μὰ
2397 1778 2486 1830 τὸν
2517 1777 2828 1834 ἐνοικοῦντα
2849 1777 2906 1830 ἐν
2931 1778 3044 1840 τοῖς
3067 1776 3333 1846 ὑψίστοις.
3353 1774 3467 1830 Οὐκ
3487 1776 3630 1829 εἴπω
3653 1777 3771 1839 τινὶ,

2193 1872 2330 1943 ὅπερ
2377 1873 2554 1941 λέγεις
2606 1890 2716 1943 μοι.
2772 1870 2908 1924 Τότε
2961 1870 3108 1939 λέγει
3157 1870 3304 1939 αὐτῷ
3338 1872 3365 1922 6
3416 1869 3653 1940 δαίμων
3684 1869 3769 1940 Μὴ

2195 1964 2579 2034 προσκυνήσῃς
2603 1961 2776 2033 ταύτῃ
2793 1964 2856 2032 τῇ
2884 1962 3072 2025 εἰκόνι,
3091 1962 3187 2014 καὶ
3204 1961 3388 2013 οὐκέτι
3415 1977 3497 2014 σοι
3524 1960 3770 2030 πολεμῶ.

2195 2049 2325 2124 Εἶχε
2351 2053 2409 2107 δὲ
2442 2055 2474 2123 ἡ
2507 2051 2674 2106 είκὼν
2707 2052 3014 2122 ἐκτύπωμα
3045 2051 3143 2122 τῆς
3169 2051 3472 2121 Δεσποίνης
3499 2051 3658 2122 ἡμῶν
3683 2049 3775 2120 τῆς

2191 2147 2358 2215 ἁγίας
2379 2144 2598 2214 Μαρίας
2626 2144 2726 2214 τῆς
2747 2142 3037 2208 Θεοτόκου,
3065 2143 3440 2214 βασταζούσης
3463 2144 3553 2197 τὸν
3580 2143 3776 2214 Κύριον

2194 2236 2350 2307 ἡμῶν
2392 2235 2602 2306 Ἰησοῦν
2633 2235 2894 2306 Χριστόν.
2939 2234 3101 2302 Λέγει
3145 2236 3173 2288 ὁ
3210 2234 3526 2302 ἔγκλειστος
3557 2235 3638 2306 τῷ
3667 2235 3775 2288 δαί-

2198 2343 2351 2398 μονι·
2388 2329 2560 2395 ’Δφες
2586 2368 2600 2393 ,
2653 2326 2946 2395 σκέψομαι.
2979 2325 3058 2396 Τῇ
3091 2319 3182 2380 οῦν
3218 2325 3480 2397 ἐπαύριον
3526 2325 3681 2395 δηλσῖ
3706 2325 3778 2394 τῷ

2194 2407 2338 2489 ἁόδᾷ
2365 2418 2627 2490 Θεοδώρῳ
2643 2417 2721 2488 τῷ
2742 2418 3000 2488 Αίλιώτῃ,
3022 2417 3260 2472 οἰκοῦντι
3289 2418 3409 2472 τότε
3439 2419 3497 2470 ἐν
3520 2420 3585 2488 τῇ
3611 2417 3780 2491 λαύρῃ

2193 2509 2405 2580 Φαρὼν,
2439 2511 2534 2562 καὶ
2557 2505 2711 2579 ἦλθε,
2745 2509 2841 2562 καὶ
2862 2509 3131 2579 διηγεῖται
3163 2509 3327 2562 αὐτοῦ
3360 2508 3600 2562 ἅπαντα.
3648 2509 3703 2562 '0
3728 2509 3780 2562 δέ

2193 2603 2370 2673 γέρων
2395 2600 2636 2671 λέγειτῷ
2654 2601 2950 2672 ὲγκλείστῳ
2973 2601 3140 2664 ὅντως
3189 2601 3356 2654 ἀδεᾶ·
3403 2601 3778 2671 Ἐνεπαίχθης,

2194 2695 2276 2746 ὅτι
2297 2693 2522 2763 ὤμοσας
2553 2691 2630 2763 τῷ
2667 2691 2916 2762 δαίμονν
2952 2691 3093 2762 πλὴν
3131 2691 3314 2756 καλῶς
3349 2692 3621 2763 ἐποίησας
3652 2692 3782 2757 ἐξειο

2195 2785 2343 2838 πών·
2387 2786 2655 2856 συμφέρει
2686 2783 2743 2838 δέ
2777 2801 2880 2849 σοι,
2917 2784 2994 2855 μὴ
3027 2785 3189 2838 ἐᾶσαι
3234 2786 3314 2848 είς
3341 2785 3441 2855 τὴν
3470 2785 3632 2840 πόλιν
3657 2785 3780 2837 m6-

2194 2894 2293 2947 την
2324 2877 2530 2946 πόρνην
2560 2877 2639 2940 εἰς
2663 2875 2690 2929 ὃ
2722 2876 2798 2947 μὴ
2823 2875 3069 2948 είσέρχῃ,
3096 2876 3129 2946 ἢ
3160 2877 3247 2930 ἵνα
3276 2877 3492 2950 ἀρνήσῃ
3527 2877 3593 2929 τὸ
3625 2892 3783 2945 προσ-

2197 2971 2378 3022 κυνεῖν
2401 2968 2479 3038 τῷ
2508 2968 2700 3038 Κυρίῳ
2727 2968 2821 3020 καὶ
2848 2967 2967 3038 Θεῷ
2993 2967 3155 3038 ἡμῶν
3204 2967 3380 3039 Ἰησοῦ
3403 2968 3628 3039 Χριστῷ
3654 2967 3781 3038 μετὰ

512 3053 671 3118 mihi,
718 3054 976 3108 consulto
1006 3053 1187 3122 egisti.
1235 3050 1438 3104 Verum
1475 3050 1650 3105 satius
1687 3050 1828 3106 foret
1861 3052 1983 3120 tibi,
2048 3052 2092 3106 si

2199 3057 2300 3128 τῆς
2345 3058 2483 3122 ἰδίας
2529 3057 2694 3111 αὑτοῦ
2730 3058 2975 3128 Μητρός.
3033 3057 3300 3128 Στηρίξας
3348 3053 3443 3112 οὖν
3481 3059 3667 3121 αὑτὸν,
3695 3059 3782 3110 καὶ

510 3145 723 3200 nullum
755 3145 809 3199 in
855 3143 992 3198 urbe
1033 3137 1415 3214 prostibulum
1449 3143 1737 3199 emitteres
1763 3186 1777 3209 ,
1831 3144 1899 3197 ad
1951 3144 2098 3214 quod

511 3252 621 3292 non
649 3237 1031 3308 ingredereris,
1049 3251 1212 3305 quam
1238 3245 1293 3289 ut
1313 3233 1604 3288 Dominum
1631 3234 1800 3288 Deum
1822 3243 2097 3301 nostrum,

514 3335 856 3396 matremque
869 3326 988 3394 ejus
1010 3325 1175 3396 329
1191 3325 1544 3379 adoraturum
1565 3332 1616 3377 te
1629 3339 1812 3394 neges.
1834 3323 1930 3378 His
1948 3326 2099 3378 illum

515 3418 878 3487 pluribusque
925 3416 1048 3469 aliis
1082 3418 1436 3470 sermonibus
1477 3414 1840 3480 conﬁrmans,
1870 3415 1936 3468 ad
1971 3430 2101 3485 pro-

515 3507 634 3577 pria
679 3505 860 3560 rediit.
893 3507 1033 3560 Tum
1077 3506 1315 3561 daemon.
1341 3521 1536 3561 rursus
1567 3505 1784 3559 incluso
1815 3521 1937 3561 sese
1969 3521 2095 3561 con-

514 3598 863 3666 spiciendum
907 3599 1150 3667 praebet:
1185 3595 1395 3668 Ecquid
1427 3606 1533 3664 est,
1583 3596 1785 3666 inquit,
1817 3597 2095 3654 scelestis-

513 3691 653 3745 sime
681 3706 844 3745 senex
872 3691 894 3743 ?
923 3689 1114 3746 Nonne
1146 3689 1515 3761 jurastimihi
1554 3701 1604 3744 te
1628 3689 1682 3744 id
1716 3690 2090 3745 revelaturum

517 3778 756 3834 nemini?
790 3781 901 3834 Cur
925 3798 1056 3852 ergo
1088 3783 1271 3836 omnia
1301 3781 1539 3836 narrasti
1571 3780 1649 3833 illi
1692 3781 1787 3849 qui
1823 3781 1888 3835 ad
1926 3790 1976 3835 te
2008 3798 2096 3837 ve-

2200 3147 2590 3218 ἐνδυναμώσας
2637 3146 2846 3200 πλείοσι
2887 3146 3106 3215 λόγοις,
3133 3147 3376 3217 ἀπῆλθεν
3416 3151 3498 3212 είς
3541 3150 3634 3203 τὸν
3661 3149 3780 3202 ἴδιον

2202 3238 2368 3292 αὑτοῦ
2391 3238 2576 3291 τόπον.
2607 3238 2860 3292 Φαίνεται
2890 3234 2983 3291 οὖν
3007 3239 3168 3292 πάλιν
3188 3241 3214 3292 6
3237 3239 3448 3308 δαίμων
3473 3241 3552 3311 τῷ
3584 3241 3780 3309 ἐγκλεί-

2203 3346 2332 3400 atq),
2368 3329 2461 3382 xui.
2484 3328 2632 3397 λέγει
2659 3327 2824 3399 αὐτῷ·
2854 3328 2920 3382 Τί
2954 3328 3054 3395 ἔνι,
3084 3329 3396 3401 κακόγηρε;
3441 3332 3545 3384 οὐκ
3571 3332 3778 3403 ὧμοσάς

2206 3439 2321 3490 μοι,
2378 3421 2460 3474 ὅτι
2509 3420 2685 3473 ούδενὶ
2723 3421 2939 3488 λέγεις;
2973 3423 3067 3474 καὶ
3114 3421 3231 3483 πῶς
3261 3422 3443 3476 πάντα
3477 3423 3684 3488 ἐξεῖπες
3709 3421 3777 3493 τῷ

2202 3512 2408 3564 ἐλθόντι
2444 3517 2579 3584 πρὸς
2614 3511 2702 3564 σέ.
2753 3513 2914 3580 Λέγω
2944 3530 3048 3574 σοι,
3101 3512 3402 3584 κακόγηρε,
3431 3515 3506 3578 ὡς
3536 3515 3778 3584 ἐπίορκος

2203 3600 2347 3671 ἔχεις
2380 3601 2636 3672 κριθῆναι
2662 3603 2719 3655 ἐν
2754 3606 2819 3674 τῇ
2850 3603 3037 3675 ἡμέρᾳ
3061 3604 3162 3672 τῆς
3195 3604 3450 3674 κρίσεως.
3489 3604 3777 3675 Ἀπεκρίθη

2203 3691 2352 3763 αὐτῷ
2374 3693 2400 3744 6
2428 3692 2741 3760 ἐγκλειστος
2761 3736 2775 3760 ,
2814 3694 2987 3763 λέγων
3010 3711 3024 3725 ο
3071 3695 3139 3748 ’Ὁ
3165 3712 3216 3748 τι
3261 3697 3359 3766 μὲν
3395 3696 3593 3766 ὤμοσα,
3628 3694 3776 3762 ὡμο-

2206 3801 2303 3838 σα·
2340 3786 2432 3838 καὶ
2459 3786 2486 3838 ὃ
2511 3803 2563 3839 τι
2593 3787 2940 3858 ἐπιώρκησα,
2987 3785 3104 3840 οῖδα
3127 3806 3140 3819 ·
3178 3788 3272 3841 σοῦ
3297 3788 3351 3841 δὲ
3381 3790 3477 3840 οὐκ
3502 3785 3695 3840 ἀκούω.
3744 3805 3764 3838 ι

517 3869 635 3922 nit?
661 3867 781 3923 Jam
817 3871 937 3934 tibi,
974 3872 1208 3940 pessime
1235 3873 1518 3936 monache,
1547 3863 1812 3925 denuntio
1860 3873 2080 3940 quidem
2123 3882 2174 3930 te
2213 3877 2290 3930 uti
2347 3876 2633 3947 pcrjurum
2682 3878 2738 3932 in
2799 3878 2888 3934 die
2919 3878 3114 3948 judieii
3192 3878 3492 3933 damnatum
3565 3877 3653 3930 iri.
3695 3876 3768 3934 At

517 3959 815 4016 inclusus:
858 3959 963 4026 Me,
1020 3961 1218 4030 inquit,
1265 3961 1482 4029 jurasse
1543 3960 1750 4027 lateor,
1807 3969 1860 4014 et
1902 3971 2100 4046 contra
2133 3980 2300 4035 quam
2340 3966 2523 4036 juravi
2587 3968 2788 4025 fecisse
2836 3985 2946 4024 non
2995 3969 3189 4040 ignoro
3225 3969 3356 4024 :tibi
3412 3977 3585 4023 tamen
3660 3985 3774 4026 non

517 4057 921 4113 auscultavero.
965 4075 983 4107 ›

591 4153 887 4209 Comment.
928 4150 1068 4207 Hinc
1126 4151 1280 4206 vides
1336 4149 1565 4220 imagini
1608 4149 1913 4205 exhibitam
1961 4153 2098 4208 ado-

517 4245 812 4310 rationcm,
840 4243 908 4298 ad
943 4243 996 4298 id
1036 4243 1197 4312 cujus
1238 4249 1322 4298 est
1367 4242 1569 4311 imago,
1607 4240 1822 4306 referri,
1852 4249 1906 4298 et
1935 4244 2098 4312 quale

2273 4159 2320 4209 Σ
2320 4156 2552 4223 χόλων.
2587 4153 2770 4226 Ὁρᾷς,
2798 4154 2881 4206 ὅτι
2914 4153 3012 4222 τὴν
3034 4153 3133 4224 τῆς
3162 4152 3371 4217 εἰκόνος
3397 4151 3776 4223 προσκύνησιν

2203 4247 2296 4302 τοῦ
2341 4245 2748 4316 εἰκονιζομένου
2801 4240 2920 4298 εἶπε
2949 4263 2962 4311 ;
2993 4245 3086 4298 καὶ
3117 4244 3282 4297 πόσον
3313 4245 3486 4298 κακὸν
3513 4245 3570 4296 τὸ
3613 4243 3777 4313 ταύτῃ

518 4345 898 4406 quantumque
939 4336 1010 4391 sit
1040 4335 1241 4388 malum
1273 4333 1342 4386 ab
1370 4332 1517 4386 illius
1549 4331 1869 4388 adoratione
1913 4348 2092 4388 cessa-

2212 4338 2287 4410 μὴ
2315 4339 2646 4410 προσκυνεῖν
2673 4354 2688 4402 ;
2718 4337 2812 4390 καὶ
2838 4335 2955 4400 πῶς
2984 4335 3116 4388 αὐτὸ
3145 4335 3244 4405 τῆς
3279 4337 3539 4406 πορνείας
3571 4334 3778 4407 προετί-

519 4443 598 4482 re.
627 4426 822 4481 Cernis
845 4442 950 4496 qua
984 4426 1199 4480 ratione
1226 4440 1292 4479 eo
1323 4425 1505 4494 potius
1530 4439 1694 4494 quam
1722 4424 1966 4481 libidinis
1994 4425 2103 4482 cri-

519 4517 666 4571 mine
697 4517 1026 4572 obstrictum
1059 4516 1333 4572 hominem
1366 4516 1622 4571 voluerit.

590 4607 728 4660 Cum
763 4607 950 4675 itaque
992 4607 1146 4660 multi
1179 4607 1413 4662 antehac
1439 4607 1776 4674 sacerdotes,
1824 4623 2100 4679 regesque

595 4784 638 4816 ³⁸
671 4781 792 4837 Vid.
826 4792 933 4838 aet.
975 4784 1077 4839 Aet
1106 4785 1138 4839 5
1170 4785 1418 4854 septima:
1474 4788 1690 4858 synodi.

2213 4448 2386 4503 μησεν
2410 4433 2438 4484 ὁ
2465 4429 2672 4500 δαίμων
2693 4445 2706 4494 ;

2279 4607 2498 4663 Πολλῶν
2527 4607 2706 4662 τοίνυν
2739 4605 3004 4661 ἀνέκαθεν
3053 4605 3246 4678 ἱερέων
3292 4624 3354 4660 τε
3403 4607 3497 4660 καὶ
3525 4605 3780 4675 βασιλέων

2034 4954 2241 5011 NOTAE
2252 4997 2265 5010 .

598 5036 718 5116 (ll).
756 5036 859 5116 '_E%
911 5038 1011 5093 τοῦ
1043 5043 1491 5116 -ᾼειμῳναρζουη
1521 5043 1747 5100 Pratum
1817 5046 2102 5116 spirituale

533 5107 749 5189 scripsit
772 5107 1014 5189 Joannes
1042 5107 1330 5189 moechus,
1362 5113 1615 5189 illudque
1635 5107 1974 5189 nuncupavit
1994 5118 2102 5189 _So-

527 5177 763 5257 phrenio
795 5177 1066 5257 Sophista
1090 5180 1366 5257 discipulo
1394 5177 1531 5257 suo;
1556 5177 1953 5256 itinerumque,
1992 5187 2102 5257 imo

527 5255 582 5329 et
613 5251 796 5329 operis
829 5251 1000 5329 socio,
1031 5251 1122 5319 qui
1157 5253 1398 5329 posthac
1418 5251 1936 5329 Hierosolymorum
1959 5256 2102 5329 anti-

527 5317 795 5374 stes’fuit.
837 5317 948 5375 Nec
977 5317 1095 5376 earn
1138 5317 1314 5378 solum
1349 5325 1419 5379 ob
1445 5317 1692 5380 causam'
1718 5340 1748 5378 a
1785 5326 1972 5380 multis
2002 5324 2103 5378 So-

527 5387 762 5464 phronio
793 5389 895 5464 ipsi
929 5393 1254 5447 attributum
1287 5403 1404 5461 est;
1441 5395 1534 5448 sed
1577 5395 1819 5464 insuper,
1849 5395 1978 5464 quia
2003 5393 2103 5448 So-

570 5456 966 5539 Inronius'lioe
995 5456 1469 5539 0pus_pub|icum
1506 5456 1834 5539 fecit,_tit_i_n
1866 5456 2097 5539 prologo

580 5539 717 5602 faece
747 5531 1168 5602 qui_toti_operi
1206 5533 1462 5602 przelixus
1499 5543 1602 5596 est,
1636 5531 1999 5602 significatur.
2036 5531 2099 5587 In

526 5591 779 5674 editione:
793 5596 1004 5674 Aloysii
1030 5591 1380 5674 llippo'rnani,
1413 5591 1652 5674 Joannes
1679 5591 1883 5657 dicitur
1905 5620 2095 5672 cogno-

530 5669 701 5716 mento
729 5661 1018 5735 Eviraius;
1041 5661 1249 5726 insulse
1269 5661 1519 5743 prorsus,
1559 5673 1801 5745 illudque
1835 5661 2091 5732 mendum

2201 5049 2401 5118 corrigi
2461 5050 2748 5120 debethex
2804 5051 2964 5120 titulo
3001 5065 3162 5120 quem
3210 5048 3385 5105 edidit
3434 5047 3788 5120 Cotellerius,

2201 5129 2239 5175 t.
2271 5120 2315 5173 ll
2341 5120 2585 5174 Monum.
2639 5118 2843 5190 Eccles.
2873 5118 3044 5176 Graec.
3077 5137 3131 5190 p.
3163 5120 3260 5174 541
3293 5137 3306 5172 :
3360 5119 3469 5172 Τοῦ
3515 5119 3792 5190 μακαρίου

2213 5189 2916 5262 ξΙωάννουίτοῦᾲΕὺκρατᾷ
2966 5188 3182 5262 βίόλος,
3224 5191 3267 5262 νή
3323 5188 3793 5262 ἐπιγεγραμμένη

2198 5259 2442 5331 Λειμὼν,
2473 5261 2562 5313 διὰ
2594 5260 2656 5314 τὸ
2686 5258 2976 5331 πολυανθῆ
3001 5260 3406 5331 βίων-διήγησιν
3432 5258 3542 5327 τῆς
3561 5261 3793 5331 οὐρανο-

2200 5327 2372 5412 πόρου
2403 5331 2650 5412 ῥοδρνιᾶς
2672 5331 2870 5412 ,φέρειν
2890 5345 2902 5359 ·
2927 5327 3085 5412 Beati
3109 5327 3336 5412 {ean-nis
3357 5327 3790 5412 E‘ucratq‘libcr,

2199 5398 2290 5468 qui
2326 5398 2631 5454 inscribitur
2658 5398 2906 5471 Pratum,
2931 5400 3070 5471 quod
3097 5401 3348 5471 [tgridam
3382 5398 3523 5471 {erat
3564 5401 3795 5471 uirorum

2206 5471 2568 5523 narrationem
2616 5469 2839 5524 calcatis
2882 5468 3065 5524 roseti.
3099 5468 3202 5523 ’Ex
3262 5471 3365 5523 hac
3427 5468 3796 5538 inscriptione

2206 5538 2394 5594 Graeca
2422 5540 2672 5594 Latinam
2704 5540 2787 5594 sic.
2821 5540 3100 5595 emendari
3127 5538 3557 5595 deberecenseo
3587 5537 3802 5592 :Joan—

2208 5610 2286 5665 nis
2321 5617 2659 5680 cognomento
2688 5609 2957 5677 Eucrata',
2991 5620 3087 5666 aut
3129 5611 3322 5667 saltem
3363 5607 3614 5662 Encrati.
