3950 6154
233 294 363 359 1281

1322 293 1420 351 DE
1456 285 1912 350 IMAGINIBUS
1942 287 2223 346 ORATIO
2259 289 2304 344 Ι.

3337 286 3474 350 1282

224 405 571 473 Χριστιανοίς
608 401 1022 472 δεδωρημένων,
1067 399 1231 469 σοφίᾳ
1259 415 1319 451 τε
1369 400 1462 451 καὶ
1493 395 1789 465 θεοσεϐείᾳ,

1906 392 2098 456 l'ucrint
2127 410 2154 446 a
2193 393 2303 447 lleo
2341 394 2670 449 Christianis
2712 395 2986 458 concessi,
3021 395 3112 464 qui
3171 395 3475 466 sapientiae,

221 497 316 551 καὶ
343 495 484 564 λόγῳ
512 493 609 545 καὶ
640 492 741 560 βίῳ
772 489 1186 561 διαπρεψάντων
1210 531 1224 555 ,
1263 489 1354 541 καὶ
1384 489 1618 541 συνόδων
1647 486 1795 538 πλεί-

223 604 365 640 στων
385 583 763 654 γεγενημένων
783 581 954 649 ἁγίων
980 581 1073 634 καὶ
1102 580 1475 632 θεοπνεύστων
1512 576 1794 646 Πατέρων,

221 678 274 730 τί
310 677 498 747 μηδεὶς
526 673 700 726 ταῦτα
754 672 887 742 δρᾷν
929 671 1321 741 ὲπεχείρησεν;
1373 671 1472 721 οὐκ
1499 667 1798 737 ἀνεξόμεθα

222 769 348 822 νέαν
388 767 569 820 πίστιν
595 762 961 826 διδάσκεσθαι.
999 781 1017 813 ι
1063 763 1156 814 Ἐκ
1202 761 1311 830 γὰρ
1353 758 1491 812 Σιὼν
1519 757 1800 824 ὲξελεύσευ

217 875 312 912 ται
342 858 371 909 6
406 857 580 924 νόμος,
625 871 643 903 ι
675 849 1029 921 προφητικῶς
1054 849 1160 918 ἐφη
1186 849 1249 901 τὸ
1282 847 1506 918 Πνεῦμα
1531 845 1593 897 τὸ
1621 845 1795 912 ἅγιον,

226 967 245 1000 ι
270 949 363 1000 καὶ
383 946 540 1014 λόγος
567 942 773 1012 Κυρίου
798 939 858 1006 ἐξ
888 940 1266 1010 Ἰερουσαλήμ.
1301 958 1320 991 ι
1358 937 1471 991 Οὐκ
1497 936 1798 1006 ἀνεξόμεθα

223 1040 412 1093 ἄλλοτε
438 1035 571 1090 ἄλλα
595 1035 836 1104 φρονεῖν,
865 1031 962 1084 καὶ
982 1033 1196 1096 καιροῖς
1225 1027 1675 1098 μεταϐάλλεσθαι,
1706 1028 1798 1079 καὶ

221 1131 319 1200 τὴν
351 1128 534 1180 πίστιν
561 1127 673 1186 τοῖς
703 1121 903 1188 ἔξωθεν
951 1122 1166 1188 γέλωτα
1210 1121 1306 1172 καὶ
1347 1119 1598 1186 παίγνιον
1649 1117 1798 1185 γίνε·

221 1221 367 1273 σθαι.
407 1218 522 1270 Οὐκ
562 1212 867 1284 ἀνεξόμεθα
920 1210 1185 1282 βασιλικῷ
1235 1210 1572 1262 ὑποκιὶπτειν
1613 1207 1799 1261 θεσπί-

222 1329 390 1382 σματι
417 1311 514 1380 τὴν
542 1309 607 1362 ὲκ
658 1307 918 1376 Πατέρων
947 1303 1278 1372 πειρωμένῳ
1312 1298 1638 1371 ἀνατρέπειν
1674 1315 1798 1349 συν-

221 1406 430 1472 ήθειαν.
452 1401 525 1453 Οὐ
558 1399 667 1469 γὰρ
697 1395 934 1449 εὐσεϐῶν
965 1394 1225 1464 βασιλέων
1250 1391 1574 1462 ἀνατρέπειν
1601 1389 1798 1459 ἐκκλη-

222 1493 536 1553 σιαστικοὺς
590 1487 847 1558 θεσμοῦς.
885 1486 959 1538 Οὐ
1012 1484 1254 1555 πατρικά
1297 1481 1500 1536 ταῦτα·
1531 1480 1800 1554 λῃστρικὰ

219 1587 330 1655 γὰρ
359 1583 426 1635 τὰ
449 1582 540 1652 βίᾳ
561 1580 657 1634 καὶ
687 1579 745 1634 οὐ
777 1577 958 1631 πειθοί
990 1578 1256 1646 γινόμενα
1275 1591 1288 1604 ·
1319 1574 1412 1627 καὶ
1445 1574 1654 1643 μάρτυς
1687 1573 1799 1642 ἡὲν

233 1676 443 1745 Ἐφέσῳ
464 1674 521 1728 τὸ
538 1671 792 1743 δεύτερον
821 1669 1166 1740 γεγενημένη
1191 1665 1428 1728 σύνοδος,
1456 1664 1616 1732 μέχρι
1640 1661 1799 1730 δεῦρο

219 1737 569 1835 Αῃοντρικὴν
627 1737 929 1833 δεδεγμένη
983 1737 1083 1830 τὴν
1137 1756 1492 1828 ἐπωνυμίαν,
1542 1754 1800 1825 βασιλικῇ
1835 1737 1876 1797 Β

219 1857 365 1927 χειρὶ
388 1853 861 1917 ὲκϐιασθεῖσα,ὃτε
885 1851 1180 1914 Φλαϐιανὸς
1197 1853 1225 1902 ό
1245 1849 1512 1920 μακάριος
1537 1845 1802 1900 ἀπεκτένι-

220 1965 362 2002 νυτο.
401 1946 642 2000 Συνόδων
671 1943 868 2007 ταῦτα,
887 1943 948 1996 οὐ
972 1941 1260 2012 βασιλέων,
1283 1939 1357 2004 ὡς
1383 1939 1411 1991 6
1439 1937 1645 2007 Κύριος
1667 1935 1802 2006 ἔφη-

220 2055 313 2090 σεν
332 2055 347 2068 ο
395 2055 414 2087 ι
452 2037 628 2089 Ὅπου
661 2033 970 2104 συναχθῶσι
1004 2031 1152 2101 δύοῆ
1186 2032 1336 2102 τρεῖς
1359 2029 1453 2082 ἐπὶ
1477 2027 1557 2098 τῷ
1578 2027 1806 2097 ὀνόματί

221 2146 352 2200 μου,
389 2129 507 2180 ἐκεῖ
538 2128 662 2196 εἰμι
709 2127 769 2180 ἐν
799 2125 950 2195 μέσῳ
980 2123 1179 2178 αὐτῶν.
1216 2141 1234 2174 ι
1284 2121 1358 2174 Οὐ
1392 2120 1670 2191 βασιλεῦσι
1709 2115 1806 2171 τοῦ

215 2219 503 2288 δεσμεύειν
529 2219 624 2271 καὶ
644 2216 794 2270 λύειν
824 2217 923 2287 τὴν
963 2215 1214 2280 ἐξουσίαν
1240 2213 1470 2265 δέδωκεν
1494 2214 1521 2265 6
1542 2209 1800 2281 Χριστὸς,

214 2311 330 2365 ἀλλ’
357 2309 697 2372 ἀποστόλοις,
740 2308 834 2360 καὶ
867 2309 982 2369 τοῖς
1005 2305 1211 2358 τούτων
1232 2302 1518 2374 διαδόχοις,
1554 2303 1648 2356 καὶ
1679 2318 1801 2354 ποι-

219 2402 370 2470 μέσι,
401 2401 504 2486 ‘ml.
541 2398 902 2460 διδασκάλοις,
956 2413 974 2446 ι
1007 2395 1125 2448 Κᾶν
1153 2394 1404 2462 ἄγγελος,
1432 2393 1568 2463 φησὶ
1592 2392 1803 2454 Παῦλος

214 2494 243 2545 6
266 2482 599 2555 ἀπόστολος,
625 2489 1048 2558 εὐαγγελίσηται
1078 2487 1224 2554 ὑμᾶς
1259 2485 1390 2555 παρ’
1440 2484 1468 2537 ὃ
1496 2482 1802 2555 παρελάϐε-

215 2601 273 2638 τε
300 2601 312 2613 ο
357 2601 377 2636 ι
405 2584 500 2636 καὶ
524 2583 585 2636 τὸ
607 2583 733 2653 ἑξῆς
770 2577 1184 2649 σιωπησόμεθα,
1208 2575 1400 2644 φειδοῖ,
1425 2576 1525 2644 τὴν
1550 2576 1804 2644 ἐπιστρο-

217 2675 327 2745 φὴν
368 2673 734 2743 ἐκδεχόμενοι.
798 2673 898 2724 Ἂν
940 2670 998 2723 δὲ
1058 2669 1256 2735 ἴδωμεν
1312 2665 1414 2734 τὴν
1467 2665 1803 2734 διαστροφὴν

219 2765 640 2834 ἀνεπίστροφον,
682 2764 819 2833 ὅπερ
849 2762 923 2832 μὴ
956 2761 1030 2830 δῷ
1057 2763 1084 2813 ὁ
1117 2749 1342 2829 Κύριος,
1380 2759 1500 2811 τότε
1531 2759 1804 2828 ἐπάξομεν

222 2857 317 2908 καὶ
346 2855 407 2907 τὸ
432 2855 755 2924 λειπόμενον
779 2871 792 2882 ·
826 2853 963 2905 ἀλλὰ
985 2851 1253 2920 ἁπηύχθω
1283 2849 1461 2901 τοῦτο.

1899 485 2207 552 religionis,
2245 484 2532 546 doctrinm,
2566 487 2883 540 sanctitatis
2928 486 3086 540 laude
3120 487 3475 554 claruerunt;

1900 577 2056 644 plura
2079 575 2207 629 item
2240 575 2471 630 concilia
2497 591 2525 628 a
2545 578 2752 634 sanctis
2775 577 3071 646 divinoque
3099 576 3308 648 Spiritu
3334 579 3481 632 aliia-

1899 667 1970 722 tis
2001 666 2262 720 Patribus
2289 667 2564 721 celebrata
2605 669 2737 734 sint,
2773 669 3040 738 quidnam
3068 684 3251 723 causa:
3283 677 3389 734 est,
3420 679 3481 724 ut

1901 772 2093 812 eorum
2142 771 2304 811 nemo
2361 759 2469 811 tale
2509 759 2640 827 quid
2683 774 2845 829 agere
2892 774 3064 814 ausus
3115 759 3226 813 sit?
3270 757 3478 813 Novam

1900 849 2086 903 doceri
2119 848 2279 902 fidem
2315 849 2631 917 neutiquam
2667 851 2960 917 patiemur.
3004 865 3024 900 ι
3060 848 3135 902 Ex
3170 849 3302 903 Sion
3336 851 3482 902 enim

1903 937 2075 992 exibit
2108 937 2214 994 lex.
2265 945 2317 990 et
2352 938 2578 991 verbum
2624 939 2834 991 Domini
2873 939 2940 992 de
2983 937 3292 994 Jerusalem
3350 940 3417 1002 '9,
3459 959 3478 991 ι

1902 1026 2363 1097 quemadmodum
2413 1043 2510 1096 per
2565 1027 2888 1097 prophetam
2950 1029 3026 1082 ait
3081 1029 3319 1098 Spiritus
3352 1045 3482 1084 san-

1902 1128 2046 1172 ctus.
2067 1117 2180 1172 Non
2199 1120 2607 1173 committemus
2631 1127 2691 1171 ut
2718 1118 2865 1173 aliud
2888 1119 3026 1173 alias
3050 1121 3358 1184 sentiendo,
3382 1137 3483 1191 pro

1903 1220 2212 1280 temporum
2247 1211 2462 1264 ratione
2493 1219 2790 1275 mutemur,
2830 1223 3010 1280 neque
3035 1220 3093 1264 ut
3136 1211 3270 1266 ﬁdes
3296 1221 3486 1266 nostra

1902 1303 2046 1372 apud
2076 1303 2200 1357 illos
2229 1303 2322 1372 qui
2360 1303 2429 1356 ab
2463 1317 2527 1356 ea
2577 1302 2742 1356 alieni
2790 1310 2958 1365 sunt,
2999 1301 3241 1357 ludibrio
3291 1303 3386 1357 ﬁat
3425 1318 3490 1358 ac

1904 1393 2188 1448 derisioni.
2228 1394 2584 1462 Imperatoris
2614 1392 2795 1448 edicto
2824 1394 3202 1463 obtemperari
3232 1409 3344 1449 non
3371 1410 3492 1464 per-

1905 1485 2217 1548 mittemus,
2246 1483 2471 1538 Patrum
2505 1483 2964 1539 consuetudinem
3001 1493 3250 1539 evertere
3285 1499 3493 1538 conan-

1905 1576 1993 1630 tis.
2028 1573 2216 1645 Neque
2246 1576 2392 1629 enim
2425 1574 2812 1644 religiosorum
2855 1573 3025 1628 fuerit
3053 1575 3482 1644 imperatorum,

1904 1667 2313 1722 ecclesiasticas
2338 1666 2650 1720 convellere
2675 1665 3016 1721 sanctiones.
3045 1665 3169 1720 Haec
3203 1676 3490 1734 paternam

1908 1761 2166 1829 pietatem
2222 1773 2337 1812 non
2391 1758 2632 1828 sapiunt.
2687 1758 2822 1812 Nam
2857 1772 2980 1828 qua:
3025 1772 3124 1826 per
3154 1761 3264 1811 vim
3293 1769 3347 1812 et
3379 1773 3491 1812 non

1907 1852 2084 1906 libera
2135 1851 2398 1906 suasione
2445 1856 2757 1920 patrantur,
2809 1849 3141 1918 prmdatoria
3193 1861 3341 1904 sunt.
3373 1848 3492 1902 Hoc

1909 1951 2147 1999 testatur
2189 1941 2471 1998 celebrata
2522 1939 2774 1996 secundo
2815 1941 3011 2010 Ephesi
3053 1939 3320 2010 synodus,
3370 1955 3492 2010 qum.

1910 2035 1978 2090 ad
2035 2033 2177 2089 hanc
2214 2049 2391 2103 usque
2438 2033 2579 2108 diem
2632 2030 2929 2085 Latrocinii
2985 2047 3183 2086 nomen
3242 2033 3489 2098 obtinet;

1909 2126 2114 2196 quippe
2161 2125 2252 2178 cui
2293 2123 2652 2193 imperatoris
2700 2138 2898 2177 manus
2946 2124 3056 2175 vim
3105 2123 3315 2187 intulit,
3365 2139 3491 2179 cum

1907 2219 2104 2273 beatus
2154 2223 2361 2284 martyr
2413 2213 2708 2267 Flavianus
2761 2211 3095 2267 interfectus
3132 2213 3254 2266 fuit.
3285 2212 3386 2267 His
3421 2213 3492 2268 de
3567 2207 3573 2212 ’

1905 2311 2072 2366 rebus
2107 2308 2312 2378 aliquid
2364 2314 2630 2374 statuere,
2669 2320 2780 2360 non
2830 2304 2898 2359 ad
2947 2305 3319 2374 imperatores
3367 2319 3493 2373 spe-

1907 2409 2041 2461 ctat,
2079 2402 2172 2456 sed
2230 2400 2296 2454 ad
2357 2400 2593 2454 concilia
2640 2415 2656 2453 :
2706 2397 3174 2469 quemadmodum
3226 2397 3492 2453 Dominus

1907 2493 1985 2544 ait
2017 2509 2030 2543 :
2076 2511 2094 2542 ι
2131 2489 2234 2545 Ubi
2266 2491 2377 2544 duo
2410 2490 2496 2543 vel
2544 2496 2657 2544 tres
2704 2489 3027 2558 congregati
3061 2487 3267 2543 fuerint
3298 2488 3352 2542 iu
3385 2505 3490 2543 no-

1908 2582 2056 2638 mine
2098 2597 2240 2647 meo,
2280 2581 2354 2635 ibi
2388 2596 2508 2635 sum
2541 2581 2595 2632 in
2631 2579 2814 2634 medio
2843 2580 3063 2633 illorum
3097 2580 3164 2633 ²⁰.
3203 2598 3222 2631 ι
3261 2579 3489 2648 Ligandi

1911 2684 2070 2744 atque
2123 2674 2369 2729 solvendi
2425 2679 2754 2744 potestatem
2820 2687 2928 2726 non
2986 2673 3214 2742 regibus
3264 2673 3492 2726 tradidit

1910 2763 2184 2826 Christus,
2229 2763 2324 2818 sed
2357 2763 2651 2832 apostolis,
2685 2777 2994 2831 eorumque
3042 2764 3488 2830 successoribus,

1913 2862 1964 2907 et
2005 2854 2360 2924 pastoribus,
2405 2860 2573 2922 atque
2629 2853 2957 2907 doctoribus
3010 2854 3078 2907 “.
3117 2872 3134 2904 ι
3178 2853 3336 2908 Licet
3369 2869 3490 2924 vos,

225 2949 409 3017 inquit
438 2947 642 3002 Paulus
687 2943 999 3015 apostolus,
1036 2949 1132 2996 aut
1170 2940 1398 3008 angelus
1445 2941 1789 3010 cvangelizet
1826 2955 2026 3013 praeter
2072 2946 2124 2998 id
2161 2945 2311 3014 quod
2343 2945 2641 3013 accepistis
2665 2945 2749 2998 “z
2791 2963 2811 2995 ι
2850 2945 2994 3014 quod
3037 2946 3291 3016 sequitur
3331 2950 3492 3004 modo

226 3039 534 3095 tacebimus
573 3039 638 3100 ”,
670 3044 960 3108 parcentes
1012 3033 1159 3097 illis,
1195 3047 1430 3103 quorum
1481 3036 1902 3092 conversionem
1934 3039 2242 3107 speramus.
2282 3039 2380 3093 Sin
2449 3048 2656 3105 autem,
2727 3041 2874 3109 quod
2944 3051 3156 3096 avertat
3205 3047 3366 3109 Deus,
3434 3048 3492 3100 in

225 3129 490 3200 Opinione
535 3143 799 3200 perversa
850 3126 1164 3181 obstinatos
1237 3123 1566 3188 viderimus,
1644 3138 1760 3180 tum
1827 3129 2045 3200 reliqua
2104 3131 2611 3201 pronuntiabimus.
2685 3130 2886 3187 Verum
2939 3135 3042 3189 hoc
3092 3150 3159 3190 ne
3207 3137 3490 3206 contingat

226 3236 504 3300 optamus.

298 3367 368 3421 Ei’
401 3382 484 3428 τις
510 3360 742 3416 εἰσέλθοι
769 3359 855 3444 εἰς
892 3354 1061 3420 οἷκον,
1093 3354 1151 3407 ὲν
1181 3347 1226 3421 ᾧ
1273 3351 1564 3444 ζωγράφος
1592 3354 1658 3444 γὲν
1702 3353 1802 3407 τοί.

1991 3353 2148 3420 Quod
2187 3354 2234 3409 si
2267 3354 2393 3425 quis
2425 3353 2650 3408 domum
2692 3354 2998 3425 ingressus,
3032 3355 3192 3424 cujus
3221 3357 3276 3410 in
3303 3359 3490 3426 parie-

228 3476 346 3532 χοις
375 3455 614 3525 ἱστορίαν
632 3442 911 3510 Μωῦσέως
929 3446 1024 3500 καὶ
1043 3443 1244 3516 Φαραὼ
1265 3442 1473 3514 ἔγραψε
1499 3443 1807 3515 χρώμασιν,

228 3546 348 3601 εἶτα
382 3544 649 3616 ἐρωτήσει
676 3538 838 3609 τυχὸν
858 3537 987 3608 περὶ
1009 3537 1140 3597 τῶν,
1166 3535 1240 3598 ὡς
1264 3535 1358 3587 ἐπὶ
1381 3533 1575 3605 ξηρὰν,
1605 3535 1808 3587 διοδευ-

231 3639 444 3692 σὰντων
492 3625 592 3701 τὴν
639 3631 936 3692 θάλασσαν,
971 3626 1126 3689 Τίνες
1168 3619 1313 3678 οὗτοί
1358 3626 1529 3690 εἰσιν;
1563 3625 1628 3678 Τί
1666 3628 1810 3696 ἐρεῖς

229 3723 619 3796 ἐρωτώμενος;
656 3719 776 3788 οὐχ,
803 3718 922 3771 Υἱοὶ
949 3715 1199 3788 Ἰσραήλ;
1231 3715 1328 3776 Τίς
1360 3715 1389 3767 6
1422 3715 1602 3785 ῥάϐδῳ
1635 3716 1810 3770 παίων

227 3816 328 3887 τὴν
356 3815 663 3877 θάλασσαν;
694 3810 831 3880 Οὐχὶ
860 3809 1099 3877 Μωῦσῆς
1124 3822 1138 3870 ;
1162 3803 1348 3868 Οὕτως
1373 3804 1534 3868 εἴτις
1553 3807 1643 3858 τὸν
1672 3807 1810 3875 Χρι-

228 3905 352 3958 στὸν
381 3903 636 3958 εἰκονίσει
659 3899 1080 3971 σταυρούμενον,
1113 3897 1207 3949 καὶ
1237 3895 1510 3967 ὲρωτηθῇ,
1531 3896 1626 3958 Τίς
1654 3889 1808 3960 οὗτός

225 3995 375 4048 ἐστιν
401 4011 416 4059 ;
457 3990 694 4061 Χριστὸς
719 3991 747 4041 ὁ
770 3987 922 4053 Θεὸς,
962 3987 1096 4056 ἐρεῖ,
1127 3987 1155 4037 ὁ
1185 3984 1253 4036 δι’
1283 3984 1433 4054 ἡμᾶς
1478 3984 1806 4054 σαρκωθείς.

224 4082 359 4146 Ναὶ,
385 4083 652 4144 Δέσποτα,
685 4075 1104 4149 προσκυνοῦμεν
1125 4073 1303 4128 πάντα
1325 4073 1394 4127 τὰ
1424 4073 1513 4138 σὰ,
1541 4075 1633 4129 καὶ
1658 4075 1808 4144 πόθῳ

226 4174 420 4228 ὲκκαεῖ
456 4169 964 4244 περιπτυσσόμεθα,
1005 4167 1108 4238 τὴν
1137 4166 1399 4237 Θεότητα,
1428 4166 1527 4237 τὴν
1553 4167 1804 4238 δύναμιν,

224 4261 326 4331 τὴν
354 4261 688 4331 ἀγαθότητα,
723 4259 814 4311 τὸν
840 4257 970 4328 περὶ
1005 4257 1153 4328 ἡμᾶς
1198 4254 1366 4321 ἔλεον,
1401 4253 1501 4326 τὴν
1531 4255 1806 4323 συγκατά-

228 4350 409 4416 ϐασιν,
439 4351 539 4422 τὴν
590 4350 900 4420 σάρκωσιν*
927 4347 1021 4400 καὶ
1060 4345 1250 4418 ὥσπερ
1298 4346 1536 4417 ἅψασθαι
1582 4346 1802 4417 σιδήρου

1914 3444 2063 3498 tibus
2111 3443 2316 3515 Moysis
2365 3452 2418 3500 et
2477 3444 2788 3501 Pharaonis
2819 3446 3122 3512 ,historiam
3174 3447 3354 3516 pictor
3389 3450 3490 3505 de—

1913 3533 2218 3603 scripserit,
2275 3532 2417 3588 forte
2455 3542 2692 3604 qumrar,
2729 3535 2954 3605 quinam
3014 3536 3048 3590 ii
3080 3536 3212 3601 sint,
3245 3538 3340 3608 qui
3392 3554 3490 3609 per

1913 3641 2086 3689 mare,
2117 3641 2181 3680 ac
2214 3626 2260 3681 si
2306 3641 2403 3696 per
2453 3627 2663 3680 aridam
2711 3634 2918 3682 terram
2980 3629 3322 3698 incederent,
3381 3631 3490 3686 iter

1914 3717 2180 3772 fecerunt.
2217 3718 2360 3784 Quid
2394 3719 2462 3772 ad
2499 3719 2612 3773 haec
2636 3720 3038 3789 respondebis?
3065 3720 3260 3776 Nonne
3293 3721 3347 3775 hi
3386 3723 3484 3776 lilii

1912 3817 2043 3863 sunt
2071 3809 2281 3864 Israel?
2310 3808 2514 3879 Ecquis
2556 3809 2649 3863 ille
2677 3809 2769 3879 qui
2803 3810 2957 3880 virga
3005 3810 3243 3880 percutit
3294 3812 3492 3866 mare?

1908 3897 2103 3954 Nonne
2153 3897 2362 3964 audiet,
2429 3898 2684 3970 Moyses?
2720 3899 3007 3955 Consimili
3058 3902 3244 3967 modo,
3279 3903 3330 3958 si
3363 3903 3490 3973 quis

1910 3991 2194 4047 Christum
2230 3992 2454 4047 aﬂixum
2486 3996 2644 4049 cruci
2680 3993 2947 4064 pinxerit,
2979 4002 3374 4064 quaeraturque
3420 3995 3490 4048 ab

1908 4097 1976 4136 eo
2008 4083 2262 4154 quisnam
2301 4084 2394 4139 ille
2414 4085 2538 4140 est?
2571 4083 2768 4141 Nonne
2794 4086 3160 4155 respondebit
3186 4105 3198 4140 :
3229 4086 3489 4140 Christus

1910 4172 2057 4229 Deus
2111 4173 2286 4228 nostri
2338 4174 2515 4245 gratia
2567 4176 2934 4231 incarnatus?
2982 4175 3485 4242 Etiam,.Domine,

1908 4264 2092 4318 omnia
2118 4273 2358 4335 quietua
2389 4275 2538 4333 sunt,
2565 4268 2886 4330 adoramus,
2931 4268 3260 4338 ardentique
3290 4269 3487 4324 aﬂ'eetu

1907 4351 2175 4429 Deitatem
2225 4365 2400 4422 tuam,
2430 4358 2758 4426 potentiam,
2795 4357 3120 4420 bonitatem,
3161 4358 3488 4414 misericor-

225 4442 734 4514 πεπυρακτωμένον
764 4439 1102 4512 δεδοίκαμεν,
1139 4441 1199 4493 οὐ
1223 4439 1311 4493 διὰ
1339 4438 1436 4510 τὴν
1457 4437 1552 4492 τοῦ
1583 4439 1803 4511 σιδήρου

226 4532 408 4601 φύσιν,
445 4533 580 4586 ἀλλὰ
621 4529 711 4584 διὰ
749 4529 811 4584 τὸ
835 4531 1112 4602 ἡνωμένον
1157 4529 1306 4600 αὐτῷ
1345 4529 1496 4600 πῦρ,
1531 4527 1676 4583 οῦτω
1704 4529 1805 4600 τὴν

1906 4444 2053 4500 diam
2082 4461 2211 4517 erga
2243 4461 2366 4511 nos,
2395 4447 2743 4511 descensum,
2777 4455 2831 4502 et
2862 4448 3299 4504 incarnationem
3331 4465 3486 4505 com-

1907 4537 2203 4606 plectimur
2262 4552 2277 4591 :
2335 4544 2389 4592 et
2444 4537 2908 4607 quemadmodum
2973 4537 3181 4594 ferrum
3249 4541 3486 4612 ignitum

225 4625 405 4696 σάρκα
436 4624 536 4696 τὴν
571 4623 669 4693 σὴν
703 4620 1017 4692 προσκυνῶ,
1057 4621 1117 4672 οὐ
1172 4620 1260 4672 διὰ
1305 4620 1404 4690 τὴν
1446 4619 1548 4688 τῆς
1600 4619 1802 4690 σαρκὸς

1906 4629 2226 4700 contingere
2248 4643 2530 4695 veremur,
2565 4645 2674 4684 non
2705 4639 2931 4700 propter
2956 4631 3120 4702 330
3153 4632 3286 4686 ferri
3321 4639 3486 4688 natu-

224 4695 408 4783 φύσιν,
448 4695 587 4769 ἀλλά
611 4713 699 4768 διὰ
729 4713 827 4783 τὴν
857 4711 978 4765 καθ’
1011 4711 1311 4765 ὑπόστασιν
1341 4710 1627 4780 ἡνωμένην
1659 4710 1797 4780 αὐτῇ

1906 4734 2044 4786 ram,
2096 4695 2194 4776 sed
2247 4728 2474 4792 propter
2524 4695 2745 4793 ignem,
2782 4695 2876 4793 qui
2924 4695 3347 4794 fe'rr‘ovjunctus
3374 4734 3483 4790 est,

152 4787 200 4825 ἦ
223 4804 472 4876 θεότητα.
509 4804 934 4877 Προσκυνοῦμέν
970 4819 1064 4856 σου
1104 4803 1174 4856 τὰ
1212 4800 1383 4871 πάθη.
1423 4801 1519 4865 Τίς
1565 4796 1672 4855 εϊδε
1701 4801 1800 4855 θά-

1906 4811 2090 4866 eadem
2127 4811 2343 4866 ratione
2377 4825 2600 4868 carnem
2629 4820 2782 4868 tuam
2813 4812 3009 4880 adoro,
3046 4829 3158 4869 non
3202 4815 3274 4870 ob
3298 4816 3483 4871 carnis

221 4909 380 4949 νατον
412 4896 925 4969 προσκυνούμενον;
955 4893 1040 4958 τίς
1063 4893 1211 4966 πάθη
1238 4893 1445 4960 σεπτά;
1485 4893 1601 4946 ἀλλ’
1632 4892 1800 4957 ὅντως

1906 4910 2177 4966 naturam,
2221 4902 2318 4957 sed
2354 4909 2578 4972 propter
2617 4903 2994 4970 divinitatem,
3037 4920 3160 4975 quae
3210 4921 3334 4961 cum
3390 4907 3483 4960 illa

223 4989 635 5059 προσκυνοῦμεν
660 4988 752 5042 τὸν
783 4985 877 5042 τοῦ
911 4986 1046 5041 Θεοῦ
1072 5003 1172 5058 μου
1203 4986 1514 5055 σωματικὸν
1546 4985 1796 5046 θάνατον,

1906 4993 2207 5052 secundum
2230 4994 2578 5065 hypostasim
2613 4995 2807 5065 juncta
2843 5003 2952 5052 est.
2981 4994 3304 5052 Passionem
3329 5005 3479 5049 tuam

222 5073 317 5124 καὶ
335 5075 404 5128 τὰ
431 5080 674 5149 σωτήρια
695 5077 874 5148 πάθη·
902 5076 1213 5149 προσκυνοῦ
1222 5077 1320 5148 μέν
1350 5093 1444 5128 σου
1465 5075 1563 5149 τὴν
1588 5078 1795 5131 εἰκόνα·

1906 5082 2221 5140 adoramus.
2277 5084 2413 5150 Quis
2465 5100 2712 5156 unquam
2765 5095 2996 5143 mortem
3035 5086 3178 5141 vidit
3225 5086 3482 5140 adorari?

223 5162 402 5218 πάντα
423 5169 490 5221 τὰ
518 5169 610 5220 σοῦ
643 5169 1058 5240 προσκυνοῦμεν
1080 5184 1094 5200 ⁶
1124 5169 1252 5231 τοῦς
1283 5167 1639 5240 θεράποντας,
1671 5168 1799 5230 τοὺς

1907 5169 2043 5235 Quis
2081 5176 2367 5232 cruciatus
2407 5175 2604 5246 dignos
2644 5179 2796 5233 cultu
2836 5177 3090 5234 censuit?
3135 5177 3246 5231 Nos
3293 5184 3478 5231 tamen

223 5254 434 5322 φίλους,
475 5258 571 5311 καὶ
604 5259 711 5327 πρὸ
732 5259 939 5314 τούτων
966 5259 1066 5330 τὴν
1101 5259 1336 5329 Μητέρα
1367 5257 1468 5330 τὴν
1511 5257 1795 5310 Θεοτόκον.

1907 5265 2253 5334 corporalem
2303 5265 2399 5322 Dei
2451 5269 2557 5324 mei
2601 5279 2856 5334 mortem,
2906 5268 3317 5336 salutaremque
3350 5281 3480 5335 pas-

221 5345 432 5400 sionem
466 5363 596 5403 vere
631 5347 948 5404 adoramus.
977 5349 1286 5404 Adoramus
1317 5349 1636 5419 imaginem,
1666 5349 1961 5408 adoramus
1991 5357 2176 5411 omnia
2206 5373 2328 5427 quae
2366 5367 2460 5414 tua
2526 5371 2676 5422 sunt,
2746 5359 3054 5422 ministros,
3117 5359 3348 5426 amicos,
3413 5373 3478 5413 ac

213 5451 328 5504 prae
366 5439 590 5497 ceteris
621 5438 866 5505 divinam
901 5439 1128 5495 Matrem
1159 5448 1335 5494 tuam.

294 5617 338 5649 "
378 5615 488 5674 lsa.
556 5633 614 5684 ιι,
648 5616 703 5671 5.
802 5614 847 5647 ⁸ο
876 5613 1069 5669 Matth.
1109 5631 1266 5680 xvm,
1297 5617 1389 5674 20.

1491 5618 1533 5648 ²¹
1588 5615 1718 5670 ibid.
1754 5616 1802 5671 ιε

1919 5618 1963 5650 ³²
1989 5617 2147 5673 Galat
2184 5635 2221 5683 I,
2248 5618 2300 5684 8,
2333 5619 2384 5675 9.
2461 5621 2505 5652 ³³
2539 5592 2802 5673 Ῠὶιιοιὶιοι
2857 5615 3150 5670 Anatltema
3195 5617 3291 5671 sit.
