4074 6146
531 331 667 396 1233

1723 319 1784 378 S.
1823 316 2062 380 JOANN
2073 317 2144 377 IS
2181 314 2613 381 DAMASCENI

3626 311 3766 375 1234

599 438 971 494 Obsecramus
1030 433 1215 503 itaque
1273 427 1367 484 Dei
1421 427 1654 499 plebem,
1705 430 1926 496 gentem
1973 441 2103 480 san.
2131 433 2151 488 1

2263 424 2641 494 -Δυσωποῦμεν
2659 421 2716 476 δὲ
2741 421 2835 476 καὶ
2855 419 2948 475 τδν
2969 418 3062 474 τοῦ
3092 418 3226 472 Θεοῦ
3259 418 3411 486 λαὸν,
3449 418 3511 472 τὸ
3530 417 3681 484 ἔθνος
3708 426 3772 476 τὸ

529 539 699 593 ctam,
756 535 815 581 ut
861 522 1258 582 ecclesiasticis
1311 519 1586 576 institutis
1621 517 1872 588 pressius
1914 517 2098 570 adhae-

531 627 733 684 rescat.
759 614 1074 670 Priscarum
1097 612 1243 668 enim
1278 610 1562 682 abrogatio
1588 607 1944 662 traditionum
1977 621 2103 660 sen-

2203 516 2380 584 ἅγιον,
2408 514 2517 568 τῶν
2549 511 3014 584 ὲκκλησιαστικῶν
3046 509 3362 580 ἀντέχεσθαι
3397 509 3769 582 παραδόσεων.

2215 605 2280 658 Ἦ
2310 603 2420 675 γὰρ
2476 603 2616 658 κατὰ
2665 601 2897 672 σμικρὸν
2947 601 3056 657 τῶν
3103 598 3550 670 παραδεδομένων
3608 601 3773 670 ἀφαίο

529 711 637 765 sim
693 706 1035 771 introducta,
1086 715 1350 775 tanquam
1389 701 1436 757 si
1477 702 1546 756 ab
1573 699 1806 755 mdilicio
1841 698 2101 768 paulatim

2226 711 2378 759 ιεσις,
2426 694 2504 758 ὡς
2551 692 2611 760 ἐξ
2640 691 2932 762 οἰκοδομῆς
2972 691 3156 754 λίθων,
3194 689 3388 744 οᾶττον
3427 688 3646 745 ἃπασαν
3676 692 3776 762 τὴν

529 799 932 855 subtrahantur
985 795 1246 865 lapides,
1297 799 1638 849 structuram
1713 803 1936 844 omnem
1989 787 2105 841 cito

2226 785 2492 857 ιίκοδομὴν
2544 783 3011 855 καταρῤήγνυσιν.
3069 780 3170 852 Εἴη
3204 779 3263 833 δὲ
3302 781 3454 850 ἡμᾶς
3506 780 3774 853 ἑδραίους,

528 890 720 950 diruit.
759 887 918 942 Faxit
966 887 1114 942 Deus
1164 894 1223 939 ut
1272 883 1451 948 firmi,
1495 882 1725 937 stabiles
1769 888 1825 934 et
1887 876 2102 934 immoti

2226 879 2508 948 ικαμπείς,
2538 874 2866 943 ἀκλονήτους
2893 871 3189 941 διαμένειν,
3223 870 3318 924 ἐπὶ
3345 870 3548 942 πέτραν
3573 871 3778 940 ὀχυρὰν

533 998 880 1046 maneamus,
932 994 1102 1050 supra
1157 978 1373 1031 ﬁrmam
1433 982 1644 1044 petram
1701 970 1940 1034 fundati,
1981 983 2103 1041 qua:

2226 965 2803 1038 ιστηριγμένους,ῆτις
2824 963 2970 1018 ἐστὶν
3003 963 3032 1018 ὁ
3063 961 3318 1034 Χριστὸς,
3338 955 3383 1030 ᾧ
3411 962 3610 1032 πρέπει
3627 962 3774 1027 δόξα,

531 1081 791 1136 Christus
829 1085 917 1132 est
946 1093 960 1129 :
994 1087 1157 1145 quem
1192 1071 1353 1126 decet
1402 1069 1599 1139 gloria,
1636 1066 1812 1120 honor
1865 1071 1920 1120 et
1969 1063 2105 1118 ado-

2211 1056 2306 1110 καί
2333 1055 2488 1126 τιμὴ,
2552 1055 2647 1109 καὶ
2676 1051 3067 1124 προσκύνησις,
3116 1051 3214 1106 σὺν
3255 1051 3333 1122 τῷ
3363 1053 3539 1126 Πατρὶ
3576 1054 3668 1106 καὶ
3698 1051 3779 1122 τῷ

532 1173 674 1226 ratio
707 1185 831 1224 cum
879 1142 1042 1221 Patre
1091 1172 1146 1220 et
1199 1162 1409 1232 Spiritu
1457 1167 1671 1224 sancto,
1708 1171 1877 1220 nunc,
1913 1163 1969 1210 et
2007 1168 2106 1226 per

2226 1147 2511 1217 Πνεύματι,
2541 1144 2638 1199 νῦν
2672 1145 2767 1198 καὶ
2809 1144 2916 1208 ἀεὶ,
2945 1144 3025 1207 είς
3054 1143 3182 1207 τοὺς
3214 1142 3555 1215 ἀπεράντους
3579 1143 3781 1207 αἰῶνας

533 1262 748 1317 inﬁnita
781 1258 979 1315 saecula
1007 1255 1358 1311 saeculorum.
1387 1253 1584 1305 Amen.

2209 1239 2318 1294 τῶν
2340 1236 2568 1292 αἰώνων.
2605 1236 2798 1308 ’Δμήν.

539 1414 2994 1460 _____________________________________

963 1581 1192 1668 TOY
1267 1560 1602 1664 AI‘IOY
1672 1521 2176 1660 ΙΩΑΝΝΟΥ
2246 1567 2476 1654 ΤΟΥ
2550 1564 3364 1660 ΔΑΜΑΣΚΗΝΟΥ

1844 1752 2061 1806 ΛΟΓΟΣ
2124 1748 2480 1804 ΔΕΥΤΕΡΟΣ

1347 1917 1538 1970 ΠΡΟΣ
1579 1915 1766 1972 ΤΟΥΣ
1795 1909 2340 1973 ΔΙΔΒΔΛΛΟΝΤΑΣ
2363 1907 2596 1965 ΔΓΙΔΣ
2654 1903 2980 1963 ΕικοΝΔΣ.

1241 2243 1364 2356 S.
1501 2238 2128 2360 .JOANNIS
2282 2236 3037 2354 DAMASCEN
3053 2237 3096 2350 Ι

2001 2459 2261 2518 ORATIO
2300 2461 2346 2516 ll

1131 2623 1527 2691 ADVERSUS
1577 2622 1720 2683 EOS
1774 2620 1910 2696 QUI
1983 2619 2268 2682 SACRAS
2345 2618 2720 2682 IMAGINES
2785 2615 3210 2684 ABJICIUNT.

621 2922 675 2977 l.
709 2918 969 2978 Poscenti
1016 2916 1234 2975 veniam
1269 2915 1563 2987 ignoscite,
1597 2916 1808 2976 domini
1839 2918 1971 2984 mei,
1996 2926 2052 2974 et
2087 2933 2119 2973 a

2289 2915 2361 2972 α’.
2401 2915 2533 2971 Δότε
2561 2916 2896 2987 συγγνώμην
2945 2914 3207 2978 αἰτοῦντι,
3255 2913 3515 2968 δεσπόται
3545 2929 3671 2982 μου,
3701 2912 3800 2967 καί

551 3027 642 3068 me
670 3011 851 3066 inutili
881 3009 1220 3078 minimoque
1248 3005 1345 3062 Dei
1381 3007 1590 3066 famulo
1616 3009 1999 3080 explicatioris
2030 3025 2122 3065 ve-

553 3102 736 3158 ritatis
763 3100 929 3155 verba
964 3097 1250 3168 suscipite.
1295 3097 1416 3154 Non
1443 3099 1589 3154 enim
1629 3101 1817 3171 gloria
1841 3101 2126 3172 captanda

552 3194 757 3260 studio,
789 3193 895 3256 vel,
923 3200 981 3248 ut
1003 3191 1211 3263 aliquid
1239 3207 1364 3248 esse
1388 3192 1579 3248 videar
1597 3192 1768 3263 (Deus
1805 3193 1964 3248 testis
1993 3193 2122 3263 est),

553 3282 650 3338 sed
683 3281 930 3337 veritatis
967 3294 1237 3336 accensus
1268 3280 1386 3335 zelo
1407 3319 1424 3347 ,
1457 3281 1524 3334 ad
1554 3280 1851 3336 dicendum
1891 3280 2120 3336 accessi.

553 3373 613 3429 In
650 3375 754 3442 hoc
776 3373 924 3428 enim
958 3371 1155 3428 salutis
1181 3385 1313 3426 meae
1334 3386 1485 3442 spem
1510 3371 1796 3435 collocavi,
1824 3379 1879 3426 et
1909 3385 2035 3426 cum
2060 3385 2126 3426 eo

553 3465 774 3520 obviam
814 3479 902 3518 me
936 3462 1160 3518 Christo
1196 3461 1433 3517 Domino
1477 3462 1683 3517 iturum
1715 3476 1902 3534 spero,
1930 3462 2127 3517 arden-

554 3557 717 3624 tique
753 3569 984 3625 prorsus
1012 3553 1198 3610 studio
1237 3554 1533 3622 desidero;
1575 3570 1749 3610 meam
1779 3554 1924 3608 hanc
1953 3568 2126 3608 aemu-

555 3643 818 3698 lationem
855 3643 959 3714 ipsi
1003 3642 1246 3698 oll'crens
1281 3643 1334 3696 in
1371 3644 1741 3713 expiationem
1777 3658 1970 3699 eorum
2001 3657 2126 3714 qua

556 3731 747 3803 inique
798 3735 904 3804 egi.
951 3730 1089 3788 Nam
1132 3733 1232 3804 qui
1278 3747 1309 3786 a
1361 3732 1596 3789 Domino
1639 3734 1886 3806 quinque
1917 3735 2125 3788 talenta

557 3831 866 3895 acceperat,
895 3825 1002 3878 alia
1035 3825 1285 3895 quinque
1334 3840 1459 3897 qua:
1501 3825 1750 3882 lucratus
1787 3826 1991 3892 fuerat,
2023 3827 2125 3882 ob-

557 3916 684 3970 tulit
704 3914 754 3950 ²⁸
781 3932 798 3983 ;
827 3922 882 3970 et
913 3915 1010 3984 qui
1043 3915 1175 3982 duo,
1201 3917 1466 3985 totidem;
1489 3917 1583 3989 qui
1606 3932 1737 3974 vero
1771 3931 1940 3972 unum
1962 3930 2127 3974 acce-

555 4013 732 4077 perat,
756 4019 890 4060 cum
913 4003 1046 4059 illud
1067 4005 1216 4074 quod
1249 4005 1318 4059 in‘
1334 4016 1539 4061 terram
1572 4005 1802 4070 foderat,
1826 4007 1946 4062 sine
1974 4023 2128 4064 emo-

556 4097 804 4152 lumento
841 4094 1186 4166 protulisset,
1221 4110 1415 4150 servus
1446 4095 1624 4152 malus
1657 4095 1914 4163 audiens,
1950 4099 2006 4152 in
2031 4113 2130 4153 ex-

553 4187 790 4244 teriores
823 4185 1078 4271 tenebras
1113 4185 1374 4240 detrusus
1415 4193 1522 4241 est.
1558 4185 1726 4257 Atqui
1773 4187 1829 4242 id
1879 4189 2128 4259 quidem,

2222 3009 2447 3077 δέξασθε
2475 3007 2849 3080 πληροφορίας
2891 3007 3070 3076 λόγον,
3115 3005 3247 3076 παρ’
3270 3004 3406 3076 ἐμοῦ
3451 3003 3547 3058 τοῦ
3575 3003 3799 3076 ἀχρείου

2224 3105 2322 3158 καὶ
2348 3101 2632 3173 ἐλαχίστου
2664 3099 2851 3154 δούλου
2879 3102 2979 3170 τῆς
3007 3098 3102 3152 τοῦ
3133 3097 3267 3152 Θεοῦ
3319 3095 3666 3167 Ἐκκλησίας.
3719 3098 3800 3152 Uti

2224 3195 2334 3266 γὰρ
2362 3191 2519 3264 δόξης
2545 3191 2751 3256 ἕνεκεν,
2771 3191 2806 3262 ἢ
2837 3188 3221 3260 φανητιασμοῦ
3241 3188 3379 3260 πρὸς
3402 3187 3466 3241 τὸ
3487 3188 3664 3257 λέγειν
3691 3186 3805 3259 69-

2229 3301 2380 3356 μησα
2401 3300 2416 3316 ο
2438 3279 2570 3347 Θεὸς
2597 3283 2806 3355 μάρτυς
2825 3298 2840 3313 ο
2869 3280 3004 3336 ἀλλὰ
3022 3280 3169 3351 ζήλῳ
3194 3279 3478 3354 ἀληθείας.
3500 3279 3674 3333 Αὐτὸν
3690 3279 3803 3350 γὰρ

2229 3380 2391 3450 μόνον
2426 3374 2617 3429 ἐλπίδα
2665 3373 2941 3445 σωτηρίας
2999 3371 3295 3442 κέκτημαι,
3358 3372 3456 3426 καί
3501 3371 3601 3425 σὺν
3649 3371 3802 3444 αύτῷ

2225 3469 2532 3539 ὑπαντῆσαι
2557 3457 2634 3538 τῷ
2655 3465 2898 3535 Δεσπότῃ
2927 3462 3168 3536 Χριστῷ,
3190 3462 3399 3528 ἐλπίζω
3418 3463 3515 3519 καὶ
3545 3463 3800 3535 εὔχομαι,

2224 3558 2414 3613 τοῦτον
2442 3554 2592 3626 αὑτῷ
2639 3553 2984 3625 προσφέρων,
3028 3551 3138 3606 τῶν
3175 3553 3397 3620 ἀτόπως
3431 3570 3522 3623 μοι
3547 3554 3805 3626 πεπλημο

2229 3648 2552 3724 μελημένων
2582 3645 2836 3716 γενέσθαι
2865 3644 3127 3714 ὲξίλασμα
3149 3661 3164 3675 ·
3197 3646 3226 3698 ὁ
3258 3645 3358 3715 μὲν
3389 3647 3496 3716 γὰρ
3531 3644 3600 3699 τὰ
3635 3646 3799 3701 πέντε

2225 3741 2463 3796 τάλαντα
2486 3737 2637 3811 παρὰ
2655 3735 2751 3791 τοῦ
2777 3735 3047 3790 Δεσπότου
3065 3732 3268 3798 λαϐὼν,
3303 3733 3463 3803 ἔτερα
3484 3733 3643 3786 πέντε
3678 3750 3803 3804 κερο

2225 3832 2413 3903 δήσας,
2445 3829 2786 3903 προσήγαγεο
2814 3826 2909 3882 καὶ
2936 3827 2964 3879 ὁ
2990 3823 3061 3878 τὰ
3081 3823 3196 3890 δύο,
3233 3822 3486 3894 ἰσάριθμα
3511 3822 3623 3874 δύο.
3641 3822 3701 3874 ⁸0
3735 3821 3796 3878 δὲ

2225 3925 2288 3991 τὸ
2311 3923 2369 3979 ἒν
2381 3921 2640 3994 εἰληφὼς,
2691 3917 3012 3991 κατορύξας,
3040 3917 3135 3971 καὶ
3159 3917 3388 3986 ἄκαρπον
3437 3911 3795 3982 τοῦτονπροσ-

2227 4012 2474 4086 αγαγὼν,
2524 4011 2758 4084 πονηρὸς
2786 4010 2970 4075 δοῦλος
3007 4007 3264 4074 ἀκούσας,
3296 4005 3373 4068 εἰς
3413 4004 3472 4058 τὺ
3523 4001 3796 4075 ἐξώτερον

2228 4105 2622 4176 κατακέκριται
2645 4103 2858 4168 σκότος.
2893 4102 3071 4172 Ὅπερ
3109 4098 3220 4170 ἐγὼ
3253 4099 3331 4170 μὴ
3360 4097 3548 4164 παθεῖν
3578 4096 3801 4169 ὑφορώ-

2233 4215 2393 4272 μενος
2421 4196 2500 4268 τῷ
2554 4193 2866 4265 Δεσποτικῷ
2913 4193 3122 4248 ὑπείκω
3174 4189 3581 4261 προστάγματι,
3613 4188 3709 4242 καὶ
3742 4187 3802 4241 τδ

554 4293 626 4335 ue
653 4278 789 4334 mihi
837 4264 1186 4349 contingeret
1215 4277 1452 4344 veritus,
1491 4277 1708 4334 Domini
1750 4278 1928 4350 jussis
1955 4280 2122 4337 obse-

2229 4264 2510 4357 δεδομένον
2557 4301 2650 4354 μοι
2673 4283 2806 4355 παρ’
2829 4264 2996 4338 αὑτοῦ
3023 4280 3309 4350 τοῦλόγου
3338 4279 3631 4342 τάλαντον,
3673 4279 3800 4348 ὑμῖν

555 4383 718 4439 quor,
749 4377 802 4424 et
840 4368 1119 4425 sermonis
1172 4368 1441 4423 talentum
1500 4369 1647 4440 quod
1703 4371 1841 4426 mihi
1893 4371 1963 4427 ab
2008 4371 2131 4443 ipso

553 4461 912 4517 commissum
958 4469 1064 4527 est,
1116 4461 1262 4532 apud
1317 4475 1418 4519 vos
1466 4462 1766 4532 prudentes
1815 4465 2132 4522 mensarios

553 4549 797 4620 depono,
839 4558 900 4605 ut
929 4565 1056 4606 cum
1103 4549 1368 4607 Dominus
1414 4567 1571 4608 meus
1611 4554 1918 4622 advenerit,
1958 4556 2132 4611 multo

554 4637 694 4692 illud
744 4637 1057 4700 animarum
1117 4638 1308 4696 fenore
1329 4649 1552 4696 auctum
1581 4683 1598 4710 ,
1658 4659 1857 4715 meque
1913 4645 2130 4701 ﬁdelem

557 4741 781 4787 servum
814 4727 1075 4796 inveniat,
1101 4739 1157 4784 et
1181 4731 1237 4786 in
1260 4733 1669 4801 optatissimum
1699 4735 2128 4806 suavissimum-

560 4833 670 4887 que
700 4818 964 4887 gaudium
996 4835 1159 4875 suum
1195 4823 1536 4880 introducat.
1562 4824 1694 4881 Mihi
1725 4829 1916 4898 itaque
1947 4836 2131 4884 atten~

560 4915 646 4963 tas
673 4923 836 4963 aures
865 4910 1099 4979 praebete
1131 4929 1145 4966 :
1179 4916 1441 4984 expansis
1472 4919 1724 4972 cordium
1755 4919 1980 4985 mensis,
2012 4935 2130 4975 ser-

561 5011 778 5052 nionem
803 5013 984 5053 meum
1022 5002 1280 5071 excipite,
1307 5006 1714 5078 verborumque
1740 5025 1985 5064 meorum
2019 5011 2127 5066 vim

560 5101 718 5156 aequo
750 5087 1077 5160 sinceroque
1106 5093 1291 5149 animo
1327 5103 1576 5164 pensate.
1622 5097 1767 5164 Quin
1810 5107 1868 5154 ut
1894 5100 2125 5156 alteram

559 5174 705 5232 hanc
756 5193 856 5248 pro
912 5180 1244 5254 imaginibus
1292 5185 1743 5244 dissertatiouem
1803 5189 2123 5254 scriberem,

558 5264 696 5320 mihi
724 5283 1118 5338 suggesserunt
1134 5274 1356 5343 quidam
1383 5275 1646 5331 Ecclesiae
1675 5278 1770 5331 lilii
1801 5284 1855 5332 et
1880 5278 2123 5344 alumni;

559 5355 689 5422 quia
716 5355 1132 5428 intelligentiam
1165 5363 1367 5432 prioris
1397 5366 1556 5420 multi
1583 5368 1720 5423 satis
1753 5368 1995 5423 assecuti
2016 5384 2126 5424 non

561 5452 764 5496 essent.
801 5442 1166 5520 Quamobrem
1213 5451 1318 5506 hoc
1351 5454 1483 5506 item
1531 5454 1666 5510 mihi
1705 5455 1869 5512 velim
1915 5454 2126 5512 condo-

567 5535 712 5594 nate,
743 5531 1066 5590 obedientiae
1096 5539 1287 5595 munia
1314 5541 1566 5596 obeunti.

637 5679 682 5710 ²⁶
711 5678 900 5737 Matth.
925 5702 1052 5758 xxv,
1075 5692 1168 5746 20.

2227 4374 2576 4453 παρατίθημι
2594 4377 2704 4437 τοῖς
2736 4374 3019 4445 φρονίμὸις
3039 4369 3426 4444 τραπεζίταις·
3461 4371 3610 4432 ὅπως
3636 4357 3802 4434 ἐλθὼν

2226 4470 2256 4523 ὁ
2288 4467 2492 4538 Κύριός
2521 4483 2647 4538 μου,
2689 4465 2839 4538 εὖροι
2866 4464 3446 4534 πολυπλασιαζόμενον
3465 4502 3482 4527 ,
3513 4462 3606 4516 καὶ
3646 4461 3803 4514 τόκον

2227 4557 2610 4633 καρποφοροῦν
2642 4557 2852 4628 ψυχῶν,
2879 4558 2974 4613 καὶ
3015 4556 3201 4609 δοῦλον
3241 4554 3435 4616 πιστὸν
3466 4550 3663 4623 εὑρὼν,
3690 4551 3804 4602 εἱσ-

2229 4650 2412 4719 αγάγῃ
2445 4664 2514 4719 με
2551 4649 2633 4714 εἰς
2650 4647 2748 4717 τὴν
2783 4645 3174 4718 πεποθημένην
3211 4660 3301 4716 μοι
3335 4641 3680 4712 γλυκυτάτην
3708 4654 3810 4708 χα-

2235 4741 2334 4811 ρὰν
2373 4737 2560 4806 αὑτοῦ.
2614 4738 2773 4794 Ἀλλὰ
2815 4737 2936 4804 δότε
2968 4753 3059 4814 μοι
3095 4730 3190 4800 οὖς
3219 4734 3559 4806 ἀκροάσεως,
3583 4730 3678 4782 καὶ
3705 4727 3812 4790 τὰς

2231 4830 2506 4903 τραπέζας
2526 4829 2635 4884 τῶν
2667 4829 2908 4900 καρδιῶν
2947 4827 3412 4890 ἀναπετάσαντες,
3443 4818 3669 4886 δέξασθέ
3702 4835 3809 4888 μου

2231 4924 2322 4976 τὸν
2345 4923 2524 4990 λόγον,
2549 4922 2645 4976 καί
2685 4921 2989 4994 εἰλικρινῶς
3010 4919 3326 4992 ,διακρίνατε
3361 4915 3472 4985 τῶν
3496 4910 3813 4983 λεγομένων

2232 5013 2331 5084 τὴν
2351 5012 2598 5084 δύναμιν.
2626 5011 2888 5083 Δεύτερον
2915 5012 2972 5064 δὲ
2991 5010 3179 5064 τοῦτον
3195 5010 3289 5063 τὸν
3316 5007 3474 5077 λόγον
3503 5003 3634 5074 περὶ
3660 5001 3815 5054 εἰκό-

2235 5123 2342 5160 νων
2367 5105 2652 5173 συνέταξα.
2679 5107 2835 5172 Τινὲς
2855 5107 2964 5177 γὰρ
2988 5105 3096 5160 τῶν
3119 5103 3326 5158 τέκνων
3341 5101 3443 5171 τῆς
3483 5095 3817 5167 Ἐκκλησίας

2232 5195 2494 5250 ὑπέθεντό
2539 5213 2631 5266 μοι
2665 5197 2824 5249 τοῦτο
2847 5196 3094 5266 ποιῆσαι,
3134 5193 3224 5258 διὰ
3248 5192 3310 5245 τὸ
3345 5191 3423 5262 μὴ
3453 5189 3596 5242 πάνυ
3627 5182 3821 5238 εὐδιά-

2231 5300 2475 5352 γνωστον
2514 5287 2630 5349 τοῖς
2662 5285 2875 5354 πολλοῖς
2905 5285 2996 5338 τὸν
3019 5283 3235 5356 πρῶτον
3268 5277 3441 5335 εἶναι’
3471 5277 3607 5342 ἀλλὰ
3632 5275 3726 5330 καὶ
3751 5274 3820 5326 ἐν

2233 5371 2405 5440 τούτῳ
2427 5372 2703 5444 σύγγνωτέ
2731 5390 2844 5448 μοι,
2874 5374 3122 5444 ὑπακοὴν
3143 5369 3589 5443 ὲκπληρὼσαντι.
