3950 6154
227 329 372 395 1285

1324 332 1422 392 DE
1461 331 1920 394 IMAGINIBUS
1955 333 2238 394 ORATIO
2273 334 2353 395 II.

3343 339 3479 407 1286

299 439 366 510 β’.
401 437 562 502 Ἐθος
591 437 764 504 ἐστὶν,
795 430 841 493 ὧ
867 441 1164 512 ἀγαπητοὶ,
1192 439 1272 513 τῷ
1301 439 1550 512 φθονερῷ
1579 441 1675 494 καὶ
1707 441 1802 512 ἀρ-

1979 439 2037 493 2.
2075 439 2246 496 Invidi
2278 440 2568 510 serpentis,
2605 440 2962 513 omniumque
2994 443 3261 499 malorum
3290 457 3481 502 aucto-

219 531 446 604 χεκάκῳ
470 531 612 599 ὄφει,
638 527 716 600 τῷ
742 529 974 603 διαϐόλῳ
1015 533 1182 605 φημὶ,
1235 531 1590 604 πολυτρόπως
1639 532 1802 585 πολε-

221 623 353 692 μεῖν
379 619 460 691 τῷ
483 619 606 674 κατ’
645 619 832 675 εἰκόνα
865 620 1005 674 θεοῦ
1047 620 1552 694 πλαστουργηθέντι
1591 619 1804 692 ἀνθρὼ-

215 727 337 780 atq),
368 712 464 763 καὶ
498 709 590 763 διά
623 709 733 764 τῶν
760 709 1019 764 ἐναντίων
1045 711 1137 764 τὸν
1171 710 1339 765 αὐτοῦ
1361 710 1802 786 κατεργάζεσθαι

216 799 477 855 θάνατον.
510 797 690 863 Εὐθὺς
734 801 836 870 μὲν
864 799 974 871 γὰρ
1005 800 1064 856 ἐν
1093 801 1238 872 ἀρχῇ
1267 800 1459 855 ἐλπίδα
1490 801 1588 854 καὶ
1615 801 1805 855 ἐπιθυ-

218 887 357 960 μίαν
378 886 628 951 θεώσεως
652 885 803 957 αύτῷ
835 888 1140 958 ὲνὲσπειρε,
1167 889 1263 942 καὶ
1294 888 1363 942 δι’
1385 888 1578 961 αὐτῆς,
1606 890 1690 953 είς
1711 890 1804 945 τὸν

211 981 334 1034 τῶν
381 979 593 1048 ἀλόγων
644 979 924 1050 κατήγαγε
953 978 1182 1033 θάνατον
1209 994 1223 1009 ·
1257 979 1320 1032 ού
1371 979 1502 1051 μὴν,
1537 978 1675 1034 ἀλλὰ
1707 979 1804 1033 καὶ

215 1071 479 1142 αἰσχραῖς
526 1069 621 1123 καὶ
653 1069 870 1138 ἀλόγοις
920 1069 1137 1141 ἡδοναῖς
1170 1070 1437 1134 πολλάκις
1479 1070 1642 1124 αὑτὸν
1685 1071 1802 1124 ἐδε-

212 1159 406 1215 λέασε.
432 1159 606 1214 Πόσον
633 1160 692 1214 δὲ
717 1159 781 1213 τὸ
814 1160 980 1231 μέσον
1018 1159 1291 1225 θεώσεως,
1334 1161 1430 1214 καὶ
1454 1159 1651 1230 ἀλόγου
1681 1160 1803 1213 ἑπι-

214 1252 448 1323 θυμίαςί
485 1251 599 1306 Καὶ
632 1251 765 1305 ποτὲ
801 1251 940 1322 μὲν,
980 1253 1059 1316 είς
1093 1251 1361 1322 ἀθεότητα
1388 1251 1589 1323 ἤγαγε,
1619 1250 1805 1314 καθώς

212 1359 390 1413 φησιν
431 1344 461 1396 ὁ
501 1342 792 1413 θεοπάτωρ
839 1341 1029 1396 Δασίδ·
1061 1360 1080 1393 ι
1114 1336 1280 1395 Εἶπεν
1311 1340 1499 1411 ἄφρων
1528 1341 1586 1394 ὲν
1609 1339 1806 1410 καρδίᾳ

213 1430 416 1485 αὑτοῦ·
457 1432 572 1485 Οὑκ
615 1430 732 1483 ἐστι
755 1429 911 1492 Θεός.
948 1449 966 1480 ι
1000 1429 1140 1484 Ποτὲ
1168 1430 1226 1483 δὲ
1251 1430 1332 1493 είς
1356 1429 1678 1484 πολυθεῖαν·
1709 1429 1804 1483 καὶ

213 1522 359 1576 ποτε
405 1521 525 1591 μὲν,
563 1520 698 1591 μηδὲ
725 1519 818 1574 τὸν
853 1518 1016 1588 φύσει
1051 1519 1183 1574 Θεὸν
1208 1522 1536 1590 προσκυνεῖν
1583 1518 1802 1572 ἔπεισεο

213 1613 360 1668 ποτε
387 1613 466 1679 δὲ,
493 1613 742 1684 δαίμοσιν
761 1627 776 1643 ·
809 1613 892 1666 ἐτι
915 1591 1000 1665 Νδὲ
1018 1651 1034 1678 ,
1066 1611 1283 1683 οὐρανῷ
1323 1629 1385 1664 τε
1413 1611 1509 1666 καὶ
1539 1613 1635 1682 γῇ,
1664 1611 1803 1683 ἡλίῳ

211 1722 286 1760 τε
321 1705 418 1758 καὶ
449 1704 673 1775 σελήνῃ,
724 1704 820 1757 καὶ
869 1702 1125 1774 ᾶστρασι,
1157 1703 1252 1756 καὶ
1281 1704 1349 1773 τῇ
1400 1701 1561 1774 λοιπῇ
1601 1701 1802 1769 κτίσει,

1905 531 1984 586 ris
2007 530 2097 586 hic
2127 545 2249 586 mos
2288 539 2400 596 est,
2432 532 2806 597 dilectissimi,
2849 542 2911 588 ut
2941 534 3009 588 ad
3042 535 3334 606 imaginem
3382 538 3479 594 Dei

1905 609 2202 677 formatum
2238 621 2516 678 hominem
2557 623 2740 680 modis
2773 625 2949 680 variis
2988 627 3295 698 impugnet,
3327 643 3480 683 mor-

1903 721 2123 782 temque
2181 713 2287 784 ipsi
2326 713 2626 770 contrariis
2684 716 2900 771 artibus
2960 715 3184 772 inferat.
3242 719 3304 774 In
3357 721 3482 790 ipso

1904 804 2181 872 siquidem
2227 819 2420 876 rerum
2461 806 2692 860 exordio
2743 820 2897 876 spem
2929 807 3006 863 illi
3035 816 3090 864 et
3122 810 3483 880 cupiditatem

1905 895 2227 951 aﬂ‘ectandae
2278 897 2587 954 divinitatis
2625 897 2943 969 inspiravit,
2990 916 3090 971 per
3141 917 3304 972 quam
3352 919 3482 968 eum

1903 986 2063 1057 331
2101 988 2156 1041 in
2189 986 2477 1042 brutorum
2510 990 2877 1046 animantium
2903 1000 3138 1048 mortem
3171 995 3480 1064 pertraxit:

1884 1076 2086 1146 ipsum
2133 1092 2354 1148 quoque
2400 1078 2634 1149 impuris
2681 1080 3057 1154 belluinisque
3105 1086 3484 1157 voluptatibus

1903 1164 2200 1236 deceptum
2229 1168 2437 1237 saepius
2470 1167 2666 1223 illexit.
2690 1167 2868 1224 Porro
2901 1185 3068 1240 quam
3099 1171 3358 1229 immanis
3387 1173 3485 1228 illa
3559 1175 3564 1182 ’

1903 1257 2170 1313 distantia
2210 1259 2556 1315 divinitatem
2604 1259 2754 1316 inter
2791 1270 2845 1318 et
2879 1261 3104 1317 brutam
3151 1263 3476 1319 libidinem!

1904 1349 2218 1419 Aliquando
2242 1351 2466 1420 quidem
2502 1351 2552 1406 ei
2583 1353 2886 1422 persuasit,
2932 1361 2993 1408 ut
3022 1352 3195 1409 Deum
3239 1354 3482 1424 abnega-

1905 1449 2008 1495 ret.
2041 1439 2134 1495 Ait
2159 1441 2304 1495 enim
2343 1440 2436 1496 Dei
2470 1455 2673 1511 parens
2707 1440 2878 1497 David
2912 1459 2928 1497 :
2967 1460 2986 1492 ι
3026 1441 3177 1498 Dixit
3208 1443 3482 1513 insipiens

1905 1527 1964 1583 in
2007 1529 2175 1585 corde
2207 1544 2310 1586 suo
2337 1546 2352 1582 :
2382 1530 2503 1585 Non
2534 1538 2623 1586 est
2659 1529 2805 1587 Deus
2838 1532 2906 1586 ”.
2959 1550 2978 1584 ι
3007 1531 3147 1586 Tum
3172 1533 3339 1588 etiam
3374 1531 3481 1586 ho-

1904 1620 2134 1688 minem,
2165 1630 2225 1676 ut
2270 1624 2460 1692 plures
2490 1622 2623 1677 deos
2655 1623 2891 1689 coleret,
2925 1622 3156 1678 adduxit
3183 1640 3198 1678 :
3227 1623 3483 1692 quando-

1905 1725 2014 1781 que
2047 1718 2253 1778 autem,
2296 1719 2356 1767 ut
2394 1727 2463 1768 ne
2486 1712 2567 1768 illi
2595 1714 2815 1784 quidem
2841 1713 2938 1784 qui
2967 1721 3169 1768 natura
3204 1713 3347 1770 Deus
3369 1723 3477 1779 est,

215 1794 391 1868 μέχρι
424 1794 518 1850 καὶ
542 1793 830 1849 κνωδάλων
869 1793 963 1847 καὶ
985 1792 1234 1864 ἑρπετῶν
1281 1794 1610 1863 προσκυνεῖν
1654 1809 1799 1864 παρ-

1905 1778 2240 1871 procideret,
2288 1801 2570 1871 persuasit
2601 1778 2628 1856 τ’
2650 1778 2929 1858 interdum
2976 1810 3038 1858 ut
3070 1802 3356 1859 daemones
3393 1805 3479 1873 ip-

212 1884 542 1939 εσκεύασεν.
585 1884 822 1956 Ὁμοίως
858 1884 967 1953 γάρ
1016 1884 1132 1936 ἐστι
1165 1882 1423 1952 χαλεπὸν,
1479 1883 1574 1936 καὶ
1605 1881 1666 1935 τὸ
1691 1883 1807 1945 τοῖς

208 1976 427 2047 τιμίοις
454 1978 554 2048 τὴν
583 1975 941 2046 ὀφειλομένην
968 1974 1045 2045 μὴ
1074 1974 1376 2045 προσάγειν
1403 1974 1590 2046 τιμὴν,
1620 1973 1716 2028 καὶ
1742 1974 1806 2029 τὸ

207 2070 338 2132 τοῖς
388 2069 609 2140 ἀτίμοις
654 2069 755 2139 τὴν
805 2066 880 2138 μὴ
921 2067 1311 2139 προσήκουσαν
1358 2050 1805 2137 ὑπερϐάλλουσαν

207 2159 562 2230 προσάπτειν
598 2158 777 2226 δόξαν.
819 2158 1011 2220 Πάλιν,
1035 2156 1190 2221 τινὲς
1223 2157 1326 2227 μὲν
1366 2155 1701 2227 συνάναρχον
1723 2153 1802 2224 τῷ

205 2247 340 2318 Θεῷ
371 2249 472 2320 τὴν
499 2247 701 2302 κακίαν
734 2246 916 2316 λέγειν
943 2244 1168 2310 ἐδίδαξε.
1195 2243 1360 2307 Τινάς
1396 2242 1474 2309 δὲ,
1507 2243 1680 2296 αίτιον
1700 2240 1802 2312 τῆς

204 2338 426 2402 κακίας
455 2337 547 2390 τὸν
579 2336 740 2407 φύσει
765 2335 968 2405 ἀγαθὸν
989 2334 1126 2389 Θεὸν
1149 2333 1434 2405 ὁμολογεῖν
1462 2330 1798 2402 ὲξηπάτησευ

201 2429 310 2484 καὶ
339 2427 436 2492 οὑς
466 2427 585 2498 μὲν,
633 2427 765 2497 μίαν
817 2426 1004 2496 φύσιν,
1051 2425 1149 2478 καὶ
1202 2423 1335 2494 μίαν
1379 2423 1677 2476 ὑπόστασιν
1701 2421 1802 2491 τῆς

203 2517 476 2587 θεότητος
524 2516 776 2586 ἀφρόνως
807 2514 987 2583 λέγειν
1017 2513 1357 2582 ὲπλάνησενο
1401 2510 1496 2574 οὓς
1543 2510 1624 2574 δὲ,
1650 2509 1803 2580 τρεῖς

203 2607 414 2679 φύσεις
435 2607 530 2660 καὶ
561 2609 712 2677 τρεῖς
737 2603 1068 2666 ὑποστάσεις
1091 2601 1353 2672 ἅθέσμως
1375 2601 1558 2654 σέδειν
1586 2598 1802 2656 ὲνόθευ-

204 2719 275 2755 σε
300 2718 317 2732 ·
347 2701 443 2752 καὶ
463 2700 580 2752 τισὶ
623 2697 722 2768 μὲν
745 2739 761 2764 ,
804 2696 932 2767 μίαν
977 2695 1277 2754 ὑπόστασιν
1323 2693 1417 2746 καὶ
1463 2691 1594 2763 μίαν
1641 2690 1805 2761 φύσιν

203 2792 311 2846 τοῦ
341 2790 552 2860 Κυρίου
576 2790 609 2859 ὴ
618 2789 734 2857 μῶν
776 2785 951 2856 Ἰησοῦ
971 2785 1232 2857 Χριστοῦ,
1255 2783 1350 2837 τοῦ
1378 2783 1496 2848 ἑνὸς
1523 2784 1624 2853 τῆς
1645 2781 1805 2852 ἁγίας

207 2880 477 2948 Τριάδος,
509 2879 623 2933 τισὶ
647 2877 705 2931 δὲ
730 2875 824 2930 δύο
853 2876 1066 2944 φύσεις,
1101 2876 1198 2930 καὶ
1223 2873 1318 2928 δύο
1351 2874 1680 2938 ὑποστάσεις
1703 2871 1800 2928 τοῦ

209 2970 390 3027 αὐτοῦ
419 2971 662 3037 δοξάζειν
685 2967 937 3023 ὑπέθετο.

1900 1904 1993 1944 sos
2023 1889 2306 1952 ad'oraret.
2336 1906 2401 1945 ac
2431 1899 2699 1960 praeterea
2732 1893 2933 1949 crelum
2965 1899 3018 1948 et
3051 1903 3278 1959 terram,
3306 1893 3477 1948 solem

1899 1986 1955 2033 et
2001 1978 2209 2044 lunam,
2243 1978 2569 2049 stellasque,
2603 1993 2822 2035 omnem
2855 1980 3094 2052 denique
3140 1990 3476 2047 creaturam,

1897 2066 2197 2137 nequidem
2233 2067 2610 2124 animantibus
2638 2068 2778 2138 ipsis
2808 2075 2863 2122 et
2890 2069 3182 2138 reptilibus
3207 2071 3476 2140 exceptis.

1895 2154 2087 2226 Neque
2122 2155 2271 2211 enim
2303 2155 2594 2211 dissimilis
2626 2166 2710 2212 est
2737 2157 2934 2229 flagitii
2954 2159 3228 2215 honorem
3263 2160 3330 2214 iis
3365 2175 3474 2215 non

1903 2245 2190 2310 exhibere,
2239 2260 2362 2316 quae
2406 2245 2528 2316 ejus
2557 2245 2725 2318 digna
2755 2257 2905 2314 sunt,
2940 2262 3005 2302 ac
3052 2248 3260 2306 nullius
3312 2249 3478 2320 pretii

1905 2335 2094 2400 rebus,
2144 2334 2372 2390 minime
2416 2346 2812 2405 congruentem
2865 2336 3332 2409 immodicamque
3359 2339 3480 2410 glo-

1906 2425 2046 2480 riam
2080 2424 2351 2480 tribuere.
2377 2423 2518 2480 Aliis
2549 2415 2745 2491 Deum,
2783 2426 2879 2496 qu-i
2919 2433 3116 2498 suapte
3145 2438 3344 2483 natura
3376 2429 3479 2484 bo-

1905 2530 2014 2572 nus
2053 2523 2159 2580 est,
2192 2531 2319 2572 esse
2353 2523 2636 2572 auctorem
2683 2517 2837 2572 mali.
2887 2515 3195 2576 Nonnullos
3227 2520 3285 2574 in
3329 2519 3482 2575 hunc

1905 2620 2150 2661 errorem
2181 2606 2436 2671 adduxit,
2496 2616 2555 2661 ut
2591 2622 2888 2677 personam
2926 2624 3092 2664 uuam
3137 2611 3196 2665 in
3251 2610 3477 2675 deitate.

1909 2694 2141 2764 perinde
2172 2703 2338 2765 atque
2376 2705 2635 2750 naturam
2665 2711 2832 2752 unam
2869 2698 3064 2754 insane
3092 2699 3476 2770 praedicarent.

1906 2783 2188 2850 Quosdam
2217 2785 2292 2839 ita
2319 2785 2564 2856 decepit,
2599 2794 2660 2840 ut
2694 2801 2803 2842 non
2844 2794 2961 2846 tres
2988 2804 3255 2860 personas
3290 2791 3478 2859 modo,

1905 2890 2098 2930 verum
2133 2876 2304 2930 etiam
2341 2883 2458 2930 tres
2489 2883 2722 2934 naturas
2749 2877 2961 2935 nefarie
3004 2881 3277 2937 colerent.
3335 2880 3482 2952 Sug-

1907 2967 2081 3038 gessit
2106 2966 2233 3022 aliis
2269 2972 2332 3021 ut
2355 2981 2525 3021 unam
2571 2965 2704 3023 Jesu
2747 2968 2960 3025 Christi
3013 2970 3229 3027 Domini
3274 2975 3479 3039 nostri,

213 3068 318 3138 qui
359 3081 508 3121 unus
535 3071 622 3120 est
653 3077 722 3120 ex
751 3067 947 3119 sancta
985 3060 1280 3125 Trinitate,
1307 3061 1459 3116 velut
1489 3074 1788 3130 personam
1827 3076 2022 3129 unam,
2043 3062 2127 3117 sic
2149 3075 2315 3116 una
2347 3069 2607 3116 naturam
2674 3077 2802 3118 esse
2847 3064 3238 3121 existimarent
3263 3080 3284 3131 ;
3351 3065 3479 3121 aliis

213 3160 462 3230 denique
489 3159 569 3212 uti
597 3156 878 3227 duplicem
919 3155 978 3210 in
1007 3169 1074 3210 eo
1100 3162 1382 3218 naturam,
1416 3153 1492 3206 ita
1523 3153 1798 3224 duplicem
1838 3169 2061 3225 quoque
2088 3168 2382 3225 personam
2407 3168 2530 3210 esse
2557 3152 2985 3210 arbitrarentur.

289 3257 366 3323 γ’.
405 3252 470 3306 Ἢ
495 3252 552 3305 δὲ
589 3249 839 3321 ἀλήθεια,
893 3248 1069 3321 μέσην
1109 3247 1228 3303 ὁδὸν
1259 3246 1564 3318 βαδίζουσα,
1617 3247 1797 3302 πάντα

1969 3250 2023 3304 5.
2064 3249 2134 3302 At
2169 3248 2374 3304 veritas
2414 3247 2593 3302 media
2625 3246 2711 3301 vla
2747 3247 3029 3313 incedens,
3071 3247 3260 3302 omnia
3293 3246 3480 3304 isthmc

213 3342 400 3399 ταῦτα
426 3343 752 3412 ἀπαρνεῖται
779 3339 850 3400 τά
873 3339 1070 3403 ἄτοπα,
1099 3339 1196 3392 καὶ
1237 3338 1502 3401 διδάσκει,
1549 3337 1648 3392 ἕνα
1671 3338 1804 3392 Θεὸν

215 3435 530 3506 ὁμολογεῖν,
564 3431 694 3503 μίαν
724 3430 886 3501 φύσιν
933 3433 992 3485 ὲν
1019 3431 1198 3502 τρισὶν
1232 3429 1588 3494 ὑποστάσεσι,
1626 3429 1805 3502 Πατρὶ

215 3527 322 3582 οιαὶ
367 3524 482 3596 Υίῷ
520 3525 620 3577 καὶ⁵
665 3523 806 3593 ἁγίῳ
855 3521 1134 3593 Πνεύματι
1164 3537 1178 3551 ⁸
1209 3521 1309 3593 τὴν
1338 3521 1397 3575 δὲ
1431 3521 1652 3585 κακίαν,
1701 3521 1804 3576 οὐκ

217 3618 436 3682 οὐσίαν,
481 3615 621 3671 ἀλλά
665 3613 1013 3686 συμϐεϐηκός
1044 3630 1230 3686 φησιν,
1283 3613 1493 3667 ἔννοιάν
1526 3629 1668 3678 τινα,
1709 3613 1804 3666 καί⁸

217 3708 538 3778 λόγον,·καὶ
575 3705 776 3777 πρᾶξιν
807 3705 960 3776 παρά
990 3705 1084 3759 τὸν
1133 3704 1297 3775 νόμον
1321 3703 1418 3756 τοῦ
1445 3701 1604 3766 Θεοῦ,
1635 3703 1693 3754 ὲν
1723 3699 1804 3772 τῷ

218 3799 546 3865 ἐννοεῖσθαι,
595 3797 690 3853 καὶ
736 3795 1014 3866 λέγεσθαι,
1054 3795 1148 3849 καὶ
1175 3793 1513 3866 πράττεσθαι
1559 3791 1660 3864 τὴν
1695 3791 1800 3846 ὑπ·-

218 3890 382 3962 αρξιν
410 3889 767 3962 ἔχουσαν,καὶ
791 3887 910 3959 ἅμα
931 3886 1011 3958 τῷ
1036 3885 1348 3941 παύσασθαι
1374 3882 1800 3955 ἀφανιζομένην.

221 3985 352 4038 Ἔτι
372 3984 429 4037 δὲ
444 3981 650 4037 καὶτὸν
677 3981 773 4044 ἱνα
813 3982 914 4050 τῆς
953 3978 1116 4048 ἀγίας
1164 3978 1395 4049 Τριάδος
1418 3978 1513 4035 τὸν
1542 3976 1800 4050 Χριστὸν,

218 4075 319 4130 δύο
341 4073 537 4142 φύσεις
562 4070 846 4145 κηρύττει,
870 4071 966 4124 καὶ
989 4069 1115 4142 μίαν
1135 4070 1455 4123 ὑπόστασιν.

293 4250 359 4307 δ’.
397 4247 542 4303 ’Δλλ’
565 4249 594 4301 ὸ
622 4246 723 4318 τῆς
752 4246 1013 4317 ἀληθείας
1038 4246 1250 4320 ἐχθρὸς,
1273 4247 1370 4300 καὶ
1391 4246 1494 4318 τῆς
1523 4245 1804 4316 σωτηρίας

219 4343 335 4400 τῶν
357 4339 661 4412 ἀνθρώπων
681 4338 939 4412 πολέμιος
957 4338 1187 4408 δαίμων,
1206 4339 1300 4391 καὶ
1321 4337 1577 4410 φθαρτῶν
1596 4336 1694 4392 ἀνθ
1702 4337 1804 4408 ρώ-

224 4451 369 4498 πων,
400 4433 495 4486 καὶ
515 4428 802 4494 πετεινῶν,
824 4429 921 4482 καὶ
945 4427 1257 4491 κνωδάλων,
1305 4428 1399 4481 καὶ
1439 4427 1686 4498 ἑρπετῶν
1725 4429 1803 4482 εί-

221 4525 392 4587 κόνας
432 4523 629 4586 ποιεῖν,
675 4521 770 4574 καὶ
807 4518 1032 4584 ταύταις
1058 4519 1133 4583 ὡς
1165 4517 1309 4583 θεοῖς
1350 4521 1694 4593 προσκυνεῖν,
1736 4521 1799 4573 ού

186 4653 196 4660 -
226 4579 391 4688 μόνον
420 4611 492 4666 τά
513 4579 661 4687 ἔθνη,
690 4609 826 4664 ἀλλα
857 4608 953 4664 καὶ
980 4579 1303 4673 τοὺςνυίοὺς⁷
1328 4579 1546 4680 Ἰσραὴλ
1597 4579 1798 4664 πολλά-
1832 4579 1876 4634 D

223 4726 313 4771 κις
342 4706 647 4776 πλανήσας,
679 4701 777 4758 νῦν
844 4700 1231 4774 είρηνεύουσαν
1277 4701 1376 4774 τὴν
1409 4700 1504 4756 τοῦ
1557 4701 1798 4773 Χριστοῦ

237 4795 564 4868 Ἐκκλησίαν
580 4793 914 4867 συνταράξαι
941 4793 1252 4859 σπουδάζει,
1298 4793 1389 4847 διὰ
1429 4792 1654 4865 χειλέων
1682 4793 1800 4846 ἀδί-

226 4906 360 4955 κων,
389 4892 482 4942 καὶ
514 4887 766 4959 γλώσσης
809 4885 1010 4949 δολίας,
1055 4884 1234 4954 λόγοις
1268 4884 1434 4949 θείοις
1461 4885 1559 4956 τὴν
1600 4883 1800 4943 κακίαν

231 4978 581 5048 παραρτύων,
605 4979 702 5032 καὶ
729 4976 939 5047 ταύτης
980 4975 1044 5028 τὸ
1071 4974 1320 5047 ἄσχημον
1376 4974 1473 5029 καὶ
1526 4975 1799 5029 σκοτεινὸν

231 5064 372 5134 εἶδος
421 5070 810 5124 ὲπικαλύπτειν
866 5069 1232 5142 πειρώμενος,
1287 5067 1385 5122 καὶ⁸
1421 5067 1521 5132 τὰς
1576 5066 1806 5137 καρδίας

232 5156 341 5212 τῶν
369 5159 711 5230 ἀστηρίκτων
736 5161 984 5217 σαλεύειν
1010 5164 1078 5215 ὲκ
1118 5161 1216 5232 τῆς
1283 5159 1524 5232 ἀληθοῦς
1563 5159 1658 5214 καὶ
1702 5177 1807 5214 πα-

232 5250 630 5323 τροπαραδότου
665 5255 974 5323 συνηθείας.
1026 5255 1358 5323 Ἀνέστησαν
1398 5253 1507 5323 γάρ
1529 5268 1673 5316 τινες
1717 5251 1804 5304 λέ-

235 5356 439 5409 γοντες.
468 5339 544 5402 ὡς
573 5339 635 5392 οὐ
666 5341 743 5393 δεῖ
763 5343 1047 5409 είκονίζειν
1079 5342 1173 5396 καὶ
1218 5340 1533 5413 προτιθέναι
1558 5342 1638 5409 εἰς
1667 5340 1802 5394 Θεω-

241 5430 381 5503 ρίαν,
417 5430 512 5485 καὶ
543 5429 722 5496 δόξαν,
754 5433 847 5484 καὶ
872 5431 1076 5503 θαῦμα,
1102 5434 1195 5487 καὶ
1218 5433 1402 5503 ζῆλον,
1437 5432 1506 5486 τά
1531 5430 1626 5485 τοῦ
1663 5433 1801 5502 Χρι--

241 5520 364 5576 στοῦ
392 5523 633 5594 σωτήρια
654 5521 930 5592 θαύματα,
953 5522 1164 5588 καὶτὰς
1194 5524 1304 5578 τῶν
1333 5523 1500 5594 ἁγίων
1526 5523 1798 5594 ἀνδραγα-

316 5678 360 5710 ²⁸
413 5698 561 5756 Psal.
604 5714 692 5764 xv,
723 5699 773 5754 l.
851 5699 896 5731 ²⁶
925 5697 1082 5755 Rom.
1108 5715 1146 5770 ι,
1177 5699 1289 5772 εις
1320 5701 1518 5760 Ezech.
1544 5717 1664 5767 vm,
1708 5703 1791 5759 10.

1907 3339 2145 3393 absurda
2180 3346 2236 3393 et
2263 3337 2400 3392 falsa
2431 3337 2722 3407 reprobat;
2763 3337 3034 3408 docetque
3069 3353 3191 3403 nos,
3221 3345 3280 3392 ut
3308 3337 3476 3394 Deum

1907 3445 2074 3484 unum
2117 3429 2505 3495 confiteamur,
2530 3436 2782 3483 naturam
2805 3443 2970 3482 unam
3013 3428 3070 3484 in
3105 3428 3283 3485 tribus
3309 3428 3479 3501 hypo-

1905 3520 2171 3586 stasibus,
2206 3519 2367 3575 Patre
2397 3529 2449 3574 et
2488 3518 2629 3574 Filio
2667 3527 2721 3574 et
2743 3516 2954 3588 Spiritu
2988 3529 3185 3573 sancto
3219 3537 3234 3574 :
3272 3520 3477 3576 malum

1904 3623 2036 3665 vero
2094 3610 2464 3666 substantiam
2516 3622 2628 3663 non
2691 3622 2839 3672 esse,
2880 3607 2977 3663 sed
3037 3608 3318 3674 accidens,
3363 3611 3481 3667 sive

1905 3699 2201 3769 quamdam
2246 3698 2661 3770 cogitationem,
2693 3685 2700 3698 ”
2720 3711 3032 3754 sermonem
3060 3705 3116 3754 et
3139 3699 3415 3756 actionem
3445 3714 3478 3754 a

1907 3789 2003 3846 Dei
2024 3791 2140 3862 lege
2179 3790 2558 3856 recedentem;
2591 3789 2755 3860 cujus
2786 3790 3110 3845 exsistentia
3151 3791 3206 3845 in
3236 3791 3342 3847 hoc
3373 3807 3477 3862 po-

1905 3882 2010 3937 sita
2071 3881 2166 3946 sit,
2220 3879 2370 3951 quod
2419 3881 2718 3952 cogitetur,
2771 3880 2993 3937 dicatur
3034 3889 3089 3938 et
3135 3889 3352 3954 agatur,
3418 3892 3480 3938 ut

1904 3973 2075 4030 simul
2102 3973 2206 4028 hac
2237 3959 2512 4037 cessatur,
2537 3987 2663 4029 esse
2684 3987 2915 4043 prorsus
2954 3973 3194 4030 desinat.
3223 3973 3308 4030 Ad
3338 3974 3475 4041 haec,

1913 4064 2228 4130 Christum,
2270 4080 2436 4120 unum
2471 4063 2539 4121 de
2565 4071 2760 4121 sancta
2789 4063 3086 4130 Trinitate,
3125 4051 3344 4122 duabus
3380 4080 3480 4120 na-

1907 4154 2046 4211 turis
2078 4169 2357 4221 constare,
2387 4170 2669 4225 unamque
2705 4169 3001 4227 personam
3039 4169 3165 4210 esse
3191 4155 3474 4225 praedicat.

1973 4245 2029 4300 4.
2060 4245 2329 4302 Caeterum
2382 4245 2658 4311 diabolus,
2711 4244 2959 4300 veritatis
2989 4243 3269 4309 inimicus,
3299 4244 3478 4299 homi-

1903 4353 2147 4409 numque
2185 4338 2382 4393 salutis
2409 4337 2612 4404 hostis,
2643 4349 2772 4390 cum
2806 4348 2916 4388 non
2943 4340 3133 4404 gentes
3163 4333 3348 4400 modo,
3379 4335 3479 4390 sed

1902 4437 1958 4482 et
2033 4428 2300 4497 ipsosmet
2332 4427 2476 4482 lllios
2509 4427 2679 4482 lsrael
2717 4441 2864 4496 saepe
2900 4425 3236 4493 decepisset,
3266 4432 3327 4479 ut
3349 4440 3476 4482 cor-

1903 4516 2249 4585 ruptibilium
2295 4515 2581 4570 hominum
2613 4554 2630 4580 ,
2688 4513 2998 4578 volucrum,
3054 4512 3362 4568 belluarum
3415 4523 3470 4571 et

1904 4605 2244 4677 serpentium
2263 4604 2566 4661 conderent
2587 4604 2878 4675 imagines,
2899 4619 3038 4674 quas
3060 4613 3317 4674 tanquam
3339 4604 3474 4662 deos

1906 4698 2203 4753 adorarent
2240 4697 2334 4764 “;
2378 4711 2524 4750 nunc
2569 4693 2870 4751 Ecclesiam
2917 4694 3118 4751 Christi
3178 4697 3473 4766 tranquilla

1905 4803 2042 4859 pace
2099 4788 2373 4842 fruentem
2401 4785 2489 4841 his
2521 4786 2736 4844 artibus
2799 4787 3124 4857 perturbare
3155 4786 3373 4856 nititur,
3411 4797 3474 4845 ut

1905 4879 2070 4935 labiis
2096 4878 2304 4948 iniquis
2336 4883 2390 4932 et
2415 4877 2603 4946 lingua
2634 4876 2827 4932 dolosa
2858 4877 3101 4950 eloquiis
3127 4876 3330 4934 divinis
3361 4893 3475 4934 ma-
3563 4895 3566 4899 λ

1901 4969 2079 5023 litiam
2123 4981 2440 5038 aspergcns,
2474 4966 2705 5022 deformi
2744 4978 2909 5039 atque
2938 4968 3283 5024 tenebricosa
3312 4969 3476 5040 hujus

1904 5066 2157 5130 obvelata
2203 5065 2367 5134 facie,
2421 5065 2769 5127 inﬁrmorum
2825 5066 3042 5128 animos
3073 5081 3256 5122 avera
3310 5081 3476 5135 quam

1903 5159 2098 5216 Patres
2159 5159 2540 5223 instituerunt,
2579 5158 2983 5220 consuetudine
3025 5156 3288 5212 abducat.
3321 5151 3476 5208 Non-

1903 5251 2038 5306 nulli
2093 5250 2364 5321 siquidem
2397 5259 2784 5316 surrexerunt,
2822 5249 2917 5322 qui
2951 5255 3202 5304 asserant
3233 5261 3316 5312 ea,
3351 5260 3476 5314 quae

1903 5358 2008 5412 pro
2036 5351 2224 5397 nostra
2274 5341 2452 5399 salute
2489 5357 2521 5397 a
2547 5341 2775 5398 Christo
2829 5339 3174 5403 mirabiliter,
3205 5343 3260 5391 et
3288 5349 3317 5388 a
3344 5348 3476 5388 sau-

1901 5431 2006 5487 ctis
2028 5430 2246 5487 fortiter
2280 5431 2548 5488 adversus
2587 5431 2870 5488 diabolum
2905 5436 3060 5500 gesta
3089 5433 3238 5490 sunt,
3265 5421 3476 5492 imagi—

1906 5523 2068 5579 nibus
2089 5522 2359 5595 pingenda
2388 5539 2495 5580 non
2524 5538 2668 5591 csse,
2687 5536 2808 5592 qua:
2835 5516 3284 5587 contemplemur,
3316 5527 3478 5574 veno!
