4074 6146
542 277 680 358 ,337‘
1732 283 1790 342 s.
1833 280 2152 342 JOANNIS
2194 281 2622 341 DAMASCENI
3641 271 3778 336 1288

542 420 749 467 remur,
777 401 1108 457 admiremur
1140 407 1197 454 et
1238 397 1533 452 imitemur.
1564 391 1700 457 Quis
1737 405 1900 460 porro
1928 389 2119 458 cogni-

2230 389 2344 452 θίας
2368 389 2507 442 κατὰ
2548 387 2642 442 τοῦ
2675 387 2943 442 διαϐόλου.
2987 388 3093 442 Καὶ
3124 388 3207 452 τίς
3229 387 3368 458 ἔχων
3390 386 3591 454 γνῶσιν
3633 382 3781 435 θείαν

539 497 691 552 tione
743 494 924 547 divina
981 487 1333 558 etspirituali
1370 481 1728 552 intelligentia
1759 481 2020 542 imbutus,
2069 477 2122 531 id

2230 482 2318 534 ml.
2347 480 2560 534 σύνεσιν
2597 481 2992 550 πνευματικὴν,
3019 481 3118 533 οὐκ
3141 479 3514 547 ἐπιγινώσκει,
3543 476 3625 528 ὅτι
3654 475 3784 526 ὑπον-

545 585 866 648 suggerente
934 575 1155 630 diabolo
1193 589 1303 629 non
1338 579 1640 642 cognoscat
1661 571 1940 622 inventum
1973 567 1996 619 ?
2033 564 2125 618 Ille

547 671 690 724 enim
757 667 964 722 cladem
1020 667 1483 736 ignominiamque
1553 676 1708 718 suam
1771 659 1950 730 palam
2011 665 2123 710 tra—

549 759 668 813 duci
701 773 863 829 quam
883 758 1166 826 aegerrime
1197 757 1428 826 patitur,
1455 769 1555 808 nec
1571 752 1664 808 Dei
1698 758 2124 818 sanctorumque

548 847 777 917 gloriam
810 847 1043 916 picturis
1081 845 1374 900 celebrari.

619 939 672 992 5.
713 938 768 993 in
807 954 995 994 errore
1035 937 1255 1007 quidem
1286 948 1650 998 versaremur,
1687 930 1733 988 si
1766 929 1850 984 vel
1877 926 2124 983 invisibi-

552 1031 621 1084 lis
663 1029 755 1085 Dei
796 1031 1194 1084 conﬁceremus
1226 1026 1522 1096 imaginem
1551 1043 1565 1091 ;
1599 1024 1858 1094 quoniam
1900 1021 1950 1074 id
1977 1020 2123 1092 quod

553 1137 875 1191 corporequ
935 1137 1042 1176 non
1073 1129 1178 1183 est,
1208 1133 1312 1172 nec
1347 1117 1589 1178 visibile,
1632 1129 1731 1168 nec
1769 1111 2124 1168 circumscri-

553 1219 730 1278 ptum,
787 1225 890 1263 nec
939 1209 1257 1279 ﬁguratum,
1293 1207 1438 1276 pingi
1499 1205 1724 1259 omnino
1772 1220 1882 1258 non
1922 1210 2121 1273 potest.

554 1303 726 1369 lmpie
753 1316 975 1355 rursum
1011 1314 1324 1370 ageremus,
1358 1299 1402 1352 si
1430 1297 1750 1351 eﬂormatas
1783 1294 1991 1364 a332
2022 1308 2123 1347 n0-

557 1394 643 1448 his
699 1377 978 1448 hominum
1071 1379 1338 1461 imagines
1383 1390 1514 1444 deos
1565 1402 1689 1442 esse
1712 1386 2122 1450 arbitraremur,

555 1485 746 1552 eisque
781 1491 1038 1552 tanquam
1062 1481 1168 1536 diis
1203 1479 1424 1534 divinos
1451 1479 1695 1532 honores
1730 1476 2122 1530 tribueremus.

557 1577 625 1628 At
660 1575 793 1628 nihil
835 1575 1028 1628 horum
1083 1587 1311 1642 prorsus
1367 1569 1731 1624 admittimus.
1767 1568 1871 1622 Sed
1905 1576 2126 1636 postea-

558 1680 720 1733 quam
785 1663 928 1717 Deus
966 1678 1066 1732 pro
1098 1661 1359 1717 ineﬂ‘abili
1406 1660 1652 1715 bonitate
1689 1673 1808 1724 sua,
1846 1662 2125 1724 assumpta

2224 569 2354 638 ϐολὴ
2402 568 2496 621 τοῦ
2543 568 2788 622 διαϐόλου
2847 567 2992 622 ἐστίν
3024 585 3039 633 ;
3067 569 3140 621 Οὐ
3189 569 3329 621 θέλει
3354 567 3463 637 γὰρ
3491 565 3586 635 τὴν
3614 560 3784 636 ἧτταν

2223 657 2318 710 καὶ
2336 657 2434 727 τὴν
2458 656 2717 727 αἰσχύνην
2737 657 2900 711 αὑτοῦ
2924 657 2986 728 δη
2996 656 3365 727 μοσιεύεσθαι,
3397 656 3517 709 οὐδὲ
3551 654 3647 724 τὴν
3688 651 3785 705 τοῦ

2223 743 2381 811 Θεοῦ,
2423 745 2516 800 καὶ
2543 746 2651 798 τῶν
2697 746 2867 813 ἁγίων
2913 746 3075 799 αὐτοῦ
3121 745 3278 810 δόξαν
3311 745 3655 815 ἀνάγραπτον
3699 742 3788 810 γί-

2227 837 2428 890 νεσθαι.

2294 926 2355 981 ε’.
2394 929 2456 981 Εἰ
2481 927 2582 997 μὲν
2601 928 2709 999 γὰρ
2735 927 2828 982 τοῦ
2847 931 3082 1001 ἀοράτου
3105 928 3240 984 Θεοῦ
3269 927 3454 982 εἰκόνα
3471 924 3784 994 ἐποιοῦμεν,

2222 1014 2390 1079 ὅντως
2430 1017 2839 1088 ἡμαρτάνομεν.
2889 1019 3170 1072 Ἀδύνατον
3217 1018 3326 1089 γὰρ
3378 1016 3440 1070 τὸ
3471 1014 3782 1083 ἀσώματον,

2224 1107 2318 1158 καὶ⁸
2348 1107 2598 1176 ἀόρατον,
2631 1110 2726 1162 καὶ
2771 1109 3202 1180 ἀπερίγραπτον,
3242 1109 3336 1162 καὶ
3382 1107 3786 1177 ἀσχημάτιστον

2225 1199 2608 1270 είκονισθῆναι.
2634 1201 2742 1253 Καὶ
2767 1201 2927 1254 πάλιν
2961 1215 2974 1228 ⁶
2999 1203 3048 1254 εί
3095 1200 3386 1271 ἐποιοῦμεν
3424 1199 3641 1260 εἰκόνας
3695 1195 3788 1247 ἀνο

2226 1294 2480 1365 θρώπων,
2509 1293 2602 1348 καὶ
2631 1293 2827 1357 ταύτας
2878 1294 3034 1358 θεοὺς
3081 1294 3380 1365 ἡγούμεθα,
3414 1293 3510 1346 καὶ
3537 1291 3611 1353 ὡς
3643 1290 3786 1352 θεοῖς

2224 1383 2800 1456 ἐλατρεύομεν,δντως
2841 1383 3164 1454 ἠσεϐοῦμεν.
3222 1383 3362 1436 Ἀλλ’
3393 1383 3540 1435 οὐδὲν
3584 1380 3788 1434 τούτων

2226 1471 2506 1540 ποιοῦμεν.
2538 1469 2672 1524 Θεοῦ
2710 1470 2816 1540 γὰρ
2842 1471 3232 1540 σαρωθέντος,
3259 1472 3354 1524 καὶ
3397 1470 3650 1538 ὀφθέντος
3696 1469 3790 1520 ἐπὶ

2224 1561 2327 1629 γῆς
2375 1561 2561 1630 σαρκὶ,
2615 1560 2710 1613 καί¹
2761 1560 3069 1630 ἀνθρώποις
3119 1559 3670 1630 συναναστραφέντος,
3722 1558 3791 1610 δι’

2225 1651 2427 1719 ἄφατον
2452 1650 2762 1721 ἀγαθότητα
2801 1651 2894 1704 καὶ
2922 1649 3103 1720 φύσιν,
3131 1652 3225 1706 καὶ
3253 1651 3442 1721 πάχος,
3469 1645 3562 1704 ἰαὶ
3579 1651 3790 1719 σχῆμα,

561 1770 744 1821 carne,
778 1754 833 1808 in
862 1753 1027 1809 terris
1064 1768 1230 1807 carne
1260 1752 1414 1807 visus
1443 1758 1546 1816 est,
1577 1758 1626 1805 et
1653 1763 1776 1804 cum
1813 1745 2127 1802 hominibus

2231 1742 2326 1796 καί⁵
2356 1740 2552 1812 χρῶμα
2603 1742 2805 1813 σαρκὸς
2838 1742 3220 1807 ἀναλαϐόντος,
3265 1742 3454 1797 τούτου
3485 1741 3582 1813 τὴν
3604 1741 3791 1794 εἰκόνα

562 1857 928 1904 conversatus
967 1855 1051 1903 est
1070 1848 1152 1912 "’;
1185 1863 1250 1902 cx
1285 1861 1395 1915 quo
1426 1852 1677 1898 naturam
1711 1847 1982 1903 nostram,
2006 1853 2127 1892 cor-

564 1941 949 2010 pulentamquc
995 1937 1328 2001 crassitiem,
1361 1935 1590 2004 ﬁgurant
1619 1933 1772 1993 item,
1806 1937 1862 1986 et
1887 1929 2124 1984 colorem

561 2030 745 2084 carnis
773 2029 1035 2098 suscepit,
1072 2039 1421 2096 nequaquam
1463 2024 1813 2084 aberramus,
1850 2033 1975 2073 cum
2006 2016 2126 2086 ejus

561 2120 852 2189 imaginem
881 2117 1265 2186 exprimimus.
1286 2115 1538 2168 Formam
1573 2113 1719 2167 enim
1747 2112 1920 2180 ipsius
1943 2108 2128 2162 videre

560 2210 963 2264 desideramus.
1019 2205 1153 2260 Nam
1195 2214 1253 2260 ut
1302 2206 1377 2258 ait
1428 2203 1771 2272 Apostolus:
1818 2219 1835 2250 ι
1865 2197 2128 2253 Videmus

561 2315 659 2368 per
721 2298 1030 2367 speculum,
1059 2305 1113 2350 et
1169 2297 1223 2350 in
1260 2295 1632 2367 aenigmate".
1659 2312 1676 2345 ι
1719 2292 1894 2346 Porro
1948 2289 2128 2355 imago

2230 1831 2528 1897 ποιοῦντες,
2587 1833 2648 1886 οὒ
2703 1832 3069 1902 σφαλλόμεθα.
3136 1832 3415 1904 Ποθοῦμεν
3465 1833 3574 1903 γὰρ
3627 1831 3790 1885 αὐτοῦ

2233 1922 2361 1975 ἰδεῖν
2395 1921 2487 1973 τὸν
2524 1922 2846 1992 χαρακτῆρα
2872 1938 2886 1952 ο
2920 1923 2997 1986 ὡς
3023 1923 3131 1995 γάρ
3163 1939 3326 1994 φησιν
3377 1926 3404 1976 ὁ
3433 1922 3574 1986 θεῖος
3633 1923 3793 1975 ’Δπὸο

2233 2011 2438 2074 στολος,
2472 2030 2492 2063 ι
2523 2011 2613 2065 Ἐν
2643 2012 2889 2083 ἐσόπτρῳ
2911 2013 3005 2066 καὶ
3035 2013 3318 2083 αἰνίγματι
3341 2011 3436 2066 νῦν
3467 2013 3786 2083 βλέπομεν.)

2232 2101 2342 2154 Καὶ
2367 2102 2399 2172 ἡ
2422 2099 2584 2154 είκὼν
2613 2101 2690 2166 δὲ,
2712 2101 2976 2174 ἐσοπτρόν
3008 2105 3124 2156 ἐστι
3154 2104 3246 2156 καὶ
3273 2105 3523 2173 αἴνιγμα,
3559 2103 3795 2174 ἁρμόζον

2231 2196 2298 2262 τῇ
2321 2192 2414 2245 τοῦ
2452 2191 2698 2263 σώματος
2728 2193 2884 2264 ἡμῶν
2914 2195 3204 2265 παχύτητι.
3233 2195 3412 2276 Πολλὰ
3439 2194 3547 2264 γὰρ
3567 2194 3794 2263 κάμνων

2235 2287 2264 2338 ὁ
2291 2285 2435 2349 νοῦς,
2462 2285 2523 2338 οὐ
2560 2285 2781 2339 δύναται
2813 2286 3041 2356 ἐκϐῆναι
3068 2287 3138 2341 τὰ
3161 2287 3470 2357 σωματικά.

561 2381 844 2464 speculum
875 2400 956 2448 est
981 2401 1036 2446 et
1064 2391 1318 2462 aenigma,
1353 2389 1601 2459 corporis
1654 2387 1831 2444 nostri
1863 2378 2212 2454 spissitudini
2281 2379 2637 2435 conveniens.
2693 2379 3110 2446 Quantumlibet
3173 2380 3320 2436 enim
3391 2395 3542 2436 mens
3606 2385 3797 2434 nostra

562 2488 793 2553 laboret,
827 2501 888 2542 ea
918 2493 1122 2548 tamen,
1156 2499 1278 2553 quae
1303 2497 1572 2552 corporea
1595 2476 1744 2546 sunt,
1774 2489 2118 2547 nequaquam
2157 2472 2302 2528 valet
2335 2473 2633 2529 transilire.

631 2579 686 2634 6.
717 2582 900 2648 Apage
926 2585 1002 2640 te,
1048 2577 1230 2631 invide
1261 2576 1500 2630 diabole.
1532 2575 1749 2629 Invides
1783 2572 1942 2627 nobis
1969 2566 2119 2638 quod

561 2668 776 2722 Domini
817 2665 990 2721 nostri
1019 2672 1376 2720 contueamur
1403 2662 1660 2732 eﬂigiem,
1690 2676 1786 2732 per
1810 2674 1972 2730 quam
2002 2673 2130 2712 san-

563 2761 804 2812 ctitatem
838 2757 1249 2826 adipiscamur;
1282 2753 1430 2824 quod
1463 2752 1783 2808 salutiferos
1809 2751 1987 2821 ipsius
2005 2763 2130 2803 cru-

2303 2573 2376 2632 ς’.
2407 2569 2470 2619 Ὢ
2491 2567 2600 2621 ἀπὸ
2618 2567 2734 2634 σοῦ,
2761 2569 2987 2640 φθονερέ
3005 2569 3237 2636 διάϐολε,
3270 2569 3481 2637 φθονεῖς
3503 2571 3631 2640 ἡμῖν
3667 2570 3798 2624 ἰδεῖν

2228 2659 2290 2712 τὸ
2319 2658 2410 2710 τοῦ
2438 2659 2705 2712 Δεσπότου
2731 2661 2762 2729 ἡ
2773 2661 2888 2730 μῶν
2917 2661 3168 2730 ὁμοίωμα
3186 2703 3199 2723 ,
3225 2664 3318 2715 καὶ
3343 2662 3410 2714 δι’
3442 2661 3606 2714 αὑτοῦ
3635 2661 3799 2729 ἁγια-

2233 2745 2448 2815 σθῆναι,
2481 2747 2574 2800 καὶ
2607 2747 2735 2801 ἰδεῖν
2761 2747 2926 2802 αὑτοῦ
2963 2749 3032 2801 τὰ
3061 2751 3304 2821 σωτήρια
3333 2750 3501 2820 πάθη,
3535 2750 3630 2802 καὶ
3661 2749 3798 2802 θαυ-

562 2851 740 2904 ciatus
791 2847 1169 2916 inspiciamus,
1209 2845 1604 2902 demissionem
1643 2843 2000 2905 admiremur,
2027 2840 2127 2894 mi-

2235 2838 2584 2908 μάσαιαὺτοῦ
2617 2840 2716 2910 τὴν
2762 2840 3188 2908 συγκατάϐασιν,
3228 2842 3321 2894 καὶ
3363 2841 3583 2911 θεωρεῖν
3628 2839 3797 2893 αὐτοῦ

565 2940 755 2994 racula
787 2939 1246 3008 contemplemur,
1313 2937 1546 3006 ejusque
1581 2935 1892 2990 divinitatis
1932 2940 2127 3003 poten-

2230 2929 2296 2982 τὰ
2325 2929 2598 3000 θαύματα,
2622 2932 2715 2984 καὶ
2755 2930 2994 2996 δοξάζειν
3047 2931 3212 2986 αὑτοῦ
3257 2932 3354 3002 τὴν
3381 2934 3482 3002 τῆς
3542 2932 3798 3002 θεότητος

565 3033 698 3086 tiam
748 3003 1058 3088 laudemus.
1093 3029 1315 3084 Sanctis
1343 3003 1575 3083 invides
1633 3040 1794 3096 quem
1829 3024 1973 3079 Deus
1995 3022 2127 3090 ipsis

2230 3020 2476 3091 δύναμιν.
2511 3023 2728 3086 Φθονεῖς
2751 3025 2862 3086 τοῖς
2892 3023 3069 3092 ἁγίοις
3101 3024 3199 3094 τῆς
3233 3025 3383 3095 παρὰ
3411 3025 3548 3077 Θεοῦ
3579 3025 3795 3093 δεδομέ-

566 3122 798 3178 contulit
837 3122 1125 3184 honorem,
1159 3119 1602 3190 descriptamque
1633 3132 1822 3174 eorum
1857 3115 2132 3170 fortitudi-

564 3229 688 3268 nem
718 3222 772 3267 et
802 3213 960 3268 tidem
996 3213 1340 3268 aemulemur.
1369 3210 1438 3264 At
1460 3209 1556 3264 tibi
1588 3223 1699 3264 non
1755 3207 2128 3284 obsequimur,

567 3306 750 3360 invide
788 3305 1022 3369 daemon,
1059 3303 1452 3371 hominumque
1482 3316 1630 3356 osor.
1663 3299 1890 3363 Audite,
1921 3285 2131 3368 populi,

566 3399 763 3462 tribus,
805 3398 1022 3467 linguae,
1061 3395 1186 3460 viri,
1249 3394 1526 3458 mulieres,
1560 3391 1737 3461 pueri,
1783 3405 1966 3456 senes,
2007 3389 2135 3442 ado-

566 3491 858 3554 lescentes,
919 3485 1184 3552 infantes,
1235 3500 1370 3556 gens
1422 3493 1616 3541 sancta
1649 3482 2128 3538 Christianorum:

567 3577 624 3632 Si
657 3577 783 3647 quis
809 3577 1270 3648 evangelizaverit
1288 3575 1444 3631 vobis
1469 3585 1668 3645 praeter
1696 3573 1748 3628 id
1779 3572 1924 3642 quod
1949 3572 2133 3625 Eccle-

565 3671 648 3726 sia
679 3669 948 3724 eatholica
986 3683 1015 3724 a
1054 3668 1264 3724 sanctis
1285 3667 1582 3738 apostolis,
1630 3665 1885 3720 Patribus
1917 3671 1972 3716 et
1997 3676 2131 3715 con-

566 3757 708 3812 ciliis
732 3765 1043 3826 acreptum,
1069 3757 1138 3812 ad
1168 3758 1314 3812 hunc
1343 3771 1516 3826 usque
1535 3755 1676 3810 diem
1699 3752 1957 3812 servavit,
1975 3766 2133 3804 aures

566 3859 638 3901 ne
685 3846 1012 3914 prmbeatis;
1045 3862 1181 3901 neve
1213 3846 1489 3915 serpentis
1517 3843 1798 3899 suadelam
1825 3840 2130 3908 excipiatis,

565 3933 1021 4005 quemadmodum
1079 3937 1209 3989 olim
1245 3939 1459 4004 excepit
1492 3935 1624 3998 Eva,
1665 3949 1732 3988 ex
1767 3947 1875 4001 quo
1901 3939 2132 3986 mortem

565 4024 1089 4077 consecuta'est".
1139 4022 1294 4075 Licet
1358 4023 1612 4090 angelus,
1651 4021 1780 4076 licet
1815 4022 2131 4088 imperator,

559 4111 898 4182 evangelizet
928 4109 1107 4175 vobis,
1142 4119 1338 4179 praeter
1370 4109 1423 4163 id
1446 4116 1592 4178 quod
1624 4109 1944 4178 accepistis,
1973 4124 2134 4164 aures

564 4201 855 4256 occludite.
881 4199 956 4254 Eo
985 4200 1191 4270 quippe
1217 4199 1577 4254 abstinuerim
1606 4198 1793 4263 modo,
1823 4197 1968 4268 quod
2000 4199 2132 4252 sub-

2230 3130 2325 3183 νης
2377 3115 2558 3178 αὐτοῖς
2609 3115 2798 3184 τιμῆς.
2829 3116 2904 3168 Οὐ
2937 3116 3109 3180 θέλεις
3150 3118 3281 3188 ὁρᾷν
3311 3118 3459 3188 ημᾶς
3487 3117 3586 3187 τὴν
3618 3117 3799 3170 αὐτῶν

2229 3203 2384 3268 δόξαν
2410 3206 2778 3274 ἀνάγραπτον,
2815 3206 2908 3259 καὶ
2941 3205 3184 3276 ζηλωτὰς
3217 3207 3461 3274 γίνεσθαι
3494 3208 3592 3278 τῆς
3619 3208 3798 3261 αὐτῶν

2231 3297 2482 3364 ἀνδρείας
2529 3297 2622 3350 καὶ
2669 3297 2922 3360 πίστεως.
2971 3299 3046 3350 Οὐ
3103 3297 3405 3367 πειθόμεθά
3448 3317 3551 3364 σοι,
3604 3300 3799 3370 δαῖμον

2232 3388 2458 3458 φθονερὲ
2505 3389 2600 3441 καί
2655 3387 3030 3458 μισάνθρωπε.
3094 3390 3390 3452 ’Λκούσατε
3421 3390 3562 3456 λαοὶ,
3611 3389 3796 3457 φυλαὶ,

2233 3478 2496 3544 γλῶσσαι,
2528 3478 2740 3549 ἄνδρες,
2767 3482 3041 3546 γυναῖκες,
3067 3480 3162 3532 καὶ
3215 3481 3424 3547 παῖδες,
3473 3481 3798 3551 πρεσϐῦται,

2233 3568 2507 3623 νεανίσκοι
2531 3587 2590 3622 τε
2625 3569 2720 3622 καὶ
2748 3572 2934 3640 νήπια,
2964 3570 3024 3623 τὸ
3051 3570 3202 3634 ἔθνος
3234 3571 3344 3624 τῶν
3376 3572 3714 3642 Χριστιανῶν
3737 3572 3801 3628 τὸ

2234 3661 2388 3726 ἅγιον
2419 3676 2433 3690 '
2463 3661 2516 3712 εί
2532 3678 2615 3724 τις
2640 3661 3051 3729 εὐαγγελίζεται
3077 3663 3222 3732 ὑμᾶς
3250 3664 3376 3733 παρ’
3415 3664 3444 3716 ὅ
3492 3663 3800 3733 παρέλαϐεν

2234 3754 2266 3820 ἡ
2299 3751 2559 3823 καθολικὴ
2597 3753 2890 3822 Ἐκκλησία
2919 3753 3070 3824 παρά
3101 3753 3208 3806 τῶν
3251 3755 3422 3821 ἁγίων
3459 3755 3794 3820 ἀποστόλων,

2235 3842 2512 3913 Πατὲρων,
2575 3845 2669 3897 καὶ
2696 3845 2972 3909 συνόδων,,
3005 3845 3276 3915 καὶμέχρι
3321 3844 3410 3896 τοῦ
3459 3844 3552 3896 νῦν
3597 3843 3794 3911 διεφύ-

2233 3932 2382 3998 λαξε,
2415 3935 2489 4004 μὴ
2515 3934 2784 4004 ἀκούσητε
2822 3934 3009 3999 αὑτοῦ,
3058 3936 3192 4006 μηδὲ
3239 3933 3457 4004 δέξησθε
3497 3933 3594 4004 τὴν
3643 3950 3792 4002 συμ-

2237 4023 2439 4093 ϐουλὴν
2465 4023 2557 4076 τοῦ
2593 4025 2790 4094 ὄφεως,
2819 4027 2894 4088 ὼς
2925 4025 3142 4089 ἐδέξατο
3193 4024 3320 4089 Εῦα,
3374 4025 3468 4078 καὶ
3514 4024 3795 4094 ἐτρύγησε

2235 4113 2483 4168 θάνατον.
2511 4115 2627 4167 Κᾶν
2661 4115 2912 4182 ἄγγελος,
2944 4114 3046 4168 κᾶν
3094 4115 3346 4184 βασιλεὺς
3386 4115 3797 4183 εὐαγγελίζεται

2235 4202 2378 4271 ὑμᾶς
2404 4201 2531 4272 παρ’
2560 4201 2588 4254 ὃ
2617 4201 2976 4272 παρελάϐετε,
3011 4201 3262 4256 κλείσατε
3295 4202 3396 4264 τὰς
3416 4202 3583 4266 ἀκοάς
3611 4219 3626 4234 ο
3647 4202 3796 4267 ,ὀκνῶ

564 4295 645 4349 dit
675 4293 996 4362 Apostolus,
1037 4292 1334 4346 Anathema
1357 4292 1425 4345 sit
1450 4291 1517 4354 ³ο,
1542 4291 1763 4361 quando
1792 4291 2127 4347 emendatio-

2233 4292 2343 4362 γὰρ
2364 4292 2498 4356 τέως
2525 4294 2718 4356 εἰπεῖν,
2749 4293 2824 4356 ὼς
2866 4292 2968 4363 ἔφη
3003 4297 3030 4346 ὁ
3055 4293 3196 4357 θεῖος
3257 4293 3598 4357 Ἀπόστολος,
3629 4294 3796 4348 Ἀνά-

565 4384 650 4439 nis
669 4384 1045 4452 exspectanda:
1075 4383 1227 4437 locus
1244 4390 1348 4436 est.

637 4474 686 4525 7.
735 4475 1002 4528 Caeterum
1069 4473 1124 4526 hi
1188 4474 1281 4543 qui
1338 4471 1636 4544 Scriptura:
1686 4490 1845 4532 sensa
1901 4477 2128 4532 minime

564 4571 899 4629 scrutantur,
955 4563 1256 4634 objiciunt,
1316 4578 1412 4634 per
1488 4563 1710 4634 Moysen
1765 4565 2127 4635 legislatorem

563 4653 890 4722 prmcepisse
912 4651 1080 4706 Deum
1110 4671 1122 4706 :
1159 4671 1176 4703 ι
1204 4652 1281 4708 Ne
1309 4653 1504 4708 feceris
1527 4656 1692 4708 ullam
1712 4656 2125 4710 similitudinem

569 4758 780 4806 eorum,
809 4758 928 4810 quae
954 4743 1008 4796 in
1036 4744 1196 4810 corio,
1223 4760 1409 4813 quaeve
1441 4745 1495 4799 in
1519 4755 1659 4801 terra
1681 4755 1809 4800 sunt
1827 4748 1924 4800 ".i
1946 4745 2014 4800 Et
2033 4760 2128 4815 per

563 4833 889 4901 prOphelam
943 4831 1113 4886 David
1168 4852 1180 4887 :
1244 4853 1262 4886 ι
1320 4835 1743 4891 Confuudantur
1793 4852 1982 4892 omnes
2032 4837 2127 4906 qui

565 4922 797 4975 adorant
851 4923 1163 4992 sculptilia;
1212 4926 1307 4994 qui
1356 4926 1660 4995 gloriantur
1701 4927 1765 4982 in
1814 4928 2125 4984 simulacris

566 5009 683 5064 suis
707 5009 780 5060 ³¹ι
807 5008 1020 5078 aliaque
1047 5011 1214 5064 multa
1241 5012 1327 5066 his
1351 5013 1572 5067 similia.
1605 5013 1954 5084 Quaecunque
1982 5016 2128 5071 enim

563 5099 648 5153 vel
669 5114 735 5154 ex
758 5098 940 5154 divina
968 5097 1274 5168 Scriptura,
1299 5102 1383 5156 vel
1405 5119 1470 5157 ex
1495 5107 1703 5158 sanctis
1727 5103 1984 5160 Patribus
2002 5121 2130 5174 pro-

565 5191 819 5254 tulerint,
861 5191 926 5244 ad
973 5191 1224 5246 eumdem
1263 5195 1482 5249 modum
1510 5195 1857 5265 intelligenda
1879 5197 2124 5250 veniunt.

633 5279 842 5346 8.Quid
865 5281 930 5334 ad
966 5280 1077 5336 haec
1104 5281 1540 5351 dicemus?Quid
1575 5285 1740 5348 aliud,
1766 5285 1870 5338 nisi
1902 5285 1953 5338 id
1981 5287 2126 5355 quod

563 5372 768 5427 dictum
800 5387 830 5426 a
862 5372 1090 5426 Domino
1139 5383 1222 5430 est
1248 5374 1452 5431 Iudaeis
1483 5377 1506 5429 ?
1544 5398 1558 5427 ι
1593 5376 1930 5430 Scrutamini
1979 5377 2128 5431 Scri-

2235 4387 2382 4450 θεμα
2419 4382 2592 4446 ἔστω,
2618 4381 2971 4451 ἐκδεχόμενος
3014 4383 3110 4453 τὴν
3140 4382 3453 4454 διόρθωσιν»

2304 4473 2370 4536 ζ’.
2409 4473 2570 4525 Ἀλλὰ
2622 4472 2890 4541 λέγουσιν,
2949 4475 2997 4526 oi
3055 4473 3130 4544 μὴ
3173 4474 3509 4545 ἐρευνῶντες
3559 4476 3650 4528 τὸν
3677 4474 3795 4529 νοῦν

2235 4566 2331 4636 τῆς
2359 4565 2602 4636 Γραφῆς,
2634 4565 2716 4618 ὅτι
2746 4563 2896 4617 εἶπεν
2921 4567 2949 4618 ὁ
2967 4565 3096 4628 Θεὸς
3113 4565 3198 4618 διὰ
3222 4567 3503 4630 Μωῦσέως
3520 4567 3612 4620 τοῦ
3635 4583 3792 4637 νομο-

2235 4653 2387 4708 θέτου
2409 4671 2422 4684 ο
2474 4673 2492 4704 ι
2517 4655 2588 4708 Οὐ
2636 4655 2878 4724 ποιήσεις
2911 4656 3018 4708 πᾶν
3060 4655 3330 4725 ὁμοίωμα,
3379 4657 3480 4710 ὅσα
3520 4659 3576 4709 ἐν
3607 4657 3685 4727 τῷ
3708 4658 3795 4709 οὐο

2235 4744 2404 4814 ρανῷ,
2433 4744 2522 4798 καί¹
2555 4746 2653 4798 ὅσα
2682 4748 2739 4798 ἐν
2777 4748 2842 4816 τῇ
2865 4749 2957 4817 γῇ.
2998 4764 3016 4797 ι
3061 4747 3172 4800 Καὶ
3196 4747 3284 4800 διὰ
3320 4747 3482 4800 Δαϐὶδ
3521 4747 3614 4800 τοῦ
3663 4764 3793 4818 προ-

2234 4838 2403 4905 φήτου
2431 4852 2444 4865 °
2485 4855 2504 4887 ι
2539 4836 2996 4906 Δίσχυνθήτωσαν
3043 4841 3241 4901 πάντες
3289 4839 3340 4892 οί
3369 4838 3795 4909 προσκυνοῦντες

2233 4929 2344 4990 τοῖς
2371 4925 2647 4994 γλυπτοῖς,
2679 4927 2730 4978 οί
2753 4923 3164 4998 ἐγκαυχώμενοι
3189 4930 3246 4982 ἐν
3274 4930 3385 4991 τοῖς
3427 4928 3667 4991 εἰδώλοις
3703 4929 3794 4980 αὖα

2233 5019 2362 5084 τῶν,
2401 5036 2420 5069 ι
2461 5019 2554 5072 καὶ
2586 5018 2812 5072 τοιαῦτα
2845 5019 3016 5072 πολλὰ
3048 5019 3233 5091 ἕτερα.
3275 5021 3416 5074 Ὅσα
3465 5021 3573 5090 γὰρ
3624 5021 3687 5074 ἐκ
3738 5037 3794 5074 τε

2231 5109 2328 5179 τῆς
2347 5109 2495 5172 θείας
2532 5109 2756 5180 Γραφῆς
2793 5113 2885 5163 καὶ
2935 5113 3000 5164 ἐκ
3027 5111 3136 5163 τῶν
3166 5112 3334 5180 ἁγίων
3369 5113 3628 5182 Πατέρων
3666 5127 3795 5180 προ-

2231 5201 2518 5267 ενέγκωσι,
2550 5203 2648 5270 τῆς
2675 5201 2844 5270 αὐτῆς
2873 5202 3075 5264 ἐννοίας
3107 5202 3233 5255 εἰσί.

2311 5291 2383 5359 η’.
2449 5290 2513 5343 Τί
2549 5286 2641 5344 οὖν
2685 5291 2844 5360 ἡμεῖς
2874 5308 3053 5361 φαμεν
3084 5294 3218 5361 πρὸς
3260 5288 3466 5356 ταῦτα;
3494 5290 3548 5342 τί
3576 5289 3722 5351 ἄλλο,
3749 5290 3794 5340 εἰ

2240 5379 2315 5450 μὴ
2356 5379 2416 5432 τὸ
2475 5379 2578 5433 ὑπὸ
2614 5378 2707 5434 τοῦ
2750 5380 2951 5449 Κυρίου
3002 5381 3113 5443 τοῖς
3156 5378 3432 5443 Ἰουδαίοις
3466 5377 3790 5450 εἰρημένον·

639 5548 688 5631 ξ’*
714 5547 944 5630 Barut-b.
985 5572 1069 5618 ιιι,
1118 5557 1203 5610 38.
1282 5557 1324 5589 ²⁸
1351 5557 1366 5610 Ι
1393 5556 1515 5611 Cor.
1546 5571 1660 5622 xm,
1700 5555 1782 5608 1‘2.
1859 5554 2063 5610 "Gen.
2097 5573 2127 5611 ιι

2230 5559 2246 5612 ί
2286 5575 2439 5631 seqq.
2518 5561 2562 5592 ⁵ο
2605 5561 2779 5615 Galat.
2817 5561 2929 5626 I,5.
3008 5561 3049 5593 ³¹
3085 5559 3252 5615 Exod.
3287 5575 3382 5625 xx,
3421 5560 3474 5612 4.
3551 5558 3594 5589 ³¹
3629 5555 3768 5609 Psal.

571 5626 712 5671 ξονι,
745 5617 797 5669 '7.
