  <div class='ocr_page' id='page_1' title='image "/cluster/home/n/w/nwhite01/storage/ocr_20150623/94/mdp.39015008918610/652.png"; bbox 0 0 4074 6146; ppageno 0'>
   <div class='ocr_carea' id='block_1_1' title="bbox 438 399 576 466">
    <p class='ocr_par' dir='ltr' id='par_1_1' title="bbox 438 399 576 466">
     <span class='ocr_line' id='line_1_1' title="bbox 438 399 576 466; baseline -0.007 0"><span class='ocrx_word' id='word_1_1' title='bbox 438 399 576 466; x_wconf 76' lang='grc'><strong>1289</strong></span> 
     </span>
    </p>
   </div>
   <div class='ocr_carea' id='block_1_2' title="bbox 1525 393 2544 460">
    <p class='ocr_par' dir='ltr' id='par_1_2' title="bbox 1525 393 2544 460">
     <span class='ocr_line' id='line_1_2' title="bbox 1525 393 2544 460; baseline -0.002 0"><span class='ocrx_word' id='word_1_2' title='bbox 1525 400 1622 460; x_wconf 90' lang='lat' dir='ltr'><strong>DE</strong></span> <span class='ocrx_word' id='word_1_3' title='bbox 1661 393 2120 458; x_wconf 75' lang='lat' dir='ltr'><strong>IMAGINIBUS</strong></span> <span class='ocrx_word' id='word_1_4' title='bbox 2158 394 2436 458; x_wconf 82' lang='lat' dir='ltr'><strong>ORATIO</strong></span> <span class='ocrx_word' id='word_1_5' title='bbox 2463 397 2544 458; x_wconf 90' lang='lat' dir='ltr'><strong>II.</strong></span> 
     </span>
    </p>
   </div>
   <div class='ocr_carea' id='block_1_3' title="bbox 3541 394 3677 462">
    <p class='ocr_par' dir='ltr' id='par_1_3' title="bbox 3541 394 3677 462">
     <span class='ocr_line' id='line_1_3' title="bbox 3541 394 3677 462; baseline -0.007 -2"><span class='ocrx_word' id='word_1_6' title='bbox 3541 394 3677 462; x_wconf 64' lang='lat'><strong>1.9.90</strong></span> 
     </span>
    </p>
   </div>
   <div class='ocr_carea' id='block_1_4' title="bbox 439 488 2001 586">
    <p class='ocr_par' dir='ltr' id='par_1_4' title="bbox 439 507 2001 586">
     <span class='ocr_line' id='line_1_4' title="bbox 439 507 2001 586; baseline -0.005 -18"><span class='ocrx_word' id='word_1_7' title='bbox 439 533 458 568; x_wconf 80' lang='grc' dir='ltr'><strong>ι</strong></span> <span class='ocrx_word' id='word_1_8' title='bbox 495 513 771 586; x_wconf 83' lang='grc' dir='ltr'>Ἑρευνᾶτε</span> <span class='ocrx_word' id='word_1_9' title='bbox 801 513 898 579; x_wconf 82' lang='grc' dir='ltr'>τὰς</span> <span class='ocrx_word' id='word_1_10' title='bbox 920 514 1176 586; x_wconf 68' lang='grc' dir='ltr'>Γραφάς;</span> <span class='ocrx_word' id='word_1_11' title='bbox 1212 533 1229 566; x_wconf 77' lang='grc' dir='ltr'><strong>ι</strong></span> <span class='ocrx_word' id='word_1_12' title='bbox 1269 513 1427 584; x_wconf 73' lang='grc' dir='ltr'><strong>Καλὴ</strong></span> <span class='ocrx_word' id='word_1_13' title='bbox 1449 512 1558 584; x_wconf 82' lang='grc' dir='ltr'>γὰρ</span> <span class='ocrx_word' id='word_1_14' title='bbox 1582 513 1616 584; x_wconf 76' lang='grc' dir='ltr'><strong>ἡ</strong></span> <span class='ocrx_word' id='word_1_15' title='bbox 1639 511 1748 565; x_wconf 91' lang='grc' dir='ltr'><strong>τῶν</strong></span> <span class='ocrx_word' id='word_1_16' title='bbox 1773 507 2001 580; x_wconf 83' lang='grc' dir='ltr'>Γραφῶν</span> 
     </span>
    </p>
   </div>
   <div class='ocr_carea' id='block_1_5' title="bbox 2104 488 3678 586">
    <p class='ocr_par' dir='ltr' id='par_1_5' title="bbox 2108 488 3678 577">
     <span class='ocr_line' id='line_1_5' title="bbox 2108 488 3678 577; baseline 0.001 -19"><span class='ocrx_word' id='word_1_17' title='bbox 2108 513 2298 574; x_wconf 89' lang='lat' dir='ltr'><strong>pturas</strong></span> <span class='ocrx_word' id='word_1_18' title='bbox 2327 508 2396 563; x_wconf 85' lang='grc'><strong>³³.</strong></span> <span class='ocrx_word' id='word_1_19' title='bbox 2424 526 2443 559; x_wconf 70' lang='grc' dir='ltr'><strong>ι</strong></span> <span class='ocrx_word' id='word_1_20' title='bbox 2490 505 2809 563; x_wconf 82' lang='lat' dir='ltr'><strong>Lautlabilis</strong></span> <span class='ocrx_word' id='word_1_21' title='bbox 2859 488 3062 577; x_wconf 68' lang='lat' dir='ltr'><strong>quippe</strong></span> <span class='ocrx_word' id='word_1_22' title='bbox 3119 511 3203 560; x_wconf 87' lang='lat' dir='ltr'><strong>est</strong></span> <span class='ocrx_word' id='word_1_23' title='bbox 3264 504 3678 576; x_wconf 85' lang='lat' dir='ltr'><strong>Scripturarutn</strong></span> 
     </span>
    </p>
   </div>
   <div class='ocr_carea' id='block_1_6' title="bbox 431 597 2003 674">
    <p class='ocr_par' dir='ltr' id='par_1_6' title="bbox 431 597 2003 674">
     <span class='ocr_line' id='line_1_6' title="bbox 431 597 2003 674; baseline -0.003 -20"><span class='ocrx_word' id='word_1_24' title='bbox 431 601 646 672; x_wconf 72' lang='grc' dir='ltr'>ἔρευνα.</span> <span class='ocrx_word' id='word_1_25' title='bbox 694 602 832 655; x_wconf 82' lang='grc' dir='ltr'>Ἀλλ’</span> <span class='ocrx_word' id='word_1_26' title='bbox 862 603 1097 657; x_wconf 81' lang='grc' dir='ltr'>ἐνταῦθα</span> <span class='ocrx_word' id='word_1_27' title='bbox 1137 602 1402 672; x_wconf 78' lang='grc' dir='ltr'>νουνεχῶς</span> <span class='ocrx_word' id='word_1_28' title='bbox 1458 601 1777 674; x_wconf 79' lang='grc' dir='ltr'><strong>προσέχετε.</strong></span> <span class='ocrx_word' id='word_1_29' title='bbox 1854 597 2003 651; x_wconf 85' lang='grc' dir='ltr'>Ἀδύ-</span> 
     </span>
    </p>
   </div>
   <div class='ocr_carea' id='block_1_7' title="bbox 431 683 2003 761">
    <p class='ocr_par' dir='ltr' id='par_1_7' title="bbox 431 683 2003 761">
     <span class='ocr_line' id='line_1_7' title="bbox 431 683 2003 761; baseline -0.004 -19"><span class='ocrx_word' id='word_1_30' title='bbox 431 707 612 756; x_wconf 88' lang='grc' dir='ltr'>νατον,</span> <span class='ocrx_word' id='word_1_31' title='bbox 645 683 691 745; x_wconf 84' lang='grc' dir='ltr'><strong>ὦ</strong></span> <span class='ocrx_word' id='word_1_32' title='bbox 714 691 1011 761; x_wconf 71' lang='grc' dir='ltr'>ἀγαπητοὶ,</span> <span class='ocrx_word' id='word_1_33' title='bbox 1037 689 1170 744; x_wconf 79' lang='grc' dir='ltr'>Θεὸν</span> <span class='ocrx_word' id='word_1_34' title='bbox 1198 689 1525 759; x_wconf 73' lang='grc' dir='ltr'>ψεύσασθαι.</span> <span class='ocrx_word' id='word_1_35' title='bbox 1560 685 1654 751; x_wconf 78' lang='grc' dir='ltr'><strong>Εἷς</strong></span> <span class='ocrx_word' id='word_1_36' title='bbox 1686 687 1798 756; x_wconf 89' lang='grc' dir='ltr'><strong>γάρ</strong></span> <span class='ocrx_word' id='word_1_37' title='bbox 1833 684 1854 706; x_wconf 91' lang='lat'><strong><em>°</em></strong></span> <span class='ocrx_word' id='word_1_38' title='bbox 1889 685 2003 736; x_wconf 80' lang='grc' dir='ltr'>ἐστι</span> 
     </span>
    </p>
   </div>
   <div class='ocr_carea' id='block_1_8' title="bbox 430 776 2002 853">
    <p class='ocr_par' dir='ltr' id='par_1_8' title="bbox 430 776 2002 853">
     <span class='ocr_line' id='line_1_8' title="bbox 430 776 2002 853; baseline -0.003 -20"><span class='ocrx_word' id='word_1_39' title='bbox 430 781 580 844; x_wconf 81' lang='grc' dir='ltr'>Θεὸς,</span> <span class='ocrx_word' id='word_1_40' title='bbox 611 777 692 847; x_wconf 75' lang='grc' dir='ltr'><strong>εἷς</strong></span> <span class='ocrx_word' id='word_1_41' title='bbox 721 783 1019 853; x_wconf 79' lang='grc' dir='ltr'><strong>νομοθέτης</strong></span> <span class='ocrx_word' id='word_1_42' title='bbox 1045 781 1289 844; x_wconf 79' lang='grc' dir='ltr'>Παλαιᾶς</span> <span class='ocrx_word' id='word_1_43' title='bbox 1320 781 1416 833; x_wconf 75' lang='grc' dir='ltr'><strong>καὶ</strong></span> <span class='ocrx_word' id='word_1_44' title='bbox 1453 779 1665 850; x_wconf 82' lang='grc' dir='ltr'><strong>Καινῆς</strong></span> <span class='ocrx_word' id='word_1_45' title='bbox 1707 776 2002 847; x_wconf 80' lang='grc' dir='ltr'>Διαθήκης,</span> 
     </span>
    </p>
   </div>
   <div class='ocr_carea' id='block_1_9' title="bbox 429 871 2004 946">
    <p class='ocr_par' dir='ltr' id='par_1_9' title="bbox 429 871 2004 946">
     <span class='ocr_line' id='line_1_9' title="bbox 429 871 2004 946; baseline -0.004 -18"><span class='ocrx_word' id='word_1_46' title='bbox 429 877 458 928; x_wconf 99' lang='lat'><strong>6</strong></span> <span class='ocrx_word' id='word_1_47' title='bbox 480 875 648 929; x_wconf 86' lang='grc' dir='ltr'>πάλαι</span> <span class='ocrx_word' id='word_1_48' title='bbox 677 876 914 946; x_wconf 83' lang='grc' dir='ltr'><strong>λαλήσας</strong></span> <span class='ocrx_word' id='word_1_49' title='bbox 968 874 1293 946; x_wconf 80' lang='grc' dir='ltr'>πολυμερῶς</span> <span class='ocrx_word' id='word_1_50' title='bbox 1339 874 1432 926; x_wconf 77' lang='grc' dir='ltr'>καὶ</span> <span class='ocrx_word' id='word_1_51' title='bbox 1483 871 1840 943; x_wconf 79' lang='grc' dir='ltr'><strong>πολυτρόπως</strong></span> <span class='ocrx_word' id='word_1_52' title='bbox 1891 872 2004 932; x_wconf 84' lang='grc' dir='ltr'>τοῖς</span> 
     </span>
    </p>
   </div>
   <div class='ocr_carea' id='block_1_10' title="bbox 431 961 2004 1038">
    <p class='ocr_par' dir='ltr' id='par_1_10' title="bbox 431 961 2004 1038">
     <span class='ocr_line' id='line_1_10' title="bbox 431 961 2004 1038; baseline -0.003 -20"><span class='ocrx_word' id='word_1_53' title='bbox 431 966 704 1035; x_wconf 80' lang='grc' dir='ltr'><strong>πατράσιν</strong></span> <span class='ocrx_word' id='word_1_54' title='bbox 747 969 804 1020; x_wconf 81' lang='grc' dir='ltr'>ὲν</span> <span class='ocrx_word' id='word_1_55' title='bbox 830 969 942 1030; x_wconf 88' lang='grc' dir='ltr'>τοῖς</span> <span class='ocrx_word' id='word_1_56' title='bbox 978 967 1310 1038; x_wconf 83' lang='grc' dir='ltr'>προφήταις,</span> <span class='ocrx_word' id='word_1_57' title='bbox 1339 965 1434 1019; x_wconf 76' lang='grc' dir='ltr'>καὶ</span> <span class='ocrx_word' id='word_1_58' title='bbox 1468 965 1554 1018; x_wconf 76' lang='grc' dir='ltr'>ἐπ’</span> <span class='ocrx_word' id='word_1_59' title='bbox 1602 962 1849 1033; x_wconf 78' lang='grc' dir='ltr'><strong>ἐσχάτων</strong></span> <span class='ocrx_word' id='word_1_60' title='bbox 1894 961 2004 1014; x_wconf 88' lang='grc' dir='ltr'><strong>τῶν</strong></span> 
     </span>
    </p>
   </div>
   <div class='ocr_carea' id='block_1_11' title="bbox 429 1054 2004 1129">
    <p class='ocr_par' dir='ltr' id='par_1_11' title="bbox 429 1054 2004 1129">
     <span class='ocr_line' id='line_1_11' title="bbox 429 1054 2004 1129; baseline -0.003 -18"><span class='ocrx_word' id='word_1_61' title='bbox 429 1057 636 1128; x_wconf 77' lang='grc' dir='ltr'>χρόνων</span> <span class='ocrx_word' id='word_1_62' title='bbox 671 1060 727 1111; x_wconf 82' lang='grc' dir='ltr'><strong>ὲν</strong></span> <span class='ocrx_word' id='word_1_63' title='bbox 759 1058 837 1128; x_wconf 81' lang='grc' dir='ltr'>τῷ</span> <span class='ocrx_word' id='word_1_64' title='bbox 875 1059 1155 1129; x_wconf 86' lang='grc' dir='ltr'>μονογενεῖ</span> <span class='ocrx_word' id='word_1_65' title='bbox 1175 1057 1341 1112; x_wconf 84' lang='grc' dir='ltr'>αὑτοῦ</span> <span class='ocrx_word' id='word_1_66' title='bbox 1379 1057 1515 1128; x_wconf 78' lang='grc' dir='ltr'><strong>Υἱῷ.</strong></span> <span class='ocrx_word' id='word_1_67' title='bbox 1555 1055 1861 1126; x_wconf 84' lang='grc' dir='ltr'>Προσέχετε</span> <span class='ocrx_word' id='word_1_68' title='bbox 1911 1054 2004 1108; x_wconf 84' lang='grc' dir='ltr'><strong>τὸν</strong></span> 
     </span>
    </p>
   </div>
   <div class='ocr_carea' id='block_1_12' title="bbox 431 1146 2005 1220">
    <p class='ocr_par' dir='ltr' id='par_1_12' title="bbox 431 1146 2005 1220">
     <span class='ocr_line' id='line_1_12' title="bbox 431 1146 2005 1220; baseline -0.001 -20"><span class='ocrx_word' id='word_1_69' title='bbox 431 1146 554 1201; x_wconf 92' lang='grc' dir='ltr'>νοῦν</span> <span class='ocrx_word' id='word_1_70' title='bbox 597 1147 734 1217; x_wconf 84' lang='grc' dir='ltr'>μετὰ</span> <span class='ocrx_word' id='word_1_71' title='bbox 780 1149 1100 1219; x_wconf 78' lang='grc' dir='ltr'>ἀκριϐείαςο</span> <span class='ocrx_word' id='word_1_72' title='bbox 1144 1150 1244 1203; x_wconf 89' lang='grc' dir='ltr'><strong>ούκ</strong></span> <span class='ocrx_word' id='word_1_73' title='bbox 1294 1149 1426 1220; x_wconf 75' lang='grc' dir='ltr'>ἐμὸς</span> <span class='ocrx_word' id='word_1_74' title='bbox 1467 1151 1496 1203; x_wconf 88' lang='lat'><strong>6</strong></span> <span class='ocrx_word' id='word_1_75' title='bbox 1541 1147 1700 1218; x_wconf 86' lang='grc' dir='ltr'>λόγος</span> <span class='ocrx_word' id='word_1_76' title='bbox 1749 1147 1865 1200; x_wconf 77' lang='grc' dir='ltr'>ἐστί</span> <span class='ocrx_word' id='word_1_77' title='bbox 1895 1162 1909 1176; x_wconf 81' lang='grc'><strong><em>⁸</em></strong></span> <span class='ocrx_word' id='word_1_78' title='bbox 1944 1146 2005 1200; x_wconf 84' lang='grc' dir='ltr'><strong>τὸ</strong></span> 
     </span>
    </p>
   </div>
   <div class='ocr_carea' id='block_1_13' title="bbox 428 1236 2001 1308">
    <p class='ocr_par' dir='ltr' id='par_1_13' title="bbox 428 1236 2001 1308">
     <span class='ocr_line' id='line_1_13' title="bbox 428 1236 2001 1308; baseline 0 -19"><span class='ocrx_word' id='word_1_79' title='bbox 428 1236 656 1308; x_wconf 81' lang='grc' dir='ltr'>Πνεῦμα</span> <span class='ocrx_word' id='word_1_80' title='bbox 685 1238 748 1292; x_wconf 85' lang='grc' dir='ltr'><strong>τὸ</strong></span> <span class='ocrx_word' id='word_1_81' title='bbox 785 1239 943 1306; x_wconf 79' lang='grc' dir='ltr'>ἀγιον</span> <span class='ocrx_word' id='word_1_82' title='bbox 972 1239 1061 1293; x_wconf 79' lang='grc' dir='ltr'>διὰ</span> <span class='ocrx_word' id='word_1_83' title='bbox 1091 1240 1308 1293; x_wconf 80' lang='grc' dir='ltr'>Παύλου</span> <span class='ocrx_word' id='word_1_84' title='bbox 1357 1239 1452 1293; x_wconf 87' lang='grc' dir='ltr'><strong>τοῦ</strong></span> <span class='ocrx_word' id='word_1_85' title='bbox 1501 1239 1657 1308; x_wconf 80' lang='grc' dir='ltr'>ἁγίου</span> <span class='ocrx_word' id='word_1_86' title='bbox 1700 1236 2001 1291; x_wconf 81' lang='grc' dir='ltr'>ἀποστόλου</span> 
     </span>
    </p>
   </div>
   <div class='ocr_carea' id='block_1_14' title="bbox 428 1330 2002 1403">
    <p class='ocr_par' dir='ltr' id='par_1_14' title="bbox 428 1330 2002 1403">
     <span class='ocr_line' id='line_1_14' title="bbox 428 1330 2002 1403; baseline 0 -20"><span class='ocrx_word' id='word_1_87' title='bbox 428 1330 767 1402; x_wconf 76' lang='grc' dir='ltr'>ἀπεφήνατο,</span> <span class='ocrx_word' id='word_1_88' title='bbox 809 1349 829 1383; x_wconf 84' lang='grc' dir='ltr'><strong>ι</strong></span> <span class='ocrx_word' id='word_1_89' title='bbox 860 1332 1190 1403; x_wconf 86' lang='grc' dir='ltr'>Πολυμερῶς</span> <span class='ocrx_word' id='word_1_90' title='bbox 1216 1332 1312 1387; x_wconf 74' lang='grc' dir='ltr'>καὶ</span> <span class='ocrx_word' id='word_1_91' title='bbox 1353 1331 1709 1403; x_wconf 82' lang='grc' dir='ltr'>πολυτρόπως</span> <span class='ocrx_word' id='word_1_92' title='bbox 1764 1330 1931 1384; x_wconf 90' lang='grc' dir='ltr'>πάλαι</span> <span class='ocrx_word' id='word_1_93' title='bbox 1974 1331 2002 1383; x_wconf 92' lang='grc' dir='ltr'><strong>ό</strong></span> 
     </span>
    </p>
   </div>
   <div class='ocr_carea' id='block_1_15' title="bbox 427 1421 1997 1494">
    <p class='ocr_par' dir='ltr' id='par_1_15' title="bbox 427 1421 1997 1494">
     <span class='ocr_line' id='line_1_15' title="bbox 427 1421 1997 1494; baseline 0 -20"><span class='ocrx_word' id='word_1_94' title='bbox 427 1421 557 1485; x_wconf 83' lang='grc' dir='ltr'>Θεὸς</span> <span class='ocrx_word' id='word_1_95' title='bbox 589 1421 833 1493; x_wconf 80' lang='grc' dir='ltr'><strong>λαλήσας</strong></span> <span class='ocrx_word' id='word_1_96' title='bbox 870 1425 981 1486; x_wconf 85' lang='grc' dir='ltr'>τοῖς</span> <span class='ocrx_word' id='word_1_97' title='bbox 1015 1423 1288 1494; x_wconf 85' lang='grc' dir='ltr'><strong>πατράσιν</strong></span> <span class='ocrx_word' id='word_1_98' title='bbox 1325 1425 1385 1478; x_wconf 73' lang='grc' dir='ltr'>ὲν</span> <span class='ocrx_word' id='word_1_99' title='bbox 1429 1426 1545 1487; x_wconf 89' lang='grc' dir='ltr'>τοῖς</span> <span class='ocrx_word' id='word_1_100' title='bbox 1586 1423 1928 1494; x_wconf 82' lang='grc' dir='ltr'>προφήταις.</span> <span class='ocrx_word' id='word_1_101' title='bbox 1976 1440 1997 1474; x_wconf 74' lang='grc' dir='ltr'><strong>ι</strong></span> 
     </span>
    </p>
   </div>
   <div class='ocr_carea' id='block_1_16' title="bbox 428 1513 2004 1588">
    <p class='ocr_par' dir='ltr' id='par_1_16' title="bbox 428 1513 2004 1588">
     <span class='ocr_line' id='line_1_16' title="bbox 428 1513 2004 1588; baseline 0 -20"><span class='ocrx_word' id='word_1_102' title='bbox 428 1513 573 1585; x_wconf 75' lang='grc' dir='ltr'>Ὅρα.</span> <span class='ocrx_word' id='word_1_103' title='bbox 618 1515 700 1569; x_wconf 81' lang='grc' dir='ltr'><strong>ὅτι</strong></span> <span class='ocrx_word' id='word_1_104' title='bbox 755 1515 1077 1586; x_wconf 82' lang='grc' dir='ltr'>πολυμερῶς</span> <span class='ocrx_word' id='word_1_105' title='bbox 1129 1517 1225 1569; x_wconf 71' lang='grc' dir='ltr'>καὶ</span> <span class='ocrx_word' id='word_1_106' title='bbox 1277 1515 1629 1586; x_wconf 80' lang='grc' dir='ltr'>πολυτρόπως</span> <span class='ocrx_word' id='word_1_107' title='bbox 1677 1515 1938 1588; x_wconf 67' lang='grc' dir='ltr'>ἐλάλησεν</span> <span class='ocrx_word' id='word_1_108' title='bbox 1975 1516 2004 1568; x_wconf 90' lang='grc' dir='ltr'><strong>ό</strong></span> 
     </span>
    </p>
   </div>
   <div class='ocr_carea' id='block_1_17' title="bbox 427 1603 1999 1678">
    <p class='ocr_par' dir='ltr' id='par_1_17' title="bbox 427 1603 1999 1678">
     <span class='ocr_line' id='line_1_17' title="bbox 427 1603 1999 1678; baseline 0.001 -20"><span class='ocrx_word' id='word_1_109' title='bbox 427 1605 579 1668; x_wconf 89' lang='grc' dir='ltr'>Θεός.</span> <span class='ocrx_word' id='word_1_110' title='bbox 605 1607 821 1677; x_wconf 80' lang='grc' dir='ltr'>’Ὥσπερ</span> <span class='ocrx_word' id='word_1_111' title='bbox 853 1605 961 1677; x_wconf 86' lang='grc' dir='ltr'>γὰρ</span> <span class='ocrx_word' id='word_1_112' title='bbox 1006 1608 1328 1677; x_wconf 73' lang='grc' dir='ltr'>ἐπιστήμων</span> <span class='ocrx_word' id='word_1_113' title='bbox 1363 1607 1545 1678; x_wconf 78' lang='grc' dir='ltr'>ἰατρὸς</span> <span class='ocrx_word' id='word_1_114' title='bbox 1576 1608 1635 1660; x_wconf 84' lang='grc' dir='ltr'>οὐ</span> <span class='ocrx_word' id='word_1_115' title='bbox 1669 1607 1730 1659; x_wconf 86' lang='grc' dir='ltr'>τὺ</span> <span class='ocrx_word' id='word_1_116' title='bbox 1759 1607 1891 1660; x_wconf 82' lang='grc' dir='ltr'>αὐτὸ</span> <span class='ocrx_word' id='word_1_117' title='bbox 1921 1603 1999 1659; x_wconf 81' lang='grc' dir='ltr'><strong>εἶ-</strong></span> 
     </span>
    </p>
   </div>
   <div class='ocr_carea' id='block_1_18' title="bbox 425 1697 2001 1768">
    <p class='ocr_par' dir='ltr' id='par_1_18' title="bbox 425 1697 2001 1768">
     <span class='ocr_line' id='line_1_18' title="bbox 425 1697 2001 1768; baseline 0.001 -18"><span class='ocrx_word' id='word_1_118' title='bbox 425 1697 514 1760; x_wconf 86' lang='grc' dir='ltr'><strong>δος</strong></span> <span class='ocrx_word' id='word_1_119' title='bbox 540 1698 674 1750; x_wconf 81' lang='grc' dir='ltr'>πᾶσι</span> <span class='ocrx_word' id='word_1_120' title='bbox 700 1697 940 1762; x_wconf 84' lang='grc' dir='ltr'>δίδωσιν,</span> <span class='ocrx_word' id='word_1_121' title='bbox 967 1698 1090 1751; x_wconf 78' lang='grc' dir='ltr'>οὐδὲ</span> <span class='ocrx_word' id='word_1_122' title='bbox 1138 1699 1391 1762; x_wconf 88' lang='grc' dir='ltr'>πάντοτε,</span> <span class='ocrx_word' id='word_1_123' title='bbox 1433 1698 1549 1752; x_wconf 86' lang='grc' dir='ltr'>ἀλλ’</span> <span class='ocrx_word' id='word_1_124' title='bbox 1590 1697 1807 1768; x_wconf 81' lang='grc' dir='ltr'>ἑκάστῳ</span> <span class='ocrx_word' id='word_1_125' title='bbox 1859 1701 2001 1751; x_wconf 84' lang='grc' dir='ltr'><strong>κατά</strong></span> 
     </span>
    </p>
   </div>
   <div class='ocr_carea' id='block_1_19' title="bbox 425 1787 2002 1860">
    <p class='ocr_par' dir='ltr' id='par_1_19' title="bbox 425 1787 2002 1860">
     <span class='ocr_line' id='line_1_19' title="bbox 425 1787 2002 1860; baseline -0.001 -18"><span class='ocrx_word' id='word_1_126' title='bbox 425 1787 527 1860; x_wconf 82' lang='grc' dir='ltr'>τὴν</span> <span class='ocrx_word' id='word_1_127' title='bbox 550 1788 663 1853; x_wconf 81' lang='grc' dir='ltr'>’ἐξιν</span> <span class='ocrx_word' id='word_1_128' title='bbox 698 1790 930 1860; x_wconf 81' lang='grc' dir='ltr'>παρέχει</span> <span class='ocrx_word' id='word_1_129' title='bbox 959 1789 1018 1842; x_wconf 74' lang='grc' dir='ltr'>τὸ</span> <span class='ocrx_word' id='word_1_130' title='bbox 1053 1791 1363 1860; x_wconf 81' lang='grc' dir='ltr'>φάρμακον,</span> <span class='ocrx_word' id='word_1_131' title='bbox 1393 1789 1707 1860; x_wconf 82' lang='grc' dir='ltr'>διακρίνων,</span> <span class='ocrx_word' id='word_1_132' title='bbox 1740 1790 1832 1844; x_wconf 78' lang='grc' dir='ltr'><strong>καὶ</strong></span> <span class='ocrx_word' id='word_1_133' title='bbox 1892 1789 2002 1860; x_wconf 83' lang='grc' dir='ltr'>χώ-</span> 
     </span>
    </p>
   </div>
   <div class='ocr_carea' id='block_1_20' title="bbox 429 1879 2002 1950">
    <p class='ocr_par' dir='ltr' id='par_1_20' title="bbox 429 1879 2002 1950">
     <span class='ocr_line' id='line_1_20' title="bbox 429 1879 2002 1950; baseline -0.001 -18"><span class='ocrx_word' id='word_1_134' title='bbox 429 1896 550 1950; x_wconf 91' lang='grc' dir='ltr'>ραν,</span> <span class='ocrx_word' id='word_1_135' title='bbox 595 1881 692 1933; x_wconf 74' lang='grc' dir='ltr'>καὶ</span> <span class='ocrx_word' id='word_1_136' title='bbox 729 1881 907 1944; x_wconf 85' lang='grc' dir='ltr'>νόσον,</span> <span class='ocrx_word' id='word_1_137' title='bbox 935 1881 1030 1934; x_wconf 83' lang='grc' dir='ltr'><strong>καὶ</strong></span> <span class='ocrx_word' id='word_1_138' title='bbox 1074 1880 1290 1950; x_wconf 81' lang='grc' dir='ltr'>καιρὸν,</span> <span class='ocrx_word' id='word_1_139' title='bbox 1350 1883 1447 1934; x_wconf 77' lang='grc' dir='ltr'><strong>καὶ</strong></span> <span class='ocrx_word' id='word_1_140' title='bbox 1476 1880 1727 1950; x_wconf 78' lang='grc' dir='ltr'>ἠλικίαν·</span> <span class='ocrx_word' id='word_1_141' title='bbox 1787 1882 1882 1934; x_wconf 75' lang='grc' dir='ltr'>καὶ</span> <span class='ocrx_word' id='word_1_142' title='bbox 1924 1879 2002 1950; x_wconf 82' lang='grc' dir='ltr'>τῷ</span> 
     </span>
    </p>
   </div>
   <div class='ocr_carea' id='block_1_21' title="bbox 431 1969 2001 2043">
    <p class='ocr_par' dir='ltr' id='par_1_21' title="bbox 431 1969 2001 2043">
     <span class='ocr_line' id='line_1_21' title="bbox 431 1969 2001 2043; baseline 0.002 -21"><span class='ocrx_word' id='word_1_143' title='bbox 431 1970 529 2040; x_wconf 82' lang='grc' dir='ltr'><strong>μὲν</strong></span> <span class='ocrx_word' id='word_1_144' title='bbox 557 1971 759 2041; x_wconf 82' lang='grc' dir='ltr'>νηπίῳ,</span> <span class='ocrx_word' id='word_1_145' title='bbox 792 1971 1004 2043; x_wconf 70' lang='grc' dir='ltr'>ἕτερον,</span> <span class='ocrx_word' id='word_1_146' title='bbox 1043 1971 1123 2042; x_wconf 85' lang='grc' dir='ltr'>τῷ</span> <span class='ocrx_word' id='word_1_147' title='bbox 1157 1971 1214 2025; x_wconf 80' lang='grc' dir='ltr'>δὲ</span> <span class='ocrx_word' id='word_1_148' title='bbox 1239 1970 1430 2042; x_wconf 84' lang='grc' dir='ltr'>τελείῳ</span> <span class='ocrx_word' id='word_1_149' title='bbox 1468 1969 1613 2025; x_wconf 73' lang='grc' dir='ltr'>κατὰ</span> <span class='ocrx_word' id='word_1_150' title='bbox 1636 1971 1737 2042; x_wconf 79' lang='grc' dir='ltr'><strong>τὴν</strong></span> <span class='ocrx_word' id='word_1_151' title='bbox 1762 1971 2001 2042; x_wconf 83' lang='grc' dir='ltr'>ἡλικίαν,</span> 
     </span>
    </p>
   </div>
   <div class='ocr_carea' id='block_1_22' title="bbox 427 2062 2002 2134">
    <p class='ocr_par' dir='ltr' id='par_1_22' title="bbox 427 2062 2002 2134">
     <span class='ocr_line' id='line_1_22' title="bbox 427 2062 2002 2134; baseline 0 -18"><span class='ocrx_word' id='word_1_152' title='bbox 427 2062 644 2134; x_wconf 73' lang='grc' dir='ltr'>ἕτερον·</span> <span class='ocrx_word' id='word_1_153' title='bbox 678 2063 909 2134; x_wconf 82' lang='grc' dir='ltr'>ἄλλοτῷ</span> <span class='ocrx_word' id='word_1_154' title='bbox 956 2063 1194 2131; x_wconf 92' lang='grc' dir='ltr'>ἀσθενεῖ,</span> <span class='ocrx_word' id='word_1_155' title='bbox 1246 2063 1342 2117; x_wconf 77' lang='grc' dir='ltr'>καὶ</span> <span class='ocrx_word' id='word_1_156' title='bbox 1391 2063 1519 2118; x_wconf 86' lang='grc' dir='ltr'>ἀλλο</span> <span class='ocrx_word' id='word_1_157' title='bbox 1559 2062 1635 2134; x_wconf 85' lang='grc' dir='ltr'><strong>τῷ</strong></span> <span class='ocrx_word' id='word_1_158' title='bbox 1682 2064 2002 2132; x_wconf 79' lang='grc' dir='ltr'>ὑγιαίνοντι,</span> 
     </span>
    </p>
   </div>
   <div class='ocr_carea' id='block_1_23' title="bbox 426 2155 2004 2228">
    <p class='ocr_par' dir='ltr' id='par_1_23' title="bbox 426 2155 2004 2228">
     <span class='ocr_line' id='line_1_23' title="bbox 426 2155 2004 2228; baseline -0.001 -18"><span class='ocrx_word' id='word_1_159' title='bbox 426 2156 522 2210; x_wconf 73' lang='grc' dir='ltr'><strong>καὶ</strong></span> <span class='ocrx_word' id='word_1_160' title='bbox 541 2157 757 2227; x_wconf 78' lang='grc' dir='ltr'>ἑκάστῳ</span> <span class='ocrx_word' id='word_1_161' title='bbox 782 2157 892 2211; x_wconf 93' lang='grc' dir='ltr'><strong>τῶν</strong></span> <span class='ocrx_word' id='word_1_162' title='bbox 920 2155 1316 2221; x_wconf 84' lang='grc' dir='ltr'>ἀσθενούντων,</span> <span class='ocrx_word' id='word_1_163' title='bbox 1342 2157 1402 2210; x_wconf 81' lang='grc' dir='ltr'><strong>ού</strong></span> <span class='ocrx_word' id='word_1_164' title='bbox 1427 2155 1488 2210; x_wconf 81' lang='grc' dir='ltr'>τὸ</span> <span class='ocrx_word' id='word_1_165' title='bbox 1510 2156 1665 2221; x_wconf 82' lang='grc' dir='ltr'>αὐτὸ,</span> <span class='ocrx_word' id='word_1_166' title='bbox 1697 2155 1833 2210; x_wconf 87' lang='grc' dir='ltr'><strong>ἀλλά</strong></span> <span class='ocrx_word' id='word_1_167' title='bbox 1867 2157 2004 2228; x_wconf 81' lang='grc' dir='ltr'>πρὸς</span> 
     </span>
    </p>
   </div>
   <div class='ocr_carea' id='block_1_24' title="bbox 425 2246 2003 2320">
    <p class='ocr_par' dir='ltr' id='par_1_24' title="bbox 425 2246 2003 2320">
     <span class='ocr_line' id='line_1_24' title="bbox 425 2246 2003 2320; baseline 0.001 -21"><span class='ocrx_word' id='word_1_168' title='bbox 425 2247 524 2318; x_wconf 85' lang='grc' dir='ltr'><strong>τὴν</strong></span> <span class='ocrx_word' id='word_1_169' title='bbox 555 2247 668 2312; x_wconf 83' lang='grc' dir='ltr'>ἓξιν</span> <span class='ocrx_word' id='word_1_170' title='bbox 691 2248 784 2301; x_wconf 79' lang='grc' dir='ltr'>καὶ</span> <span class='ocrx_word' id='word_1_171' title='bbox 815 2248 916 2320; x_wconf 84' lang='grc' dir='ltr'>τὴν</span> <span class='ocrx_word' id='word_1_172' title='bbox 948 2248 1103 2312; x_wconf 75' lang='grc' dir='ltr'>νόσον</span> <span class='ocrx_word' id='word_1_173' title='bbox 1127 2264 1141 2279; x_wconf 82' lang='grc'><em>’</em></span> <span class='ocrx_word' id='word_1_174' title='bbox 1185 2248 1280 2302; x_wconf 74' lang='grc' dir='ltr'><strong>καὶ</strong></span> <span class='ocrx_word' id='word_1_175' title='bbox 1307 2247 1438 2303; x_wconf 82' lang='grc' dir='ltr'>ἀλλο</span> <span class='ocrx_word' id='word_1_176' title='bbox 1458 2247 1538 2318; x_wconf 84' lang='grc' dir='ltr'>τῷ</span> <span class='ocrx_word' id='word_1_177' title='bbox 1571 2246 1742 2318; x_wconf 82' lang='grc' dir='ltr'>θέρει,</span> <span class='ocrx_word' id='word_1_178' title='bbox 1770 2248 1868 2301; x_wconf 75' lang='grc' dir='ltr'><strong>καὶ</strong></span> <span class='ocrx_word' id='word_1_179' title='bbox 1887 2267 2003 2319; x_wconf 88' lang='grc' dir='ltr'>χει-</span> 
     </span>
    </p>
   </div>
   <div class='ocr_carea' id='block_1_25' title="bbox 430 2338 2003 2411">
    <p class='ocr_par' dir='ltr' id='par_1_25' title="bbox 430 2338 2003 2411">
     <span class='ocr_line' id='line_1_25' title="bbox 430 2338 2003 2411; baseline 0.001 -19"><span class='ocrx_word' id='word_1_180' title='bbox 430 2339 570 2410; x_wconf 85' lang='grc' dir='ltr'>μῶνι</span> <span class='ocrx_word' id='word_1_181' title='bbox 597 2339 801 2410; x_wconf 77' lang='grc' dir='ltr'>ἕτερον.</span> <span class='ocrx_word' id='word_1_182' title='bbox 836 2338 1139 2411; x_wconf 80' lang='grc' dir='ltr'>μετοπώρῳ</span> <span class='ocrx_word' id='word_1_183' title='bbox 1160 2356 1221 2392; x_wconf 83' lang='grc' dir='ltr'><strong>τε</strong></span> <span class='ocrx_word' id='word_1_184' title='bbox 1250 2339 1347 2394; x_wconf 75' lang='grc' dir='ltr'>καὶ</span> <span class='ocrx_word' id='word_1_185' title='bbox 1384 2339 1528 2411; x_wconf 80' lang='grc' dir='ltr'>ἔαρι,</span> <span class='ocrx_word' id='word_1_186' title='bbox 1563 2339 1658 2392; x_wconf 78' lang='grc' dir='ltr'>καὶ</span> <span class='ocrx_word' id='word_1_187' title='bbox 1691 2340 1750 2392; x_wconf 84' lang='grc' dir='ltr'>ὲν</span> <span class='ocrx_word' id='word_1_188' title='bbox 1787 2341 2003 2411; x_wconf 77' lang='grc' dir='ltr'>ἑκάστῳ</span> 
     </span>
    </p>
   </div>
   <div class='ocr_carea' id='block_1_26' title="bbox 424 2430 2003 2503">
    <p class='ocr_par' dir='ltr' id='par_1_26' title="bbox 424 2430 2003 2503">
     <span class='ocr_line' id='line_1_26' title="bbox 424 2430 2003 2503; baseline 0.001 -19"><span class='ocrx_word' id='word_1_189' title='bbox 424 2431 577 2502; x_wconf 86' lang='grc' dir='ltr'>τόπῳ</span> <span class='ocrx_word' id='word_1_190' title='bbox 609 2431 752 2484; x_wconf 86' lang='grc' dir='ltr'><strong>κατά</strong></span> <span class='ocrx_word' id='word_1_191' title='bbox 780 2432 878 2500; x_wconf 82' lang='grc' dir='ltr'>τὴν</span> <span class='ocrx_word' id='word_1_192' title='bbox 903 2430 997 2484; x_wconf 90' lang='grc' dir='ltr'><strong>τοῦ</strong></span> <span class='ocrx_word' id='word_1_193' title='bbox 1027 2432 1192 2485; x_wconf 85' lang='grc' dir='ltr'>τόπου</span> <span class='ocrx_word' id='word_1_194' title='bbox 1226 2431 1644 2503; x_wconf 72' lang='grc' dir='ltr'>ἐπιτηδειότητα</span> <span class='ocrx_word' id='word_1_195' title='bbox 1668 2449 1683 2462; x_wconf 74' lang='grc' dir='ltr'><strong>ο</strong></span> <span class='ocrx_word' id='word_1_196' title='bbox 1720 2431 1864 2485; x_wconf 79' lang='grc' dir='ltr'>οὕτω</span> <span class='ocrx_word' id='word_1_197' title='bbox 1910 2433 2003 2485; x_wconf 80' lang='grc' dir='ltr'>καὶ</span> 
     </span>
    </p>
   </div>
   <div class='ocr_carea' id='block_1_27' title="bbox 424 2521 2002 2595">
    <p class='ocr_par' dir='ltr' id='par_1_27' title="bbox 424 2521 2002 2595">
     <span class='ocr_line' id='line_1_27' title="bbox 424 2521 2002 2595; baseline 0 -18"><span class='ocrx_word' id='word_1_198' title='bbox 424 2525 454 2577; x_wconf 91' lang='lat'><strong>6</strong></span> <span class='ocrx_word' id='word_1_199' title='bbox 485 2522 707 2592; x_wconf 80' lang='grc' dir='ltr'>ἀριστος</span> <span class='ocrx_word' id='word_1_200' title='bbox 735 2521 846 2576; x_wconf 88' lang='grc' dir='ltr'><strong>τῶν</strong></span> <span class='ocrx_word' id='word_1_201' title='bbox 875 2522 1063 2592; x_wconf 78' lang='grc' dir='ltr'>ψυχῶν</span> <span class='ocrx_word' id='word_1_202' title='bbox 1093 2523 1296 2593; x_wconf 79' lang='grc' dir='ltr'>ἰατρὸς,</span> <span class='ocrx_word' id='word_1_203' title='bbox 1321 2525 1435 2586; x_wconf 87' lang='grc' dir='ltr'>τοῖς</span> <span class='ocrx_word' id='word_1_204' title='bbox 1481 2522 1566 2576; x_wconf 81' lang='grc' dir='ltr'>ἔτι</span> <span class='ocrx_word' id='word_1_205' title='bbox 1614 2523 1851 2595; x_wconf 87' lang='grc' dir='ltr'>νηπίοις,</span> <span class='ocrx_word' id='word_1_206' title='bbox 1906 2524 2002 2578; x_wconf 76' lang='grc' dir='ltr'><strong>καὶ</strong></span> 
     </span>
    </p>
   </div>
   <div class='ocr_carea' id='block_1_28' title="bbox 425 2611 2000 2684">
    <p class='ocr_par' dir='ltr' id='par_1_28' title="bbox 425 2611 2000 2684">
     <span class='ocr_line' id='line_1_28' title="bbox 425 2611 2000 2684; baseline 0.001 -17"><span class='ocrx_word' id='word_1_207' title='bbox 425 2612 770 2684; x_wconf 76' lang='grc' dir='ltr'>ἀρρωστοῦσι</span> <span class='ocrx_word' id='word_1_208' title='bbox 796 2613 896 2683; x_wconf 84' lang='grc' dir='ltr'>τὴν</span> <span class='ocrx_word' id='word_1_209' title='bbox 923 2613 1060 2684; x_wconf 82' lang='grc' dir='ltr'>πρὸς</span> <span class='ocrx_word' id='word_1_210' title='bbox 1099 2611 1545 2684; x_wconf 79' lang='grc' dir='ltr'>εἰδωλολατρείαν</span> <span class='ocrx_word' id='word_1_211' title='bbox 1575 2613 1752 2678; x_wconf 83' lang='grc' dir='ltr'>νόσον,</span> <span class='ocrx_word' id='word_1_212' title='bbox 1794 2614 1891 2667; x_wconf 70' lang='grc' dir='ltr'>καὶ</span> <span class='ocrx_word' id='word_1_213' title='bbox 1933 2613 2000 2668; x_wconf 86' lang='grc' dir='ltr'>τὰ</span> 
     </span>
    </p>
   </div>
   <div class='ocr_carea' id='block_1_29' title="bbox 426 2704 2002 2778">
    <p class='ocr_par' dir='ltr' id='par_1_29' title="bbox 426 2704 2002 2778">
     <span class='ocr_line' id='line_1_29' title="bbox 426 2704 2002 2778; baseline 0.003 -22"><span class='ocrx_word' id='word_1_214' title='bbox 426 2705 619 2758; x_wconf 74' lang='grc' dir='ltr'>εἴδωλα</span> <span class='ocrx_word' id='word_1_215' title='bbox 649 2704 803 2766; x_wconf 82' lang='grc' dir='ltr'>θεοὺς</span> <span class='ocrx_word' id='word_1_216' title='bbox 835 2706 1184 2775; x_wconf 79' lang='grc' dir='ltr'>ἡγουμένοις,</span> <span class='ocrx_word' id='word_1_217' title='bbox 1219 2706 1314 2758; x_wconf 77' lang='grc' dir='ltr'><strong>καὶ</strong></span> <span class='ocrx_word' id='word_1_218' title='bbox 1341 2705 1416 2769; x_wconf 87' lang='grc' dir='ltr'>ὡς</span> <span class='ocrx_word' id='word_1_219' title='bbox 1441 2705 1584 2770; x_wconf 80' lang='grc' dir='ltr'>θεοῖς</span> <span class='ocrx_word' id='word_1_220' title='bbox 1615 2707 1799 2770; x_wconf 81' lang='grc' dir='ltr'>αὐτοῖς</span> <span class='ocrx_word' id='word_1_221' title='bbox 1830 2724 2002 2778; x_wconf 85' lang='grc' dir='ltr'>προσ-</span> 
     </span>
    </p>
   </div>
   <div class='ocr_carea' id='block_1_30' title="bbox 427 2792 1997 2875">
    <p class='ocr_par' dir='ltr' id='par_1_30' title="bbox 427 2792 1997 2875">
     <span class='ocr_line' id='line_1_30' title="bbox 427 2792 1997 2875; baseline 0.004 -29"><span class='ocrx_word' id='word_1_222' title='bbox 427 2792 703 2858; x_wconf 86' lang='grc' dir='ltr'>κυνοῦσιν,</span> <span class='ocrx_word' id='word_1_223' title='bbox 747 2795 842 2846; x_wconf 78' lang='grc' dir='ltr'>καὶ</span> <span class='ocrx_word' id='word_1_224' title='bbox 864 2793 1146 2847; x_wconf 85' lang='grc' dir='ltr'>ἀθετοῦσιν</span> <span class='ocrx_word' id='word_1_225' title='bbox 1187 2795 1287 2864; x_wconf 83' lang='grc' dir='ltr'><strong>τὴν</strong></span> <span class='ocrx_word' id='word_1_226' title='bbox 1313 2795 1409 2848; x_wconf 88' lang='grc' dir='ltr'><strong>τοῦ</strong></span> <span class='ocrx_word' id='word_1_227' title='bbox 1427 2795 1572 2875; x_wconf 86' lang='grc' dir='ltr'><strong>⁹Θεοῦ</strong></span> <span class='ocrx_word' id='word_1_228' title='bbox 1605 2797 1997 2870; x_wconf 75' lang='grc' dir='ltr'>προσκύνησιν,</span> 
     </span>
    </p>
   </div>
   <div class='ocr_carea' id='block_1_31' title="bbox 426 2882 2001 2962">
    <p class='ocr_par' dir='ltr' id='par_1_31' title="bbox 426 2882 2001 2962">
     <span class='ocr_line' id='line_1_31' title="bbox 426 2882 2001 2962; baseline 0.001 -22"><span class='ocrx_word' id='word_1_229' title='bbox 426 2882 522 2940; x_wconf 79' lang='grc' dir='ltr'><strong>καὶ</strong></span> <span class='ocrx_word' id='word_1_230' title='bbox 547 2883 648 2962; x_wconf 84' lang='grc' dir='ltr'>τὴν</span> <span class='ocrx_word' id='word_1_231' title='bbox 677 2883 840 2937; x_wconf 85' lang='grc' dir='ltr'>αὐτοῦ</span> <span class='ocrx_word' id='word_1_232' title='bbox 865 2883 1024 2948; x_wconf 76' lang='grc' dir='ltr'>δόξαν</span> <span class='ocrx_word' id='word_1_233' title='bbox 1049 2887 1116 2954; x_wconf 76' lang='grc' dir='ltr'>τῇ</span> <span class='ocrx_word' id='word_1_234' title='bbox 1143 2884 1319 2937; x_wconf 88' lang='grc' dir='ltr'>κτίσει</span> <span class='ocrx_word' id='word_1_235' title='bbox 1356 2887 1748 2956; x_wconf 85' lang='grc' dir='ltr'>προσάγουσιν,</span> <span class='ocrx_word' id='word_1_236' title='bbox 1790 2891 2001 2960; x_wconf 85' lang='grc' dir='ltr'>ἀπηγό-</span> 
     </span>
    </p>
   </div>
   <div class='ocr_carea' id='block_1_32' title="bbox 431 2974 2002 3050">
    <p class='ocr_par' dir='ltr' id='par_1_32' title="bbox 431 2974 2002 3050">
     <span class='ocr_line' id='line_1_32' title="bbox 431 2974 2002 3050; baseline 0.005 -22"><span class='ocrx_word' id='word_1_237' title='bbox 431 2991 593 3047; x_wconf 86' lang='grc' dir='ltr'>ρευσε</span> <span class='ocrx_word' id='word_1_238' title='bbox 617 2974 776 3028; x_wconf 92' lang='grc' dir='ltr'>τοῦτο</span> <span class='ocrx_word' id='word_1_239' title='bbox 803 2978 1001 3032; x_wconf 87' lang='grc' dir='ltr'>ποιεῖν.</span> <span class='ocrx_word' id='word_1_240' title='bbox 1032 2975 1170 3029; x_wconf 86' lang='grc' dir='ltr'>Θεοῦ</span> <span class='ocrx_word' id='word_1_241' title='bbox 1197 2978 1296 3047; x_wconf 82' lang='grc' dir='ltr'>μὲν</span> <span class='ocrx_word' id='word_1_242' title='bbox 1317 2978 1424 3048; x_wconf 87' lang='grc' dir='ltr'>γὰρ</span> <span class='ocrx_word' id='word_1_243' title='bbox 1441 2978 1536 3031; x_wconf 88' lang='grc' dir='ltr'><strong>τοῦ</strong></span> <span class='ocrx_word' id='word_1_244' title='bbox 1555 2981 1876 3050; x_wconf 83' lang='grc' dir='ltr'>ἀσωμάτου,</span> <span class='ocrx_word' id='word_1_245' title='bbox 1907 2983 2002 3037; x_wconf 76' lang='grc' dir='ltr'>καὶ</span> 
     </span>
    </p>
   </div>
   <div class='ocr_carea' id='block_1_33' title="bbox 427 3065 2004 3146">
    <p class='ocr_par' dir='ltr' id='par_1_33' title="bbox 427 3065 2004 3146">
     <span class='ocr_line' id='line_1_33' title="bbox 427 3065 2004 3146; baseline 0.006 -29"><span class='ocrx_word' id='word_1_246' title='bbox 427 3065 688 3135; x_wconf 86' lang='grc' dir='ltr'>ἀοράτου,</span> <span class='ocrx_word' id='word_1_247' title='bbox 721 3067 813 3119; x_wconf 65' lang='grc' dir='ltr'><strong>καὶ¹</strong></span> <span class='ocrx_word' id='word_1_248' title='bbox 833 3067 1023 3133; x_wconf 78' lang='grc' dir='ltr'>ἀΰλου,</span> <span class='ocrx_word' id='word_1_249' title='bbox 1075 3067 1171 3121; x_wconf 82' lang='grc' dir='ltr'>καὶ</span> <span class='ocrx_word' id='word_1_250' title='bbox 1210 3069 1350 3139; x_wconf 88' lang='grc' dir='ltr'>μήτε</span> <span class='ocrx_word' id='word_1_251' title='bbox 1399 3069 1608 3140; x_wconf 81' lang='grc' dir='ltr'>σχῆμα,</span> <span class='ocrx_word' id='word_1_252' title='bbox 1658 3073 1800 3142; x_wconf 80' lang='grc' dir='ltr'>μήτε</span> <span class='ocrx_word' id='word_1_253' title='bbox 1847 3090 2004 3146; x_wconf 87' lang='grc' dir='ltr'>περι-</span> 
     </span>
    </p>
   </div>
   <div class='ocr_carea' id='block_1_34' title="bbox 2106 595 3676 669">
    <p class='ocr_par' dir='ltr' id='par_1_34' title="bbox 2106 595 3676 669">
     <span class='ocr_line' id='line_1_34' title="bbox 2106 595 3676 669; baseline -0.001 -17"><span class='ocrx_word' id='word_1_254' title='bbox 2106 598 2492 667; x_wconf 90' lang='lat' dir='ltr'><strong>perscrutatio.</strong></span> <span class='ocrx_word' id='word_1_255' title='bbox 2533 597 2638 652; x_wconf 87' lang='lat' dir='ltr'><strong>Sed</strong></span> <span class='ocrx_word' id='word_1_256' title='bbox 2667 598 2758 652; x_wconf 93' lang='lat' dir='ltr'><strong>hic</strong></span> <span class='ocrx_word' id='word_1_257' title='bbox 2779 597 3074 669; x_wconf 78' lang='lat' dir='ltr'><strong>diligenter</strong></span> <span class='ocrx_word' id='word_1_258' title='bbox 3109 595 3353 650; x_wconf 91' lang='lat' dir='ltr'><strong>animum</strong></span> <span class='ocrx_word' id='word_1_259' title='bbox 3387 597 3676 652; x_wconf 88' lang='lat' dir='ltr'><strong>attendite.</strong></span> 
     </span>
    </p>
   </div>
   <div class='ocr_carea' id='block_1_35' title="bbox 2106 687 3680 760">
    <p class='ocr_par' dir='ltr' id='par_1_35' title="bbox 2106 687 3680 760">
     <span class='ocr_line' id='line_1_35' title="bbox 2106 687 3680 760; baseline 0.001 -17"><span class='ocrx_word' id='word_1_260' title='bbox 2106 689 2446 760; x_wconf 83' lang='lat' dir='ltr'><strong>impossibile</strong></span> <span class='ocrx_word' id='word_1_261' title='bbox 2477 699 2579 755; x_wconf 87' lang='lat' dir='ltr'><strong>est,</strong></span> <span class='ocrx_word' id='word_1_262' title='bbox 2600 689 2968 756; x_wconf 79' lang='lat' dir='ltr'><strong>dilectissimi,</strong></span> <span class='ocrx_word' id='word_1_263' title='bbox 2995 688 3217 743; x_wconf 83' lang='lat' dir='ltr'><strong>mentiri</strong></span> <span class='ocrx_word' id='word_1_264' title='bbox 3239 687 3408 744; x_wconf 89' lang='lat' dir='ltr'><strong>Deum</strong></span> <span class='ocrx_word' id='word_1_265' title='bbox 3435 689 3500 742; x_wconf 57' lang='lat'><strong>3‘.</strong></span> <span class='ocrx_word' id='word_1_266' title='bbox 3525 688 3680 745; x_wconf 84' lang='lat' dir='ltr'><strong>Unus</strong></span> 
     </span>
    </p>
   </div>
   <div class='ocr_carea' id='block_1_36' title="bbox 2105 776 3681 850">
    <p class='ocr_par' dir='ltr' id='par_1_36' title="bbox 2105 776 3681 850">
     <span class='ocr_line' id='line_1_36' title="bbox 2105 776 3681 850; baseline 0.001 -18"><span class='ocrx_word' id='word_1_267' title='bbox 2105 795 2274 850; x_wconf 89' lang='lat' dir='ltr'><strong>porro</strong></span> <span class='ocrx_word' id='word_1_268' title='bbox 2339 779 2484 836; x_wconf 87' lang='lat' dir='ltr'><strong>Deus</strong></span> <span class='ocrx_word' id='word_1_269' title='bbox 2519 789 2623 844; x_wconf 88' lang='lat' dir='ltr'><strong>est,</strong></span> <span class='ocrx_word' id='word_1_270' title='bbox 2657 798 2801 836; x_wconf 91' lang='lat' dir='ltr'><strong>unus</strong></span> <span class='ocrx_word' id='word_1_271' title='bbox 2831 779 3047 836; x_wconf 76' lang='lat' dir='ltr'><strong>Veteris</strong></span> <span class='ocrx_word' id='word_1_272' title='bbox 3083 789 3137 836; x_wconf 83' lang='lat' dir='ltr'><strong>et</strong></span> <span class='ocrx_word' id='word_1_273' title='bbox 3168 781 3306 834; x_wconf 85' lang='lat' dir='ltr'><strong>Novi</strong></span> <span class='ocrx_word' id='word_1_274' title='bbox 3335 776 3681 836; x_wconf 85' lang='lat' dir='ltr'><strong>Testamenti</strong></span> 
     </span>
    </p>
   </div>
   <div class='ocr_carea' id='block_1_37' title="bbox 2105 870 3679 944">
    <p class='ocr_par' dir='ltr' id='par_1_37' title="bbox 2105 870 3679 944">
     <span class='ocr_line' id='line_1_37' title="bbox 2105 870 3679 944; baseline 0.001 -19"><span class='ocrx_word' id='word_1_275' title='bbox 2105 870 2406 941; x_wconf 82' lang='lat' dir='ltr'><strong>legislator,</strong></span> <span class='ocrx_word' id='word_1_276' title='bbox 2440 871 2532 942; x_wconf 90' lang='lat' dir='ltr'><strong>qui</strong></span> <span class='ocrx_word' id='word_1_277' title='bbox 2569 872 2922 927; x_wconf 83' lang='lat' dir='ltr'><strong>multifariam</strong></span> <span class='ocrx_word' id='word_1_278' title='bbox 2973 873 3278 944; x_wconf 90' lang='lat' dir='ltr'><strong>multisque</strong></span> <span class='ocrx_word' id='word_1_279' title='bbox 3335 873 3514 930; x_wconf 90' lang='lat' dir='ltr'><strong>modis</strong></span> <span class='ocrx_word' id='word_1_280' title='bbox 3550 875 3679 928; x_wconf 91' lang='lat' dir='ltr'><strong>olim</strong></span> 
     </span>
    </p>
   </div>
   <div class='ocr_carea' id='block_1_38' title="bbox 2105 960 3682 1034">
    <p class='ocr_par' dir='ltr' id='par_1_38' title="bbox 2105 960 3682 1034">
     <span class='ocr_line' id='line_1_38' title="bbox 2105 960 3682 1034; baseline 0.004 -20"><span class='ocrx_word' id='word_1_281' title='bbox 2105 960 2326 1016; x_wconf 90' lang='lat' dir='ltr'><strong>locutus</strong></span> <span class='ocrx_word' id='word_1_282' title='bbox 2361 969 2452 1016; x_wconf 80' lang='lat' dir='ltr'><strong>est</strong></span> <span class='ocrx_word' id='word_1_283' title='bbox 2473 963 2725 1032; x_wconf 89' lang='lat' dir='ltr'><strong>patribus</strong></span> <span class='ocrx_word' id='word_1_284' title='bbox 2765 963 2820 1016; x_wconf 92' lang='lat' dir='ltr'><strong>in</strong></span> <span class='ocrx_word' id='word_1_285' title='bbox 2853 965 3160 1034; x_wconf 88' lang='lat' dir='ltr'><strong>prephetis,</strong></span> <span class='ocrx_word' id='word_1_286' title='bbox 3193 971 3248 1019; x_wconf 91' lang='lat' dir='ltr'><strong>et</strong></span> <span class='ocrx_word' id='word_1_287' title='bbox 3278 964 3333 1018; x_wconf 92' lang='lat' dir='ltr'><strong>in</strong></span> <span class='ocrx_word' id='word_1_288' title='bbox 3359 965 3682 1020; x_wconf 86' lang='lat' dir='ltr'><strong>novissimis</strong></span> 
     </span>
    </p>
   </div>
   <div class='ocr_carea' id='block_1_39' title="bbox 2105 1050 3680 1125">
    <p class='ocr_par' dir='ltr' id='par_1_39' title="bbox 2105 1050 3680 1125">
     <span class='ocr_line' id='line_1_39' title="bbox 2105 1050 3680 1125; baseline 0.003 -21"><span class='ocrx_word' id='word_1_289' title='bbox 2105 1051 2443 1121; x_wconf 85' lang='lat' dir='ltr'><strong>temporibus</strong></span> <span class='ocrx_word' id='word_1_290' title='bbox 2473 1052 2527 1106; x_wconf 90' lang='lat' dir='ltr'><strong>in</strong></span> <span class='ocrx_word' id='word_1_291' title='bbox 2553 1050 2690 1107; x_wconf 84' lang='lat' dir='ltr'><strong>Filio</strong></span> <span class='ocrx_word' id='word_1_292' title='bbox 2716 1067 2817 1107; x_wconf 90' lang='lat' dir='ltr'><strong>suo</strong></span> <span class='ocrx_word' id='word_1_293' title='bbox 2843 1054 3150 1125; x_wconf 83' lang='lat' dir='ltr'><strong>unigenito.</strong></span> <span class='ocrx_word' id='word_1_294' title='bbox 3170 1053 3425 1111; x_wconf 82' lang='lat' dir='ltr'><strong>Vestrum</strong></span> <span class='ocrx_word' id='word_1_295' title='bbox 3457 1071 3680 1112; x_wconf 87' lang='lat' dir='ltr'><strong>sensum</strong></span> 
     </span>
    </p>
   </div>
   <div class='ocr_carea' id='block_1_40' title="bbox 2105 1143 3684 1218">
    <p class='ocr_par' dir='ltr' id='par_1_40' title="bbox 2105 1143 3684 1218">
     <span class='ocr_line' id='line_1_40' title="bbox 2105 1143 3684 1218; baseline 0.003 -21"><span class='ocrx_word' id='word_1_296' title='bbox 2105 1143 2381 1201; x_wconf 81' lang='lat' dir='ltr'><strong>adhibete.</strong></span> <span class='ocrx_word' id='word_1_297' title='bbox 2423 1143 2542 1198; x_wconf 90' lang='lat' dir='ltr'><strong>Non</strong></span> <span class='ocrx_word' id='word_1_298' title='bbox 2598 1159 2719 1200; x_wconf 87' lang='lat' dir='ltr'><strong>mea</strong></span> <span class='ocrx_word' id='word_1_299' title='bbox 2755 1145 2919 1200; x_wconf 76' lang='lat' dir='ltr'><strong>verba</strong></span> <span class='ocrx_word' id='word_1_300' title='bbox 2978 1154 3128 1212; x_wconf 89' lang='lat' dir='ltr'><strong>sunt,</strong></span> <span class='ocrx_word' id='word_1_301' title='bbox 3161 1147 3256 1202; x_wconf 91' lang='lat' dir='ltr'><strong>sed</strong></span> <span class='ocrx_word' id='word_1_302' title='bbox 3282 1163 3406 1217; x_wconf 69' lang='lat' dir='ltr'><strong>qua:</strong></span> <span class='ocrx_word' id='word_1_303' title='bbox 3444 1147 3684 1218; x_wconf 78' lang='lat' dir='ltr'><strong>Spiritus</strong></span> 
     </span>
    </p>
   </div>
   <div class='ocr_carea' id='block_1_41' title="bbox 2106 1235 3685 1306">
    <p class='ocr_par' dir='ltr' id='par_1_41' title="bbox 2106 1235 3685 1306">
     <span class='ocr_line' id='line_1_41' title="bbox 2106 1235 3685 1306; baseline 0.001 -16"><span class='ocrx_word' id='word_1_304' title='bbox 2106 1244 2330 1291; x_wconf 89' lang='lat' dir='ltr'><strong>sanctus</strong></span> <span class='ocrx_word' id='word_1_305' title='bbox 2358 1251 2456 1306; x_wconf 91' lang='lat' dir='ltr'><strong>per</strong></span> <span class='ocrx_word' id='word_1_306' title='bbox 2481 1244 2733 1292; x_wconf 85' lang='lat' dir='ltr'><strong>sanetum</strong></span> <span class='ocrx_word' id='word_1_307' title='bbox 2755 1235 3076 1306; x_wconf 84' lang='lat' dir='ltr'><strong>Apostolum</strong></span> <span class='ocrx_word' id='word_1_308' title='bbox 3110 1237 3306 1294; x_wconf 72' lang='lat' dir='ltr'><strong>effatus</strong></span> <span class='ocrx_word' id='word_1_309' title='bbox 3336 1249 3421 1294; x_wconf 87' lang='lat' dir='ltr'><strong>est</strong></span> <span class='ocrx_word' id='word_1_310' title='bbox 3452 1253 3465 1290; x_wconf 92' lang='lat'><strong>:</strong></span> <span class='ocrx_word' id='word_1_311' title='bbox 3499 1259 3518 1291; x_wconf 81' lang='grc' dir='ltr'><strong>ι</strong></span> <span class='ocrx_word' id='word_1_312' title='bbox 3542 1238 3685 1293; x_wconf 61' lang='lat' dir='ltr'><strong>Mula</strong></span> 
     </span>
    </p>
   </div>
   <div class='ocr_carea' id='block_1_42' title="bbox 2104 1326 3685 1400">
    <p class='ocr_par' dir='ltr' id='par_1_42' title="bbox 2104 1326 3685 1400">
     <span class='ocr_line' id='line_1_42' title="bbox 2104 1326 3685 1400; baseline 0.002 -21"><span class='ocrx_word' id='word_1_313' title='bbox 2104 1326 2345 1381; x_wconf 82' lang='lat' dir='ltr'><strong>tifariam</strong></span> <span class='ocrx_word' id='word_1_314' title='bbox 2391 1327 2688 1399; x_wconf 88' lang='lat' dir='ltr'><strong>multisque</strong></span> <span class='ocrx_word' id='word_1_315' title='bbox 2725 1329 2907 1385; x_wconf 91' lang='lat' dir='ltr'><strong>modis</strong></span> <span class='ocrx_word' id='word_1_316' title='bbox 2948 1329 3080 1382; x_wconf 91' lang='lat' dir='ltr'><strong>olim</strong></span> <span class='ocrx_word' id='word_1_317' title='bbox 3145 1329 3380 1398; x_wconf 91' lang='lat' dir='ltr'><strong>loquens</strong></span> <span class='ocrx_word' id='word_1_318' title='bbox 3411 1331 3556 1386; x_wconf 87' lang='lat' dir='ltr'><strong>Deus</strong></span> <span class='ocrx_word' id='word_1_319' title='bbox 3583 1344 3685 1400; x_wconf 89' lang='lat' dir='ltr'><strong>pa-</strong></span> 
     </span>
    </p>
   </div>
   <div class='ocr_carea' id='block_1_43' title="bbox 2105 1419 3688 1490">
    <p class='ocr_par' dir='ltr' id='par_1_43' title="bbox 2105 1419 3688 1490">
     <span class='ocr_line' id='line_1_43' title="bbox 2105 1419 3688 1490; baseline 0.002 -18"><span class='ocrx_word' id='word_1_320' title='bbox 2105 1419 2285 1476; x_wconf 90' lang='lat' dir='ltr'><strong>tribus</strong></span> <span class='ocrx_word' id='word_1_321' title='bbox 2331 1419 2386 1473; x_wconf 92' lang='lat' dir='ltr'><strong>in</strong></span> <span class='ocrx_word' id='word_1_322' title='bbox 2420 1420 2789 1490; x_wconf 73' lang='lat' dir='ltr'><strong>pr0phetis&quot;.</strong></span> <span class='ocrx_word' id='word_1_323' title='bbox 2829 1440 2847 1474; x_wconf 73' lang='grc' dir='ltr'><strong>ι</strong></span> <span class='ocrx_word' id='word_1_324' title='bbox 2887 1420 3191 1476; x_wconf 78' lang='lat' dir='ltr'><strong>Considera</strong></span> <span class='ocrx_word' id='word_1_325' title='bbox 3239 1421 3410 1477; x_wconf 90' lang='lat' dir='ltr'><strong>Deum</strong></span> <span class='ocrx_word' id='word_1_326' title='bbox 3442 1422 3688 1476; x_wconf 85' lang='lat' dir='ltr'><strong>multifa-</strong></span> 
     </span>
    </p>
   </div>
   <div class='ocr_carea' id='block_1_44' title="bbox 2105 1510 3683 1579">
    <p class='ocr_par' dir='ltr' id='par_1_44' title="bbox 2105 1510 3683 1579">
     <span class='ocr_line' id='line_1_44' title="bbox 2105 1510 3683 1579; baseline 0.001 -15"><span class='ocrx_word' id='word_1_327' title='bbox 2105 1510 2242 1564; x_wconf 88' lang='lat' dir='ltr'><strong>riam</strong></span> <span class='ocrx_word' id='word_1_328' title='bbox 2307 1510 2606 1579; x_wconf 82' lang='lat' dir='ltr'><strong>multisque</strong></span> <span class='ocrx_word' id='word_1_329' title='bbox 2657 1511 2848 1578; x_wconf 63' lang='lat' dir='ltr'><strong>modis</strong></span> <span class='ocrx_word' id='word_1_330' title='bbox 2899 1511 3145 1566; x_wconf 88' lang='lat' dir='ltr'><strong>locutum</strong></span> <span class='ocrx_word' id='word_1_331' title='bbox 3179 1527 3323 1568; x_wconf 89' lang='lat' dir='ltr'><strong>esse.</strong></span> <span class='ocrx_word' id='word_1_332' title='bbox 3352 1511 3510 1568; x_wconf 88' lang='lat' dir='ltr'><strong>Sicut</strong></span> <span class='ocrx_word' id='word_1_333' title='bbox 3535 1513 3683 1568; x_wconf 90' lang='lat' dir='ltr'><strong>enim</strong></span> 
     </span>
    </p>
   </div>
   <div class='ocr_carea' id='block_1_45' title="bbox 2105 1599 3684 1672">
    <p class='ocr_par' dir='ltr' id='par_1_45' title="bbox 2105 1599 3684 1672">
     <span class='ocr_line' id='line_1_45' title="bbox 2105 1599 3684 1672; baseline 0.001 -18"><span class='ocrx_word' id='word_1_334' title='bbox 2105 1599 2317 1669; x_wconf 88' lang='lat' dir='ltr'><strong>peritus</strong></span> <span class='ocrx_word' id='word_1_335' title='bbox 2359 1600 2607 1654; x_wconf 90' lang='lat' dir='ltr'><strong>medicus</strong></span> <span class='ocrx_word' id='word_1_336' title='bbox 2641 1614 2750 1654; x_wconf 90' lang='lat' dir='ltr'><strong>non</strong></span> <span class='ocrx_word' id='word_1_337' title='bbox 2803 1600 3083 1665; x_wconf 88' lang='lat' dir='ltr'><strong>omnibus,</strong></span> <span class='ocrx_word' id='word_1_338' title='bbox 3121 1616 3223 1656; x_wconf 92' lang='lat' dir='ltr'><strong>nec</strong></span> <span class='ocrx_word' id='word_1_339' title='bbox 3283 1617 3500 1672; x_wconf 88' lang='lat' dir='ltr'><strong>semper</strong></span> <span class='ocrx_word' id='word_1_340' title='bbox 3538 1602 3684 1656; x_wconf 81' lang='lat' dir='ltr'><strong>idem</strong></span> 
     </span>
    </p>
   </div>
   <div class='ocr_carea' id='block_1_46' title="bbox 2106 1691 3682 1763">
    <p class='ocr_par' dir='ltr' id='par_1_46' title="bbox 2106 1691 3682 1763">
     <span class='ocr_line' id='line_1_46' title="bbox 2106 1691 3682 1763; baseline 0.002 -18"><span class='ocrx_word' id='word_1_341' title='bbox 2106 1691 2336 1746; x_wconf 85' lang='lat' dir='ltr'><strong>remedii</strong></span> <span class='ocrx_word' id='word_1_342' title='bbox 2398 1691 2678 1745; x_wconf 82' lang='lat' dir='ltr'><strong>ministrat</strong></span> <span class='ocrx_word' id='word_1_343' title='bbox 2737 1707 2938 1762; x_wconf 90' lang='lat' dir='ltr'><strong>genus,</strong></span> <span class='ocrx_word' id='word_1_344' title='bbox 2989 1693 3086 1748; x_wconf 90' lang='lat' dir='ltr'><strong>sed</strong></span> <span class='ocrx_word' id='word_1_345' title='bbox 3117 1701 3233 1747; x_wconf 86' lang='lat' dir='ltr'><strong>tum</strong></span> <span class='ocrx_word' id='word_1_346' title='bbox 3265 1695 3535 1763; x_wconf 79' lang='lat' dir='ltr'><strong>regionis,</strong></span> <span class='ocrx_word' id='word_1_347' title='bbox 3568 1703 3682 1749; x_wconf 92' lang='lat' dir='ltr'><strong>tum</strong></span> 
     </span>
    </p>
   </div>
   <div class='ocr_carea' id='block_1_47' title="bbox 2106 1782 3686 1854">
    <p class='ocr_par' dir='ltr' id='par_1_47' title="bbox 2106 1782 3686 1854">
     <span class='ocr_line' id='line_1_47' title="bbox 2106 1782 3686 1854; baseline 0.003 -19"><span class='ocrx_word' id='word_1_348' title='bbox 2106 1782 2306 1850; x_wconf 83' lang='lat' dir='ltr'><strong>morbi,</strong></span> <span class='ocrx_word' id='word_1_349' title='bbox 2343 1789 2457 1837; x_wconf 89' lang='lat' dir='ltr'><strong>tum</strong></span> <span class='ocrx_word' id='word_1_350' title='bbox 2507 1783 2795 1854; x_wconf 88' lang='lat' dir='ltr'><strong>temporis,</strong></span> <span class='ocrx_word' id='word_1_351' title='bbox 2862 1791 2980 1838; x_wconf 90' lang='lat' dir='ltr'><strong>tum</strong></span> <span class='ocrx_word' id='word_1_352' title='bbox 3025 1785 3204 1840; x_wconf 59' lang='lat' dir='ltr'><strong>aetatis</strong></span> <span class='ocrx_word' id='word_1_353' title='bbox 3245 1785 3436 1840; x_wconf 84' lang='lat' dir='ltr'><strong>habita</strong></span> <span class='ocrx_word' id='word_1_354' title='bbox 3472 1786 3686 1840; x_wconf 84' lang='lat' dir='ltr'><strong>ratione</strong></span> 
     </span>
    </p>
   </div>
   <div class='ocr_carea' id='block_1_48' title="bbox 2105 1872 3687 1949">
    <p class='ocr_par' dir='ltr' id='par_1_48' title="bbox 2105 1872 3687 1949">
     <span class='ocr_line' id='line_1_48' title="bbox 2105 1872 3687 1949; baseline 0.003 -21"><span class='ocrx_word' id='word_1_355' title='bbox 2105 1872 2440 1928; x_wconf 90' lang='lat' dir='ltr'><strong>medicinam</strong></span> <span class='ocrx_word' id='word_1_356' title='bbox 2502 1874 2710 1944; x_wconf 70' lang='lat' dir='ltr'><strong>przebet</strong></span> <span class='ocrx_word' id='word_1_357' title='bbox 2743 1892 2760 1930; x_wconf 85' lang='lat'><strong>:</strong></span> <span class='ocrx_word' id='word_1_358' title='bbox 2790 1883 2957 1946; x_wconf 88' lang='lat' dir='ltr'><strong>atque</strong></span> <span class='ocrx_word' id='word_1_359' title='bbox 3020 1877 3125 1930; x_wconf 89' lang='lat' dir='ltr'><strong>alia</strong></span> <span class='ocrx_word' id='word_1_360' title='bbox 3160 1877 3380 1947; x_wconf 87' lang='lat' dir='ltr'><strong>quidem</strong></span> <span class='ocrx_word' id='word_1_361' title='bbox 3406 1877 3566 1949; x_wconf 87' lang='lat'><strong>333</strong></span> <span class='ocrx_word' id='word_1_362' title='bbox 3593 1893 3687 1932; x_wconf 86' lang='lat' dir='ltr'><strong>ra-</strong></span> 
     </span>
    </p>
   </div>
   <div class='ocr_carea' id='block_1_49' title="bbox 2105 1965 3678 2040">
    <p class='ocr_par' dir='ltr' id='par_1_49' title="bbox 2105 1965 3678 2040">
     <span class='ocr_line' id='line_1_49' title="bbox 2105 1965 3678 2040; baseline 0.001 -20"><span class='ocrx_word' id='word_1_363' title='bbox 2105 1965 2253 2021; x_wconf 87' lang='lat' dir='ltr'><strong>tione</strong></span> <span class='ocrx_word' id='word_1_364' title='bbox 2281 1965 2548 2021; x_wconf 87' lang='lat' dir='ltr'><strong>infantem</strong></span> <span class='ocrx_word' id='word_1_365' title='bbox 2578 1974 2756 2031; x_wconf 87' lang='lat' dir='ltr'><strong>curat,</strong></span> <span class='ocrx_word' id='word_1_366' title='bbox 2782 1967 2889 2021; x_wconf 89' lang='lat' dir='ltr'><strong>alia</strong></span> <span class='ocrx_word' id='word_1_367' title='bbox 2920 1967 3104 2022; x_wconf 82' lang='lat' dir='ltr'><strong>virum</strong></span> <span class='ocrx_word' id='word_1_368' title='bbox 3143 1976 3304 2023; x_wconf 78' lang='lat' dir='ltr'><strong>aetate</strong></span> <span class='ocrx_word' id='word_1_369' title='bbox 3331 1977 3678 2040; x_wconf 89' lang='lat' dir='ltr'><strong>provectum,</strong></span> 
     </span>
    </p>
   </div>
   <div class='ocr_carea' id='block_1_50' title="bbox 2106 2056 3687 2131">
    <p class='ocr_par' dir='ltr' id='par_1_50' title="bbox 2106 2056 3687 2131">
     <span class='ocr_line' id='line_1_50' title="bbox 2106 2056 3687 2131; baseline 0.004 -21"><span class='ocrx_word' id='word_1_370' title='bbox 2106 2064 2458 2125; x_wconf 68' lang='lat' dir='ltr'><strong>aagrotanlem</strong></span> <span class='ocrx_word' id='word_1_371' title='bbox 2483 2056 2611 2123; x_wconf 90' lang='lat' dir='ltr'><strong>alia,</strong></span> <span class='ocrx_word' id='word_1_372' title='bbox 2648 2058 2754 2111; x_wconf 90' lang='lat' dir='ltr'><strong>alia</strong></span> <span class='ocrx_word' id='word_1_373' title='bbox 2781 2057 3020 2128; x_wconf 90' lang='lat' dir='ltr'><strong>denique</strong></span> <span class='ocrx_word' id='word_1_374' title='bbox 3085 2073 3302 2124; x_wconf 86' lang='lat' dir='ltr'><strong>sanum,</strong></span> <span class='ocrx_word' id='word_1_375' title='bbox 3341 2075 3443 2114; x_wconf 89' lang='lat' dir='ltr'><strong>nec</strong></span> <span class='ocrx_word' id='word_1_376' title='bbox 3463 2063 3687 2131; x_wconf 69' lang='lat' dir='ltr'><strong>a&#39;grotis</strong></span> 
     </span>
    </p>
   </div>
   <div class='ocr_carea' id='block_1_51' title="bbox 2104 2147 3688 2216">
    <p class='ocr_par' dir='ltr' id='par_1_51' title="bbox 2104 2147 3688 2216">
     <span class='ocr_line' id='line_1_51' title="bbox 2104 2147 3688 2216; baseline 0.003 -16"><span class='ocrx_word' id='word_1_377' title='bbox 2104 2147 2365 2202; x_wconf 86' lang='lat' dir='ltr'><strong>omnibus</strong></span> <span class='ocrx_word' id='word_1_378' title='bbox 2414 2147 2605 2203; x_wconf 89' lang='lat' dir='ltr'><strong>eodem</strong></span> <span class='ocrx_word' id='word_1_379' title='bbox 2653 2147 2904 2204; x_wconf 75' lang='lat' dir='ltr'><strong>medetur</strong></span> <span class='ocrx_word' id='word_1_380' title='bbox 2924 2149 3126 2216; x_wconf 91' lang='lat' dir='ltr'><strong>modo,</strong></span> <span class='ocrx_word' id='word_1_381' title='bbox 3163 2150 3257 2205; x_wconf 90' lang='lat' dir='ltr'><strong>sed</strong></span> <span class='ocrx_word' id='word_1_382' title='bbox 3293 2158 3472 2206; x_wconf 89' lang='lat' dir='ltr'><strong>status</strong></span> <span class='ocrx_word' id='word_1_383' title='bbox 3494 2166 3558 2207; x_wconf 90' lang='lat' dir='ltr'><strong>ae</strong></span> <span class='ocrx_word' id='word_1_384' title='bbox 3588 2166 3688 2206; x_wconf 80' lang='lat' dir='ltr'><strong>va-</strong></span> 
     </span>
    </p>
   </div>
   <div class='ocr_carea' id='block_1_52' title="bbox 2104 2240 3687 2313">
    <p class='ocr_par' dir='ltr' id='par_1_52' title="bbox 2104 2240 3687 2313">
     <span class='ocr_line' id='line_1_52' title="bbox 2104 2240 3687 2313; baseline 0.002 -19"><span class='ocrx_word' id='word_1_385' title='bbox 2104 2240 2374 2297; x_wconf 89' lang='lat' dir='ltr'><strong>letudinis</strong></span> <span class='ocrx_word' id='word_1_386' title='bbox 2427 2240 2704 2296; x_wconf 90' lang='lat' dir='ltr'><strong>rationem</strong></span> <span class='ocrx_word' id='word_1_387' title='bbox 2754 2241 2878 2308; x_wconf 92' lang='lat' dir='ltr'><strong>init,</strong></span> <span class='ocrx_word' id='word_1_388' title='bbox 2920 2249 2982 2296; x_wconf 93' lang='lat' dir='ltr'><strong>ut</strong></span> <span class='ocrx_word' id='word_1_389' title='bbox 3037 2242 3188 2297; x_wconf 86' lang='lat' dir='ltr'><strong>aliud</strong></span> <span class='ocrx_word' id='word_1_390' title='bbox 3237 2242 3461 2313; x_wconf 88' lang='lat' dir='ltr'><strong>quidem</strong></span> <span class='ocrx_word' id='word_1_391' title='bbox 3495 2250 3687 2298; x_wconf 75' lang='lat' dir='ltr'><strong>aestate</strong></span> 
     </span>
    </p>
   </div>
   <div class='ocr_carea' id='block_1_53' title="bbox 2103 2331 3684 2401">
    <p class='ocr_par' dir='ltr' id='par_1_53' title="bbox 2103 2331 3684 2401">
     <span class='ocr_line' id='line_1_53' title="bbox 2103 2331 3684 2401; baseline 0.003 -15"><span class='ocrx_word' id='word_1_392' title='bbox 2103 2331 2572 2388; x_wconf 87' lang='lat' dir='ltr'><strong>medicamentum</strong></span> <span class='ocrx_word' id='word_1_393' title='bbox 2604 2332 2818 2401; x_wconf 70' lang='lat' dir='ltr'><strong>afferat,</strong></span> <span class='ocrx_word' id='word_1_394' title='bbox 2851 2334 3000 2389; x_wconf 90' lang='lat' dir='ltr'><strong>aliud</strong></span> <span class='ocrx_word' id='word_1_395' title='bbox 3044 2333 3244 2401; x_wconf 89' lang='lat' dir='ltr'><strong>hieme,</strong></span> <span class='ocrx_word' id='word_1_396' title='bbox 3276 2335 3510 2390; x_wconf 85' lang='lat' dir='ltr'><strong>alterum</strong></span> <span class='ocrx_word' id='word_1_397' title='bbox 3535 2351 3684 2400; x_wconf 82' lang='lat' dir='ltr'><strong>vere,</strong></span> 
     </span>
    </p>
   </div>
   <div class='ocr_carea' id='block_1_54' title="bbox 2105 2424 3686 2498">
    <p class='ocr_par' dir='ltr' id='par_1_54' title="bbox 2105 2424 3686 2498">
     <span class='ocr_line' id='line_1_54' title="bbox 2105 2424 3686 2498; baseline 0.003 -21"><span class='ocrx_word' id='word_1_398' title='bbox 2105 2431 2374 2479; x_wconf 87' lang='lat' dir='ltr'><strong>autumno</strong></span> <span class='ocrx_word' id='word_1_399' title='bbox 2403 2425 2664 2490; x_wconf 83' lang='lat' dir='ltr'><strong>alterum,</strong></span> <span class='ocrx_word' id='word_1_400' title='bbox 2719 2424 2870 2480; x_wconf 88' lang='lat' dir='ltr'><strong>aliud</strong></span> <span class='ocrx_word' id='word_1_401' title='bbox 2903 2426 3124 2482; x_wconf 89' lang='lat' dir='ltr'><strong>demum</strong></span> <span class='ocrx_word' id='word_1_402' title='bbox 3148 2441 3248 2498; x_wconf 91' lang='lat' dir='ltr'><strong>pro</strong></span> <span class='ocrx_word' id='word_1_403' title='bbox 3279 2427 3420 2483; x_wconf 92' lang='lat' dir='ltr'><strong>locis</strong></span> <span class='ocrx_word' id='word_1_404' title='bbox 3453 2427 3686 2497; x_wconf 84' lang='lat' dir='ltr'><strong>singulis</strong></span> 
     </span>
    </p>
   </div>
   <div class='ocr_carea' id='block_1_55' title="bbox 2104 2513 3684 2587">
    <p class='ocr_par' dir='ltr' id='par_1_55' title="bbox 2104 2513 3684 2587">
     <span class='ocr_line' id='line_1_55' title="bbox 2104 2513 3684 2587; baseline 0.002 -17"><span class='ocrx_word' id='word_1_405' title='bbox 2104 2513 2409 2571; x_wconf 86' lang='lat' dir='ltr'><strong>secundum</strong></span> <span class='ocrx_word' id='word_1_406' title='bbox 2473 2515 2761 2587; x_wconf 82' lang='lat' dir='ltr'><strong>regionum</strong></span> <span class='ocrx_word' id='word_1_407' title='bbox 2795 2515 3117 2572; x_wconf 88' lang='lat' dir='ltr'><strong>discrimina</strong></span> <span class='ocrx_word' id='word_1_408' title='bbox 3154 2532 3168 2568; x_wconf 90' lang='lat'>:</span> <span class='ocrx_word' id='word_1_409' title='bbox 3201 2518 3564 2573; x_wconf 85' lang='lat' dir='ltr'><strong>consimiliter</strong></span> <span class='ocrx_word' id='word_1_410' title='bbox 3583 2534 3684 2587; x_wconf 84' lang='lat' dir='ltr'><strong>ep—</strong></span> 
     </span>
    </p>
   </div>
   <div class='ocr_carea' id='block_1_56' title="bbox 2102 2607 3686 2676">
    <p class='ocr_par' dir='ltr' id='par_1_56' title="bbox 2102 2607 3686 2676">
     <span class='ocr_line' id='line_1_56' title="bbox 2102 2607 3686 2676; baseline 0.004 -17"><span class='ocrx_word' id='word_1_411' title='bbox 2102 2607 2272 2662; x_wconf 87' lang='lat' dir='ltr'><strong>timus</strong></span> <span class='ocrx_word' id='word_1_412' title='bbox 2301 2607 2612 2662; x_wconf 86' lang='lat' dir='ltr'><strong>animorum</strong></span> <span class='ocrx_word' id='word_1_413' title='bbox 2644 2607 2913 2676; x_wconf 88' lang='lat' dir='ltr'><strong>medicus,</strong></span> <span class='ocrx_word' id='word_1_414' title='bbox 2947 2607 3252 2664; x_wconf 81' lang='lat' dir='ltr'><strong>infantibus</strong></span> <span class='ocrx_word' id='word_1_415' title='bbox 3275 2611 3458 2666; x_wconf 89' lang='lat' dir='ltr'><strong>adhuc</strong></span> <span class='ocrx_word' id='word_1_416' title='bbox 3484 2621 3538 2666; x_wconf 91' lang='lat' dir='ltr'><strong>et</strong></span> <span class='ocrx_word' id='word_1_417' title='bbox 3565 2612 3686 2665; x_wconf 86' lang='lat' dir='ltr'><strong>ido-</strong></span> 
     </span>
    </p>
   </div>
   <div class='ocr_carea' id='block_1_57' title="bbox 2103 2699 3681 2772">
    <p class='ocr_par' dir='ltr' id='par_1_57' title="bbox 2103 2699 3681 2772">
     <span class='ocr_line' id='line_1_57' title="bbox 2103 2699 3681 2772; baseline 0.003 -19"><span class='ocrx_word' id='word_1_418' title='bbox 2103 2699 2338 2756; x_wconf 75' lang='lat' dir='ltr'><strong>lolatria:</strong></span> <span class='ocrx_word' id='word_1_419' title='bbox 2369 2701 2561 2756; x_wconf 88' lang='lat' dir='ltr'><strong>morbo</strong></span> <span class='ocrx_word' id='word_1_420' title='bbox 2587 2700 2990 2768; x_wconf 86' lang='lat' dir='ltr'><strong>laborantibus,</strong></span> <span class='ocrx_word' id='word_1_421' title='bbox 3043 2702 3160 2772; x_wconf 90' lang='lat' dir='ltr'><strong>qui,</strong></span> <span class='ocrx_word' id='word_1_422' title='bbox 3217 2717 3342 2756; x_wconf 92' lang='lat' dir='ltr'><strong>cum</strong></span> <span class='ocrx_word' id='word_1_423' title='bbox 3387 2705 3681 2758; x_wconf 87' lang='lat' dir='ltr'><strong>simulacra</strong></span> 
     </span>
    </p>
   </div>
   <div class='ocr_carea' id='block_1_58' title="bbox 2101 2791 3686 2865">
    <p class='ocr_par' dir='ltr' id='par_1_58' title="bbox 2101 2791 3686 2865">
     <span class='ocr_line' id='line_1_58' title="bbox 2101 2791 3686 2865; baseline 0.003 -19"><span class='ocrx_word' id='word_1_424' title='bbox 2101 2791 2236 2848; x_wconf 88' lang='lat' dir='ltr'><strong>deos</strong></span> <span class='ocrx_word' id='word_1_425' title='bbox 2269 2807 2392 2849; x_wconf 89' lang='lat' dir='ltr'><strong>esse</strong></span> <span class='ocrx_word' id='word_1_426' title='bbox 2442 2792 2861 2858; x_wconf 88' lang='lat' dir='ltr'><strong>arbitrarentur,</strong></span> <span class='ocrx_word' id='word_1_427' title='bbox 2901 2805 2955 2848; x_wconf 86' lang='lat' dir='ltr'><strong>et</strong></span> <span class='ocrx_word' id='word_1_428' title='bbox 3007 2801 3267 2865; x_wconf 85' lang='lat' dir='ltr'><strong>tanquam</strong></span> <span class='ocrx_word' id='word_1_429' title='bbox 3326 2795 3458 2851; x_wconf 83' lang='lat' dir='ltr'><strong>deos</strong></span> <span class='ocrx_word' id='word_1_430' title='bbox 3489 2797 3686 2852; x_wconf 84' lang='lat' dir='ltr'><strong>adora-</strong></span> 
     </span>
    </p>
   </div>
   <div class='ocr_carea' id='block_1_59' title="bbox 2102 2883 3674 2960">
    <p class='ocr_par' dir='ltr' id='par_1_59' title="bbox 2102 2883 3674 2960">
     <span class='ocr_line' id='line_1_59' title="bbox 2102 2883 3674 2960; baseline 0.006 -23"><span class='ocrx_word' id='word_1_431' title='bbox 2102 2891 2247 2949; x_wconf 85' lang='lat' dir='ltr'><strong>rent,</strong></span> <span class='ocrx_word' id='word_1_432' title='bbox 2277 2883 2519 2939; x_wconf 87' lang='lat' dir='ltr'><strong>debitam</strong></span> <span class='ocrx_word' id='word_1_433' title='bbox 2578 2883 2687 2938; x_wconf 93' lang='lat' dir='ltr'><strong>Deo</strong></span> <span class='ocrx_word' id='word_1_434' title='bbox 2739 2885 3131 2953; x_wconf 85' lang='lat' dir='ltr'><strong>reverentiam,</strong></span> <span class='ocrx_word' id='word_1_435' title='bbox 3191 2887 3364 2958; x_wconf 80' lang='lat' dir='ltr'><strong>gloria</strong></span> <span class='ocrx_word' id='word_1_436' title='bbox 3405 2887 3581 2960; x_wconf 85' lang='lat' dir='ltr'><strong>ipsius</strong></span> <span class='ocrx_word' id='word_1_437' title='bbox 3609 2894 3674 2947; x_wconf 80' lang='lat' dir='ltr'><strong>ad</strong></span> 
     </span>
    </p>
   </div>
   <div class='ocr_carea' id='block_1_60' title="bbox 2103 2977 3684 3052">
    <p class='ocr_par' dir='ltr' id='par_1_60' title="bbox 2103 2977 3684 3052">
     <span class='ocr_line' id='line_1_60' title="bbox 2103 2977 3684 3052; baseline 0.001 -18"><span class='ocrx_word' id='word_1_438' title='bbox 2103 2984 2408 3034; x_wconf 87' lang='lat' dir='ltr'><strong>creaturam</strong></span> <span class='ocrx_word' id='word_1_439' title='bbox 2435 2977 2725 3043; x_wconf 87' lang='lat' dir='ltr'><strong>translata,</strong></span> <span class='ocrx_word' id='word_1_440' title='bbox 2750 2977 3120 3049; x_wconf 82' lang='lat' dir='ltr'><strong>denegabant,</strong></span> <span class='ocrx_word' id='word_1_441' title='bbox 3145 2979 3478 3052; x_wconf 85' lang='lat' dir='ltr'><strong>imaginibus</strong></span> <span class='ocrx_word' id='word_1_442' title='bbox 3511 2982 3640 3037; x_wconf 90' lang='lat' dir='ltr'><strong>intet</strong></span> <span class='ocrx_word' id='word_1_443' title='bbox 3659 3012 3684 3025; x_wconf 74' lang='grc' dir='ltr'><strong>ο</strong></span> 
     </span>
    </p>
   </div>
   <div class='ocr_carea' id='block_1_61' title="bbox 2104 3067 3684 3142">
    <p class='ocr_par' dir='ltr' id='par_1_61' title="bbox 2104 3067 3684 3142">
     <span class='ocr_line' id='line_1_61' title="bbox 2104 3067 3684 3142; baseline 0.003 -18"><span class='ocrx_word' id='word_1_444' title='bbox 2104 3068 2264 3124; x_wconf 80' lang='lat' dir='ltr'><strong>dixit.</strong></span> <span class='ocrx_word' id='word_1_445' title='bbox 2321 3067 2618 3124; x_wconf 84' lang='lat' dir='ltr'><strong>Enimvero</strong></span> <span class='ocrx_word' id='word_1_446' title='bbox 2662 3069 2755 3142; x_wconf 84' lang='lat' dir='ltr'><strong>Dei</strong></span> <span class='ocrx_word' id='word_1_447' title='bbox 2811 3071 2907 3141; x_wconf 89' lang='lat' dir='ltr'><strong>qui</strong></span> <span class='ocrx_word' id='word_1_448' title='bbox 2943 3080 3029 3128; x_wconf 88' lang='lat' dir='ltr'><strong>est</strong></span> <span class='ocrx_word' id='word_1_449' title='bbox 3072 3072 3455 3142; x_wconf 87' lang='lat' dir='ltr'><strong>incorporeus,</strong></span> <span class='ocrx_word' id='word_1_450' title='bbox 3488 3074 3684 3129; x_wconf 82' lang='lat' dir='ltr'><strong>invisi-</strong></span> 
     </span>
    </p>
   </div>
   <div class='ocr_carea' id='block_1_62' title="bbox 426 3155 2001 3241">
    <p class='ocr_par' dir='ltr' id='par_1_62' title="bbox 426 3155 2000 3230">
     <span class='ocr_line' id='line_1_62' title="bbox 426 3155 2000 3230; baseline 0.008 -23"><span class='ocrx_word' id='word_1_451' title='bbox 426 3155 668 3226; x_wconf 79' lang='grc' dir='ltr'>γραφὴν,</span> <span class='ocrx_word' id='word_1_452' title='bbox 700 3157 839 3226; x_wconf 84' lang='grc' dir='ltr'>μήτε</span> <span class='ocrx_word' id='word_1_453' title='bbox 887 3156 1193 3228; x_wconf 77' lang='grc' dir='ltr'>κατάληψιν</span> <span class='ocrx_word' id='word_1_454' title='bbox 1227 3158 1462 3230; x_wconf 77' lang='grc' dir='ltr'>ἔχοντος,</span> <span class='ocrx_word' id='word_1_455' title='bbox 1509 3161 1772 3217; x_wconf 85' lang='grc' dir='ltr'>ἀδύνατον</span> <span class='ocrx_word' id='word_1_456' title='bbox 1827 3167 2000 3220; x_wconf 83' lang='grc' dir='ltr'>ποιεῖν</span> 
     </span>
    </p>
   </div>
   <div class='ocr_carea' id='block_1_63' title="bbox 2104 3155 3682 3241">
    <p class='ocr_par' dir='ltr' id='par_1_63' title="bbox 2110 3156 3682 3232">
     <span class='ocr_line' id='line_1_63' title="bbox 2110 3156 3682 3232; baseline 0.004 -20"><span class='ocrx_word' id='word_1_457' title='bbox 2110 3156 2257 3223; x_wconf 88' lang='lat' dir='ltr'><strong>bilis,</strong></span> <span class='ocrx_word' id='word_1_458' title='bbox 2315 3173 2346 3213; x_wconf 90' lang='lat' dir='ltr'><strong>a</strong></span> <span class='ocrx_word' id='word_1_459' title='bbox 2395 3157 2624 3213; x_wconf 89' lang='lat' dir='ltr'><strong>materia</strong></span> <span class='ocrx_word' id='word_1_460' title='bbox 2718 3160 3164 3225; x_wconf 87' lang='lat' dir='ltr'><strong>remotissimus,</strong></span> <span class='ocrx_word' id='word_1_461' title='bbox 3224 3161 3412 3231; x_wconf 71' lang='lat' dir='ltr'><strong>ﬁgura:</strong></span> <span class='ocrx_word' id='word_1_462' title='bbox 3463 3177 3682 3232; x_wconf 79' lang='lat' dir='ltr'><strong>expers,</strong></span> 
     </span>
    </p>
   </div>
   <div class='ocr_carea' id='block_1_64' title="bbox 426 3247 2003 3323">
    <p class='ocr_par' dir='ltr' id='par_1_64' title="bbox 426 3247 2003 3323">
     <span class='ocr_line' id='line_1_64' title="bbox 426 3247 2003 3323; baseline 0.006 -23"><span class='ocrx_word' id='word_1_463' title='bbox 426 3247 634 3302; x_wconf 76' lang='grc' dir='ltr'>εἰκόνα.</span> <span class='ocrx_word' id='word_1_464' title='bbox 655 3247 780 3311; x_wconf 87' lang='grc' dir='ltr'>Πῶς</span> <span class='ocrx_word' id='word_1_465' title='bbox 801 3249 910 3320; x_wconf 86' lang='grc' dir='ltr'>γὰρ</span> <span class='ocrx_word' id='word_1_466' title='bbox 927 3249 990 3302; x_wconf 87' lang='grc' dir='ltr'>τὸ</span> <span class='ocrx_word' id='word_1_467' title='bbox 1008 3249 1085 3322; x_wconf 77' lang='grc' dir='ltr'>μὴ</span> <span class='ocrx_word' id='word_1_468' title='bbox 1104 3250 1301 3320; x_wconf 82' lang='grc' dir='ltr'>όραθὲν</span> <span class='ocrx_word' id='word_1_469' title='bbox 1325 3251 1796 3323; x_wconf 82' lang='grc' dir='ltr'>εἰκονισθήσεται;</span> <span class='ocrx_word' id='word_1_470' title='bbox 1823 3275 1841 3307; x_wconf 83' lang='grc' dir='ltr'><strong>ι</strong></span> <span class='ocrx_word' id='word_1_471' title='bbox 1870 3255 2003 3310; x_wconf 78' lang='grc' dir='ltr'>Θεὸν</span> 
     </span>
    </p>
   </div>
   <div class='ocr_carea' id='block_1_65' title="bbox 426 3336 2002 3414">
    <p class='ocr_par' dir='ltr' id='par_1_65' title="bbox 426 3336 2002 3414">
     <span class='ocr_line' id='line_1_65' title="bbox 426 3336 2002 3414; baseline 0.004 -22"><span class='ocrx_word' id='word_1_472' title='bbox 426 3337 484 3392; x_wconf 80' lang='grc' dir='ltr'>δὲ</span> <span class='ocrx_word' id='word_1_473' title='bbox 512 3336 688 3401; x_wconf 71' lang='grc' dir='ltr'>οὐδεὶς</span> <span class='ocrx_word' id='word_1_474' title='bbox 712 3336 925 3410; x_wconf 81' lang='grc' dir='ltr'>ἑώρακε</span> <span class='ocrx_word' id='word_1_475' title='bbox 967 3337 1191 3393; x_wconf 86' lang='grc' dir='ltr'>πώποτε</span> <span class='ocrx_word' id='word_1_476' title='bbox 1215 3356 1228 3370; x_wconf 79' lang='grc'><strong><em>⁸</em></strong></span> <span class='ocrx_word' id='word_1_477' title='bbox 1272 3341 1301 3393; x_wconf 89' lang='lat'><strong>6</strong></span> <span class='ocrx_word' id='word_1_478' title='bbox 1330 3342 1626 3414; x_wconf 79' lang='grc' dir='ltr'>μονογενὴς</span> <span class='ocrx_word' id='word_1_479' title='bbox 1658 3343 1808 3412; x_wconf 79' lang='grc' dir='ltr'>Υἱὸς,</span> <span class='ocrx_word' id='word_1_480' title='bbox 1857 3346 1884 3398; x_wconf 92' lang='lat'><strong>6</strong></span> <span class='ocrx_word' id='word_1_481' title='bbox 1927 3343 2002 3399; x_wconf 82' lang='grc' dir='ltr'>ὢν</span> 
     </span>
    </p>
   </div>
   <div class='ocr_carea' id='block_1_66' title="bbox 427 3430 2001 3504">
    <p class='ocr_par' dir='ltr' id='par_1_66' title="bbox 427 3430 2001 3504">
     <span class='ocr_line' id='line_1_66' title="bbox 427 3430 2001 3504; baseline 0.002 -21"><span class='ocrx_word' id='word_1_482' title='bbox 427 3431 508 3492; x_wconf 82' lang='grc' dir='ltr'><strong>είς</strong></span> <span class='ocrx_word' id='word_1_483' title='bbox 533 3430 627 3490; x_wconf 81' lang='grc' dir='ltr'><strong>τὸν</strong></span> <span class='ocrx_word' id='word_1_484' title='bbox 653 3431 852 3484; x_wconf 83' lang='grc' dir='ltr'>κόλπον</span> <span class='ocrx_word' id='word_1_485' title='bbox 886 3431 980 3485; x_wconf 88' lang='grc' dir='ltr'><strong>τοῦ</strong></span> <span class='ocrx_word' id='word_1_486' title='bbox 1017 3433 1253 3503; x_wconf 85' lang='grc' dir='ltr'>Πατρὸς,</span> <span class='ocrx_word' id='word_1_487' title='bbox 1277 3432 1439 3496; x_wconf 74' lang='grc' dir='ltr'>αὐτὸς</span> <span class='ocrx_word' id='word_1_488' title='bbox 1459 3432 1786 3503; x_wconf 80' lang='grc' dir='ltr'>ἐξηγήσατο.</span> <span class='ocrx_word' id='word_1_489' title='bbox 1819 3454 1836 3487; x_wconf 80' lang='grc' dir='ltr'><strong>ι</strong></span> <span class='ocrx_word' id='word_1_490' title='bbox 1870 3435 2001 3504; x_wconf 81' lang='grc' dir='ltr'>Καὶ,</span> 
     </span>
    </p>
   </div>
   <div class='ocr_carea' id='block_1_67' title="bbox 434 3521 1996 3597">
    <p class='ocr_par' dir='ltr' id='par_1_67' title="bbox 434 3521 1996 3597">
     <span class='ocr_line' id='line_1_67' title="bbox 434 3521 1996 3597; baseline 0.004 -23"><span class='ocrx_word' id='word_1_491' title='bbox 434 3539 456 3574; x_wconf 89' lang='grc'><em>‹</em></span> <span class='ocrx_word' id='word_1_492' title='bbox 481 3521 669 3584; x_wconf 81' lang='grc' dir='ltr'>Οὐδεὶς</span> <span class='ocrx_word' id='word_1_493' title='bbox 720 3521 910 3592; x_wconf 70' lang='grc' dir='ltr'>ὄψεται</span> <span class='ocrx_word' id='word_1_494' title='bbox 955 3522 1018 3576; x_wconf 80' lang='grc' dir='ltr'>τὸ</span> <span class='ocrx_word' id='word_1_495' title='bbox 1071 3523 1364 3596; x_wconf 88' lang='grc' dir='ltr'>πρόσωπόν</span> <span class='ocrx_word' id='word_1_496' title='bbox 1398 3541 1521 3595; x_wconf 89' lang='grc' dir='ltr'>μου,</span> <span class='ocrx_word' id='word_1_497' title='bbox 1565 3525 1662 3581; x_wconf 74' lang='grc' dir='ltr'><strong>καὶ</strong></span> <span class='ocrx_word' id='word_1_498' title='bbox 1691 3524 1937 3597; x_wconf 79' lang='grc' dir='ltr'>ζήσεται,</span> <span class='ocrx_word' id='word_1_499' title='bbox 1977 3546 1996 3580; x_wconf 74' lang='grc' dir='ltr'><strong>ι</strong></span> 
     </span>
    </p>
   </div>
   <div class='ocr_carea' id='block_1_68' title="bbox 424 3614 762 3688">
    <p class='ocr_par' dir='ltr' id='par_1_68' title="bbox 424 3614 762 3688">
     <span class='ocr_line' id='line_1_68' title="bbox 424 3614 762 3688; baseline 0.012 -20"><span class='ocrx_word' id='word_1_500' title='bbox 424 3614 532 3688; x_wconf 73' lang='grc' dir='ltr'><strong>ἔφη</strong></span> <span class='ocrx_word' id='word_1_501' title='bbox 561 3616 592 3671; x_wconf 91' lang='lat'><strong>6</strong></span> <span class='ocrx_word' id='word_1_502' title='bbox 609 3616 762 3680; x_wconf 85' lang='grc' dir='ltr'>Θεός.</span> 
     </span>
    </p>
   </div>
   <div class='ocr_carea' id='block_1_69' title="bbox 498 3787 1998 3868">
    <p class='ocr_par' dir='ltr' id='par_1_69' title="bbox 498 3787 1998 3868">
     <span class='ocr_line' id='line_1_69' title="bbox 498 3787 1998 3868; baseline 0.005 -23"><span class='ocrx_word' id='word_1_503' title='bbox 498 3787 566 3861; x_wconf 78' lang='grc' dir='ltr'>η’.</span> <span class='ocrx_word' id='word_1_504' title='bbox 603 3791 724 3843; x_wconf 76' lang='grc' dir='ltr'>Ὀτι</span> <span class='ocrx_word' id='word_1_505' title='bbox 760 3790 816 3844; x_wconf 86' lang='grc' dir='ltr'>δὲ</span> <span class='ocrx_word' id='word_1_506' title='bbox 855 3793 983 3860; x_wconf 63' lang='grc' dir='ltr'>τοῖς]</span> <span class='ocrx_word' id='word_1_507' title='bbox 1025 3792 1263 3857; x_wconf 85' lang='grc' dir='ltr'>εἰδώλοις</span> <span class='ocrx_word' id='word_1_508' title='bbox 1313 3793 1389 3857; x_wconf 84' lang='grc' dir='ltr'>ὡς</span> <span class='ocrx_word' id='word_1_509' title='bbox 1418 3793 1561 3858; x_wconf 87' lang='grc' dir='ltr'>θεοῖς</span> <span class='ocrx_word' id='word_1_510' title='bbox 1607 3796 1998 3868; x_wconf 79' lang='grc' dir='ltr'>προσεκύνουν,</span> 
     </span>
    </p>
   </div>
   <div class='ocr_carea' id='block_1_70' title="bbox 424 3881 2002 3960">
    <p class='ocr_par' dir='ltr' id='par_1_70' title="bbox 424 3881 2002 3960">
     <span class='ocr_line' id='line_1_70' title="bbox 424 3881 2002 3960; baseline 0.006 -25"><span class='ocrx_word' id='word_1_511' title='bbox 424 3881 592 3936; x_wconf 74' lang='grc' dir='ltr'>ἄκουε</span> <span class='ocrx_word' id='word_1_512' title='bbox 652 3883 702 3935; x_wconf 83' lang='grc' dir='ltr'><strong>τί</strong></span> <span class='ocrx_word' id='word_1_513' title='bbox 731 3901 896 3954; x_wconf 78' lang='grc' dir='ltr'>φησιν</span> <span class='ocrx_word' id='word_1_514' title='bbox 949 3886 984 3954; x_wconf 73' lang='grc' dir='ltr'><strong>ἡ</strong></span> <span class='ocrx_word' id='word_1_515' title='bbox 1038 3884 1232 3955; x_wconf 76' lang='grc' dir='ltr'>Γραφὴ</span> <span class='ocrx_word' id='word_1_516' title='bbox 1296 3885 1354 3939; x_wconf 84' lang='grc' dir='ltr'>ὲν</span> <span class='ocrx_word' id='word_1_517' title='bbox 1375 3889 1442 3958; x_wconf 79' lang='grc' dir='ltr'>τῇ</span> <span class='ocrx_word' id='word_1_518' title='bbox 1489 3887 1686 3960; x_wconf 78' lang='grc' dir='ltr'>Ἐξόδῳ</span> <span class='ocrx_word' id='word_1_519' title='bbox 1728 3891 1835 3942; x_wconf 89' lang='grc' dir='ltr'><strong>τῶν</strong></span> <span class='ocrx_word' id='word_1_520' title='bbox 1872 3891 2002 3945; x_wconf 84' lang='grc' dir='ltr'>υἱῶν</span> 
     </span>
    </p>
   </div>
   <div class='ocr_carea' id='block_1_71' title="bbox 439 3973 2002 4052">
    <p class='ocr_par' dir='ltr' id='par_1_71' title="bbox 439 3973 2002 4052">
     <span class='ocr_line' id='line_1_71' title="bbox 439 3973 2002 4052; baseline 0.008 -25"><span class='ocrx_word' id='word_1_521' title='bbox 439 3973 674 4046; x_wconf 77' lang='grc' dir='ltr'>Ἰσραὴλ,</span> <span class='ocrx_word' id='word_1_522' title='bbox 705 3977 794 4029; x_wconf 80' lang='grc' dir='ltr'><strong>ὅτε</strong></span> <span class='ocrx_word' id='word_1_523' title='bbox 821 3977 1021 4048; x_wconf 83' lang='grc' dir='ltr'>ἀνῆλθε</span> <span class='ocrx_word' id='word_1_524' title='bbox 1055 3978 1298 4047; x_wconf 86' lang='grc' dir='ltr'>Μωῦσῆς</span> <span class='ocrx_word' id='word_1_525' title='bbox 1336 3979 1418 4042; x_wconf 83' lang='grc' dir='ltr'><strong>είς</strong></span> <span class='ocrx_word' id='word_1_526' title='bbox 1463 3980 1526 4032; x_wconf 79' lang='grc' dir='ltr'><strong>το</strong></span> <span class='ocrx_word' id='word_1_527' title='bbox 1557 3980 1683 4052; x_wconf 81' lang='grc' dir='ltr'>ὅρος</span> <span class='ocrx_word' id='word_1_528' title='bbox 1719 3984 1873 4050; x_wconf 74' lang='grc' dir='ltr'>Σινά,</span> <span class='ocrx_word' id='word_1_529' title='bbox 1909 3986 2002 4039; x_wconf 74' lang='grc' dir='ltr'><strong>καὶ</strong></span> 
     </span>
    </p>
   </div>
   <div class='ocr_carea' id='block_1_72' title="bbox 426 4068 2000 4147">
    <p class='ocr_par' dir='ltr' id='par_1_72' title="bbox 426 4068 2000 4147">
     <span class='ocr_line' id='line_1_72' title="bbox 426 4068 2000 4147; baseline 0.008 -28"><span class='ocrx_word' id='word_1_530' title='bbox 426 4068 672 4139; x_wconf 76' lang='grc' dir='ltr'>ὲχρόνισε</span> <span class='ocrx_word' id='word_1_531' title='bbox 700 4068 1081 4141; x_wconf 84' lang='grc' dir='ltr'>προσεδρεύων</span> <span class='ocrx_word' id='word_1_532' title='bbox 1126 4069 1207 4140; x_wconf 85' lang='grc' dir='ltr'>τῷ</span> <span class='ocrx_word' id='word_1_533' title='bbox 1252 4069 1390 4140; x_wconf 79' lang='grc' dir='ltr'>Θεῷ,</span> <span class='ocrx_word' id='word_1_534' title='bbox 1451 4071 1636 4126; x_wconf 75' lang='grc' dir='ltr'>λαϐεῖν</span> <span class='ocrx_word' id='word_1_535' title='bbox 1693 4075 1784 4128; x_wconf 81' lang='grc' dir='ltr'>τὸν</span> <span class='ocrx_word' id='word_1_536' title='bbox 1815 4077 2000 4147; x_wconf 83' lang='grc' dir='ltr'>νόμον,</span> 
     </span>
    </p>
   </div>
   <div class='ocr_carea' id='block_1_73' title="bbox 425 4158 2000 4235">
    <p class='ocr_par' dir='ltr' id='par_1_73' title="bbox 425 4158 2000 4235">
     <span class='ocr_line' id='line_1_73' title="bbox 425 4158 2000 4235; baseline 0.006 -23"><span class='ocrx_word' id='word_1_537' title='bbox 425 4160 515 4212; x_wconf 83' lang='grc' dir='ltr'>ὅτε</span> <span class='ocrx_word' id='word_1_538' title='bbox 549 4158 821 4228; x_wconf 73' lang='grc' dir='ltr'>ἐπανέστη</span> <span class='ocrx_word' id='word_1_539' title='bbox 859 4161 888 4211; x_wconf 90' lang='lat'><strong>6</strong></span> <span class='ocrx_word' id='word_1_540' title='bbox 915 4158 1186 4230; x_wconf 82' lang='grc' dir='ltr'>ἀγνώμων</span> <span class='ocrx_word' id='word_1_541' title='bbox 1219 4159 1349 4224; x_wconf 77' lang='grc' dir='ltr'>λαὸς</span> <span class='ocrx_word' id='word_1_542' title='bbox 1395 4160 1604 4234; x_wconf 83' lang='grc' dir='ltr'>’Δαρὼν</span> <span class='ocrx_word' id='word_1_543' title='bbox 1634 4164 1713 4235; x_wconf 88' lang='grc' dir='ltr'>τῷ</span> <span class='ocrx_word' id='word_1_544' title='bbox 1738 4166 1834 4219; x_wconf 91' lang='grc' dir='ltr'><strong>τοῦ</strong></span> <span class='ocrx_word' id='word_1_545' title='bbox 1865 4168 2000 4222; x_wconf 84' lang='grc' dir='ltr'>Θεοῦ</span> 
     </span>
    </p>
   </div>
   <div class='ocr_carea' id='block_1_74' title="bbox 425 4249 2000 4330">
    <p class='ocr_par' dir='ltr' id='par_1_74' title="bbox 425 4249 2000 4330">
     <span class='ocr_line' id='line_1_74' title="bbox 425 4249 2000 4330; baseline 0.008 -28"><span class='ocrx_word' id='word_1_546' title='bbox 425 4249 740 4320; x_wconf 85' lang='grc' dir='ltr'>θεράποντι,</span> <span class='ocrx_word' id='word_1_547' title='bbox 774 4249 1025 4318; x_wconf 86' lang='grc' dir='ltr'>λέγοντες</span> <span class='ocrx_word' id='word_1_548' title='bbox 1045 4267 1059 4282; x_wconf 75' lang='grc' dir='ltr'><strong>ο</strong></span> <span class='ocrx_word' id='word_1_549' title='bbox 1095 4268 1115 4302; x_wconf 81' lang='grc' dir='ltr'><strong>ι</strong></span> <span class='ocrx_word' id='word_1_550' title='bbox 1151 4251 1384 4322; x_wconf 81' lang='grc' dir='ltr'>Ποίησον</span> <span class='ocrx_word' id='word_1_551' title='bbox 1412 4254 1544 4324; x_wconf 67' lang='grc' dir='ltr'><strong>ἡμὶν</strong></span> <span class='ocrx_word' id='word_1_552' title='bbox 1580 4254 1755 4322; x_wconf 75' lang='grc' dir='ltr'>θεοὺς,</span> <span class='ocrx_word' id='word_1_553' title='bbox 1789 4259 1838 4312; x_wconf 79' lang='grc' dir='ltr'><strong>οἳ</strong></span> <span class='ocrx_word' id='word_1_554' title='bbox 1867 4276 2000 4330; x_wconf 86' lang='grc' dir='ltr'>προ-</span> 
     </span>
    </p>
   </div>
   <div class='ocr_carea' id='block_1_75' title="bbox 428 4341 2000 4418">
    <p class='ocr_par' dir='ltr' id='par_1_75' title="bbox 428 4341 2000 4418">
     <span class='ocr_line' id='line_1_75' title="bbox 428 4341 2000 4418; baseline 0.008 -23"><span class='ocrx_word' id='word_1_555' title='bbox 428 4343 792 4413; x_wconf 81' lang='grc' dir='ltr'>πορεύσονται</span> <span class='ocrx_word' id='word_1_556' title='bbox 814 4342 996 4414; x_wconf 85' lang='grc' dir='ltr'>ἡμῶν.</span> <span class='ocrx_word' id='word_1_557' title='bbox 1041 4343 1102 4396; x_wconf 87' lang='lat'><strong>&#39;0</strong></span> <span class='ocrx_word' id='word_1_558' title='bbox 1139 4343 1248 4418; x_wconf 85' lang='grc' dir='ltr'>γὰρ</span> <span class='ocrx_word' id='word_1_559' title='bbox 1285 4344 1571 4416; x_wconf 82' lang='grc' dir='ltr'>ἄνθρωπος</span> <span class='ocrx_word' id='word_1_560' title='bbox 1599 4341 1752 4412; x_wconf 78' lang='grc' dir='ltr'>οὗτος</span> <span class='ocrx_word' id='word_1_561' title='bbox 1780 4351 1808 4404; x_wconf 91' lang='lat'><strong>6</strong></span> <span class='ocrx_word' id='word_1_562' title='bbox 1832 4352 2000 4406; x_wconf 84' lang='grc' dir='ltr'><strong>Μωῦ-</strong></span> 
     </span>
    </p>
   </div>
   <div class='ocr_carea' id='block_1_76' title="bbox 427 4435 2003 4511">
    <p class='ocr_par' dir='ltr' id='par_1_76' title="bbox 427 4435 2003 4511">
     <span class='ocr_line' id='line_1_76' title="bbox 427 4435 2003 4511; baseline 0.008 -25"><span class='ocrx_word' id='word_1_563' title='bbox 427 4437 552 4505; x_wconf 80' lang='grc' dir='ltr'>σῆς,</span> <span class='ocrx_word' id='word_1_564' title='bbox 579 4435 681 4487; x_wconf 78' lang='grc' dir='ltr'><strong>οὐκ</strong></span> <span class='ocrx_word' id='word_1_565' title='bbox 697 4435 918 4506; x_wconf 74' lang='grc' dir='ltr'>οἴδαμεν</span> <span class='ocrx_word' id='word_1_566' title='bbox 954 4435 1007 4490; x_wconf 83' lang='grc' dir='ltr'><strong>τί</strong></span> <span class='ocrx_word' id='word_1_567' title='bbox 1027 4436 1250 4506; x_wconf 78' lang='grc' dir='ltr'>γέγονεν</span> <span class='ocrx_word' id='word_1_568' title='bbox 1296 4437 1465 4509; x_wconf 83' lang='grc' dir='ltr'>αὐτῷ.</span> <span class='ocrx_word' id='word_1_569' title='bbox 1504 4457 1524 4490; x_wconf 75' lang='grc' dir='ltr'><strong>ι</strong></span> <span class='ocrx_word' id='word_1_570' title='bbox 1558 4435 1694 4494; x_wconf 81' lang='grc' dir='ltr'>Εἶτα</span> <span class='ocrx_word' id='word_1_571' title='bbox 1724 4442 1811 4496; x_wconf 82' lang='grc' dir='ltr'><strong>ὅτε</strong></span> <span class='ocrx_word' id='word_1_572' title='bbox 1844 4461 2003 4511; x_wconf 74' lang='grc' dir='ltr'>περιο</span> 
     </span>
    </p>
   </div>
   <div class='ocr_carea' id='block_1_77' title="bbox 2107 3248 3684 3321">
    <p class='ocr_par' dir='ltr' id='par_1_77' title="bbox 2107 3248 3684 3321">
     <span class='ocr_line' id='line_1_77' title="bbox 2107 3248 3684 3321; baseline 0.002 -18"><span class='ocrx_word' id='word_1_573' title='bbox 2107 3248 2646 3318; x_wconf 86' lang='lat' dir='ltr'><strong>ineircumscriptus,</strong></span> <span class='ocrx_word' id='word_1_574' title='bbox 2704 3255 2758 3303; x_wconf 90' lang='lat' dir='ltr'><strong>et</strong></span> <span class='ocrx_word' id='word_1_575' title='bbox 2822 3248 3431 3320; x_wconf 85' lang='lat' dir='ltr'><strong>incomprehensibilis,</strong></span> <span class='ocrx_word' id='word_1_576' title='bbox 3504 3251 3684 3321; x_wconf 85' lang='lat' dir='ltr'><strong>imago</strong></span> 
     </span>
    </p>
   </div>
   <div class='ocr_carea' id='block_1_78' title="bbox 2103 3336 3802 3411">
    <p class='ocr_par' dir='ltr' id='par_1_78' title="bbox 2103 3336 3802 3411">
     <span class='ocr_line' id='line_1_78' title="bbox 2103 3336 3802 3411; baseline 0.001 -17"><span class='ocrx_word' id='word_1_577' title='bbox 2103 3341 2255 3394; x_wconf 91' lang='lat' dir='ltr'><strong>nulla</strong></span> <span class='ocrx_word' id='word_1_578' title='bbox 2309 3339 2425 3395; x_wconf 84' lang='lat' dir='ltr'><strong>fieri</strong></span> <span class='ocrx_word' id='word_1_579' title='bbox 2476 3339 2672 3408; x_wconf 87' lang='lat' dir='ltr'><strong>possit.</strong></span> <span class='ocrx_word' id='word_1_580' title='bbox 2721 3336 2858 3394; x_wconf 89' lang='lat' dir='ltr'><strong>Nam</strong></span> <span class='ocrx_word' id='word_1_581' title='bbox 2899 3339 3177 3410; x_wconf 88' lang='lat' dir='ltr'><strong>quomodo</strong></span> <span class='ocrx_word' id='word_1_582' title='bbox 3241 3339 3375 3395; x_wconf 76' lang='lat' dir='ltr'><strong>illud</strong></span> <span class='ocrx_word' id='word_1_583' title='bbox 3428 3341 3574 3411; x_wconf 90' lang='lat' dir='ltr'><strong>quod</strong></span> <span class='ocrx_word' id='word_1_584' title='bbox 3627 3343 3684 3396; x_wconf 89' lang='lat' dir='ltr'><strong>in</strong></span> <span class='ocrx_word' id='word_1_585' title='bbox 3793 3341 3802 3349; x_wconf 86' lang='grc'><em>’</em></span> 
     </span>
    </p>
   </div>
   <div class='ocr_carea' id='block_1_79' title="bbox 2103 3431 3680 3503">
    <p class='ocr_par' dir='ltr' id='par_1_79' title="bbox 2103 3431 3680 3503">
     <span class='ocr_line' id='line_1_79' title="bbox 2103 3431 3680 3503; baseline 0 -17"><span class='ocrx_word' id='word_1_586' title='bbox 2103 3438 2388 3502; x_wconf 87' lang='lat' dir='ltr'><strong>aspectum</strong></span> <span class='ocrx_word' id='word_1_587' title='bbox 2420 3447 2530 3487; x_wconf 87' lang='lat' dir='ltr'><strong>non</strong></span> <span class='ocrx_word' id='word_1_588' title='bbox 2564 3432 2736 3496; x_wconf 91' lang='lat' dir='ltr'><strong>cadit,</strong></span> <span class='ocrx_word' id='word_1_589' title='bbox 2767 3433 2948 3503; x_wconf 88' lang='lat' dir='ltr'><strong>imago</strong></span> <span class='ocrx_word' id='word_1_590' title='bbox 2976 3432 3386 3502; x_wconf 80' lang='lat' dir='ltr'><strong>repraesentarit</strong></span> <span class='ocrx_word' id='word_1_591' title='bbox 3411 3431 3435 3486; x_wconf 82' lang='lat'><strong>?</strong></span> <span class='ocrx_word' id='word_1_592' title='bbox 3461 3450 3480 3484; x_wconf 83' lang='grc' dir='ltr'><strong>ι</strong></span> <span class='ocrx_word' id='word_1_593' title='bbox 3511 3433 3680 3488; x_wconf 92' lang='lat' dir='ltr'><strong>Deum</strong></span> 
     </span>
    </p>
   </div>
   <div class='ocr_carea' id='block_1_80' title="bbox 2101 3523 3683 3595">
    <p class='ocr_par' dir='ltr' id='par_1_80' title="bbox 2101 3523 3683 3595">
     <span class='ocr_line' id='line_1_80' title="bbox 2101 3523 3683 3595; baseline 0.003 -19"><span class='ocrx_word' id='word_1_594' title='bbox 2101 3531 2285 3580; x_wconf 89' lang='lat' dir='ltr'><strong>autem</strong></span> <span class='ocrx_word' id='word_1_595' title='bbox 2305 3538 2466 3579; x_wconf 91' lang='lat' dir='ltr'><strong>nemo</strong></span> <span class='ocrx_word' id='word_1_596' title='bbox 2505 3524 2642 3579; x_wconf 86' lang='lat' dir='ltr'><strong>vidit</strong></span> <span class='ocrx_word' id='word_1_597' title='bbox 2683 3539 2924 3594; x_wconf 90' lang='lat' dir='ltr'><strong>unquam</strong></span> <span class='ocrx_word' id='word_1_598' title='bbox 2960 3543 2974 3579; x_wconf 87' lang='lat'><strong>:</strong></span> <span class='ocrx_word' id='word_1_599' title='bbox 3008 3523 3327 3594; x_wconf 86' lang='lat' dir='ltr'><strong>unigenitus</strong></span> <span class='ocrx_word' id='word_1_600' title='bbox 3362 3523 3556 3591; x_wconf 86' lang='lat' dir='ltr'><strong>Filius,</strong></span> <span class='ocrx_word' id='word_1_601' title='bbox 3588 3525 3683 3595; x_wconf 89' lang='lat' dir='ltr'><strong>qni</strong></span> 
     </span>
    </p>
   </div>
   <div class='ocr_carea' id='block_1_81' title="bbox 2100 3615 3684 3687">
    <p class='ocr_par' dir='ltr' id='par_1_81' title="bbox 2100 3615 3684 3687">
     <span class='ocr_line' id='line_1_81' title="bbox 2100 3615 3684 3687; baseline 0.001 -15"><span class='ocrx_word' id='word_1_602' title='bbox 2100 3623 2186 3672; x_wconf 91' lang='lat' dir='ltr'><strong>est</strong></span> <span class='ocrx_word' id='word_1_603' title='bbox 2232 3617 2286 3670; x_wconf 92' lang='lat' dir='ltr'><strong>in</strong></span> <span class='ocrx_word' id='word_1_604' title='bbox 2321 3617 2445 3672; x_wconf 90' lang='lat' dir='ltr'><strong>sinu</strong></span> <span class='ocrx_word' id='word_1_605' title='bbox 2477 3615 2681 3682; x_wconf 87' lang='lat' dir='ltr'><strong>Patris,</strong></span> <span class='ocrx_word' id='word_1_606' title='bbox 2722 3617 2842 3687; x_wconf 86' lang='lat' dir='ltr'><strong>ipse</strong></span> <span class='ocrx_word' id='word_1_607' title='bbox 2899 3616 3263 3673; x_wconf 77' lang='lat' dir='ltr'><strong>enarravit“.</strong></span> <span class='ocrx_word' id='word_1_608' title='bbox 3297 3635 3316 3668; x_wconf 74' lang='grc' dir='ltr'><strong>ι</strong></span> <span class='ocrx_word' id='word_1_609' title='bbox 3343 3618 3430 3685; x_wconf 87' lang='lat' dir='ltr'><strong>Et,</strong></span> <span class='ocrx_word' id='word_1_610' title='bbox 3467 3635 3486 3669; x_wconf 85' lang='grc' dir='ltr'><strong>ι</strong></span> <span class='ocrx_word' id='word_1_611' title='bbox 3513 3616 3684 3674; x_wconf 88' lang='lat' dir='ltr'><strong>Nemo</strong></span> 
     </span>
    </p>
   </div>
   <div class='ocr_carea' id='block_1_82' title="bbox 2101 3707 3539 3775">
    <p class='ocr_par' dir='ltr' id='par_1_82' title="bbox 2101 3707 3539 3775">
     <span class='ocr_line' id='line_1_82' title="bbox 2101 3707 3539 3775; baseline 0.001 -11"><span class='ocrx_word' id='word_1_612' title='bbox 2101 3709 2311 3765; x_wconf 81' lang='lat' dir='ltr'><strong>videbit</strong></span> <span class='ocrx_word' id='word_1_613' title='bbox 2364 3708 2562 3764; x_wconf 79' lang='lat' dir='ltr'><strong>faciem</strong></span> <span class='ocrx_word' id='word_1_614' title='bbox 2612 3724 2810 3775; x_wconf 91' lang='lat' dir='ltr'><strong>meam,</strong></span> <span class='ocrx_word' id='word_1_615' title='bbox 2842 3717 2896 3764; x_wconf 89' lang='lat' dir='ltr'><strong>et</strong></span> <span class='ocrx_word' id='word_1_616' title='bbox 2928 3708 3131 3764; x_wconf 78' lang='lat' dir='ltr'><strong>vivet&quot;</strong></span> <span class='ocrx_word' id='word_1_617' title='bbox 3165 3748 3180 3775; x_wconf 93' lang='lat'><strong>,</strong></span> <span class='ocrx_word' id='word_1_618' title='bbox 3215 3728 3233 3761; x_wconf 72' lang='grc' dir='ltr'><strong>ι</strong></span> <span class='ocrx_word' id='word_1_619' title='bbox 3269 3707 3345 3762; x_wconf 88' lang='lat' dir='ltr'><strong>ait</strong></span> <span class='ocrx_word' id='word_1_620' title='bbox 3373 3708 3539 3765; x_wconf 90' lang='lat' dir='ltr'><strong>Deus.</strong></span> 
     </span>
    </p>
   </div>
   <div class='ocr_carea' id='block_1_83' title="bbox 2170 3799 3683 3871">
    <p class='ocr_par' dir='ltr' id='par_1_83' title="bbox 2170 3799 3683 3871">
     <span class='ocr_line' id='line_1_83' title="bbox 2170 3799 3683 3871; baseline 0 -14"><span class='ocrx_word' id='word_1_621' title='bbox 2170 3801 2224 3857; x_wconf 86' lang='lat'><strong>8.</strong></span> <span class='ocrx_word' id='word_1_622' title='bbox 2258 3800 2427 3856; x_wconf 85' lang='lat' dir='ltr'><strong>Porro</strong></span> <span class='ocrx_word' id='word_1_623' title='bbox 2448 3800 2592 3871; x_wconf 86' lang='lat' dir='ltr'><strong>quod</strong></span> <span class='ocrx_word' id='word_1_624' title='bbox 2617 3799 2909 3856; x_wconf 88' lang='lat' dir='ltr'><strong>simulacra</strong></span> <span class='ocrx_word' id='word_1_625' title='bbox 2932 3807 3196 3870; x_wconf 88' lang='lat' dir='ltr'><strong>tanquam</strong></span> <span class='ocrx_word' id='word_1_626' title='bbox 3228 3799 3362 3856; x_wconf 91' lang='lat' dir='ltr'><strong>deos</strong></span> <span class='ocrx_word' id='word_1_627' title='bbox 3393 3801 3683 3870; x_wconf 89' lang='lat' dir='ltr'><strong>coluerint,</strong></span> 
     </span>
    </p>
   </div>
   <div class='ocr_carea' id='block_1_84' title="bbox 2102 3888 3769 3960">
    <p class='ocr_par' dir='ltr' id='par_1_84' title="bbox 2102 3888 3769 3960">
     <span class='ocr_line' id='line_1_84' title="bbox 2102 3888 3769 3960; baseline 0.002 -17"><span class='ocrx_word' id='word_1_628' title='bbox 2102 3890 2228 3945; x_wconf 89' lang='lat' dir='ltr'><strong>audi</strong></span> <span class='ocrx_word' id='word_1_629' title='bbox 2277 3889 2411 3959; x_wconf 90' lang='lat' dir='ltr'><strong>quid</strong></span> <span class='ocrx_word' id='word_1_630' title='bbox 2466 3897 2654 3944; x_wconf 88' lang='lat' dir='ltr'><strong>narret</strong></span> <span class='ocrx_word' id='word_1_631' title='bbox 2706 3889 2989 3959; x_wconf 89' lang='lat' dir='ltr'><strong>Scriptura</strong></span> <span class='ocrx_word' id='word_1_632' title='bbox 3037 3890 3092 3944; x_wconf 90' lang='lat' dir='ltr'><strong>in</strong></span> <span class='ocrx_word' id='word_1_633' title='bbox 3143 3888 3333 3946; x_wconf 71' lang='lat' dir='ltr'><strong>Exodo</strong></span> <span class='ocrx_word' id='word_1_634' title='bbox 3377 3892 3467 3960; x_wconf 89' lang='lat' dir='ltr'><strong>(id</strong></span> <span class='ocrx_word' id='word_1_635' title='bbox 3502 3900 3588 3948; x_wconf 86' lang='lat' dir='ltr'><strong>est</strong></span> <span class='ocrx_word' id='word_1_636' title='bbox 3624 3892 3682 3947; x_wconf 89' lang='lat' dir='ltr'><strong>in</strong></span> <span class='ocrx_word' id='word_1_637' title='bbox 3765 3937 3769 3940; x_wconf 39' lang='grc' dir='ltr'><strong><em>λ</em></strong></span> 
     </span>
    </p>
   </div>
   <div class='ocr_carea' id='block_1_85' title="bbox 2101 3979 3679 4053">
    <p class='ocr_par' dir='ltr' id='par_1_85' title="bbox 2101 3979 3679 4053">
     <span class='ocr_line' id='line_1_85' title="bbox 2101 3979 3679 4053; baseline 0 -17"><span class='ocrx_word' id='word_1_638' title='bbox 2101 3979 2276 4053; x_wconf 90' lang='lat' dir='ltr'><strong>exitu)</strong></span> <span class='ocrx_word' id='word_1_639' title='bbox 2335 3980 2571 4036; x_wconf 81' lang='lat' dir='ltr'><strong>filiorum</strong></span> <span class='ocrx_word' id='word_1_640' title='bbox 2620 3980 2809 4048; x_wconf 89' lang='lat' dir='ltr'><strong>lsrael,</strong></span> <span class='ocrx_word' id='word_1_641' title='bbox 2844 3981 3066 4052; x_wconf 87' lang='lat' dir='ltr'><strong>quando</strong></span> <span class='ocrx_word' id='word_1_642' title='bbox 3097 3979 3311 4052; x_wconf 84' lang='lat' dir='ltr'><strong>Moyses</strong></span> <span class='ocrx_word' id='word_1_643' title='bbox 3349 3983 3404 4036; x_wconf 93' lang='lat' dir='ltr'><strong>in</strong></span> <span class='ocrx_word' id='word_1_644' title='bbox 3439 3990 3679 4038; x_wconf 90' lang='lat' dir='ltr'><strong>montem</strong></span> 
     </span>
    </p>
   </div>
   <div class='ocr_carea' id='block_1_86' title="bbox 2105 4071 3678 4144">
    <p class='ocr_par' dir='ltr' id='par_1_86' title="bbox 2105 4071 3678 4144">
     <span class='ocr_line' id='line_1_86' title="bbox 2105 4071 3678 4144; baseline 0 -18"><span class='ocrx_word' id='word_1_645' title='bbox 2105 4071 2258 4127; x_wconf 89' lang='lat' dir='ltr'><strong>Sinai</strong></span> <span class='ocrx_word' id='word_1_646' title='bbox 2293 4073 2566 4140; x_wconf 87' lang='lat' dir='ltr'><strong>ascendit,</strong></span> <span class='ocrx_word' id='word_1_647' title='bbox 2603 4073 2791 4144; x_wconf 87' lang='lat' dir='ltr'><strong>ibique</strong></span> <span class='ocrx_word' id='word_1_648' title='bbox 2836 4073 3034 4129; x_wconf 89' lang='lat' dir='ltr'><strong>sedens</strong></span> <span class='ocrx_word' id='word_1_649' title='bbox 3061 4087 3186 4128; x_wconf 91' lang='lat' dir='ltr'><strong>cum</strong></span> <span class='ocrx_word' id='word_1_650' title='bbox 3217 4072 3329 4129; x_wconf 94' lang='lat' dir='ltr'><strong>Deo</strong></span> <span class='ocrx_word' id='word_1_651' title='bbox 3374 4088 3678 4128; x_wconf 85' lang='lat' dir='ltr'><strong>commora-</strong></span> 
     </span>
    </p>
   </div>
   <div class='ocr_carea' id='block_1_87' title="bbox 2102 4165 3680 4239">
    <p class='ocr_par' dir='ltr' id='par_1_87' title="bbox 2102 4165 3680 4239">
     <span class='ocr_line' id='line_1_87' title="bbox 2102 4165 3680 4239; baseline 0.002 -21"><span class='ocrx_word' id='word_1_652' title='bbox 2102 4172 2192 4220; x_wconf 89' lang='lat' dir='ltr'><strong>tus</strong></span> <span class='ocrx_word' id='word_1_653' title='bbox 2230 4173 2334 4232; x_wconf 89' lang='lat' dir='ltr'><strong>est,</strong></span> <span class='ocrx_word' id='word_1_654' title='bbox 2367 4173 2424 4220; x_wconf 93' lang='lat' dir='ltr'><strong>ut</strong></span> <span class='ocrx_word' id='word_1_655' title='bbox 2467 4166 2637 4236; x_wconf 80' lang='lat' dir='ltr'><strong>legem</strong></span> <span class='ocrx_word' id='word_1_656' title='bbox 2675 4167 2990 4237; x_wconf 87' lang='lat' dir='ltr'><strong>acciperet:</strong></span> <span class='ocrx_word' id='word_1_657' title='bbox 3035 4166 3274 4239; x_wconf 88' lang='lat' dir='ltr'><strong>quando,</strong></span> <span class='ocrx_word' id='word_1_658' title='bbox 3311 4165 3564 4236; x_wconf 90' lang='lat' dir='ltr'><strong>inquam,</strong></span> <span class='ocrx_word' id='word_1_659' title='bbox 3592 4168 3680 4221; x_wconf 86' lang='lat' dir='ltr'><strong>in-</strong></span> 
     </span>
    </p>
   </div>
   <div class='ocr_carea' id='block_1_88' title="bbox 2102 4255 3676 4326">
    <p class='ocr_par' dir='ltr' id='par_1_88' title="bbox 2102 4255 3676 4326">
     <span class='ocr_line' id='line_1_88' title="bbox 2102 4255 3676 4326; baseline 0.001 -18"><span class='ocrx_word' id='word_1_660' title='bbox 2102 4263 2293 4324; x_wconf 88' lang='lat' dir='ltr'><strong>gratus</strong></span> <span class='ocrx_word' id='word_1_661' title='bbox 2340 4255 2579 4326; x_wconf 90' lang='lat' dir='ltr'><strong>populus</strong></span> <span class='ocrx_word' id='word_1_662' title='bbox 2617 4255 2882 4310; x_wconf 86' lang='lat' dir='ltr'><strong>adversus</strong></span> <span class='ocrx_word' id='word_1_663' title='bbox 2925 4256 3104 4308; x_wconf 85' lang='lat' dir='ltr'><strong>Aaron</strong></span> <span class='ocrx_word' id='word_1_664' title='bbox 3153 4255 3464 4322; x_wconf 86' lang='lat' dir='ltr'><strong>insurgens,</strong></span> <span class='ocrx_word' id='word_1_665' title='bbox 3495 4255 3676 4311; x_wconf 84' lang='lat' dir='ltr'><strong>dixit:</strong></span> 
     </span>
    </p>
   </div>
   <div class='ocr_carea' id='block_1_89' title="bbox 2108 4344 3836 4416">
    <p class='ocr_par' dir='ltr' id='par_1_89' title="bbox 2108 4344 3836 4416">
     <span class='ocr_line' id='line_1_89' title="bbox 2108 4344 3836 4416; baseline 0 -18"><span class='ocrx_word' id='word_1_666' title='bbox 2108 4346 2256 4400; x_wconf 66' lang='lat' dir='ltr'><strong>«Fac</strong></span> <span class='ocrx_word' id='word_1_667' title='bbox 2303 4347 2460 4401; x_wconf 90' lang='lat' dir='ltr'><strong>nobis</strong></span> <span class='ocrx_word' id='word_1_668' title='bbox 2510 4346 2642 4401; x_wconf 90' lang='lat' dir='ltr'><strong>deos</strong></span> <span class='ocrx_word' id='word_1_669' title='bbox 2706 4345 2799 4415; x_wconf 92' lang='lat' dir='ltr'><strong>qui</strong></span> <span class='ocrx_word' id='word_1_670' title='bbox 2835 4360 2938 4400; x_wconf 88' lang='lat' dir='ltr'><strong>nos</strong></span> <span class='ocrx_word' id='word_1_671' title='bbox 2969 4345 3300 4415; x_wconf 70' lang='lat' dir='ltr'><strong>pret-cedant.</strong></span> <span class='ocrx_word' id='word_1_672' title='bbox 3333 4344 3504 4416; x_wconf 83' lang='lat' dir='ltr'><strong>Moysi</strong></span> <span class='ocrx_word' id='word_1_673' title='bbox 3535 4348 3676 4402; x_wconf 89' lang='lat' dir='ltr'><strong>enim</strong></span> <span class='ocrx_word' id='word_1_674' title='bbox 3789 4359 3791 4362; x_wconf 70' lang='lat'><em>‘</em></span> <span class='ocrx_word' id='word_1_675' title='bbox 3831 4349 3836 4353; x_wconf 85' lang='lat'><strong><em>&#39;</em></strong></span> 
     </span>
    </p>
   </div>
   <div class='ocr_carea' id='block_1_90' title="bbox 2105 4432 3674 4504">
    <p class='ocr_par' dir='ltr' id='par_1_90' title="bbox 2105 4432 3674 4504">
     <span class='ocr_line' id='line_1_90' title="bbox 2105 4432 3674 4504; baseline 0.003 -15"><span class='ocrx_word' id='word_1_676' title='bbox 2105 4436 2234 4490; x_wconf 88' lang='lat' dir='ltr'><strong>huic</strong></span> <span class='ocrx_word' id='word_1_677' title='bbox 2257 4435 2377 4489; x_wconf 86' lang='lat' dir='ltr'><strong>viro</strong></span> <span class='ocrx_word' id='word_1_678' title='bbox 2399 4435 2719 4504; x_wconf 86' lang='lat' dir='ltr'><strong>ignoramus</strong></span> <span class='ocrx_word' id='word_1_679' title='bbox 2742 4433 2872 4504; x_wconf 91' lang='lat' dir='ltr'><strong>quid</strong></span> <span class='ocrx_word' id='word_1_680' title='bbox 2894 4433 3156 4487; x_wconf 87' lang='lat' dir='ltr'><strong>acciderit</strong></span> <span class='ocrx_word' id='word_1_681' title='bbox 3187 4432 3254 4488; x_wconf 80' lang='grc'><strong>³⁸.</strong></span> <span class='ocrx_word' id='word_1_682' title='bbox 3286 4454 3305 4487; x_wconf 74' lang='grc' dir='ltr'><strong>ι</strong></span> <span class='ocrx_word' id='word_1_683' title='bbox 3333 4435 3534 4492; x_wconf 88' lang='lat' dir='ltr'><strong>Deinde</strong></span> <span class='ocrx_word' id='word_1_684' title='bbox 3555 4452 3674 4493; x_wconf 87' lang='lat' dir='ltr'><strong>eum</strong></span> 
     </span>
    </p>
   </div>
   <div class='ocr_carea' id='block_1_91' title="bbox 423 4520 2001 4606">
    <p class='ocr_par' dir='ltr' id='par_1_91' title="bbox 423 4525 2001 4606">
     <span class='ocr_line' id='line_1_91' title="bbox 423 4525 2001 4606; baseline 0.006 -26"><span class='ocrx_word' id='word_1_685' title='bbox 423 4525 569 4580; x_wconf 84' lang='grc' dir='ltr'>εἶλον</span> <span class='ocrx_word' id='word_1_686' title='bbox 598 4525 692 4580; x_wconf 82' lang='grc' dir='ltr'>τὸν</span> <span class='ocrx_word' id='word_1_687' title='bbox 721 4527 926 4596; x_wconf 86' lang='grc' dir='ltr'>κόσμον</span> <span class='ocrx_word' id='word_1_688' title='bbox 951 4527 1060 4582; x_wconf 89' lang='grc' dir='ltr'><strong>τῶν</strong></span> <span class='ocrx_word' id='word_1_689' title='bbox 1091 4529 1369 4598; x_wconf 86' lang='grc' dir='ltr'>γυναικῶν</span> <span class='ocrx_word' id='word_1_690' title='bbox 1396 4531 1599 4599; x_wconf 86' lang='grc' dir='ltr'>αὐτῶν,</span> <span class='ocrx_word' id='word_1_691' title='bbox 1639 4533 1734 4587; x_wconf 80' lang='grc' dir='ltr'><strong>καὶ</strong></span> <span class='ocrx_word' id='word_1_692' title='bbox 1769 4535 2001 4606; x_wconf 78' lang='grc' dir='ltr'>ἐχώνευ-</span> 
     </span>
    </p>
   </div>
   <div class='ocr_carea' id='block_1_92' title="bbox 2104 4520 3674 4606">
    <p class='ocr_par' dir='ltr' id='par_1_92' title="bbox 2107 4525 3674 4588">
     <span class='ocr_line' id='line_1_92' title="bbox 2107 4525 3674 4588; baseline 0.001 -6"><span class='ocrx_word' id='word_1_693' title='bbox 2107 4527 2291 4582; x_wconf 88' lang='lat' dir='ltr'><strong>ablato</strong></span> <span class='ocrx_word' id='word_1_694' title='bbox 2329 4525 2626 4579; x_wconf 91' lang='lat' dir='ltr'><strong>mulierum</strong></span> <span class='ocrx_word' id='word_1_695' title='bbox 2657 4539 2880 4579; x_wconf 87' lang='lat' dir='ltr'><strong>suarum</strong></span> <span class='ocrx_word' id='word_1_696' title='bbox 2914 4532 3134 4588; x_wconf 90' lang='lat' dir='ltr'><strong>ornatu,</strong></span> <span class='ocrx_word' id='word_1_697' title='bbox 3169 4526 3446 4582; x_wconf 84' lang='lat' dir='ltr'><strong>conflatile</strong></span> <span class='ocrx_word' id='word_1_698' title='bbox 3477 4529 3674 4585; x_wconf 79' lang='lat' dir='ltr'><strong>confe-</strong></span> 
     </span>
    </p>
   </div>
   <div class='ocr_carea' id='block_1_93' title="bbox 425 4617 2002 4697">
    <p class='ocr_par' dir='ltr' id='par_1_93' title="bbox 425 4617 2002 4697">
     <span class='ocr_line' id='line_1_93' title="bbox 425 4617 2002 4697; baseline 0.006 -25"><span class='ocrx_word' id='word_1_699' title='bbox 425 4634 550 4682; x_wconf 87' lang='grc' dir='ltr'>σαν,</span> <span class='ocrx_word' id='word_1_700' title='bbox 579 4617 676 4672; x_wconf 71' lang='grc' dir='ltr'>καὶ</span> <span class='ocrx_word' id='word_1_701' title='bbox 699 4617 925 4687; x_wconf 77' lang='grc' dir='ltr'>ἔφαγον,</span> <span class='ocrx_word' id='word_1_702' title='bbox 959 4621 1052 4673; x_wconf 80' lang='grc' dir='ltr'>καὶ</span> <span class='ocrx_word' id='word_1_703' title='bbox 1105 4620 1280 4684; x_wconf 77' lang='grc' dir='ltr'>ἔπιον,</span> <span class='ocrx_word' id='word_1_704' title='bbox 1314 4622 1418 4675; x_wconf 22' lang='grc' dir='ltr'>καὶ.</span> <span class='ocrx_word' id='word_1_705' title='bbox 1472 4623 1856 4697; x_wconf 81' lang='grc' dir='ltr'>ἐμεθύσθησαν</span> <span class='ocrx_word' id='word_1_706' title='bbox 1897 4628 2002 4680; x_wconf 80' lang='grc' dir='ltr'><strong>ὑπό</strong></span> 
     </span>
    </p>
   </div>
   <div class='ocr_carea' id='block_1_94' title="bbox 423 4709 1997 4786">
    <p class='ocr_par' dir='ltr' id='par_1_94' title="bbox 423 4709 1997 4786">
     <span class='ocr_line' id='line_1_94' title="bbox 423 4709 1997 4786; baseline 0.006 -23"><span class='ocrx_word' id='word_1_707' title='bbox 423 4727 484 4764; x_wconf 87' lang='grc' dir='ltr'><strong>τε</strong></span> <span class='ocrx_word' id='word_1_708' title='bbox 511 4709 608 4766; x_wconf 91' lang='grc' dir='ltr'><strong>τοῦ</strong></span> <span class='ocrx_word' id='word_1_709' title='bbox 641 4711 788 4764; x_wconf 82' lang='grc' dir='ltr'>οῖνου</span> <span class='ocrx_word' id='word_1_710' title='bbox 819 4710 1037 4781; x_wconf 78' lang='grc' dir='ltr'>καὶτῆς</span> <span class='ocrx_word' id='word_1_711' title='bbox 1076 4711 1306 4782; x_wconf 87' lang='grc' dir='ltr'>πλάνης,</span> <span class='ocrx_word' id='word_1_712' title='bbox 1351 4714 1447 4766; x_wconf 73' lang='grc' dir='ltr'>καὶ</span> <span class='ocrx_word' id='word_1_713' title='bbox 1483 4713 1719 4786; x_wconf 72' lang='grc' dir='ltr'>ἤρξαντο</span> <span class='ocrx_word' id='word_1_714' title='bbox 1756 4718 1997 4786; x_wconf 82' lang='grc' dir='ltr'>παίζειν,</span> 
     </span>
    </p>
   </div>
   <div class='ocr_carea' id='block_1_95' title="bbox 426 4795 1991 4881">
    <p class='ocr_par' dir='ltr' id='par_1_95' title="bbox 426 4795 1991 4881">
     <span class='ocr_line' id='line_1_95' title="bbox 426 4795 1991 4881; baseline 0.007 -29"><span class='ocrx_word' id='word_1_715' title='bbox 426 4801 484 4854; x_wconf 79' lang='grc' dir='ltr'>ἐν</span> <span class='ocrx_word' id='word_1_716' title='bbox 505 4801 785 4872; x_wconf 69' lang='grc' dir='ltr'>ἀφροσύνῃ</span> <span class='ocrx_word' id='word_1_717' title='bbox 806 4801 1055 4869; x_wconf 83' lang='grc' dir='ltr'>λέγοντες</span> <span class='ocrx_word' id='word_1_718' title='bbox 1078 4819 1091 4833; x_wconf 89' lang='grc'>·</span> <span class='ocrx_word' id='word_1_719' title='bbox 1135 4795 1324 4856; x_wconf 73' lang='grc' dir='ltr'>ιυῦτοι</span> <span class='ocrx_word' id='word_1_720' title='bbox 1344 4805 1394 4856; x_wconf 84' lang='grc' dir='ltr'><strong>οἱ</strong></span> <span class='ocrx_word' id='word_1_721' title='bbox 1429 4805 1541 4859; x_wconf 88' lang='grc' dir='ltr'>θεοί</span> <span class='ocrx_word' id='word_1_722' title='bbox 1574 4823 1691 4872; x_wconf 91' lang='grc' dir='ltr'>σου,</span> <span class='ocrx_word' id='word_1_723' title='bbox 1723 4809 1958 4881; x_wconf 87' lang='grc' dir='ltr'>Ἰσραήλ.</span> <span class='ocrx_word' id='word_1_724' title='bbox 1975 4830 1991 4863; x_wconf 77' lang='grc' dir='ltr'><strong>ι</strong></span> 
     </span>
    </p>
   </div>
   <div class='ocr_carea' id='block_1_96' title="bbox 438 4887 1998 4970">
    <p class='ocr_par' dir='ltr' id='par_1_96' title="bbox 438 4887 1998 4970">
     <span class='ocr_line' id='line_1_96' title="bbox 438 4887 1998 4970; baseline 0.006 -27"><span class='ocrx_word' id='word_1_725' title='bbox 438 4890 620 4962; x_wconf 84' lang='grc' dir='ltr'>Ὁρᾷς,</span> <span class='ocrx_word' id='word_1_726' title='bbox 650 4892 732 4944; x_wconf 84' lang='grc' dir='ltr'>ὅτι</span> <span class='ocrx_word' id='word_1_727' title='bbox 761 4889 917 4954; x_wconf 82' lang='grc' dir='ltr'>θεοὺς</span> <span class='ocrx_word' id='word_1_728' title='bbox 941 4887 1086 4962; x_wconf 84' lang='grc' dir='ltr'>εἶχον</span> <span class='ocrx_word' id='word_1_729' title='bbox 1124 4893 1193 4946; x_wconf 77' lang='grc' dir='ltr'><strong>τά</strong></span> <span class='ocrx_word' id='word_1_730' title='bbox 1251 4891 1468 4959; x_wconf 82' lang='grc' dir='ltr'>εἴδωλα,</span> <span class='ocrx_word' id='word_1_731' title='bbox 1518 4893 1674 4950; x_wconf 82' lang='grc' dir='ltr'>ἀτινα</span> <span class='ocrx_word' id='word_1_732' title='bbox 1725 4897 1998 4970; x_wconf 86' lang='grc' dir='ltr'>δαιμόνων</span> 
     </span>
    </p>
   </div>
   <div class='ocr_carea' id='block_1_97' title="bbox 422 4979 2005 5061">
    <p class='ocr_par' dir='ltr' id='par_1_97' title="bbox 422 4979 2005 5061">
     <span class='ocr_line' id='line_1_97' title="bbox 422 4979 2005 5061; baseline 0.006 -25"><span class='ocrx_word' id='word_1_733' title='bbox 422 4979 563 5054; x_wconf 77' lang='grc' dir='ltr'>ἦσαν</span> <span class='ocrx_word' id='word_1_734' title='bbox 605 4985 1037 5055; x_wconf 85' lang='grc' dir='ltr'>κατοικητήρια;</span> <span class='ocrx_word' id='word_1_735' title='bbox 1080 4986 1174 5038; x_wconf 74' lang='grc' dir='ltr'><strong>καὶ</strong></span> <span class='ocrx_word' id='word_1_736' title='bbox 1227 4986 1309 5039; x_wconf 83' lang='grc' dir='ltr'>ὅτι</span> <span class='ocrx_word' id='word_1_737' title='bbox 1356 4989 1422 5058; x_wconf 83' lang='grc' dir='ltr'>τῇ</span> <span class='ocrx_word' id='word_1_738' title='bbox 1471 4988 1647 5043; x_wconf 89' lang='grc' dir='ltr'>κτίσει</span> <span class='ocrx_word' id='word_1_739' title='bbox 1714 4991 2005 5061; x_wconf 80' lang='grc' dir='ltr'>ὲλάτρευον</span> 
     </span>
    </p>
   </div>
   <div class='ocr_carea' id='block_1_98' title="bbox 426 5072 2008 5146">
    <p class='ocr_par' dir='ltr' id='par_1_98' title="bbox 426 5072 2008 5146">
     <span class='ocr_line' id='line_1_98' title="bbox 426 5072 2008 5146; baseline 0.007 -21"><span class='ocrx_word' id='word_1_740' title='bbox 426 5072 578 5145; x_wconf 82' lang='grc' dir='ltr'>παρὰ</span> <span class='ocrx_word' id='word_1_741' title='bbox 604 5074 694 5128; x_wconf 69' lang='grc' dir='ltr'>τὸν</span> <span class='ocrx_word' id='word_1_742' title='bbox 722 5073 1033 5139; x_wconf 84' lang='grc' dir='ltr'>Κτίσαντα;</span> <span class='ocrx_word' id='word_1_743' title='bbox 1075 5074 1274 5139; x_wconf 83' lang='grc' dir='ltr'>Καθὼς</span> <span class='ocrx_word' id='word_1_744' title='bbox 1303 5093 1436 5146; x_wconf 82' lang='grc' dir='ltr'>φησι</span> <span class='ocrx_word' id='word_1_745' title='bbox 1477 5080 1570 5132; x_wconf 76' lang='grc' dir='ltr'><strong>καὶ</strong></span> <span class='ocrx_word' id='word_1_746' title='bbox 1607 5082 1635 5133; x_wconf 91' lang='grc' dir='ltr'>ὁ</span> <span class='ocrx_word' id='word_1_747' title='bbox 1664 5079 1806 5146; x_wconf 88' lang='grc' dir='ltr'>θεῖος</span> <span class='ocrx_word' id='word_1_748' title='bbox 1843 5083 2008 5136; x_wconf 81' lang='grc' dir='ltr'>Ἀπό-</span> 
     </span>
    </p>
   </div>
   <div class='ocr_carea' id='block_1_99' title="bbox 427 5162 2002 5243">
    <p class='ocr_par' dir='ltr' id='par_1_99' title="bbox 427 5162 2002 5243">
     <span class='ocr_line' id='line_1_99' title="bbox 427 5162 2002 5243; baseline 0.006 -27"><span class='ocrx_word' id='word_1_749' title='bbox 427 5162 642 5228; x_wconf 84' lang='grc' dir='ltr'>στολος·</span> <span class='ocrx_word' id='word_1_750' title='bbox 676 5181 695 5215; x_wconf 80' lang='grc' dir='ltr'><strong>ι</strong></span> <span class='ocrx_word' id='word_1_751' title='bbox 729 5164 938 5228; x_wconf 80' lang='grc' dir='ltr'>οἵτινες</span> <span class='ocrx_word' id='word_1_752' title='bbox 963 5163 1202 5235; x_wconf 72' lang='grc' dir='ltr'>ἤλλαξαν</span> <span class='ocrx_word' id='word_1_753' title='bbox 1248 5165 1348 5236; x_wconf 83' lang='grc' dir='ltr'><strong>τὴν</strong></span> <span class='ocrx_word' id='word_1_754' title='bbox 1379 5166 1540 5234; x_wconf 78' lang='grc' dir='ltr'>δόξαν</span> <span class='ocrx_word' id='word_1_755' title='bbox 1579 5170 1674 5223; x_wconf 93' lang='grc' dir='ltr'><strong>τοῦ</strong></span> <span class='ocrx_word' id='word_1_756' title='bbox 1722 5171 2002 5243; x_wconf 85' lang='grc' dir='ltr'>ἀφθάρτου</span> 
     </span>
    </p>
   </div>
   <div class='ocr_carea' id='block_1_100' title="bbox 423 5253 2000 5328">
    <p class='ocr_par' dir='ltr' id='par_1_100' title="bbox 423 5253 2000 5328">
     <span class='ocr_line' id='line_1_100' title="bbox 423 5253 2000 5328; baseline 0.006 -22"><span class='ocrx_word' id='word_1_757' title='bbox 423 5253 580 5318; x_wconf 87' lang='grc' dir='ltr'>Θεοῦ,</span> <span class='ocrx_word' id='word_1_758' title='bbox 598 5255 656 5306; x_wconf 81' lang='grc' dir='ltr'>ὲν</span> <span class='ocrx_word' id='word_1_759' title='bbox 685 5255 990 5324; x_wconf 85' lang='grc' dir='ltr'>ὁμοιώματι</span> <span class='ocrx_word' id='word_1_760' title='bbox 1009 5253 1251 5324; x_wconf 85' lang='grc' dir='ltr'>φθαρτοῦ</span> <span class='ocrx_word' id='word_1_761' title='bbox 1273 5255 1583 5328; x_wconf 86' lang='grc' dir='ltr'>ἀνθρώπου,</span> <span class='ocrx_word' id='word_1_762' title='bbox 1598 5261 1692 5314; x_wconf 75' lang='grc' dir='ltr'>καὶ</span> <span class='ocrx_word' id='word_1_763' title='bbox 1714 5263 2000 5327; x_wconf 87' lang='grc' dir='ltr'>πετεινῶν,</span> 
     </span>
    </p>
   </div>
   <div class='ocr_carea' id='block_1_101' title="bbox 421 5347 1992 5430">
    <p class='ocr_par' dir='ltr' id='par_1_101' title="bbox 421 5347 1992 5430">
     <span class='ocr_line' id='line_1_101' title="bbox 421 5347 1992 5430; baseline 0.006 -29"><span class='ocrx_word' id='word_1_764' title='bbox 421 5347 519 5401; x_wconf 74' lang='grc' dir='ltr'>καὶ</span> <span class='ocrx_word' id='word_1_765' title='bbox 572 5347 938 5416; x_wconf 88' lang='grc' dir='ltr'>τετραπόδων,</span> <span class='ocrx_word' id='word_1_766' title='bbox 983 5349 1081 5400; x_wconf 78' lang='grc' dir='ltr'><strong>καὶ</strong></span> <span class='ocrx_word' id='word_1_767' title='bbox 1112 5348 1383 5420; x_wconf 79' lang='grc' dir='ltr'>ἑρπετῶν,</span> <span class='ocrx_word' id='word_1_768' title='bbox 1411 5353 1505 5406; x_wconf 73' lang='grc' dir='ltr'><strong>καὶ</strong></span> <span class='ocrx_word' id='word_1_769' title='bbox 1556 5353 1891 5426; x_wconf 77' lang='grc' dir='ltr'>ἐλάτρευσαν</span> <span class='ocrx_word' id='word_1_770' title='bbox 1929 5361 1992 5430; x_wconf 81' lang='grc' dir='ltr'>τῇ</span> 
     </span>
    </p>
   </div>
   <div class='ocr_carea' id='block_1_102' title="bbox 2108 4613 3680 4688">
    <p class='ocr_par' dir='ltr' id='par_1_102' title="bbox 2108 4613 3680 4688">
     <span class='ocr_line' id='line_1_102' title="bbox 2108 4613 3680 4688; baseline 0.001 -16"><span class='ocrx_word' id='word_1_771' title='bbox 2108 4619 2337 4680; x_wconf 86' lang='lat' dir='ltr'><strong>eissent,</strong></span> <span class='ocrx_word' id='word_1_772' title='bbox 2389 4613 2748 4670; x_wconf 85' lang='lat' dir='ltr'><strong>comederunt</strong></span> <span class='ocrx_word' id='word_1_773' title='bbox 2809 4621 2863 4669; x_wconf 90' lang='lat' dir='ltr'><strong>et</strong></span> <span class='ocrx_word' id='word_1_774' title='bbox 2927 4615 3206 4684; x_wconf 89' lang='lat' dir='ltr'><strong>biberunt,</strong></span> <span class='ocrx_word' id='word_1_775' title='bbox 3272 4626 3436 4688; x_wconf 89' lang='lat' dir='ltr'><strong>atque</strong></span> <span class='ocrx_word' id='word_1_776' title='bbox 3491 4634 3680 4674; x_wconf 89' lang='lat' dir='ltr'><strong>errore</strong></span> 
     </span>
    </p>
   </div>
   <div class='ocr_carea' id='block_1_103' title="bbox 2107 4710 3680 4787">
    <p class='ocr_par' dir='ltr' id='par_1_103' title="bbox 2107 4710 3680 4787">
     <span class='ocr_line' id='line_1_103' title="bbox 2107 4710 3680 4787; baseline 0.001 -17"><span class='ocrx_word' id='word_1_777' title='bbox 2107 4728 2208 4771; x_wconf 89' lang='lat' dir='ltr'><strong>suo</strong></span> <span class='ocrx_word' id='word_1_778' title='bbox 2231 4727 2483 4783; x_wconf 60' lang='lat' dir='ltr'><strong>peraeque</strong></span> <span class='ocrx_word' id='word_1_779' title='bbox 2513 4726 2577 4765; x_wconf 90' lang='lat' dir='ltr'><strong>ac</strong></span> <span class='ocrx_word' id='word_1_780' title='bbox 2610 4711 2736 4765; x_wconf 86' lang='lat' dir='ltr'><strong>vino</strong></span> <span class='ocrx_word' id='word_1_781' title='bbox 2757 4710 2897 4766; x_wconf 88' lang='lat' dir='ltr'><strong>ebrii</strong></span> <span class='ocrx_word' id='word_1_782' title='bbox 2951 4721 3237 4781; x_wconf 72' lang='lat' dir='ltr'><strong>coeperunt</strong></span> <span class='ocrx_word' id='word_1_783' title='bbox 3262 4713 3471 4779; x_wconf 85' lang='lat' dir='ltr'><strong>ludere,</strong></span> <span class='ocrx_word' id='word_1_784' title='bbox 3487 4723 3540 4771; x_wconf 89' lang='lat' dir='ltr'><strong>et</strong></span> <span class='ocrx_word' id='word_1_785' title='bbox 3569 4731 3680 4787; x_wconf 67' lang='lat' dir='ltr'><strong>prae</strong></span> 
     </span>
    </p>
   </div>
   <div class='ocr_carea' id='block_1_104' title="bbox 2106 4803 3678 4870">
    <p class='ocr_par' dir='ltr' id='par_1_104' title="bbox 2106 4803 3678 4870">
     <span class='ocr_line' id='line_1_104' title="bbox 2106 4803 3678 4870; baseline 0.002 -10"><span class='ocrx_word' id='word_1_786' title='bbox 2106 4803 2343 4860; x_wconf 86' lang='lat' dir='ltr'><strong>amentia</strong></span> <span class='ocrx_word' id='word_1_787' title='bbox 2374 4803 2556 4858; x_wconf 87' lang='lat' dir='ltr'><strong>dicere</strong></span> <span class='ocrx_word' id='word_1_788' title='bbox 2589 4821 2659 4859; x_wconf 68' lang='lat'><strong>:4</strong></span> <span class='ocrx_word' id='word_1_789' title='bbox 2694 4803 2757 4857; x_wconf 89' lang='lat' dir='ltr'><strong>lli</strong></span> <span class='ocrx_word' id='word_1_790' title='bbox 2793 4813 2920 4858; x_wconf 89' lang='lat' dir='ltr'><strong>sunt</strong></span> <span class='ocrx_word' id='word_1_791' title='bbox 2953 4803 3026 4859; x_wconf 93' lang='lat' dir='ltr'><strong>dii</strong></span> <span class='ocrx_word' id='word_1_792' title='bbox 3053 4804 3154 4870; x_wconf 90' lang='lat' dir='ltr'><strong>tui,</strong></span> <span class='ocrx_word' id='word_1_793' title='bbox 3189 4804 3357 4861; x_wconf 90' lang='lat' dir='ltr'><strong>lsrael</strong></span> <span class='ocrx_word' id='word_1_794' title='bbox 3378 4805 3443 4861; x_wconf 82' lang='lat'><strong>&quot;.</strong></span> <span class='ocrx_word' id='word_1_795' title='bbox 3467 4825 3486 4859; x_wconf 73' lang='grc' dir='ltr'><strong>ι</strong></span> <span class='ocrx_word' id='word_1_796' title='bbox 3512 4805 3678 4863; x_wconf 78' lang='lat' dir='ltr'><strong>Plane</strong></span> 
     </span>
    </p>
   </div>
   <div class='ocr_carea' id='block_1_105' title="bbox 2106 4880 3672 4967">
    <p class='ocr_par' dir='ltr' id='par_1_105' title="bbox 2106 4880 3672 4967">
     <span class='ocr_line' id='line_1_105' title="bbox 2106 4880 3672 4967; baseline 0 -17"><span class='ocrx_word' id='word_1_797' title='bbox 2106 4897 2259 4952; x_wconf 84' lang='lat' dir='ltr'><strong>vides</strong></span> <span class='ocrx_word' id='word_1_798' title='bbox 2316 4895 2464 4967; x_wconf 90' lang='lat' dir='ltr'><strong>quod</strong></span> <span class='ocrx_word' id='word_1_799' title='bbox 2525 4880 2842 4962; x_wconf 51' lang='lat' dir='ltr'><strong>simulacra:</strong></span> <span class='ocrx_word' id='word_1_800' title='bbox 2879 4911 3003 4966; x_wconf 59' lang='lat' dir='ltr'><strong>quae</strong></span> <span class='ocrx_word' id='word_1_801' title='bbox 3055 4896 3333 4952; x_wconf 84' lang='lat' dir='ltr'><strong>domicilia</strong></span> <span class='ocrx_word' id='word_1_802' title='bbox 3365 4897 3672 4953; x_wconf 58' lang='lat' dir='ltr'><strong>datmouum</strong></span> 
     </span>
    </p>
   </div>
   <div class='ocr_carea' id='block_1_106' title="bbox 2105 4986 3674 5060">
    <p class='ocr_par' dir='ltr' id='par_1_106' title="bbox 2105 4986 3674 5060">
     <span class='ocr_line' id='line_1_106' title="bbox 2105 4986 3674 5060; baseline 0.001 -16"><span class='ocrx_word' id='word_1_803' title='bbox 2105 4997 2281 5052; x_wconf 90' lang='lat' dir='ltr'><strong>erant,</strong></span> <span class='ocrx_word' id='word_1_804' title='bbox 2316 5003 2415 5059; x_wconf 91' lang='lat' dir='ltr'><strong>pro</strong></span> <span class='ocrx_word' id='word_1_805' title='bbox 2447 4986 2554 5044; x_wconf 90' lang='lat' dir='ltr'><strong>diis</strong></span> <span class='ocrx_word' id='word_1_806' title='bbox 2575 4988 2888 5055; x_wconf 82' lang='lat' dir='ltr'><strong>habuerint,</strong></span> <span class='ocrx_word' id='word_1_807' title='bbox 2915 4989 3173 5060; x_wconf 91' lang='lat' dir='ltr'><strong>quodque</strong></span> <span class='ocrx_word' id='word_1_808' title='bbox 3195 4998 3464 5046; x_wconf 84' lang='lat' dir='ltr'><strong>creaturae</strong></span> <span class='ocrx_word' id='word_1_809' title='bbox 3494 4991 3674 5060; x_wconf 85' lang='lat' dir='ltr'><strong>potius</strong></span> 
     </span>
    </p>
   </div>
   <div class='ocr_carea' id='block_1_107' title="bbox 2103 5080 3674 5151">
    <p class='ocr_par' dir='ltr' id='par_1_107' title="bbox 2103 5080 3674 5151">
     <span class='ocr_line' id='line_1_107' title="bbox 2103 5080 3674 5151; baseline 0 -17"><span class='ocrx_word' id='word_1_810' title='bbox 2103 5095 2266 5150; x_wconf 89' lang='lat' dir='ltr'><strong>quam</strong></span> <span class='ocrx_word' id='word_1_811' title='bbox 2299 5080 2545 5136; x_wconf 86' lang='lat' dir='ltr'><strong>Creatori</strong></span> <span class='ocrx_word' id='word_1_812' title='bbox 2577 5081 2896 5145; x_wconf 83' lang='lat' dir='ltr'><strong>servierint,</strong></span> <span class='ocrx_word' id='word_1_813' title='bbox 2915 5081 3074 5151; x_wconf 87' lang='lat' dir='ltr'><strong>juxta</strong></span> <span class='ocrx_word' id='word_1_814' title='bbox 3094 5092 3258 5151; x_wconf 91' lang='lat' dir='ltr'><strong>atque</strong></span> <span class='ocrx_word' id='word_1_815' title='bbox 3287 5082 3506 5136; x_wconf 87' lang='lat' dir='ltr'><strong>divinus</strong></span> <span class='ocrx_word' id='word_1_816' title='bbox 3528 5083 3674 5151; x_wconf 84' lang='lat' dir='ltr'><strong>Apo-</strong></span> 
     </span>
    </p>
   </div>
   <div class='ocr_carea' id='block_1_108' title="bbox 2104 5171 3670 5243">
    <p class='ocr_par' dir='ltr' id='par_1_108' title="bbox 2104 5171 3670 5243">
     <span class='ocr_line' id='line_1_108' title="bbox 2104 5171 3670 5243; baseline -0.002 -16"><span class='ocrx_word' id='word_1_817' title='bbox 2104 5171 2281 5227; x_wconf 88' lang='lat' dir='ltr'><strong>stolus</strong></span> <span class='ocrx_word' id='word_1_818' title='bbox 2313 5171 2390 5225; x_wconf 86' lang='lat' dir='ltr'><strong>ait</strong></span> <span class='ocrx_word' id='word_1_819' title='bbox 2429 5185 2444 5224; x_wconf 92' lang='lat'><strong>:</strong></span> <span class='ocrx_word' id='word_1_820' title='bbox 2487 5171 2632 5238; x_wconf 68' lang='lat' dir='ltr'><strong>«Qui</strong></span> <span class='ocrx_word' id='word_1_821' title='bbox 2667 5180 3029 5228; x_wconf 85' lang='lat' dir='ltr'><strong>mutaverunt</strong></span> <span class='ocrx_word' id='word_1_822' title='bbox 3092 5173 3324 5243; x_wconf 86' lang='lat' dir='ltr'><strong>gloriam</strong></span> <span class='ocrx_word' id='word_1_823' title='bbox 3382 5173 3670 5239; x_wconf 87' lang='lat' dir='ltr'><strong>incorrup-</strong></span> 
     </span>
    </p>
   </div>
   <div class='ocr_carea' id='block_1_109' title="bbox 2105 5261 3668 5331">
    <p class='ocr_par' dir='ltr' id='par_1_109' title="bbox 2105 5261 3668 5331">
     <span class='ocr_line' id='line_1_109' title="bbox 2105 5261 3668 5331; baseline 0.001 -16"><span class='ocrx_word' id='word_1_824' title='bbox 2105 5263 2274 5318; x_wconf 79' lang='lat' dir='ltr'><strong>ti&#39;bilis</strong></span> <span class='ocrx_word' id='word_1_825' title='bbox 2307 5261 2403 5317; x_wconf 90' lang='lat' dir='ltr'><strong>Dei</strong></span> <span class='ocrx_word' id='word_1_826' title='bbox 2439 5263 2492 5317; x_wconf 91' lang='lat' dir='ltr'><strong>in</strong></span> <span class='ocrx_word' id='word_1_827' title='bbox 2529 5262 2948 5317; x_wconf 89' lang='lat' dir='ltr'><strong>similitudinem</strong></span> <span class='ocrx_word' id='word_1_828' title='bbox 3000 5261 3376 5331; x_wconf 89' lang='lat' dir='ltr'><strong>corruptibilis</strong></span> <span class='ocrx_word' id='word_1_829' title='bbox 3407 5261 3668 5326; x_wconf 87' lang='lat' dir='ltr'><strong>hominis,</strong></span> 
     </span>
    </p>
   </div>
   <div class='ocr_carea' id='block_1_110' title="bbox 2105 5353 3670 5428">
    <p class='ocr_par' dir='ltr' id='par_1_110' title="bbox 2105 5353 3670 5428">
     <span class='ocr_line' id='line_1_110' title="bbox 2105 5353 3670 5428; baseline -0.003 -17"><span class='ocrx_word' id='word_1_830' title='bbox 2105 5365 2158 5412; x_wconf 90' lang='lat' dir='ltr'><strong>et</strong></span> <span class='ocrx_word' id='word_1_831' title='bbox 2191 5356 2501 5422; x_wconf 89' lang='lat' dir='ltr'><strong>volucrum,</strong></span> <span class='ocrx_word' id='word_1_832' title='bbox 2536 5365 2591 5412; x_wconf 90' lang='lat' dir='ltr'><strong>et</strong></span> <span class='ocrx_word' id='word_1_833' title='bbox 2621 5353 3064 5428; x_wconf 54' lang='lat' dir='ltr'><strong>quadrupedum,</strong></span> <span class='ocrx_word' id='word_1_834' title='bbox 3110 5363 3163 5408; x_wconf 88' lang='lat' dir='ltr'><strong>et</strong></span> <span class='ocrx_word' id='word_1_835' title='bbox 3198 5354 3560 5424; x_wconf 90' lang='lat' dir='ltr'><strong>serpentium,</strong></span> <span class='ocrx_word' id='word_1_836' title='bbox 3614 5362 3670 5407; x_wconf 90' lang='lat' dir='ltr'><strong>et</strong></span> 
     </span>
    </p>
   </div>
   <div class='ocr_carea' id='block_1_111' title="bbox 491 5498 2001 5599">
    <p class='ocr_par' dir='ltr' id='par_1_111' title="bbox 491 5519 1975 5599">
     <span class='ocr_line' id='line_1_111' title="bbox 491 5519 1975 5599; baseline 0.008 -24"><span class='ocrx_word' id='word_1_837' title='bbox 491 5523 540 5554; x_wconf 86' lang='grc'>³³</span> <span class='ocrx_word' id='word_1_838' title='bbox 571 5519 944 5599; x_wconf 77' lang='lat' dir='ltr'><strong>Joan.___v_,_</strong></span> <span class='ocrx_word' id='word_1_839' title='bbox 982 5590 997 5599; x_wconf 89' lang='lat'><strong>_</strong></span> <span class='ocrx_word' id='word_1_840' title='bbox 1021 5523 1066 5555; x_wconf 73' lang='lat'>“</span> <span class='ocrx_word' id='word_1_841' title='bbox 1093 5523 1262 5583; x_wconf 81' lang='lat' dir='ltr'><strong>Hebr.</strong></span> <span class='ocrx_word' id='word_1_842' title='bbox 1303 5544 1382 5594; x_wconf 76' lang='grc' dir='ltr'><strong>νι,</strong></span> <span class='ocrx_word' id='word_1_843' title='bbox 1411 5529 1498 5585; x_wconf 78' lang='grc'><strong>18.</strong></span> <span class='ocrx_word' id='word_1_844' title='bbox 1577 5531 1622 5562; x_wconf 83' lang='grc'><strong>³⁵</strong></span> <span class='ocrx_word' id='word_1_845' title='bbox 1651 5530 1818 5587; x_wconf 85' lang='lat' dir='ltr'><strong>llebr.</strong></span> <span class='ocrx_word' id='word_1_846' title='bbox 1852 5549 1892 5599; x_wconf 86' lang='lat' dir='ltr'><strong>t,</strong></span> <span class='ocrx_word' id='word_1_847' title='bbox 1926 5533 1975 5588; x_wconf 82' lang='grc' dir='ltr'>Ι.</span> 
     </span>
    </p>
   </div>
   <div class='ocr_carea' id='block_1_112' title="bbox 2104 5498 3669 5599">
    <p class='ocr_par' dir='ltr' id='par_1_112' title="bbox 2117 5498 3669 5598">
     <span class='ocr_line' id='line_1_112' title="bbox 2117 5498 3669 5598; baseline -0.003 -10"><span class='ocrx_word' id='word_1_848' title='bbox 2117 5532 2278 5589; x_wconf 78' lang='lat' dir='ltr'><strong>Joan.</strong></span> <span class='ocrx_word' id='word_1_849' title='bbox 2311 5551 2346 5598; x_wconf 87' lang='grc' dir='ltr'><strong>ι,</strong></span> <span class='ocrx_word' id='word_1_850' title='bbox 2388 5533 2474 5587; x_wconf 88' lang='lat' dir='ltr'><strong>l8.</strong></span> <span class='ocrx_word' id='word_1_851' title='bbox 2552 5533 2594 5564; x_wconf 85' lang='grc'><strong>³⁷</strong></span> <span class='ocrx_word' id='word_1_852' title='bbox 2633 5529 2805 5585; x_wconf 84' lang='lat' dir='ltr'><strong>Exod.</strong></span> <span class='ocrx_word' id='word_1_853' title='bbox 2835 5541 3032 5594; x_wconf 58' lang='grc' dir='ltr'>χχχιιι,</span> <span class='ocrx_word' id='word_1_854' title='bbox 3063 5526 3153 5580; x_wconf 80' lang='lat'><strong>‘20.</strong></span> <span class='ocrx_word' id='word_1_855' title='bbox 3197 5498 3204 5504; x_wconf 19' lang='lat' dir='ltr'><strong>ﬁ</strong></span> <span class='ocrx_word' id='word_1_856' title='bbox 3235 5527 3468 5585; x_wconf 71' lang='lat' dir='ltr'><strong>&quot;Exod.</strong></span> <span class='ocrx_word' id='word_1_857' title='bbox 3492 5545 3669 5596; x_wconf 75' lang='lat' dir='ltr'><strong>xxxtt,</strong></span> 
     </span>
    </p>
   </div>
   <div class='ocr_carea' id='block_1_113' title="bbox 424 5585 1027 5662">
    <p class='ocr_par' dir='ltr' id='par_1_113' title="bbox 424 5585 1027 5662">
     <span class='ocr_line' id='line_1_113' title="bbox 424 5585 1027 5662; baseline -0.002 -16"><span class='ocrx_word' id='word_1_858' title='bbox 424 5591 449 5646; x_wconf 85' lang='grc' dir='ltr'><strong>ι</strong></span> <span class='ocrx_word' id='word_1_859' title='bbox 494 5607 650 5662; x_wconf 85' lang='lat' dir='ltr'><strong>seqq.</strong></span> <span class='ocrx_word' id='word_1_860' title='bbox 726 5585 779 5622; x_wconf 76' lang='grc' dir='ltr'><strong>³ο·</strong></span> <span class='ocrx_word' id='word_1_861' title='bbox 804 5592 941 5646; x_wconf 87' lang='lat' dir='ltr'><strong>ibid.</strong></span> <span class='ocrx_word' id='word_1_862' title='bbox 971 5590 1027 5645; x_wconf 73' lang='lat'><strong>4.</strong></span> 
     </span>
    </p>
   </div>
   <div class='ocr_carea' id='block_1_114' title="bbox 493 5777 1133 5848">
    <p class='ocr_par' dir='ltr' id='par_1_114' title="bbox 493 5777 1133 5848">
     <span class='ocr_line' id='line_1_114' title="bbox 493 5777 1133 5848; baseline -0.003 -13"><span class='ocrx_word' id='word_1_863' title='bbox 493 5796 515 5820; x_wconf 83' lang='grc' dir='ltr'><strong><em>ο</em></strong></span> <span class='ocrx_word' id='word_1_864' title='bbox 539 5777 703 5835; x_wconf 79' lang='lat' dir='ltr'><strong>Forte</strong></span> <span class='ocrx_word' id='word_1_865' title='bbox 731 5777 1021 5848; x_wconf 80' lang='lat' dir='ltr'><strong>legendum</strong></span> <span class='ocrx_word' id='word_1_866' title='bbox 1055 5777 1133 5833; x_wconf 82' lang='grc' dir='ltr'>δέ.</span> 
     </span>
    </p>
   </div>
   <div class='ocr_carea' id='block_1_115' title="bbox 756 5867 1448 5938">
    <p class='ocr_par' dir='ltr' id='par_1_115' title="bbox 756 5867 1448 5938">
     <span class='ocr_line' id='line_1_115' title="bbox 756 5867 1448 5938; baseline -0.006 -2"><span class='ocrx_word' id='word_1_867' title='bbox 756 5867 1031 5938; x_wconf 53' lang='lat' dir='ltr'><strong>Panos.</strong></span> <span class='ocrx_word' id='word_1_868' title='bbox 1076 5872 1192 5934; x_wconf 77' lang='lat' dir='ltr'><strong>Gn.</strong></span> <span class='ocrx_word' id='word_1_869' title='bbox 1239 5869 1448 5932; x_wconf 81' lang='lat' dir='ltr'><strong>XCIV.</strong></span> 
     </span>
    </p>
   </div>
   <div class='ocr_carea' id='block_1_116' title="bbox 1690 5643 2368 5749">
    <p class='ocr_par' dir='ltr' id='par_1_116' title="bbox 1690 5643 2368 5749">
     <span class='ocr_line' id='line_1_116' title="bbox 1690 5643 2368 5749; baseline 0.004 -5"><span class='ocrx_word' id='word_1_870' title='bbox 1690 5687 1924 5745; x_wconf 66' lang='lat' dir='ltr'><strong>VABIE</strong></span> <span class='ocrx_word' id='word_1_871' title='bbox 1962 5643 2368 5749; x_wconf 72' lang='lat' dir='ltr'><strong>LECTIDNES.</strong></span> 
     </span>
    </p>
   </div>
   <div class='ocr_carea' id='block_1_117' title="bbox 3306 5839 3420 5903">
    <p class='ocr_par' dir='ltr' id='par_1_117' title="bbox 3306 5839 3420 5903">
     <span class='ocr_line' id='line_1_117' title="bbox 3306 5839 3420 5903; baseline -0.026 0"><span class='ocrx_word' id='word_1_872' title='bbox 3306 5879 3314 5888; x_wconf 89' lang='lat'><strong>-</strong></span> <span class='ocrx_word' id='word_1_873' title='bbox 3347 5839 3420 5903; x_wconf 68' lang='grc'><strong>’41</strong></span> 
     </span>
    </p>
   </div>
  </div>
