4074 6146
416 385 548 451 1291

1601 384 1664 444 S.
1705 384 2026 446 JOANNIS
2057 385 2487 446 DAMASCENI

3542 380 3679 447 ιειιε

410 494 721 565 εειδνίετυιιι
738 509 1005 559 creaturae
1028 499 1213 572 potius
1232 514 1394 571 quam
1408 500 1663 557 Creatori
1677 499 1743 554 ⁸ο.
1767 521 1784 552 ι
1805 499 1976 566 Quam

2112 501 2287 555 κτίσει
2323 499 2474 573 παρὰ
2504 499 2595 553 τὸν
2628 499 2928 554 κτίσαντα.
2980 515 3000 551 ι
3034 496 3234 552 Τούτου
3264 498 3428 570 χάριν
3464 498 3677 569 ἀπηγὸ-

411 600 599 655 obrem
642 598 787 651 Deus
847 609 916 649 ne
965 608 1074 664 qua
1123 590 1430 648 similitudo
1478 591 1630 648 ﬁeret
1677 592 1995 662 prohibuit,

414 686 882 761 quemadmodum
914 684 1129 756 Moyses
1179 684 1234 738 in
1265 681 1693 739 Deuterouomio
1718 684 1795 738 ait
1834 697 1848 735 :
1888 703 1907 735 ι
1929 684 1995 738 Et

408 784 627 838 locutus
652 788 737 835 est
759 777 1027 833 Dominus
1059 776 1127 831 ad
1161 791 1257 830 vos
1284 775 1351 831 dc
1373 775 1552 831 medio
1573 775 1721 846 ignis
1749 792 1762 828 :
1797 790 1985 830 vocem

407 875 697 931 verborum
730 884 831 926 vos
866 866 1120 928 audistis.
1150 875 1206 921 ct
1259 864 1674 920 similitudinem
1708 878 1822 918 non
1852 863 1995 918 vidi-

406 967 526 1033 stis,
549 963 645 1021 sed
675 976 863 1018 vocem
882 958 1170 1015 tantum“.
1195 975 1214 1008 ›
1260 955 1325 1010 Ει
1360 956 1522 1027 paulo
1540 964 1663 1027 post
1694 972 1707 1008 :
1732 973 1750 1006 ι
1784 954 1847 1010 Ει
1877 969 1995 1010 ser-

404 1069 526 1114 vate
576 1055 736 1113 valde
776 1054 988 1108 animas
1020 1058 1251 1116 vestras,
1282 1048 1408 1119 quia
1434 1047 1847 1103 similitudinem
1880 1062 1992 1099 non

402 1150 619 1206 vidistis
652 1151 708 1204 in
751 1147 858 1209 die,
913 1159 1018 1215 qua
1046 1142 1268 1198 locutus
1314 1149 1398 1198 est
1423 1137 1690 1195 Dominus
1720 1137 1786 1192 ad
1813 1151 1912 1197 vos
1937 1136 1993 1191 in

410 1241 617 1306 Horeh,
681 1239 736 1294 in
768 1246 954 1292 monte
975 1235 1041 1290 de
1071 1233 1250 1288 medio
1277 1232 1457 1304 ignis;
1486 1228 1775 1301 nequando
1801 1237 1993 1283 contra

403 1337 576 1406 legem
600 1331 799 1404 agatis,
826 1337 879 1384 et
905 1327 1121 1383 faciatis
1146 1324 1301 1380 vobis
1322 1323 1582 1394 sculptile
1604 1320 1986 1383 simulacrum,

403 1442 620 1484 omnem
662 1422 979 1494 imaginem,
1023 1416 1446 1475 similitudinem
1488 1411 1717 1470 masculi
1772 1420 1865 1466 aut
1907 1410 1988 1466 fe-

402 1512 1031 1582 minae,similitudincm
1066 1498 1556 1577 omnis’jumenti,
1616 1517 1807 1558 eorum
1866 1516 1988 1572 qua:

400 1615 532 1665 sunt
556 1620 722 1676 super
778 1613 1007 1667 terram,
1059 1595 1478 1655 similitudinem
1524 1594 1705 1649 omnis
1744 1592 1987 1648 volucris

399 1706 655 1771 pcnnatae
679 1695 748 1762 δ’,
771 1714 791 1747 ι
810 1702 919 1750 etc.
952 1692 1018 1749 Et
1040 1689 1236 1763 paucis
1264 1686 1597 1757 interjectis:
1620 1703 1639 1738 ι
1661 1683 1728 1739 Et
1753 1702 1821 1741 ne
1846 1682 1988 1741 forte

392 1790 632 1866 elevatis
657 1786 837 1844 oculis
865 1783 935 1842 ad
966 1783 1191 1847 ccelum,
1240 1788 1296 1836 et
1340 1779 1513 1836 solem
1562 1786 1617 1835 et
1661 1779 1847 1834 lunam
1898 1778 1986 1832 in-

398 1856 587 1940 tuens,
609 1882 663 1930 et
694 1882 867 1937 astra,
903 1884 1232 1941 omnemque
1255 1875 1512 1925 ornatum
1540 1867 1690 1936 cali,
1722 1868 1986 1937 deceptus
2019 1852 2059 1909 Β

400 1982 591 2024 errore
619 1965 817 2021 adorcs
846 1978 933 2027 ea,
972 1971 1025 2017 ct
1047 1961 1260 2017 servias
1294 1959 1433 2030 ipsis
1454 1958 1523 2013 “.
1556 1977 1575 2011 ι
1607 1959 1822 2025 Cernis,
1850 1975 1987 2030 quo-

402 2061 566 2115 modo
596 2058 651 2111 id
692 2070 862 2127 unum
899 2053 1005 2110 sibi
1064 2051 1439 2123 proposuerit,
1487 2064 1554 2105 ne
1589 2050 1802 2105 scilicet
1831 2067 1987 2106 erea-

401 2162 539 2207 turae
590 2144 777 2219 potius
806 2160 972 2216 quam
1041 2141 1288 2199 Creatori
1336 2141 1630 2207 serviatur,
1698 2156 1834 2197 neve
1864 2143 1985 2197 cui-

399 2258 565 2315 quam
592 2239 771 2295 latriae
801 2239 1005 2303 cultus,
1026 2236 1133 2292 nisi
1166 2236 1268 2292 soli
1324 2248 1509 2289 rerum
1569 2233 1839 2290 conditori
1872 2235 1979 2290 Deo

404 2332 735 2389 exhibeatur
772 2329 796 2382 ?
832 2326 1055 2382 idcirco
1101 2326 1246 2382 enim
1275 2338 1398 2381 cum
1422 2322 1740 2379 adoratione
1769 2324 1983 2380 latriam

397 2425 599 2497 jungit.
624 2421 981 2491 Rursumque
1011 2419 1089 2476 ait
1125 2438 1139 2476 :
1173 2437 1191 2471 ι
1223 2416 1342 2473 Νοη
1402 2426 1567 2473 erunt
1602 2418 1703 2473 tibi
1748 2417 1825 2472 dii
1853 2417 1986 2472 alie-

400 2519 457 2572 ni
487 2525 687 2589 praeter
737 2529 844 2569 me.
867 2512 990 2568 Non
1022 2511 1198 2567 facies
1226 2512 1329 2567 tibi
1348 2510 1619 2580 sculptile,
1657 2525 1837 2581 neque
1867 2522 1986 2564 om-

401 2624 523 2664 nem
566 2603 1116 2663 similitudinem“..»
1152 2602 1219 2657 Et
1250 2603 1447 2657 iterum
1487 2620 1501 2658 ;
1541 2620 1560 2653 ι
1589 2603 1732 2657 Deos
1774 2599 1984 2656 con-lla-

400 2698 530 2754 tiles
561 2712 671 2753 non
729 2696 899 2751 facies
929 2693 1026 2750 tibi
1044 2693 1111 2746 ⁸⁸.
1138 2712 1157 2745 ι
1195 2693 1396 2747 Annon
1430 2690 1595 2764 334
1625 2691 1802 2757 vides,
1835 2692 1983 2763 quod

402 2787 728 2845 idololatria:
751 2785 989 2842 vitanda:
1016 2797 1184 2840 causa
1214 2781 1483 2853 imagines
1505 2780 1780 2836 cllormari
1815 2788 1982 2847 vetat,

400 2894 454 2938 et
483 2881 611 2952 quia
646 2878 762 2935 ﬁeri
795 2891 905 2932 non
932 2884 1141 2947 potest,
1166 2881 1228 2930 ut
1255 2871 1373 2939 Del,
1399 2873 1496 2944 qui
1523 2887 1627 2929 nec
1651 2887 1981 2944 corporeus,

401 2989 501 3029 nec
534 2970 795 3038 visibilis,
830 2984 932 3025 nec
965 2965 1429 3036 circumscriptus
1482 2973 1591 3033 est,
1652 2964 1853 3036 etligies
1884 2979 1981 3019 ex-

402 3064 675 3136 primatur
710 3060 736 3114 ?
795 3080 813 3112 ι
842 3058 1030 3129 Neque
1067 3059 1213 3113 enim
1260 3055 1520 3124 formam,
1569 3056 1771 3127 inquit,
1808 3056 1982 3127 ipsius

403 3150 761 3225 perspexistis
778 3148 846 3203 “.
874 3167 892 3200 ›
926 3146 1092 3204 Velut
1116 3147 1283 3202 etiam
1305 3143 1512 3201 Paulus
1537 3145 1594 3199 in
1614 3145 1795 3201 medio
1825 3154 1981 3201 stans

399 3242 669 3317 Areopagi
706 3242 885 3298 aiebat
919 3257 933 3293 :
960 3259 979 3291 ι
1005 3239 1187 3295 Genus
1214 3254 1344 3312 ergo
1374 3253 1499 3294 cum
1531 3238 1706 3294 simus
1732 3237 1847 3306 Dei,
1871 3253 1983 3292 non

400 3336 662 3392 debemus
723 3334 1000 3392 aestimare
1064 3345 1201 3387 auro
1238 3338 1294 3386 et
1358 3340 1623 3401 argento,
1657 3337 1750 3385 aut
1793 3328 1983 3399 lapidi,

401 3429 701 3499 sculptura:
771 3427 905 3480 artis
948 3433 1003 3480 et
1048 3422 1399 3494 cogitationis
1455 3421 1695 3479 hominis
1737 3420 1985 3477 divinum

400 3535 525 3575 csse
555 3517 736 3573 simile
755 3516 820 3570 ιτ.
849 3535 867 3568 ι

386 3668 391 3687 ,
471 3609 527 3664 9.
556 3606 713 3674 Quod
744 3614 926 3663 autem
949 3603 1064 3659 haec
1088 3603 1164 3659 ita
1196 3616 1255 3657 se
1282 3601 1542 3687 habeant,
1568 3600 1763 3655 audias
1785 3600 1983 3655 velim:

404 3720 426 3754 ι
454 3699 576 3755 Non
607 3698 781 3754 facies
820 3696 919 3752 tibi
963 3695 1247 3766 sculptile,
1287 3674 1490 3765 inquit,
1548 3708 1729 3762 neque
1766 3706 1984 3746 omnem

401 3789 963 3850 si’militudinem“.i
1027 3787 1153 3842 llaec
1223 3801 1349 3842 cum
1405 3785 1761 3855 praecepisset
1807 3782 1979 3847 Dens,

400 3895 645 3941 attamen
720 3881 954 3953 posthac
1009 3879 1258 3950 legitur:
1311 3895 1329 3928 ι
1373 3874 1647 3931 Fecerunt
1689 3874 1982 3929 tentorium

398 3974 742 4033 tabernaculi
796 3970 1106 4029 testimonii
1136 3984 1205 4023 ex
1264 3967 1585 4038 hyacintho,
1627 3973 1681 4021 et
1710 3978 1979 4034 purpura,

396 4081 451 4129 et
480 4070 712 4127 coccino
743 4077 891 4131 neto,
924 4072 979 4120 et
1006 4063 1175 4134 bysso
1206 4070 1437 4124 retorta,
1491 4065 1809 4114 contextum
1839 4072 1979 4126 opus

396 4158 775 4220 Cherubim“;
802 4177 822 4210 ι
856 4158 962 4212 Et:
999 4172 1018 4206 ι
1048 4153 1321 4208 Fecerunt
1366 4149 1602 4220 desuper
1642 4162 1826 4203 arcam
1855 4163 1981 4218 pro-

396 4255 733 4330 pitiatorium
752 4267 820 4307 ex
837 4264 973 4304 auro
991 4261 1150 4319 puro.
1168 4258 1378 4300 necnon
1403 4242 1544 4297 duos
1557 4240 1852 4295 Cherubim
1875 4239 1941 4293 “.
1956 4258 1976 4293 ο

396 4348 539 4415 Quid
575 4346 718 4418 agis,
750 4341 1008 4414 Moyses?
1035 4338 1174 4394 dicis
1212 4356 1226 4393 :
1264 4355 1283 4388 ι
1312 4333 1430 4391 Non
1473 4333 1644 4390 facies
1690 4333 1788 4388 tibi
1832 4333 1980 4389 scul-

397 4438 550 4508 ptile,
585 4449 764 4507 neque
792 4447 1009 4488 omnem
1064 4424 1486 4485 similitudinem
1504 4425 1549 4456 ⁵⁸
1575 4442 1593 4492 ;
1620 4443 1639 4476 ›
1676 4438 1778 4478 cur
1808 4430 1867 4478 tu
1896 4424 1981 4478 ni-

2103 609 2294 663 ρευσεν
2328 592 2505 658 ὁθεὸς
2536 594 2711 645 ποιεῖν
2741 592 2852 645 πᾶν
2879 589 3157 662 ὁμοίωμα,
3202 587 3390 653 καθὼς
3433 591 3681 661 Μωῦσῆς

2100 688 2158 740 ἐν
2186 687 2263 759 τῷ
2306 687 2711 760 Δευτερονομίῳ
2765 688 2900 759 φησί
2927 701 2943 716 ⁸
2995 706 3014 739 ι
3059 686 3169 740 Καὶ
3198 685 3429 758 nam
3471 687 3679 758 Κύριος

2098 777 2235 849 πρὸς
2282 778 2429 849 ὑμᾶς
2472 780 2538 832 ἐκ
2587 778 2753 847 μέσου
2802 776 2898 831 τοῦ
2943 778 3145 849 πυρός’
3179 777 3364 850 φωνὴν
3412 777 3678 848 ῥημάτων

2099 868 2258 938 ὑμεῖς
2298 867 2593 938 ἠκούσατε,
2647 868 2744 922 καὶ
2800 867 3055 938 ὁμοίωμα
3094 866 3197 920 οῦκ
3241 866 3432 932 εἰδετε,
3468 866 3605 921 ἀλλὰ
3638 867 3672 936 ﬂ

2098 959 2304 1030 φωνήν.
2351 976 2372 1011 ι
2407 957 2520 1012 Καὶ
2546 956 2668 1029 μετ’
2698 956 2888 1026 ὀλίγα·
2932 975 2951 1009 ι
2986 956 3097 1011 Καὶ
3131 955 3441 1027 φυλάξασθε
3468 953 3675 1028 σφόδρα

2094 1053 2192 1116 τάς
2213 1051 2393 1123 ψυχάς
2415 1050 2595 1123 ὑμῶν,
2613 1050 2963 1122 δυομοίωμα
2987 1050 3090 1103 οῦκ
3106 1049 3298 1115 εἴδετε,
3322 1050 3379 1103 ἐν
3401 1052 3467 1120 τῇ
3488 1049 3676 1121 ἡμέρᾳ

2094 1137 2126 1217 ᾗ
2161 1142 2394 1215 ὲλάλησε
2425 1142 2629 1215 Κύριος
2661 1143 2802 1214 πρὸς
2832 1142 2977 1213 ὑμᾶς
3002 1140 3061 1195 ὲν
3090 1139 3293 1212 Χωρὴϐ
3335 1142 3394 1194 ὲν
3419 1140 3505 1211 τῷ
3533 1140 3672 1211 ὄρει,

2093 1238 2156 1290 ὲκ
2188 1236 2354 1308 μέσου
2378 1233 2473 1289 τοῦ
2506 1233 2699 1306 πυρὸς,
2740 1233 2956 1305 μήποτε
2993 1231 3333 1303 ἀνομήσητε,
3375 1230 3470 1284 καὶ
3513 1232 3675 1301 ποιή-

2092 1346 2223 1401 σητε
2255 1330 2385 1401 ὑμῖν
2406 1329 2620 1392 ἑαυτοῖς
2642 1325 2883 1397 γλυπτδν
2922 1323 3198 1395 ὁμοίωμα,
3250 1324 3433 1377 πᾶσαν
3463 1322 3674 1385 εἰκόνα,

2088 1419 2341 1490 ὁμοίωμα
2358 1416 2653 1491 ἀρσενικοῦ
2680 1416 2716 1488 ἢ
2744 1414 3006 1487 θηλυκοῦ,
3036 1414 3292 1486 ὁμοίωμα
3309 1414 3513 1478 ⁴ιεαναιδς
3539 1415 3674 1485 κτήδ

2088 1529 2214 1576 νους
2247 1510 2356 1565 τῶν
2386 1512 2557 1566 ὄντων
2582 1510 2677 1564 ἐπὶ
2697 1509 2798 1580 τῆς
2814 1506 2944 1578 γῆς,
2970 1506 3224 1579 ὁμοίωμα
3254 1506 3454 1571 παντὸς
3476 1506 3673 1577 ὀρνέου

2090 1603 2394 1676 πτερωτοῦ,
2433 1623 2452 1656 ι
2488 1605 2583 1657 καὶ
2626 1601 2692 1656 τά
2716 1601 2864 1674 ἑξῆς.
2913 1601 3021 1655 Καὶ
3051 1600 3191 1671 μετά
3229 1597 3470 1670 βραχέα⁸
3503 1618 3523 1650 ι
3556 1598 3675 1652 Καὶ

2091 1698 2301 1768 μήποτε
2352 1694 2664 1764 ἀναϐλέψας
2712 1697 2798 1759 εἰς
2854 1693 2949 1747 τὸν
3006 1691 3257 1763 οὐρανὸν,
3304 1692 3401 1746 καὶ
3424 1688 3548 1744 ἰδὼν
3579 1690 3672 1744 τδν

2088 1788 2261 1860 ἥλιον,
2298 1786 2392 1841 καὶ
2410 1787 2508 1859 τήν
2528 1786 2784 1858 σελήνην,
2817 1776 2914 1838 καὶ
2939 1784 3066 1849 τοὺς
3093 1782 3352 1854 ἀστέρας,
3386 1780 3483 1835 καὶ
3497 1780 3673 1835 πάντα

2087 1882 2179 1935 τὺν
2212 1881 2419 1953 κόσμον
2472 1878 2568 1932 τοῦ
2616 1876 2851 1949 ούρανοῦ
2877 1918 2891 1942 ,
2931 1875 3231 1948 πλανηθεὶς
3282 1872 3672 1946 προσκυνήσῃς

2087 1974 2293 2039 αὐτοῖς,
2327 1972 2423 2025 κα)⁸
2448 1969 2755 2042 λατρεύσεις
2784 1969 2991 2033 αὐτοῖς.
3035 1986 3055 2022 δ
3083 1968 3248 2039 Ὅρα,
3288 1966 3370 2030 ὡς
3394 1959 3479 2028 εἷς
3516 1965 3666 2018 ἔστιν

2085 2065 2114 2116 ὁ
2152 2060 2374 2127 σκοπὸς,
2403 2058 2545 2114 ὥστε
2608 2059 2682 2131 μὴ
2738 2057 3034 2131 λατρεῦσαι
3069 2059 3138 2129 τῇ
3175 2056 3354 2110 κτίσει
3390 2053 3547 2125 παρά
3576 2053 3673 2107 τὸν

2085 2154 2385 2219 κτίσαντα,
2438 2152 2572 2227 μηδὲ
2632 2151 3012 2223 προσαγαγεῖν
3084 2148 3188 2219 τὴν
3245 2148 3348 2218 τῆς
3417 2144 3672 2217 λατρείας

2086 2245 2481 2318 προσκύνησιν,
2511 2242 2626 2297 ἀλλ’
2656 2242 2691 2315 ή
2741 2243 2888 2313 μόνῳ
2931 2239 3010 2312 τῷ
3036 2236 3386 2310 Δημιουργῷ.
3411 2237 3503 2290 Διὸ
3534 2252 3668 2290 παν-

2085 2338 2227 2410 ταχῆ
2256 2337 2519 2392 συνάπτει
2563 2338 2632 2407 τῇ
2677 2320 3048 2405 προσκυνήσει
3090 2329 3193 2401 τήν
3228 2327 3504 2400 λατρείαν.
3556 2327 3668 2380 Καὶ

2088 2430 2208 2501 μετ’
2234 2428 2412 2498 dli-ra:
2448 2447 2465 2480 ι
2478 2427 2592 2480 υύκ
2611 2423 2820 2480 ἔσονταί
2844 2440 2925 2477 σοι
2944 2422 3060 2477 θεοὶ
3082 2421 3260 2492 ἕτεροι
3277 2419 3414 2492 πλὴν
3431 2416 3585 2489 ὶμοῦο
3602 2417 3669 2470 οῦ

2085 2521 2332 2591 ποιήσεις
2366 2516 2577 2587 σεαυτῷ
2603 2517 2860 2587 γλυπτὸν,
2884 2512 3007 2568 οὐδὲ
3061 2513 3169 2567 πᾶν
3216 2511 3488 2583 ὁμοίωμα.
3517 2526 3538 2561 ι
3557 2509 3669 2563 Καὶ

2087 2608 2253 2666 πάλιν
2271 2623 2285 2640 ’
2322 2627 2343 2661 ι
2379 2609 2491 2662 Καὶ
2520 2607 2677 2671 θεοὺς
2701 2606 3006 2679 χωνευτοὺς
3032 2604 3090 2658 ού
3110 2604 3362 2675 ποιήσεις
3382 2598 3610 2670 σεαυτῷ.
3640 2618 3661 2650 ι

2092 2700 2290 2773 Ὁρᾷς,
2329 2702 2404 2765 ὡς
2444 2700 2550 2770 ,τῆς
2597 2696 3050 2770 είδωλολατρείας
3092 2695 3282 2777 ἕνεκεν
3329 2688 3666 2763 ἀπαγορεύει

2083 2797 2182 2867 τήν
2240 2793 2686 2865 είκονογραφίαν,
2719 2792 2812 2846 καὶ
2853 2790 2940 2844 ὅτι
2989 2787 3258 2842 ἀδύνατον
3305 2781 3669 2847 εἶκονίζεσθαι

2083 2881 2236 2948 Θεὸν,
2266 2882 2358 2937 τὸν
2379 2879 2698 2954 ἀσώματον,
2714 2879 2808 2934 κα)⁵
2825 2878 3077 2950 ἀόρατον,
3094 2877 3190 2930 καὶ
3222 2874 3661 2946 ἀπερίγραπτονς

2088 2992 2107 3027 ι
2150 2975 2225 3029 Οὐ
2248 2975 2357 3045 γὰρ
2379 2971 2516 3038 εἶδος
2547 2971 2736 3036 αύτοῦ,
2779 2972 2966 3042 φησιν,
2995 2967 3298 3040 ἑωράκατε.
3335 2985 3356 3017 ι
3382 2963 3544 3019 Καθὰ
3572 2963 3667 3018 καὶ

2092 3066 2312 3131 Παῦλος
2344 3066 2515 3131 ἑστὼς
2566 3067 2629 3118 ἐν
2682 3063 2833 3136 μέσῳ
2880 3060 2976 3116 τοῦ
3008 3061 3226 3132 Ἀρείου
3278 3058 3463 3136 πάγου
3499 3055 3665 3128 φησι·

2093 3178 2111 3211 ι
2146 3159 2308 3224 Γένος
2354 3155 2448 3212 οῦν
2506 3133 2855 3229 ὑπάρχοντες
2916 3152 3010 3207 τοῦ
3040 3151 3200 3216 Θεοῦ,
3238 3133 3666 3219 σῦκ’ὀφείλομεν

2088 3246 2330 3317 νομίζειν
2362 3245 2592 3319 χρυσίῳ,
2640 3243 2673 3315 ἢ
2723 3243 2998 3315 ἀργυρίῳ,
3048 3240 3084 3312 ἢ
3140 3238 3300 3310 λίθῳ»
3350 3240 3667 3310 χαράγματι

2087 3337 2284 3408 τέχνης
2348 3337 2444 3391 καὶ
2484 3336 2835 3408 ἐνθυμήσεως
2861 3331 3173 3404 ’ἀνθρώπου
3217 3330 3283 3386 eo
3323 3330 3478 3386 Θεῑον
3520 3324 3665 3384 εἶναι

2086 3429 2297 3499 ὅμοιον.
2328 3448 2349 3482 ι

2154 3613 2223 3667 θ’.
2249 3612 2359 3665 Καὶ
2381 3612 2461 3666 ὅτι
2497 3610 2672 3669 ταῦτα
2712 3608 2888 3674 οὕτως
2940 3608 3074 3679 ἔχει,
3110 3608 3305 3663 ἄκουε*
3328 3625 3358 3661 ε
3396 3609 3478 3663 οὐ
3506 3609 3664 3680 ποιή-

2086 3722 2200 3768 σεις
2225 3702 2458 3773 σεαυτῷ,
2498 3704 2655 3775 φησὶ,
2703 3702 2961 3771 γλυπτὸν,
3013 3700 3135 3755 οὐδὲ
3178 3702 3286 3755 πᾶν
3330 3701 3603 3773 ὁμοίωμα.
3637 3720 3657 3753 ι

2082 3794 2270 3851 Ταῦτα
2292 3793 2385 3848 τοῦ
2414 3794 2550 3847 θεοῦ
2605 3793 3030 3867 προστάξαντος,
3055 3812 3075 3845 ε
3130 3793 3444 3863 Ἐποίησαν,
3500 3793 3655 3863 φησι,

2082 3884 2142 3940 τὸ
2183 3885 2582 3957 καταπέτασμα
2636 3884 2737 3957 τῆς
2778 3885 2985 3957 σκηνῆς
3007 3886 3104 3939 τοῦ
3128 3884 3439 3956 μαρτυρίου,
3472 3883 3532 3951 ἑξ
3557 3885 3657 3937 ύα-

2082 3978 2290 4044 κίνθου,
2324 3978 2421 4033 ’.καὶ⁹
2451 3977 2756 4050 πορφύρας,
2782 3978 2877 4032 καὶ
2913 3979 3167 4032 κοκκίνου
3184 3976 3533 4047 νενησμένου,
3558 3978 3652 4031 καὶ

2080 4069 2282 4142 βύσσου
2309 4069 2715 4141 κεκλωσμένης,
2745 4069 2905 4141 ἔργον
2927 4068 3161 4140 ύφαντδν
3175 4067 3500 4140 Χερουϐὶμ.»
3520 4068 3656 4135 Καὶ,

2087 4178 2106 4211 ι
2145 4158 2437 4230 Ἐποῑησαν
2496 4158 2556 4212 τὸ
2594 4159 2906 4230 ἱλαστήριον
2939 4158 3147 4214 ἀνωθεν
3192 4159 3291 4230 τῆς
3336 4157 3573 4212 κιϐωτοῦ
3595 4158 3660 4210 ἑκ

2082 4248 2307 4318 χρυσίου
2338 4247 2610 4319 καθαροῦ,
2641 4250 2736 4302 καὶ
2761 4248 2828 4302 τά
2859 4248 2954 4301 δύο
2990 4246 3295 4321 Χερουϐίμ.
3326 4267 3347 4302 ›
3381 4248 3450 4302 Τί
3471 4250 3657 4313 ποιεῖς,

2080 4334 2127 4393 ὦ
2156 4340 2399 4412 Μωΰσῆ;
2429 4341 2493 4394 σὺ
2511 4339 2715 4409 λέγεις,
2744 4359 2763 4392 ι
2786 4340 2861 4393 Ού
2889 4341 3139 4412 ποιήσεις
3164 4339 3379 4412 σεαυτῷ
3403 4339 3657 4409 γλυπτδν,

2079 4434 2202 4489 οὐδὲ
2256 4436 2366 4489 πᾶν
2418 4435 2694 4505 ὁμοίωμα,
2736 4453 2756 4487 ι
2792 4433 2888 4487 καὶ
2934 4433 3000 4487 σὺ
3041 4431 3447 4501 καταπέτασμα
3488 4445 3656 4483 κατα-

396 4528 697 4583 hilominus
734 4524 1030 4579 tentorium
1051 4519 1217 4583 facis,
1242 4531 1386 4587 opus
1418 4522 1740 4571 contextum
1787 4515 1978 4584 ﬁguris

2086 4525 2370 4591 σκευάζεις
2393 4527 2555 4597 ἔργον
2576 4525 2814 4596 ὑφαντδν
2849 4524 3167 4598 Χερουϐίμ;
3200 4526 3297 4580 καὶ
3331 4524 3428 4578 δύο
3454 4525 3656 4592 Χερου-

394 4618 716 4680 Cherubim,
745 4623 801 4669 et
833 4613 942 4667 duo
968 4609 1267 4667 Cherubim
1296 4625 1363 4664 ex
1394 4622 1529 4662 auro
1548 4606 1730 4678 puro?
1765 4605 1965 4661 Verum

2086 4614 2175 4687 51p.
2199 4618 2263 4670 ὲκ
2294 4618 2518 4688 χρυσίου
2567 4616 2849 4689 καθαροῦ;
2894 4616 3032 4669 Ἀλλ’
3064 4615 3233 4670 ἄκουε
3269 4614 3324 4669 τί
3362 4614 3502 4685 πρὸς
3541 4616 3601 4666 σε
3627 4613 3658 4662 ὁ

396 4707 650 4762 ausculta
681 4701 816 4779 quid
842 4701 940 4756 tibi
966 4699 1298 4769 respondeat
1324 4697 1420 4754 Dei
1449 4698 1704 4753 minister
1730 4693 1968 4765 Moyses.

393 4798 438 4854 Ο
464 4796 591 4852 caeci
621 4801 675 4849 et
708 4792 884 4858 stulti,
920 4791 1031 4845 vim
1063 4791 1359 4845 verborum
1424 4788 1708 4858 percipite,
1739 4786 1966 4842 vestris.

390 4905 499 4964 quc
561 4885 762 4942 animis
831 4883 1075 4953 diligenti
1141 4879 1519 4938 sollicitudine
1589 4887 1794 4935 cavete.
1849 4877 1971 4932 Dixi

390 4999 489 5039 vos
517 4976 948 5038 similitudinem
978 4974 1186 5029 nullam
1216 4973 1445 5039 vidisse,
1472 4974 1528 5027 in
1559 4972 1649 5027 die
1678 4986 1786 5042 qua
1814 4971 1969 5027 locu-

390 5088 478 5130 tus
535 5080 621 5128 est
667 5066 942 5123 Dominus
1003 5065 1071 5120 ad
1106 5080 1203 5120 vos
1240 5063 1297 5117 in
1351 5060 1557 5129 ﬂoreb,
1599 5063 1654 5117 in
1686 5070 1877 5117 monte
1898 5062 1963 5118 de

391 5164 570 5220 medio
624 5160 789 5233 ignis,
845 5156 1141 5229 nequando
1196 5163 1390 5211 contra
1438 5155 1614 5225 legem
1658 5153 1853 5225 agatis,
1904 5159 1959 5208 et

390 5254 604 5313 faciatis
623 5252 781 5308 vobis
838 5265 1004 5306 omne
1028 5246 1279 5319 sculptile
1300 5247 1663 5333 simulacrqu
1702 5262 1716 5298 :
1743 5260 1960 5299 omnem

388 5346 703 5415 imaginem,
741 5350 796 5396 et
852 5341 985 5396 deos
1022 5337 1328 5394 conﬂatiles
1357 5353 1428 5393 ne
1461 5335 1659 5393 ieceris
1688 5335 1807 5391 tibi.
1835 5333 1954 5388 Non

389 5435 544 5489 dixi:
576 5431 696 5488 Non
742 5432 913 5488 facies
958 5432 1054 5488 tibi
1114 5431 1383 5502 imagines
1418 5428 1740 5492 Cherubim,
1785 5427 1962 5481 instar

389 5525 766 5580 ministrorum
785 5524 1172 5596 propitiatorio
1200 5522 1614 5587 assistentium;
1647 5520 1773 5576 sed:
1801 5538 1819 5571 ι
1840 5518 1963 5575 Non

458 5658 504 5688 "
535 5655 688 5710 Rom.
722 5657 875 5720 t,22.
949 5659 992 5691 “
1036 5657 1189 5713 Deut.
1231 5674 1306 5722 tv,
1354 5659 1443 5712 1‘2.
1545 5656 1590 5688 "
1626 5658 1970 5714 ibid.M-i7.

391 5725 438 5757 ⁸⁸
463 5725 621 5795 Deut.
649 5740 717 5780 tv.
773 5729 854 5795 15.
964 5728 1009 5759 ⁸⁷
1047 5727 1169 5782 Aet.
1210 5742 1345 5795 xvii,
1400 5726 1485 5782 19.

399 5797 437 5827 ⁵⁴
475 5793 653 5851 Exod.
669 5806 770 5860 xxi,
807 5794 833 5848 i

1590 5728 1637 5762 ⁸⁸
1678 5728 1849 5788 Exod.
1895 5745 2079 5795 xxxvi,
2106 5732 2193 5787 37.

2072 4707 2328 4778 θεράπων
2352 4707 2443 4761 τοῦ
2475 4708 2610 4762 Θεοῦ
2635 4709 2880 4780 Μωῡσῆς
2903 4708 3348 4778 ἀντιφθέγγεται.
3369 4701 3440 4760 Ὦ
3467 4704 3659 4773 τυφλοὶ

2078 4797 2174 4851 καὶ
2206 4799 2403 4868 μωροὶ,
2440 4798 2628 4852 σύνετε
2669 4799 2779 4853 τῶν
2810 4799 3123 4871 λεγομένων
3151 4798 3256 4870 τὴν
3284 4797 3531 4869 δύναμιν,
3562 4796 3663 4849 καὶ

2077 4885 2389 4955 φυλάξασθε
2419 4886 2622 4961 σῳόδρα
2644 4889 2742 4953 τὰς
2765 4889 2941 4960 ψυχὰς
2968 4888 3142 4960 ὑμῶν.
3164 4884 3666 4957 Ετπονβτιὸμοίω-

2081 4994 2157 5047 μα
2186 4977 2485 5033 ούκείδετε
2534 4980 2591 5034 ὲν
2620 4982 2688 5052 τῇ
2751 4981 2938 5053 ήμέρᾳ
2970 4974 3004 5057 ᾖ
3030 4979 3264 5052 ὲλάλησε
3287 4979 3494 5051 Κύριος
3519 4976 3664 5048 πρὸς

2079 5069 2224 5139 ὑμᾶς
2249 5069 2309 5122 ἐν
2329 5069 2532 5142 Χωρὴϐ
2558 5071 2616 5125 ὲν
2646 5070 2725 5142 τῷ
2752 5071 2888 5143 opst,
2914 5073 2978 5126 ὲκ
3007 5072 3176 5142 μέσου
3209 5069 3304 5124 τοῦ
3332 5068 3526 5140 πυρὸς,
3546 5068 3665 5138 μή-

2078 5177 2209 5214 ποτε
2251 5162 2597 5234 ἀνομήσητε,
2639 5164 2736 5217 καὶ
2774 5166 3038 5236 ποιήσητε
3087 5165 3221 5234 ὑμῖν
3269 5162 3487 5225 ἑαυτοῖς
3521 5158 3672 5229 ﬁt».

2080 5252 2214 5304 πτδν
2242 5251 2524 5323 ὁμοίωμαο
2569 5256 2751 5311 πᾶσαν
2780 5255 2986 5322 εἰκόνα,
3018 5256 3113 5313 καὶ
3158 5254 3316 5317 θεοὺς
3355 5252 3670 5325 χωνευτοὺς

2077 5343 2136 5396 οὐ
2167 5345 2416 5414 ποιήσεις
2449 5345 2682 5417 σεαυτῷ.
2711 5348 2827 5402 Οὐκ
2863 5344 3040 5413 εἶπον,
3069 5348 3149 5402 Οὐ
3179 5348 3431 5418 ποιήσεις
3470 5343 3670 5399 εικόνι

2076 5435 2379 5507 Χερουϐὶμ,
2419 5437 2496 5502 ὡς
2532 5437 2732 5494 δούλων
2768 5440 3197 5512 παρεστηκότων
3222 5438 3302 5511 τῷ
3332 5436 3663 5508 ἱλαστηρίῳ,

2076 5524 2213 5595 ἀλλ’,
2237 5545 2256 5580 ι
2290 5529 2365 5582 Ού
2385 5531 2633 5601 ποιήσεις
2663 5530 2874 5604 σεαυτῷ
2904 5532 3060 5596 θεοὺς
3101 5528 3406 5602 χωνευτούς
3423 5540 3438 5557 ⁹
3465 5544 3487 5582 ³
3521 5527 3622 5582 καί
3652 5545 3672 5561 ⁸

2079 5659 2135 5735 ⁸1
2150 5662 2281 5735 ibid.
2303 5662 2390 5720 19.
2489 5664 2537 5697 “
2563 5664 2720 5721 Deut.
2753 5684 2806 5735 V,
2830 5667 2881 5731 7,
2921 5667 2973 5722 8.
3072 5666 3118 5735 δί’
3139 5664 3310 5720 Exod,
3351 5675 3542 5735 xxxiv!
3568 5658 3672 5735 £1.

2298 5736 2343 5769 δ’
2378 5735 2551 5792 Exod.
2593 5727 2911 5804 xxxvi,"57.
2986 5736 3036 5770 '°
3067 5734 3240 5791 Exod.
3282 5731 3568 5799 αιτιιοϐ,
3600 5727 3673 5787 7.
