4074 6146
460 375 594 440 129'}

1539 367 1638 427 DE
1679 364 2140 426 IMAGINIBUS
2175 364 2456 425 ORATIO
2496 362 2575 422 II.

3566 356 3702 421 1234

462 507 482 542 ι
503 489 576 543 Οὐ
607 485 855 555 ποιήσεις
889 481 995 534 πᾶν
1023 479 1304 550 ὁμοίωμα,
1348 497 1367 530 ι
1409 479 1483 542 ὡς
1517 479 1672 543 Θεοῦ,
1720 478 1827 532 οὐδ’
1859 478 1921 530 οὐ
1961 477 2036 548 μὴ

2153 475 2309 530 'acies
2359 475 2455 528 tibi
2500 473 2632 527 deos
2689 471 2989 528 conﬂatiies
3024 471 3069 503 "
3100 491 3113 538 ;
3155 490 3174 524 ι
3209 479 3303 526 et:
3345 469 3502 524 tNon
3536 470 3705 526 facies

451 577 758 651 λατρεύσῃς
800 578 868 645 τῇ
903 573 1078 626 κτίσει
1109 572 1262 644 παρὰ
1298 571 1391 624 κὸν
1428 570 1721 624 Κτίσαντα.
1754 569 2035 640 Ὀμοίωμα

460 672 562 745 μὲν
611 665 704 724 οὖν
750 665 886 721 Θεοῦ
923 665 1027 718 οὒκ
1061 663 1314 734 ἐποίησα,
1351 662 1474 714 οὐδὲ
1517 661 1623 733 μὴν
1665 661 1851 731 ἑτέρου
1891 662 2037 722 τινὸς

456 763 534 826 ὡς
560 760 717 828 Θεοῦ,
751 758 871 813 οὐδὲ
915 755 1219 826 ὲλάτρευσα
1261 755 1326 822 τῇ
1374 753 1548 806 κτίσει
1594 752 1746 820 παρὰ
1773 751 1864 805 τὸν
1902 751 2037 804 Κιτί-

462 865 652 909 σαντα.

534 1075 588 1125 ι’.
619 1063 770 1130 Εἶδες
803 1067 918 1128 πῶς
941 1064 1189 1135 ἀνεφάνη
1227 1064 1255 1115 ὁ
1285 1062 1488 1124 σκοπὸς
1531 1065 1629 1130 τῆς
1673 1057 1899 1130 Γραερῆς
1927 1061 2038 1121 τοῖς

466 1159 700 1222 συνετῶς
721 1157 1025 1230 ὲρευνῶσι;
1076 1156 1168 1208 Δεῖ
1206 1155 1316 1222 γὰρ
1355 1151 1647 1220 γινώσκειν
1673 1189 1687 1214 ,
1731 1149 2036 1218 ἀγαπητοὶ,

463 1253 546 1305 ὅτι
584 1253 642 1304 ἐν
680 1250 845 1304 παντὶ
888 1249 1186 1320 πράγματι
1210 1249 1244 1316 ἡ
1289 1242 1522 1314 ἀλήθεια
1537 1244 1810 1310 ζητεῖται,
1851 1243 1947 1293 καὶ
1980 1238 2040 1291 τὸ

463 1341 678 1412 ψεῦδος,
704 1343 797 1396 καὶ
828 1343 856 1394 ὁ
883 1341 1085 1402 σκοπὸς
1110 1337 1204 1390 τοῦ
1249 1334 1552 1399 ποιοῦντος,
1592 1336 1641 1387 εί
1676 1333 1839 1394 καλός
1869 1333 2036 1396 ἐστιν,

465 1433 500 1506 ἢ
531 1434 720 1496 κακός.
770 1433 857 1486 Ἐν
887 1432 987 1502 μὲν
1021 1431 1128 1499 γὰρ
1157 1429 1236 1498 τῷ
1272 1426 1618 1497 Εὐαγγελίῳ,
1649 1427 1742 1478 καὶ
1763 1423 1922 1488 Θεὸς,
1947 1425 2041 1476 καὶ

467 1524 715 1594 ἄγγελος,
744 1523 838 1577 καὶ
867 1522 1174 1595 ἄνθρωπος,
1229 1521 1323 1574 καὶ
1372 1518 1622 1590 οὐρανὸς,
1674 1517 1770 1572 καὶ
1805 1517 1899 1586 γῆ,
1947 1517 2040 1568 καὶ

470 1609 634 1686 ὕδωρ,
676 1617 772 1669 καὶ
799 1615 932 1684 πῦρ,
988 1615 1084 1668 καὶ
1135 1613 1266 1684 ἀὴρ,
1332 1613 1427 1664 καὶ
1472 1610 1644 1680 ἣλιος,
1695 1607 1788 1661 καὶ
1820 1606 2037 1676 σελήνη,

468 1706 564 1762 καὶ
587 1708 781 1778 ἄστρα,
817 1707 913 1760 καὶ
941 1706 1076 1774 φῶς,
1106 1704 1202 1758 καὶ
1241 1703 1452 1767 σκότος,
1511 1701 1606 1754 καὶ
1652 1699 1917 1762 Σατανᾶς,
1950 1692 2042 1749 καὶ

2139 567 2239 622 tibi
2275 581 2495 621 omnem
2532 564 2947 619 similitudinem
2971 562 3039 626 ⁵⁸,
3071 582 3089 614 ›
3135 572 3395 633 tanquam
3452 560 3570 628 Dei,
3605 577 3708 616 nec

2138 655 2348 712 servies
2386 661 2654 708 creaturae
2678 653 2865 722 potius
2893 668 3058 723 quam
3102 652 3372 708 Creatori.
3416 650 3609 720 Itaque
3629 651 3709 706 si-

2140 746 2504 801 militudinem
2563 745 2660 799 Dei
2697 761 2807 800 non
2844 745 2974 812 feci,
3021 760 3121 801 nec
3177 744 3406 799 alterius
3447 751 3709 813 tanquam

2142 839 2258 903 Dei,
2303 853 2482 907 neque
2509 846 2777 893 creatura:
2803 838 2989 907 potius
3013 853 3183 907 quam
3201 836 3448 891 Creatori
3477 835 3708 892 servivi.

2141 928 2233 982 Sic
2271 935 2326 983 et
2351 943 2450 982 vos
2480 942 2704 998 quoque
2753 927 2937 985 facite.

2217 1065 2304 1118 10.
2341 1065 2422 1117 Αιι
2480 1063 2664 1117 vidisti
2723 1062 3000 1131 quomodo
3065 1062 3364 1130 Scripturae
3395 1077 3616 1129 sensus,
3644 1063 3713 1117 iis

2140 1160 2234 1227 qui
2261 1157 2442 1227 sagaci
2474 1163 2656 1209 mente
2685 1154 2834 1207 illam
2869 1160 3216 1219 scrutantur,
3245 1154 3562 1224 exploratus
3583 1154 3715 1208 flat?

2141 1248 2282 1304 Illud
2309 1248 2513 1317 quippe
2569 1261 2737 1301 nosse
2783 1253 3025 1315 oportet,
3069 1245 3435 1313 dilectissimi,
3473 1247 3527 1301 in
3563 1249 3716 1302 omni

2143 1339 2362 1410 negotio
2408 1337 2465 1392 id
2505 1337 2811 1408 praesertim
2868 1337 3062 1406 quaeri,
3125 1337 3258 1407 quid
3297 1353 3484 1392 verum
3513 1339 3720 1408 quidve

2141 1430 2340 1486 falsum
2371 1429 2464 1496 sit,
2496 1439 2550 1484 et
2597 1445 2707 1500 quo
2736 1429 2970 1500 quisque
2997 1430 3232 1484 consilio
3270 1429 3476 1498 aliquid
3507 1429 3716 1495 fecerit,

2143 1524 2289 1578 bono
2337 1537 2410 1577 an
2466 1523 2634 1576 malo.
2682 1520 2820 1575 Nam
2878 1523 2935 1576 in
2992 1521 3312 1592 Evangelio,
3348 1528 3402 1575 et
3446 1520 3607 1588 Dens,
3666 1530 3722 1576 et

2143 1611 2393 1681 angelus,
2443 1619 2498 1665 et
2537 1611 2725 1671 homo,
2777 1611 2979 1666 ccelum
3021 1618 3075 1664 et
3121 1621 3286 1675 terra,
3339 1618 3393 1665 et
3441 1625 3618 1683 aqua,
3667 1620 3722 1667 et

2145 1704 2307 1773 ignis,
2361 1709 2418 1758 et
2461 1717 2576 1767 aer,
2633 1711 2687 1757 et
2721 1703 2825 1768 sol,
2866 1710 2920 1758 et
2943 1703 3092 1768 luna,
3129 1709 3183 1758 et
3214 1710 3385 1770 astra,
3419 1712 3472 1759 et
3508 1705 3718 1766 lumen,

470 1798 743 1868 δαίμονες,
779 1798 873 1851 καὶ
903 1796 1080 1865 ὄφεις,
1116 1794 1212 1849 καὶ
1242 1792 1514 1864 σκορπίοι,
1541 1792 1635 1845 καὶ
1665 1791 1912 1854 Θάνατος,
1947 1789 2042 1840 καὶ

2153 1802 2200 1849 et
2233 1794 2494 1860 tenebrae,
2520 1801 2572 1847 et
2595 1792 2850 1858 Satanas,
2908 1801 2962 1849 et
2993 1794 3294 1862 daemones,
3321 1804 3376 1850 et
3405 1802 3719 1865 serpentes,

471 1887 628 1960 ᾅδης,
661 1888 757 1941 καὶ
805 1887 1021 1959 ἀρεταὶ,
1085 1883 1181 1938 καὶ
1222 1885 1437 1946 κακίαι,
1483 1882 1580 1935 καὶ
1611 1880 1790 1934 πάντα
1816 1878 1959 1932 καλά
1985 1896 2045 1930 τε

472 1983 565 2033 καὶ
591 1978 738 2032 κακά
771 1979 908 2031 εἰσιν
947 1975 1398 2047 ἐγγεγραμμένα.
1451 1972 1592 2026 Ἀλλ’
1650 1972 1819 2040 ὅμως,
1859 1968 2048 2039 ἐπειδὴ

472 2069 650 2123 πάντα
696 2068 765 2122 τά
806 2067 936 2138 περὶ
987 2064 1167 2120 αὐτῶν
1206 2064 1477 2133 λεγόμενα
1520 2061 1692 2132 ἀληθῆ
1738 2063 1864 2127 είσι,
1896 2059 1990 2113 καὶ
2019 2059 2046 2110 δ

474 2160 675 2223 σκοπὸς
705 2160 840 2231 πρὸς
871 2158 1031 2224 δόξαν
1055 2157 1190 2212 Θεοῦ
1237 2159 1375 2223 ἐστι,
1423 2155 1519 2210 καὶ
1571 2154 1678 2208 τῶν
1729 2154 1818 2206 ὑπ’
1880 2150 2046 2207 αὑτοῦ

471 2249 846 2320 δοξαζομένων
874 2249 1072 2317 ἁγίων,
1095 2249 1192 2302 καὶ
1224 2246 1360 2316 πρὸς
1409 2245 1686 2316 σωτηρίαν
1731 2243 1907 2315 ἡμῶν,
1954 2242 2047 2295 καὶ

474 2344 816 2414 καθαίρεσιν,
871 2343 968 2397 καὶ
1035 2340 1298 2412 αἰσχύνην
1361 2337 1455 2392 τοῦ
1513 2337 1759 2391 διαϐόλου
1811 2334 2049 2390 καὶτῶν

474 2434 744 2505 δαιμόνων
771 2433 963 2499 αὑτοῦ,
988 2429 1428 2506 προσκυνοῦμεν,
1449 2430 1541 2483 καὶ
1571 2423 2050 2499 περιπτυσσόμεοα

476 2527 572 2581 καὶ
617 2524 1044 2596 καταφιλοῦμεν,
1113 2523 1208 2577 καὶ
1238 2520 1558 2591 ὀφθαλμοῖς,
1587 2520 1680 2572 καὶ
1701 2518 1924 2589 χείλεσι,
1957 2517 2050 2569 καὶ

478 2619 676 2691 καρδίᾳ.
720 2616 1114 2688 ἀσπαζόμεθα·
1172 2615 1372 2686 ὁμοίως
1422 2614 1518 2669 καὶ
1566 2615 1747 2668 πᾶσαν
1808 2611 1904 2682 τὴν
1942 2613 2053 2664 Πα-

479 2709 647 2761 λαιὰν
707 2708 804 2761 καὶ
853 2707 1063 2777 Καινὴν
1117 2706 1415 2777 Διαθήκην,
1471 2705 1598 2768 τούς
1628 2722 1690 2757 τε
1722 2702 1912 2772 λόγους
1943 2702 2052 2756 τῶν

470 2799 650 2869 ’ἁγίων
698 2798 794 2850 καὶ
824 2799 1092 2867 ἐκκρίτων
1117 2796 1396 2868 Πατέρων.
1424 2796 1535 2867 Τὴν
1568 2796 1628 2849 δὲ
1661 2794 1912 2866 αἰσχρὰν,
1958 2794 2053 2848 καὶ

483 2888 756 2961 μυσαρὰν,
813 2889 907 2942 καὶ
948 2887 1258 2959 ἀκάθαρτον
1301 2888 1520 2958 γραφὴν
1579 2886 1678 2957 τὴν
1728 2885 2053 2956 καταράτων

481 2978 798 3050 Μανιχαίων
825 2997 886 3032 τε
919 2981 1015 3032 καὶ
1047 2977 1344 3047 Ἑλλήνων,
1383 2978 1480 3031 καὶ
1519 2977 1629 3030 τῶν
1672 2976 1877 3030 λοιπῶν
1903 2976 2055 3046 αίρέ-

484 3070 737 3135 σεων,ὼς
756 3069 929 3140 ψευδῆ
962 3069 1056 3122 καὶ
1096 3068 1304 3140 μάταια
1355 3068 1737 3139 περιέχουσαν,
1783 3069 1878 3121 καὶ
1919 3067 2055 3138 πρὸς

2147 1893 2203 1942 et
2261 1884 2490 1954 scorpii,
2527 1892 2582 1938 et
2637 1899 2810 1949 mors,
2842 1891 2898 1939 et
2955 1883 3230 1952 infernus,
3263 1893 3317 1940 et
3384 1885 3634 1953 virtutes,
3668 1895 3723 1941 et

2149 1977 2301 2043 vitia,
2360 1976 2660 2045 omniaque
2694 1976 2838 2030 bona
2866 1983 2922 2030 et
2950 1977 3092 2030 mala
3115 1976 3395 2048 descripta
3429 1989 3576 2035 sunt.
3615 1975 3722 2034 Vc-

2148 2082 2292 2132 rum,
2343 2066 2796 2137 quandoquidem
2835 2067 3023 2122 omnia
3054 2081 3178 2137 qua:
3206 2067 3274 2124 de
3302 2068 3414 2124 illis
3438 2069 3720 2135 feruntur,

2150 2174 2280 2214 vera
2331 2166 2485 2224 sunt,
2541 2166 2712 2227 atque
2765 2157 2835 2212 ad
2889 2144 2987 2212 Dei
3035 2159 3266 2228 gloriam
3292 2168 3344 2213 et
3375 2168 3721 2224 sanctorum,

2149 2265 2290 2320 quos
2317 2249 2383 2304 ad
2409 2249 2649 2320 gloriam
2693 2248 2894 2314 evexit,
2935 2263 3150 2304 necnon
3182 2256 3237 2306 et
3263 2249 3320 2304 in
3349 2257 3597 2306 nostram
3638 2267 3727 2307 sa-

2151 2344 2341 2408 lutem,
2397 2350 2452 2398 et
2517 2341 2818 2413 perniciem
2878 2341 3078 2396 diaboli
3129 2343 3548 2414 dzemonumque
3604 2344 3727 2416 ejus

2151 2433 2464 2500 conferunt,
2520 2435 2615 2489 illa
2676 2449 2780 2489 nos
2818 2435 3140 2498 adoramus,
3190 2435 3637 2504 complectimur,
3671 2445 3728 2492 et

2151 2526 2493 2591 osculamur,
2555 2532 2720 2596 atque
2769 2526 2965 2591 oculis,
2989 2525 3270 2596 labi-isque
3295 2533 3351 2582 et
3387 2527 3554 2584 corde
3583 2529 3732 2585 salu-

2153 2625 2360 2674 tamus.
2397 2615 2601 2671 Eodem
2637 2616 2850 2672 honore
2879 2631 3043 2672 omne
3073 2624 3191 2672 tum
3227 2618 3415 2684 Vetus,
3457 2626 3573 2674 tum
3614 2619 3730 2674 No-

2153 2723 2281 2763 vum
2301 2705 2734 2769 Testamentum.
2763 2707 2902 2778 quin
2941 2707 3109 2763 etiam
3173 2715 3489 2765 sanctorum
3517 2717 3572 2765 et
3605 2725 3731 2780 pro-

2155 2798 2407 2854 batorum
2425 2797 2649 2853 Patrum
2676 2813 2963 2854 sermones
2987 2800 3394 2870 prosequimur.
3421 2800 3486 2854 At
3512 2808 3730 2871 turpem

2156 2896 2212 2940 et
2243 2887 2633 2942 exsecrabilem
2659 2895 2824 2957 atque
2851 2889 3122 2958 impuram
3148 2890 3597 2947 detestandorum
3621 2892 3734 2946 Ma-

2157 2974 2499 3029 nichaeorum
2538 2985 2592 3032 et
2619 2977 2931 3046 gentilium,
2958 2979 3303 3051 aliorumque
3341 2982 3730 3038 haereticorum

2159 3065 2509 3137 scripturam,
2528 3068 2607 3122 uti
2628 3067 2780 3124 falsis
2806 3069 3098 3142 stultisque
3123 3072 3472 3142 dogmatibus
3489 3074 3730 3145 plenam,

483 3161 641 3228 δόξαν
688 3161 783 3215 τοῦ
835 3159 1088 3214 διαϐόλου
1151 3158 1388 3212 καὶτῶν
1432 3158 1704 3229 δαιμόνων
1747 3157 1935 3222 αὐτοῦ,
1961 3159 2051 3211 καὶ

2158 3163 2323 3227 atque
2354 3157 2421 3213 ad
2454 3157 2664 3214 diaboli
2704 3159 3126 3232 daemonumque
3154 3164 3274 3232 ejus
3300 3163 3557 3233 gloriam,
3585 3165 3734 3235 ipso-

483 3254 660 3324 χαρὰν
697 3253 877 3306 αὐτῶν
926 3248 1350 3322 ὲςρευρεθεῖσαν,
1383 3249 1736 3319 ἀποπτύομεν
1776 3249 1872 3303 καὶ
1917 3250 2053 3302 ἀπο-

484 3342 816 3414 ϐαλλόμεθα,
852 3342 1094 3410 καίτοιγε
1155 3341 1247 3394 καὶ
1305 3339 1476 3408 ὄνομα
1503 3337 1637 3392 Θεοῦ
1670 3338 2051 3409 περιέχουσαν.

485 3434 644 3490 Οὖτω
667 3435 763 3488 καὶ
788 3435 846 3487 ὲν
869 3432 946 3504 τῷ
967 3432 1254 3506 πράγματι
1279 3431 1388 3484 τῶν
1418 3430 1664 3497 εἰκόνων,
1693 3429 1800 3502 χρὴ
1829 3431 2055 3499 ὲρευνᾷν

486 3529 586 3598 τήν
626 3545 684 3580 τε
717 3526 1000 3597 ἀλήθειαν,
1060 3525 1158 3579 καὶ
1203 3524 1296 3579 τὸν
1356 3523 1579 3593 σκοπὸνα
1596 3522 1703 3577 τῶν
1737 3522 2052 3576 ποιούντων.

491 3619 604 3673 Καὶ
631 3619 680 3671 εἰ
715 3617 819 3688 μὲν
846 3615 1056 3689 ἀληθὴς
1090 3616 1185 3670 καὶ
1217 3615 1396 3688 ὀρθὸς,
1426 3615 1523 3670 καὶ
1557 3615 1691 3686 πρὸς
1717 3614 1878 3680 δόξαν
1920 3613 2054 3666 Θεοῦ

491 3709 585 3763 καὶ
612 3708 722 3763 τᾶν)
754 3710 926 3780 ἁγίων
987 3707 1172 3776 αὑτοῦ,
1203 3709 1456 3781 καὶπρὸς
1495 3707 1656 3779 ζῆλον
1703 3706 1928 3780 ἀρετῆς,
1963 3706 2058 3760 καὶ

487 3805 778 3876 ἀποφυγὴν
799 3801 1018 3868 κακίας,
1066 3803 1160 3856 καὶ
1220 3803 1495 3874 σωτηρίαν
1545 3800 1734 3873 ψυχῶν
1788 3801 2054 3870 γίνονται,

491 3895 852 3966 ἀποδέχεσθαι
898 3897 991 3949 καὶ
1015 3895 1203 3965 τιμᾷν,
1235 3897 1311 3958 ὡς
1342 3894 1578 3962 εἰκόνας,
1611 3893 1707 3949 καὶ
1740 3893 2054 3965 μιμήματα,

491 3990 584 4042 καὶ
609 3986 959 4057 ὁμοιώματα,
1003 3987 1098 4038 καὶ
1135 3983 1353 4056 βίϐλους
1392 3985 1501 4038 τῶν
1530 3983 1932 4055 ἀγραμμάτων,
1965 3983 2059 4036 καὶ

491 4081 836 4153 προσκυνεῖν,
896 4076 990 4132 καὶ
1025 4075 1384 4144 καταφιλεῖν,
1451 4075 1543 4128 καὶ
1592 4073 1923 4145 ὀφθαλμοῖς,
1964 4074 2058 4128 καὶ

486 4171 716 4242 χείλεσι,
748 4169 842 4223 καὶ
895 4166 1091 4240 καρδίᾳ
1131 4164 1496 4232 ἀσπάζεσθαι,
1517 4165 1592 4229 ὡς
1630 4166 2056 4237 σεσαρκω-μένου

488 4259 625 4314 Θεοῦ
684 4258 954 4331 ὁμοίωμα,
987 4257 1020 4328 ἢ
1056 4255 1156 4326 τῆς
1188 4255 1380 4308 τούτου
1413 4254 1641 4326 μητρὸς,
1671 4256 1704 4326 ἢ
1749 4255 1858 4310 τῶν
1888 4255 2058 4324 ἁγίων
2103 4288 2108 4289 ν

491 4349 601 4401 τῶν
626 4345 898 4401 κοινωνῶν
962 4343 1070 4398 τῶν
1120 4344 1458 4415 παθημάτων
1507 4345 1598 4397 ml.
1647 4345 1745 4414 τῆς
1779 4344 1937 4414 δόξης
1963 4344 2055 4398 τοῦ

491 4434 750 4506 Χριστοῦ,
784 4437 878 4489 καλ⁴
898 4433 1158 4506 νικητῶν,
1191 4434 1283 4488 κοιλ⁵
1315 4433 1659 4504 καθαιρετῶν
1686 4434 1778 4488 τοῦ
1810 4434 2055 4489 διαϐόλου

489 4527 586 4581 καὶ
618 4525 726 4580 τῶν
744 4525 1014 4595 δαιμόνων
1047 4525 1141 4578 καὶ
1159 4525 1257 4595 τῆς
1281 4526 1486 4595 πλάνης
1512 4525 1713 4579 αὐτῶν.

564 4742 655 4796 ια⁴.
700 4742 765 4796 Ei
805 4741 860 4794 δὲ
889 4741 1151 4810 Θεότητος
1167 4742 1264 4812 τῆς
1289 4741 1478 4806 ὰΰλου,
1517 4743 1610 4796 καὶ
1640 4744 1953 4814 ἀσωμάτου,
1966 4745 2062 4798 καὶ

493 4833 758 4905 ἀοράτου,
803 4833 897 4886 καὶ
939 4832 1352 4901 ἀσχηματίστου
1381 4871 1398 4897 ,
1462 4834 1558 4888 καὶ
1606 4834 2057 4904 ἀχρωματίστου,

490 4927 676 4980 εἰκόνα
722 4941 809 4990 τις
849 4923 1112 4994 τολμήσει
1165 4923 1408 4993 ποιῆσαι,
1455 4924 1532 4988 ὡς
1555 4925 1719 4996 ψευδῆ
1759 4925 2060 4980 ἀποϐαλλό-

483 5017 652 5088 μεθα.
685 5016 797 5072 Καὶ
828 5015 923 5070 ἐάν
973 5033 1059 5078 τις
1110 5014 1204 5068 ἐπὶ
1248 5013 1375 5087 δόξῃ
1419 5016 1514 5069 καὶ
1552 5017 1922 5088 προσκυνήσει
1965 5017 2060 5070 καὶ

486 5109 620 5179 τιμῇ
647 5107 737 5161 τοῦ
762 5107 1034 5172 διαϐόλου,
1081 5104 1113 5175 ἢ
1145 5102 1254 5158 τῶν
1302 5104 1594 5174 δαιμόνων,
1649 5107 2053 5177 καταπτύομεν,

489 5200 583 5251 καὶ
632 5199 768 5270 πυρὶ
819 5197 1185 5266 ἀναλίσκομεν
1211 5214 1224 5228 ο
1261 5196 1354 5249 καὶ
1400 5195 1495 5250 ἐάν
1527 5213 1610 5260 τις
1654 5197 1976 5268 ἀνθρώπων,
2019 5201 2052 5270 ἢ

489 5289 770 5353 πετεινῶν,
833 5289 866 5356 ἢ
923 5286 1249 5360 ἑρπετῶν,ἢ
1286 5286 1450 5358 ἄλλης
1487 5287 1716 5351 κτίσεως
1760 5289 2053 5362 θεοποιήσῃ

487 5379 692 5445 εἰκόνα,
731 5380 1197 5452 ἀναθεματίζομεν
1220 5380 1425 5436 τοῦτον.
1456 5382 1666 5454 ’Ὠσπερ
1698 5382 1808 5454 γὰρ
1837 5383 1904 5437 τὰ
1933 5386 2055 5454 ἱερὰ

480 5470 582 5522 *καὶ
605 5469 730 5531 τοὺς
751 5470 912 5533 ναοὺς
940 5470 1048 5524 τῶν
1077 5471 1350 5542 δαιμόνων
1398 5473 1645 5529 καθεῖλον
1681 5476 1730 5527 oi
1763 5474 1907 5544 ἅγιοι
1943 5477 2055 5530 ﬂat-

489 5559 664 5628 τέρες,
691 5559 788 5613 καὶ
807 5561 868 5612 ιν
892 5563 1002 5624 τοῖς
1045 5563 1227 5616 αὐτῶν
1257 5565 1443 5631 τόποις
1497 5569 1658 5632 ναοὺς
1693 5568 1778 5622 ἐπ’
1822 5568 2047 5643 ὀνόματι

565 5723 608 5756 δ’
634 5733 805 5790 Exod.
837 5750 929 5800 xx,
952 5736 1004 5790 ι.
1080 5737 1126 5768 ³³
1146 5737 1286 5792 ibid.

2161 3263 2392 3318 rumque
2424 3261 2718 3304 commune
2747 3248 3010 3320 gaudium
3062 3249 3433 3319 excogitatam
3463 3254 3730 3322 reproba-

2161 3355 2284 3396 mus
2311 3356 2376 3396 ac
2404 3340 2705 3411 rejicimus,
2728 3342 3029 3412 quamlibet
3071 3340 3165 3396 Dei
3197 3356 3396 3397 nomen
3431 3343 3730 3401 contineat.

2163 3433 2237 3486 Ita
2265 3435 2490 3502 pariter,
2525 3433 2617 3489 ubi
2655 3435 2720 3489 de
2751 3433 3084 3504 imaginibus
3114 3434 3319 3503 agitur,
3347 3433 3553 3490 veritas
3577 3451 3733 3505 qum-

2163 3524 2332 3578 renda
2358 3525 2518 3596 335
2545 3533 2650 3589 est,
2675 3540 2974 3596 sensusque
2999 3525 3214 3580 illorum
3256 3526 3351 3596 qui
3367 3540 3461 3583 eas
3501 3526 3728 3583 faciunt.

2163 3622 2338 3686 Atque
2392 3618 2440 3672 si
2502 3617 2722 3685 quidem
2768 3633 2932 3673 verus
2964 3625 3260 3690 rectusque
3302 3621 3396 3685 sit,
3443 3628 3498 3675 et
3529 3619 3599 3676 ad
3636 3619 3733 3677 Dei

2163 3702 2392 3780 gloriam
2449 3716 2884 3779 sanctorumque
2944 3709 3067 3779 ejus
3118 3710 3226 3766 illae
3261 3711 3600 3780 conducant,
3663 3712 3734 3766 ad

2167 3801 2578 3870 amplectendas
2625 3803 2752 3856 item
2781 3800 3035 3866 virtutes,
3085 3809 3140 3858 et
3164 3801 3420 3874 fugienda
3451 3803 3604 3869 vitia,
3631 3819 3734 3859 nec

2166 3907 2275 3946 non
2305 3891 2360 3946 in
2414 3891 2646 3947 salutem
2690 3901 2921 3964 vergant
2963 3893 3309 3960 animarum;
3337 3893 3439 3949 has
3469 3902 3733 3964 tanquam

2166 3982 2458 4052 imagines,
2519 3983 2790 4055 exempla,
2823 3995 2878 4039 et
2901 3985 3315 4050 similitudines,
3353 3999 3419 4041 ac
3466 3985 3633 4041 veluti
3669 3986 3736 4040 il-

2166 4072 2534 4128 litteratorum
2563 4075 2847 4129 hominum
2895 4075 3068 4132 libros
3103 4075 3354 4131 venerari
3395 4089 3497 4129 nos
3521 4085 3736 4144 oportet

2165 4172 2220 4219 et
2258 4166 2524 4233 osculari,
2549 4167 2835 4238 oculisque
2861 4177 2915 4222 et
2939 4167 3100 4222 labiis
3121 4174 3175 4222 et
3202 4164 3367 4222 corde
3407 4166 3728 4236 complecti;

2166 4263 2226 4310 ut
2275 4272 2398 4325 quae
2455 4255 2694 4313 Verbum
2723 4257 2877 4311 carni
2908 4257 3227 4327 capulatum
3303 4262 3731 4324 reprazsentent,

2165 4347 2558 4418 genitricemve
2611 4348 2808 4418 ipsius,
2848 4355 2943 4402 aut
2990 4347 3154 4401 etiam
3195 4353 3440 4411 sanctos,
3475 4347 3569 4416 qui
3614 4354 3730 4401 tum

2167 4439 2514 4508 passionum,
2542 4449 2652 4492 tum
2672 4438 2860 4508 gloriae
2885 4436 3090 4492 Christi
3119 4434 3281 4500 socii,
3305 4443 3472 4506 atque
3492 4436 3732 4493 victores

2091 4510 2139 4568 θ
2164 4529 2556 4598 etexpulsores
2587 4528 2787 4591 diaboli
2809 4542 2872 4582 ac
2894 4527 3226 4590 daemonum.
3247 4541 3552 4597 eorumque
3578 4527 3730 4583 frau-

2164 4621 2249 4675 dis
2281 4618 2635 4674 exstiterunt.

2229 4750 2317 4804 Η.
2374 4748 2529 4816 Quod
2565 4749 2612 4804 si
2643 4749 2770 4818 quis
2818 4749 3114 4819 imaginem
3163 4750 3503 4820 Divinitatis,
3535 4771 3662 4826 qua:
3698 4771 3729 4812 ι

2160 4841 2388 4896 materia
2411 4849 2495 4896 est
2533 4840 2897 4906 alienissima,
2948 4842 3387 4916 incorporeaque
3427 4855 3484 4903 et
3537 4849 3731 4905 invisi-

2161 4933 2309 4997 bilis,
2341 4945 2444 4986 nec
2477 4930 2732 5002 ﬁguram,
2770 4946 2874 4987 nec
2915 4931 3160 4988 colorem
3210 4935 3394 5000 habet,
3423 4938 3624 4992 audeat
3651 4938 3732 4993 ef-

2159 5023 2388 5093 fingere,
2434 5036 2558 5077 eam
2611 5023 2688 5077 uti
2715 5023 2961 5092 spur-iatn
3005 5023 3314 5095 falsamque
3347 5027 3724 5097 repudiamus.

2162 5112 2218 5168 Si
2241 5128 2364 5183 quae
2395 5114 2562 5168 etiam
2588 5114 2656 5170 ad
2699 5114 2954 5184 gioriam,
2989 5117 3200 5170 cultum
3228 5123 3283 5172 et
3314 5117 3582 5172 honorem
3607 5118 3726 5173 dia-

2156 5203 2267 5259 boli
2324 5214 2418 5260 aut
2473 5206 2782 5260 damonurn
2838 5205 3157 5261 eﬁ‘ormata'
3207 5207 3300 5272 sit,
3363 5209 3725 5278 respuendam

2156 5297 2382 5367 ignique
2451 5296 2887 5352 consumendam
2955 5309 3269 5351 censemus.
3330 5294 3389 5350 Si
3449 5296 3722 5366 quispiam

2159 5386 2454 5457 imaginem
2499 5387 2802 5451 hominum,
2837 5393 2930 5441 aut
2976 5387 3261 5440 volucrum
3295 5394 3389 5441 aut
3413 5387 3723 5458 reptilium,

2159 5477 2458 5534 alteriusve
2504 5484 2702 5532 creatae
2741 5475 2822 5530 rei
2873 5476 2932 5530 in
2983 5474 3154 5530 Deum
3206 5475 3315 5531 sibi
3357 5475 3548 5549 lingat,
3579 5479 3725 5534 hunc

2157 5566 2495 5624 anathemati
2556 5551 2906 5636 subiicimus.
2951 5563 3105 5622 Sicut
3141 5566 3288 5623 cutim
3319 5570 3500 5626 sancti
3528 5569 3720 5627 Patres
