4074 6146
329 334 465 399 1295

1511 331 1571 392 S.
1602 332 1923 395 JOANNIS
1954 334 2386 399 DAMASCENI

3358 302 3583 404 ηερε

327 444 451 496 fana
499 437 809 510 templaque
858 437 1169 492 daemonum
1210 436 1555 501 everterunt,
1593 438 1760 508 inque
1800 453 1897 492 eo-

2014 441 2172 511 ὶγίων
2204 444 2455 515 ἤγειραν,
2486 442 2578 496 καὶ
2604 443 2826 506 τούτους
2869 442 3124 514 σέϐομεν,
3153 443 3299 498 οὕτω
3341 446 3438 500 καὶ
3481 445 3583 510 τὰς

325 548 449 589 rum
484 531 622 586 Iocis
675 535 994 585 sanctorum
1049 527 1260 583 nomini
1321 529 1524 599 templa
1573 536 1899 584 construxe-

326 634 476 690 runt,
510 640 631 695 qua:
662 638 762 677 nos
800 621 1039 678 colimus
1067 638 1082 675 :
1113 620 1193 677 sic
1241 628 1297 677 et
1343 621 1638 677 simulacra
1690 621 1898 676 daemo-

325 734 461 776 num
509 717 875 780 sustulerunt,
930 721 1099 783 atque
1156 713 1377 769 illorum
1432 713 1555 770 loco
1605 713 1814 769 Christi
1847 722 1903 769 et

329 807 571 878 Deiparaz
591 813 646 861 et
678 812 996 860 sanctorum
1036 803 1306 874 imagines
1336 812 1671 860 statuerunt.
1707 805 1763 859 In
1793 803 1902 860 Ve-

325 899 429 952 teri
467 896 687 967 quidem
737 893 1119 958 Testamento,
1174 909 1275 950 nec
1324 895 1529 965 templa
1580 903 1901 950 sanctorum

325 988 536 1044 nomini
568 988 855 1059 erigebant
883 986 1167 1052 Israelitaa,
1203 1000 1306 1042 nec
1338 985 1624 1041 hominum
1661 1000 1903 1042 comme-

326 1085 562 1141 moratio
594 1082 791 1140 festiva
822 1089 963 1138 erat.
1013 1079 1209 1135 Adhuc
1236 1080 1384 1135 enim
1423 1078 1663 1134 humana
1704 1086 1903 1133 natura

325 1174 701 1233 maledictioni
740 1181 859 1229 erat
888 1172 1151 1236 obnoxia,
1186 1176 1242 1226 et
1299 1184 1451 1225 mors
1491 1183 1652 1241 ptena
1695 1176 1750 1224 et
1778 1183 1903 1238 sup-

324 1268 715 1340 p’lieium'erat,
741 1265 889 1320 unde
925 1264 1219 1337 lugebatur
1249 1281 1264 1320 :
1320 1270 1375 1319 et
1430 1262 1634 1318 mortui
1661 1263 1903 1317 cadaver

325 1361 670 1417 immundum
702 1358 1034 1425 habebatur,
1087 1367 1254 1428 atque
1298 1357 1389 1412 ille
1434 1355 1601 1413 etiam
1644 1356 1735 1426 qui
1765 1354 1900 1411 illud

324 1453 618 1523 tetigisset.
663 1448 743 1504 Ex
780 1463 892 1520 quo
920 1456 1103 1505 autem
1140 1456 1357 1503 natura:
1397 1453 1625 1512 nostra),
1660 1461 1763 1503 ceu
1790 1462 1903 1502 me-

323 1543 577 1597 dicamen
607 1540 880 1612 quoddam
905 1538 1185 1594 vivificum
1228 1543 1283 1593 et
1312 1536 1556 1604 salubre,
1596 1535 1789 1606 juncta
1818 1547 1905 1591 est

323 1634 610 1698 divinitas,
656 1632 747 1687 illa
772 1631 1038 1702 deinceps
1087 1629 1234 1684 facta
1282 1636 1368 1684 est
1397 1629 1660 1699 gloriosa,
1690 1627 1906 1699 fuitque

325 1727 380 1779 in
412 1724 885 1795 incorruptionem
930 1719 1352 1777 transformata.
1382 1718 1736 1791 Quapropter
1772 1732 1905 1776 san-

324 1822 540 1868 ctorum
576 1794 804 1867 mortem
841 1810 1210 1876 celebramus,
1253 1808 1309 1864 in
1355 1809 1603 1880 ipsorum
1636 1810 1901 1867 honorem
1933 1794 1977 1850 Β

325 1905 527 1976 templa
560 1903 928 1969 exst‘ruimus,
973 1916 1278 1971 eorumque
1298 1901 1577 1972 pingimus
1610 1902 1901 1974 imagines.

323 1993 586 2049 Noverint
629 1991 802 2063 igitur
863 1989 1108 2045 universi
1159 1989 1340 2055 illum,
1373 1989 1470 2059 qui
1506 1990 1797 2061 imaginem
1828 1989 1905 2045 ad

324 2086 552 2149 Christi,
579 2092 674 2137 aut
710 2081 908 2137 matris
940 2080 1078 2150 ﬁejus
1132 2078 1402 2151 Deiparaa,
1439 2090 1535 2137 aut
1585 2090 1905 2138 sanctorum

326 2177 565 2247 alicujus
597 2174 829 2246 gloriam
861 2179 917 2228 et
950 2171 1425 2241 recordationem,
1450 2188 1676 2229 necnon
1703 2174 1761 2229 in
1785 2173 1907 2230 dia-

326 2269 440 2325 boli
470 2279 526 2325 et
577 2266 890 2322 daemonum
945 2263 1067 2332 ejus
1127 2264 1492 2334 opprobrium
1558 2272 1614 2321 et
1663 2265 1904 2332 ruinam,

326 2363 518 2419 divino
588 2360 775 2418 studio
818 2366 873 2414 et
922 2356 1127 2413 ardore
1176 2356 1492 2425 formatam,
1540 2357 1908 2429 aggrediatur

327 2461 597 2517 evertere,
658 2457 714 2505 et
765 2462 875 2503 non
931 2447 1116 2519 potius
1148 2461 1273 2503 eam
1303 2461 1406 2503 ceu
1438 2446 1659 2518 dignam
1696 2448 1910 2505 honore

329 2545 648 2614 imaginem,
683 2555 794 2596 non
834 2548 1021 2595 tamen
1073 2545 1133 2593 ut
1163 2537 1361 2604 Deum,
1410 2538 1627 2603 adoret,
1678 2541 1825 2594 colat
1856 2550 1913 2596 et

331 2636 749 2706 complectatur,
779 2632 1069 2687 inimicum
1113 2630 1263 2685 hunc
1296 2645 1422 2686 esse
1449 2630 1676 2705 Christi,
1702 2639 1756 2687 et
1781 2648 1913 2688 san-

329 2741 431 2784 cur.
452 2721 555 2783 'Déi
589 2725 907 2788 Gen‘itricis,
931 2730 1096 2793 atque
1129 2731 1469 2790 sanctorum,
1515 2722 1721 2779 diaboli
1759 2724 1914 2780 insu-

330 2840 428 2895 per
467 2832 521 2879 ct
569 2821 875 2878 daemonum
920 2804 1098 2889 ipsius
1146 2816 1420 2872 vindicem
1470 2822 1525 2872 et
1570 2827 1910 2888 patronum:

333 2917 535 2988 quippe
608 2914 702 2984 qui
791 2925 933 2982 (ρει-θ
1006 2908 1254 2979 patiatur
1342 2907 1508 2965 Deum
1585 2921 1917 2984 sanctosque

332 3009 453 3078 ejus
486 3005 671 3063 debito
706 3003 914 3058 honore
963 3007 1017 3055 et
1054 2998 1226 3071 gloria
1265 2998 1425 3067 allici,
1477 2999 1753 3056 diabolum
1790 3018 1918 3060 vero

1998 535 2215 599 εἰκόνας
2270 534 2381 588 τῶν
2430 535 2700 605 δαιμόνων
2750 534 3024 601 καθεῖλον,
3075 536 3173 589 xal.
3218 535 3337 590 ἀντ’
3356 536 3585 593 ἐκείνων

2000 625 2231 697 ἤγειραν
2263 626 2479 690 εἰκόνας
2501 626 2763 697 Χριστοῦ,
2787 627 3003 699 καὶτῆς
3031 627 3321 695 Θεοτόκου,
3345 630 3442 684 καὶ
3470 632 3580 685 τῶν

2005 716 2198 786 ἁγίων.
2239 716 2352 771 Καὶ
2416 716 2511 771 ἐπὶ
2548 717 2650 789 μὲν
2695 717 2798 788 τῆς
2832 717 3102 785 Παλαιᾶς,
3137 717 3263 773 οὔτε
3307 712 3468 786 ναοὺς
3493 722 3578 776 ἐπ’

2003 808 2231 878 ὀνόματι
2261 807 2564 881 ἀνθρώπων
2604 809 2825 880 ἤγειρεν
2874 811 2905 863 6
2945 808 3180 882 Ἰσραὴλ,
3210 811 3337 865 οὔτε
3372 813 3591 884 μνημό-

2003 913 2162 950 συνον
2186 896 2477 969 ἀνθρώπου
2529 897 2840 966 ἐορτάζετο.
2885 897 3010 952 Ἐτι
3036 898 3146 971 γὰρ
3179 900 3285 955 ὑπὸ
3337 902 3585 975 κατάραν

2004 981 2074 1060 ἦν
2097 989 2129 1057 ὴ
2153 987 2260 1043 τῶν
2291 987 2599 1059 ἀνθρώπων
2630 986 2813 1058 φύσις,
2854 989 2948 1041 καὶ
2983 989 3013 1042 6
3045 988 3275 1053 θάνατος
3316 991 3587 1064 κατάκρι-

2006 1094 2090 1140 σις
2114 1072 2204 1148 ἦν,
2231 1076 2311 1131 διὸ
2369 1077 2464 1133 καὶ
2500 1076 2812 1132 ἐπενοεῖτο·
2857 1078 2953 1132 καὶ
2992 1076 3055 1131 τὸ
3086 1077 3245 1150 σῶμα
3266 1078 3363 1133 τοῦ
3383 1080 3576 1152 τεθνη-

2004 1167 2161 1231 κότος
2193 1167 2504 1241 ἀκάθαρτον
2530 1167 2831 1238 ἐλογίζετο,
2865 1170 2960 1223 καὶ
2981 1171 3009 1224 6
3059 1170 3371 1240 ἁπτόμενος
3392 1172 3583 1230 αὐτοῦ.

1958 1333 1961 1335 Δ
2004 1258 2119 1312 Νῦν
2152 1258 2227 1325 δὲ,
2253 1260 2346 1329 ἀφ’
2372 1255 2495 1333 ob!)
2530 1261 2724 1333 θεότης
2764 1264 2832 1333 τῇ
2876 1263 3125 1335 ἡμετέρᾳ
3173 1264 3335 1334 φύσει
3394 1282 3589 1322 συναν-

2006 1350 2239 1421 εκράθη,
2294 1346 2404 1406 οἷόν
2449 1369 2504 1405 τι
2556 1352 2822 1418 ζωοποιὸν
2849 1354 2944 1409 καὶ
2976 1356 3243 1427 σωτήριον
3269 1356 3584 1429 φάρμακον,

2005 1442 2332 1516 ἐδοξάσθη-ί]
2363 1443 2576 1517 φύσιςὴ
2588 1447 2726 1517 μῶν,
2779 1447 3040 1519 καὶπρὸς
3079 1448 3393 1522 ἀφθαρσίαν
3453 1463 3585 1523 μετα

2007 1535 2380 1607 εστοιχειώθη.
2395 1536 2487 1589 Διὸ
2518 1537 2612 1590 καὶ
2640 1539 2668 1591 6
2683 1536 2794 1591 τῶν
2811 1537 2982 1608 ἁγίων
3003 1538 3230 1604 Θάνατος
3248 1541 3577 1613 ἐορτάζεται,

2006 1626 2102 1681 καὶ
2131 1627 2248 1681 ναοὶ
2282 1627 2469 1692 αὐτοῖς
2496 1628 2826 1700 ἐγείρονται,
2881 1630 2977 1684 καὶ¹
3002 1630 3212 1696 εἰκόνες
3239 1633 3578 1706 ἀναγράφον-

2006 1736 2118 1773 ται.
2149 1720 2471 1774 Γινωσκέτω
2495 1716 2590 1775 οῦν
2623 1723 2734 1784 πᾶς
2762 1720 3083 1793 ἄνθρωπος,
3131 1722 3207 1788 ὡς
3226 1724 3255 1777 6
3280 1725 3380 1797 τὴν
3401 1724 3587 1781 εἰκόνα

2003 1808 2103 1881 τὴν
2129 1810 2266 1882 πρὸς
2288 1810 2446 1877 δόξαν
2510 1809 2605 1885 καὶ
2651 1810 2962 1883 ὑπόμνησιν
3001 1812 3097 1867 τοῦ
3126 1813 3389 1885 Χριστοῦ,
3417 1813 3451 1886 ἢ
3488 1815 3589 1887 τῆς

2004 1902 2195 1957 τούτου
2212 1902 2434 1976 Μητρὸς
2452 1903 2551 1974 τῆς
2571 1902 2730 1972 ἁγίας
2742 1902 3029 1971 Θεοτόκου,
3053 1904 3088 1976 ἦ
3111 1921 3255 1968 τινος
3273 1903 3381 1958 τῶν
3393 1905 3585 1974 ἁγίων,

2005 1996 2100 2051 καὶ
2127 1995 2265 2067 πρὸς
2299 1993 2565 2066 αἰσχύνην
2618 1992 2714 2047 τοῦ
2763 1993 3011 2048 διαϐόλου
3041 1995 3136 2048 καὶ
3192 1987 3364 2067 ἧτταν
3396 1996 3586 2061 αὑτοῦ,

2005 2087 2102 2142 καὶ
2129 2086 2238 2141 τῶν
2264 2085 2534 2158 δαιμόνων
2564 2084 2754 2152 αὐτοῦ,
2803 2086 2866 2139 ἐκ
2896 2084 3045 2140 θείου
3088 2085 3257 2140 πόθου
3292 2088 3387 2140 καὶ
3421 2087 3588 2158 ζήλου

2006 2177 2328 2249 γενομένην,
2361 2175 2652 2232 καταλύειν
2675 2176 2988 2248 ἐπιχειρῶν,
3021 2177 3118 2231 καὶ
3154 2177 3231 2249 μὴ
3267 2178 3588 2250 προσκυνῶν

2009 2268 2105 2324 κοιλν
2149 2267 2328 2340 τιμῶν
2367 2267 2462 2322 καὶ
2512 2253 2902 2339 ἀσπαζόμενος
2941 2267 3017 2332 ὡς
3052 2268 3238 2323 εἰκόνα
3255 2269 3465 2340 τιμίαν,
3495 2272 3588 2324 καὶ

2008 2356 2108 2429 οὐχ
2135 2357 2211 2422 ὡς
2241 2355 2398 2423 Θεὸν,
2435 2357 2627 2428 ἐχθρός
2652 2359 2770 2412 ἐστι
2802 2356 2896 2411 τοῦ
2920 2357 3157 2430 Χριστοῦ
3189 2360 3398 2432 καὶτῆς
3428 2361 3588 2430 ἁγίας

2010 2450 2274 2505 Θεοτόκου
2308 2449 2527 2504 καὶτῶν
2557 2449 2753 2519 ἁγίων,
2786 2450 2884 2504 καὶ
2908 2449 3201 2522 ἐκδικητὴς
3222 2450 3317 2505 τοῦ
3341 2452 3589 2507 διαϐόλου

2012 2544 2108 2599 καὶ
2130 2542 2241 2597 τῶν
2269 2541 2543 2613 δαιμόνων
2595 2540 2763 2595 αὐτοῦ
2786 2558 2801 2574 ·
2834 2540 2983 2614 ἔργῳ
3029 2543 3471 2615 ἐπιδεικνύμενος
3493 2545 3590 2617 τὴν

2012 2634 2313 2706 λύπην,ὅτι
2340 2636 2369 2690 6
2392 2634 2525 2699 Θεὸς
2577 2634 2673 2689 καὶ
2718 2635 2774 2688 οί
2810 2632 2956 2704 ἁγιοι
2980 2634 3145 2689 αὐτοῦ
3203 2636 3466 2706 τιμῶνται
3494 2638 3590 2691 καὶ

2012 2729 2362 2795 δοξάζονται·
2393 2731 2421 2782 6
2469 2727 2526 2781 δέ
2577 2726 2824 2791 διάϐολος
2880 2728 3330 2799 καταισχύνεται.
3364 2728 3439 2783 ⁷Ἦ
3482 2729 3591 2802 γάρ

2016 2818 2480 2893 εἰκὼνθρίαμϐός
2510 2820 2651 2885 ἐστι,
2682 2821 2780 2874 καὶ
2809 2822 3136 2894 φανέρωσις,
3172 2824 3268 2878 καὶ
3293 2825 3590 2896 στηλογρα-

2018 2914 2115 2984 φία
2138 2915 2219 2978 εἰς
2255 2913 2481 2985 μνήμην
2501 2914 2601 2984 τῆς
2647 2914 2808 2985 νίκης
2860 2914 2969 2971 τῶν
3019 2916 3457 2987 ἁριστευσάντων
3499 2919 3593 2972 καὶ

2018 3004 2457 3077 δωπρεψὰντων,
2490 3005 2587 3059 καὶ
2610 3006 2708 3077 τῆς
2764 3007 3030 3079 αἰσχύνης
3088 3007 3199 3063 τῶν
3245 3009 3594 3081 ἡττηθέντων

333 3095 637 3168 ignominia
687 3093 924 3164 aspergi.
977 3089 1164 3162 Imago
1230 3091 1376 3145 enim
1426 3090 1744 3163 triumphus
1791 3098 1912 3167 qui.

2019 3100 2112 3154 καὶ
2140 3096 2593 3169 καταϐληθέντων
2624 3096 2917 3169 δαιμόνων.

336 3191 463 3245 dam
530 3197 636 3255 est,
717 3196 768 3243 et
815 3183 1213 3249 manifestatio,
1272 3183 1726 3256 insculptumque
1775 3205 1914 3248 monl

2014 3204 2215 3261 tantum,
2270 3199 2455 3249 erecta
2522 3191 2578 3246 in
2628 3191 2952 3246 memoriam
3000 3191 3242 3256 illorum,
3293 3193 3389 3264 qui
3457 3200 3597 3249 stre-

337 3297 449 3337 nuo
474 3278 1042 3352 praestantissimoque
1090 3274 1275 3331 animo
1308 3289 1443 3332 sese
1487 3288 1807 3351 gesserunt,
1866 3295 2033 3360 atque
2089 3288 2148 3344 in
2222 3285 2554 3351 daemonum,
2602 3282 2696 3354 qui
2741 3282 2939 3339 devicti
2983 3283 3370 3357 proﬂigatique
3443 3292 3593 3349 sunt,

338 3381 574 3443 perenne
605 3370 861 3425 dedecus.

409 3465 501 3520 12.
529 3463 706 3520 Penes
747 3464 1113 3534 imperatores
1147 3470 1394 3535 potestas
1443 3479 1554 3521 non
1588 3474 1695 3535 est,
1726 3480 1784 3527 ut
1804 3470 1912 3529 Ee-

341 3557 525 3613 c‘Iesize
567 3556 719 3626 leges
745 3554 1018 3610 saneiant.
1054 3554 1291 3611 Attende
1314 3555 1448 3627 quid
1493 3557 1642 3615 dicat
1672 3561 1915 3634 Aposto-

341 3652 450 3706 lus.
491 3647 600 3703 «Ει
642 3646 914 3719 quosdam
960 3646 1180 3717 quidem
1229 3651 1416 3719 posuit
1452 3648 1598 3708 Deus
1636 3652 1693 3708 in
1728 3653 1918 3713 Eccle-

341 3741 445 3808 sia,
479 3741 719 3810 primum
754 3738 1064 3809 apostolos,
1117 3738 1363 3795 secundo
1400 3741 1719 3812 prophetas,
1758 3746 1920 3803 tertio

342 3840 594 3906 pastores
620 3841 675 3886 et
696 3829 952 3887 doctores
988 3829 1056 3887 ad
1089 3829 1486 3902 perfectionem
1516 3834 1866 3892 Ecclesiae“.
1893 3858 1913 3892 ι

339 3925 463 3981 Non
512 3921 735 3994 adjecit,
782 3922 1153 3992 imperatores.
1194 3920 1262 3976 Et
1306 3938 1574 3979 rursum:
1631 3944 1649 3978 ι
1688 3924 1920 3984 Obedite

340 4014 505 4090 336
537 4012 846 4091 praepositis
879 4010 1080 4065 vestris
1108 4016 1163 4065 et
1193 4010 1473 4081 subjacete
1499 4013 1603 4068 eis.
1635 4012 1743 4086 Ipsi
1772 4016 1919 4072 enim

340 4107 691 4179 pervigilant,
748 4101 907 4174 quasi
956 4101 1229 4156 rationem
1268 4116 1370 4172 pro
1404 4103 1697 4162 animabus
1721 4107 1919 4163 vestris

340 4198 718 4256 τοιιιιίιιιτίη.»
752 4194 1011 4265 Idemque
1042 4207 1236 4248 rursus
1264 4211 1279 4248 :
1321 4213 1340 4246 ‹
1369 4192 1695 4252 Mementote
1719 4212 1923 4268 praepo.

342 4293 576 4348 sitorum
633 4296 972 4353 vestrorum,
1039 4284 1134 4357 qui
1183 4284 1342 4342 vobis
1397 4285 1569 4342 Iocuti
1622 4297 1754 4345 sunt
1794 4305 1919 4346 ver-

341 4385 470 4439 bum
537 4382 654 4450 Dei,
686 4395 924 4453 quorum
976 4379 1258 4435 intuentes
1296 4378 1505 4434 exitum
1539 4382 1919 4439 conversatio-

344 4476 454 4542 nis,
490 4473 787 4529 imitamini
821 4470 984 4538 ﬁdem
1013 4471 1079 4526 ⁸⁸.
1123 4489 1142 4523 ι
1172 4468 1417 4526 Verbum
1449 4471 1621 4526 locuti
1649 4487 1760 4528 non
1791 4481 1922 4529 sunt

2092 3472 2181 3544 ιβ’.
2222 3469 2297 3523 06
2331 3465 2596 3539 βασιλέων
2626 3465 2746 3519 ἐστί
2794 3463 3105 3538 νομοθετεῖν
3146 3465 3214 3535 τῇ
3275 3461 3595 3534 ’ὒικλησία

2021 3564 2086 3620 Τί
2115 3578 2279 3635 φησιν
2309 3560 2338 3614 6
2368 3556 2508 3624 θεῖος
2540 3555 2901 3624 Ἀπόστολοςς
2937 3575 2956 3608 ι
2986 3554 3100 3610 Kal.
3141 3552 3236 3620 οὒς
3265 3556 3366 3628 μὶν
3391 3554 3544 3610 ἔθετο
3571 3558 3599 3611 ὸ

2021 3659 2155 3727 Θεὸς
2184 3660 2243 3713 ἐν
2263 3656 2329 3726 τῇ
2371 3648 2670 3723 Ἐκκλησία
2695 3665 2708 3679 ·
2745 3648 2987 3722 πρῶτον,
3039 3647 3379 3711 ἁποστολόυς
3403 3663 3420 3679 ο
3476 3647 3600 3701 δεύ-

2022 3767 2201 3823 τερον,
2239 3745 2525 3819 προφήτας
2541 3759 2556 3775 °
2588 3742 2797 3813 τρίτον,
2816 3740 3086 3807 ποιμένας
3106 3740 3204 3794 καὶ
3219 3736 3595 3805 διδασκάλους,

2021 3842 2159 3912 πρὸς
2187 3839 2279 3893 τὸν
2303 3833 2681 3908 καταρτισμὸν
2709 3832 2808 3903 τῆς
2850 3830 3202 3902 Ἐκκλησίας.
3244 3849 3264 3884 ι
3297 3829 3407 3884 οὐκ
3443 3824 3587 3895 εἷπε,

2015 3924 2321 3997 βασιλεῖς.
2352 3924 2466 3978 Kal.
2496 3921 2661 3978 πάλιν
2684 3938 2699 3954 ο
2738 3941 2758 3975 ι
2801 3919 3064 3976 Πείθεσθε
3121 3921 3227 3984 τοῖς
3270 3918 3589 3989 ἡγουμένοις

2022 4019 2196 4091 ὑμῶν,
2233 4017 2327 4071 καὶ
2354 4014 2630 4069 ὑπείκετε.
2677 4012 2843 4067 Αύτοί
2889 4010 2999 4084 γὰρ
3046 4007 3408 4082 ἀγρυπνοῦσιν
3445 4007 3589 4081 ὑπὲρ

2019 4112 2128 4166 τῶν
2158 4109 2345 4182 ψυχῶν
2403 4106 2581 4179 ὑμῶν,
2629 4104 2707 4170 ὡς
2767 4103 2928 4173 λόγον
2982 4102 3375 4166 ἁποδώσοντεξ.
3411 4119 3431 4154 ι
3480 4099 3595 4155 Καὶ

2021 4198 2208 4267 αὖθιςο
2243 4220 2262 4253 ι
2300 4197 2693 4269 Μνημονεύετε
2754 4193 2867 4248 τῶν
2928 4192 3250 4265 ἡγουμένων
3302 4190 3491 4262 ὑμῶν,
3522 4189 3602 4243 οἵ·

2020 4311 2166 4358 τινες
2195 4293 2467 4362 ἐλάλησαν
2507 4290 2637 4361 ὑμῖν
2683 4286 2775 4341 τὸν
2814 4286 2993 4357 λόγον,
3038 4281 3116 4341 ὧν
3169 4282 3603 4354 ἀναθεωροῦντες

2023 4386 2125 4460 τὴν
2146 4384 2516 4457 ἀναστροφὴν,
2549 4379 2780 4453 ζηλοῦτε
2808 4379 2908 4452 τὴν
2959 4380 3163 4434 πίστιν.
3204 4395 3224 4431 ι
3253 4377 3370 4432 Οὐκ
3406 4374 3604 4446 ἐλάλη-

2028 4494 2130 4533 σαν
2161 4477 2293 4549 ἡμῖν
2323 4475 2414 4529 τὸν
2440 4473 2599 4542 λόγον
2631 4472 2681 4524 οἰ
2714 4467 2971 4542 βασιλεῖς,
3005 4467 3144 4524 ἀλλὰ
3185 4463 3479 4521 ἀπόστολοι
3510 4462 3606 4517 καὶ

344 4566 502 4620 vobis
537 4579 718 4634 reges,
748 4561 844 4617 sed
877 4561 1117 4632 apostoli
1144 4569 1200 4617 et
1228 4562 1527 4633 prophetae,
1557 4571 1914 4635 pastoresque

2022 4570 2323 4644 προφῆται,
2349 4565 2611 4638 ποιμένες
2663 4582 2722 4619 τε
2768 4564 2864 4617 καὶ
2920 4560 3255 4616 διδάσκαλοι.
3302 4556 3395 4629 Τῷ
3440 4554 3605 4610 Δαϐὶδ

344 4667 399 4711 et
424 4656 704 4710 doctores.
758 4652 897 4707 Cum
929 4650 1075 4707 Deus
1127 4652 1321 4708 Davidi
1350 4652 1419 4708 de
1448 4651 1613 4710 domo
1643 4654 1750 4710 sibi
1786 4654 1919 4710 aedi-

348 4745 562 4803 ficanda
608 4743 964 4814 injunxisset,
1030 4743 1111 4799 sic
1167 4744 1403 4814 posthac
1451 4761 1576 4800 eum
1637 4747 1920 4802 allocutus

346 4844 432 4894 est
464 4853 477 4890 :
511 4852 530 4888 ι
567 4830 686 4889 Non
739 4843 796 4888 tu
825 4832 1130 4888 aediﬁcabis
1187 4834 1320 4889 mihi
1360 4835 1609 4903 domum,
1659 4837 1792 4907 quia
1838 4836 1925 4891 vir

348 4925 677 4999 sanguinum
690 4939 749 4980 es
765 4925 833 4978 ".
848 4942 970 4976 ›-ι
982 4922 1212 4980 Reddite
1229 4927 1488 4983 omnibus
1501 4929 1706 4999 debita,
1726 4930 1926 4986 clama-

349 5023 442 5078 bat
473 5018 796 5093 Apostolus,
838 5017 930 5073 cui
961 5016 1253 5084 tributum,
1300 5019 1605 5090 tributum;
1638 5022 1726 5078 cni
1756 5023 1928 5079 vecti-

351 5114 436 5183 gal
456 5152 472 5180 ,
500 5109 758 5188 vectigal;
784 5108 871 5165 cui
897 5108 1174 5188 timorem,
1199 5107 1486 5177 timorem;
1514 5113 1604 5168 cui
1639 5112 1927 5180 honorem,

351 5181 714 5262 honorem“.
738 5202 857 5259 »Αὰ
897 5181 1262 5274 imperatores
1301 5213 1511 5275 spectat
1536 5215 1684 5261 recta
1719 5205 1802 5262 rei
1832 5221 1932 5276 pu-

352 5297 510 5351 blicae
532 5294 941 5355 administratio
964 5312 977 5349 :
1002 5292 1265 5351 Ecclesiae
1295 5295 1564 5367 regimen,
1583 5296 1651 5352 ad
1681 5304 1931 5367 pastores

353 5396 410 5442 et
423 5387 700 5443 doctores.
733 5385 1019 5458 Ejusmodi
1050 5385 1263 5443 invasio
1292 5387 1642 5442 latrocinium
1672 5394 1781 5454 est,
1815 5386 1927 5441 fra-

355 5487 489 5534 tres.
521 5478 661 5533 Cum
716 5478 989 5535 Samuelis
1024 5478 1253 5549 pallium
1300 5479 1558 5535 scidisset
1602 5479 1761 5548 Saul,
1793 5478 1928 5550 quid

354 5568 406 5624 ei
435 5568 720 5639 contigit?
752 5569 1003 5642 Regnum
1035 5569 1213 5639 ipsius
1246 5568 1486 5627 abscidit
1531 5568 1696 5637 Deus,
1737 5577 1795 5627 et
1825 5570 1928 5627 ho-

2026 4661 2406 4732 ἐντειλὰμενος
2461 4661 2490 4713 6
2543 4657 2677 4721 Θεὸς
2708 4655 3066 4726 οἰκοδομῆσαι
3118 4649 3268 4722 αὐτῷ
3294 4646 3466 4711 οἷκον,
3499 4647 3604 4717 ἔφη

2027 4754 2165 4827 πρὸς
2198 4753 2380 4819 αὑτὸν,
2441 4751 2523 4805 ὅτι
2586 4769 2605 4802 ι
2639 4749 2754 4802 Οὐκ
2789 4746 3166 4817 οἰκοδομήσεις
3210 4760 3301 4815 μοι
3341 4741 3407 4795 σὺ
3436 4735 3603 4800 οἶκον,

2028 4845 2216 4917 ἐπειδὴ
2246 4844 2386 4916 ἁνὴρ
2417 4841 2666 4914 αἱμάτων
2705 4842 2768 4896 σὺ
2821 4834 2892 4894 εἳ.
2935 4858 2956 4892 ι
2988 4867 3059 4880 -
3098 4854 3118 4890 ι
3171 4834 3428 4892 Ἀπόδοτε
3471 4832 3609 4885 πᾶσι

2029 4938 2130 5002 τὰς
2161 4935 2403 5007 ὀφειλάς,
2434 4936 2464 4987 6
2501 4933 2822 4997 Ἀπόστολος
2857 4931 3207 5003 ἁνακέκραγε
3250 4926 3484 4990 Παῦλος,
3529 4921 3612 4994 τῷ

2031 5029 2135 5099 τὴν
2161 5026 2348 5098 τιμὴν,
2412 5026 2512 5096 τὴν
2561 5024 2728 5096 τιμήν
2749 5040 2764 5055 ·
2816 5021 2897 5094 τῷ
2925 5022 3019 5076 τὸν
3048 5020 3232 5092 φόϐον,
3265 5019 3355 5073 τὸν
3394 5014 3558 5086 φόϐον
3591 5030 3614 5047 ⁸

2034 5117 2111 5191 τῷ
2158 5119 2250 5174 τὸν
2293 5117 2480 5189 φόρον,
2515 5116 2607 5168 τὸν
2633 5114 2798 5185 φόρον
2825 5129 2841 5145 ο
2870 5113 2950 5185 τῷ
2985 5113 3048 5166 τὸ
3069 5113 3243 5177 τέλος,
3276 5109 3339 5166 τὸ
3374 5107 3549 5171 τέλος.
3586 5124 3609 5158 ι

2036 5209 2313 5265 Βασιλέων
2338 5208 2485 5261 ἐστὶν
2511 5209 2546 5276 ή
2571 5204 2822 5275 πολιτικὴ
2843 5202 3113 5275 εὐπραξία
3135 5219 3149 5233 ⁸
3179 5203 3214 5273 ἡ
3241 5201 3299 5255 δέ
3324 5198 3619 5268 ἐκκλησια-

2038 5301 2200 5372 στικὴ
2232 5301 2594 5361 κατάστασις,
2635 5296 2911 5368 ποιμένων
2952 5296 3049 5348 καὶ
3107 5286 3468 5348 διδασκάλων.
3504 5289 3629 5359 An-

2036 5388 2234 5460 στρικὴ
2279 5384 2469 5457 ἐφοδός
2519 5386 2669 5438 ἐστιν
2724 5383 2890 5455 αὕτη,
2944 5382 3183 5453 ἀδελφοί.
3227 5383 3285 5435 ὐ
3334 5377 3508 5433 Σαοὺλ
3548 5375 3622 5429 τὸ

2036 5478 2253 5551 ἱμάτιον
2326 5475 2514 5547 ἔσχισε
2557 5473 2653 5527 τοῦ
2721 5473 2995 5546 Σαμουὴλ,
3058 5473 3156 5528 καὶ
3215 5473 3269 5526 τί
3309 5464 3622 5532 πέπονθενς

2038 5568 2262 5639 Ἐσχισε
2284 5565 2384 5637 τὴν
2411 5565 2686 5637 βασιλείαν
2708 5565 2876 5620 αὐτοῦ
2900 5566 2930 5619 6
2956 5565 3110 5631 Θεὸς,
3142 5563 3236 5620 καὶ
3255 5561 3488 5619 δέδωκεν
3515 5553 3629 5613 αὖ·

424 5747 476 5779 "
502 5748 520 5799 ι
549 5743 677 5801 Cor.
716 5760 811 5807 xu.
846 5746 938 5802 28.
1012 5748 1058 5834 _'_’
1089 5744 1255 5804 Hebr.
1280 5762 1404 5815 xm,
1438 5747 1525 5804 Π.
1602 5747 1649 5837 ξ·
1676 5746 1813 5805 ibid.
1849 5748 1901 5805 7.
1973 5748 2072 5838 f'I
2105 5747 2231 5805 Par.
2264 5765 2459 5818 xxvm.
2497 5751 2552 5807 '5.
2630 5749 2693 5837 ﬁ“
2719 5746 2878 5805 Rom.
2910 5757 3030 5815 xm,
3061 5742 3116 5799 ’7.
