4074 6146
448 283 574 348 1317
1557 299 1654 358 DE
1692 299 2057 362 IMAGINIB‘

2100 302 2151 361 'S
2179 299 2459 360 ORATIO
2480 292 2578 358 ΙΙΙ
3553 311 3709 375 1318

413 399 674 467 articuli,
717 421 735 454 ι
763 397 916 458 Οἶδα.
964 406 1112 477 Πλὴν
1162 404 1251 461 τὸν
1287 407 1421 478 ἐμὶν
1468 411 1698 482 ποιητὴν
1737 411 2012 484 ἐπιώρκη-

2121 431 2140 465 ι
2177 412 2295 466 Νοιι
2348 414 2563 482 ignoro.
2595 405 2870 465 Caeterum
2899 410 3164 472 factorem
3197 434 3376 476 meum
3410 423 3650 496 pejeravi
3687 470 3703 490 ,

435 511 503 546 σα
524 511 537 523 ⁸
575 493 670 548 σοῦ
697 495 754 549 δὲ
779 496 880 549 οὐκ
905 496 1109 554 ἀκούω.
1143 518 1163 551 ι

2111 505 2211 558 tibi
2245 519 2378 559 vero
2416 519 2524 557 non
2561 500 2834 558 ausculto.
2889 526 2907 559 ι

503 590 686 657 Σχόλ.
729 589 913 665 Ὁρᾷς,
949 591 1051 646 ὅτι.

2184 595 2478 652 Comment.
2513 592 2680 648 Vides
2710 597 2887 665 quod,
2919 608 3027 654 etc.

497 680 716 736 Πολλῶν
745 661 948 751 τοίνυν,
974 702 1028 738 κ.
1050 702 1100 738 τ.
1128 685 1176 740 ὲ.

2180 687 2318 742 Cum
2359 687 2544 756 itaque
2575 661 2756 752 multi,
2795 661 2903 742 etc.

501 773 570 826 Ei’
598 791 684 838 τις
710 774 965 842 εἰσέλθοι,
999 794 1052 830 κ.
1083 794 1136 830 τ.
1168 778 1215 830 ἑ.

2179 777 2335 842 Quod
2375 777 2420 832 si
2450 775 2574 844 quis
2604 775 2852 843 domum,
2885 789 2988 834 ctc.

495 865 588 919 Διὸ
619 866 1002 938 δυσωποῦμεν,
1031 884 1084 921 κ.
1119 883 1170 920 τ.
1200 867 1245 919 ἑ.

2181 868 2553 923 Obsecramus
2586 866 2792 938 itaque,
2834 879 2940 924 etc.

458 1089 783 1106 ’.Μαι-.-

855 1258 1084 1344 ΤΟΥ
1169 1255 1511 1346 ᾹΓΙΟΥ
1582 1259 2084 1345 ΙΩΑΝΝΟΥ
2155 1259 2382 1343 ΤΟΥ
2477 1254 3250 1345 ΔΑΜΑΣΚΗΝΟΥ

1778 1446 2003 1500 ΛΟΓΟΣ
2057 1445 2307 1500 ΤΡΙΤΟΣ

1156 1603 1354 1656 ΠΡΟΣ
1391 1603 1578 1655 ΤΟΥΣ
1613 1603 2171 1658 ΔΙΑΒΑΛΛΟΝΤΑΣ
2207 1605 2343 1658 ΤΑΣ
2359 1603 2568 1656 ΑΓΙΑΣ
2596 1603 2934 1657 ΕΙΚΟΝΑΣ.

1993 1782 2070 1798 -

1055 1947 1180 2066 s.
1302 1947 1990 2064 JOANNIS
2113 1905 3044 2064 DAMASCENI

1846 2172 2110 2230 ORATIO
2139 2173 2207 2228 Ill

983 2333 1383 2399 ADVERSUS
1455 2334 1598 2398 EOS
1670 2335 1806 2408 QUI
1875 2334 2160 2396 SACRAS
2225 2331 2600 2397 IMAGINES
2677 2327 3098 2391 ABJICIU'NT.

1987 2509 2060 2525 —

480 2631 552 2686 α’.
585 2630 747 2694 Ἐθος
773 2630 894 2684 ἐστὶ
921 2629 1001 2701 τῷ
1030 2631 1261 2704 πονηρῷ
1291 2633 1386 2686 καὶ
1412 2633 1708 2705 ἀρχεκάκῳ
1735 2634 1878 2704 ὄφει,
1908 2634 1985 2705 τῷ
2020 2643 2060 2697 Β

2052 2649 2060 2694 ι
2156 2633 2234 2688 Ea
2271 2641 2358 2690 est
2397 2629 2670 2701 serpentis
2705 2628 2944 2697 improbi
2975 2628 3338 2700 omniumque
3391 2630 3661 2686 malorum

411 2721 642 2791 διαϐόλῳ
669 2721 834 2791 φημὶ,
866 2720 1223 2790 πολυτρόπως
1255 2724 1512 2794 πολεμεῖν
1541 2725 1618 2794 τῷ
1655 2727 1773 2778 κατ’
1803 2725 1984 2778 εἰκόνα

2087 2725 2399 2789 architecti,
2427 2721 2632 2776 diaboli
2669 2721 2908 2784 scilicet,
2946 2722 3312 2789 consuetudo,
3347 2728 3406 2775 ut
3437 2722 3501 2777 ad
3527 2725 3663 2777 ima-

410 2813 546 2866 Θεοῦ
577 2812 1082 2883 πλαστουργηθέντι
1115 2812 1390 2884 ἀνθρώπῳ
1430 2816 1526 2868 καὶ
1554 2815 1641 2870 διά
1671 2817 1782 2869 τῶν
1820 2817 1978 2870 ἐναν-

2085 2817 2267 2886 ginem
2306 2812 2397 2867 Dei
2449 2812 2744 2867 formatum
2798 2810 3078 2865 hominem
3132 2811 3298 2868 nullis
3329 2829 3437 2867 non
3487 2829 3664 2884 oppu-

409 2902 540 2956 τίων
571 2903 662 2957 τὸν
713 2900 877 2955 αὑτοῦ
907 2901 1344 2973 κατεργάζεσθαι
1386 2904 1636 2959 θάνατον.
1671 2906 1848 2969 Εὐθὺς
1882 2905 1983 2976 μὲν

2086 2917 2214 2977 gnet
2247 2904 2475 2979 modis,
2508 2916 2619 2972 quo
2666 2907 2896 2956 mortem
2946 2901 3056 2971 ipsi
3099 2904 3394 2959 contrariis
3447 2906 3660 2960 artibus

366 3049 368 3052 ,
409 2993 520 3062 γὰρ
544 2995 602 3046 ἐν
641 2994 806 3064 ἀρχῇ,
839 2993 1033 3046 ἐλπίδα
1066 2994 1162 3047 καὶ
1209 2993 1510 3065 ἐπιθυμίαν
1544 2994 1794 3060 θεώσεως
1833 2995 1975 3066 αὐτῷ

2083 2999 2305 3054 inferat.
2341 2997 2540 3052 Statim
2573 2996 2779 3065 quippe
2808 2995 2864 3050 in
2895 2996 3132 3066 ipsomet
3189 3015 3372 3054 rerum
3429 3002 3658 3055 exordio

407 3087 774 3155 ἕσπειρε,’καὶ
797 3086 863 3139 δι’
883 3085 1055 3156 αὐτῆς
1089 3087 1168 3149 εἰς
1199 3086 1291 3140 τὸν
1321 3086 1431 3140 τῶν
1460 3087 1670 3156 ἀλόγων
1697 3089 1978 3159 κατήγαγε

2081 3105 2232 3161 spem
2268 3089 2344 3144 illi
2387 3087 2861 3159 cupiditatemque
2909 3088 3216 3144 divinitatis
3273 3093 3660 3163 comparandae

408 3176 659 3230 θάνατον.
714 3177 790 3230 Οὐ
829 3176 961 3247 μὴν,
999 3177 1137 3230 ἀλλὰ
1185 3178 1281 3230 καὶ
1312 3178 1566 3248 αἰσχραῖς
1619 3179 1714 3231 καὶ
1761 3179 1979 3248 ἀλόγοις

2081 3182 2396 3254 inspiravit,
2453 3196 2552 3251 per
2607 3195 2772 3250 quam
2833 3179 2888 3233 in
2947 3179 3231 3234 brutorum
3295 3186 3655 3237 animantium

407 3269 624 3340 ἡδοναῖς
660 3267 924 3330 πολλάκις
955 3268 1119 3321 αὐτὸν
1149 3267 1406 3324 ὲδελέασε
1425 3283 1438 3297 ·
1475 3268 1642 3325 πόσον
1672 3269 1730 3322 δὲ
1769 3270 1831 3322 τὸ
1861 3270 1976 3324 διά-

2079 3283 2310 3329 mortem
2346 3273 2528 3344 ipsum
2560 3271 2829 3341 pertraxit
2855 3289 2868 3324 :
2898 3270 3032 3339 quin
3061 3271 3263 3341 saepius
3286 3272 3449 3326 etiam
3480 3276 3655 3341 turpi-

409 3376 630 3431 μετρον,
662 3357 909 3423 θιώσεως
943 3359 1038 3412 καὶ
1069 3359 1269 3428 ἀλόγου
1296 3359 1634 3431 ὲπιθυμίας;
1679 3362 1821 3415 Ποτὲ
1855 3361 1974 3432 μὲν,

2077 3365 2185 3420 bus
2219 3366 2395 3427 illum,
2431 3364 2800 3434 helluinisque
2855 3361 3233 3432 voluptatibus
3269 3362 3465 3417 illexit.
3507 3362 3652 3417 Proh

406 3452 486 3512 εἰς
546 3451 816 3518 ἀθεότητα
892 3453 1102 3522 ἦγαγε,
1163 3451 1346 3515 καθώς
1389 3468 1555 3522 φησιν
1603 3453 1632 3505 ὁ
1678 3453 1975 3524 Θεοπάτωρ

2076 3456 2369 3511 immanem
2411 3453 2736 3508 distantiam
2777 3451 2940 3524 345
2975 3451 3316 3510 divinitatem
3349 3454 3512 3520 inter,
3541 3455 3654 3509 hel-

404 3543 595 3597 Δαϐίδ’
635 3562 656 3597 ι
683 3541 852 3598 Εἶπεν
891 3544 1085 3614 ἄφρων
1131 3545 1186 3597 ἐν
1229 3543 1429 3614 καρδίᾳ
1469 3543 1655 3609 αὐτοῦ,
1697 3544 1813 3598 Οὐκ
1855 3544 1973 3597 ἐστι

2074 3545 2396 3615 luinamque
2437 3543 2758 3597 libidinem!
2791 3543 3103 3612 Aliquando
3147 3545 3367 3614 quidem
3401 3559 3466 3600 eo
3494 3546 3646 3599 illum

403 3635 537 3698 Θεός
559 3650 571 3663 ·
602 3653 624 3688 ο
663 3635 791 3688 ποτὲ
815 3635 898 3701 δὲ,
923 3636 1004 3698 είς
1027 3633 1323 3686 πολυθεΐαν
1346 3651 1359 3664 ο
1394 3634 1488 3687 καὶ
1517 3633 1650 3688 ποτὲ
1678 3634 1802 3704 μὲν,
1835 3636 1971 3705 μηδὲ

2073 3636 2322 3699 adduxit,
2357 3643 2416 3689 ut
2455 3633 2626 3689 Deum
2659 3634 2976 3703 abnegarct.
3010 3632 3102 3687 Ait
3129 3635 3274 3689 enim
3312 3633 3406 3690 Dei
3449 3650 3651 3704 parens

401 3726 478 3798 τῷ
509 3725 671 3794 φύσει
695 3728 1021 3796 προσκυνεῖν
1053 3724 1174 3794 Θεῷ
1203 3725 1412 3789 ἔπεισε,
1449 3709 1582 3779 ποτε
1607 3725 1663 3778 δὲ
1694 3726 1966 3796 δαίμοσιν.

2074 3727 2242 3783 David
2269 3746 2283 3782 :
2311 3725 2464 3780 Dixit
2486 3725 2734 3791 insipiens
2765 3725 2822 3778 in
2853 3725 3006 3780 corde
3025 3742 3121 3780 suo
3139 3741 3162 3780 :
3187 3724 3310 3779 Non
3333 3735 3409 3780 est
3445 3726 3579 3780 Deus
3599 3727 3643 3781 ".

406 3819 527 3872 Ἔτι
558 3818 615 3871 δὲ
648 3818 742 3870 καὶ
771 3817 984 3888 οὐρανῷ
1007 3835 1065 3870 τε
1089 3816 1184 3870 καὶ
1212 3816 1472 3888 γῇ,ςήλίῳ
1510 3817 1604 3870 καὶ
1641 3817 1838 3888 σελήνῃ
1875 3818 1968 3870 καὶ

2071 3823 2208 3877 Tum
2259 3835 2412 3886 vero,
2450 3828 2511 3875 ut
2557 3821 2745 3888 plures
2798 3819 2935 3874 deos
2993 3821 3228 3882 coleret;
3267 3829 3434 3890 atque
3475 3819 3645 3874 inter-

399 3909 652 3980 ἀστράσι,
694 3909 788 3963 καὶ
818 3911 884 3980 τῇ
917 3908 1080 3978 λοιπῇ
1113 3907 1308 3972 κτίσει,
1340 3907 1504 3978 μέχρι
1544 3907 1833 3962 κνωδάλων
1872 3908 1964 3960 καὶ
1999 3975 2008 3980 Α

2069 3908 2220 3972 dum,
2251 3915 2310 3962 ut
2339 3924 2410 3963 ne
2437 3907 2656 3978 quidem
2687 3907 2790 3970 illi,
2822 3907 2914 3976 qui
2951 3917 3142 3977 suapte
3176 3916 3372 3962 natura
3395 3908 3540 3962 Deus
3561 3917 3645 3962 est

400 4000 644 4073 ἑρπετῶν
700 4000 1025 4068 προσκυνεῖν
1079 3995 1512 4066 παρεσκεύασεν.
1574 3997 1805 4066 Ὁμοίως
1854 3974 2009 4069 γάρ(

2031 3978 2033 4027 ἶ
2066 4001 2398 4071 procideret,
2434 3998 2747 4070 persuasit;
2787 3997 3060 4053 interdum
3096 4007 3154 4053 ut
3184 4000 3461 4055 daemones
3490 4000 3640 4070 ipsos

397 4093 513 4144 ἐστι
543 4089 794 4160 χαλεπὸν,
839 4089 1028 4142 καὶτὸ
1079 4090 1192 4151 τοῖς
1235 4087 1436 4157 τιμίοις
1463 4086 1561 4158 τὴν
1607 4087 1962 4160 ὀφειλομένην

2062 4091 2336 4156 adoraret,
2365 4100 2476 4144 tum
2505 4091 2668 4144 etiam
2701 4096 2760 4143 ut
2783 4089 2982 4144 coelum
3029 4098 3084 4144 et
3121 4101 3344 4153 terram,
3374 4090 3544 4144 solem
3586 4101 3637 4144 et

398 4181 474 4253 μὴ
499 4181 800 4252 προσάγειν
820 4179 1006 4251 τιμὴν,
1038 4178 1133 4232 καὶ
1165 4181 1277 4242 τοῖς
1302 4177 1518 4248 ἀτίμοις
1548 4178 1646 4247 τὴν
1690 4177 1762 4248 μὴ
1791 4195 1962 4247 προσ-

2065 4185 2274 4248 lunam,
2311 4191 2366 4236 et
2398 4183 2612 4244 stellas,
2655 4195 2872 4236 omnem
2905 4181 3142 4248 denique
3181 4187 3510 4243 creaturam,
3542 4195 3636 4234 nc-

392 4275 633 4345 ήγ.ουσαν
671 4271 1008 4343 προσάπτειν
1047 4269 1205 4335 δόξαν
1239 4270 1282 4324 ί.
1320 4269 1383 4321 Ἢ
1417 4269 1474 4322 δὲ
1513 4267 1752 4339 ἀλήθεια
1785 4270 1960 4339 μέσην

2059 4291 2334 4346 quaquam
2386 4274 2634 4346 exceptis
2665 4272 3042 4326 animantibus
3077 4285 3142 4325 ac
3181 4270 3492 4340 reptilibus.
3525 4269 3631 4325 Ne-

391 4365 508 4418 ὸδὸν
538 4362 853 4432 βαδίζουσα,
883 4361 1062 4416 πάντα
1093 4361 1421 4430 ἀπαρνεῖται
1449 4359 1519 4413 τὰ
1539 4361 1750 4415 ἄτοπαο
1783 4360 1845 4432 [ιι
1865 4359 1958 4414 καὶ

2057 4381 2166 4434 que
2199 4364 2345 4420 enim
2376 4362 2666 4419 dissimilis
2697 4361 2886 4430 ﬂagitii
2911 4368 3021 4424 est,
3057 4360 3321 4414 honorem
3345 4359 3479 4427 illis,
3512 4376 3633 4430 qua:

390 4455 631 4510 διδάσκει
669 4453 764 4506 ἕνα
809 4453 944 4508 Θεὸν
970 4453 1272 4523 ὁμολογεῖν,
1323 4451 1451 4521 μίαν
1486 4451 1648 4522 φύσιν
1679 4453 1735 4504 ἐν
1780 4453 1959 4523 τρισὶν

2056 4471 2122 4509 eo
2152 4455 2315 4524 digna
2355 4459 2509 4515 sunt,
2543 4465 2769 4521 negare,
2811 4458 2977 4518 atque
3020 4449 3225 4504 nullius
3259 4449 3417 4520 pretii
3444 4451 3629 4518 rebus,

391 4544 746 4610 ὑποστάσεσι,
779 4543 976 4613 Πατρὶ,
1022 4543 1118 4595 καὶ
1165 4541 1302 4611 Υἱῷ,
1329 4543 1423 4595 καὶ
1452 4542 1594 4612 ἁγίῳ
1641 4542 1954 4614 Πνεύματι·

2057 4546 2284 4600 minime
2338 4543 2753 4598 convenientem
2782 4541 3246 4611 immodicamque
3271 4541 3525 4613 gloriam.
3565 4543 3630 4598 Λι

389 4637 488 4707 τὴν
514 4635 572 4688 δὲ
603 4632 827 4695 κακίαν,
863 4632 963 4685 οὐκ
980 4632 1194 4694 οὐσίαν,
1227 4631 1364 4685 ἀλλὰ
1391 4631 1739 4701 συμϐεϐηκός
1768 4648 1952 4702 φησιν,

2056 4637 2282 4700 veritas,
2331 4633 2508 4688 media
2547 4633 2816 4689 incedens
2860 4632 2972 4696 via,
3013 4631 3250 4686 absurda
3285 4648 3514 4704 qumque
3544 4650 3630 4690 re-

389 4725 599 4781 ἒννοιάν
629 4741 768 4786 τινα,
809 4725 904 4776 καὶ
933 4724 1111 4791 λόγον,
1138 4722 1233 4776 καὶ
1261 4721 1460 4791 πρᾶξιν
1492 4721 1641 4793 παρὰ
1669 4721 1760 4775 τὸν
1791 4722 1955 4792 νόμον

2057 4725 2278 4796 probat,
2324 4722 2640 4794 [docetque,
2689 4730 2750 4777 ut
2793 4719 2961 4776 Deum
3019 4737 3190 4776 unum
3232 4721 3628 4787 conﬁteamur;

389 4819 479 4872 τοῦ
505 4817 666 4885 Θεοῦ,
697 4817 754 4870 ἐν
785 4816 862 4886 τῷ
891 4813 1212 4881 ἐννοεῖσθαι,
1234 4813 1330 4866 καὶ
1353 4812 1626 4881 λέγεσθαι,
1651 4813 1746 4865 καὶ
1778 4812 1954 4883 πρόιτ-

2055 4824 2504 4871 naturam'unam
2537 4815 2592 4868 in
2625 4814 2806 4869 tribus
2837 4814 3115 4882 personis,
3135 4811 3303 4869 Patre
3327 4824 3382 4868 et
3404 4812 3545 4870 Filio
3574 4824 3629 4869 ιιι

389 4907 598 4974 τεσθαι,
626 4909 725 4980 τὴν
771 4906 1010 4978 ὕπαρξιν
1047 4905 1300 4976 ἔχουσαν,
1331 4905 1426 4956 καὶ
1478 4904 1596 4973 ἅμα
1628 4901 1706 4972 τῷ
1741 4902 1954 4956 παύσαο

2057 4907 2263 4978 Spiritu
2315 4916 2506 4962 sancto
2543 4926 2555 4961 :
2589 4907 2793 4960 malum
2825 4913 3005 4961 autem
3035 4906 3334 4961 essentiam
3367 4907 3627 4962 substan~

387 4999 511 5052 σθαι
537 4999 964 5070 ἀφανιζομένην.
1003 4997 1125 5050 Ἔτι
1175 4995 1234 5049 δὲ
1268 4995 1364 5049 καὶ
1391 4993 1484 5047 τὸν
1534 4993 1630 5046 ἕνα
1667 4992 1766 5061 τῆς
1793 4993 1952 5061 ἁγίας

2052 4997 2254 5050 tiamve
2282 5011 2391 5050 non
2425 5010 2567 5059 esse,
2605 4994 2700 5050 sed
2743 4995 3002 5050 accidens
3053 5010 3284 5062 merum,
3323 5005 3450 5064 puta
3473 4997 3625 5065 cogi-

395 5092 612 5162 Γριὰδος
634 5092 725 5144 τὸν
755 5090 1011 5161 Χριστὸν,
1043 5087 1137 5142 δύο
1169 5089 1362 5158 φύσεις
1393 5084 1671 5157 κηρύττει,
1695 5083 1792 5136 καὶ
1825 5083 1951 5153 μίαν

2053 5086 2316 5142 tationem
2343 5085 2664 5157 quamdam,
2696 5101 3124 5154 sermonemque
3147 5093 3201 5139 et
3239 5085 3508 5139 actionem
3535 5085 3622 5139 di-

387 5183 726 5254 ὖπόστασιν.]
758 5172 896 5235 ’Ἀλλ’
941 5186 969 5237 ὁ
1007 5182 1108 5253 τῆς
1165 5179 1424 5252 ἀληθείας
1459 5176 1670 5249 ἐχθρὸς,
1707 5177 1800 5230 καὶ
1851 5175 1949 5242 τῆς

2050 5178 2193 5232 vina;
2237 5179 2342 5248 legi
2375 5176 2734 5242 contrariam,
2773 5191 2876 5231 nec
2908 5175 3015 5230 nisi
3049 5176 3104 5230 in
3135 5190 3199 5230 eo
3237 5175 3382 5244 quod
3415 5176 3618 5242 cogita-

387 5275 659 5344 σωτηρίας
681 5273 787 5326 τῶν
816 5274 1119 5344 ἀνθρώπων
1152 5272 1430 5344 πολέμιος,
1458 5271 1486 5324 ό
1524 5269 1654 5323 ποτὲ
1679 5265 1950 5336 δαιμόνων

2051 5273 2163 5332 tur,
2194 5266 2398 5321 dicitur
2423 5273 2476 5320 et
2508 5265 2712 5336 agitur,
2749 5263 2957 5320 habens
2993 5273 3049 5317 ut
3101 5265 3351 5327 exsistat,
3375 5269 3428 5318 et
3455 5263 3618 5316 simul

465 5449 490 5483 ν
511 5451 668 5508 Ρεοι..
689 5467 784 5520 ιιι,
819 5453 868 5506 1.

1669 5609 1899 5669 VARIIE
1935 5607 2335 5666 LECTIONES.

455 5713 473 5749 ί
510 5712 664 5768 Colb.
714 5709 897 5778 τιμήν.
977 5719 1002 5746 υ
1036 5703 1161 5762 Haec
1185 5703 1464 5762 adduntur
1493 5711 1548 5765 in
1585 5704 1712 5761 cod.
1750 5701 1905 5760 Colb.
1946 5701 2135 5757 forsan
2172 5697 2486 5755 necessaria
2519 5711 2625 5754 non
2651 5696 2993 5754 videbuntur.
