  <div class='ocr_page' id='page_1' title='image "/cluster/home/n/w/nwhite01/storage/ocr_20150623/94/mdp.39015008918610/667.png"; bbox 0 0 4074 6146; ppageno 0'>
   <div class='ocr_carea' id='block_1_1' title="bbox 502 308 648 371">
    <p class='ocr_par' dir='ltr' id='par_1_1' title="bbox 502 308 648 371">
     <span class='ocr_line' id='line_1_1' title="bbox 502 308 648 371; baseline 0.034 -5"><span class='ocrx_word' id='word_1_1' title='bbox 502 308 648 371; x_wconf 63' lang='lat' dir='ltr'><strong>I349</strong></span> 
     </span>
    </p>
   </div>
   <div class='ocr_carea' id='block_1_2' title="bbox 1648 276 2555 362">
    <p class='ocr_par' dir='ltr' id='par_1_2' title="bbox 1648 276 2555 362">
     <span class='ocr_line' id='line_1_2' title="bbox 1648 276 2555 362; baseline 0.01 -9"><span class='ocrx_word' id='word_1_2' title='bbox 1648 276 2085 362; x_wconf 60' lang='lat' dir='ltr'><strong>sJoaums</strong></span> <span class='ocrx_word' id='word_1_3' title='bbox 2117 301 2555 362; x_wconf 80' lang='lat' dir='ltr'><strong>DAMASCENI</strong></span> 
     </span>
    </p>
   </div>
   <div class='ocr_carea' id='block_1_3' title="bbox 3619 302 3756 370">
    <p class='ocr_par' dir='ltr' id='par_1_3' title="bbox 3619 302 3756 370">
     <span class='ocr_line' id='line_1_3' title="bbox 3619 302 3756 370; baseline 0.029 -4"><span class='ocrx_word' id='word_1_4' title='bbox 3619 302 3756 370; x_wconf 72' lang='lat'><strong>1320</strong></span> 
     </span>
    </p>
   </div>
   <div class='ocr_carea' id='block_1_4' title="bbox 487 413 2076 485">
    <p class='ocr_par' dir='ltr' id='par_1_4' title="bbox 487 414 2076 485">
     <span class='ocr_line' id='line_1_4' title="bbox 487 414 2076 485; baseline -0.005 -8"><span class='ocrx_word' id='word_1_5' title='bbox 487 437 554 478; x_wconf 81' lang='lat' dir='ltr'><strong>ac</strong></span> <span class='ocrx_word' id='word_1_6' title='bbox 604 429 790 479; x_wconf 84' lang='lat' dir='ltr'><strong>cessat</strong></span> <span class='ocrx_word' id='word_1_7' title='bbox 874 421 1042 482; x_wconf 89' lang='lat' dir='ltr'><strong>actio,</strong></span> <span class='ocrx_word' id='word_1_8' title='bbox 1107 417 1162 472; x_wconf 83' lang='lat' dir='ltr'><strong>in</strong></span> <span class='ocrx_word' id='word_1_9' title='bbox 1240 415 1473 470; x_wconf 79' lang='lat' dir='ltr'><strong>nihilum</strong></span> <span class='ocrx_word' id='word_1_10' title='bbox 1564 414 1776 468; x_wconf 85' lang='lat' dir='ltr'><strong>abiens.</strong></span> <span class='ocrx_word' id='word_1_11' title='bbox 1849 414 2076 485; x_wconf 87' lang='lat' dir='ltr'><strong>Insuper</strong></span> 
     </span>
    </p>
   </div>
   <div class='ocr_carea' id='block_1_5' title="bbox 2170 413 3757 485">
    <p class='ocr_par' dir='ltr' id='par_1_5' title="bbox 2182 413 3757 485">
     <span class='ocr_line' id='line_1_5' title="bbox 2182 413 3757 485; baseline 0.004 -18"><span class='ocrx_word' id='word_1_12' title='bbox 2182 415 2276 468; x_wconf 76' lang='grc' dir='ltr'>καὶ</span> <span class='ocrx_word' id='word_1_13' title='bbox 2308 415 2524 468; x_wconf 86' lang='grc' dir='ltr'>ἀσεϐῶν</span> <span class='ocrx_word' id='word_1_14' title='bbox 2555 413 2880 485; x_wconf 81' lang='grc' dir='ltr'>ἀνθρώπων,</span> <span class='ocrx_word' id='word_1_15' title='bbox 2901 415 2996 468; x_wconf 74' lang='grc' dir='ltr'><strong>καὶ</strong></span> <span class='ocrx_word' id='word_1_16' title='bbox 3023 416 3304 482; x_wconf 81' lang='grc' dir='ltr'>πετεινῶν,</span> <span class='ocrx_word' id='word_1_17' title='bbox 3323 415 3420 468; x_wconf 76' lang='grc' dir='ltr'>καὶ</span> <span class='ocrx_word' id='word_1_18' title='bbox 3449 416 3757 485; x_wconf 80' lang='grc' dir='ltr'><strong>κνωδάλων,</strong></span> 
     </span>
    </p>
   </div>
   <div class='ocr_carea' id='block_1_6' title="bbox 493 508 2076 578">
    <p class='ocr_par' dir='ltr' id='par_1_6' title="bbox 493 508 2076 578">
     <span class='ocr_line' id='line_1_6' title="bbox 493 508 2076 578; baseline -0.006 -8"><span class='ocrx_word' id='word_1_19' title='bbox 493 515 779 570; x_wconf 75' lang='lat' dir='ltr'><strong>Christum</strong></span> <span class='ocrx_word' id='word_1_20' title='bbox 805 512 871 567; x_wconf 89' lang='lat' dir='ltr'><strong>de</strong></span> <span class='ocrx_word' id='word_1_21' title='bbox 899 510 1172 564; x_wconf 86' lang='lat' dir='ltr'><strong>Trinitate</strong></span> <span class='ocrx_word' id='word_1_22' title='bbox 1205 523 1374 564; x_wconf 91' lang='lat' dir='ltr'><strong>unum</strong></span> <span class='ocrx_word' id='word_1_23' title='bbox 1403 523 1548 571; x_wconf 87' lang='lat' dir='ltr'><strong>esse,</strong></span> <span class='ocrx_word' id='word_1_24' title='bbox 1593 508 1844 578; x_wconf 90' lang='lat' dir='ltr'><strong>duasque</strong></span> <span class='ocrx_word' id='word_1_25' title='bbox 1897 508 1954 562; x_wconf 93' lang='lat' dir='ltr'><strong>in</strong></span> <span class='ocrx_word' id='word_1_26' title='bbox 2008 522 2076 562; x_wconf 91' lang='lat' dir='ltr'><strong>eo</strong></span> 
     </span>
    </p>
   </div>
   <div class='ocr_carea' id='block_1_7' title="bbox 493 596 2073 670">
    <p class='ocr_par' dir='ltr' id='par_1_7' title="bbox 493 596 2073 670">
     <span class='ocr_line' id='line_1_7' title="bbox 493 596 2073 670; baseline -0.006 -9"><span class='ocrx_word' id='word_1_27' title='bbox 493 615 725 661; x_wconf 87' lang='lat' dir='ltr'><strong>naturas</strong></span> <span class='ocrx_word' id='word_1_28' title='bbox 773 610 826 657; x_wconf 90' lang='lat' dir='ltr'><strong>et</strong></span> <span class='ocrx_word' id='word_1_29' title='bbox 868 615 1031 655; x_wconf 88' lang='lat' dir='ltr'><strong>unam</strong></span> <span class='ocrx_word' id='word_1_30' title='bbox 1083 613 1378 670; x_wconf 86' lang='lat' dir='ltr'><strong>personam</strong></span> <span class='ocrx_word' id='word_1_31' title='bbox 1420 596 1744 670; x_wconf 77' lang='lat' dir='ltr'><strong>;pr:edicat.]</strong></span> <span class='ocrx_word' id='word_1_32' title='bbox 1789 598 1896 654; x_wconf 84' lang='lat' dir='ltr'><strong>Sed</strong></span> <span class='ocrx_word' id='word_1_33' title='bbox 1947 613 2073 652; x_wconf 93' lang='lat' dir='ltr'><strong>cum</strong></span> 
     </span>
    </p>
   </div>
   <div class='ocr_carea' id='block_1_8' title="bbox 487 687 2078 758">
    <p class='ocr_par' dir='ltr' id='par_1_8' title="bbox 487 687 2078 758">
     <span class='ocr_line' id='line_1_8' title="bbox 487 687 2078 758; baseline -0.006 -9"><span class='ocrx_word' id='word_1_34' title='bbox 487 695 738 750; x_wconf 85' lang='lat' dir='ltr'><strong>veritatis</strong></span> <span class='ocrx_word' id='word_1_35' title='bbox 787 691 1162 754; x_wconf 85' lang='lat' dir='ltr'><strong>adversarius,</strong></span> <span class='ocrx_word' id='word_1_36' title='bbox 1212 689 1612 758; x_wconf 84' lang='lat' dir='ltr'><strong>hominumque</strong></span> <span class='ocrx_word' id='word_1_37' title='bbox 1656 687 1856 742; x_wconf 89' lang='lat' dir='ltr'><strong>salutis</strong></span> <span class='ocrx_word' id='word_1_38' title='bbox 1891 687 2078 741; x_wconf 86' lang='lat' dir='ltr'><strong>inimi-</strong></span> 
     </span>
    </p>
   </div>
   <div class='ocr_carea' id='block_1_9' title="bbox 487 774 2078 854">
    <p class='ocr_par' dir='ltr' id='par_1_9' title="bbox 487 774 2078 854">
     <span class='ocr_line' id='line_1_9' title="bbox 487 774 2078 854; baseline -0.005 -14"><span class='ocrx_word' id='word_1_39' title='bbox 487 802 614 852; x_wconf 90' lang='lat' dir='ltr'><strong>cus,</strong></span> <span class='ocrx_word' id='word_1_40' title='bbox 646 801 752 839; x_wconf 89' lang='lat' dir='ltr'><strong>non</strong></span> <span class='ocrx_word' id='word_1_41' title='bbox 796 790 987 854; x_wconf 84' lang='lat' dir='ltr'><strong>gentes</strong></span> <span class='ocrx_word' id='word_1_42' title='bbox 1023 782 1334 847; x_wconf 75' lang='lat' dir='ltr'><strong>modo,-scd</strong></span> <span class='ocrx_word' id='word_1_43' title='bbox 1359 790 1412 836; x_wconf 91' lang='lat' dir='ltr'><strong>et</strong></span> <span class='ocrx_word' id='word_1_44' title='bbox 1444 781 1709 851; x_wconf 84' lang='lat' dir='ltr'><strong>ipsosmet</strong></span> <span class='ocrx_word' id='word_1_45' title='bbox 1736 779 1885 834; x_wconf 67' lang='lat' dir='ltr'><strong>filios</strong></span> <span class='ocrx_word' id='word_1_46' title='bbox 1902 774 2078 834; x_wconf 76' lang='lat' dir='ltr'><strong>Israel</strong></span> 
     </span>
    </p>
   </div>
   <div class='ocr_carea' id='block_1_10' title="bbox 488 869 2069 947">
    <p class='ocr_par' dir='ltr' id='par_1_10' title="bbox 488 869 2069 947">
     <span class='ocr_line' id='line_1_10' title="bbox 488 869 2069 947; baseline -0.007 -14"><span class='ocrx_word' id='word_1_47' title='bbox 488 890 869 947; x_wconf 67' lang='lat' dir='ltr'><strong>smpenumero</strong></span> <span class='ocrx_word' id='word_1_48' title='bbox 901 875 1218 937; x_wconf 78' lang='lat' dir='ltr'><strong>delusisset,</strong></span> <span class='ocrx_word' id='word_1_49' title='bbox 1254 881 1314 927; x_wconf 92' lang='lat' dir='ltr'><strong>ut</strong></span> <span class='ocrx_word' id='word_1_50' title='bbox 1353 871 1666 927; x_wconf 65' lang='lat' dir='ltr'><strong>daemonum</strong></span> <span class='ocrx_word' id='word_1_51' title='bbox 1693 877 1748 925; x_wconf 88' lang='lat' dir='ltr'><strong>et</strong></span> <span class='ocrx_word' id='word_1_52' title='bbox 1775 869 2069 940; x_wconf 86' lang='lat' dir='ltr'><strong>impiorum</strong></span> 
     </span>
    </p>
   </div>
   <div class='ocr_carea' id='block_1_11' title="bbox 486 961 2072 1033">
    <p class='ocr_par' dir='ltr' id='par_1_11' title="bbox 486 961 2072 1033">
     <span class='ocr_line' id='line_1_11' title="bbox 486 961 2072 1033; baseline -0.005 -11"><span class='ocrx_word' id='word_1_53' title='bbox 486 968 798 1033; x_wconf 86' lang='lat' dir='ltr'><strong>hominum,</strong></span> <span class='ocrx_word' id='word_1_54' title='bbox 841 965 1125 1020; x_wconf 88' lang='lat' dir='ltr'><strong>volucrum</strong></span> <span class='ocrx_word' id='word_1_55' title='bbox 1163 977 1387 1033; x_wconf 92' lang='lat' dir='ltr'><strong>quoque</strong></span> <span class='ocrx_word' id='word_1_56' title='bbox 1426 976 1491 1014; x_wconf 92' lang='lat' dir='ltr'><strong>ac</strong></span> <span class='ocrx_word' id='word_1_57' title='bbox 1529 961 1860 1028; x_wconf 86' lang='lat' dir='ltr'><strong>belluarum,</strong></span> <span class='ocrx_word' id='word_1_58' title='bbox 1895 961 2072 1031; x_wconf 87' lang='lat' dir='ltr'><strong>repti-</strong></span> 
     </span>
    </p>
   </div>
   <div class='ocr_carea' id='block_1_12' title="bbox 486 1053 2073 1128">
    <p class='ocr_par' dir='ltr' id='par_1_12' title="bbox 486 1053 2073 1128">
     <span class='ocr_line' id='line_1_12' title="bbox 486 1053 2073 1128; baseline -0.004 -14"><span class='ocrx_word' id='word_1_59' title='bbox 486 1060 736 1128; x_wconf 88' lang='lat' dir='ltr'><strong>liumque</strong></span> <span class='ocrx_word' id='word_1_60' title='bbox 764 1057 1102 1112; x_wconf 83' lang='lat' dir='ltr'><strong>fabricarent</strong></span> <span class='ocrx_word' id='word_1_61' title='bbox 1138 1053 1435 1124; x_wconf 79' lang='lat' dir='ltr'><strong>imagines,</strong></span> <span class='ocrx_word' id='word_1_62' title='bbox 1472 1067 1611 1123; x_wconf 92' lang='lat' dir='ltr'><strong>quas</strong></span> <span class='ocrx_word' id='word_1_63' title='bbox 1642 1061 1904 1122; x_wconf 81' lang='lat' dir='ltr'><strong>tanquam</strong></span> <span class='ocrx_word' id='word_1_64' title='bbox 1938 1054 2073 1108; x_wconf 90' lang='lat' dir='ltr'><strong>deos</strong></span> 
     </span>
    </p>
   </div>
   <div class='ocr_carea' id='block_1_13' title="bbox 488 1144 2074 1213">
    <p class='ocr_par' dir='ltr' id='par_1_13' title="bbox 488 1144 2074 1213">
     <span class='ocr_line' id='line_1_13' title="bbox 488 1144 2074 1213; baseline -0.003 -10"><span class='ocrx_word' id='word_1_65' title='bbox 488 1150 809 1213; x_wconf 89' lang='lat' dir='ltr'><strong>adorarent,</strong></span> <span class='ocrx_word' id='word_1_66' title='bbox 836 1163 984 1203; x_wconf 93' lang='lat' dir='ltr'><strong>nunc</strong></span> <span class='ocrx_word' id='word_1_67' title='bbox 1011 1145 1319 1200; x_wconf 87' lang='lat' dir='ltr'><strong>Ecclesiam</strong></span> <span class='ocrx_word' id='word_1_68' title='bbox 1355 1144 1564 1198; x_wconf 90' lang='lat' dir='ltr'><strong>Christi</strong></span> <span class='ocrx_word' id='word_1_69' title='bbox 1599 1144 1896 1213; x_wconf 90' lang='lat' dir='ltr'><strong>tranquilla</strong></span> <span class='ocrx_word' id='word_1_70' title='bbox 1937 1157 2074 1213; x_wconf 83' lang='lat' dir='ltr'><strong>pace</strong></span> 
     </span>
    </p>
   </div>
   <div class='ocr_carea' id='block_1_14' title="bbox 489 1233 2076 1310">
    <p class='ocr_par' dir='ltr' id='par_1_14' title="bbox 489 1233 2076 1310">
     <span class='ocr_line' id='line_1_14' title="bbox 489 1233 2076 1310; baseline -0.004 -14"><span class='ocrx_word' id='word_1_71' title='bbox 489 1242 764 1297; x_wconf 74' lang='lat' dir='ltr'><strong>fruentem</strong></span> <span class='ocrx_word' id='word_1_72' title='bbox 796 1240 1125 1310; x_wconf 86' lang='lat' dir='ltr'><strong>perturbare</strong></span> <span class='ocrx_word' id='word_1_73' title='bbox 1159 1237 1362 1292; x_wconf 91' lang='lat' dir='ltr'><strong>nititur</strong></span> <span class='ocrx_word' id='word_1_74' title='bbox 1398 1253 1410 1289; x_wconf 94' lang='lat'>:</span> <span class='ocrx_word' id='word_1_75' title='bbox 1449 1235 1522 1289; x_wconf 90' lang='lat' dir='ltr'><strong>ita</strong></span> <span class='ocrx_word' id='word_1_76' title='bbox 1576 1243 1760 1289; x_wconf 89' lang='lat' dir='ltr'><strong>tamen</strong></span> <span class='ocrx_word' id='word_1_77' title='bbox 1800 1241 1860 1288; x_wconf 89' lang='lat' dir='ltr'><strong>ut</strong></span> <span class='ocrx_word' id='word_1_78' title='bbox 1912 1233 2076 1289; x_wconf 91' lang='lat' dir='ltr'><strong>labiis</strong></span> 
     </span>
    </p>
   </div>
   <div class='ocr_carea' id='block_1_15' title="bbox 2178 503 3755 577">
    <p class='ocr_par' dir='ltr' id='par_1_15' title="bbox 2178 503 3755 577">
     <span class='ocr_line' id='line_1_15' title="bbox 2178 503 3755 577; baseline 0 -18"><span class='ocrx_word' id='word_1_79' title='bbox 2178 506 2274 559; x_wconf 75' lang='grc' dir='ltr'><strong>καὶ</strong></span> <span class='ocrx_word' id='word_1_80' title='bbox 2308 505 2555 577; x_wconf 79' lang='grc' dir='ltr'>ἑρπετῶν</span> <span class='ocrx_word' id='word_1_81' title='bbox 2597 507 2810 568; x_wconf 85' lang='grc' dir='ltr'>εἰκόνας</span> <span class='ocrx_word' id='word_1_82' title='bbox 2848 507 3044 570; x_wconf 86' lang='grc' dir='ltr'>ποιεῖν,</span> <span class='ocrx_word' id='word_1_83' title='bbox 3087 505 3180 558; x_wconf 77' lang='grc' dir='ltr'><strong>καὶ</strong></span> <span class='ocrx_word' id='word_1_84' title='bbox 3217 503 3445 568; x_wconf 78' lang='grc' dir='ltr'><strong>ταύταις</strong></span> <span class='ocrx_word' id='word_1_85' title='bbox 3484 506 3562 569; x_wconf 81' lang='grc' dir='ltr'><strong>ὡς</strong></span> <span class='ocrx_word' id='word_1_86' title='bbox 3607 506 3755 573; x_wconf 81' lang='grc' dir='ltr'>θεοῖς</span> 
     </span>
    </p>
   </div>
   <div class='ocr_carea' id='block_1_16' title="bbox 2179 593 3760 666">
    <p class='ocr_par' dir='ltr' id='par_1_16' title="bbox 2179 593 3760 666">
     <span class='ocr_line' id='line_1_16' title="bbox 2179 593 3760 666; baseline 0.001 -18"><span class='ocrx_word' id='word_1_87' title='bbox 2179 597 2528 666; x_wconf 82' lang='grc' dir='ltr'>προσκυνεῖν,</span> <span class='ocrx_word' id='word_1_88' title='bbox 2561 595 2622 648; x_wconf 85' lang='grc' dir='ltr'><strong>οὐ</strong></span> <span class='ocrx_word' id='word_1_89' title='bbox 2661 595 2823 666; x_wconf 89' lang='grc' dir='ltr'>μόνον</span> <span class='ocrx_word' id='word_1_90' title='bbox 2857 593 2926 647; x_wconf 83' lang='grc' dir='ltr'><strong>τά</strong></span> <span class='ocrx_word' id='word_1_91' title='bbox 2964 594 3114 665; x_wconf 77' lang='grc' dir='ltr'>ἔθνη,</span> <span class='ocrx_word' id='word_1_92' title='bbox 3146 593 3284 648; x_wconf 81' lang='grc' dir='ltr'>ἀλλὰ</span> <span class='ocrx_word' id='word_1_93' title='bbox 3320 594 3414 646; x_wconf 78' lang='grc' dir='ltr'>καὶ</span> <span class='ocrx_word' id='word_1_94' title='bbox 3445 595 3571 658; x_wconf 78' lang='grc' dir='ltr'>τοὺς</span> <span class='ocrx_word' id='word_1_95' title='bbox 3606 596 3760 659; x_wconf 83' lang='grc' dir='ltr'>υἰοὺς</span> 
     </span>
    </p>
   </div>
   <div class='ocr_carea' id='block_1_17' title="bbox 2191 682 3761 757">
    <p class='ocr_par' dir='ltr' id='par_1_17' title="bbox 2191 682 3761 757">
     <span class='ocr_line' id='line_1_17' title="bbox 2191 682 3761 757; baseline -0.001 -18"><span class='ocrx_word' id='word_1_96' title='bbox 2191 686 2412 757; x_wconf 84' lang='grc' dir='ltr'>Ἰσραὴλ</span> <span class='ocrx_word' id='word_1_97' title='bbox 2444 685 2708 749; x_wconf 79' lang='grc' dir='ltr'><strong>πολλάκις</strong></span> <span class='ocrx_word' id='word_1_98' title='bbox 2748 685 3052 756; x_wconf 77' lang='grc' dir='ltr'>πλανήσας,</span> <span class='ocrx_word' id='word_1_99' title='bbox 3099 682 3192 737; x_wconf 84' lang='grc' dir='ltr'><strong>νῦν</strong></span> <span class='ocrx_word' id='word_1_100' title='bbox 3249 684 3471 755; x_wconf 78' lang='grc' dir='ltr'>εἰρήνην</span> <span class='ocrx_word' id='word_1_101' title='bbox 3522 683 3761 753; x_wconf 75' lang='grc' dir='ltr'>ἔχουσαν</span> 
     </span>
    </p>
   </div>
   <div class='ocr_carea' id='block_1_18' title="bbox 2179 773 3758 848">
    <p class='ocr_par' dir='ltr' id='par_1_18' title="bbox 2179 773 3758 848">
     <span class='ocr_line' id='line_1_18' title="bbox 2179 773 3758 848; baseline -0.001 -20"><span class='ocrx_word' id='word_1_102' title='bbox 2179 775 2280 846; x_wconf 80' lang='grc' dir='ltr'>τὴν</span> <span class='ocrx_word' id='word_1_103' title='bbox 2307 776 2402 830; x_wconf 89' lang='grc' dir='ltr'><strong>τοῦ</strong></span> <span class='ocrx_word' id='word_1_104' title='bbox 2433 777 2672 848; x_wconf 79' lang='grc' dir='ltr'>Χριστοῦ</span> <span class='ocrx_word' id='word_1_105' title='bbox 2709 776 3038 847; x_wconf 74' lang='grc' dir='ltr'>Ἐκκλησίαν</span> <span class='ocrx_word' id='word_1_106' title='bbox 3069 776 3404 846; x_wconf 78' lang='grc' dir='ltr'>συνταράξαι</span> <span class='ocrx_word' id='word_1_107' title='bbox 3433 773 3758 838; x_wconf 74' lang='grc' dir='ltr'>σπουδάζει·</span> 
     </span>
    </p>
   </div>
   <div class='ocr_carea' id='block_1_19' title="bbox 2180 865 3760 937">
    <p class='ocr_par' dir='ltr' id='par_1_19' title="bbox 2180 865 3760 937">
     <span class='ocr_line' id='line_1_19' title="bbox 2180 865 3760 937; baseline -0.003 -17"><span class='ocrx_word' id='word_1_108' title='bbox 2180 867 2268 920; x_wconf 78' lang='grc' dir='ltr'>διὰ</span> <span class='ocrx_word' id='word_1_109' title='bbox 2321 867 2549 937; x_wconf 78' lang='grc' dir='ltr'><strong>χειλέων</strong></span> <span class='ocrx_word' id='word_1_110' title='bbox 2605 868 2808 921; x_wconf 82' lang='grc' dir='ltr'>ἀδίκων</span> <span class='ocrx_word' id='word_1_111' title='bbox 2875 870 2971 920; x_wconf 78' lang='grc' dir='ltr'><strong>καὶ</strong></span> <span class='ocrx_word' id='word_1_112' title='bbox 3016 867 3264 936; x_wconf 83' lang='grc' dir='ltr'>γλώττης</span> <span class='ocrx_word' id='word_1_113' title='bbox 3310 866 3529 930; x_wconf 80' lang='grc' dir='ltr'>δολίας,</span> <span class='ocrx_word' id='word_1_114' title='bbox 3575 865 3760 933; x_wconf 76' lang='grc' dir='ltr'>λόγοις</span> 
     </span>
    </p>
   </div>
   <div class='ocr_carea' id='block_1_20' title="bbox 2180 955 3756 1030">
    <p class='ocr_par' dir='ltr' id='par_1_20' title="bbox 2180 955 3756 1030">
     <span class='ocr_line' id='line_1_20' title="bbox 2180 955 3756 1030; baseline 0.001 -21"><span class='ocrx_word' id='word_1_115' title='bbox 2180 955 2344 1019; x_wconf 77' lang='grc' dir='ltr'>θείοις</span> <span class='ocrx_word' id='word_1_116' title='bbox 2376 959 2478 1029; x_wconf 80' lang='grc' dir='ltr'>τὴν</span> <span class='ocrx_word' id='word_1_117' title='bbox 2508 959 2710 1013; x_wconf 78' lang='grc' dir='ltr'>κακίαν</span> <span class='ocrx_word' id='word_1_118' title='bbox 2736 958 3098 1030; x_wconf 86' lang='grc' dir='ltr'>παραρτύων,</span> <span class='ocrx_word' id='word_1_119' title='bbox 3125 958 3218 1011; x_wconf 73' lang='grc' dir='ltr'>καὶ</span> <span class='ocrx_word' id='word_1_120' title='bbox 3253 956 3458 1027; x_wconf 82' lang='grc' dir='ltr'><strong>ταύτης</strong></span> <span class='ocrx_word' id='word_1_121' title='bbox 3489 957 3550 1010; x_wconf 78' lang='grc' dir='ltr'><strong>τὸ</strong></span> <span class='ocrx_word' id='word_1_122' title='bbox 3581 957 3756 1026; x_wconf 78' lang='grc' dir='ltr'>ἄσχη-</span> 
     </span>
    </p>
   </div>
   <div class='ocr_carea' id='block_1_21' title="bbox 2182 1049 3754 1124">
    <p class='ocr_par' dir='ltr' id='par_1_21' title="bbox 2182 1049 3754 1124">
     <span class='ocr_line' id='line_1_21' title="bbox 2182 1049 3754 1124; baseline 0.002 -21"><span class='ocrx_word' id='word_1_123' title='bbox 2182 1067 2281 1121; x_wconf 87' lang='grc' dir='ltr'><strong>μον</strong></span> <span class='ocrx_word' id='word_1_124' title='bbox 2316 1051 2412 1104; x_wconf 72' lang='grc' dir='ltr'>καὶ</span> <span class='ocrx_word' id='word_1_125' title='bbox 2455 1052 2730 1106; x_wconf 76' lang='grc' dir='ltr'>σκοτεινὸν</span> <span class='ocrx_word' id='word_1_126' title='bbox 2763 1049 2905 1117; x_wconf 77' lang='grc' dir='ltr'>εἶδος</span> <span class='ocrx_word' id='word_1_127' title='bbox 2953 1052 3350 1106; x_wconf 83' lang='grc' dir='ltr'>ὲπικαλύπτειν</span> <span class='ocrx_word' id='word_1_128' title='bbox 3391 1055 3754 1124; x_wconf 82' lang='grc' dir='ltr'>πειρώμενος.</span> 
     </span>
    </p>
   </div>
   <div class='ocr_carea' id='block_1_22' title="bbox 2180 1141 3759 1216">
    <p class='ocr_par' dir='ltr' id='par_1_22' title="bbox 2180 1141 3759 1216">
     <span class='ocr_line' id='line_1_22' title="bbox 2180 1141 3759 1216; baseline 0.004 -22"><span class='ocrx_word' id='word_1_129' title='bbox 2180 1142 2278 1195; x_wconf 82' lang='grc' dir='ltr'><strong>καὶ</strong></span> <span class='ocrx_word' id='word_1_130' title='bbox 2334 1141 2434 1206; x_wconf 82' lang='grc' dir='ltr'>τὰς</span> <span class='ocrx_word' id='word_1_131' title='bbox 2483 1144 2715 1216; x_wconf 89' lang='grc' dir='ltr'>καρδίας</span> <span class='ocrx_word' id='word_1_132' title='bbox 2745 1144 2855 1198; x_wconf 87' lang='grc' dir='ltr'><strong>τῶν</strong></span> <span class='ocrx_word' id='word_1_133' title='bbox 2885 1145 3233 1216; x_wconf 85' lang='grc' dir='ltr'>άστηρίκτων</span> <span class='ocrx_word' id='word_1_134' title='bbox 3277 1145 3529 1200; x_wconf 79' lang='grc' dir='ltr'>σαλεύειν</span> <span class='ocrx_word' id='word_1_135' title='bbox 3562 1145 3628 1199; x_wconf 83' lang='grc' dir='ltr'>ὲκ</span> <span class='ocrx_word' id='word_1_136' title='bbox 3657 1145 3759 1215; x_wconf 73' lang='grc' dir='ltr'>τῆς</span> 
     </span>
    </p>
   </div>
   <div class='ocr_carea' id='block_1_23' title="bbox 2180 1234 3400 1309">
    <p class='ocr_par' dir='ltr' id='par_1_23' title="bbox 2180 1234 3400 1309">
     <span class='ocr_line' id='line_1_23' title="bbox 2180 1234 3400 1309; baseline 0.002 -20"><span class='ocrx_word' id='word_1_137' title='bbox 2180 1234 2417 1304; x_wconf 80' lang='grc' dir='ltr'>ἀληθοῦς</span> <span class='ocrx_word' id='word_1_138' title='bbox 2445 1236 2540 1289; x_wconf 72' lang='grc' dir='ltr'><strong>καὶ</strong></span> <span class='ocrx_word' id='word_1_139' title='bbox 2572 1237 3059 1309; x_wconf 78' lang='grc' dir='ltr'>πατροπαραδότου</span> <span class='ocrx_word' id='word_1_140' title='bbox 3091 1237 3400 1309; x_wconf 88' lang='grc' dir='ltr'>συνηθείας.</span> 
     </span>
    </p>
   </div>
   <div class='ocr_carea' id='block_1_24' title="bbox 489 1326 3761 1403">
    <p class='ocr_par' dir='ltr' id='par_1_24' title="bbox 489 1326 3761 1403">
     <span class='ocr_line' id='line_1_24' title="bbox 489 1326 3761 1403; baseline -0.001 -15"><span class='ocrx_word' id='word_1_141' title='bbox 489 1334 697 1403; x_wconf 75' lang='lat' dir='ltr'><strong>iniquis</strong></span> <span class='ocrx_word' id='word_1_142' title='bbox 728 1341 782 1386; x_wconf 86' lang='lat' dir='ltr'><strong>et</strong></span> <span class='ocrx_word' id='word_1_143' title='bbox 809 1332 992 1400; x_wconf 89' lang='lat' dir='ltr'><strong>lingua</strong></span> <span class='ocrx_word' id='word_1_144' title='bbox 1040 1327 1574 1384; x_wconf 71' lang='lat' dir='ltr'><strong>dolosa&#39;ntalitiam</strong></span> <span class='ocrx_word' id='word_1_145' title='bbox 1608 1326 1813 1383; x_wconf 83' lang='lat' dir='ltr'><strong>divinis</strong></span> <span class='ocrx_word' id='word_1_146' title='bbox 1877 1326 2102 1380; x_wconf 84' lang='lat' dir='ltr'><strong>condiat</strong></span> <span class='ocrx_word' id='word_1_147' title='bbox 2173 1327 2454 1396; x_wconf 71' lang='lat' dir='ltr'><strong>eloquiis,</strong></span> <span class='ocrx_word' id='word_1_148' title='bbox 2526 1329 2791 1399; x_wconf 83' lang='lat' dir='ltr'><strong>illiusque</strong></span> <span class='ocrx_word' id='word_1_149' title='bbox 2867 1329 3170 1386; x_wconf 71' lang='lat' dir='ltr'><strong>deformem</strong></span> <span class='ocrx_word' id='word_1_150' title='bbox 3232 1331 3761 1400; x_wconf 81' lang='lat' dir='ltr'><strong>tenebricosamque</strong></span> 
     </span>
    </p>
   </div>
   <div class='ocr_carea' id='block_1_25' title="bbox 490 1418 3761 1491">
    <p class='ocr_par' dir='ltr' id='par_1_25' title="bbox 490 1418 3761 1491">
     <span class='ocr_line' id='line_1_25' title="bbox 490 1418 3761 1491; baseline -0.001 -12"><span class='ocrx_word' id='word_1_151' title='bbox 490 1419 686 1480; x_wconf 72' lang='lat' dir='ltr'><strong>faciem</strong></span> <span class='ocrx_word' id='word_1_152' title='bbox 733 1424 862 1478; x_wconf 83' lang='lat' dir='ltr'><strong>fuco</strong></span> <span class='ocrx_word' id='word_1_153' title='bbox 905 1423 1122 1478; x_wconf 88' lang='lat' dir='ltr'><strong>illinere</strong></span> <span class='ocrx_word' id='word_1_154' title='bbox 1168 1430 1411 1487; x_wconf 86' lang='lat' dir='ltr'><strong>tentans,</strong></span> <span class='ocrx_word' id='word_1_155' title='bbox 1463 1419 1811 1476; x_wconf 83' lang='lat' dir='ltr'><strong>infirmorum</strong></span> <span class='ocrx_word' id='word_1_156' title='bbox 1856 1419 2073 1473; x_wconf 85' lang='lat' dir='ltr'><strong>animos</strong></span> <span class='ocrx_word' id='word_1_157' title='bbox 2111 1432 2140 1471; x_wconf 92' lang='lat' dir='ltr'><strong>a</strong></span> <span class='ocrx_word' id='word_1_158' title='bbox 2174 1427 2325 1474; x_wconf 86' lang='lat' dir='ltr'><strong>recta</strong></span> <span class='ocrx_word' id='word_1_159' title='bbox 2352 1427 2521 1491; x_wconf 89' lang='lat' dir='ltr'><strong>atque</strong></span> <span class='ocrx_word' id='word_1_160' title='bbox 2549 1435 2581 1481; x_wconf 86' lang='lat' dir='ltr'><strong>a</strong></span> <span class='ocrx_word' id='word_1_161' title='bbox 2613 1418 2874 1476; x_wconf 83' lang='lat' dir='ltr'><strong>Patribus</strong></span> <span class='ocrx_word' id='word_1_162' title='bbox 2915 1429 3142 1490; x_wconf 89' lang='lat' dir='ltr'><strong>accepta</strong></span> <span class='ocrx_word' id='word_1_163' title='bbox 3205 1421 3610 1477; x_wconf 83' lang='lat' dir='ltr'><strong>consuetudine</strong></span> <span class='ocrx_word' id='word_1_164' title='bbox 3675 1420 3761 1474; x_wconf 87' lang='lat' dir='ltr'><strong>di-</strong></span> 
     </span>
    </p>
   </div>
   <div class='ocr_carea' id='block_1_26' title="bbox 490 1525 724 1572">
    <p class='ocr_par' dir='ltr' id='par_1_26' title="bbox 490 1525 724 1572">
     <span class='ocr_line' id='line_1_26' title="bbox 490 1525 724 1572; baseline 0 -1"><span class='ocrx_word' id='word_1_165' title='bbox 490 1525 724 1572; x_wconf 70' lang='grc' dir='ltr'>ιηονοιιῐ.</span> 
     </span>
    </p>
   </div>
   <div class='ocr_carea' id='block_1_27' title="bbox 559 1607 2074 1677">
    <p class='ocr_par' dir='ltr' id='par_1_27' title="bbox 559 1607 2074 1677">
     <span class='ocr_line' id='line_1_27' title="bbox 559 1607 2074 1677; baseline -0.005 -14"><span class='ocrx_word' id='word_1_166' title='bbox 559 1610 612 1663; x_wconf 73' lang='grc'>2.</span> <span class='ocrx_word' id='word_1_167' title='bbox 649 1607 911 1663; x_wconf 80' lang='lat' dir='ltr'><strong>Nonnulli</strong></span> <span class='ocrx_word' id='word_1_168' title='bbox 959 1608 1162 1677; x_wconf 88' lang='lat' dir='ltr'><strong>quippe</strong></span> <span class='ocrx_word' id='word_1_169' title='bbox 1193 1611 1593 1668; x_wconf 79' lang='lat' dir='ltr'><strong>surrexerunt,</strong></span> <span class='ocrx_word' id='word_1_170' title='bbox 1623 1609 1962 1667; x_wconf 86' lang='lat' dir='ltr'><strong>asserentes,</strong></span> <span class='ocrx_word' id='word_1_171' title='bbox 2011 1616 2074 1657; x_wconf 83' lang='lat' dir='ltr'><strong>ea</strong></span> 
     </span>
    </p>
   </div>
   <div class='ocr_carea' id='block_1_28' title="bbox 492 1698 2078 1774">
    <p class='ocr_par' dir='ltr' id='par_1_28' title="bbox 492 1698 2078 1774">
     <span class='ocr_line' id='line_1_28' title="bbox 492 1698 2078 1774; baseline -0.006 -16"><span class='ocrx_word' id='word_1_172' title='bbox 492 1719 618 1774; x_wconf 64' lang='lat' dir='ltr'><strong>quae</strong></span> <span class='ocrx_word' id='word_1_173' title='bbox 661 1719 763 1773; x_wconf 89' lang='lat' dir='ltr'><strong>pro</strong></span> <span class='ocrx_word' id='word_1_174' title='bbox 789 1711 979 1758; x_wconf 91' lang='lat' dir='ltr'><strong>nostra</strong></span> <span class='ocrx_word' id='word_1_175' title='bbox 1010 1702 1187 1756; x_wconf 89' lang='lat' dir='ltr'><strong>salute</strong></span> <span class='ocrx_word' id='word_1_176' title='bbox 1215 1715 1244 1752; x_wconf 90' lang='lat' dir='ltr'><strong>a</strong></span> <span class='ocrx_word' id='word_1_177' title='bbox 1277 1699 1501 1753; x_wconf 89' lang='lat' dir='ltr'><strong>Christo</strong></span> <span class='ocrx_word' id='word_1_178' title='bbox 1537 1698 1892 1760; x_wconf 87' lang='lat' dir='ltr'><strong>mirabiliter,</strong></span> <span class='ocrx_word' id='word_1_179' title='bbox 1931 1710 2078 1766; x_wconf 83' lang='lat' dir='ltr'><strong>quae-</strong></span> 
     </span>
    </p>
   </div>
   <div class='ocr_carea' id='block_1_29' title="bbox 487 1789 2078 1869">
    <p class='ocr_par' dir='ltr' id='par_1_29' title="bbox 487 1789 2078 1869">
     <span class='ocr_line' id='line_1_29' title="bbox 487 1789 2078 1869; baseline -0.008 -20"><span class='ocrx_word' id='word_1_180' title='bbox 487 1811 594 1864; x_wconf 87' lang='lat' dir='ltr'><strong>que</strong></span> <span class='ocrx_word' id='word_1_181' title='bbox 628 1811 658 1849; x_wconf 91' lang='lat' dir='ltr'><strong>a</strong></span> <span class='ocrx_word' id='word_1_182' title='bbox 687 1794 895 1850; x_wconf 85' lang='lat' dir='ltr'><strong>sanctis</strong></span> <span class='ocrx_word' id='word_1_183' title='bbox 943 1793 1161 1869; x_wconf 80' lang='lat' dir='ltr'><strong>fortiter</strong></span> <span class='ocrx_word' id='word_1_184' title='bbox 1197 1798 1392 1845; x_wconf 87' lang='lat' dir='ltr'><strong>contra</strong></span> <span class='ocrx_word' id='word_1_185' title='bbox 1424 1789 1700 1845; x_wconf 89' lang='lat' dir='ltr'><strong>diabolum</strong></span> <span class='ocrx_word' id='word_1_186' title='bbox 1739 1794 1892 1858; x_wconf 88' lang='lat' dir='ltr'><strong>gesta</strong></span> <span class='ocrx_word' id='word_1_187' title='bbox 1927 1795 2078 1850; x_wconf 88' lang='lat' dir='ltr'><strong>sunt,</strong></span> 
     </span>
    </p>
   </div>
   <div class='ocr_carea' id='block_1_30' title="bbox 485 1878 2080 1954">
    <p class='ocr_par' dir='ltr' id='par_1_30' title="bbox 485 1878 2080 1954">
     <span class='ocr_line' id='line_1_30' title="bbox 485 1878 2080 1954; baseline -0.008 -13"><span class='ocrx_word' id='word_1_188' title='bbox 485 1887 804 1942; x_wconf 80' lang='lat' dir='ltr'><strong>exhibenda</strong></span> <span class='ocrx_word' id='word_1_189' title='bbox 854 1886 908 1940; x_wconf 92' lang='lat' dir='ltr'><strong>in</strong></span> <span class='ocrx_word' id='word_1_190' title='bbox 945 1884 1282 1954; x_wconf 77' lang='lat' dir='ltr'><strong>imaginibus</strong></span> <span class='ocrx_word' id='word_1_191' title='bbox 1332 1897 1440 1936; x_wconf 90' lang='lat' dir='ltr'><strong>non</strong></span> <span class='ocrx_word' id='word_1_192' title='bbox 1474 1896 1619 1946; x_wconf 88' lang='lat' dir='ltr'><strong>esse,</strong></span> <span class='ocrx_word' id='word_1_193' title='bbox 1654 1879 1709 1934; x_wconf 92' lang='lat' dir='ltr'><strong>in</strong></span> <span class='ocrx_word' id='word_1_194' title='bbox 1749 1879 1948 1950; x_wconf 87' lang='lat' dir='ltr'><strong>quibus</strong></span> <span class='ocrx_word' id='word_1_195' title='bbox 1989 1878 2080 1930; x_wconf 89' lang='lat' dir='ltr'><strong>illa</strong></span> 
     </span>
    </p>
   </div>
   <div class='ocr_carea' id='block_1_31' title="bbox 500 1969 2082 2048">
    <p class='ocr_par' dir='ltr' id='par_1_31' title="bbox 500 1969 2082 2048">
     <span class='ocr_line' id='line_1_31' title="bbox 500 1969 2082 2048; baseline -0.004 -16"><span class='ocrx_word' id='word_1_196' title='bbox 500 1979 968 2048; x_wconf 86' lang='lat' dir='ltr'><strong>contemplemur,</strong></span> <span class='ocrx_word' id='word_1_197' title='bbox 1017 1988 1368 2040; x_wconf 74' lang='lat' dir='ltr'><strong>veneremur,</strong></span> <span class='ocrx_word' id='word_1_198' title='bbox 1415 1972 1755 2028; x_wconf 77' lang='lat' dir='ltr'><strong>admiremur</strong></span> <span class='ocrx_word' id='word_1_199' title='bbox 1809 1979 1866 2026; x_wconf 91' lang='lat' dir='ltr'><strong>et</strong></span> <span class='ocrx_word' id='word_1_200' title='bbox 1902 1969 2082 2025; x_wconf 83' lang='lat' dir='ltr'><strong>imite-</strong></span> 
     </span>
    </p>
   </div>
   <div class='ocr_carea' id='block_1_32' title="bbox 494 2061 2079 2137">
    <p class='ocr_par' dir='ltr' id='par_1_32' title="bbox 494 2061 2079 2137">
     <span class='ocr_line' id='line_1_32' title="bbox 494 2061 2079 2137; baseline -0.006 -13"><span class='ocrx_word' id='word_1_201' title='bbox 494 2086 645 2124; x_wconf 89' lang='lat' dir='ltr'><strong>mur.</strong></span> <span class='ocrx_word' id='word_1_202' title='bbox 689 2070 826 2136; x_wconf 88' lang='lat' dir='ltr'><strong>Quis</strong></span> <span class='ocrx_word' id='word_1_203' title='bbox 857 2077 1040 2123; x_wconf 84' lang='lat' dir='ltr'><strong>autem</strong></span> <span class='ocrx_word' id='word_1_204' title='bbox 1095 2067 1433 2137; x_wconf 81' lang='lat' dir='ltr'><strong>cogitatione</strong></span> <span class='ocrx_word' id='word_1_205' title='bbox 1470 2065 1655 2118; x_wconf 86' lang='lat' dir='ltr'><strong>divina</strong></span> <span class='ocrx_word' id='word_1_206' title='bbox 1705 2073 1760 2118; x_wconf 89' lang='lat' dir='ltr'><strong>et</strong></span> <span class='ocrx_word' id='word_1_207' title='bbox 1806 2061 2079 2132; x_wconf 87' lang='lat' dir='ltr'><strong>spirituali</strong></span> 
     </span>
    </p>
   </div>
   <div class='ocr_carea' id='block_1_33' title="bbox 493 2155 2078 2233">
    <p class='ocr_par' dir='ltr' id='par_1_33' title="bbox 493 2155 2078 2233">
     <span class='ocr_line' id='line_1_33' title="bbox 493 2155 2078 2233; baseline -0.006 -16"><span class='ocrx_word' id='word_1_208' title='bbox 493 2163 863 2233; x_wconf 78' lang='lat' dir='ltr'><strong>intelligentia</strong></span> <span class='ocrx_word' id='word_1_209' title='bbox 901 2162 1169 2226; x_wconf 92' lang='lat' dir='ltr'><strong>imbutus,</strong></span> <span class='ocrx_word' id='word_1_210' title='bbox 1217 2159 1271 2213; x_wconf 91' lang='lat' dir='ltr'><strong>id</strong></span> <span class='ocrx_word' id='word_1_211' title='bbox 1321 2165 1651 2228; x_wconf 80' lang='lat' dir='ltr'><strong>suggerente</strong></span> <span class='ocrx_word' id='word_1_212' title='bbox 1709 2155 1931 2210; x_wconf 86' lang='lat' dir='ltr'><strong>diabolo</strong></span> <span class='ocrx_word' id='word_1_213' title='bbox 1967 2168 2078 2208; x_wconf 90' lang='lat' dir='ltr'><strong>non</strong></span> 
     </span>
    </p>
   </div>
   <div class='ocr_carea' id='block_1_34' title="bbox 492 2246 2080 2326">
    <p class='ocr_par' dir='ltr' id='par_1_34' title="bbox 492 2246 2080 2326">
     <span class='ocr_line' id='line_1_34' title="bbox 492 2246 2080 2326; baseline -0.006 -18"><span class='ocrx_word' id='word_1_214' title='bbox 492 2265 766 2326; x_wconf 83' lang='lat' dir='ltr'><strong>agnoscat</strong></span> <span class='ocrx_word' id='word_1_215' title='bbox 789 2253 1112 2308; x_wconf 82' lang='lat' dir='ltr'><strong>inventum?</strong></span> <span class='ocrx_word' id='word_1_216' title='bbox 1145 2251 1332 2321; x_wconf 87' lang='lat' dir='ltr'><strong>Neque</strong></span> <span class='ocrx_word' id='word_1_217' title='bbox 1362 2250 1510 2304; x_wconf 88' lang='lat' dir='ltr'><strong>enim</strong></span> <span class='ocrx_word' id='word_1_218' title='bbox 1555 2249 1650 2304; x_wconf 93' lang='lat' dir='ltr'><strong>ille</strong></span> <span class='ocrx_word' id='word_1_219' title='bbox 1676 2246 1890 2303; x_wconf 86' lang='lat' dir='ltr'><strong>cladem</strong></span> <span class='ocrx_word' id='word_1_220' title='bbox 1924 2246 2080 2316; x_wconf 83' lang='lat' dir='ltr'><strong>igno-</strong></span> 
     </span>
    </p>
   </div>
   <div class='ocr_carea' id='block_1_35' title="bbox 488 2332 2078 2414">
    <p class='ocr_par' dir='ltr' id='par_1_35' title="bbox 488 2332 2078 2414">
     <span class='ocr_line' id='line_1_35' title="bbox 488 2332 2078 2414; baseline -0.006 -14"><span class='ocrx_word' id='word_1_221' title='bbox 488 2346 829 2414; x_wconf 85' lang='lat' dir='ltr'><strong>tniniamque</strong></span> <span class='ocrx_word' id='word_1_222' title='bbox 856 2358 1013 2399; x_wconf 90' lang='lat' dir='ltr'><strong>suam</strong></span> <span class='ocrx_word' id='word_1_223' title='bbox 1033 2343 1086 2397; x_wconf 91' lang='lat' dir='ltr'><strong>in</strong></span> <span class='ocrx_word' id='word_1_224' title='bbox 1106 2332 1354 2397; x_wconf 82' lang='lat' dir='ltr'><strong>omnium</strong></span> <span class='ocrx_word' id='word_1_225' title='bbox 1382 2346 1679 2409; x_wconf 79' lang='lat' dir='ltr'><strong>conspectu</strong></span> <span class='ocrx_word' id='word_1_226' title='bbox 1701 2336 2078 2408; x_wconf 79' lang='lat' dir='ltr'><strong>traducipati-</strong></span> 
     </span>
    </p>
   </div>
   <div class='ocr_carea' id='block_1_36' title="bbox 489 2426 2069 2500">
    <p class='ocr_par' dir='ltr' id='par_1_36' title="bbox 489 2426 2069 2500">
     <span class='ocr_line' id='line_1_36' title="bbox 489 2426 2069 2500; baseline -0.005 -13"><span class='ocrx_word' id='word_1_227' title='bbox 489 2445 600 2500; x_wconf 90' lang='lat' dir='ltr'><strong>tur,</strong></span> <span class='ocrx_word' id='word_1_228' title='bbox 638 2449 741 2489; x_wconf 88' lang='lat' dir='ltr'><strong>nec</strong></span> <span class='ocrx_word' id='word_1_229' title='bbox 772 2432 864 2487; x_wconf 88' lang='lat' dir='ltr'><strong>Dei</strong></span> <span class='ocrx_word' id='word_1_230' title='bbox 897 2441 1327 2499; x_wconf 84' lang='lat' dir='ltr'><strong>sanctorumque</strong></span> <span class='ocrx_word' id='word_1_231' title='bbox 1356 2431 1479 2500; x_wconf 86' lang='lat' dir='ltr'><strong>ejus</strong></span> <span class='ocrx_word' id='word_1_232' title='bbox 1509 2429 1741 2499; x_wconf 82' lang='lat' dir='ltr'><strong>gloriam</strong></span> <span class='ocrx_word' id='word_1_233' title='bbox 1775 2426 2069 2482; x_wconf 86' lang='lat' dir='ltr'><strong>celebrari.</strong></span> 
     </span>
    </p>
   </div>
   <div class='ocr_carea' id='block_1_37' title="bbox 491 2519 2079 2596">
    <p class='ocr_par' dir='ltr' id='par_1_37' title="bbox 491 2519 2079 2596">
     <span class='ocr_line' id='line_1_37' title="bbox 491 2519 2079 2596; baseline -0.003 -18"><span class='ocrx_word' id='word_1_234' title='bbox 491 2528 552 2580; x_wconf 84' lang='lat' dir='ltr'><strong>In</strong></span> <span class='ocrx_word' id='word_1_235' title='bbox 585 2525 738 2593; x_wconf 80' lang='lat' dir='ltr'><strong>gravi</strong></span> <span class='ocrx_word' id='word_1_236' title='bbox 771 2524 995 2596; x_wconf 90' lang='lat' dir='ltr'><strong>quidem</strong></span> <span class='ocrx_word' id='word_1_237' title='bbox 1033 2539 1387 2579; x_wconf 85' lang='lat' dir='ltr'><strong>versaremur</strong></span> <span class='ocrx_word' id='word_1_238' title='bbox 1415 2537 1632 2587; x_wconf 88' lang='lat' dir='ltr'><strong>errore,</strong></span> <span class='ocrx_word' id='word_1_239' title='bbox 1658 2521 1703 2576; x_wconf 89' lang='lat' dir='ltr'><strong>si</strong></span> <span class='ocrx_word' id='word_1_240' title='bbox 1752 2520 1840 2576; x_wconf 88' lang='lat' dir='ltr'><strong>vel</strong></span> <span class='ocrx_word' id='word_1_241' title='bbox 1877 2519 2079 2574; x_wconf 91' lang='lat' dir='ltr'><strong>invisi-</strong></span> 
     </span>
    </p>
   </div>
   <div class='ocr_carea' id='block_1_38' title="bbox 487 2611 2076 2684">
    <p class='ocr_par' dir='ltr' id='par_1_38' title="bbox 487 2611 2076 2684">
     <span class='ocr_line' id='line_1_38' title="bbox 487 2611 2076 2684; baseline -0.004 -11"><span class='ocrx_word' id='word_1_242' title='bbox 487 2620 621 2674; x_wconf 89' lang='lat' dir='ltr'><strong>bilis</strong></span> <span class='ocrx_word' id='word_1_243' title='bbox 654 2618 750 2672; x_wconf 89' lang='lat' dir='ltr'><strong>Dei</strong></span> <span class='ocrx_word' id='word_1_244' title='bbox 785 2618 1097 2671; x_wconf 88' lang='lat' dir='ltr'><strong>faceremus</strong></span> <span class='ocrx_word' id='word_1_245' title='bbox 1146 2616 1444 2684; x_wconf 78' lang='lat' dir='ltr'><strong>imaginem</strong></span> <span class='ocrx_word' id='word_1_246' title='bbox 1477 2630 1491 2678; x_wconf 90' lang='lat'><strong>;</strong></span> <span class='ocrx_word' id='word_1_247' title='bbox 1525 2612 1792 2683; x_wconf 90' lang='lat' dir='ltr'><strong>quoniam</strong></span> <span class='ocrx_word' id='word_1_248' title='bbox 1840 2611 1894 2666; x_wconf 94' lang='lat' dir='ltr'><strong>id</strong></span> <span class='ocrx_word' id='word_1_249' title='bbox 1929 2611 2076 2682; x_wconf 88' lang='lat' dir='ltr'><strong>quod</strong></span> 
     </span>
    </p>
   </div>
   <div class='ocr_carea' id='block_1_39' title="bbox 489 2703 2076 2778">
    <p class='ocr_par' dir='ltr' id='par_1_39' title="bbox 489 2703 2076 2778">
     <span class='ocr_line' id='line_1_39' title="bbox 489 2703 2076 2778; baseline -0.006 -14"><span class='ocrx_word' id='word_1_250' title='bbox 489 2711 875 2778; x_wconf 88' lang='lat' dir='ltr'><strong>incorporeum</strong></span> <span class='ocrx_word' id='word_1_251' title='bbox 913 2714 1020 2774; x_wconf 92' lang='lat' dir='ltr'><strong>est,</strong></span> <span class='ocrx_word' id='word_1_252' title='bbox 1047 2721 1148 2762; x_wconf 89' lang='lat' dir='ltr'><strong>nec</strong></span> <span class='ocrx_word' id='word_1_253' title='bbox 1177 2706 1412 2770; x_wconf 87' lang='lat' dir='ltr'><strong>visibile,</strong></span> <span class='ocrx_word' id='word_1_254' title='bbox 1452 2719 1554 2760; x_wconf 87' lang='lat' dir='ltr'><strong>nec</strong></span> <span class='ocrx_word' id='word_1_255' title='bbox 1570 2703 2076 2772; x_wconf 78' lang='lat' dir='ltr'><strong>circumscriptum,</strong></span> 
     </span>
    </p>
   </div>
   <div class='ocr_carea' id='block_1_40' title="bbox 491 2793 2079 2868">
    <p class='ocr_par' dir='ltr' id='par_1_40' title="bbox 491 2793 2079 2868">
     <span class='ocr_line' id='line_1_40' title="bbox 491 2793 2079 2868; baseline -0.004 -14"><span class='ocrx_word' id='word_1_256' title='bbox 491 2814 595 2854; x_wconf 87' lang='lat' dir='ltr'><strong>nec</strong></span> <span class='ocrx_word' id='word_1_257' title='bbox 625 2799 940 2868; x_wconf 81' lang='lat' dir='ltr'><strong>ﬁguratum,</strong></span> <span class='ocrx_word' id='word_1_258' title='bbox 983 2795 1161 2867; x_wconf 74' lang='lat' dir='ltr'><strong>effingi</strong></span> <span class='ocrx_word' id='word_1_259' title='bbox 1194 2811 1425 2865; x_wconf 90' lang='lat' dir='ltr'><strong>prorsus</strong></span> <span class='ocrx_word' id='word_1_260' title='bbox 1477 2793 1694 2865; x_wconf 81' lang='lat' dir='ltr'><strong>nequit.</strong></span> <span class='ocrx_word' id='word_1_261' title='bbox 1738 2794 1851 2850; x_wconf 89' lang='lat' dir='ltr'><strong>Nec</strong></span> <span class='ocrx_word' id='word_1_262' title='bbox 1900 2796 2079 2850; x_wconf 85' lang='lat' dir='ltr'><strong>minor</strong></span> 
     </span>
    </p>
   </div>
   <div class='ocr_carea' id='block_1_41' title="bbox 493 2885 2081 2960">
    <p class='ocr_par' dir='ltr' id='par_1_41' title="bbox 493 2885 2081 2960">
     <span class='ocr_line' id='line_1_41' title="bbox 493 2885 2081 2960; baseline -0.004 -16"><span class='ocrx_word' id='word_1_263' title='bbox 493 2887 637 2945; x_wconf 87' lang='lat' dir='ltr'><strong>foret</strong></span> <span class='ocrx_word' id='word_1_264' title='bbox 669 2889 942 2960; x_wconf 89' lang='lat' dir='ltr'><strong>impietas,</strong></span> <span class='ocrx_word' id='word_1_265' title='bbox 971 2887 1018 2942; x_wconf 89' lang='lat' dir='ltr'><strong>si</strong></span> <span class='ocrx_word' id='word_1_266' title='bbox 1041 2887 1342 2942; x_wconf 89' lang='lat' dir='ltr'><strong>delineatas</strong></span> <span class='ocrx_word' id='word_1_267' title='bbox 1372 2901 1402 2940; x_wconf 92' lang='lat' dir='ltr'><strong>a</strong></span> <span class='ocrx_word' id='word_1_268' title='bbox 1432 2887 1593 2941; x_wconf 88' lang='lat' dir='ltr'><strong>nobis</strong></span> <span class='ocrx_word' id='word_1_269' title='bbox 1623 2885 1908 2939; x_wconf 90' lang='lat' dir='ltr'><strong>hominum</strong></span> <span class='ocrx_word' id='word_1_270' title='bbox 1943 2885 2081 2938; x_wconf 86' lang='lat' dir='ltr'><strong>ima-</strong></span> 
     </span>
    </p>
   </div>
   <div class='ocr_carea' id='block_1_42' title="bbox 494 2978 2078 3053">
    <p class='ocr_par' dir='ltr' id='par_1_42' title="bbox 494 2978 2078 3053">
     <span class='ocr_line' id='line_1_42' title="bbox 494 2978 2078 3053; baseline -0.003 -16"><span class='ocrx_word' id='word_1_271' title='bbox 494 2983 651 3053; x_wconf 85' lang='lat' dir='ltr'><strong>gines</strong></span> <span class='ocrx_word' id='word_1_272' title='bbox 677 2981 1080 3034; x_wconf 84' lang='lat' dir='ltr'><strong>arbitraremur</strong></span> <span class='ocrx_word' id='word_1_273' title='bbox 1107 2983 1234 3034; x_wconf 86' lang='lat' dir='ltr'><strong>esse</strong></span> <span class='ocrx_word' id='word_1_274' title='bbox 1267 2978 1424 3041; x_wconf 87' lang='lat' dir='ltr'><strong>deos,</strong></span> <span class='ocrx_word' id='word_1_275' title='bbox 1451 2980 1648 3048; x_wconf 90' lang='lat' dir='ltr'><strong>eisque</strong></span> <span class='ocrx_word' id='word_1_276' title='bbox 1676 2985 1942 3047; x_wconf 88' lang='lat' dir='ltr'><strong>tanquam</strong></span> <span class='ocrx_word' id='word_1_277' title='bbox 1970 2978 2078 3033; x_wconf 85' lang='lat' dir='ltr'><strong>diis</strong></span> 
     </span>
    </p>
   </div>
   <div class='ocr_carea' id='block_1_43' title="bbox 2260 1599 3765 1671">
    <p class='ocr_par' dir='ltr' id='par_1_43' title="bbox 2260 1599 3765 1671">
     <span class='ocr_line' id='line_1_43' title="bbox 2260 1599 3765 1671; baseline -0.001 -16"><span class='ocrx_word' id='word_1_278' title='bbox 2260 1599 2330 1670; x_wconf 81' lang='grc' dir='ltr'><strong>β’.</strong></span> <span class='ocrx_word' id='word_1_279' title='bbox 2383 1600 2716 1671; x_wconf 75' lang='grc' dir='ltr'>Ἀνέστησαν</span> <span class='ocrx_word' id='word_1_280' title='bbox 2767 1599 2877 1671; x_wconf 86' lang='grc' dir='ltr'><strong>γάρ</strong></span> <span class='ocrx_word' id='word_1_281' title='bbox 2927 1617 3074 1664; x_wconf 87' lang='grc' dir='ltr'>τινες</span> <span class='ocrx_word' id='word_1_282' title='bbox 3123 1599 3414 1669; x_wconf 90' lang='grc' dir='ltr'>λέγοντες,</span> <span class='ocrx_word' id='word_1_283' title='bbox 3457 1599 3529 1662; x_wconf 85' lang='grc' dir='ltr'>ὡς</span> <span class='ocrx_word' id='word_1_284' title='bbox 3573 1602 3634 1654; x_wconf 84' lang='grc' dir='ltr'><strong>ού</strong></span> <span class='ocrx_word' id='word_1_285' title='bbox 3680 1601 3765 1654; x_wconf 84' lang='grc' dir='ltr'><strong>δεῖ</strong></span> 
     </span>
    </p>
   </div>
   <div class='ocr_carea' id='block_1_44' title="bbox 2191 1689 3761 1762">
    <p class='ocr_par' dir='ltr' id='par_1_44' title="bbox 2191 1689 3761 1762">
     <span class='ocr_line' id='line_1_44' title="bbox 2191 1689 3761 1762; baseline 0.002 -20"><span class='ocrx_word' id='word_1_286' title='bbox 2191 1689 2480 1753; x_wconf 72' lang='grc' dir='ltr'>εἰκονίζειν</span> <span class='ocrx_word' id='word_1_287' title='bbox 2536 1692 2633 1744; x_wconf 77' lang='grc' dir='ltr'><strong>καὶ</strong></span> <span class='ocrx_word' id='word_1_288' title='bbox 2684 1692 3003 1762; x_wconf 82' lang='grc' dir='ltr'>προτιθέναι</span> <span class='ocrx_word' id='word_1_289' title='bbox 3046 1692 3128 1754; x_wconf 88' lang='grc' dir='ltr'><strong>είς</strong></span> <span class='ocrx_word' id='word_1_290' title='bbox 3181 1691 3416 1762; x_wconf 84' lang='grc' dir='ltr'>θεωρίαν</span> <span class='ocrx_word' id='word_1_291' title='bbox 3461 1692 3557 1744; x_wconf 72' lang='grc' dir='ltr'>καὶ</span> <span class='ocrx_word' id='word_1_292' title='bbox 3595 1692 3761 1757; x_wconf 79' lang='grc' dir='ltr'>δόξαν</span> 
     </span>
    </p>
   </div>
   <div class='ocr_carea' id='block_1_45' title="bbox 2185 1783 3764 1858">
    <p class='ocr_par' dir='ltr' id='par_1_45' title="bbox 2185 1783 3764 1858">
     <span class='ocr_line' id='line_1_45' title="bbox 2185 1783 3764 1858; baseline 0.001 -22"><span class='ocrx_word' id='word_1_293' title='bbox 2185 1784 2283 1837; x_wconf 76' lang='grc' dir='ltr'><strong>καὶ</strong></span> <span class='ocrx_word' id='word_1_294' title='bbox 2315 1783 2502 1854; x_wconf 86' lang='grc' dir='ltr'>θαῦμα</span> <span class='ocrx_word' id='word_1_295' title='bbox 2529 1785 2623 1838; x_wconf 78' lang='grc' dir='ltr'>καί,</span> <span class='ocrx_word' id='word_1_296' title='bbox 2659 1783 2822 1855; x_wconf 78' lang='grc' dir='ltr'>ζῆλον</span> <span class='ocrx_word' id='word_1_297' title='bbox 2850 1784 2920 1838; x_wconf 85' lang='grc' dir='ltr'>τὰ</span> <span class='ocrx_word' id='word_1_298' title='bbox 2949 1784 3046 1838; x_wconf 86' lang='grc' dir='ltr'><strong>τοῦ</strong></span> <span class='ocrx_word' id='word_1_299' title='bbox 3078 1785 3320 1856; x_wconf 83' lang='grc' dir='ltr'>Χριστοῦ</span> <span class='ocrx_word' id='word_1_300' title='bbox 3352 1787 3595 1858; x_wconf 75' lang='grc' dir='ltr'>σωτήρια</span> <span class='ocrx_word' id='word_1_301' title='bbox 3624 1787 3764 1840; x_wconf 85' lang='grc' dir='ltr'>θαυ-</span> 
     </span>
    </p>
   </div>
   <div class='ocr_carea' id='block_1_46' title="bbox 2185 1874 3763 1949">
    <p class='ocr_par' dir='ltr' id='par_1_46' title="bbox 2185 1874 3763 1949">
     <span class='ocr_line' id='line_1_46' title="bbox 2185 1874 3763 1949; baseline 0.002 -21"><span class='ocrx_word' id='word_1_302' title='bbox 2185 1875 2334 1945; x_wconf 90' lang='grc' dir='ltr'>ματά</span> <span class='ocrx_word' id='word_1_303' title='bbox 2361 1891 2423 1928; x_wconf 88' lang='grc' dir='ltr'><strong>τε</strong></span> <span class='ocrx_word' id='word_1_304' title='bbox 2458 1875 2554 1929; x_wconf 71' lang='grc' dir='ltr'><strong>καί⁸</strong></span> <span class='ocrx_word' id='word_1_305' title='bbox 2577 1875 2726 1946; x_wconf 91' lang='grc' dir='ltr'>πάθη</span> <span class='ocrx_word' id='word_1_306' title='bbox 2747 1914 2762 1939; x_wconf 88' lang='grc'><strong>,</strong></span> <span class='ocrx_word' id='word_1_307' title='bbox 2795 1875 2891 1929; x_wconf 71' lang='grc' dir='ltr'><strong>καὶ</strong></span> <span class='ocrx_word' id='word_1_308' title='bbox 2914 1875 3013 1939; x_wconf 85' lang='grc' dir='ltr'>τὰς</span> <span class='ocrx_word' id='word_1_309' title='bbox 3037 1874 3146 1929; x_wconf 89' lang='grc' dir='ltr'><strong>τῶν</strong></span> <span class='ocrx_word' id='word_1_310' title='bbox 3185 1876 3360 1944; x_wconf 84' lang='grc' dir='ltr'>ἁγίων</span> <span class='ocrx_word' id='word_1_311' title='bbox 3389 1877 3763 1949; x_wconf 80' lang='grc' dir='ltr'>ἀνδραγαθίας</span> 
     </span>
    </p>
   </div>
   <div class='ocr_carea' id='block_1_47' title="bbox 2184 1966 3763 2038">
    <p class='ocr_par' dir='ltr' id='par_1_47' title="bbox 2184 1966 3763 2038">
     <span class='ocr_line' id='line_1_47' title="bbox 2184 1966 3763 2038; baseline 0.004 -19"><span class='ocrx_word' id='word_1_312' title='bbox 2184 1966 2336 2020; x_wconf 78' lang='grc' dir='ltr'>κατὰ</span> <span class='ocrx_word' id='word_1_313' title='bbox 2364 1967 2461 2020; x_wconf 85' lang='grc' dir='ltr'><strong>τοῦ</strong></span> <span class='ocrx_word' id='word_1_314' title='bbox 2498 1966 2774 2022; x_wconf 89' lang='grc' dir='ltr'>διαϐόλου.</span> <span class='ocrx_word' id='word_1_315' title='bbox 2808 1968 2919 2021; x_wconf 72' lang='grc' dir='ltr'><strong>Καὶ</strong></span> <span class='ocrx_word' id='word_1_316' title='bbox 2945 1968 3032 2031; x_wconf 86' lang='grc' dir='ltr'><strong>τίς</strong></span> <span class='ocrx_word' id='word_1_317' title='bbox 3078 1967 3218 2038; x_wconf 74' lang='grc' dir='ltr'>ἔχων</span> <span class='ocrx_word' id='word_1_318' title='bbox 3256 1969 3460 2037; x_wconf 87' lang='grc' dir='ltr'>γνῶσιν</span> <span class='ocrx_word' id='word_1_319' title='bbox 3483 1969 3635 2024; x_wconf 85' lang='grc' dir='ltr'>θείαν</span> <span class='ocrx_word' id='word_1_320' title='bbox 3664 1973 3763 2025; x_wconf 83' lang='grc' dir='ltr'>καὶ</span> 
     </span>
    </p>
   </div>
   <div class='ocr_carea' id='block_1_48' title="bbox 2184 2057 3762 2128">
    <p class='ocr_par' dir='ltr' id='par_1_48' title="bbox 2184 2057 3762 2128">
     <span class='ocr_line' id='line_1_48' title="bbox 2184 2057 3762 2128; baseline 0.001 -19"><span class='ocrx_word' id='word_1_321' title='bbox 2184 2057 2400 2111; x_wconf 87' lang='grc' dir='ltr'>σύνεσιν</span> <span class='ocrx_word' id='word_1_322' title='bbox 2441 2059 2860 2128; x_wconf 80' lang='grc' dir='ltr'>πνευματικὴν,</span> <span class='ocrx_word' id='word_1_323' title='bbox 2913 2058 3016 2112; x_wconf 76' lang='grc' dir='ltr'><strong>οὐκ</strong></span> <span class='ocrx_word' id='word_1_324' title='bbox 3057 2057 3418 2126; x_wconf 69' lang='grc' dir='ltr'>’ἐπιγινώσκει</span> <span class='ocrx_word' id='word_1_325' title='bbox 3443 2098 3459 2122; x_wconf 89' lang='grc'><strong>,</strong></span> <span class='ocrx_word' id='word_1_326' title='bbox 3501 2059 3585 2112; x_wconf 81' lang='grc' dir='ltr'>ὅτι</span> <span class='ocrx_word' id='word_1_327' title='bbox 3629 2061 3762 2112; x_wconf 74' lang='grc' dir='ltr'>ὑπο·</span> 
     </span>
    </p>
   </div>
   <div class='ocr_carea' id='block_1_49' title="bbox 2186 2147 3762 2224">
    <p class='ocr_par' dir='ltr' id='par_1_49' title="bbox 2186 2147 3762 2224">
     <span class='ocr_line' id='line_1_49' title="bbox 2186 2147 3762 2224; baseline 0.002 -21"><span class='ocrx_word' id='word_1_328' title='bbox 2186 2150 2318 2224; x_wconf 77' lang='grc' dir='ltr'>ϐολὴ</span> <span class='ocrx_word' id='word_1_329' title='bbox 2339 2151 2435 2204; x_wconf 88' lang='grc' dir='ltr'><strong>τοῦ</strong></span> <span class='ocrx_word' id='word_1_330' title='bbox 2475 2151 2729 2206; x_wconf 87' lang='grc' dir='ltr'>διαϐόλου</span> <span class='ocrx_word' id='word_1_331' title='bbox 2777 2153 2969 2220; x_wconf 76' lang='grc' dir='ltr'>ὲστίνς</span> <span class='ocrx_word' id='word_1_332' title='bbox 3010 2154 3073 2207; x_wconf 82' lang='grc' dir='ltr'><strong>ού</strong></span> <span class='ocrx_word' id='word_1_333' title='bbox 3125 2153 3270 2206; x_wconf 88' lang='grc' dir='ltr'>θέλει</span> <span class='ocrx_word' id='word_1_334' title='bbox 3317 2153 3427 2224; x_wconf 84' lang='grc' dir='ltr'>γὰρ</span> <span class='ocrx_word' id='word_1_335' title='bbox 3463 2153 3562 2224; x_wconf 83' lang='grc' dir='ltr'>τὴν</span> <span class='ocrx_word' id='word_1_336' title='bbox 3588 2147 3762 2224; x_wconf 82' lang='grc' dir='ltr'>ἧτταν</span> 
     </span>
    </p>
   </div>
   <div class='ocr_carea' id='block_1_50' title="bbox 2181 2243 3762 2317">
    <p class='ocr_par' dir='ltr' id='par_1_50' title="bbox 2181 2243 3762 2317">
     <span class='ocr_line' id='line_1_50' title="bbox 2181 2243 3762 2317; baseline 0 -19"><span class='ocrx_word' id='word_1_337' title='bbox 2181 2243 2279 2298; x_wconf 79' lang='grc' dir='ltr'><strong>καὶ</strong></span> <span class='ocrx_word' id='word_1_338' title='bbox 2320 2244 2420 2314; x_wconf 75' lang='grc' dir='ltr'><strong>τὴν</strong></span> <span class='ocrx_word' id='word_1_339' title='bbox 2466 2244 2732 2316; x_wconf 79' lang='grc' dir='ltr'>αἰσχύνην</span> <span class='ocrx_word' id='word_1_340' title='bbox 2781 2245 2948 2299; x_wconf 82' lang='grc' dir='ltr'>αὑτοῦ</span> <span class='ocrx_word' id='word_1_341' title='bbox 2981 2244 3444 2316; x_wconf 87' lang='grc' dir='ltr'>δημοσιεύεσθαι,</span> <span class='ocrx_word' id='word_1_342' title='bbox 3495 2246 3616 2299; x_wconf 83' lang='grc' dir='ltr'>οὐδὲ</span> <span class='ocrx_word' id='word_1_343' title='bbox 3658 2247 3762 2317; x_wconf 76' lang='grc' dir='ltr'><strong>τὴν</strong></span> 
     </span>
    </p>
   </div>
   <div class='ocr_carea' id='block_1_51' title="bbox 2179 2333 3763 2406">
    <p class='ocr_par' dir='ltr' id='par_1_51' title="bbox 2179 2333 3763 2406">
     <span class='ocr_line' id='line_1_51' title="bbox 2179 2333 3763 2406; baseline 0.001 -18"><span class='ocrx_word' id='word_1_344' title='bbox 2179 2333 2273 2388; x_wconf 90' lang='grc' dir='ltr'><strong>τοῦ</strong></span> <span class='ocrx_word' id='word_1_345' title='bbox 2300 2334 2434 2388; x_wconf 81' lang='grc' dir='ltr'>Θεοῦ</span> <span class='ocrx_word' id='word_1_346' title='bbox 2461 2335 2554 2389; x_wconf 75' lang='grc' dir='ltr'><strong>καὶ</strong></span> <span class='ocrx_word' id='word_1_347' title='bbox 2589 2335 2698 2388; x_wconf 89' lang='grc' dir='ltr'><strong>τῶν</strong></span> <span class='ocrx_word' id='word_1_348' title='bbox 2736 2335 2910 2405; x_wconf 85' lang='grc' dir='ltr'>ἁγίων</span> <span class='ocrx_word' id='word_1_349' title='bbox 2980 2336 3146 2389; x_wconf 84' lang='grc' dir='ltr'>αὐτοῦ</span> <span class='ocrx_word' id='word_1_350' title='bbox 3193 2336 3363 2401; x_wconf 82' lang='grc' dir='ltr'>δόξαν</span> <span class='ocrx_word' id='word_1_351' title='bbox 3407 2337 3763 2406; x_wconf 78' lang='grc' dir='ltr'>ἀνάγραπτον</span> 
     </span>
    </p>
   </div>
   <div class='ocr_carea' id='block_1_52' title="bbox 2179 2423 3764 2500">
    <p class='ocr_par' dir='ltr' id='par_1_52' title="bbox 2179 2423 3764 2500">
     <span class='ocr_line' id='line_1_52' title="bbox 2179 2423 3764 2500; baseline 0.002 -22"><span class='ocrx_word' id='word_1_352' title='bbox 2179 2423 2452 2494; x_wconf 79' lang='grc' dir='ltr'>γίνεσθαι.</span> <span class='ocrx_word' id='word_1_353' title='bbox 2484 2426 2547 2479; x_wconf 85' lang='grc' dir='ltr'>Εἰ</span> <span class='ocrx_word' id='word_1_354' title='bbox 2584 2425 2687 2496; x_wconf 83' lang='grc' dir='ltr'>μὲν</span> <span class='ocrx_word' id='word_1_355' title='bbox 2717 2426 2826 2498; x_wconf 83' lang='grc' dir='ltr'><strong>γάρ</strong></span> <span class='ocrx_word' id='word_1_356' title='bbox 2854 2423 2950 2480; x_wconf 88' lang='grc' dir='ltr'><strong>τοῦ</strong></span> <span class='ocrx_word' id='word_1_357' title='bbox 2995 2425 3131 2480; x_wconf 82' lang='grc' dir='ltr'>Θεοῦ</span> <span class='ocrx_word' id='word_1_358' title='bbox 3169 2427 3266 2480; x_wconf 87' lang='grc' dir='ltr'><strong>τοῦ</strong></span> <span class='ocrx_word' id='word_1_359' title='bbox 3305 2427 3539 2500; x_wconf 79' lang='grc' dir='ltr'>ἀοράτου</span> <span class='ocrx_word' id='word_1_360' title='bbox 3574 2428 3764 2481; x_wconf 86' lang='grc' dir='ltr'>εἰκόνα</span> 
     </span>
    </p>
   </div>
   <div class='ocr_carea' id='block_1_53' title="bbox 2180 2517 3767 2589">
    <p class='ocr_par' dir='ltr' id='par_1_53' title="bbox 2180 2517 3767 2589">
     <span class='ocr_line' id='line_1_53' title="bbox 2180 2517 3767 2589; baseline 0.002 -20"><span class='ocrx_word' id='word_1_361' title='bbox 2180 2517 2509 2587; x_wconf 76' lang='grc' dir='ltr'>ἐποιοῦμεν,</span> <span class='ocrx_word' id='word_1_362' title='bbox 2556 2517 2728 2581; x_wconf 76' lang='grc' dir='ltr'>ὄντως</span> <span class='ocrx_word' id='word_1_363' title='bbox 2772 2517 3195 2589; x_wconf 75' lang='grc' dir='ltr'>ἡμαρτάνομενο</span> <span class='ocrx_word' id='word_1_364' title='bbox 3240 2518 3504 2572; x_wconf 81' lang='grc' dir='ltr'>ἀδύνατον</span> <span class='ocrx_word' id='word_1_365' title='bbox 3551 2518 3658 2588; x_wconf 79' lang='grc' dir='ltr'><strong>γάρ</strong></span> <span class='ocrx_word' id='word_1_366' title='bbox 3699 2519 3767 2572; x_wconf 78' lang='grc' dir='ltr'><strong>τδ</strong></span> 
     </span>
    </p>
   </div>
   <div class='ocr_carea' id='block_1_54' title="bbox 2180 2608 3766 2682">
    <p class='ocr_par' dir='ltr' id='par_1_54' title="bbox 2180 2608 3766 2682">
     <span class='ocr_line' id='line_1_54' title="bbox 2180 2608 3766 2682; baseline -0.001 -19"><span class='ocrx_word' id='word_1_367' title='bbox 2180 2608 2475 2679; x_wconf 83' lang='grc' dir='ltr'>ἀσώματον</span> <span class='ocrx_word' id='word_1_368' title='bbox 2510 2608 2606 2663; x_wconf 78' lang='grc' dir='ltr'>καὶ</span> <span class='ocrx_word' id='word_1_369' title='bbox 2628 2609 3036 2680; x_wconf 83' lang='grc' dir='ltr'>ἀσχημάτιστον</span> <span class='ocrx_word' id='word_1_370' title='bbox 3064 2610 3158 2663; x_wconf 75' lang='grc' dir='ltr'>καὶ</span> <span class='ocrx_word' id='word_1_371' title='bbox 3185 2610 3420 2682; x_wconf 85' lang='grc' dir='ltr'>ἀόρατον</span> <span class='ocrx_word' id='word_1_372' title='bbox 3459 2611 3554 2663; x_wconf 68' lang='grc' dir='ltr'><strong>καί⁸</strong></span> <span class='ocrx_word' id='word_1_373' title='bbox 3576 2611 3766 2681; x_wconf 85' lang='grc' dir='ltr'>ἀπερί-</span> 
     </span>
    </p>
   </div>
   <div class='ocr_carea' id='block_1_55' title="bbox 2175 2701 3764 2775">
    <p class='ocr_par' dir='ltr' id='par_1_55' title="bbox 2175 2701 3764 2775">
     <span class='ocr_line' id='line_1_55' title="bbox 2175 2701 3764 2775; baseline -0.002 -18"><span class='ocrx_word' id='word_1_374' title='bbox 2175 2719 2447 2775; x_wconf 83' lang='grc' dir='ltr'>γραπτον,</span> <span class='ocrx_word' id='word_1_375' title='bbox 2485 2702 2875 2772; x_wconf 84' lang='grc' dir='ltr'>εἰκονισθῆναι.</span> <span class='ocrx_word' id='word_1_376' title='bbox 2916 2702 3028 2756; x_wconf 77' lang='grc' dir='ltr'><strong>Καὶ</strong></span> <span class='ocrx_word' id='word_1_377' title='bbox 3058 2701 3225 2756; x_wconf 83' lang='grc' dir='ltr'>πάλιν</span> <span class='ocrx_word' id='word_1_378' title='bbox 3250 2744 3265 2770; x_wconf 90' lang='grc'><strong>,</strong></span> <span class='ocrx_word' id='word_1_379' title='bbox 3295 2703 3346 2755; x_wconf 80' lang='grc' dir='ltr'><strong>εἰ</strong></span> <span class='ocrx_word' id='word_1_380' title='bbox 3377 2701 3414 2757; x_wconf 77' lang='grc' dir='ltr'>ἃ</span> <span class='ocrx_word' id='word_1_381' title='bbox 3444 2701 3764 2772; x_wconf 77' lang='grc' dir='ltr'>ἐποιοῦμεν,</span> 
     </span>
    </p>
   </div>
   <div class='ocr_carea' id='block_1_56' title="bbox 2176 2794 3768 2868">
    <p class='ocr_par' dir='ltr' id='par_1_56' title="bbox 2176 2794 3768 2868">
     <span class='ocr_line' id='line_1_56' title="bbox 2176 2794 3768 2868; baseline -0.001 -19"><span class='ocrx_word' id='word_1_382' title='bbox 2176 2796 2338 2860; x_wconf 81' lang='grc' dir='ltr'>’θεοὺς</span> <span class='ocrx_word' id='word_1_383' title='bbox 2366 2795 2648 2868; x_wconf 77' lang='grc' dir='ltr'>ἡγούμεθα</span> <span class='ocrx_word' id='word_1_384' title='bbox 2676 2838 2691 2861; x_wconf 83' lang='grc'><strong>,</strong></span> <span class='ocrx_word' id='word_1_385' title='bbox 2727 2796 2823 2849; x_wconf 70' lang='grc' dir='ltr'><strong>καὶ</strong></span> <span class='ocrx_word' id='word_1_386' title='bbox 2853 2794 2934 2860; x_wconf 80' lang='grc' dir='ltr'>-ῶς</span> <span class='ocrx_word' id='word_1_387' title='bbox 2975 2795 3118 2858; x_wconf 81' lang='grc' dir='ltr'>θεοῖς</span> <span class='ocrx_word' id='word_1_388' title='bbox 3144 2795 3510 2868; x_wconf 80' lang='grc' dir='ltr'>ἐλατρεύομεν</span> <span class='ocrx_word' id='word_1_389' title='bbox 3534 2837 3551 2862; x_wconf 88' lang='grc'><strong>,</strong></span> <span class='ocrx_word' id='word_1_390' title='bbox 3589 2797 3768 2858; x_wconf 75' lang='grc' dir='ltr'>ὅντως</span> 
     </span>
    </p>
   </div>
   <div class='ocr_carea' id='block_1_57' title="bbox 2179 2885 3768 2959">
    <p class='ocr_par' dir='ltr' id='par_1_57' title="bbox 2179 2885 3768 2959">
     <span class='ocr_line' id='line_1_57' title="bbox 2179 2885 3768 2959; baseline -0.001 -18"><span class='ocrx_word' id='word_1_391' title='bbox 2179 2888 2488 2959; x_wconf 72' lang='grc' dir='ltr'>ἠσεϐοῦμεν</span> <span class='ocrx_word' id='word_1_392' title='bbox 2512 2904 2527 2919; x_wconf 79' lang='grc' dir='ltr'><strong><em>ο</em></strong></span> <span class='ocrx_word' id='word_1_393' title='bbox 2578 2886 2692 2940; x_wconf 83' lang='grc' dir='ltr'>ἀλλ’</span> <span class='ocrx_word' id='word_1_394' title='bbox 2727 2886 2880 2941; x_wconf 78' lang='grc' dir='ltr'>οὐδὲν</span> <span class='ocrx_word' id='word_1_395' title='bbox 2919 2885 3127 2941; x_wconf 84' lang='grc' dir='ltr'>τούτων</span> <span class='ocrx_word' id='word_1_396' title='bbox 3163 2886 3451 2958; x_wconf 89' lang='grc' dir='ltr'>ποιοῦμεν.</span> <span class='ocrx_word' id='word_1_397' title='bbox 3481 2886 3624 2940; x_wconf 81' lang='grc' dir='ltr'>Θεοῦ</span> <span class='ocrx_word' id='word_1_398' title='bbox 3657 2888 3768 2959; x_wconf 82' lang='grc' dir='ltr'><strong>γὰρ</strong></span> 
     </span>
    </p>
   </div>
   <div class='ocr_carea' id='block_1_58' title="bbox 2183 2977 3768 3051">
    <p class='ocr_par' dir='ltr' id='par_1_58' title="bbox 2183 2977 3768 3051">
     <span class='ocr_line' id='line_1_58' title="bbox 2183 2977 3768 3051; baseline 0.001 -20"><span class='ocrx_word' id='word_1_399' title='bbox 2183 2979 2574 3051; x_wconf 86' lang='grc' dir='ltr'>σαρκωθέντος</span> <span class='ocrx_word' id='word_1_400' title='bbox 2607 2979 2703 3032; x_wconf 75' lang='grc' dir='ltr'>καὶ</span> <span class='ocrx_word' id='word_1_401' title='bbox 2744 2977 3006 3044; x_wconf 72' lang='grc' dir='ltr'>ὀφθέντος</span> <span class='ocrx_word' id='word_1_402' title='bbox 3042 2979 3136 3032; x_wconf 73' lang='grc' dir='ltr'><strong>ἐπὶ</strong></span> <span class='ocrx_word' id='word_1_403' title='bbox 3167 2980 3270 3050; x_wconf 79' lang='grc' dir='ltr'>τῆς</span> <span class='ocrx_word' id='word_1_404' title='bbox 3298 2979 3404 3050; x_wconf 79' lang='grc' dir='ltr'><strong>γῆς</strong></span> <span class='ocrx_word' id='word_1_405' title='bbox 3449 2979 3641 3050; x_wconf 71' lang='grc' dir='ltr'>σαρκὶ,</span> <span class='ocrx_word' id='word_1_406' title='bbox 3673 2979 3768 3033; x_wconf 77' lang='grc' dir='ltr'>καὶ</span> 
     </span>
    </p>
   </div>
   <div class='ocr_carea' id='block_1_59' title="bbox 493 3069 2076 3145">
    <p class='ocr_par' dir='ltr' id='par_1_59' title="bbox 493 3069 2075 3140">
     <span class='ocr_line' id='line_1_59' title="bbox 493 3069 2075 3140; baseline -0.001 -16"><span class='ocrx_word' id='word_1_407' title='bbox 493 3070 716 3125; x_wconf 83' lang='lat' dir='ltr'><strong>divinos</strong></span> <span class='ocrx_word' id='word_1_408' title='bbox 748 3070 988 3125; x_wconf 90' lang='lat' dir='ltr'><strong>honores</strong></span> <span class='ocrx_word' id='word_1_409' title='bbox 1019 3069 1408 3140; x_wconf 89' lang='lat' dir='ltr'><strong>penderemus.</strong></span> <span class='ocrx_word' id='word_1_410' title='bbox 1431 3069 1501 3122; x_wconf 87' lang='lat' dir='ltr'><strong>At</strong></span> <span class='ocrx_word' id='word_1_411' title='bbox 1528 3069 1668 3122; x_wconf 89' lang='lat' dir='ltr'><strong>nihil</strong></span> <span class='ocrx_word' id='word_1_412' title='bbox 1701 3070 1809 3123; x_wconf 87' lang='lat' dir='ltr'><strong>tale</strong></span> <span class='ocrx_word' id='word_1_413' title='bbox 1829 3069 2075 3125; x_wconf 88' lang='lat' dir='ltr'><strong>admitti-</strong></span> 
     </span>
    </p>
   </div>
   <div class='ocr_carea' id='block_1_60' title="bbox 2170 3069 3766 3145">
    <p class='ocr_par' dir='ltr' id='par_1_60' title="bbox 2184 3069 3766 3142">
     <span class='ocr_line' id='line_1_60' title="bbox 2184 3069 3766 3142; baseline 0 -19"><span class='ocrx_word' id='word_1_414' title='bbox 2184 3069 2498 3140; x_wconf 84' lang='grc' dir='ltr'>ἀνθρώποις</span> <span class='ocrx_word' id='word_1_415' title='bbox 2523 3069 3065 3140; x_wconf 80' lang='grc' dir='ltr'>συναναστραφέντος</span> <span class='ocrx_word' id='word_1_416' title='bbox 3095 3070 3162 3124; x_wconf 72' lang='grc' dir='ltr'>δι’</span> <span class='ocrx_word' id='word_1_417' title='bbox 3184 3071 3395 3140; x_wconf 69' lang='grc' dir='ltr'>ἄφατον</span> <span class='ocrx_word' id='word_1_418' title='bbox 3423 3071 3766 3142; x_wconf 54' lang='grc' dir='ltr'>ἀγαθότλητα,</span> 
     </span>
    </p>
   </div>
   <div class='ocr_carea' id='block_1_61' title="bbox 492 3159 2076 3232">
    <p class='ocr_par' dir='ltr' id='par_1_61' title="bbox 492 3159 2076 3232">
     <span class='ocr_line' id='line_1_61' title="bbox 492 3159 2076 3232; baseline -0.001 -19"><span class='ocrx_word' id='word_1_419' title='bbox 492 3177 619 3217; x_wconf 90' lang='lat' dir='ltr'><strong>mus</strong></span> <span class='ocrx_word' id='word_1_420' title='bbox 655 3178 670 3216; x_wconf 90' lang='lat'><strong>:</strong></span> <span class='ocrx_word' id='word_1_421' title='bbox 704 3175 920 3228; x_wconf 87' lang='lat' dir='ltr'><strong>verum,</strong></span> <span class='ocrx_word' id='word_1_422' title='bbox 953 3159 1176 3232; x_wconf 90' lang='lat' dir='ltr'><strong>quando</strong></span> <span class='ocrx_word' id='word_1_423' title='bbox 1208 3161 1354 3215; x_wconf 90' lang='lat' dir='ltr'><strong>Deus</strong></span> <span class='ocrx_word' id='word_1_424' title='bbox 1392 3174 1490 3230; x_wconf 90' lang='lat' dir='ltr'><strong>pro</strong></span> <span class='ocrx_word' id='word_1_425' title='bbox 1516 3160 1884 3214; x_wconf 85' lang='lat' dir='ltr'><strong>inenarrabili</strong></span> <span class='ocrx_word' id='word_1_426' title='bbox 1916 3159 2076 3214; x_wconf 90' lang='lat' dir='ltr'><strong>boni-</strong></span> 
     </span>
    </p>
   </div>
   <div class='ocr_carea' id='block_1_62' title="bbox 489 3252 2080 3317">
    <p class='ocr_par' dir='ltr' id='par_1_62' title="bbox 489 3252 2080 3317">
     <span class='ocr_line' id='line_1_62' title="bbox 489 3252 2080 3317; baseline 0.001 -10"><span class='ocrx_word' id='word_1_427' title='bbox 489 3258 601 3307; x_wconf 89' lang='lat' dir='ltr'><strong>tate</strong></span> <span class='ocrx_word' id='word_1_428' title='bbox 632 3266 734 3307; x_wconf 89' lang='lat' dir='ltr'><strong>sua</strong></span> <span class='ocrx_word' id='word_1_429' title='bbox 765 3253 941 3306; x_wconf 91' lang='lat' dir='ltr'><strong>factus</strong></span> <span class='ocrx_word' id='word_1_430' title='bbox 977 3259 1064 3306; x_wconf 89' lang='lat' dir='ltr'><strong>est</strong></span> <span class='ocrx_word' id='word_1_431' title='bbox 1098 3266 1252 3317; x_wconf 90' lang='lat' dir='ltr'><strong>caro,</strong></span> <span class='ocrx_word' id='word_1_432' title='bbox 1303 3259 1358 3306; x_wconf 90' lang='lat' dir='ltr'><strong>et</strong></span> <span class='ocrx_word' id='word_1_433' title='bbox 1406 3266 1574 3307; x_wconf 88' lang='lat' dir='ltr'><strong>carne</strong></span> <span class='ocrx_word' id='word_1_434' title='bbox 1619 3252 1675 3306; x_wconf 91' lang='lat' dir='ltr'><strong>in</strong></span> <span class='ocrx_word' id='word_1_435' title='bbox 1723 3255 1892 3308; x_wconf 91' lang='lat' dir='ltr'><strong>terris</strong></span> <span class='ocrx_word' id='word_1_436' title='bbox 1923 3254 2080 3308; x_wconf 90' lang='lat' dir='ltr'><strong>visus</strong></span> 
     </span>
    </p>
   </div>
   <div class='ocr_carea' id='block_1_63' title="bbox 491 3342 2083 3416">
    <p class='ocr_par' dir='ltr' id='par_1_63' title="bbox 491 3342 2083 3416">
     <span class='ocr_line' id='line_1_63' title="bbox 491 3342 2083 3416; baseline -0.001 -18"><span class='ocrx_word' id='word_1_437' title='bbox 491 3350 597 3410; x_wconf 91' lang='lat' dir='ltr'><strong>est,</strong></span> <span class='ocrx_word' id='word_1_438' title='bbox 630 3351 682 3398; x_wconf 91' lang='lat' dir='ltr'><strong>et</strong></span> <span class='ocrx_word' id='word_1_439' title='bbox 711 3360 834 3397; x_wconf 91' lang='lat' dir='ltr'><strong>cum</strong></span> <span class='ocrx_word' id='word_1_440' title='bbox 867 3342 1184 3416; x_wconf 81' lang='lat' dir='ltr'><strong>hominibus</strong></span> <span class='ocrx_word' id='word_1_441' title='bbox 1219 3350 1582 3399; x_wconf 89' lang='lat' dir='ltr'><strong>conversatus</strong></span> <span class='ocrx_word' id='word_1_442' title='bbox 1615 3351 1700 3397; x_wconf 91' lang='lat' dir='ltr'><strong>est</strong></span> <span class='ocrx_word' id='word_1_443' title='bbox 1722 3345 1768 3408; x_wconf 84' lang='grc'>⁹,</span> <span class='ocrx_word' id='word_1_444' title='bbox 1801 3351 2083 3398; x_wconf 89' lang='lat' dir='ltr'><strong>naturam-</strong></span> 
     </span>
    </p>
   </div>
   <div class='ocr_carea' id='block_1_64' title="bbox 493 3434 2080 3506">
    <p class='ocr_par' dir='ltr' id='par_1_64' title="bbox 493 3434 2080 3506">
     <span class='ocr_line' id='line_1_64' title="bbox 493 3434 2080 3506; baseline 0.002 -21"><span class='ocrx_word' id='word_1_445' title='bbox 493 3450 602 3502; x_wconf 87' lang='lat' dir='ltr'><strong>que</strong></span> <span class='ocrx_word' id='word_1_446' title='bbox 655 3443 933 3498; x_wconf 89' lang='lat' dir='ltr'><strong>nostram,</strong></span> <span class='ocrx_word' id='word_1_447' title='bbox 985 3450 1201 3490; x_wconf 90' lang='lat' dir='ltr'><strong>necnon</strong></span> <span class='ocrx_word' id='word_1_448' title='bbox 1247 3434 1700 3505; x_wconf 86' lang='lat' dir='ltr'><strong>spissitudinem,</strong></span> <span class='ocrx_word' id='word_1_449' title='bbox 1735 3443 1790 3490; x_wconf 89' lang='lat' dir='ltr'><strong>et</strong></span> <span class='ocrx_word' id='word_1_450' title='bbox 1825 3437 2080 3506; x_wconf 84' lang='lat' dir='ltr'><strong>figuram,</strong></span> 
     </span>
    </p>
   </div>
   <div class='ocr_carea' id='block_1_65' title="bbox 494 3525 2077 3598">
    <p class='ocr_par' dir='ltr' id='par_1_65' title="bbox 494 3525 2077 3598">
     <span class='ocr_line' id='line_1_65' title="bbox 494 3525 2077 3598; baseline 0.003 -21"><span class='ocrx_word' id='word_1_451' title='bbox 494 3533 553 3578; x_wconf 89' lang='lat' dir='ltr'><strong>et</strong></span> <span class='ocrx_word' id='word_1_452' title='bbox 585 3525 823 3578; x_wconf 87' lang='lat' dir='ltr'><strong>colorem</strong></span> <span class='ocrx_word' id='word_1_453' title='bbox 864 3527 1051 3582; x_wconf 90' lang='lat' dir='ltr'><strong>carnis</strong></span> <span class='ocrx_word' id='word_1_454' title='bbox 1089 3527 1408 3598; x_wconf 85' lang='lat' dir='ltr'><strong>assumpsit,</strong></span> <span class='ocrx_word' id='word_1_455' title='bbox 1449 3541 1798 3598; x_wconf 89' lang='lat' dir='ltr'><strong>nequaquam</strong></span> <span class='ocrx_word' id='word_1_456' title='bbox 1847 3528 2077 3584; x_wconf 89' lang='lat' dir='ltr'><strong>aberra-</strong></span> 
     </span>
    </p>
   </div>
   <div class='ocr_carea' id='block_1_66' title="bbox 496 3616 2076 3687">
    <p class='ocr_par' dir='ltr' id='par_1_66' title="bbox 496 3616 2076 3687">
     <span class='ocr_line' id='line_1_66' title="bbox 496 3616 2076 3687; baseline 0.002 -18"><span class='ocrx_word' id='word_1_457' title='bbox 496 3630 642 3682; x_wconf 88' lang='lat' dir='ltr'><strong>mus,</strong></span> <span class='ocrx_word' id='word_1_458' title='bbox 673 3616 794 3684; x_wconf 85' lang='lat' dir='ltr'><strong>ejus</strong></span> <span class='ocrx_word' id='word_1_459' title='bbox 843 3616 1141 3687; x_wconf 87' lang='lat' dir='ltr'><strong>imaginem</strong></span> <span class='ocrx_word' id='word_1_460' title='bbox 1193 3617 1575 3687; x_wconf 81' lang='lat' dir='ltr'><strong>exprimendo.</strong></span> <span class='ocrx_word' id='word_1_461' title='bbox 1623 3617 1882 3672; x_wconf 89' lang='lat' dir='ltr'><strong>Formam</strong></span> <span class='ocrx_word' id='word_1_462' title='bbox 1931 3619 2076 3673; x_wconf 91' lang='lat' dir='ltr'><strong>enim</strong></span> 
     </span>
    </p>
   </div>
   <div class='ocr_carea' id='block_1_67' title="bbox 496 3707 2074 3779">
    <p class='ocr_par' dir='ltr' id='par_1_67' title="bbox 496 3707 2074 3779">
     <span class='ocr_line' id='line_1_67' title="bbox 496 3707 2074 3779; baseline 0.002 -19"><span class='ocrx_word' id='word_1_463' title='bbox 496 3708 646 3762; x_wconf 88' lang='lat' dir='ltr'><strong>illius</strong></span> <span class='ocrx_word' id='word_1_464' title='bbox 693 3709 878 3763; x_wconf 89' lang='lat' dir='ltr'><strong>videre</strong></span> <span class='ocrx_word' id='word_1_465' title='bbox 922 3717 1304 3779; x_wconf 88' lang='lat' dir='ltr'><strong>peroptamus.</strong></span> <span class='ocrx_word' id='word_1_466' title='bbox 1342 3707 1500 3770; x_wconf 84' lang='lat' dir='ltr'><strong>Nam,</strong></span> <span class='ocrx_word' id='word_1_467' title='bbox 1544 3716 1604 3762; x_wconf 94' lang='lat' dir='ltr'><strong>ut</strong></span> <span class='ocrx_word' id='word_1_468' title='bbox 1632 3709 1709 3763; x_wconf 91' lang='lat' dir='ltr'><strong>ait</strong></span> <span class='ocrx_word' id='word_1_469' title='bbox 1737 3709 2074 3779; x_wconf 86' lang='lat' dir='ltr'><strong>Apostolus:</strong></span> 
     </span>
    </p>
   </div>
   <div class='ocr_carea' id='block_1_68' title="bbox 510 3795 2072 3870">
    <p class='ocr_par' dir='ltr' id='par_1_68' title="bbox 510 3795 2072 3870">
     <span class='ocr_line' id='line_1_68' title="bbox 510 3795 2072 3870; baseline 0.004 -25"><span class='ocrx_word' id='word_1_470' title='bbox 510 3811 531 3845; x_wconf 73' lang='grc' dir='ltr'><strong>ι</strong></span> <span class='ocrx_word' id='word_1_471' title='bbox 562 3795 824 3853; x_wconf 82' lang='lat' dir='ltr'><strong>Videmus</strong></span> <span class='ocrx_word' id='word_1_472' title='bbox 868 3813 1015 3852; x_wconf 89' lang='lat' dir='ltr'><strong>nunc</strong></span> <span class='ocrx_word' id='word_1_473' title='bbox 1060 3799 1114 3853; x_wconf 90' lang='lat' dir='ltr'><strong>in</strong></span> <span class='ocrx_word' id='word_1_474' title='bbox 1165 3799 1390 3868; x_wconf 90' lang='lat' dir='ltr'><strong>speculo</strong></span> <span class='ocrx_word' id='word_1_475' title='bbox 1423 3808 1477 3855; x_wconf 85' lang='lat' dir='ltr'><strong>et</strong></span> <span class='ocrx_word' id='word_1_476' title='bbox 1525 3799 1580 3852; x_wconf 92' lang='lat' dir='ltr'><strong>in</strong></span> <span class='ocrx_word' id='word_1_477' title='bbox 1615 3799 1906 3870; x_wconf 71' lang='lat' dir='ltr'><strong>aenigmate</strong></span> <span class='ocrx_word' id='word_1_478' title='bbox 1943 3799 2009 3853; x_wconf 78' lang='lat'><strong>“.</strong></span> <span class='ocrx_word' id='word_1_479' title='bbox 2053 3818 2072 3851; x_wconf 68' lang='grc' dir='ltr'><strong>ι</strong></span> 
     </span>
    </p>
   </div>
   <div class='ocr_carea' id='block_1_69' title="bbox 494 3883 2078 3958">
    <p class='ocr_par' dir='ltr' id='par_1_69' title="bbox 494 3883 2078 3958">
     <span class='ocr_line' id='line_1_69' title="bbox 494 3883 2078 3958; baseline 0.002 -21"><span class='ocrx_word' id='word_1_480' title='bbox 494 3883 668 3940; x_wconf 79' lang='lat' dir='ltr'><strong>Porro</strong></span> <span class='ocrx_word' id='word_1_481' title='bbox 725 3886 907 3956; x_wconf 87' lang='lat' dir='ltr'><strong>imago</strong></span> <span class='ocrx_word' id='word_1_482' title='bbox 962 3895 1048 3941; x_wconf 91' lang='lat' dir='ltr'><strong>est</strong></span> <span class='ocrx_word' id='word_1_483' title='bbox 1100 3888 1384 3957; x_wconf 89' lang='lat' dir='ltr'><strong>speculum</strong></span> <span class='ocrx_word' id='word_1_484' title='bbox 1422 3895 1476 3942; x_wconf 93' lang='lat' dir='ltr'><strong>et</strong></span> <span class='ocrx_word' id='word_1_485' title='bbox 1529 3888 1783 3957; x_wconf 63' lang='lat' dir='ltr'><strong>aenigma,</strong></span> <span class='ocrx_word' id='word_1_486' title='bbox 1829 3888 2078 3958; x_wconf 78' lang='lat' dir='ltr'><strong>corporis</strong></span> 
     </span>
    </p>
   </div>
   <div class='ocr_carea' id='block_1_70' title="bbox 2177 3160 3768 3234">
    <p class='ocr_par' dir='ltr' id='par_1_70' title="bbox 2177 3160 3768 3234">
     <span class='ocr_line' id='line_1_70' title="bbox 2177 3160 3768 3234; baseline 0.001 -20"><span class='ocrx_word' id='word_1_487' title='bbox 2177 3161 2272 3214; x_wconf 70' lang='grc' dir='ltr'><strong>καὶ</strong></span> <span class='ocrx_word' id='word_1_488' title='bbox 2301 3161 2485 3229; x_wconf 81' lang='grc' dir='ltr'>φύσιν,</span> <span class='ocrx_word' id='word_1_489' title='bbox 2510 3160 2605 3214; x_wconf 71' lang='grc' dir='ltr'>καὶ</span> <span class='ocrx_word' id='word_1_490' title='bbox 2630 3161 2824 3231; x_wconf 84' lang='grc' dir='ltr'>πάχος,</span> <span class='ocrx_word' id='word_1_491' title='bbox 2857 3162 2954 3215; x_wconf 76' lang='grc' dir='ltr'><strong>καὶ</strong></span> <span class='ocrx_word' id='word_1_492' title='bbox 2982 3163 3190 3234; x_wconf 83' lang='grc' dir='ltr'>σχῆμα,</span> <span class='ocrx_word' id='word_1_493' title='bbox 3232 3162 3330 3216; x_wconf 79' lang='grc' dir='ltr'>καὶ</span> <span class='ocrx_word' id='word_1_494' title='bbox 3380 3161 3578 3234; x_wconf 85' lang='grc' dir='ltr'>χρῶμα</span> <span class='ocrx_word' id='word_1_495' title='bbox 3630 3179 3768 3234; x_wconf 87' lang='grc' dir='ltr'>σαρ-</span> 
     </span>
    </p>
   </div>
   <div class='ocr_carea' id='block_1_71' title="bbox 2178 3249 3769 3322">
    <p class='ocr_par' dir='ltr' id='par_1_71' title="bbox 2178 3249 3769 3322">
     <span class='ocr_line' id='line_1_71' title="bbox 2178 3249 3769 3322; baseline 0.001 -20"><span class='ocrx_word' id='word_1_496' title='bbox 2178 3250 2274 3312; x_wconf 83' lang='grc' dir='ltr'><strong>κὸς</strong></span> <span class='ocrx_word' id='word_1_497' title='bbox 2304 3249 2693 3316; x_wconf 82' lang='grc' dir='ltr'>ἀναλαϐόντος,</span> <span class='ocrx_word' id='word_1_498' title='bbox 2727 3254 2826 3322; x_wconf 77' lang='grc' dir='ltr'>τὴν</span> <span class='ocrx_word' id='word_1_499' title='bbox 2873 3251 3061 3304; x_wconf 87' lang='grc' dir='ltr'>εἰκόνα</span> <span class='ocrx_word' id='word_1_500' title='bbox 3113 3250 3395 3313; x_wconf 77' lang='grc' dir='ltr'>ποιοῦντες</span> <span class='ocrx_word' id='word_1_501' title='bbox 3438 3251 3499 3303; x_wconf 83' lang='grc' dir='ltr'><strong>οὐ</strong></span> <span class='ocrx_word' id='word_1_502' title='bbox 3526 3251 3769 3319; x_wconf 81' lang='grc' dir='ltr'>σφαλλό-</span> 
     </span>
    </p>
   </div>
   <div class='ocr_carea' id='block_1_72' title="bbox 2184 3339 3764 3414">
    <p class='ocr_par' dir='ltr' id='par_1_72' title="bbox 2184 3339 3764 3414">
     <span class='ocr_line' id='line_1_72' title="bbox 2184 3339 3764 3414; baseline 0.001 -21"><span class='ocrx_word' id='word_1_503' title='bbox 2184 3339 2343 3412; x_wconf 88' lang='grc' dir='ltr'>μεθα.</span> <span class='ocrx_word' id='word_1_504' title='bbox 2376 3340 2664 3411; x_wconf 82' lang='grc' dir='ltr'>Ποθοῦμεν</span> <span class='ocrx_word' id='word_1_505' title='bbox 2703 3341 2812 3414; x_wconf 83' lang='grc' dir='ltr'><strong>γὰρ</strong></span> <span class='ocrx_word' id='word_1_506' title='bbox 2861 3340 3029 3395; x_wconf 80' lang='grc' dir='ltr'>αὑτοῦ</span> <span class='ocrx_word' id='word_1_507' title='bbox 3075 3341 3207 3396; x_wconf 78' lang='grc' dir='ltr'>ἰδεῖν</span> <span class='ocrx_word' id='word_1_508' title='bbox 3241 3343 3335 3396; x_wconf 81' lang='grc' dir='ltr'><strong>τὸν</strong></span> <span class='ocrx_word' id='word_1_509' title='bbox 3387 3343 3724 3413; x_wconf 79' lang='grc' dir='ltr'>χαρακτῆρα</span> <span class='ocrx_word' id='word_1_510' title='bbox 3748 3359 3764 3375; x_wconf 88' lang='grc'><strong>·</strong></span> 
     </span>
    </p>
   </div>
   <div class='ocr_carea' id='block_1_73' title="bbox 2179 3432 3767 3506">
    <p class='ocr_par' dir='ltr' id='par_1_73' title="bbox 2179 3432 3767 3506">
     <span class='ocr_line' id='line_1_73' title="bbox 2179 3432 3767 3506; baseline 0.001 -21"><span class='ocrx_word' id='word_1_511' title='bbox 2179 3432 2256 3496; x_wconf 86' lang='grc' dir='ltr'>ὡς</span> <span class='ocrx_word' id='word_1_512' title='bbox 2285 3433 2394 3504; x_wconf 85' lang='grc' dir='ltr'><strong>γάρ</strong></span> <span class='ocrx_word' id='word_1_513' title='bbox 2429 3449 2596 3504; x_wconf 72' lang='grc' dir='ltr'>φησιν</span> <span class='ocrx_word' id='word_1_514' title='bbox 2639 3435 2669 3487; x_wconf 82' lang='grc' dir='ltr'>ὁ</span> <span class='ocrx_word' id='word_1_515' title='bbox 2716 3435 2859 3498; x_wconf 82' lang='grc' dir='ltr'>θεῖος</span> <span class='ocrx_word' id='word_1_516' title='bbox 2904 3434 3264 3498; x_wconf 73' lang='grc' dir='ltr'>Ἀπόστολος,</span> <span class='ocrx_word' id='word_1_517' title='bbox 3309 3453 3329 3488; x_wconf 80' lang='lat' dir='ltr'><strong>t</strong></span> <span class='ocrx_word' id='word_1_518' title='bbox 3378 3434 3467 3488; x_wconf 83' lang='grc' dir='ltr'>Ἐν</span> <span class='ocrx_word' id='word_1_519' title='bbox 3511 3436 3767 3506; x_wconf 75' lang='grc' dir='ltr'>ἐσόπτρῳ</span> 
     </span>
    </p>
   </div>
   <div class='ocr_carea' id='block_1_74' title="bbox 2182 3523 3766 3596">
    <p class='ocr_par' dir='ltr' id='par_1_74' title="bbox 2182 3523 3766 3596">
     <span class='ocr_line' id='line_1_74' title="bbox 2182 3523 3766 3596; baseline 0.001 -19"><span class='ocrx_word' id='word_1_520' title='bbox 2182 3523 2279 3577; x_wconf 73' lang='grc' dir='ltr'>καὶ</span> <span class='ocrx_word' id='word_1_521' title='bbox 2310 3524 2368 3575; x_wconf 82' lang='grc' dir='ltr'>ὲν</span> <span class='ocrx_word' id='word_1_522' title='bbox 2400 3524 2683 3594; x_wconf 71' lang='grc' dir='ltr'>αἰνίγματι</span> <span class='ocrx_word' id='word_1_523' title='bbox 2712 3524 2810 3579; x_wconf 89' lang='grc' dir='ltr'><strong>νῦν</strong></span> <span class='ocrx_word' id='word_1_524' title='bbox 2840 3523 3131 3596; x_wconf 85' lang='grc' dir='ltr'>βλέπομεν.</span> <span class='ocrx_word' id='word_1_525' title='bbox 3171 3544 3191 3578; x_wconf 73' lang='grc' dir='ltr'><strong>ι</strong></span> <span class='ocrx_word' id='word_1_526' title='bbox 3227 3526 3338 3580; x_wconf 70' lang='grc' dir='ltr'><strong>Καὶ</strong></span> <span class='ocrx_word' id='word_1_527' title='bbox 3366 3525 3532 3580; x_wconf 87' lang='grc' dir='ltr'>εἰκὼν</span> <span class='ocrx_word' id='word_1_528' title='bbox 3560 3526 3618 3579; x_wconf 78' lang='grc' dir='ltr'>δὲ</span> <span class='ocrx_word' id='word_1_529' title='bbox 3681 3525 3766 3578; x_wconf 79' lang='grc' dir='ltr'><strong>ἐσ-</strong></span> 
     </span>
    </p>
   </div>
   <div class='ocr_carea' id='block_1_75' title="bbox 2189 3615 3768 3689">
    <p class='ocr_par' dir='ltr' id='par_1_75' title="bbox 2189 3615 3768 3689">
     <span class='ocr_line' id='line_1_75' title="bbox 2189 3615 3768 3689; baseline 0.001 -22"><span class='ocrx_word' id='word_1_530' title='bbox 2189 3615 2399 3685; x_wconf 89' lang='grc' dir='ltr'>οπτρόν</span> <span class='ocrx_word' id='word_1_531' title='bbox 2432 3616 2550 3668; x_wconf 81' lang='grc' dir='ltr'>ἐστι</span> <span class='ocrx_word' id='word_1_532' title='bbox 2586 3616 2681 3669; x_wconf 75' lang='grc' dir='ltr'><strong>καὶ</strong></span> <span class='ocrx_word' id='word_1_533' title='bbox 2709 3616 2962 3687; x_wconf 72' lang='grc' dir='ltr'>αἴνιγμα,</span> <span class='ocrx_word' id='word_1_534' title='bbox 2999 3617 3243 3688; x_wconf 83' lang='grc' dir='ltr'>ἁρμόζον</span> <span class='ocrx_word' id='word_1_535' title='bbox 3272 3620 3340 3689; x_wconf 73' lang='grc' dir='ltr'>τῇ</span> <span class='ocrx_word' id='word_1_536' title='bbox 3389 3617 3483 3671; x_wconf 86' lang='grc' dir='ltr'><strong>τοῦ</strong></span> <span class='ocrx_word' id='word_1_537' title='bbox 3510 3617 3768 3688; x_wconf 80' lang='grc' dir='ltr'>σώματος</span> 
     </span>
    </p>
   </div>
   <div class='ocr_carea' id='block_1_76' title="bbox 2179 3707 3768 3781">
    <p class='ocr_par' dir='ltr' id='par_1_76' title="bbox 2179 3707 3768 3781">
     <span class='ocr_line' id='line_1_76' title="bbox 2179 3707 3768 3781; baseline 0.005 -21"><span class='ocrx_word' id='word_1_538' title='bbox 2179 3709 2214 3779; x_wconf 76' lang='grc' dir='ltr'><strong>ἡ</strong></span> <span class='ocrx_word' id='word_1_539' title='bbox 2224 3707 2340 3780; x_wconf 86' lang='grc' dir='ltr'><strong>μῶν</strong></span> <span class='ocrx_word' id='word_1_540' title='bbox 2375 3707 2652 3780; x_wconf 82' lang='grc' dir='ltr'>παχύτητι</span> <span class='ocrx_word' id='word_1_541' title='bbox 2676 3725 2693 3741; x_wconf 78' lang='grc' dir='ltr'><strong>ο</strong></span> <span class='ocrx_word' id='word_1_542' title='bbox 2741 3710 2913 3764; x_wconf 79' lang='grc' dir='ltr'>πολλὰ</span> <span class='ocrx_word' id='word_1_543' title='bbox 2935 3710 3045 3780; x_wconf 83' lang='grc' dir='ltr'>γὰρ</span> <span class='ocrx_word' id='word_1_544' title='bbox 3075 3711 3299 3781; x_wconf 85' lang='grc' dir='ltr'>κάμνων</span> <span class='ocrx_word' id='word_1_545' title='bbox 3327 3713 3357 3764; x_wconf 83' lang='grc' dir='ltr'><strong>ὁ</strong></span> <span class='ocrx_word' id='word_1_546' title='bbox 3384 3711 3532 3778; x_wconf 87' lang='grc' dir='ltr'>νοῦς,</span> <span class='ocrx_word' id='word_1_547' title='bbox 3575 3715 3638 3767; x_wconf 82' lang='grc' dir='ltr'><strong>οὐ</strong></span> <span class='ocrx_word' id='word_1_548' title='bbox 3669 3715 3768 3769; x_wconf 85' lang='grc' dir='ltr'>δύ-</span> 
     </span>
    </p>
   </div>
   <div class='ocr_carea' id='block_1_77' title="bbox 2181 3799 3765 3873">
    <p class='ocr_par' dir='ltr' id='par_1_77' title="bbox 2181 3799 3765 3873">
     <span class='ocr_line' id='line_1_77' title="bbox 2181 3799 3765 3873; baseline 0 -19"><span class='ocrx_word' id='word_1_549' title='bbox 2181 3815 2344 3854; x_wconf 89' lang='grc' dir='ltr'>ναται</span> <span class='ocrx_word' id='word_1_550' title='bbox 2375 3799 2604 3871; x_wconf 80' lang='grc' dir='ltr'>ἐκϐῆναι</span> <span class='ocrx_word' id='word_1_551' title='bbox 2650 3799 2720 3854; x_wconf 85' lang='grc' dir='ltr'><strong>τά</strong></span> <span class='ocrx_word' id='word_1_552' title='bbox 2749 3800 3072 3871; x_wconf 82' lang='grc' dir='ltr'>σωματικὰ,</span> <span class='ocrx_word' id='word_1_553' title='bbox 3111 3801 3280 3871; x_wconf 80' lang='grc' dir='ltr'>φησὶν</span> <span class='ocrx_word' id='word_1_554' title='bbox 3317 3803 3346 3856; x_wconf 81' lang='grc' dir='ltr'><strong><em>ὁ</em></strong></span> <span class='ocrx_word' id='word_1_555' title='bbox 3373 3801 3518 3865; x_wconf 80' lang='grc' dir='ltr'>θεῖος</span> <span class='ocrx_word' id='word_1_556' title='bbox 3542 3801 3765 3873; x_wconf 84' lang='grc' dir='ltr'>Γρηγό-</span> 
     </span>
    </p>
   </div>
   <div class='ocr_carea' id='block_1_78' title="bbox 2181 3909 2319 3962">
    <p class='ocr_par' dir='ltr' id='par_1_78' title="bbox 2181 3909 2319 3962">
     <span class='ocr_line' id='line_1_78' title="bbox 2181 3909 2319 3962; baseline 0.007 -18"><span class='ocrx_word' id='word_1_557' title='bbox 2181 3909 2319 3962; x_wconf 90' lang='grc' dir='ltr'>ριος.</span> 
     </span>
    </p>
   </div>
   <div class='ocr_carea' id='block_1_79' title="bbox 495 3978 3764 4057">
    <p class='ocr_par' dir='ltr' id='par_1_79' title="bbox 495 3978 3764 4057">
     <span class='ocr_line' id='line_1_79' title="bbox 495 3978 3764 4057; baseline 0.002 -25"><span class='ocrx_word' id='word_1_558' title='bbox 495 3978 675 4034; x_wconf 92' lang='lat' dir='ltr'><strong>nostri</strong></span> <span class='ocrx_word' id='word_1_559' title='bbox 716 3979 1071 4034; x_wconf 72' lang='lat' dir='ltr'><strong>crassitudini</strong></span> <span class='ocrx_word' id='word_1_560' title='bbox 1125 3981 1483 4034; x_wconf 87' lang='lat' dir='ltr'><strong>conveniens.</strong></span> <span class='ocrx_word' id='word_1_561' title='bbox 1520 3979 1888 4045; x_wconf 83' lang='lat' dir='ltr'><strong>Quantumvis</strong></span> <span class='ocrx_word' id='word_1_562' title='bbox 1933 3979 2083 4034; x_wconf 85' lang='lat' dir='ltr'><strong>enim</strong></span> <span class='ocrx_word' id='word_1_563' title='bbox 2127 4000 2282 4040; x_wconf 82' lang='lat' dir='ltr'><strong>tut-ns</strong></span> <span class='ocrx_word' id='word_1_564' title='bbox 2315 3993 2507 4041; x_wconf 86' lang='lat' dir='ltr'><strong>nostra</strong></span> <span class='ocrx_word' id='word_1_565' title='bbox 2535 3985 2800 4051; x_wconf 89' lang='lat' dir='ltr'><strong>enitatur,</strong></span> <span class='ocrx_word' id='word_1_566' title='bbox 2830 3983 2995 4057; x_wconf 64' lang='lat'><strong>346</strong></span> <span class='ocrx_word' id='word_1_567' title='bbox 3018 3999 3081 4041; x_wconf 89' lang='lat' dir='ltr'><strong>ea</strong></span> <span class='ocrx_word' id='word_1_568' title='bbox 3110 3999 3234 4056; x_wconf 74' lang='lat' dir='ltr'><strong>quae</strong></span> <span class='ocrx_word' id='word_1_569' title='bbox 3291 3997 3550 4054; x_wconf 88' lang='lat' dir='ltr'><strong>corporea</strong></span> <span class='ocrx_word' id='word_1_570' title='bbox 3622 3995 3764 4040; x_wconf 82' lang='lat' dir='ltr'><strong>sunt</strong></span> 
     </span>
    </p>
   </div>
   <div class='ocr_carea' id='block_1_80' title="bbox 495 4065 2266 4138">
    <p class='ocr_par' dir='ltr' id='par_1_80' title="bbox 495 4065 2266 4138">
     <span class='ocr_line' id='line_1_80' title="bbox 495 4065 2266 4138; baseline 0.003 -17"><span class='ocrx_word' id='word_1_571' title='bbox 495 4067 774 4122; x_wconf 89' lang='lat' dir='ltr'><strong>transilire</strong></span> <span class='ocrx_word' id='word_1_572' title='bbox 817 4068 1140 4138; x_wconf 86' lang='lat' dir='ltr'><strong>neutiquam</strong></span> <span class='ocrx_word' id='word_1_573' title='bbox 1171 4076 1374 4137; x_wconf 87' lang='lat' dir='ltr'><strong>potest,</strong></span> <span class='ocrx_word' id='word_1_574' title='bbox 1413 4075 1475 4120; x_wconf 91' lang='lat' dir='ltr'><strong>ut</strong></span> <span class='ocrx_word' id='word_1_575' title='bbox 1502 4068 1722 4121; x_wconf 91' lang='lat' dir='ltr'><strong>divinus</strong></span> <span class='ocrx_word' id='word_1_576' title='bbox 1751 4067 1828 4118; x_wconf 86' lang='lat' dir='ltr'><strong>ait</strong></span> <span class='ocrx_word' id='word_1_577' title='bbox 1859 4065 2160 4137; x_wconf 87' lang='lat' dir='ltr'><strong>Gregorius</strong></span> <span class='ocrx_word' id='word_1_578' title='bbox 2198 4072 2266 4125; x_wconf 80' lang='grc'>⁸³.</span> 
     </span>
    </p>
   </div>
   <div class='ocr_carea' id='block_1_81' title="bbox 564 4154 2078 4228">
    <p class='ocr_par' dir='ltr' id='par_1_81' title="bbox 564 4154 2078 4228">
     <span class='ocr_line' id='line_1_81' title="bbox 564 4154 2078 4228; baseline 0.001 -18"><span class='ocrx_word' id='word_1_579' title='bbox 564 4157 618 4211; x_wconf 80' lang='lat'><strong>5.</strong></span> <span class='ocrx_word' id='word_1_580' title='bbox 650 4159 836 4228; x_wconf 85' lang='lat' dir='ltr'><strong>Apage</strong></span> <span class='ocrx_word' id='word_1_581' title='bbox 888 4167 975 4228; x_wconf 85' lang='lat' dir='ltr'><strong>te,</strong></span> <span class='ocrx_word' id='word_1_582' title='bbox 1016 4173 1050 4213; x_wconf 90' lang='grc' dir='ltr'><strong>ο</strong></span> <span class='ocrx_word' id='word_1_583' title='bbox 1085 4158 1270 4212; x_wconf 90' lang='lat' dir='ltr'><strong>invide</strong></span> <span class='ocrx_word' id='word_1_584' title='bbox 1322 4157 1562 4211; x_wconf 89' lang='lat' dir='ltr'><strong>diabole.</strong></span> <span class='ocrx_word' id='word_1_585' title='bbox 1622 4154 1794 4211; x_wconf 88' lang='lat' dir='ltr'><strong>Nobis</strong></span> <span class='ocrx_word' id='word_1_586' title='bbox 1857 4156 2078 4212; x_wconf 88' lang='lat' dir='ltr'><strong>invides</strong></span> 
     </span>
    </p>
   </div>
   <div class='ocr_carea' id='block_1_82' title="bbox 494 4245 2074 4319">
    <p class='ocr_par' dir='ltr' id='par_1_82' title="bbox 494 4245 2074 4319">
     <span class='ocr_line' id='line_1_82' title="bbox 494 4245 2074 4319; baseline -0.002 -17"><span class='ocrx_word' id='word_1_587' title='bbox 494 4250 654 4319; x_wconf 88' lang='lat' dir='ltr'><strong>quod-</strong></span> <span class='ocrx_word' id='word_1_588' title='bbox 673 4248 891 4303; x_wconf 90' lang='lat' dir='ltr'><strong>Domini</strong></span> <span class='ocrx_word' id='word_1_589' title='bbox 921 4249 1101 4303; x_wconf 88' lang='lat' dir='ltr'><strong>nostri</strong></span> <span class='ocrx_word' id='word_1_590' title='bbox 1123 4255 1488 4302; x_wconf 75' lang='lat' dir='ltr'><strong>contueantur</strong></span> <span class='ocrx_word' id='word_1_591' title='bbox 1515 4245 1768 4317; x_wconf 77' lang='lat' dir='ltr'><strong>efﬁgiem,</strong></span> <span class='ocrx_word' id='word_1_592' title='bbox 1792 4261 1890 4316; x_wconf 91' lang='lat' dir='ltr'><strong>per</strong></span> <span class='ocrx_word' id='word_1_593' title='bbox 1909 4261 2074 4317; x_wconf 90' lang='lat' dir='ltr'><strong>quam</strong></span> 
     </span>
    </p>
   </div>
   <div class='ocr_carea' id='block_1_83' title="bbox 495 4337 2074 4411">
    <p class='ocr_par' dir='ltr' id='par_1_83' title="bbox 495 4337 2074 4411">
     <span class='ocr_line' id='line_1_83' title="bbox 495 4337 2074 4411; baseline -0.002 -17"><span class='ocrx_word' id='word_1_594' title='bbox 495 4341 874 4396; x_wconf 71' lang='lat' dir='ltr'><strong>sanctimonia:</strong></span> <span class='ocrx_word' id='word_1_595' title='bbox 917 4349 1207 4411; x_wconf 88' lang='lat' dir='ltr'><strong>compotes</strong></span> <span class='ocrx_word' id='word_1_596' title='bbox 1245 4338 1568 4395; x_wconf 82' lang='lat' dir='ltr'><strong>efficiamur.</strong></span> <span class='ocrx_word' id='word_1_597' title='bbox 1624 4337 1842 4393; x_wconf 88' lang='lat' dir='ltr'><strong>lnvides</strong></span> <span class='ocrx_word' id='word_1_598' title='bbox 1887 4337 2074 4403; x_wconf 89' lang='lat' dir='ltr'><strong>nobis,</strong></span> 
     </span>
    </p>
   </div>
   <div class='ocr_carea' id='block_1_84' title="bbox 494 4431 2078 4504">
    <p class='ocr_par' dir='ltr' id='par_1_84' title="bbox 494 4431 2078 4504">
     <span class='ocr_line' id='line_1_84' title="bbox 494 4431 2078 4504; baseline -0.002 -17"><span class='ocrx_word' id='word_1_599' title='bbox 494 4433 644 4503; x_wconf 88' lang='lat' dir='ltr'><strong>quod</strong></span> <span class='ocrx_word' id='word_1_600' title='bbox 681 4434 979 4489; x_wconf 89' lang='lat' dir='ltr'><strong>salutarem</strong></span> <span class='ocrx_word' id='word_1_601' title='bbox 1011 4434 1189 4504; x_wconf 91' lang='lat' dir='ltr'><strong>ipsius</strong></span> <span class='ocrx_word' id='word_1_602' title='bbox 1221 4432 1536 4504; x_wconf 86' lang='lat' dir='ltr'><strong>passionem</strong></span> <span class='ocrx_word' id='word_1_603' title='bbox 1563 4440 1948 4496; x_wconf 89' lang='lat' dir='ltr'><strong>contueamur,</strong></span> <span class='ocrx_word' id='word_1_604' title='bbox 1983 4431 2078 4485; x_wconf 90' lang='lat' dir='ltr'><strong>de-</strong></span> 
     </span>
    </p>
   </div>
   <div class='ocr_carea' id='block_1_85' title="bbox 496 4523 2072 4592">
    <p class='ocr_par' dir='ltr' id='par_1_85' title="bbox 496 4523 2072 4592">
     <span class='ocr_line' id='line_1_85' title="bbox 496 4523 2072 4592; baseline -0.003 -13"><span class='ocrx_word' id='word_1_605' title='bbox 496 4539 755 4580; x_wconf 84' lang='lat' dir='ltr'><strong>scensum</strong></span> <span class='ocrx_word' id='word_1_606' title='bbox 779 4525 845 4578; x_wconf 91' lang='lat' dir='ltr'><strong>ad</strong></span> <span class='ocrx_word' id='word_1_607' title='bbox 874 4541 974 4580; x_wconf 92' lang='lat' dir='ltr'><strong>nos</strong></span> <span class='ocrx_word' id='word_1_608' title='bbox 1006 4526 1296 4591; x_wconf 87' lang='lat' dir='ltr'><strong>miremur,</strong></span> <span class='ocrx_word' id='word_1_609' title='bbox 1318 4523 1585 4579; x_wconf 86' lang='lat' dir='ltr'><strong>miracula</strong></span> <span class='ocrx_word' id='word_1_610' title='bbox 1611 4523 2072 4592; x_wconf 90' lang='lat' dir='ltr'><strong>contemplemur,</strong></span> 
     </span>
    </p>
   </div>
   <div class='ocr_carea' id='block_1_86' title="bbox 493 4615 2078 4686">
    <p class='ocr_par' dir='ltr' id='par_1_86' title="bbox 493 4615 2078 4686">
     <span class='ocr_line' id='line_1_86' title="bbox 493 4615 2078 4686; baseline -0.001 -17"><span class='ocrx_word' id='word_1_611' title='bbox 493 4616 728 4686; x_wconf 89' lang='lat' dir='ltr'><strong>ejusque</strong></span> <span class='ocrx_word' id='word_1_612' title='bbox 765 4616 1071 4670; x_wconf 90' lang='lat' dir='ltr'><strong>divinitatis</strong></span> <span class='ocrx_word' id='word_1_613' title='bbox 1118 4619 1420 4686; x_wconf 89' lang='lat' dir='ltr'><strong>potentiam</strong></span> <span class='ocrx_word' id='word_1_614' title='bbox 1465 4631 1856 4686; x_wconf 87' lang='lat' dir='ltr'><strong>agnoscamus,</strong></span> <span class='ocrx_word' id='word_1_615' title='bbox 1881 4623 1936 4670; x_wconf 91' lang='lat' dir='ltr'><strong>et</strong></span> <span class='ocrx_word' id='word_1_616' title='bbox 1961 4615 2078 4668; x_wconf 90' lang='lat' dir='ltr'><strong>col-</strong></span> 
     </span>
    </p>
   </div>
   <div class='ocr_carea' id='block_1_87' title="bbox 2249 4163 3764 4238">
    <p class='ocr_par' dir='ltr' id='par_1_87' title="bbox 2249 4163 3764 4238">
     <span class='ocr_line' id='line_1_87' title="bbox 2249 4163 3764 4238; baseline 0.005 -23"><span class='ocrx_word' id='word_1_617' title='bbox 2249 4167 2321 4231; x_wconf 80' lang='grc' dir='ltr'>γ’.</span> <span class='ocrx_word' id='word_1_618' title='bbox 2374 4163 2439 4215; x_wconf 89' lang='grc' dir='ltr'>Ὢ</span> <span class='ocrx_word' id='word_1_619' title='bbox 2468 4163 2578 4216; x_wconf 78' lang='grc' dir='ltr'><strong>ἀπὸ</strong></span> <span class='ocrx_word' id='word_1_620' title='bbox 2627 4163 2746 4228; x_wconf 87' lang='grc' dir='ltr'>σοῦ,</span> <span class='ocrx_word' id='word_1_621' title='bbox 2781 4163 3010 4235; x_wconf 80' lang='grc' dir='ltr'>φθονερὲ</span> <span class='ocrx_word' id='word_1_622' title='bbox 3065 4163 3321 4218; x_wconf 80' lang='grc' dir='ltr'>διάϐολε’</span> <span class='ocrx_word' id='word_1_623' title='bbox 3371 4164 3584 4234; x_wconf 84' lang='grc' dir='ltr'>φθονεῖς</span> <span class='ocrx_word' id='word_1_624' title='bbox 3627 4168 3764 4238; x_wconf 76' lang='grc' dir='ltr'>ἡμῖν</span> 
     </span>
    </p>
   </div>
   <div class='ocr_carea' id='block_1_88' title="bbox 2185 4252 3760 4325">
    <p class='ocr_par' dir='ltr' id='par_1_88' title="bbox 2185 4252 3760 4325">
     <span class='ocr_line' id='line_1_88' title="bbox 2185 4252 3760 4325; baseline 0.003 -19"><span class='ocrx_word' id='word_1_625' title='bbox 2185 4252 2315 4306; x_wconf 86' lang='grc' dir='ltr'>ἰδεῖν</span> <span class='ocrx_word' id='word_1_626' title='bbox 2344 4254 2406 4307; x_wconf 84' lang='grc' dir='ltr'><strong>τὸ</strong></span> <span class='ocrx_word' id='word_1_627' title='bbox 2432 4253 2528 4308; x_wconf 86' lang='grc' dir='ltr'><strong>τοῦ</strong></span> <span class='ocrx_word' id='word_1_628' title='bbox 2569 4253 2844 4307; x_wconf 86' lang='grc' dir='ltr'>Δεσπότου</span> <span class='ocrx_word' id='word_1_629' title='bbox 2881 4253 3038 4325; x_wconf 80' lang='grc' dir='ltr'>ήμῶν</span> <span class='ocrx_word' id='word_1_630' title='bbox 3065 4254 3342 4325; x_wconf 84' lang='grc' dir='ltr'>ὁμοίωμα,</span> <span class='ocrx_word' id='word_1_631' title='bbox 3373 4257 3471 4309; x_wconf 79' lang='grc' dir='ltr'>καὶ</span> <span class='ocrx_word' id='word_1_632' title='bbox 3498 4257 3567 4310; x_wconf 76' lang='grc' dir='ltr'>δι’</span> <span class='ocrx_word' id='word_1_633' title='bbox 3593 4259 3760 4311; x_wconf 85' lang='grc' dir='ltr'>αὑτοῦ</span> 
     </span>
    </p>
   </div>
   <div class='ocr_carea' id='block_1_89' title="bbox 2179 4344 3762 4418">
    <p class='ocr_par' dir='ltr' id='par_1_89' title="bbox 2179 4344 3762 4418">
     <span class='ocr_line' id='line_1_89' title="bbox 2179 4344 3762 4418; baseline 0.004 -20"><span class='ocrx_word' id='word_1_634' title='bbox 2179 4345 2506 4416; x_wconf 83' lang='grc' dir='ltr'>ἀγιασθῆναι</span> <span class='ocrx_word' id='word_1_635' title='bbox 2531 4361 2546 4376; x_wconf 89' lang='grc'><strong>·</strong></span> <span class='ocrx_word' id='word_1_636' title='bbox 2580 4345 2675 4399; x_wconf 75' lang='grc' dir='ltr'><strong>καὶ</strong></span> <span class='ocrx_word' id='word_1_637' title='bbox 2711 4345 2840 4399; x_wconf 85' lang='grc' dir='ltr'>ἰδεῖν</span> <span class='ocrx_word' id='word_1_638' title='bbox 2871 4344 3038 4400; x_wconf 82' lang='grc' dir='ltr'>αὑτοῦ</span> <span class='ocrx_word' id='word_1_639' title='bbox 3064 4346 3135 4399; x_wconf 84' lang='grc' dir='ltr'>τὰ</span> <span class='ocrx_word' id='word_1_640' title='bbox 3167 4348 3418 4418; x_wconf 86' lang='grc' dir='ltr'>σωτήρια</span> <span class='ocrx_word' id='word_1_641' title='bbox 3453 4348 3634 4418; x_wconf 76' lang='grc' dir='ltr'>πάθη,</span> <span class='ocrx_word' id='word_1_642' title='bbox 3666 4351 3762 4404; x_wconf 72' lang='grc' dir='ltr'>καὶ</span> 
     </span>
    </p>
   </div>
   <div class='ocr_carea' id='block_1_90' title="bbox 2179 4437 3760 4513">
    <p class='ocr_par' dir='ltr' id='par_1_90' title="bbox 2179 4437 3760 4513">
     <span class='ocr_line' id='line_1_90' title="bbox 2179 4437 3760 4513; baseline 0.003 -23"><span class='ocrx_word' id='word_1_643' title='bbox 2179 4437 2483 4508; x_wconf 80' lang='grc' dir='ltr'>θαυμάζειν</span> <span class='ocrx_word' id='word_1_644' title='bbox 2532 4437 2697 4492; x_wconf 81' lang='grc' dir='ltr'>αὐτοῦ</span> <span class='ocrx_word' id='word_1_645' title='bbox 2757 4438 2859 4510; x_wconf 82' lang='grc' dir='ltr'><strong>τὴν</strong></span> <span class='ocrx_word' id='word_1_646' title='bbox 2915 4437 3357 4507; x_wconf 84' lang='grc' dir='ltr'>συγκατάϐασιν,</span> <span class='ocrx_word' id='word_1_647' title='bbox 3407 4439 3503 4494; x_wconf 76' lang='grc' dir='ltr'>καὶ</span> <span class='ocrx_word' id='word_1_648' title='bbox 3532 4441 3760 4513; x_wconf 86' lang='grc' dir='ltr'>θεωρεῖν</span> 
     </span>
    </p>
   </div>
   <div class='ocr_carea' id='block_1_91' title="bbox 2180 4527 3761 4599">
    <p class='ocr_par' dir='ltr' id='par_1_91' title="bbox 2180 4527 3761 4599">
     <span class='ocr_line' id='line_1_91' title="bbox 2180 4527 3761 4599; baseline 0.001 -19"><span class='ocrx_word' id='word_1_649' title='bbox 2180 4527 2345 4580; x_wconf 85' lang='grc' dir='ltr'>αὐτοῦ</span> <span class='ocrx_word' id='word_1_650' title='bbox 2377 4528 2446 4580; x_wconf 76' lang='grc' dir='ltr'>τὰ</span> <span class='ocrx_word' id='word_1_651' title='bbox 2479 4527 2756 4599; x_wconf 86' lang='grc' dir='ltr'>θαύματα,</span> <span class='ocrx_word' id='word_1_652' title='bbox 2796 4529 2889 4582; x_wconf 76' lang='grc' dir='ltr'>καὶ</span> <span class='ocrx_word' id='word_1_653' title='bbox 2924 4527 3333 4597; x_wconf 75' lang='grc' dir='ltr'>ἐπιγινώσκειν,</span> <span class='ocrx_word' id='word_1_654' title='bbox 3385 4531 3481 4583; x_wconf 79' lang='grc' dir='ltr'><strong>καὶ</strong></span> <span class='ocrx_word' id='word_1_655' title='bbox 3517 4529 3761 4594; x_wconf 80' lang='grc' dir='ltr'>δοξάζειν</span> 
     </span>
    </p>
   </div>
   <div class='ocr_carea' id='block_1_92' title="bbox 2181 4616 3763 4690">
    <p class='ocr_par' dir='ltr' id='par_1_92' title="bbox 2181 4616 3763 4690">
     <span class='ocr_line' id='line_1_92' title="bbox 2181 4616 3763 4690; baseline 0 -19"><span class='ocrx_word' id='word_1_656' title='bbox 2181 4617 2348 4671; x_wconf 78' lang='grc' dir='ltr'>αὑτοῦ</span> <span class='ocrx_word' id='word_1_657' title='bbox 2383 4616 2479 4689; x_wconf 80' lang='grc' dir='ltr'>τὴν</span> <span class='ocrx_word' id='word_1_658' title='bbox 2501 4620 2600 4689; x_wconf 77' lang='grc' dir='ltr'><strong>τῆς</strong></span> <span class='ocrx_word' id='word_1_659' title='bbox 2624 4619 2879 4690; x_wconf 83' lang='grc' dir='ltr'>θεότητος</span> <span class='ocrx_word' id='word_1_660' title='bbox 2909 4617 3164 4689; x_wconf 90' lang='grc' dir='ltr'>δύναμιν.</span> <span class='ocrx_word' id='word_1_661' title='bbox 3193 4618 3416 4682; x_wconf 83' lang='grc' dir='ltr'>Φθονεῖς</span> <span class='ocrx_word' id='word_1_662' title='bbox 3440 4621 3550 4682; x_wconf 81' lang='grc' dir='ltr'>τοῖς</span> <span class='ocrx_word' id='word_1_663' title='bbox 3582 4618 3763 4688; x_wconf 83' lang='grc' dir='ltr'>ἁγίοις</span> 
     </span>
    </p>
   </div>
   <div class='ocr_carea' id='block_1_93' title="bbox 446 4698 2076 4783">
    <p class='ocr_par' dir='ltr' id='par_1_93' title="bbox 446 4698 2076 4778">
     <span class='ocr_line' id='line_1_93' title="bbox 446 4698 2076 4778; baseline 0.001 -18"><span class='ocrx_word' id='word_1_664' title='bbox 446 4698 448 4700; x_wconf 57' lang='grc'>’</span> <span class='ocrx_word' id='word_1_665' title='bbox 497 4707 807 4762; x_wconf 90' lang='lat' dir='ltr'><strong>laudemus.</strong></span> <span class='ocrx_word' id='word_1_666' title='bbox 866 4706 1084 4760; x_wconf 82' lang='lat' dir='ltr'><strong>Sanctis</strong></span> <span class='ocrx_word' id='word_1_667' title='bbox 1134 4707 1346 4761; x_wconf 80' lang='lat' dir='ltr'><strong>invides</strong></span> <span class='ocrx_word' id='word_1_668' title='bbox 1391 4708 1653 4762; x_wconf 89' lang='lat' dir='ltr'><strong>collatum</strong></span> <span class='ocrx_word' id='word_1_669' title='bbox 1701 4709 1837 4778; x_wconf 91' lang='lat' dir='ltr'><strong>ipsis</strong></span> <span class='ocrx_word' id='word_1_670' title='bbox 1885 4722 1916 4761; x_wconf 90' lang='lat' dir='ltr'><strong>a</strong></span> <span class='ocrx_word' id='word_1_671' title='bbox 1975 4706 2076 4761; x_wconf 88' lang='lat' dir='ltr'><strong>Deo</strong></span> 
     </span>
    </p>
   </div>
   <div class='ocr_carea' id='block_1_94' title="bbox 2170 4698 3765 4783">
    <p class='ocr_par' dir='ltr' id='par_1_94' title="bbox 2177 4710 3765 4783">
     <span class='ocr_line' id='line_1_94' title="bbox 2177 4710 3765 4783; baseline 0 -19"><span class='ocrx_word' id='word_1_672' title='bbox 2177 4712 2278 4781; x_wconf 81' lang='grc' dir='ltr'>τῆς</span> <span class='ocrx_word' id='word_1_673' title='bbox 2314 4710 2468 4782; x_wconf 85' lang='grc' dir='ltr'>παρὰ</span> <span class='ocrx_word' id='word_1_674' title='bbox 2499 4710 2635 4764; x_wconf 85' lang='grc' dir='ltr'>Θεοῦ</span> <span class='ocrx_word' id='word_1_675' title='bbox 2670 4710 2964 4782; x_wconf 84' lang='grc' dir='ltr'>δεδομένης</span> <span class='ocrx_word' id='word_1_676' title='bbox 3001 4712 3189 4774; x_wconf 79' lang='grc' dir='ltr'>αὐτοῖς</span> <span class='ocrx_word' id='word_1_677' title='bbox 3231 4712 3422 4783; x_wconf 85' lang='grc' dir='ltr'>τιμῆς.</span> <span class='ocrx_word' id='word_1_678' title='bbox 3468 4712 3542 4764; x_wconf 85' lang='grc' dir='ltr'>Ού</span> <span class='ocrx_word' id='word_1_679' title='bbox 3583 4711 3765 4774; x_wconf 84' lang='grc' dir='ltr'>θέλεις</span> 
     </span>
    </p>
   </div>
   <div class='ocr_carea' id='block_1_95' title="bbox 497 4796 2076 4874">
    <p class='ocr_par' dir='ltr' id='par_1_95' title="bbox 497 4796 2076 4870">
     <span class='ocr_line' id='line_1_95' title="bbox 497 4796 2076 4870; baseline 0.001 -19"><span class='ocrx_word' id='word_1_680' title='bbox 497 4797 788 4862; x_wconf 88' lang='lat' dir='ltr'><strong>honorem,</strong></span> <span class='ocrx_word' id='word_1_681' title='bbox 835 4796 1173 4867; x_wconf 89' lang='lat' dir='ltr'><strong>descriptam</strong></span> <span class='ocrx_word' id='word_1_682' title='bbox 1205 4813 1398 4852; x_wconf 88' lang='lat' dir='ltr'><strong>eorum</strong></span> <span class='ocrx_word' id='word_1_683' title='bbox 1442 4799 1675 4870; x_wconf 89' lang='lat' dir='ltr'><strong>gloriam</strong></span> <span class='ocrx_word' id='word_1_684' title='bbox 1709 4815 1739 4853; x_wconf 90' lang='lat' dir='ltr'><strong>a</strong></span> <span class='ocrx_word' id='word_1_685' title='bbox 1769 4799 1928 4854; x_wconf 90' lang='lat' dir='ltr'><strong>nobis</strong></span> <span class='ocrx_word' id='word_1_686' title='bbox 1958 4815 2076 4868; x_wconf 90' lang='lat' dir='ltr'><strong>per-</strong></span> 
     </span>
    </p>
   </div>
   <div class='ocr_carea' id='block_1_96' title="bbox 2170 4796 3769 4874">
    <p class='ocr_par' dir='ltr' id='par_1_96' title="bbox 2176 4801 3769 4874">
     <span class='ocr_line' id='line_1_96' title="bbox 2176 4801 3769 4874; baseline 0.001 -20"><span class='ocrx_word' id='word_1_687' title='bbox 2176 4803 2312 4874; x_wconf 84' lang='grc' dir='ltr'>ὁρᾷν</span> <span class='ocrx_word' id='word_1_688' title='bbox 2343 4803 2492 4874; x_wconf 78' lang='grc' dir='ltr'>ἡμᾶς</span> <span class='ocrx_word' id='word_1_689' title='bbox 2521 4801 2622 4874; x_wconf 81' lang='grc' dir='ltr'><strong>τὴν</strong></span> <span class='ocrx_word' id='word_1_690' title='bbox 2667 4802 2850 4857; x_wconf 82' lang='grc' dir='ltr'>αὐτῶν</span> <span class='ocrx_word' id='word_1_691' title='bbox 2890 4801 3051 4869; x_wconf 83' lang='grc' dir='ltr'>δόξαν</span> <span class='ocrx_word' id='word_1_692' title='bbox 3101 4803 3488 4874; x_wconf 82' lang='grc' dir='ltr'>ἀνάγραπτον,</span> <span class='ocrx_word' id='word_1_693' title='bbox 3530 4805 3625 4857; x_wconf 78' lang='grc' dir='ltr'><strong>καὶ</strong></span> <span class='ocrx_word' id='word_1_694' title='bbox 3669 4801 3769 4872; x_wconf 75' lang='grc' dir='ltr'>ζηο</span> 
     </span>
    </p>
   </div>
   <div class='ocr_carea' id='block_1_97' title="bbox 499 4876 2076 4968">
    <p class='ocr_par' dir='ltr' id='par_1_97' title="bbox 499 4876 2076 4961">
     <span class='ocr_line' id='line_1_97' title="bbox 499 4876 2076 4961; baseline -0.001 -15"><span class='ocrx_word' id='word_1_695' title='bbox 499 4891 642 4961; x_wconf 83' lang='lat' dir='ltr'><strong>spici</strong></span> <span class='ocrx_word' id='word_1_696' title='bbox 693 4905 802 4944; x_wconf 91' lang='lat' dir='ltr'><strong>non</strong></span> <span class='ocrx_word' id='word_1_697' title='bbox 859 4876 1030 4957; x_wconf 90' lang='lat' dir='ltr'><strong>sinis,</strong></span> <span class='ocrx_word' id='word_1_698' title='bbox 1067 4905 1136 4944; x_wconf 92' lang='lat' dir='ltr'><strong>ne</strong></span> <span class='ocrx_word' id='word_1_699' title='bbox 1173 4890 1434 4946; x_wconf 89' lang='lat' dir='ltr'><strong>virtutem</strong></span> <span class='ocrx_word' id='word_1_700' title='bbox 1485 4892 1732 4961; x_wconf 90' lang='lat' dir='ltr'><strong>ipsorum</strong></span> <span class='ocrx_word' id='word_1_701' title='bbox 1790 4907 1855 4946; x_wconf 91' lang='lat' dir='ltr'><strong>ac</strong></span> <span class='ocrx_word' id='word_1_702' title='bbox 1918 4893 2076 4945; x_wconf 87' lang='lat' dir='ltr'><strong>fidem</strong></span> 
     </span>
    </p>
   </div>
   <div class='ocr_carea' id='block_1_98' title="bbox 2170 4876 3768 4968">
    <p class='ocr_par' dir='ltr' id='par_1_98' title="bbox 2175 4893 3768 4968">
     <span class='ocr_line' id='line_1_98' title="bbox 2175 4893 3768 4968; baseline 0.001 -21"><span class='ocrx_word' id='word_1_703' title='bbox 2175 4894 2356 4958; x_wconf 76' lang='grc' dir='ltr'>λωτάς</span> <span class='ocrx_word' id='word_1_704' title='bbox 2425 4895 2679 4963; x_wconf 79' lang='grc' dir='ltr'>γενέσθαι</span> <span class='ocrx_word' id='word_1_705' title='bbox 2746 4893 2850 4964; x_wconf 84' lang='grc' dir='ltr'>τῆς</span> <span class='ocrx_word' id='word_1_706' title='bbox 2919 4895 3100 4949; x_wconf 84' lang='grc' dir='ltr'>αὐτῶν</span> <span class='ocrx_word' id='word_1_707' title='bbox 3175 4897 3429 4968; x_wconf 85' lang='grc' dir='ltr'>ἀνδρείας</span> <span class='ocrx_word' id='word_1_708' title='bbox 3500 4896 3594 4950; x_wconf 75' lang='grc' dir='ltr'><strong>καὶ</strong></span> <span class='ocrx_word' id='word_1_709' title='bbox 3674 4896 3768 4950; x_wconf 64' lang='grc' dir='ltr'><strong>πίε</strong></span> 
     </span>
    </p>
   </div>
   <div class='ocr_carea' id='block_1_99' title="bbox 497 4980 2076 5060">
    <p class='ocr_par' dir='ltr' id='par_1_99' title="bbox 497 4980 2076 5055">
     <span class='ocr_line' id='line_1_99' title="bbox 497 4980 2076 5055; baseline -0.001 -17"><span class='ocrx_word' id='word_1_710' title='bbox 497 4982 844 5038; x_wconf 62' lang='lat' dir='ltr'><strong>aemulemur.</strong></span> <span class='ocrx_word' id='word_1_711' title='bbox 880 4980 1050 5038; x_wconf 87' lang='lat' dir='ltr'><strong>Ferre</strong></span> <span class='ocrx_word' id='word_1_712' title='bbox 1085 4999 1193 5037; x_wconf 90' lang='lat' dir='ltr'><strong>non</strong></span> <span class='ocrx_word' id='word_1_713' title='bbox 1244 4994 1422 5055; x_wconf 89' lang='lat' dir='ltr'><strong>potes,</strong></span> <span class='ocrx_word' id='word_1_714' title='bbox 1471 4994 1720 5039; x_wconf 91' lang='lat' dir='ltr'><strong>nostram</strong></span> <span class='ocrx_word' id='word_1_715' title='bbox 1775 4998 1904 5053; x_wconf 85' lang='lat' dir='ltr'><strong>erga</strong></span> <span class='ocrx_word' id='word_1_716' title='bbox 1957 4983 2076 5037; x_wconf 89' lang='lat' dir='ltr'><strong>illos</strong></span> 
     </span>
    </p>
   </div>
   <div class='ocr_carea' id='block_1_100' title="bbox 2170 4980 3768 5060">
    <p class='ocr_par' dir='ltr' id='par_1_100' title="bbox 2180 4987 3768 5060">
     <span class='ocr_line' id='line_1_100' title="bbox 2180 4987 3768 5060; baseline 0.003 -22"><span class='ocrx_word' id='word_1_717' title='bbox 2180 5003 2370 5050; x_wconf 82' lang='grc' dir='ltr'>στεως.</span> <span class='ocrx_word' id='word_1_718' title='bbox 2421 4988 2495 5040; x_wconf 71' lang='lat' dir='ltr'><strong>Uti</strong></span> <span class='ocrx_word' id='word_1_719' title='bbox 2543 4987 2732 5059; x_wconf 87' lang='grc' dir='ltr'>φέρεις</span> <span class='ocrx_word' id='word_1_720' title='bbox 2779 4987 2879 5060; x_wconf 81' lang='grc' dir='ltr'><strong>τὴν</strong></span> <span class='ocrx_word' id='word_1_721' title='bbox 2925 4991 2991 5042; x_wconf 82' lang='grc' dir='ltr'>ὲκ</span> <span class='ocrx_word' id='word_1_722' title='bbox 3035 4990 3135 5060; x_wconf 82' lang='grc' dir='ltr'><strong>τῆς</strong></span> <span class='ocrx_word' id='word_1_723' title='bbox 3172 4991 3254 5053; x_wconf 86' lang='grc' dir='ltr'><strong>εἰς</strong></span> <span class='ocrx_word' id='word_1_724' title='bbox 3282 4989 3480 5054; x_wconf 80' lang='grc' dir='ltr'>αὐτοὺς</span> <span class='ocrx_word' id='word_1_725' title='bbox 3522 4989 3768 5052; x_wconf 85' lang='grc' dir='ltr'>πίστεως</span> 
     </span>
    </p>
   </div>
   <div class='ocr_carea' id='block_1_101' title="bbox 498 5073 2078 5144">
    <p class='ocr_par' dir='ltr' id='par_1_101' title="bbox 498 5073 2078 5144">
     <span class='ocr_line' id='line_1_101' title="bbox 498 5073 2078 5144; baseline -0.001 -16"><span class='ocrx_word' id='word_1_726' title='bbox 498 5076 685 5135; x_wconf 85' lang='lat' dir='ltr'><strong>tidem,</strong></span> <span class='ocrx_word' id='word_1_727' title='bbox 738 5081 852 5128; x_wconf 89' lang='lat' dir='ltr'><strong>tum</strong></span> <span class='ocrx_word' id='word_1_728' title='bbox 885 5076 1126 5144; x_wconf 89' lang='lat' dir='ltr'><strong>corpori,</strong></span> <span class='ocrx_word' id='word_1_729' title='bbox 1169 5084 1282 5129; x_wconf 91' lang='lat' dir='ltr'><strong>tum</strong></span> <span class='ocrx_word' id='word_1_730' title='bbox 1318 5077 1503 5129; x_wconf 90' lang='lat' dir='ltr'><strong>animo</strong></span> <span class='ocrx_word' id='word_1_731' title='bbox 1548 5074 1836 5144; x_wconf 89' lang='lat' dir='ltr'><strong>prodesse.</strong></span> <span class='ocrx_word' id='word_1_732' title='bbox 1879 5073 1947 5127; x_wconf 82' lang='lat' dir='ltr'><strong>At</strong></span> <span class='ocrx_word' id='word_1_733' title='bbox 1979 5075 2078 5128; x_wconf 90' lang='lat' dir='ltr'><strong>tibi</strong></span> 
     </span>
    </p>
   </div>
   <div class='ocr_carea' id='block_1_102' title="bbox 497 5165 2071 5236">
    <p class='ocr_par' dir='ltr' id='par_1_102' title="bbox 497 5165 2071 5236">
     <span class='ocr_line' id='line_1_102' title="bbox 497 5165 2071 5236; baseline -0.001 -15"><span class='ocrx_word' id='word_1_734' title='bbox 497 5180 609 5222; x_wconf 89' lang='lat' dir='ltr'><strong>non</strong></span> <span class='ocrx_word' id='word_1_735' title='bbox 639 5165 1030 5236; x_wconf 85' lang='lat' dir='ltr'><strong>obsequemur,</strong></span> <span class='ocrx_word' id='word_1_736' title='bbox 1054 5180 1087 5220; x_wconf 92' lang='grc' dir='ltr'><strong>ο</strong></span> <span class='ocrx_word' id='word_1_737' title='bbox 1109 5167 1322 5221; x_wconf 76' lang='lat' dir='ltr'><strong>dzemon</strong></span> <span class='ocrx_word' id='word_1_738' title='bbox 1345 5166 1527 5220; x_wconf 83' lang='lat' dir='ltr'><strong>invide</strong></span> <span class='ocrx_word' id='word_1_739' title='bbox 1543 5173 1596 5219; x_wconf 92' lang='lat' dir='ltr'><strong>et</strong></span> <span class='ocrx_word' id='word_1_740' title='bbox 1625 5165 2071 5219; x_wconf 89' lang='lat' dir='ltr'><strong>osorhominum.</strong></span> 
     </span>
    </p>
   </div>
   <div class='ocr_carea' id='block_1_103' title="bbox 511 5257 2076 5333">
    <p class='ocr_par' dir='ltr' id='par_1_103' title="bbox 511 5257 2076 5333">
     <span class='ocr_line' id='line_1_103' title="bbox 511 5257 2076 5333; baseline -0.001 -18"><span class='ocrx_word' id='word_1_741' title='bbox 511 5261 722 5326; x_wconf 73' lang='lat' dir='ltr'><strong>Audite,</strong></span> <span class='ocrx_word' id='word_1_742' title='bbox 793 5262 1006 5333; x_wconf 90' lang='lat' dir='ltr'><strong>populi,</strong></span> <span class='ocrx_word' id='word_1_743' title='bbox 1056 5261 1258 5327; x_wconf 90' lang='lat' dir='ltr'><strong>tribus,</strong></span> <span class='ocrx_word' id='word_1_744' title='bbox 1313 5260 1534 5328; x_wconf 62' lang='lat' dir='ltr'><strong>linguai,</strong></span> <span class='ocrx_word' id='word_1_745' title='bbox 1606 5257 1730 5320; x_wconf 89' lang='lat' dir='ltr'><strong>viri,</strong></span> <span class='ocrx_word' id='word_1_746' title='bbox 1793 5258 2076 5322; x_wconf 87' lang='lat' dir='ltr'><strong>mulieres,</strong></span> 
     </span>
    </p>
   </div>
   <div class='ocr_carea' id='block_1_104' title="bbox 500 5347 2081 5423">
    <p class='ocr_par' dir='ltr' id='par_1_104' title="bbox 500 5347 2081 5423">
     <span class='ocr_line' id='line_1_104' title="bbox 500 5347 2081 5423; baseline -0.003 -17"><span class='ocrx_word' id='word_1_747' title='bbox 500 5354 683 5423; x_wconf 87' lang='lat' dir='ltr'><strong>pueri,</strong></span> <span class='ocrx_word' id='word_1_748' title='bbox 715 5355 1123 5418; x_wconf 88' lang='lat' dir='ltr'><strong>adolescentes,</strong></span> <span class='ocrx_word' id='word_1_749' title='bbox 1153 5352 1412 5415; x_wconf 83' lang='lat' dir='ltr'><strong>infantes,</strong></span> <span class='ocrx_word' id='word_1_750' title='bbox 1437 5365 1570 5420; x_wconf 89' lang='lat' dir='ltr'><strong>gens</strong></span> <span class='ocrx_word' id='word_1_751' title='bbox 1599 5359 1792 5404; x_wconf 89' lang='lat' dir='ltr'><strong>sancta</strong></span> <span class='ocrx_word' id='word_1_752' title='bbox 1818 5347 2081 5403; x_wconf 84' lang='lat' dir='ltr'><strong>Christia-</strong></span> 
     </span>
    </p>
   </div>
   <div class='ocr_carea' id='block_1_105' title="bbox 500 5439 2078 5516">
    <p class='ocr_par' dir='ltr' id='par_1_105' title="bbox 500 5439 2078 5516">
     <span class='ocr_line' id='line_1_105' title="bbox 500 5439 2078 5516; baseline -0.002 -20"><span class='ocrx_word' id='word_1_753' title='bbox 500 5459 695 5500; x_wconf 89' lang='lat' dir='ltr'><strong>norum</strong></span> <span class='ocrx_word' id='word_1_754' title='bbox 732 5463 747 5502; x_wconf 86' lang='lat'><strong>:</strong></span> <span class='ocrx_word' id='word_1_755' title='bbox 781 5446 838 5500; x_wconf 90' lang='lat' dir='ltr'><strong>Si</strong></span> <span class='ocrx_word' id='word_1_756' title='bbox 886 5446 1013 5516; x_wconf 88' lang='lat' dir='ltr'><strong>quis</strong></span> <span class='ocrx_word' id='word_1_757' title='bbox 1059 5445 1212 5499; x_wconf 84' lang='lat' dir='ltr'><strong>vobis</strong></span> <span class='ocrx_word' id='word_1_758' title='bbox 1252 5442 1732 5513; x_wconf 78' lang='lat' dir='ltr'><strong>evangelizaverit,</strong></span> <span class='ocrx_word' id='word_1_759' title='bbox 1785 5449 1984 5513; x_wconf 58' lang='lat' dir='ltr'><strong>praeter</strong></span> <span class='ocrx_word' id='word_1_760' title='bbox 2025 5439 2078 5494; x_wconf 92' lang='lat' dir='ltr'><strong>id</strong></span> 
     </span>
    </p>
   </div>
   <div class='ocr_carea' id='block_1_106' title="bbox 501 5535 2072 5606">
    <p class='ocr_par' dir='ltr' id='par_1_106' title="bbox 501 5535 2072 5606">
     <span class='ocr_line' id='line_1_106' title="bbox 501 5535 2072 5606; baseline 0.001 -20"><span class='ocrx_word' id='word_1_761' title='bbox 501 5536 648 5602; x_wconf 87' lang='lat' dir='ltr'><strong>quod</strong></span> <span class='ocrx_word' id='word_1_762' title='bbox 669 5535 916 5594; x_wconf 85' lang='lat' dir='ltr'><strong>Ecclesia</strong></span> <span class='ocrx_word' id='word_1_763' title='bbox 945 5545 1138 5593; x_wconf 88' lang='lat' dir='ltr'><strong>sancta</strong></span> <span class='ocrx_word' id='word_1_764' title='bbox 1166 5535 1463 5602; x_wconf 89' lang='lat' dir='ltr'><strong>catholica,</strong></span> <span class='ocrx_word' id='word_1_765' title='bbox 1495 5551 1524 5591; x_wconf 88' lang='lat' dir='ltr'><strong>a</strong></span> <span class='ocrx_word' id='word_1_766' title='bbox 1555 5536 1761 5592; x_wconf 83' lang='lat' dir='ltr'><strong>sanctis</strong></span> <span class='ocrx_word' id='word_1_767' title='bbox 1786 5535 2072 5606; x_wconf 86' lang='lat' dir='ltr'><strong>apostolis,</strong></span> 
     </span>
    </p>
   </div>
   <div class='ocr_carea' id='block_1_107' title="bbox 575 5711 1600 5785">
    <p class='ocr_par' dir='ltr' id='par_1_107' title="bbox 575 5711 1600 5785">
     <span class='ocr_line' id='line_1_107' title="bbox 575 5711 1600 5785; baseline 0.008 -18"><span class='ocrx_word' id='word_1_768' title='bbox 575 5711 596 5744; x_wconf 85' lang='lat'><strong>&#39;</strong></span> <span class='ocrx_word' id='word_1_769' title='bbox 616 5711 765 5769; x_wconf 84' lang='lat' dir='ltr'><strong>Psal.</strong></span> <span class='ocrx_word' id='word_1_770' title='bbox 793 5730 940 5785; x_wconf 71' lang='grc' dir='ltr'>εχει,</span> <span class='ocrx_word' id='word_1_771' title='bbox 972 5717 1028 5771; x_wconf 73' lang='lat'><strong>2.</strong></span> <span class='ocrx_word' id='word_1_772' title='bbox 1103 5719 1124 5752; x_wconf 81' lang='lat'>&#39;</span> <span class='ocrx_word' id='word_1_773' title='bbox 1153 5719 1370 5778; x_wconf 83' lang='lat' dir='ltr'><strong>Barucb</strong></span> <span class='ocrx_word' id='word_1_774' title='bbox 1404 5735 1489 5779; x_wconf 86' lang='grc' dir='ltr'>ιιι.</span> <span class='ocrx_word' id='word_1_775' title='bbox 1511 5719 1600 5775; x_wconf 79' lang='lat'><strong>58.</strong></span> 
     </span>
    </p>
   </div>
   <div class='ocr_carea' id='block_1_108' title="bbox 2183 5075 3768 5154">
    <p class='ocr_par' dir='ltr' id='par_1_108' title="bbox 2183 5075 3768 5154">
     <span class='ocr_line' id='line_1_108' title="bbox 2183 5075 3768 5154; baseline 0.001 -23"><span class='ocrx_word' id='word_1_776' title='bbox 2183 5080 2626 5150; x_wconf 81' lang='grc' dir='ltr'>προσγενομένην</span> <span class='ocrx_word' id='word_1_777' title='bbox 2681 5081 2811 5151; x_wconf 81' lang='grc' dir='ltr'>ἡμῖν</span> <span class='ocrx_word' id='word_1_778' title='bbox 2866 5075 3190 5152; x_wconf 84' lang='grc' dir='ltr'>σωματικήν</span> <span class='ocrx_word' id='word_1_779' title='bbox 3249 5098 3312 5134; x_wconf 85' lang='grc' dir='ltr'><strong>τε</strong></span> <span class='ocrx_word' id='word_1_780' title='bbox 3371 5082 3468 5134; x_wconf 72' lang='grc' dir='ltr'><strong>καὶ</strong></span> <span class='ocrx_word' id='word_1_781' title='bbox 3521 5080 3768 5154; x_wconf 73' lang='grc' dir='ltr'>ψυχικὴν</span> 
     </span>
    </p>
   </div>
   <div class='ocr_carea' id='block_1_109' title="bbox 2181 5169 3769 5245">
    <p class='ocr_par' dir='ltr' id='par_1_109' title="bbox 2181 5169 3769 5245">
     <span class='ocr_line' id='line_1_109' title="bbox 2181 5169 3769 5245; baseline 0.003 -23"><span class='ocrx_word' id='word_1_782' title='bbox 2181 5169 2469 5239; x_wconf 79' lang='grc' dir='ltr'>ὠφέλειαν.</span> <span class='ocrx_word' id='word_1_783' title='bbox 2530 5172 2603 5224; x_wconf 73' lang='grc' dir='ltr'><strong>Οὐ</strong></span> <span class='ocrx_word' id='word_1_784' title='bbox 2656 5171 2960 5242; x_wconf 87' lang='grc' dir='ltr'>πειθόμεθά</span> <span class='ocrx_word' id='word_1_785' title='bbox 2996 5190 3101 5237; x_wconf 85' lang='grc' dir='ltr'>σοι,</span> <span class='ocrx_word' id='word_1_786' title='bbox 3150 5174 3345 5244; x_wconf 86' lang='grc' dir='ltr'>δαῖμον</span> <span class='ocrx_word' id='word_1_787' title='bbox 3389 5173 3623 5245; x_wconf 73' lang='grc' dir='ltr'>φθονερὲ</span> <span class='ocrx_word' id='word_1_788' title='bbox 3673 5176 3769 5227; x_wconf 79' lang='grc' dir='ltr'>καὶ</span> 
     </span>
    </p>
   </div>
   <div class='ocr_carea' id='block_1_110' title="bbox 2188 5261 3765 5336">
    <p class='ocr_par' dir='ltr' id='par_1_110' title="bbox 2188 5261 3765 5336">
     <span class='ocr_line' id='line_1_110' title="bbox 2188 5261 3765 5336; baseline 0.003 -22"><span class='ocrx_word' id='word_1_789' title='bbox 2188 5261 2565 5334; x_wconf 81' lang='grc' dir='ltr'>μισάνθρωπε.</span> <span class='ocrx_word' id='word_1_790' title='bbox 2607 5263 2923 5331; x_wconf 87' lang='grc' dir='ltr'>Ἀκούσατε,</span> <span class='ocrx_word' id='word_1_791' title='bbox 2952 5265 3074 5320; x_wconf 75' lang='grc' dir='ltr'>λαοὶ</span> <span class='ocrx_word' id='word_1_792' title='bbox 3093 5308 3105 5329; x_wconf 89' lang='grc'><strong>,</strong></span> <span class='ocrx_word' id='word_1_793' title='bbox 3129 5267 3321 5336; x_wconf 76' lang='grc' dir='ltr'>φυλαὶ,</span> <span class='ocrx_word' id='word_1_794' title='bbox 3353 5266 3634 5333; x_wconf 77' lang='grc' dir='ltr'>γλῶσσαι.</span> <span class='ocrx_word' id='word_1_795' title='bbox 3669 5267 3765 5322; x_wconf 74' lang='grc' dir='ltr'><strong>ἇν-</strong></span> 
     </span>
    </p>
   </div>
   <div class='ocr_carea' id='block_1_111' title="bbox 2184 5352 3768 5426">
    <p class='ocr_par' dir='ltr' id='par_1_111' title="bbox 2184 5352 3768 5426">
     <span class='ocr_line' id='line_1_111' title="bbox 2184 5352 3768 5426; baseline 0.002 -22"><span class='ocrx_word' id='word_1_796' title='bbox 2184 5352 2330 5421; x_wconf 86' lang='grc' dir='ltr'>δρες,</span> <span class='ocrx_word' id='word_1_797' title='bbox 2365 5354 2642 5420; x_wconf 84' lang='grc' dir='ltr'>γυναῖκες,</span> <span class='ocrx_word' id='word_1_798' title='bbox 2691 5354 2903 5419; x_wconf 88' lang='grc' dir='ltr'>παῖδες,</span> <span class='ocrx_word' id='word_1_799' title='bbox 2935 5354 3261 5426; x_wconf 87' lang='grc' dir='ltr'>πρεσϐύται,</span> <span class='ocrx_word' id='word_1_800' title='bbox 3312 5354 3588 5409; x_wconf 82' lang='grc' dir='ltr'>νεανίσκοι</span> <span class='ocrx_word' id='word_1_801' title='bbox 3610 5394 3628 5420; x_wconf 84' lang='grc'><strong>,</strong></span> <span class='ocrx_word' id='word_1_802' title='bbox 3667 5355 3768 5408; x_wconf 77' lang='grc' dir='ltr'>καὶ</span> 
     </span>
    </p>
   </div>
   <div class='ocr_carea' id='block_1_112' title="bbox 2188 5445 3767 5517">
    <p class='ocr_par' dir='ltr' id='par_1_112' title="bbox 2188 5445 3767 5517">
     <span class='ocr_line' id='line_1_112' title="bbox 2188 5445 3767 5517; baseline 0.001 -20"><span class='ocrx_word' id='word_1_803' title='bbox 2188 5445 2381 5514; x_wconf 79' lang='grc' dir='ltr'>νήπια,</span> <span class='ocrx_word' id='word_1_804' title='bbox 2408 5445 2470 5499; x_wconf 78' lang='grc' dir='ltr'>τὸ</span> <span class='ocrx_word' id='word_1_805' title='bbox 2492 5445 2645 5510; x_wconf 81' lang='grc' dir='ltr'>ἔθνος</span> <span class='ocrx_word' id='word_1_806' title='bbox 2675 5445 3024 5517; x_wconf 77' lang='grc' dir='ltr'>Χριστιανῶν</span> <span class='ocrx_word' id='word_1_807' title='bbox 3069 5446 3130 5501; x_wconf 80' lang='grc' dir='ltr'>τὸ</span> <span class='ocrx_word' id='word_1_808' title='bbox 3163 5447 3319 5516; x_wconf 77' lang='grc' dir='ltr'>ἆγιον</span> <span class='ocrx_word' id='word_1_809' title='bbox 3343 5463 3357 5477; x_wconf 92' lang='grc'><strong>·</strong></span> <span class='ocrx_word' id='word_1_810' title='bbox 3390 5448 3444 5503; x_wconf 85' lang='grc' dir='ltr'><strong>εῐ</strong></span> <span class='ocrx_word' id='word_1_811' title='bbox 3467 5463 3555 5513; x_wconf 88' lang='grc' dir='ltr'><strong>τις</strong></span> <span class='ocrx_word' id='word_1_812' title='bbox 3596 5445 3767 5512; x_wconf 80' lang='grc' dir='ltr'>εὐαγ-</span> 
     </span>
    </p>
   </div>
   <div class='ocr_carea' id='block_1_113' title="bbox 2183 5535 3768 5611">
    <p class='ocr_par' dir='ltr' id='par_1_113' title="bbox 2183 5535 3768 5611">
     <span class='ocr_line' id='line_1_113' title="bbox 2183 5535 3768 5611; baseline -0.001 -20"><span class='ocrx_word' id='word_1_813' title='bbox 2183 5536 2464 5606; x_wconf 82' lang='grc' dir='ltr'>γελίζεται</span> <span class='ocrx_word' id='word_1_814' title='bbox 2498 5538 2643 5608; x_wconf 83' lang='grc' dir='ltr'>ὑμᾶς</span> <span class='ocrx_word' id='word_1_815' title='bbox 2673 5539 2803 5609; x_wconf 81' lang='grc' dir='ltr'>παρ’</span> <span class='ocrx_word' id='word_1_816' title='bbox 2840 5538 2869 5591; x_wconf 86' lang='grc' dir='ltr'><strong><em>ὃ</em></strong></span> <span class='ocrx_word' id='word_1_817' title='bbox 2907 5539 3219 5610; x_wconf 86' lang='grc' dir='ltr'>παρέλαϐεν</span> <span class='ocrx_word' id='word_1_818' title='bbox 3266 5541 3300 5611; x_wconf 82' lang='grc' dir='ltr'><strong>ἡ</strong></span> <span class='ocrx_word' id='word_1_819' title='bbox 3335 5539 3465 5609; x_wconf 87' lang='grc' dir='ltr'>ἀγία</span> <span class='ocrx_word' id='word_1_820' title='bbox 3493 5535 3768 5608; x_wconf 75' lang='grc' dir='ltr'>καθολικὴ</span> 
     </span>
    </p>
   </div>
   <div class='ocr_carea' id='block_1_114' title="bbox 1707 5717 3326 5794">
    <p class='ocr_par' dir='ltr' id='par_1_114' title="bbox 1707 5717 3326 5794">
     <span class='ocr_line' id='line_1_114' title="bbox 1707 5717 3326 5794; baseline -0.004 -18"><span class='ocrx_word' id='word_1_821' title='bbox 1707 5720 1750 5754; x_wconf 86' lang='grc'><strong>¹⁰</strong></span> <span class='ocrx_word' id='word_1_822' title='bbox 1779 5719 1797 5776; x_wconf 89' lang='grc'><strong>1</strong></span> <span class='ocrx_word' id='word_1_823' title='bbox 1827 5718 1955 5776; x_wconf 89' lang='lat' dir='ltr'><strong>Cor.</strong></span> <span class='ocrx_word' id='word_1_824' title='bbox 1979 5734 2100 5792; x_wconf 82' lang='lat' dir='ltr'><strong>xm,</strong></span> <span class='ocrx_word' id='word_1_825' title='bbox 2135 5717 2224 5773; x_wconf 77' lang='grc'><strong>12.</strong></span> <span class='ocrx_word' id='word_1_826' title='bbox 2303 5721 2343 5752; x_wconf 89' lang='grc'>¹¹</span> <span class='ocrx_word' id='word_1_827' title='bbox 2375 5719 2533 5794; x_wconf 72' lang='lat' dir='ltr'><strong>Grog.</strong></span> <span class='ocrx_word' id='word_1_828' title='bbox 2557 5719 2687 5776; x_wconf 83' lang='lat' dir='ltr'><strong>Naz.</strong></span> <span class='ocrx_word' id='word_1_829' title='bbox 2725 5731 2869 5777; x_wconf 90' lang='lat' dir='ltr'><strong>orat.</strong></span> <span class='ocrx_word' id='word_1_830' title='bbox 2906 5723 2941 5777; x_wconf 71' lang='grc'>2</span> <span class='ocrx_word' id='word_1_831' title='bbox 2965 5722 3038 5778; x_wconf 91' lang='lat' dir='ltr'><strong>De</strong></span> <span class='ocrx_word' id='word_1_832' title='bbox 3069 5720 3326 5792; x_wconf 85' lang='lat' dir='ltr'><strong>Theol0g.</strong></span> 
     </span>
    </p>
   </div>
  </div>
