3950 6154
281 295 382 363 821

1311 283 1408 342 DE
1449 278 1914 339 iMAGlNlBUS
1964 276 2245 337 ORATIO
2315 275 2424 338 III.

3360 267 3494 350 13°22

257 404 553 476 Ἐκκλησία
586 401 733 472 παρὰ
773 400 881 453 τῶν
913 397 1252 462 ἀποστόλων,
1301 395 1564 463 Πατέρων
1601 407 1687 452 τε,
1725 385 1820 440 καὶ

1936 381 2188 439 Patribus
2237 392 2290 438 et
2325 382 2578 438 conciliis
2618 383 2850 452 accepit,
2903 391 2957 436 et
3002 381 3070 435 ad
3121 379 3265 434 hunc
3322 393 3496 447 usque

244 497 503 558 συνόδων,
532 494 627 546 καὶ
656 493 816 563 μέχρι
851 491 946 543 τοῦ
977 489 1069 543 νῦν
1092 485 1404 556 διεφύλαξε,
1445 483 1522 554 μὴ
1546 480 1819 550 ἀκούσητε

243 587 411 644 αὐτοῦ
435 603 449 618 ο
499 585 574 655 μὴ
607 582 845 653 δέξησθε
867 581 967 650 τὴν
1011 597 1074 632 συ
1086 577 1326 649 μϐουλὴν
1373 572 1468 626 τοῦ
1503 571 1678 641 όφεως
1701 608 1717 633 ,
1746 567 1821 630 ὡς

241 678 460 742 ἐδέξατο
491 674 629 736 Εὔα,
679 673 776 726 καὶ
815 669 1090 741 ἐτρύγησε
1123 666 1372 719 θάνατον.
1421 661 1541 716 Κᾶν
1569 660 1818 729 ἄγγελος,

243 770 348 824 κᾶν
404 765 661 837 βασιλεὺς
701 758 1124 829 εύαγγελίζηται
1178 757 1325 826 ὑμᾶς
1357 754 1488 824 παρ’
1521 751 1550 804 ὃ
1584 749 1822 820 παρελά-

246 859 366 912 βετε
389 898 402 922 ,
461 856 715 909 κλείει-ατε
747 853 844 914 τὰς
878 850 1045 912 ἀκοάς
1073 865 1084 877 ·
1128 847 1273 902 ὀκνῶ
1315 845 1424 915 γὰρ
1458 843 1596 904 τέως
1626 841 1820 906 εἰπεῖν,

252 945 316 1010 ὣς
344 944 448 1015 ἔφη
472 947 500 997 6
521 944 663 1006 θεῖος
696 939 1038 1005 Ἀπόστολος,
1089 935 1368 1005 Ἀνάθεμιι
1397 933 1576 999 ἔστω,
1605 928 1823 1000 ἐκδεχόο

249 1054 407 1110 μενος
432 1038 530 1106 τὴν
553 1034 858 1109 διόρθωσιν.

315 1212 378 1266 δ’.
433 1209 594 1262 Ἀλλὰ
648 1206 902 1276 λέγουσιν
955 1205 1004 1257 οἱ
1061 1205 1135 1275 μὴ
1183 1201 1515 1274 ἐρευνῶντες
1561 1200 1652 1252 τὸν
1699 1195 1820 1250 νοῦν

242 1306 341 1373 τῆς
391 1301 657 1374 Γραφῆς,
704 1301 786 1352 ὅτι
831 1287 984 1350 εἶπεν
1031 1299 1059 1350 6
1094 1297 1224 1358 Θεὸς
1271 1293 1362 1348 διὰ
1395 1290 1673 1353 Μωῦσέως
1726 1288 1820 1341 τοῦ

242 1392 560 1464 νομοθέτου,
603 1410 621 1441 ι
675 1389 750 1442 Οὐ
793 1388 1039 1457 ποιήσεις
1077 1387 1184 1439 πᾶν
1212 1383 1486 1454 ὁμοίωμα,
1529 1380 1630 1434 ὅσα
1658 1381 1715 1432 ὲν
1745 1377 1822 1448 τῷ

241 1484 491 1556 οὐρανῷ,
553 1483 647 1537 καὶ
696 1483 796 1534 ὅσα
853 1482 912 1534 ἐν
949 1481 1017 1550 τῇ
1066 1481 1158 1550 γῇ.
1200 1497 1218 1530 t
1251 1476 1363 1531 Καὶ
1391 1475 1478 1527 διὰ
1522 1470 1688 1526 Δαδὶδ
1729 1467 1821 1523 τοῦ

244 1579 528 1649 προφήτου
555 1591 570 1606 °
609 1594 627 1627 ι
655 1571 1124 1644 Αἰσχυνθήτωσαν
1154 1569 1355 1630 πάντες
1385 1568 1433 1619 οί
1459 1560 1823 1636 προσκυνοῦν-

242 1690 335 1735 τες
365 1672 480 1732 τοῖς
511 1667 798 1738 γλυπτοῖς,
827 1665 875 1717 οἱ
907 1661 1323 1732 ὲγκαυχὼμενοι
1355 1659 1412 1711 ὲν
1441 1659 1554 1720 τοῖς
1582 1653 1822 1717 εἰδώλοις

1925 474 2070 530 diem
2105 476 2368 539 servavit,
2403 490 2564 530 aures
2595 489 2667 528 ne
2699 472 3070 543 prmbueritis,
3101 487 3240 526 neve
3273 485 3498 538 serpen-

1925 566 1997 622 tis
2028 565 2312 620 suadelatn
2353 565 2708 635 exceperitis,
2750 565 2830 620 uti
2862 564 3077 633 excepit
3113 563 3220 616 Eva
3257 562 3323 626 ι’,
3354 560 3500 614 unde

1923 663 1976 711 et
2001 666 2232 710 mortem
2281 655 2660 712 vindemiavit.
2696 655 2849 710 Licet
2882 655 3134 724 angelus,
3165 653 3292 707 licet
3323 652 3500 721 impc-

1925 757 2077 802 rator
2121 747 2460 816 evangelizet
2498 747 2655 802 vobis
2687 753 2886 816 prmter
2919 745 2972 799 id
3007 745 3152 815 quod
3183 743 3498 812 accepistis,

1927 854 2092 894 aures
2131 839 2408 893 occludite
2441 856 2453 891 :
2481 853 2548 894 eo
2599 839 2802 908 quippe
2836 853 2979 892 nunc
3009 836 3322 900 abstinebo,
3359 833 3502 904 quod

1925 929 2208 999 subjungit
2274 929 2556 998 apostolus
2617 927 2861 995 Paulus;
2924 941 3144 996 nempe,
3207 925 3505 994 Αηαιίιεηια

1935 1024 2004 1076 sit
2052 1019 2113 1087 ’³,
2148 1016 2367 1090 quando
2431 1019 2836 1076 emendationis
2899 1017 3286 1088 exspectandae
3347 1016 3504 1070 locus

1924 1121 2028 1167 CSI.

1996 1204 2161 1259 4.1Ηί
2208 1220 2358 1270 vero,
2407 1205 2547 1260 nihil
2580 1204 2646 1259 de
2680 1200 2982 1274 Scripturae
3031 1219 3196 1258 sensu
3248 1216 3507 1272 perscru-

1927 1297 2096 1352 tando
2115 1298 2358 1366 solliciti,
2389 1297 2681 1368 objiciunt,
2719 1297 2868 1369 quod
2896 1313 2994 1367 per
3024 1296 3258 1367 Moysem
3291 1297 3508 1366 legisla-

1926 1398 2101 1445 torem
2133 1393 2459 1462 praeceperit
2486 1391 2628 1446 Deus
2660 1411 2673 1446 :
2711 1408 2729 1442 ι
2776 1385 2895 1445 Non
2941 1389 3113 1444 facies
3157 1389 3254 1443 tibi
3289 1403 3506 1443 onmem

1927 1480 2343 1536 similitudinem
2371 1497 2564 1536 eorum
2593 1496 2714 1551 quae
2746 1480 2802 1534 in
2852 1477 2993 1535 coelo
3038 1490 3191 1544 sunt,
3221 1493 3411 1548 quaeve
3451 1480 3506 1532 in

1926 1581 2069 1627 terra
2091 1574 2154 1626 ιδ.
2182 1591 2200 1624 ι
2231 1571 2296 1626 Ει
2327 1588 2423 1640 per
2446 1573 2765 1643 prOplietam
2803 1571 2972 1625 David
3000 1589 3012 1623 ε
3041 1588 3060 1621 ι
3086 1570 3511 1625 Confundantur

1927 1679 2120 1721 omnes
2154 1665 2252 1736 qui
2287 1665 2517 1720 adorant
2568 1665 2883 1735 sculptilia,
2937 1663 3032 1733 qui
3087 1663 3397 1734 gloriantur
3450 1663 3508 1716 in

247 1761 468 1815 αὑτῶν’
513 1778 532 1810 ι
573 1758 671 1812 καὶ
702 1754 928 1810 τοιαῦτα
961 1752 1132 1806 πολλὰ
1182 1751 1368 1822 ἕτερα.
1415 1749 1558 1800 Ὅσα
1611 1746 1717 1816 γὰρ
1761 1745 1826 1798 ἂν

1936 1755 2247 1812 simulacris
2294 1757 2412 1812 suis
2440 1757 2520 1821 ¹⁸;
2578 1775 2595 1806 ι
2652 1764 2706 1811 et
2755 1755 2860 1809 alia
2915 1755 3086 1808 multa
3141 1753 3229 1809 his
3281 1753 3506 1810 similia.

246 1854 312 1905 ἐκ
359 1851 462 1921 τῆς
507 1849 657 1912 θείας
688 1848 913 1919 Γραφῆς
936 1887 950 1912 ,
1001 1844 1098 1896 καὶ
1130 1843 1194 1894 ὲκ
1222 1839 1332 1893 τῶν
1368 1839 1539 1905 ἁγίων
1568 1833 1824 1904 Πατέρων

248 1942 685 2014 προσενέγκωσι,
721 1940 820 2010 τῆς
857 1935 1029 2004 αὐτῆς
1066 1933 1274 1997 ἐννοίας
1308 1931 1433 1985 εἰσί.

320 2123 385 2176 Τί
421 2117 515 2175 οὖν
565 2121 726 2189 ἡμεῖς
757 2133 937 2188 φαμεν
974 2115 1110 2184 πρὸς
1140 2111 1354 2177 ταῦτα;
1397 2110 1462 2162 Τί
1489 2107 1636 2171 ἀλλο,
1666 2109 1714 2159 εί
1752 2105 1826 2176 μὴ

244 2216 308 2268 τὸ
338 2213 443 2266 ὑπὸ
470 2212 562 2265 τοῦ
588 2208 794 2280 Κυρίου
827 2205 1139 2279 εἰρημένον,
1168 2221 1186 2255 ι
1240 2200 1526 2272 Ἐρευνᾶτε
1555 2198 1653 2262 τὰς
1682 2199 1829 2268 Γρα-

245 2307 356 2377 φάς
387 2321 398 2335 ·
438 2326 456 2358 ι
504 2303 642 2372 καλὴ
676 2301 785 2371 γάρ
818 2301 850 2370 ἡ
878 2299 988 2352 τῶν
1023 2295 1260 2368 Γραφῶν
1308 2293 1504 2364 ἔρευνα
1526 2307 1538 2318 '
1579 2291 1695 2345 ἀλλ’
1744 2291 1830 2343 ὲν-

243 2398 424 2452 ταῦοα
451 2394 719 2464 νουνεχῶς
751 2391 1074 2462 προσέχετε.
1116 2384 1428 2450 Ἀδύνατον,
1451 2381 1495 2436 ὧ
1531 2381 1827 2451 ἀγαπητοὶ,

243 2491 380 2544 Θεὸν
407 2486 714 2558 ψεύσασθαι
739 2502 753 2514 ο
788 2477 870 2545 εἷς
899 2481 1006 2551 γάρ
1037 2481 1154 2532 ἐστι
1182 2477 1336 2540 Θεὸς,
1373 2470 1453 2538 εἷς
1487 2474 1780 2544 νομοδότης
1801 2481 1829 2508 ν

245 2581 499 2642 Παλαιᾶς
546 2577 641 2631 καὶ
687 2573 900 2642 Καινῆς
952 2569 1267 2640 Διαθήκης,
1315 2569 1343 2619 ὁ
1387 2565 1556 2618 πάλαι
1593 2563 1831 2633 λαλήσας

247 2667 580 2738 πολυμερῶς
611 2667 707 2718 καὶ
746 2662 1104 2732 πολυτρόπως
1144 2661 1258 2720 τοῖς
1299 2657 1574 2728 πατράσιν
1620 2657 1676 2706 έν
1721 2653 1832 2716 τοῖς

247 2761 566 2830 προφήταις
592 2795 607 2819 ,
656 2755 751 2807 καὶ
794 2754 882 2806 ἐπ’
919 2753 1164 2821 ἐσχάτων
1205 2749 1312 2802 τῶν
1365 2749 1607 2819 χρόνων,
1647 2747 1705 2797 ἐν
1755 2744 1833 2814 τῷ

251 2852 537 2924 μονογενεῖ
567 2847 737 2902 αὑτοῦ
771 2845 905 2915 Υἱῷ.
950 2843 1257 2914 Προσέχετε
1297 2841 1479 2894 τοίνυν
1509 2839 1648 2910 μετὰ
1677 2838 1834 2906 ἀκρι-

252 2943 435 3006 Θείας,
469 2940 570 2992 οὐκ
599 2936 732 3008 ἐμὸς
774 2936 802 2988 6
847 2934 1008 3002 λόγος
1038 2932 1155 2985 ἐστί
1181 2947 1196 2961 ο
1241 2930 1303 2982 τὸ
1328 2928 1556 2998 Πνεῦμα
1589 2927 1650 2979 τὸ
1680 2927 1833 2993 ἆγιον

251 3035 342 3087 διὰ
369 3029 589 3084 Παύλου
620 3025 716 3080 τοῦ
757 3024 915 3093 ἁγίου
946 3021 1252 3077 ἀποστόλου
1281 3019 1636 3088 άπεφήνατο”
1670 3035 1690 3068 ι
1731 3019 1827 3069 [Ιο-

252 3127 317 3178 λυ
328 3121 511 3195 μερῶς
534 3120 628 3174 καὶ
655 3087 1013 3188 πολυτρόπως
1041 3111 1210 3166 πάλαι
1234 3112 1262 3163 6
1285 3110 1416 3172 Θεὸς
1457 3087 1696 3178 λαλήσας
1721 3111 1830 3171 τοῖς
1859 3087 1904 3146 C

255 3214 532 3287 πατράσιν
583 3212 641 3263 ὲν
680 3210 790 3271 τοῖς
836 3205 1169 3276 προφήταις.
1217 3221 1235 3254 ι
1295 3200 1438 3270 Ὅρα
1476 3199 1559 3252 ὅτι
1597 3199 1832 3268 πολυμε-

259 3309 367 3382 ρῶς
402 3306 496 3359 καὶ
538 3299 900 3370 πολυτρόπως
938 3295 1198 3364 ἐλάλησεν
1229 3297 1257 3347 6
1289 3293 1442 3382 Θεός.
1485 3293 1696 3360 Ὥσπερ
1722 3289 1831 3360 γὰρ

255 3381 577 3467 ἐπιστήμων
628 3389 810 3462 ἰατρὸς
862 3389 922 3442 οὐ
982 3387 1044 3440 τὸ
1090 3386 1224 3439 αὐτὸ
1275 3381 1414 3448 εἶδος
1463 3384 1600 3437 πᾶσι
1648 3382 1832 3436 δίδωσι

256 3495 529 3556 πάντοτε,
567 3487 686 3542 ἀλλ’
734 3485 956 3553 ἑκάστῳ
1010 3481 1072 3535 τὸ
1120 3479 1426 3547 ἐπιτήδειον
1474 3476 1703 3548 παρέχει
1739 3473 1832 3528 καὶ

257 3582 572 3654 πρόσφορον
615 3577 908 3647 φάρμακον
931 3581 981 3637 ι,
1030 3571 1326 3641 διακρίνων
1361 3568 1456 3622 καὶ
1509 3567 1690 3638 χώραν
1739 3567 1833 3619 καὶ

258 3677 414 3729 νόσον
453 3672 546 3725 καὶ
584 3668 754 3740 ὥραν,
793 3665 1060 3729 τουτέστι,
1093 3663 1282 3732 καιρὸν
1319 3661 1413 3714 καὶ
1441 3661 1554 3727 ἕξιν
1593 3659 1688 3714 καὶ
1715 3659 1833 3729 ἡλι-

259 3765 421 3820 κίαν·
475 3762 570 3814 καὶ
615 3759 691 3831 τῷ
740 3759 838 3830 μὲν
889 3756 1107 3827 νηπίῳ,
1140 3754 1360 3824 ἕτερον,
1410 3750 1488 3822 τῷ
1538 3750 1596 3803 δὲ
1643 3749 1833 3819 τελείῳ

257 3857 402 3912 κατά
442 3855 540 3925 τὴν
580 3853 830 3924 ἡλικίαν,
877 3851 1096 3921 ἕτερον’
1147 3847 1276 3901 ἄλλο
1316 3845 1396 3916 τῷ
1445 3844 1696 3907 ἀσθενεῖ,
1738 3842 1834 3896 καὶ

261 3947 393 4002 ἄλλο
426 3944 504 4015 τῷ
532 3942 866 4012 ὑγιαίνοντι’
909 3938 1004 3992 καὶ
1037 3936 1253 4006 ἑκάστῳ
1287 3935 1397 3988 τῶν
1438 3932 1830 3998 ἀσθενούντων,

261 4039 322 4092 ού
353 4037 415 4089 τὸ
446 4034 596 4098 αὐτὸ,
630 4032 768 4085 ἀλλὰ
798 4030 935 4102 πρὸς
960 4028 1062 4098 τὴν
1096 4026 1212 4092 ἕξιν
1245 4027 1339 4080 καὶ
1365 4024 1520 4077 νόσον
1542 4042 1555 4054 ο
1580 4025 1676 4078 κα)⁵
1704 4025 1833 4079 ἄλλο

261 4126 340 4197 τῷ
373 4126 543 4195 Θέρει,
582 4125 678 4177 καὶ
710 4121 788 4191 τῷ
811 4119 1040 4190 χειμῶνι
1069 4117 1278 4186 ἕτερον,
1317 4114 1622 4185 μετοπώρῳ
1646 4131 1706 4167 τε
1737 4117 1834 4168 καὶ

259 4217 408 4287 ἔαρι,
440 4214 535 4267 καὶ
565 4214 622 4266 ὲν
661 4211 877 4280 ἑκάστῳ
905 4209 1076 4276 τόπῳ,
1110 4205 1254 4260 κατὰ
1282 4205 1380 4275 τὴν
1404 4204 1496 4258 τοῦ
1521 4207 1684 4258 τόπου
1715 4207 1835 4260 ἐπι-

259 4305 584 4376 τηδειότητα
607 4319 619 4332 °
648 4301 791 4355 οὕτω
820 4301 914 4353 καὶ
941 4301 969 4352 6
1001 4300 1220 4368 ἀριστος
1255 4297 1363 4349 τῶν
1405 4295 1593 4366 ψυχῶν
1629 4297 1831 4368 ἰατρὸς,

1929 1846 2304 1918 Quaecumque
2336 1849 2506 1913 enim,
2550 1857 2666 1902 tum
2707 1863 2773 1902 ex
2808 1845 3097 1917 Scriptura
3144 1845 3351 1908 divina,
3395 1853 3510 1900 tum

1928 1954 1998 1994 ex
2029 1938 2288 1995 Patribus
2315 1939 2670 2010 pretulerint,
2711 1938 2903 1994 eodem
2939 1953 3105 1994 sensu
3153 1935 3509 2008 intelligenda

1935 2033 2178 2087 veniunt.

2003 2123 2144 2190 Quid
2194 2123 2362 2194 igitur
2401 2123 2470 2177 ad
2524 2123 2638 2176 haec
2688 2120 2974 2176 dicemus?
3020 2118 3161 2186 Quid
3216 2121 3386 2185 aliud,
3425 2121 3511 2174 in-

1929 2231 2118 2284 quam,
2153 2215 2261 2269 nisi
2312 2214 2463 2284 quod
2509 2212 2716 2268 Judaeis
2761 2227 2792 2267 a
2835 2211 3071 2267 Domino
3119 2213 3327 2267 dictum
3385 2213 3505 2266 fuit.

1938 2325 1956 2357 ι
1986 2305 2318 2361 Scrutamini
2347 2304 2662 2376 Scripturas
2682 2304 2767 2358 ‘°?
2795 2323 2812 2356 ι
2853 2302 3173 2358 Laudabilis
3198 2303 3400 2375 quippe
3426 2312 3512 2359 est

1935 2398 2342 2469 Scripturarum
2399 2397 2788 2468 perscrutatio.
2838 2395 2945 2452 Sed
2991 2397 3081 2452 hic
3137 2412 3258 2451 cum
3313 2413 3510 2466 magna

1935 2492 2193 2546 cautione
2240 2491 2486 2545 animum
2519 2489 2805 2545 attendite.
2847 2489 3194 2560 [inpossibile
3225 2499 3331 2554 est,
3367 2491 3507 2546 dile-

1934 2583 2194 2648 ctissimi,
2241 2583 2458 2637 mentiri
2509 2583 2680 2637 Deum
2712 2583 2778 2636 ¹⁷.
2813 2581 2966 2639 Unus
2993 2583 3198 2652 quippe
3225 2582 3369 2638 Deus
3401 2591 3506 2648 est,

1935 2691 2102 2740 unus,
2131 2675 2375 2741 inquam,
2395 2689 2425 2726 a
2450 2688 2562 2744 quo
2586 2672 2756 2729 Vetus
2785 2681 2842 2728 et
2860 2672 3071 2728 Novum
3096 2672 3508 2730 Testamentum

1937 2765 2214 2819 sancitum
2251 2761 2391 2828 fuit;
2427 2762 2520 2831 qui
2573 2761 2931 2816 multifariam
2987 2762 3283 2832 multisqu
3331 2763 3510 2818 modis

1936 2857 2066 2911 olim
2109 2856 2327 2910 locutus
2363 2863 2447 2911 est
2493 2854 2742 2924 patribus
2792 2856 2848 2909 in
2895 2855 3200 2926 prophetis,
3242 2865 3408 2927 atque
3454 2858 3510 2912 in

1939 2947 2258 3002 novissimis
2307 2946 2668 3015 temporibus,
2722 2946 2779 2998 in
2833 2946 3122 3017 unigenito
3181 2945 3320 3002 Filio
3385 2963 3508 3004 suo.

1937 3035 2370 3090 Animadvertite
2415 3035 2601 3105 itaque
2634 3035 2960 3106 diligenter;
3010 3037 3181 3092 verba
3227 3039 3344 3093 haec
3396 3054 3505 3094 non

1936 3138 2057 3178 mea
2094 3132 2224 3178 sunt
2255 3141 2266 3176 :
2308 3121 2550 3192 Spiritus
2600 3133 2827 3179 sanctus
2862 3140 2958 3194 per
2992 3134 3246 3180 sanctum
3278 3129 3512 3197 Aposto-

1934 3215 2046 3269 lum
2080 3215 2489 3285 pronuntiavit:
2525 3235 2543 3267 ι
2579 3215 2957 3282 Multifariam,
2991 3218 3293 3287 multisque
3330 3219 3511 3274 modis

1934 3308 2064 3362 olim
2088 3306 2230 3361 Deus
2263 3307 2493 3376 loquens
2525 3308 2773 3377 patribus
2808 3308 2860 3362 in
2897 3308 3183 3378 prophetis
3215 3309 3276 3362 ³⁸.
3304 3327 3324 3360 ι
3364 3310 3511 3364 Con-

1936 3396 2120 3455 sidera
2148 3397 2347 3468 LDeum
2389 3397 2746 3453 multifariam
2809 3398 3109 3469 multisque
3160 3399 3337 3456 modis
3384 3415 3506 3456 esse

1936 3488 2201 3542 locutum.
2240 3486 2394 3541 Sicut
2437 3487 2582 3540 enim
2631 3487 2840 3557 peritus
2875 3487 3118 3543 medicus
3167 3501 3278 3542 non
3321 3488 3504 3542 omni-

1935 3578 2061 3644 bus,
2105 3592 2207 3632 nec
2258 3592 2476 3647 semper
2522 3576 2665 3631 idem
2715 3578 2944 3633 remedii
2980 3594 3154 3646 genus
3188 3579 3502 3648 ministrat,

1936 3683 2126 3724 verum
2177 3667 2360 3722 habita
2403 3667 2615 3723 ratione
2649 3674 2767 3721 tum
2817 3670 3078 3739 regionis,
3133 3679 3251 3723 tum
3311 3672 3509 3738 morbi,

1937 3769 2051 3818 tum
2092 3760 2376 3831 temporis,
2426 3768 2546 3815 tum
2600 3762 2819 3817 aetatis:
2873 3766 3038 3832 atque
3083 3762 3232 3818 aliud
3292 3763 3512 3833 quidem

1935 3851 2156 3918 infanti,
2193 3851 2345 3906 aliud
2367 3851 2486 3907 viro
2519 3853 2698 3910 aetatis
2727 3862 2974 3918 maturat,
3013 3857 3304 3926 aegrotanti
3339 3857 3512 3924 aliud,

1937 3947 2084 4001 aliud
2122 3961 2280 4014 sano,
2310 3963 2414 4003 nec
2438 3945 2660 4002 cunctis
2693 3944 2924 4017 perinde
2967 3949 3390 4018 aegrotantibus,
3417 3951 3512 4006 sed

1937 4039 2170 4109 singulis
2202 4054 2302 4109 pro
2326 4037 2600 4108 cujusque
2630 4046 2781 4093 statu
2809 4045 2868 4093 et
2903 4040 3097 4094 morbo
3127 4054 3140 4092 :
3173 4055 3514 4110 rursumque

1936 4131 2085 4187 aliud
2132 4130 2354 4202 quidem
2403 4137 2616 4197 azstate,
2649 4128 2802 4185 aliud
2844 4130 3045 4195 hieme,
3083 4131 3316 4185 alterum
3361 4145 3510 4199 vere,

1937 4233 2205 4278 autumno
2258 4223 2514 4290 alterum,
2558 4221 2789 4276 alterum
2849 4220 3068 4274 tandem
3126 4234 3226 4290 pro
3276 4211 3513 4292 singulis

1936 4313 2097 4386 357
2129 4315 2287 4378 locis,
2320 4312 2624 4370 secundum
2654 4311 2834 4367 varias
2870 4310 3158 4380 regionum
3191 4309 3526 4380 qualitates!

260 4399 374 4460 τοῖς
404 4395 486 4448 ἔτι
517 4393 729 4465 νηπίοις
755 4392 850 4446 καὶ
875 4387 1221 4462 ἀρρωστοῦσι
1250 4390 1350 4460 τὴν
1384 4389 1525 4458 πρὸς
1550 4389 1646 4460 τὴν
1676 4390 1829 4443 εῑδω-

1939 4405 2032 4460 Sic
2069 4407 2311 4475 optimus
2345 4405 2509 4457 etiam
2537 4403 2848 4456 animorum
2891 4400 3162 4467 medicus,
3205 4401 3512 4461 infantibus

261 4487 554 4560 λολατρίαν
582 4487 772 4550 νόσον,
821 4485 917 4538 καὶ
954 4483 1024 4536 τὰ
1073 4481 1266 4538 εἴδωλα
1295 4482 1449 4544 Θεοὺς
1483 4481 1830 4553 ἡγουμένοις,

264 4584 359 4638 καὶ
395 4581 471 4644 ὡς
502 4581 641 4642 θεοῖς
675 4578 859 4639 αὐτοῖς
894 4574 1284 4647 προσκυνοῦσι,
1331 4575 1425 4626 καὶ
1456 4573 1708 4627 ἀθετοῦσι
1737 4575 1836 4646 τὴν

260 4672 358 4728 τοῦ
404 4669 540 4724 Θεοῦ
600 4665 1010 4739 προσκύνησιν,
1054 4663 1149 4717 καὶ
1196 4663 1295 4733 τὴν
1348 4662 1513 4715 αὐτοῦ
1559 4663 1713 4728 δόξαν
1767 4668 1832 4736 τῇ

265 4766 439 4818 κτίσει
466 4760 858 4832 προσάγουσιν,
885 4756 1233 4828 ἀπηγόρευσε
1265 4753 1360 4808 τοῦ
1393 4757 1566 4809 ποιεῖν
1599 4757 1835 4821 εἰκόνας.

264 4856 399 4908 Θεοῦ
440 4856 538 4926 μὲν
566 4853 676 4925 γάρ
698 4892 713 4918 ,
761 4851 855 4905 τοῦ
886 4851 1180 4922 ἀσωμάτου
1210 4890 1226 4916 ,
1279 4851 1370 4904 καὶ
1399 4851 1630 4922 ἀοράτου
1655 4858 1710 4889 ⁸·
1745 4853 1838 4906 καὶ

266 4944 428 4997 ἀΰλου
455 4985 470 5009 ,
505 4944 603 4998 καὶ
651 4945 788 5014 μήτε
828 4943 1015 5014 σχῆμα
1037 4981 1052 5007 ,
1095 4942 1233 5012 μήτε
1265 4944 1616 5014 περιγραφὴν
1641 4984 1656 5008 ,
1702 4949 1838 5014 μήτε

260 5035 572 5103 κατάληψιν
604 5035 820 5105 ἔχοντος
847 5033 1112 5088 ἀδύνατον
1146 5035 1321 5086 ποιεῖν
1346 5034 1550 5088 εἰκόνα.
1583 5034 1706 5099 Πῶς
1729 5037 1838 5108 γὰρ

261 5124 325 5175 τὸ
352 5123 425 5193 μὴ
455 5125 650 5193 ὁραθὲν
695 5124 1128 5196 εἰκονισοήσεται
1159 5142 1173 5190 ;
1211 5145 1229 5175 ‹
1267 5124 1397 5178 Θεὸν
1437 5125 1493 5178 δὲ
1528 5127 1704 5190 οὐδεὶς
1736 5126 1838 5180 ἐώ-

271 5227 399 5280 ρακε
427 5210 646 5265 πώποτε
670 5228 685 5242 '
717 5217 744 5267 6
774 5214 1068 5286 μονογενὴς
1097 5215 1256 5280 Υἱὸς,
1313 5217 1341 5268 ό
1373 5216 1447 5268 ῶν
1474 5219 1531 5270 ὲν
1560 5220 1672 5282 τοῖς
1712 5218 1839 5272 κόλ-

341 5369 384 5437 f’
412 5367 547 5423 Gen.
589 5386 671 5437 ιιι,
703 5371 756 5424 2.

341 5374 384 5399 ¹²
412 5374 547 5423 Gen.
589 5386 671 5437 ιιι,
703 5374 756 5424 2.
850 5374 892 5406 ³³
921 5377 1097 5432 Galat.
1129 5396 1168 5442 ι,
1209 5381 1263 5434 8.

269 5437 311 5470 ιε
344 5435 487 5470 ιιοι...
562 5457 574 5470 .
632 5443 652 5470 Α

341 5435 505 5493 Hebr.
562 5457 598 5505 ι,
632 5435 684 5495 1.

1357 5379 1398 5410 ¹⁸
1428 5379 1600 5437 Exod.
1627 5397 1718 5445 xx,
1751 5384 1840 5439 9.4.

1938 4497 2119 4552 adhuc
2154 4503 2208 4551 et
2239 4491 2570 4551 idololatriae
2590 4492 2780 4548 morbo
2807 4492 3211 4560 laborantibus,
3237 4495 3356 4564 qui,
3385 4513 3510 4550 cum

1938 4586 2235 4642 simulacra
2274 4585 2407 4640 deos
2459 4599 2583 4638 esse
2631 4591 2918 4655 putarent,
2972 4599 3037 4639 ac
3078 4592 3334 4656 tanquam
3382 4590 3514 4647 deos

1940 4677 2258 4739 adorarent,
2313 4673 2560 4729 debitum
2605 4672 2716 4730 Deo
2772 4675 2983 4730 cultum
3029 4685 3085 4731 et
3133 4677 3512 4737 adoratiouem

1938 4763 2298 4835 denegabant,
2335 4763 2617 4836 ipsiusque
2633 4765 2860 4836 gloriam
2893 4767 2960 4822 ad
2989 4776 3301 4825 creaturam
3336 4782 3516 4828 trans-

1940 4855 2210 4918 ferebant.
2243 4856 2330 4913 his
2366 4858 2633 4928 imagines
2675 4857 2856 4913 facere
2902 4863 3101 4917 vetuit.
3127 4861 3517 4920 Verumenim-

1940 4964 2071 5004 vero
2118 4947 2232 5015 Dei,
2287 4949 2380 5018 qui
2439 4948 2820 5020 incorporeus,
2860 4949 3194 5017 invisibilis,
3227 4968 3258 5006 a
3289 4956 3516 5008 materia

1942 5051 2206 5105 remotus,
2261 5055 2369 5094 non
2418 5041 2704 5112 ﬁguratus,
2749 5056 2850 5097 nec
2886 5043 3368 5113 circumscriptus,
3416 5061 3518 5099 nec

1942 5130 2458 5202 comprehensibilis
2506 5141 2610 5198 esl,
2653 5131 2835 5202 imago
2878 5133 3029 5188 nulla
3070 5133 3266 5188 confici
3311 5143 3515 5202 potest.

1940 5222 2225 5290 Quomodo
2266 5224 2412 5279 enim
2462 5223 2517 5279 id
2571 5223 2718 5294 quod
2755 5224 2813 5278 in
2859 5234 3142 5295 aspectum
3190 5240 3299 5277 non
3346 5225 3516 5288 cadit,

2529 5387 2574 5418 ¹⁶
2599 5385 2757 5441 Joan.
2784 5403 2837 5449 ν,
2861 5385 2949 5440 59.
3050 5385 3092 5414 ¹⁷
3128 5381 3293 5438 Hebr.
3328 5398 3400 5447 τι,
3429 5383 3514 5438 18.

1936 5387 1976 5417 ⁸⁸
2011 5385 2153 5442 [‘snl.
2196 5401 2339 5452 xcvr,
2378 5387 2431 5441 8.

1576 5541 1811 5600 VARUE
1854 5546 2145 5603 LECTION
2153 5549 2230 5603 ES
2245 5587 2260 5602 .

339 5619 545 5711 ξιθίξίιξς
577 5622 892 5711 Ῥμξρἐτης,
919 5632 977 5678 ut
1002 5634 1056 5681 et
1091 5627 1146 5682 in
1175 5638 1314 5685 orat.
1349 5632 1403 5688 2.
1484 5645 1513 5674 ι
1541 5631 1698 5690 Colb.
1731 5645 1792 5692 et-
1807 5647 1949 5692 orat.
1987 5640 2019 5691 Ξ
2049 5640 2189 5692 κατὰ
2213 5639 2312 5711 τὴν
2346 5639 2457 5704 ’έξιν
2478 5637 2708 5708 παρέχει
2730 5637 2790 5690 τὸ
2807 5635 3116 5708 φάρμακον.
3196 5637 3244 5677 ι’
3271 5633 3434 5692 Deest
3458 5638 3514 5693 in

273 5689 425 5746 Colb.
458 5691 551 5745 καὶ
578 5689 832 5762 ἀοράτου.

628 5786 899 5848 Ριτιιοι..
937 5790 1051 5851 Gn.
1083 5791 1280 5853 XCIV.

2988 5795 3064 5858 42
