4074 6146
503 273 637 348 13°23

1690 269 1749 332 S.
1789 267 2112 338 JOANNIS
2150 274 2578 336 DAMASCENI

3601 286 3731 350 I324

494 397 731 465 imagine
756 393 1082 464 eﬂingatur?
1116 411 1134 442 ι
1174 389 1340 444 Deum
1374 397 1555 442 autem
1589 400 1753 443 nemo
1792 387 1927 442 vidit
1957 401 2062 441 un-

2171 402 2292 448 ποις
2326 385 2419 438 τοῦ
2448 384 2682 454 Πατρὸς,
2715 385 2878 448 αὐτὸς
2905 384 3240 454 ἐξηγήσατοι
3273 407 3292 441 ι
3326 393 3448 445 καί·
3489 412 3509 445 ι
3547 397 3730 462 Οὐδεὶς

493 503 657 558 quam
689 505 702 542 :
733 486 1049 556 unigenitus
1079 482 1273 546 Filius,
1319 482 1414 550 qui
1469 489 1555 536 est
1601 481 1654 533 in
1698 479 1823 534 sinu
1861 477 2063 541 Patris,

494 575 613 644 ipse
654 572 932 629 enarravit
965 572 1007 603 ¹⁹
1035 589 1049 638 ;
1081 589 1099 622 ι
1153 571 1336 638 aitque
1368 567 1553 623 Deus:
1593 585 1610 620 ι
1651 567 1820 623 Nemo
1860 565 2065 622 videbit

495 665 690 718 faciem
719 676 919 727 meam,
945 670 998 716 et
1023 663 1169 716 vivet
1197 661 1264 713 ὀ.
1306 680 1324 711 ι

563 779 616 834 5.
653 777 805 843 Quod
839 784 1020 832 autem
1059 776 1361 832 simulacra
1405 783 1664 843 tanquam
1697 773 1828 828 deos
1868 768 2067 824 adora-

501 871 708 934 vcrint,
747 869 874 923 audi
936 867 1068 938 quid
1119 876 1305 921 narret
1353 847 1643 935 Scriptura
1677 864 1731 916 in
1767 861 1958 915 Exodo
1989 859 2064 928 (id

493 970 576 1014 est
619 961 672 1012 in
717 959 912 1028 exitu)
950 956 1186 1012 ﬁliorum
1231 955 1420 1018 Israel,
1465 953 1685 1025 quando
1740 951 1958 1024 Moyses
2011 951 2063 1005 in

493 1058 735 1103 montem
771 1047 927 1102 Sinai
953 1046 1297 1109 conscendit,
1330 1045 1516 1114 ibique
1541 1058 1664 1097 cum
1705 1041 1816 1095 Deo
1845 1040 2064 1105 sedens,

494 1146 868 1194 commoratus
898 1146 1006 1205 est,
1038 1146 1098 1191 ut
1138 1139 1310 1209 legem
1362 1136 1638 1204 acciperet
1665 1152 1678 1188 :
1709 1132 1952 1202 quando,
1984 1132 2065 1185 in-

495 1247 684 1301 quam,
715 1231 1134 1302 ingratissimus
1189 1229 1428 1298 populus
1478 1227 1745 1280 adversus
1794 1225 2066 1278 Aaronem

495 1327 810 1395 insurgens,
847 1324 1030 1378 dixit:
1060 1340 1078 1373 ι
1111 1319 1220 1374 Fac
1253 1321 1412 1375 nobis
1459 1319 1612 1382 deos,
1655 1316 1748 1388 qui
1787 1331 1888 1372 nos
1927 1329 2066 1385 prae-

497 1416 716 1471 cedant.
779 1413 953 1485 Moysi
1005 1414 1152 1467 enim
1219 1412 1347 1466 huic
1398 1410 1522 1464 viro
1577 1411 1899 1478 ignoramus
1934 1405 2066 1476 quid

497 1507 759 1563 acciderit
787 1506 853 1559 “.
882 1525 900 1558 ›
933 1503 1136 1559 Deinde
1162 1518 1284 1557 cum
1332 1517 1562 1556 uxorum
1598 1513 1824 1554 suarum
1862 1496 2068 1552 mundo

497 1606 550 1654 et
582 1605 775 1653 ornatu
809 1595 1089 1666 adempto,
1135 1593 1414 1649 conﬂatile
1457 1589 1850 1655 labricassent,
1883 1603 2069 1643 come-

2167 474 2354 544 δψεται
2405 475 2464 528 τὸ
2506 475 2797 545 πρόσωπόν
2849 491 2950 543 μου
2978 517 2991 541 ,
3049 477 3140 529 καὶ
3196 479 3460 549 ζήσεται,
3504 502 3523 536 ι
3561 485 3665 558 ἔφη
3706 493 3733 541 6

2169 567 2322 630 Θεός.

2239 774 2300 820 ε’.
2340 768 2460 821 ’Ὁτι
2504 767 2559 822 δὲ
2595 770 2704 831 τοῖς
2748 767 2989 832 εἰδώλοις
3039 770 3115 833 ὡς
3166 771 3308 836 θεοῖς
3348 777 3730 846 προσεκύνουν,

2167 861 2332 914 ἄκουε
2371 860 2424 913 τί
2463 862 2495 931 ἡ
2526 861 2717 932 Γραφὴ
2762 862 2819 914 ἐν
2853 863 2920 932 τῇ
2966 861 3131 932 ἐξόδῳ
3163 862 3272 918 τῶν
3315 867 3447 919 υἱῶν
3499 870 3731 940 Ἰσραὴλ,

2166 951 2256 1004 ὅτε
2287 949 2487 1021 ἀνῆλθε
2517 949 2758 1019 Μωῦσῆς
2798 951 2878 1014 είς
2909 951 2970 1004 τὸ
3011 951 3138 1021 ὅρος
3166 953 3299 1006 Σινᾶ
3319 992 3335 1021 ,
3368 958 3461 1009 καὶ
3492 959 3732 1028 ἐχρόνισε

2169 1040 2552 1111 προσεδρεύων
2603 1040 2681 1111 τῷ
2713 1041 2836 1111 Θεῷ
2861 1081 2876 1106 ,
2911 1043 3101 1097 λαϐεῖν
3147 1044 3238 1097 τὸν
3273 1044 3470 1117 κμον,
3521 1050 3610 1102 ὅτε
3642 1051 3736 1102 ἐπα

2168 1131 2366 1200 ανέστη
2399 1133 2428 1184 6
2457 1130 2729 1202 ἀγνώμων
2764 1132 2891 1195 λαὸς
2933 1135 3144 1205 Ἀαρὼν
3171 1136 3248 1206 τῷ
3288 1138 3382 1190 τοῦ
3413 1139 3551 1193 Θεοῦ
3584 1141 3736 1212 θερά-

2167 1239 2359 1287 ποντι,
2390 1221 2639 1290 λέγοντες
2665 1239 2677 1251 ·
2710 1240 2727 1273 ι
2766 1222 2999 1291 Ποίησον
3049 1227 3181 1294 ἡμῖν
3223 1226 3406 1292 θεοὺς,
3454 1228 3503 1280 οἳ
3535 1247 3733 1300 προποο

2173 1310 2456 1382 ρεύσονται
2480 1313 2660 1383 ἡμῶν.
2704 1313 2762 1365 '0
2787 1313 2895 1384 γὰρ
2925 1314 3020 1368 ἄνθ
3031 1333 3211 1385 ρωπος
3239 1312 3394 1382 οὗτος
3420 1321 3448 1372 6
3475 1321 3732 1391 Μωῦσῆς,

2168 1402 2266 1455 οὐκ
2296 1402 2523 1473 οἴδαμεν
2548 1444 2562 1469 ,
2613 1404 2667 1456 τί
2707 1403 2934 1472 γέγονεν
2983 1406 3160 1478 αὐτῷ·
3211 1427 3230 1460 ›
3268 1403 3387 1462 εἶτα
3411 1451 3426 1476 ,
3458 1411 3549 1464 ὅτε
3579 1430 3737 1483 περι-

2169 1492 2377 1547 είλοντο
2405 1495 2496 1548 τὸν
2525 1495 2732 1566 κόσμον
2774 1497 2884 1550 τῶν
2913 1499 3189 1564 γυναικῶν
3219 1501 3401 1556 αὐτῶν
3422 1543 3438 1569 ,
3469 1506 3564 1558 καὶ
3595 1506 3737 1576 ἐχώ-

2169 1603 2366 1640 νευσαν
2394 1625 2409 1650 ,
2461 1588 2553 1640 καὶ
2583 1587 2787 1657 ἔφαγον
2815 1625 2830 1652 ,
2870 1590 2964 1643 καὶ
2993 1587 3144 1644 ἔπιον
3165 1633 3180 1659 ,
3227 1593 3322 1646 καὶ
3352 1595 3733 1670 ἐμεθύσθησαν

496 1689 694 1745 derunt
726 1699 781 1743 et
832 1687 1114 1750 biberunt,
1171 1692 1336 1754 atque
1387 1696 1578 1738 errore
1620 1695 1722 1737 suo
1752 1679 1978 1749 perinde
2005 1692 2062 1733 ac

2173 1679 2277 1731 υπό
2306 1695 2366 1731 τε
2396 1677 2489 1730 τοῦ
2520 1679 2664 1732 οἴνου
2706 1679 2803 1733 καὶ
2831 1679 2931 1750 τῆς
2960 1681 3190 1751 πλάνης,
3224 1685 3320 1737 καὶ
3348 1685 3580 1757 ἤρξαντο
3611 1693 3738 1745 παί-

494 1779 623 1834 viuo
663 1778 944 1843 inebriati,
989 1777 1183 1834 ludere
1224 1781 1534 1845 coeperunt,
1570 1779 1624 1827 et
1666 1785 1778 1841 prae
1833 1769 2062 1825 amentia

2173 1769 2321 1835 ζειν,
2367 1769 2426 1823 ἐν
2473 1767 2754 1839 ἀφροσύνῃ
2796 1769 3098 1838 λέγοντες·
3138 1790 3157 1823 ι
3192 1767 3350 1828 Οὗτοι
3391 1777 3440 1829 οἱ
3489 1777 3604 1831 θεοί
3649 1798 3738 1834 σου

495 1865 719 1921 dicere:
761 1885 779 1916 ι
813 1864 882 1919 Hi
927 1874 1060 1922 sunt
1096 1864 1172 1917 dii
1207 1863 1312 1927 tui,
1352 1861 1541 1916 Israel.
1579 1878 1598 1911 ι
1639 1861 1842 1915 Annon
1890 1859 2067 1922 vides,

497 1955 642 2024 quod
680 1957 978 2012 simulacra
1033 1957 1088 2010 in
1113 1955 1248 2010 deos
1298 1937 1417 2010 sibi.
1456 1953 1818 2008 statuerunt?
1879 1951 2071 2020 Neque

499 2048 644 2101 enim
678 2048 856 2112 Jovis,
892 2055 984 2102 aut
1013 2048 1164 2101 illius
1209 2045 1509 2099 alteriusve
1541 2043 1902 2098 simulacrum
1933 2043 2069 2097 fece-

501 2144 664 2200 runt;
699 2138 794 2191 sed
835 2146 894 2190 ut
947 2134 1059 2190 fors
1117 2135 1277 2199 tulit,
1331 2148 1525 2187 aurum
1575 2133 1954 2202 przebuerunt,
2005 2148 2066 2187 ex

503 2240 610 2294 quo
648 2226 851 2279 idolum
887 2224 1211 2288 conﬂarent,
1249 2222 1622 2293 quodcunque
1668 2220 1885 2276 tandem
1931 2220 2068 2274 illud

500 2314 662 2380 foret,
713 2311 1025 2384 prodiitque
1084 2313 1275 2369 bovini
1327 2311 1530 2383 capitis
1596 2310 1824 2382 emgies.
1877 2309 2069 2380 Itaque

497 2401 771 2472 ejusmodi
817 2402 1121 2458 conﬂatilia
1178 2405 1231 2458 in
1286 2405 1424 2457 deos
1477 2401 1775 2468 habebant,
1839 2402 2070 2472 ipsaque

496 2504 755 2564 tanquam
797 2496 928 2550 deos
971 2495 1276 2551 adorabant
1308 2514 1320 2550 :
1352 2509 1472 2566 quae
1502 2493 1724 2565 quidem
1758 2493 2064 2549 darmonum

497 2587 772 2641 domicilia
832 2595 1008 2641 erant.
1054 2583 1200 2652 Qain
1249 2594 1303 2642 et
1347 2593 1621 2641 creaturae
1673 2585 1856 2656 potius
1901 2599 2064 2655 quam

497 2677 742 2732 Creatori
779 2691 871 2731 eos
903 2673 1181 2742 serviisse,
1219 2675 1439 2733 divinus
1465 2685 1698 2732 testatur
1733 2675 2062 2745 Apostolus:

504 2787 520 2818 ι
563 2765 668 2834 Qui
705 2777 1082 2830 mutaverunt,
1112 2765 1316 2838 inquit.
1359 2768 1590 2840 gloriam
1627 2767 2066 2838 incorruptibilis

499 2859 590 2913 Dei
628 2860 680 2912 in
712 2857 1135 2913 similitudinem
1185 2859 1565 2929 corruptibilis
1609 2857 1852 2914 hominis
1891 2866 1946 2914 et
1977 2873 2067 2912 vo-

497 2952 736 3014 lucrum,
766 2959 818 3003 ct
854 2949 1294 3019 quadrupedum,
1331 2958 1388 3004 et
1429 2951 1771 3020 serpentium
1797 2988 1810 3012 ,
1865 2959 1919 3005 et
1959 2965 2066 3005 ser-

2183 1857 2420 1931 Ἰσραήλ.
2461 1875 2479 1909 ι
2517 1860 2716 1931 Ὁρᾷς,
2767 1860 2849 1914 ὄτι
2887 1861 3046 1926 θεοὺς
3085 1859 3230 1934 εἶχον
3279 1865 3349 1918 τά
3394 1866 3628 1922 εἴδωλα·
3678 1873 3737 1925 οὐ

2168 1951 2276 2022 γὰρ
2306 1951 2566 2020 ἐποίησαν
2597 1950 2718 2014 Διὸς
2746 1950 2963 2006 εἴδωλον
2987 1993 3000 2018 ,
3037 1952 3070 2023 ἢ
3100 1954 3257 2008 τοῦδε
3280 1993 3294 2020 ,
3326 1956 3360 2027 ἢ
3397 1955 3556 2012 τοῦδε
3575 2003 3590 2026 ,
3626 1962 3738 2015 ἀλλ’

2169 2044 2244 2108 ὡς
2270 2042 2458 2114 ἔτυχεν
2478 2041 2684 2095 ἔδωκαν
2706 2042 2798 2096 τὸν
2824 2043 3022 2114 χρυσὸν
3047 2045 3138 2098 ἐπὶ
3162 2045 3222 2099 τὸ
3248 2049 3470 2119 ποιῆσαι
3487 2051 3726 2117 εἴδωλον,

2169 2135 2304 2204 ὅπερ
2344 2134 2410 2188 ἂν
2453 2132 2611 2206 τύχῃ,
2656 2133 2752 2186 καὶ
2796 2133 3026 2203 ἀνῆλθεν
3071 2135 3374 2208 ἐκτύπωμα
3403 2139 3730 2212 βουκράνου.

2172 2225 2336 2277 Ὥστε
2368 2223 2506 2280 αύτά
2534 2225 2602 2276 τὰ
2633 2224 2877 2294 χωνευτά
2908 2224 3067 2289 θεοὺς
3097 2222 3262 2297 εἶχον,
3297 2230 3389 2282 καὶ
3424 2232 3638 2296 τούτοις
3667 2235 3740 2297 ὡς

2171 2315 2311 2378 θεοῖς
2353 2315 2742 2386 προσεκύνουν,
2785 2313 2945 2370 ἅτινα
2987 2316 3259 2388 δαιμόνων
3298 2315 3441 2390 ἦσαν
3478 2341 3739 2396 κατοικη-

2167 2408 2356 2478 τήρια.
2393 2407 2502 2460 Kal
2529 2407 2610 2460 ὅτι
2660 2409 2726 2477 τῇ
2761 2406 2935 2460 κτίσει
2967 2407 3254 2480 ἐλάτρευον
3285 2413 3436 2483 παρά
3476 2416 3568 2467 τὸν
3601 2417 3738 2471 K1!-

2171 2515 2358 2562 σαντα,
2393 2498 2560 2569 φησὶν
2587 2499 2615 2550 ὁ
2647 2498 2788 2563 θεῖος
2823 2500 3176 2564 Ἀπόστολος·
3215 2522 3232 2555 ι
3257 2504 3470 2570 Οἵτινες
3498 2507 3740 2578 ἤλλαξαν

2167 2588 2265 2660 τὴν
2297 2589 2455 2653 δόξαν
2483 2589 2577 2642 τοῦ
2618 2589 2898 2660 ἀφθάρτου
2925 2589 3061 2644 Θεοῦ
3113 2594 3170 2646 ἐν
3219 2595 3526 2666 ὁμοιώματι
3557 2600 3742 2671 φθαρο

2169 2679 2261 2734 τοῦ
2296 2679 2584 2752 ἀνθρώπου
2605 2722 2619 2747 ,
2651 2681 2746 2734 καὶ
2778 2682 3041 2736 πετεινῶν
3066 2725 3080 2748 ,
3111 2685 3208 2738 καὶ
3233 2689 3578 2759 τετραπόδων
3602 2734 3617 2758 ,
3650 2694 3745 2746 καὶ

2168 2771 2412 2843 ἑρπετῶν
2438 2788 2450 2802 ’
2502 2769 2599 2824 καὶ
2648 2767 2980 2842 ἐλάτρευσαν
3008 2774 3075 2843 τῇ
3106 2766 3284 2826 κτίσει
3312 2775 3465 2846 παρὰ
3491 2777 3584 2832 τὸν
3621 2780 3747 2832 Κτί-

2171 2881 2356 2918 σαντα.
2395 2880 2413 2913 ι
2450 2861 2652 2915 Τούτου
2690 2861 2851 2933 χάριν
2899 2864 3280 2936 ἀπηγόρευσεν
3323 2867 3351 2920 6
3396 2867 3530 2932 Θεὸς
3562 2873 3744 2924 ποιεῖν

2171 2955 2277 3006 πᾶν
2311 2952 2579 3022 ὁμοίωμα.

495 3039 718 3093 vicbant
747 3047 1016 3094 creatura:
1055 3037 1236 3108 potius
1276 3051 1439 3109 quam
1509 3037 1756 3093 Creatori
1792 3037 1860 3090 ".
1918 3056 1937 3090 ι
2000 3037 2369 3105 Quamobrem
2427 3041 2592 3104 Deus,
2653 3054 2722 3094 ne
2795 3053 2904 3110 qua
2961 3041 3269 3098 similitudo
3315 3045 3504 3116 ﬁeret,
3558 3052 3749 3122 probi-

497 3131 636 3186 buit.

565 3246 616 3300 6.
656 3244 808 3299 illum
844 3244 993 3311 novi,
1029 3244 1122 3313 qui
1155 3244 1292 3298 citra
1326 3244 1677 3299 mendacium
1708 3243 1882 3297 dixit:
1916 3261 1933 3294 ι
1967 3242 2062 3298 Do-

2240 3242 2316 3308 g'.
2348 3239 2480 3297 Οἶδα
2520 3243 2611 3297 τὸν
2651 3222 2900 3314 ἀψευδῶς
2943 3246 3166 3301 εἰπόντα
3193 3263 3208 3278 ·
3264 3269 3283 3300 ι
3323 3251 3528 3321 Κύριος
3555 3257 3585 3308 6
3614 3255 3746 3322 Θεός

494 3339 677 3394 minus
706 3336 846 3393 Deus
874 3347 1021 3402 tuus,
1057 3333 1198 3392 Deus
1233 3352 1376 3392 unus
1403 3344 1486 3391 est
1508 3335 1573 3387 ’³.
1611 3353 1629 3386 ι
1669 3333 1733 3388 Et
1768 3352 1781 3388 :
1819 3352 1837 3384 ε
1873 3333 2061 3390 1)οωί-

494 3448 623 3486 num
655 3429 824 3486 Deum
863 3439 1016 3485 tuum
1050 3430 1334 3494 adorabis,
1386 3436 1441 3484 et
1490 3429 1569 3482 illi
1617 3429 1722 3484 soli
1751 3427 1962 3484 servies
1992 3427 2062 3481 “.

491 3520 611 3575 Non
640 3528 802 3575 erunt
839 3519 936 3574 tibi
966 3519 1045 3574 dii
1091 3519 1258 3575 alieni
1289 3521 1355 3574 ".
1392 3537 1411 3571 ›
1449 3519 1728 3589 Itemque:
1778 3536 1796 3571 ‹
1831 3515 1951 3572 Νοιι
1986 3516 2065 3571 fa-

494 3613 606 3667 cies
659 3611 755 3666 tibi
803 3611 1080 3681 sculptile,
1137 3625 1358 3666 omnem
1391 3608 1813 3665 similitudinem
1847 3622 2059 3674 eorum,

493 3701 699 3772 quzein
734 3702 873 3757 caalo
906 3710 1035 3757 sunt
1069 3716 1318 3768 sursum,
1360 3708 1416 3757 et
1455 3715 1578 3771 quae
1619 3699 1678 3753 in
1715 3705 1864 3754 terra
1899 3697 2061 3754 deor-

494 3810 614 3850 sum
645 3795 711 3848 ".
751 3813 770 3846 ι
804 3795 870 3848 Ει
900 3810 1116 3850 rursum
1145 3814 1158 3850 :
1212 3813 1230 3846 ι
1282 3792 1710 3850 Confundantur
1738 3807 1937 3848 omnes
1967 3793 2062 3862 qui

494 3886 727 3939 adorant
783 3885 1080 3953 sculptilia.
1115 3905 1134 3936 ι
1193 3885 1262 3939 Ει
1295 3903 1308 3940 :
1348 3903 1367 3936 ‹
1419 3884 1648 3940 Pereant
1703 3883 1781 3938 dii
1814 3883 1908 3954 qui
1949 3897 2062 3937 non

493 3977 748 4032 fecerunt
807 3973 1007 4030 c‘belum
1044 3984 1099 4029 et
1140 3983 1344 4031 terram
1375 3975 1456 4030 ’τι
1497 3994 1515 4027 ›
1569 3983 1623 4031 et
1655 3975 1762 4028 alia
1823 3973 2063 4044 denique

493 4065 738 4136 ejusdem
769 4066 1006 4136 generis,
1039 4081 1164 4137 qua:
1195 4065 1418 4121 locutus
1451 4079 1576 4120 cum
1621 4075 1766 4121 esset
1794 4065 1938 4119 Deus
1960 4080 2060 4135 pa-

492 4160 671 4213 tribus
719 4159 771 4212 in
806 4152 1110 4228 prophetis,
1143 4157 1196 4212 in
1249 4155 1568 4212 novissimis
1607 4154 1799 4211 diebus
1839 4156 2060 4212 loeutus

490 4261 573 4308 est
603 4251 760 4306 nobis
791 4251 844 4305 in
879 4245 1161 4322 unigenito
1198 4241 1338 4304 Filio
1389 4259 1512 4313 suo,
1565 4262 1662 4318 per
1715 4261 1878 4318 quem
1929 4247 2060 4303 fecit

491 4356 544 4401 et
583 4346 782 4401 saecula
810 4337 874 4398 ³⁸.
906 4331 1060 4398 illum
1102 4341 1252 4408 novi,
1293 4342 1387 4412 qui
1436 4341 1555 4395 ait:
1608 4359 1628 4392 ‹
1662 4337 1790 4396 Haec
1822 4348 1907 4397 est
1947 4342 2058 4396 vita

489 4447 715 4503 aeterna,
743 4444 803 4490 ut
836 4441 1173 4508 cognoscant
1207 4442 1262 4489 te
1297 4435 1476 4489 solum
1526 4429 1700 4488 Deum
1751 4443 1967 4496 verum,
2004 4441 2059 4488 et

490 4545 649 4600 quem
701 4528 900 4584 misisti
954 4521 1139 4582 Jesum
1198 4521 1573 4581 Christum".
1636 4543 1656 4577 ι
1691 4522 1834 4591 Quin
1887 4525 2053 4580 etiam

489 4619 653 4674 credo
693 4619 747 4671 in
781 4632 947 4672 unum
966 4607 1161 4681 Deum,
1195 4629 1366 4670 unum
1405 4629 1592 4669 rerum
1625 4614 1870 4668 omnium
1904 4613 2054 4684 prin-

488 4711 711 4780 cipium,
764 4708 883 4763 sine
937 4707 1241 4778 principio,
1274 4708 1603 4773 increatum,
1653 4705 1909 4761 interitus
1961 4719 2058 4760 ne-

491 4801 690 4866 scium,
729 4807 783 4853 et
839 4797 1224 4863 immortalem,
1283 4795 1702 4867 sempiternum,
1758 4804 1813 4851 et
1861 4810 2056 4866 perpe-

487 4902 669 4958 tuum,
729 4888 1363 4958 incomprehensibilem,
1424 4889 1838 4958 incorporeum,
1913 4887 2058 4941 invi-

487 4983 724 5045 sibilem,
762 4979 1320 5050 ineircumscriptum,
1365 4977 1551 5051 figurae
1581 4985 1882 5049 expertem,
1924 4981 2055 5035 sub-

452 5073 743 5140 .stantiam
805 5085 968 5125 unam
1029 5071 1177 5126 omni
1244 5069 1550 5125 substantia
1607 5070 2049 5138 eminentiorem,

452 5148 458 5166 ²
485 5165 747 5221 Deitatem
782 5163 975 5232 quavis
1003 5161 1308 5217 divinitatis
1354 5158 1713 5229 intelligentia
1760 5159 2050 5214 sublimio-

484 5275 618 5324 rem,
677 5257 730 5310 in
786 5255 1036 5326 personis
1085 5245 1251 5323 348
1309 5250 1504 5314 tribus,
1555 5247 1717 5304 Patre
1747 5258 1802 5305 et
1826 5248 1968 5304 Filio
1997 5260 2051 5304 et

485 5348 688 5419 Spiritu
719 5355 945 5407 sancto,
977 5344 1164 5412 illique
1200 5342 1301 5398 soli
1347 5341 1564 5408 servio;
1596 5341 1702 5410 ipsi
1737 5338 1841 5397 soli
1877 5341 2050 5397 latriae

2167 3351 2283 3398 σου,
2313 3335 2516 3405 Κύριος
2547 3329 2626 3398 εἷς
2656 3335 2795 3390 ἐστι.
2837 3355 2855 3388 ι
2885 3336 3016 3402 Kal,
3056 3359 3076 3390 ι
3106 3338 3313 3408 Κύριον
3351 3343 3442 3396 τὸν
3475 3345 3613 3399 Θεόν
3645 3365 3743 3401 σου

2166 3424 2595 3496 προσκυνήσεις,
2639 3427 2736 3479 καὶ
2775 3427 2929 3497 αὐτῷ
2973 3428 3120 3499 μόνῳ
3164 3431 3504 3503 λατρεύσεις.
3545 3455 3564 3487 ι
3607 3439 3744 3503 Kal,

2170 3534 2189 3567 ι
2219 3517 2334 3569 Οὐκ
2354 3513 2570 3569 ἔσονταί
2603 3533 2687 3569 σοι
2713 3515 2826 3570 θεοὶ
2865 3519 3066 3590 ἐτεροι.
3108 3539 3126 3572 ι
3159 3522 3289 3590 Kal,
3330 3543 3350 3576 ‹
3387 3527 3465 3579 Οὐ
3492 3531 3745 3599 ποιήσεις

2164 3607 2403 3675 γλυπτὸν
2437 3609 2544 3660 πᾶν
2576 3607 2830 3679 ὁμοίωμα
2852 3649 2866 3675 ,
2895 3609 2998 3666 ὅσα
3028 3613 3086 3666 ἐν
3112 3613 3189 3684 τῷ
3227 3615 3442 3686 οὐρανῷ
3465 3658 3480 3682 ,
3515 3620 3612 3672 καὶ
3644 3622 3746 3675 ὅσα

2163 3701 2220 3751 ὲν
2243 3700 2309 3768 τῇ
2337 3699 2430 3768 γῇ.
2471 3716 2489 3749 ›
2533 3697 2664 3766 Kal,
2707 3716 2726 3750 ι
2761 3699 3221 3772 Αίσχυνθήτωσαν
3246 3705 3449 3770 πάντες
3477 3709 3525 3761 oi
3563 3728 3745 3780 προσ-

2164 3786 2452 3850 κυνοῦντες
2487 3791 2600 3852 τοῖς
2633 3789 2916 3859 γλυπτοῖς.
2962 3811 2980 3844 ι
3016 3794 3148 3861 Kal,
3185 3814 3205 3847 ι
3251 3797 3406 3862 Θεοὶ,
3436 3801 3486 3852 οἳ
3521 3801 3616 3854 τὸν
3647 3803 3746 3854 οὐ·

2166 3878 2328 3949 ρανὸν
2371 3876 2466 3932 καὶ
2501 3878 2602 3950 τὴν
2620 3881 2740 3960 ,γῆν
2765 3881 2866 3935 οὐκ
2910 3883 3214 3956 ἐποίησαν,
3263 3887 3676 3944 ἀπολέσθωσαν.
3716 3912 3740 3944 ι

2161 3971 2273 4024 Kal
2312 3972 2414 4025 ὅσα
2444 3970 2668 4042 τοιούτῳ
2711 3973 2896 4044 τρόπῳ
2925 3975 3092 4031 πάλαι
3126 3980 3155 4031 6
3187 3979 3314 4043 Θεὸς
3351 3979 3588 4052 λαλήσας
3616 3987 3745 4047 τοῖς

2165 4063 2462 4134 πατράσιν,
2491 4064 2578 4116 ἐπ’
2614 4063 2858 4135 ἐσχάτων
2896 4065 3004 4122 τῶν
3037 4069 3262 4142 ἡμερῶν
3307 4072 3563 4143 ἐλάλησεν
3601 4075 3747 4145 ἡμῖν

2161 4158 2221 4209 ἐν
2271 4156 2351 4228 τῷ
2399 4158 2680 4226 μονογενεῖ
2725 4157 2843 4228 Υίῷ
2897 4159 3100 4228 αὐτοῦ,
3137 4162 3204 4214 δι’
3253 4155 3316 4215 οὗ
3361 4165 3486 4228 τοὺς
3530 4167 3748 4232 αίῶνας

2162 4247 2446 4319 ἐποίησεν.
2477 4242 2607 4303 Οἶδα
2633 4248 2724 4302 τὸν
2757 4249 3000 4320 είπόντα,
3043 4271 3063 4304 ι
3105 4253 3254 4326 Αὕτη
3280 4255 3336 4309 δέ
3366 4257 3513 4310 ἐστιν
3539 4259 3576 4329 ἠ
3611 4259 3749 4312 αἰώ-

2161 4356 2272 4400 νιος
2309 4339 2424 4409 ζωὴ
2448 4378 2462 4403 ,
2499 4339 2587 4392 ἵνα
2615 4338 2926 4407 γινώσκωσι
2973 4359 3033 4395 σε
3071 4342 3161 4398 τὸν
3215 4343 3377 4414 μόνον
3431 4345 3618 4412 ζῶντα
3649 4351 3745 4403 καὶ

2161 4429 2410 4500 ἀληθινὸν
2441 4429 2596 4497 Θεὸν,
2631 4431 2726 4484 καὶ
2752 4430 2811 4484 ὃν
2831 4432 3161 4498 ἀπέστειλας
3189 4436 3400 4506 Ἰησοῦν
3425 4438 3691 4509 Χριστόν.
3721 4460 3743 4493 ι

2159 4521 2274 4574 Καὶ
2303 4519 2544 4573 πιστεύω
2577 4522 2658 4584 είς
2686 4521 2780 4576 ἕνα
2800 4521 2951 4586 Θεὸν,
2985 4525 3114 4595 μίαν
3137 4526 3246 4580 τῶν
3277 4527 3497 4582 πάντων
3537 4532 3744 4602 ἀρχὴν,

2161 4611 2416 4681 ἄναρχον,
2447 4609 2719 4677 ἄκτιστον,
2746 4609 3050 4682 ἀνώλεθρον
3079 4614 3175 4668 καὶ
3194 4614 3480 4682 ἀθάνατον,
3516 4620 3749 4673 αἰώνιον

2156 4705 2248 4757 καὶ
2269 4703 2458 4772 ἀΐδιον,
2485 4704 2894 4776 ἀκατάληπτον,
2918 4707 3232 4779 ἀσώματον,
3257 4709 3516 4778 ἀόρατον,
3543 4713 3656 4764 ἀπε
3667 4713 3749 4783 ρί-

2156 4813 2434 4867 γραπτον,
2485 4797 2932 4868 ἀσχημάτιστον·
2981 4798 3112 4870 μίαν
3153 4800 3478 4873 ὑπερούσιον
3521 4803 3750 4867 οὐσίαν,

2157 4885 2426 4958 ὑπέρθεον
2461 4885 2712 4958 θεότητα,
2749 4887 2808 4942 ἐν
2835 4889 3014 4961 τρισὶν
3039 4891 3392 4959 ὑποστάσεσι,
3429 4890 3623 4966 Πατρὶ
3657 4897 3754 4950 καὶ

2157 4975 2274 5047 Υἱῷ
2307 4977 2402 5031 καὶ
2433 4977 2572 5050 ἁγίῳ
2609 4976 2918 5050 Πνεύματι·
2953 4981 3046 5035 καὶ⁸
3071 4983 3247 5054 τούτῳ
3279 4985 3426 5055 μόνῳ
3453 4985 3751 5057 λατρεύω,

2162 5071 2256 5124 καὶ
2280 5070 2455 5143 τούτῳ
2485 5072 2629 5143 μόνῳ
2652 5073 2912 5142 προσάγω
2933 5069 3032 5144 τῆς
3057 5074 3312 5146 λατρείας
3337 5075 3636 5147 προσκύνη
3647 5095 3752 5134 σιν.

2173 5160 2282 5215 'Evl
2309 5161 2426 5233 Θεῷ
2458 5164 2768 5234 προσκυνῶ,
2807 5165 2906 5236 μιᾷ
2949 5163 3186 5236 θεότητι,
3235 5164 3372 5220 ἀλλά
3419 5169 3518 5219 καὶ
3551 5169 3755 5239 Τριάδι

2157 5255 2403 5326 λατρεύω
2449 5254 2836 5308 ὑποστάσεων·
2886 5254 3004 5325 Θεῷ
3053 5256 3267 5326 Πατρὶ,
3314 5257 3409 5309 καὶ
3461 5256 3598 5328 Θεῷ
3635 5258 3757 5327 Υίῷ

2160 5345 2596 5417 σεσαρκωμένῳ,
2639 5346 2733 5399 καὶ
2768 5345 2887 5416 Θεῷ
2924 5345 3066 5416 ἁγίῳ
3108 5345 3428 5416 Πνεύματι·
3476 5347 3550 5400 οὐ
3599 5350 3756 5420 τρισὶ

555 5506 597 5538 ⁸⁹
618 5505 775 5559 Joan.
806 5521 846 5568 I,
883 5503 968 5574 18.
1047 5503 1090 5534 ⁸ο
1124 5501 1291 5574 Exod.
1337 5516 1530 5574 nstri,
1566 5501 1622 5574 ἢ,
1656 5508 1709 5554 et
1741 5500 1832 5574 22ζ
1908 5504 1949 5574 ει
1993 5500 2161 5556 Exod.
2196 5520 2366 5574 sxxii,
2399 5507 2433 5574 ir
2465 5521 2618 5574 seqq.
2695 5507 2739 5536 "
2775 5505 2932 5559 Rom.
2973 5521 3009 5570 ι,
3052 5505 3140 5561 25.
3253 5506 3315 5574 "7
3347 5505 3504 5558 Deut.
3534 5522 3649 5574 τι,
3698 5507 3754 5558 4.

484 5575 530 5605 ⁸⁵
557 5575 687 5628 ibid.
724 5575 818 5639 13;
862 5573 1051 5627 Matth.
1103 5590 1174 5637 tv,
1220 5572 1306 5626 10.
1383 5573 1426 5603 ’⁵
1463 5570 1634 5626 Exod.
1676 5577 1770 5635 xx,
1801 5572 1864 5637 5;
1902 5573 2056 5627 Deut.
2098 5587 2150 5638 v,
2196 5572 2244 5627 7.

481 5657 537 5706 κ,
580 5645 664 5695 Η.
747 5645 790 5674 ’⁸
820 5644 979 5698 Hebr.
1026 5660 1063 5711 ι,
1103 5645 1154 5708 l,
1180 5644 1234 5695 ‘2.
1344 5644 1388 5676 ¹⁹
1426 5641 1582 5696 Joan.
1611 5655 1741 5706 xvn,
1780 5641 1829 5696 3.

2325 5577 2370 5606 "
2401 5573 2699 5638 Exod.xx,
2724 5576 2778 5629 4.
2849 5575 2894 5605 ’⁷
2925 5575 3067 5630 Psal.
3108 5590 3256 5641 xcvi,
3294 5573 3347 5629 7.
3405 5575 3471 5605 ’τ’
3519 5573 3746 5632 Jerem.
