4074 6146
408 292 543 383 i325

1459 290 1558 376 DE
1582 310 2037 375 IMAGINIBUS
2074 308 2354 370 ORATIO
2397 277 2519 366 IiI.

3510 310 3644 377 132d

412 435 579 497 θεοῖς,
610 430 725 485 ἀλλ’
771 429 850 484 ἑνί
873 446 885 460 ’
925 429 984 483 οὐ
1021 422 1387 496 διῃρημέναις
1427 428 1811 491 ὑποστάσεσιν,
1853 422 1969 479 ἀλλ’

2076 424 2283 476 cultum
2336 416 2595 475 exhibeo.
2660 402 2829 472 Deum
2893 435 3057 476 unum
3120 421 3311 488 adoro,
3376 422 3642 482 Deitatern

405 525 732 599 ήνωμέναις.
764 524 840 578 Οὐ
870 523 1014 594 τρεῖς
1063 519 1462 592 προσκυνήσεις
1505 520 1766 590 προσάγω
1787 558 1799 580 ,
1834 515 1968 569 ἀλλὰ

2076 526 2235 566 unam
2262 529 2276 565 :
2307 511 2401 565 sed
2429 517 2482 564 et
2515 519 2877 578 personarum
2924 508 3246 565 Trinitatem
3294 514 3438 579 colo,
3476 513 3641 568 Deum

411 616 569 686 μίανε
612 614 711 685 οὐχ
751 614 955 684 ἑκάστῃ
980 612 1091 682 τῶν
1121 612 1476 665 ὑποστάσεων
1518 610 1813 682 ἁναμέρος,
1855 606 1970 662 ἀλλ’

407 705 622 767 ἐνιαίως
647 708 769 767 ταῖς
800 704 979 775 τρισὶν
1018 701 1405 767 ὕποστάσεσιν,
1439 700 1516 764 ὡς
1551 699 1633 752 ἑνὶ
1663 697 1804 768 Θεῷ,
1843 696 1971 767 μίαν

410 794 671 866 προσάγω
723 792 1117 866 προσκύνησιν.
1181 793 1255 847 Οὐ
1318 792 1610 864 προσκυνῶ
1651 790 1750 862 τὴν
1794 789 1972 843 κτίσιν

416 887 559 958 παρὰ
584 888 676 941 τὸν
703 887 1012 950 κτίσαντα,
1050 885 1187 940 ἀλλὰ
1234 884 1528 957 προσκυνῶ
1575 883 1667 936 τὸν
1711 882 1971 951 κτίστην,

410 977 698 1033 κτισθέντα
724 979 784 1032 τὸ
809 979 929 1031 κατ’
959 977 1059 1048 ἐμὲ
1078 1016 1093 1041 ,
1123 977 1219 1031 καὶ
1251 978 1333 1039 είς
1365 975 1544 1029 κτίσιν
1588 971 1974 1033 ἀταπεινῶτως

409 1068 500 1121 καὶ
542 1066 919 1135 ἀκαθαιρὲτως
968 1064 1377 1137 κατεληλυθότα
1398 1105 1413 1130 ,
1449 1063 1537 1118 ἶνα
1572 1060 1672 1132 τὴν
1702 1059 1844 1131 ἐμὴν
1885 1059 1975 1111 60-

407 1157 542 1228 ξάσῃ
575 1158 738 1227 φύσιν
761 1197 777 1222 ,
823 1158 921 1210 καὶ
965 1156 1117 1221 θείας
1171 1154 1427 1211 κοινωνὸν
1464 1152 1847 1224 ἀπεργάσηται
1876 1148 1975 1219 φύ-

406 1264 565 1309 σεως.
620 1248 1041 1320 Συμπροσκυνῶ
1098 1247 1179 1318 τῷ
1239 1246 1459 1316 βασιλεῖ
1517 1244 1613 1297 καὶ
1656 1241 1814 1312 Θεῷ,
1873 1240 1975 1308 τὴν

406 1336 698 1406 ἁλουργίδα
732 1337 827 1391 τοῦ
862 1339 1115 1409 σώματος
1144 1379 1158 1404 ,
1206 1340 1307 1408 οὐχ
1340 1339 1419 1401 ὡς
1469 1336 1720 1407 ἱμάτιον,
1757 1333 1866 1386 οὐδ’
1901 1333 1976 1395 ὡς

406 1430 667 1495 τέταρτον
706 1429 1030 1499 -πρόσωπονο
1070 1429 1251 1499 ἄπαγε
1277 1445 1292 1459 ο
1329 1427 1445 1482 ἀλλ’
1494 1427 1569 1489 ὡς
1613 1424 1841 1496 όμόθεον
1860 1422 1974 1494 (20)

406 1520 845 1591 χρηματίσασαν,
878 1519 976 1573 καὶ
1017 1520 1312 1590 γινομένην
1345 1521 1482 1588 ὅπερ
1522 1517 1584 1571 τὺ
1614 1516 1809 1587 χρίσαν
1839 1514 1976 1584 ἀμε-

402 1610 705 1680 ταόλὴτιος.
736 1611 811 1664 Οὐ
839 1610 945 1680 γὰρ
977 1610 1169 1682 θεότης
1216 1613 1249 1682 ή
1284 1610 1446 1680 φύσις
1485 1608 1676 1677 γέγονε
1701 1607 1801 1676 τῆς
1841 1622 1973 1675 σαρ-

404 1700 533 1762 κός·
577 1700 693 1753 ἀλλ’
745 1701 934 1772 ὥσπερ
972 1702 1001 1753 ό
1032 1702 1203 1770 Λόγος
1238 1700 1375 1772 σὰρξ
1406 1700 1695 1772 ἀτρέπτως
1732 1696 1971 1765 ἐγένετο,

2075 601 2312 665 Patrem,
2346 608 2400 655 et
2429 600 2596 655 Deum
2628 598 2824 655 Filium
2871 604 3245 670 incamatum,
3278 615 3644 678 sanctumque

2075 696 2376 767 Spiritum;
2420 711 2529 750 non
2559 705 2673 750 tres
2702 697 2859 765 deos,
2916 699 3014 754 sed
3050 714 3257 768 unum;
3289 716 3399 756 non
3436 702 3643 759 divisas

2077 790 2418 861 liypostases,
2457 790 2550 845 sed
2584 790 2792 845 unitas.
2840 789 2977 846 Tres
3005 793 3358 848 adorationes
3410 807 3519 849 nun
3549 796 3645 852 ad-

2079 878 2259 942 hibeo,
2291 878 2383 934 sed
2415 890 2582 932 unam
2615 877 2904 933 duntaxat.
2962 880 3080 935 Non
3135 882 3362 937 cuilibet
3395 898 3646 953 personae

2077 970 2331 1035 seorsim,
2365 970 2462 1024 sed
2516 970 2695 1024 tribus
2740 970 3082 1039 coniunctim
3117 974 3391 1042 personis,
3426 980 3487 1026 ut
3522 988 3643 1043 qua!

2078 1062 2221 1117 Deus
2263 1077 2408 1116 unus
2458 1069 2609 1125 sunt,
2643 1062 3019 1118 adorationem
3067 1078 3235 1119 unam
3283 1065 3491 1120 tribuo.
3527 1062 3645 1119 Non

2078 1150 2250 1206 adoro
2283 1158 2597 1205 creaturam
2627 1151 2809 1221 potius
2858 1165 3025 1222 quam
3054 1154 3374 1209 Creatorem
3406 1170 3420 1206 :
3456 1170 3643 1210 verum

2077 1243 2394 1297 Creatorem
2461 1243 2652 1308 adoro,
2705 1244 2799 1313 qui
2868 1244 2922 1298 id
2954 1244 3101 1313 quod
3150 1259 3270 1299 sum
3327 1244 3506 1301 factus
3536 1254 3645 1307 est.

2078 1345 2244 1402 atque
2287 1333 2356 1388 ad
2400 1342 2712 1389 creaturam
2762 1334 2883 1390 sine
2916 1336 3001 1390 sui
3049 1335 3402 1405 depressione
3436 1344 3531 1389 aut
3555 1335 3652 1390 de-

2075 1425 2315 1494 jectione
2383 1425 2694 1491 descendit,
2769 1439 2881 1495 quo
2931 1436 3186 1480 naturam
3258 1426 3652 1481 cohonestaret

2079 1528 2280 1581 meam,
2344 1513 2659 1586 divinisque
2703 1513 2909 1572 faceret
2969 1524 3283 1573 consortem
3347 1517 3648 1573 naturae”.

2081 1604 2198 1658 Una
2231 1619 2353 1660 cum
2380 1620 2508 1674 rego
2544 1615 2600 1661 et
2631 1603 2762 1671 Deo,
2792 1608 3066 1677 corporis,
3104 1616 3163 1662 ut
3198 1608 3271 1661 ita
3315 1607 3493 1661 dicam
3520 1621 3651 1678 pur-

2079 1710 2275 1765 puram
2309 1696 2512 1751 adoro:
2542 1711 2650 1752 non
2682 1698 2905 1767 quidem
2945 1706 3207 1767 tanquam
3238 1697 3646 1762 indumentum,

405 1791 593 1862 μείνας
617 1793 754 1860 ὅπερ
780 1795 974 1865 προῆν,
998 1792 1141 1847 οὕτω
1166 1794 1259 1847 καὶ
1283 1794 1317 1864 ἠ
1357 1791 1494 1864 σὰρξ
1518 1791 1691 1858 Λόγος
1719 1788 1966 1858 γέγονεν,

2078 1795 2348 1857 nequeut
2389 1796 2644 1858 quartam
2690 1802 3008 1861 personam,
3063 1790 3158 1844 sed
3200 1798 3259 1844 ut
3296 1804 3418 1861 qum
3446 1792 3649 1860 pariter

402 1881 503 1934 οὐκ
535 1882 848 1936 ἀπολέσασα
876 1882 1021 1937 τοῦθ’
1083 1883 1221 1954 ὅπερ
1287 1883 1445 1948 ἐστὶ,
1500 1878 1864 1947 ταυτιζομένη
1916 1876 1970 1928 δὲ

2080 1877 2317 1934 exsistat
2345 1878 2508 1944 Deus,
2552 1880 2807 1949 idemque
2828 1894 2956 1935 eum
2979 1893 3047 1936 eo
3068 1880 3161 1951 qui
3195 1880 3372 1952 ipsam
3405 1881 3647 1946 inunxit,

406 1972 607 2042 μᾶλλον
638 1974 774 2044 πρὸς
799 1974 891 2027 τὸν
920 1974 1090 2042 Λόγον
1118 1974 1241 2028 καθ’
1274 1972 1591 2027 ὑπόστασιν.
1628 1969 1720 2023 Διὸ
1752 1968 1970 2040 θαρρῶν

2080 1969 2286 2038 absque
2322 1970 2407 2025 sui
2450 1968 2758 2026 mutatione
2794 1972 2941 2026 facta
2974 1971 3163 2027 fuerit.
3197 1971 3318 2029 Non
3348 1974 3493 2029 enim
3527 1974 3649 2029 Dei-

403 2064 655 2127 είκονίζω
697 2063 831 2118 Θεὸν
859 2064 950 2117 τὸν
981 2065 1236 2135 ἀόρατον,
1269 2064 1337 2118 δι’
1378 2064 1526 2133 ἡμᾶς
1569 2060 1882 2135 γενόμενονᾷ
1910 2058 1970 2111 ἐν

2077 2064 2163 2111 tas
2204 2059 2258 2111 in
2300 2059 2488 2114 carnis
2528 2066 2783 2113 naturam
2830 2060 3121 2131 migravit,
3162 2062 3257 2117 sed
3296 2062 3652 2132 quemadmo-

405 2153 623 2222 μεθέξει
655 2156 858 2225 σαρκός
902 2173 962 2208 τε
1013 2130 1113 2210 καὶ
1161 2130 1432 2224 αἴματοςξν
1463 2154 1539 2207 Οὐ
1588 2130 1691 2222 τὴν
1737 2130 1967 2220 ἁόρέτον

2076 2147 2206 2201 dum
2236 2148 2496 2212 Verbum,
2538 2164 2771 2205 manens
2804 2149 2857 2204 id
2898 2130 3045 2219 quod
3077 2159 3219 2218 erat,
3259 2130 3384 2207 sine
3413 2167 3648 2209 conver-

401 2244 654 2308 είκονξζω
684 2244 933 2315 θεότητα,
961 2246 1077 2300 ἀλλ’
1105 2246 1360 2310 είκονιζω
1385 2243 1519 2299 Θεοῦ
1553 2244 1652 2315 τὴν
1681 2241 1968 2313 ὀραθεῖσαν

2076 2240 2234 2295 sione
2283 2238 2491 2295 factum
2530 2248 2616 2296 est
2653 2255 2821 2308 caro;
2871 2240 2953 2297 sic
3002 2242 3167 2298 etiam
3208 2256 3343 2297 caro
3394 2243 3536 2299 facta
3563 2256 3649 2300 est

403 2333 622 2404 σάρκα’
674 2336 723 2388 εί
764 2335 873 2408 γὰρ
915 2337 1094 2408 ψυχὴν
1147 2335 1414 2390 είκονίσαι
1460 2335 1741 2405 ἀμήχανον
1766 2371 1781 2395 ,
1819 2331 1968 2400 πόσῳ

2076 2328 2338 2391 Verbum,
2374 2328 2429 2384 id
2465 2330 2608 2399 quod
2642 2338 2729 2387 est
2767 2345 2875 2385 non
2908 2332 3195 2399 amittens;
3224 2333 3474 2402 quinimo
3503 2334 3647 2388 idem

402 2423 605 2493 μᾶλλον
636 2425 728 2480 τὸν
756 2426 850 2480 καὶ
874 2429 941 2498 τῇ
975 2426 1120 2498 ψυχῇ
1146 2426 1305 2479 δόντα
1327 2425 1388 2479 τὸ
1412 2424 1578 2479 eam
1600 2440 1615 2489 ;

2077 2434 2200 2475 cum
2267 2419 2449 2477 Verbo
2497 2424 2801 2479 secundum
2851 2423 3194 2495 bypostasim
3236 2425 3401 2481 facta.
3447 2425 3651 2492 Quam-

399 2516 593 2571 obrenr
628 2518 921 2576 invisibilis
974 2518 1068 2573 Dei
1103 2518 1394 2574 eii'ormare
1437 2516 1731 2586 imaginem
1767 2513 1973 2579 audeo,
2017 2527 2126 2567 non
2165 2528 2230 2568 ea
2264 2516 2477 2569 ratione
2516 2528 2625 2585 qua
2700 2516 2995 2572 invisibilis
3041 2525 3150 2581 est,
3230 2518 3325 2574 sed
3366 2532 3474 2589 qua
3521 2532 3651 2587 pro-

400 2612 524 2677 pter
560 2624 661 2666 nos
700 2611 855 2667 carni
891 2618 947 2666 et
1003 2611 1260 2682 sanguini
1312 2609 1650 2680 participans
1702 2608 1771 2671 ³¹,
1837 2605 2072 2661 visibilis
2104 2604 2284 2662 laetus
2321 2617 2426 2665 est.
2494 2608 2738 2680 lmagine
2803 2626 2915 2666 non
2983 2610 3271 2679 Deitatem,
3332 2612 3428 2667 sed
3494 2626 3649 2681 aspe-

401 2696 653 2754 ctabilem
689 2714 909 2755 carnem
957 2700 1226 2770 exprime.
1281 2699 1339 2755 Si
1388 2702 1533 2756 enim
1570 2699 1765 2754 animae
1828 2696 2183 2754 simulacrum
2243 2701 2437 2769 nequit
2498 2700 2707 2771 eliingi;
2763 2709 2974 2771 quanto
3023 2702 3209 2758 minus
3261 2703 3434 2772 ipsius
3512 2702 3648 2770 Dei,

403 2790 494 2860 qui
517 2788 711 2844 anima:
744 2789 1024 2844 concessit
1058 2796 1117 2844 ut
1156 2790 1403 2846 materiae
1439 2806 1635 2861 expers
1667 2791 1827 2846 foret.

473 2880 540 2945 ζ’.
584 2880 748 2933 Ἀλλά
780 2897 940 2948 φασιν
966 2897 980 2911 ο
1016 2878 1186 2936 Εἶπεν
1214 2883 1242 2933 ὁ
1272 2883 1403 2946 Θεὸς
1440 2884 1528 2937 διὰ
1553 2883 1834 2946 Μωῦσέως
1873 2879 1968 2936 τοῦ

403 2972 720 3044 νομοθέτου,
767 2992 785 3023 ι
824 2973 1026 3043 Κύριον
1070 2974 1161 3027 τὸν
1213 2974 1346 3027 θεόν
1396 2992 1490 3030 σου
1541 2976 1967 3045 προσκυνήσεις,

402 3064 498 3117 καὶ
557 3062 707 3132 αὺτῷ
764 3063 911 3134 μόνῳ
962 3062 1303 3133 λατρεύσεις.
1355 3083 1374 3117 ι
1423 3065 1570 3127 Καὶ,
1631 3080 1652 3116 s
1689 3065 1763 3119 (λύ
1814 3064 1971 3132 ποιή-

2142 2878 2196 2932 τ.
2233 2878 2365 2942 Ast,
2409 2878 2693 2947 inquiunt,
2741 2878 2887 2936 Deus
2942 2895 3039 2951 per
3092 2880 3314 2953 Moysen
3377 2883 3653 2956 legislatu-

2075 2983 2192 3023 rem
2228 2967 2482 3039 praecepit
2513 2982 2529 3019 :
2567 2986 2587 3018 ι
2622 2968 2918 3025 Dominum
2949 2970 3119 3029 Deum
3166 2982 3324 3030 tuum
3364 2977 3647 3045 adorabis,

2074 3069 2128 3115 et
2163 3059 2267 3129 ipsi
2294 3059 2398 3115 soli
2428 3059 2638 3115 servies
2660 3061 2726 3114 ³¹.
2759 3080 2777 3113 ι
2816 3060 2880 3115 Et
2913 3081 2927 3117 :
2975 3080 2995 3116 ι
3026 3062 3148 3120 Non
3179 3064 3355 3123 facies
3393 3068 3491 3124 tibi
3531 3084 3652 3126 om-

402 3168 518 3215 σεις
544 3152 652 3204 πᾶν
688 3150 939 3221 ὁμοίωμα
960 3190 975 3217 ,
1023 3151 1124 3204 ὅσα
1154 3152 1211 3203 έν
1261 3148 1338 3219 τῷ
1374 3150 1588 3220 οὐρανῷ
1608 3192 1623 3216 ,
1652 3150 1744 3203 καὶ
1772 3150 1875 3203 ὅσα
1915 3151 1970 3203 ἐν

2077 3161 2198 3201 nem
2232 3147 2654 3204 similitudinem
2690 3163 2880 3206 eorum
2910 3166 3035 3225 quze
3072 3154 3129 3208 in
3157 3151 3322 3218 coelo,
3362 3166 3417 3210 et
3444 3172 3568 3225 qua
3593 3160 3650 3215 iu

397 3244 466 3314 τῇ
496 3246 587 3315 γῇ-

482 3335 748 3404 ’Λδελφοὶ,
781 3333 952 3399 ὅντως
981 3332 1293 3387 πλανῶνται
1339 3334 1387 3386 οἱ
1423 3332 1498 3405 μὴ
1544 3331 1744 3395 ειδότες
1791 3331 1866 3393 ὡς
1908 3330 1971 3382 τὸ

398 3427 634 3499 γράμμα
666 3426 1003 3491 ἀποκτείνει,
1035 3425 1096 3478 τὸ
1131 3425 1190 3480 δὲ
1218 3424 1438 3495 πνεῦμα
1475 3424 1772 3488 ζωοποιεῖ·
1805 3425 1852 3477 oi
1890 3422 1967 3493 μὴ

396 3516 724 3589 ἐρευνῶντες
778 3516 839 3569 τὸ
906 3515 1012 3570 ὑπὸ
1077 3516 1157 3586 τῷ
1221 3515 1512 3587 γράμματι
1580 3516 1967 3585 κεκρυμμένον

397 3608 617 3678 πνεῦμα
640 3625 653 3639 ·
696 3608 832 3678 πρὸς
864 3606 957 3671 οὓς
994 3608 1059 3662 ἂν
1095 3607 1263 3673 ἀξίως
1310 3608 1523 3676 εἴποιμι
1549 3620 1562 3634 ’
1604 3606 1664 3659 '0
1693 3604 1854 3658 τοῦτο
1881 3603 1965 3658 δι·-

393 3700 558 3765 δάξας
583 3700 751 3769 ὑμᾶς,
772 3698 1037 3764 διδαξάτω
1078 3702 1173 3753 καὶ
1197 3700 1257 3754 τὸ
1293 3699 1582 3769 ἑπόμενον.
1610 3696 1787 3762 Μάθε,
1815 3695 1966 3761 ὅπως

391 3792 685 3865 ἑρμηνεύει
710 3793 843 3846 αὐτὸ
866 3791 895 3843 ό
936 3790 1253 3862 νομοθέτης,
1291 3783 1395 3844 ὧδέ
1426 3806 1543 3852 πως
1574 3791 1633 3843 ὲν
1661 3787 1740 3859 τῷ
1766 3789 1966 3842 Δευτε-

396 3881 864 3953 ρονομίιμλέγωνο
903 3899 922 3933 ι
970 3881 1081 3935 Καὶ
1124 3880 1356 3952 ὲλάλησε
1390 3879 1597 3951 Κύριος
1640 3880 1777 3951 πρὸς
1817 3880 1961 3951 ὑμᾶς

390 3973 457 4025 ὲκ
504 3971 672 4042 μέσου
705 3971 797 4025 τοῦ
829 3972 1002 4042 πυρός
1030 3989 1044 4003 ⁸
1089 3972 1272 4042 φωνὴν
1316 3973 1577 4041 ῥημάτων
1609 3973 1767 4042 ὑμεῖς
1796 3972 1960 4042 ἡκού-

2080 3253 2226 3296 terra
2257 3250 2388 3298 sunt
2419 3243 2483 3296 ³³.
2513 3262 2531 3296 ι

2148 3332 2345 3387 Errant
2378 3332 2625 3403 profecto
2655 3335 2758 3401 illi,
2801 3337 2898 3408 qui
2926 3337 3170 3394 litteram
3210 3339 3501 3409 occidere,
3529 3342 3649 3412 spi-

2081 3421 2248 3476 ritum
2290 3438 2420 3479 vero
2453 3425 2731 3482 viviﬁcare
2758 3424 2804 3459 “
2853 3427 3135 3495 nesciunt,
3175 3445 3278 3486 nec
3318 3431 3421 3487 sub
3465 3431 3649 3490 littera

2077 3512 2382 3570 latitantem
2456 3518 2709 3588 spiritum
2786 3520 3092 3589 inquirunt.
3156 3519 3305 3589 Quos
3371 3523 3455 3581 sic
3522 3524 3649 3594 jure

2074 3604 2284 3673 possim
2337 3605 2541 3676 alloqui
2576 3627 2588 3662 :
2628 3607 2733 3675 Qui
2781 3624 2879 3665 vos
2907 3610 3010 3666 hoc
3056 3610 3264 3678 docuit,
3317 3612 3452 3667 illud
3481 3613 3646 3671 etiam

2072 3695 2219 3767 quod
2274 3697 2559 3771 sequitur,
2613 3699 2858 3757 edoceat.
2925 3699 3087 3758 Disce
3131 3703 3349 3763 tandem
3401 3718 3646 3775 quonam

2072 3796 2238 3856 pacto
2282 3787 2394 3843 hoc
2448 3789 2731 3861 legislator
2781 3792 3197 3862 interpretetur,
3242 3794 3312 3849 ad
3351 3794 3498 3850 hunc
3530 3794 3646 3852 fere

2070 3876 2296 3933 modum
2336 3878 2392 3932 in
2421 3877 2842 3937 Deuterouomio
2879 3881 3072 3939 dicens
3102 3899 3117 3937 :
3159 3901 3178 3935 ι
3212 3882 3280 3938 Ει
3314 3883 3533 3942 locutus
3561 3894 3647 3945 est

2070 3966 2338 4027 Dominus
2361 3971 2436 4027 'ad
2462 3986 2562 4029 vos
2586 3973 2654 4030 de
2683 3973 2865 4029 medio
2896 3974 3069 4045 ignis.
3101 3973 3309 4033 Vocem
3342 3977 3639 4035 verborum

390 4080 542 4128 σατε,
570 4065 666 4118 καὶ
698 4063 952 4134 ὁμοίωμα
976 4063 1076 4118 οὐκ
1106 4063 1299 4128 εἴδετε,
1333 4063 1449 4117 ἀλλ’
1476 4063 1509 4134 ἢ
1546 4066 1750 4137 φωνήν.
1795 4084 1813 4115 ι
1851 4064 1960 4118 Καὶ

2076 4073 2167 4114 vos
2201 4060 2458 4130 audistis,
2496 4063 2919 4120 similitudinem
2972 4080 3084 4121 non
3115 4067 3334 4126 vidistis
3367 4068 3436 4120 ³⁸.
3467 4085 3488 4120 ι
3519 4067 3588 4123 Et
3621 4085 3639 4123 ι

392 4154 512 4224 μετ’
563 4154 758 4223 ὀλίγα·
810 4173 829 4205 ι
869 4154 982 4207 Καὶ
1030 4152 1342 4222 φυλάξασθε
1394 4152 1598 4224 σφόδρα
1638 4154 1737 4217 τὰς
1779 4153 1959 4224 ψυχὰς

2076 4166 2092 4200 ι
2127 4145 2354 4206 Servate
2378 4152 2671 4224 diligenter
2698 4155 2913 4211 animas
2938 4166 3176 4226 vestras,
3207 4157 3338 4228 quia
3369 4157 3639 4213 similitu-

391 4243 563 4314 ὑμῶν,
598 4247 681 4299 ὄτι
724 4246 977 4316 ὁμοίωμα
1004 4247 1105 4299 οὐκ
1129 4244 1298 4298 εἴδετε
1342 4247 1399 4298 έν
1424 4247 1491 4314 τῇ
1523 4244 1726 4316 ἡμέρᾳ,
1832 4245 1957 4299 ἐλά-

2076 4239 2246 4298 dinem
2287 4257 2397 4298 non
2433 4243 2653 4302 vidistis
2700 4246 2759 4301 in
2804 4246 2895 4304 die
2938 4260 3047 4316 qua
3078 4248 3298 4303 locutus
3336 4257 3425 4304 est
3457 4248 3640 4303 Domi-

387 4333 520 4404 λησε
566 4336 770 4406 Κύριος
818 4335 954 4407 πρὸς
991 4335 1137 4406 ὑμᾶς
1169 4336 1228 4388 ὲν
1277 4333 1480 4406 Χωρὴὸ
1532 4336 1589 4387 έν
1626 4335 1705 4406 τῷ
1735 4334 1851 4405 όριι
1892 4336 1957 4390 ἐκ

2076 4348 2171 4388 nus
2213 4333 2279 4389 ad
2319 4348 2416 4391 vos
2443 4334 2500 4389 in
2527 4334 2714 4390 lioreb
2741 4336 2795 4389 in
2821 4343 3007 4391 monte
3029 4336 3097 4391 de
3136 4336 3317 4392 medio
3345 4338 3512 4409 ignis,
3546 4356 3639 4397 ne-

386 4424 558 4493 μέσου
592 4425 686 4479 τοῦ
728 4426 919 4497 πυρὸς,
973 4428 1111 4497 μήτε
1145 4426 1483 4497 ἀνομήσητε,
1524 4427 1660 4497 μήτε
1691 4428 1955 4499 ποιήσητε

2076 4424 2284 4496 quando
2328 4433 2525 4481 contra
2583 4428 2754 4497 legem
2817 4428 3020 4495 agatis,
3097 4425 3426 4498 faciatisque
3481 4432 3637 4488 vobis

387 4515 517 4585 ὑμῖν
576 4515 789 4579 ἑαυτοῖς
851 4518 1088 4585 γλυπτδν
1151 4517 1436 4587 ὁμοίωμα,
1498 4518 1679 4570 πᾶσαν
1735 4518 1955 4583 εἰκόνα,

2076 4515 2324 4585 sculptile
2375 4516 2759 4583 simulacrum,
2803 4530 3019 4572 onmem
3072 4517 3382 4589 imaginem,
3436 4522 3635 4577 simili-

383 4602 636 4675 όμοίωμα
669 4604 960 4675 ἀρσενικοῦ
1002 4615 1030 4655 1
1076 4606 1107 4677 ἢ
1144 4605 1383 4678 θηλυκοῦ
1405 4647 1420 4672 ,
1472 4606 1720 4677 ὁμοίωμα
1756 4608 1953 4672 παντὸς

2076 4606 2308 4660 .udinem
2340 4607 2570 4662 masculi
2628 4616 2683 4663 et
2716 4605 2959 4672 feminae,
2994 4607 3419 4666 similitudinem
3453 4615 3634 4670 omnis

382 4696 614 4767 κτήνους
643 4696 749 4749 τῶν
794 4696 961 4749 ὄντων
1006 4699 1097 4750 ἐπὶ
1146 4698 1246 4767 τῆς
1281 4699 1422 4767 γῆς,
1462 4697 1713 4769 ὁμοίωμα
1752 4699 1953 4760 παντὸς

2085 4698 2292 4753 umenti
2354 4696 2500 4767 quod
2556 4705 2641 4753 est
2691 4712 2859 4771 super
2927 4705 3164 4766 terram;
3216 4700 3631 4760 similitudinem

380 4787 569 4859 ὀρνέου
595 4786 899 4860 πτεριοτοῦ,
941 4808 960 4841 ι
991 4790 1085 4842 καὶ
1117 4790 1185 4843 τὰ
1217 4788 1363 4859 ἑξῆς.
1397 4790 1508 4844 Καὶ
1539 4790 1676 4861 μετὰ
1703 4789 1911 4861 βραχέα
1934 4808 1948 4822 ·

2076 4788 2242 4845 ιηιηίε
2303 4789 2543 4844 volucris
2599 4797 2851 4860 pennata:
2880 4789 2947 4859 ⁸⁸,
3005 4809 3024 4842 ι
3065 4798 3174 4846 etc.
3235 4790 3303 4846 Et
3347 4795 3632 4865 aliquanto

388 4890 408 4924 ι
440 4874 530 4942 Μή
562 4889 694 4926 ποτε
720 4873 1030 4944 ἀναϐλέψας
1058 4875 1138 4938 εἰς
1164 4876 1274 4928 -τὸν
1301 4876 1552 4947 οὐρανὸν,
1585 4881 1680 4933 καὶ
1705 4878 1828 4931 ἰδὼν
1858 4878 1949 4931 τὸν

2076 4889 2227 4936 )ost:
2268 4900 2285 4933 ι
2315 4881 2382 4934 Et
2421 4897 2490 4936 ne
2541 4882 2679 4937 forte
2713 4881 2941 4938 elevatis
2994 4883 3172 4938 oculis
3227 4884 3293 4939 ad
3323 4887 3545 4955 coelum,
3578 4898 3633 4943 et

378 4959 549 5031 ἥλιον,
579 4963 672 5016 καὶ
697 4963 795 5035 τὴν
824 4963 1077 5034 σελήνην,
1100 4966 1194 5019 καὶ
1218 4966 1343 5029 τοὺς
1370 4966 1629 5038 ἀστέρας,
1650 4969 1743 5022 καὶ
1765 4968 1941 5022 πάντα

2076 4975 2237 5030 solem
2270 4983 2326 5031 et
2368 4976 2553 5030 lunam
2608 4977 2866 5046 intuitus,
2906 4988 3237 5047 muneraque
3298 4979 3422 5034 caeli
3462 4994 3631 5033 orna-

378 5052 470 5105 τδν
519 5055 723 5127 κόσμον
748 5056 844 5109 τοῦ
890 5056 1157 5128 οὐρανοῦ,
1208 5058 1508 5130 πλανηθεὶς
1554 5062 1943 5134 προσκυνήσῃς

2082 5081 2191 5129 nm,
2264 5080 2452 5122 errore
2524 5068 2787 5138 deceptus
2822 5066 3038 5123 adores
3108 5082 3197 5134 ea,
3278 5077 3332 5123 et
3404 5069 3615 5124 servias

449 5224 569 5301 “ll
593 5228 733 5301 Petr.
770 5245 807 5293 ι,
838 5231 920 5284 14.
1014 5233 1055 5264 ³¹
1083 5232 1246 5287 Hebr.
1279 5249 1339 5297 ll,
1373 5234 1457 5289 Μ.
1555 5235 1599 5265 ⁸¹
1626 5227 1798 5290 Exod.
1835 5251 1907 5301 vr,
1934 5239 1970 5292 li

2126 5239 2173 5270 ³³
2211 5236 2366 5295 Deut.
2424 5257 2513 5301 xx,
2554 5243 2605 5295 li.
2726 5241 2771 5274 ³⁸
2808 5241 2850 5295 ll
2890 5241 3017 5296 Cor.
3075 5256 3159 5301 Ill,
3222 5239 3276 5293 6.
3383 5238 3427 5272 "
3464 5237 3619 5295 Deut.

2726 5241 2771 5274 ³⁸
2808 5241 2850 5295 ll
2890 5241 3017 5296 Cor.
3075 5256 3159 5306 Ill,
3222 5239 3276 5293 6.

379 5311 452 5358 tv,
496 5297 582 5352 14.
664 5297 708 5328 ⁸⁸
750 5301 884 5352 ibid.
948 5302 1130 5357 15-17.

2126 5239 2173 5270 ³³
2211 5236 2366 5295 Deut.
2424 5257 2513 5306 xx,
2554 5243 2605 5295 li.

1644 5401 1885 5461 VARI/li
1924 5403 2327 5461 LECTIONES.

451 5489 479 5530 r
509 5482 660 5538 Coll).
693 5485 873 5538 πᾶσαν
903 5487 1083 5539 εἰκόνα
1115 5491 1418 5559 ἀρσενικοῦ.

1844 5602 1849 5607 ο
1892 5574 2126 5638 NOTAE.

456 5668 565 5735 (ρο)
597 5669 802 5741 Graece,
834 5673 1077 5744 όμόθεος,
1106 5674 1172 5730 de
1195 5691 1303 5745 quo
1332 5678 1534 5732 videsis
1559 5694 1679 5739 quae
1702 5678 1766 5733 ad
1799 5691 1939 5734 orat.
1982 5680 2007 5733 l
2041 5678 2303 5734 diximus.
