4074 6146
504 229 640 299 132³1

1683 231 1741 289 S.
1776 229 2094 290 JOANNlb
2133 232 2564 299 DAMASCENI

3609 251 3744 318 1328

503 345 638 416 ipsis
663 342 730 400 ⁸⁷.
767 360 786 393 ι
829 342 1026 396 Annon
1082 338 1254 402 vides,
1316 339 1420 394 hoc
1482 353 1652 393 unum
1725 337 2064 409 propositum

2176 337 2400 429 αὐτοῖς,
2457 345 2550 397 καὶ
2611 345 2912 421 λατρεύσῃς
2967 352 3173 418 αὐτοῖς.
3214 371 3231 404 ι
3283 355 3487 428 Ὁρᾷς,
3542 359 3625 414 δτι
3663 359 3744 429 εἷς

503 436 655 491 illum
694 434 913 496 habere,
946 448 1015 487 ne
1047 432 1260 487 scilicet
1313 438 1584 487 creatura:
1634 431 1943 486 serviamus
1975 444 2074 500 po-

499 531 610 586 tius
647 544 810 599 quam
844 527 1090 582 Creatori
1115 526 1188 590 '3,
1219 539 1355 580 neve
1385 525 1646 595 cuiquam
1705 531 2074 594 preterquam

502 624 606 694 ipsi
631 622 805 676 latriae
835 621 1048 675 cultum
1080 628 1136 675 et
1179 619 1446 674 honorem
1505 617 1889 673 exbibeamus.
1926 616 2074 671 Rur-

501 727 620 768 sum
651 711 799 766 enim
829 711 952 765 ait:
988 729 1006 762 ι
1064 709 1182 764 Non
1239 709 1405 781 349
1450 720 1613 764 erunt
1641 709 1739 763 tibi
1787 709 1863 764 dii
1906 709 2072 763 alieni

499 812 696 872 praeter
737 817 844 858 me.
880 799 1000 856 Non
1036 802 1207 858 facies
1250 804 1352 857 tibi
1387 802 1664 871 sculptile,
1695 816 1875 870 neque
1903 801 2072 854 ullam

498 892 914 948 similitudinem
964 911 976 947 :
1025 907 1133 948 non
1183 893 1444 949 adorabis
1498 909 1584 959 ea,
1628 909 1808 962 neque
1861 893 2072 947 servies

498 983 666 1052 ipsis;
707 981 969 1051 quoniam
995 995 1095 1050 ego
1129 979 1396 1036 Dominus
1439 979 1584 1034 Deus
1631 989 1813 1034 vester
1844 979 1912 1034 ³⁹.
1954 998 1972 1030 ι
2009 977 2073 1033 Et

497 1090 715 1130 rursum
748 1092 760 1127 :
791 1093 808 1126 ι
837 1077 999 1138 Aras,
1041 1073 1242 1143 inquit,
1280 1088 1471 1128 eorum
1501 1073 1927 1133 subvertetis,et
1961 1079 2072 1124 sta-

497 1179 621 1222 tuas
681 1181 874 1220 eorum
942 1165 1323 1234 confringetis,
1374 1173 1431 1220 et
1494 1164 1772 1233 sculptilia
1839 1165 2068 1218 deorum

497 1258 741 1328 ipsorum
778 1257 901 1328 igne
935 1255 1295 1310 comburetis.
1337 1254 1457 1309 Non
1514 1255 1662 1308 enim
1726 1253 1894 1308 Deum
1927 1252 2067 1306 alte«

497 1362 617 1401 rum
651 1345 955 1401 adorabitis
976 1345 1045 1399 ⁸ο.
1079 1364 1097 1396 ι
1150 1344 1216 1398 Ει
1247 1345 1439 1414 paucis
1477 1343 1783 1413 interiectis
1821 1358 1833 1394 :
1873 1361 1892 1394 (
1924 1343 2066 1397 Deos

493 1437 798 1492 conflatiles
825 1451 931 1491 non
961 1434 1130 1490 facies
1153 1434 1278 1488 tibi.
1305 1453 1323 1485 ι
1351 1432 1534 1488 Viden’
1566 1431 1714 1502 quod
1745 1430 2068 1485 idololatria:

494 1529 734 1584 vitandae
785 1541 950 1582 causa
991 1524 1256 1594 imagines
1310 1523 1616 1593 prohibeat,
1655 1521 1911 1592 quodque
1951 1519 2068 1574 fieri

492 1635 606 1675 non
647 1618 847 1688 possit,
880 1624 940 1671 ut
965 1616 1086 1684 ejus
1132 1614 1279 1685 quod
1317 1629 1420 1669 nec
1460 1612 1826 1686 quantitatem
1882 1610 2064 1674 habet,

491 1729 592 1768 nec
649 1710 1123 1779 circumscriptus,
1165 1723 1268 1764 nec
1305 1708 1640 1776 conspicuus
1693 1712 1799 1770 est,
1861 1702 2068 1771 elIigies

489 1801 874 1876 exprimatur?
904 1819 923 1853 ι
954 1800 1140 1871 Neque
1165 1799 1312 1856 enim
1338 1799 1590 1866 formam,
1629 1797 1828 1867 inquit,
1865 1795 2062 1864 ipsius,

489 1894 852 1966 perspexistis
902 1892 970 1946 “.
1025 1908 1044 1941 ›
1099 1889 1578 1954 Quemadmodum
1636 1887 1802 1942 etiam
1857 1885 2064 1940 Paulus

489 1997 645 2042 stans
687 1988 740 2040 in
803 1982 986 2038 medio
1029 1981 1300 2052 AreOpagi
1351 1981 1573 2034 aiebat:
1624 1998 1641 2030 ι
1699 1977 1885 2033 Genus
1937 1991 2066 2047 ergo

487 2094 614 2134 cum
671 2077 846 2132 simus
899 2073 1032 2138 Dei,
1085 2088 1196 2128 non
1256 2071 1526 2126 debemus
1568 2071 1841 2126 aestimare
1903 2081 2060 2132 auro,

489 2180 584 2224 aut
612 2175 862 2239 argento,
906 2174 1000 2220 aut
1047 2164 1217 2235 lapidi
1250 2164 1549 2234 sculptura:
1585 2162 1726 2217 artis
1759 2169 1814 2216 et
1852 2161 2061 2230 cogita-

489 2260 658 2317 tionis
694 2258 952 2321 hominis,
997 2255 1244 2312 divinum
1285 2269 1408 2310 esse
1447 2254 1627 2310 simile
1650 2253 1717 2306 ι’.
1755 2271 1773 2304 ι

554 2375 609 2430 8.
644 2373 768 2429 Haec
794 2387 956 2444 porro
991 2371 1194 2428 Iudaeis
1228 2371 1386 2442 jussa
1443 2371 1682 2437 fuerunt,
1725 2385 1790 2426 eo
1818 2370 1963 2440 quod
1995 2370 2063 2424 ad

488 2467 634 2523 idola
693 2465 921 2520 colenda
990 2463 1418 2535 propensissimi
1474 2470 1679 2520 essent.
1732 2461 1844 2518 Nos
1879 2470 2060 2516 autem

487 2559 710 2629 quibus,
739 2566 798 2611 ut
829 2556 1093 2624 Theologi
1115 2544 1318 2609 'verbis
1353 2565 1476 2609 utar
1509 2555 1574 2620 ”,
1631 2553 1818 2608 datum
1854 2555 1952 2622 est;
1980 2561 2058 2619 ut,

490 2649 680 2705 relicto
731 2647 1146 2718 superstitionis
1197 2660 1406 2713 errore,
1454 2653 1507 2700 ct
1559 2645 1745 2717 agnita
1802 2645 2058 2710 veritate,

487 2758 615 2797 cum
657 2741 767 2796 Deo
798 2756 933 2811 pure
971 2749 1270 2809 sancteque
1305 2746 1610 2802 versantes,
1658 2737 1761 2806 ipsi
1803 2737 1904 2791 soli
1941 2751 2059 2790 ser-

487 2833 723 2896 viamus,
765 2846 979 2885 necnon
1033 2839 1095 2884 ut
1132 2827 1560 2883 absolutissimis
1615 2827 1814 2881 divina:
1851 2825 2060 2881 notitia:

487 2923 695 2979 divitiis
735 2921 1008 2983 fruamur,
1043 2927 1206 2989 atque
1252 2916 1497 2972 infantiae
1541 2925 1823 2972 transacta
1876 2925 2056 2981 aetate,

2177 428 2292 480 ἐστι
2342 431 2574 497 σκοπὸς,
2628 434 2766 488 ὥστε
2831 440 2904 509 μὴ
2956 440 3247 513 λατρεῦσαι
3273 445 3382 517 (21)
3437 451 3502 520 τῇ
3569 428 3745 508 κτίσει

2177 520 2327 589 παρὰ
2371 522 2462 575 τὸν
2502 525 2810 592 Κτίσαντα;
2851 529 2986 600 μηδὲ
3039 535 3336 603 προσάγειν
3369 538 3464 609 τὴν
3503 540 3604 610 τῆς
3643 541 3746 598 λα-

2172 612 2365 679 τρείας
2398 615 2807 687 προσκύνησιν,
2853 619 2969 672 ἀλλ’
3001 621 3034 690 ἦ
3085 624 3233 693 μόνῳ
3265 625 3342 695 τῷ
3373 630 3742 703 Δημιουργῷ;

2172 703 2252 754 διὸ
2319 708 2569 776 πανταχῆ
2632 709 2892 762 συνάπτει
2948 714 3012 781 τῇ
3078 718 3442 787 προσκυνήσει
3480 719 3578 790 τὴν
3643 722 3744 777 λα-

2173 792 2378 862 τρείαν.
2417 814 2436 844 ι
2478 795 2649 850 Πάλιν
2683 798 2792 870 γάρ
2818 817 2981 869 φησιν
3009 818 3023 832 ο
3067 822 3085 853 ι
3121 805 3236 856 Οὐκ
3266 806 3480 861 ἔσονταί
3525 827 3606 863 σοι
3633 812 3744 866 θεοὶ

2173 884 2349 955 ἕτεροι
2389 887 2527 957 πλὴν
2580 889 2714 958 ἐμοῦ
2744 906 2757 919 ·
2808 891 2870 942 οὐ
2930 894 3182 965 ποιήσεις
3239 899 3449 968 σεαυτῷ
3501 901 3744 968 γλυπτὸν

2173 978 2280 1028 πᾶν
2309 977 2562 1048 ὁμοίωμα
2584 997 2596 1008 ·
2647 981 2706 1032 οὐ
2742 985 3145 1054 προσκυνήσεις
3174 988 3381 1055 αὐτοῖς,
3415 991 3525 1044 οὐδ’
3559 993 3620 1046 ού
3668 996 3745 1064 μὴ

2172 1065 2476 1139 λατρεύσῃς
2497 1070 2702 1134 αὐτοῖς,
2732 1073 2815 1124 ὅτι
2837 1072 2948 1142 ἐγώ
2971 1076 3087 1145 είμι
3110 1077 3312 1148 Κύριος
3331 1081 3359 1132 ὁ
3375 1081 3510 1146 Θεὸς
3533 1084 3706 1154 ὑμῶν.
3722 1105 3739 1136 ι

2171 1158 2282 1211 Καὶ
2322 1160 2518 1212 πάλιν·
2558 1181 2578 1214 ι
2620 1163 2758 1227 Τοὺς
2799 1164 3018 1236 βωμοὺς
3065 1170 3244 1223 αὐτῶν
3291 1173 3602 1238 καθελεῖτε,
3649 1180 3747 1232 καὶ

2169 1253 2270 1317 τὰς
2306 1255 2504 1326 στήλας
2537 1259 2718 1312 αὐτῶν
2747 1262 3068 1333 συντρίψετε
3089 1304 3104 1329 ,
3139 1267 3329 1320 καὶτὰ
3375 1270 3590 1337 γλυπτά
3633 1275 3746 1326 τῶν

2170 1345 2306 1399 θεῶν
2337 1348 2517 1400 αὐτῶν
2547 1351 2920 1406 κατακαύσετε
2965 1357 3096 1425 πυρί
3115 1371 3127 1385 ⁶
3155 1358 3216 1410 οὐ
3253 1358 3360 1428 γὰρ
3402 1361 3476 1430 μὴ
3507 1380 3746 1432 προσκυ-

2171 1437 2372 1508 νήσητε
2413 1439 2530 1508 Θεῷ
2577 1441 2768 1512 ἑτέρῳ.
2801 1460 2820 1493 ι
2868 1445 2979 1498 Καὶ
3011 1446 3127 1514 μετ’
3166 1447 3355 1516 ὀλίγα·
3395 1470 3412 1500 ι
3449 1452 3555 1504 Καὶ
3587 1453 3745 1516 θεοὺς

2171 1531 2473 1598 χωνευτοὺς
2509 1532 2569 1584 οὐ
2601 1535 2852 1604 ποιήσεις
2898 1536 3094 1606 ἐαυτῷ.
3138 1557 3157 1589 ι
3203 1537 3390 1610 Ὁρᾷς,
3434 1540 3506 1604 ὡς
3531 1544 3632 1612 τῆς
3663 1547 3744 1597 εἰ·

2168 1619 2560 1693 δωλολατρείας
2592 1623 2758 1678 ἕνεκα
2784 1626 3115 1697 ἀπαγορεύει
3144 1629 3245 1698 τὴν
3283 1632 3741 1704 είκονογραφίαν;

2173 1710 2254 1762 ὅτι
2301 1711 2564 1765 ἀδύνατον
2609 1714 2972 1779 εὶκονίζεσθαι
3003 1717 3137 1771 Θεὸν
3162 1759 3178 1783 ,
3219 1720 3311 1774 τὸν
3353 1725 3585 1789 άποσον,
3650 1728 3743 1780 καὶ

2171 1802 2604 1872 ἁπερίγραπτον,
2635 1806 2726 1858 καὶ
2758 1807 2988 1876 ἀόρατον
3019 1825 3033 1873 ;
3071 1829 3089 1861 ι
3131 1811 3206 1864 Οὐ
3233 1812 3345 1881 γὰρ
3381 1808 3526 1876 εἶδος
3552 1814 3740 1880 αὐτοῦ,

2172 1895 2378 1962 φησὶν,
2439 1895 2744 1964 ἑωράκατε.
2786 1915 2805 1947 ι
2860 1898 3019 1952 Καθὰ
3065 1901 3160 1953 καὶ
3210 1902 3424 1967 Παῦλος
3471 1907 3532 1958 ἐν
3593 1907 3744 1978 μέσῳ

2172 1983 2347 2048 ἐστὼς
2375 1985 2468 2038 τοῦ
2513 1986 2724 2056 Ἀρείου
2753 1988 2928 2057 πάγου
2959 1990 3122 2060 φησί·
3165 2010 3184 2042 ι
3239 1993 3400 2057 Γένος
3427 1991 3522 2048 οὖν
3565 1999 3743 2070 ὑπάρ-

2171 2093 2358 2146 χοντες
2387 2076 2480 2129 τοῦ
2521 2077 2681 2145 Θεοῦ,
2715 2079 2814 2132 οὐκ
2841 2080 3131 2151 ὀφείλομεν
3162 2084 3429 2154 νομίζειν,
3461 2089 3676 2159 χρυσίῳ
3709 2090 3742 2160 ἦ

2169 2166 2419 2237 ἀργυρίῳ
2447 2167 2480 2236 ἢ
2512 2167 2665 2238 λίθῳ,
2695 2169 3014 2240 χαράγματι
3043 2172 3240 2242 τέχνης
3268 2177 3363 2228 καὶ
3391 2176 3744 2248 ἐνθυμήσεως

2169 2257 2478 2328 ἀνθρώπου,
2498 2259 2559 2312 τὸ
2580 2259 2732 2312 Θεῖον
2759 2257 2898 2315 εἶναι
2923 2263 3126 2333 ὅμοιον.
3152 2283 3171 2315 ι

2237 2377 2308 2439 η’.
2351 2371 2620 2436 Ἰουδαίοις
2656 2373 2753 2442 μέν
2782 2369 2897 2439 οῦν,
2924 2375 3014 2429 διὰ
3037 2377 3097 2429 τὸ
3132 2377 3268 2448 πρὸς
3297 2380 3745 2453 είδωλολατρείαν

2168 2462 2466 2522 εὐόλισθον,
2500 2463 2672 2517 ταῦτα
2708 2467 3098 2538 νενομοθέτητο
3131 2477 3177 2522 ⁸.
3230 2470 3422 2540 Ἡμεῖς
3456 2472 3534 2537 δὲ,
3561 2474 3745 2528 θεολοο

2168 2553 2338 2621 γικῶς
2371 2554 2564 2615 εἰπεῖν,
2609 2549 2691 2617 οἷς
2735 2555 2892 2624 ἐδόθη
2939 2557 3169 2625 φυγοῦσι
3213 2559 3313 2630 τὴν
3371 2561 3746 2634 δεισιδαίμονα

2169 2641 2398 2712 πλάνην,
2431 2641 2684 2713 καθαρῶς
2717 2643 2856 2712 μετὰ
2887 2644 3022 2698 Θεοῦ
3061 2647 3336 2713 γενέσθαι,
3405 2650 3748 2719 ἐπεγνωκόσι

2167 2733 2266 2802 τὴν
2292 2731 2570 2802 ἀλήθειαν,
2598 2735 2693 2788 καὶ
2719 2734 2838 2807 Θεῷ
2869 2737 3017 2808 μόνῳ
3038 2737 3345 2809 λατρεύειν,
3368 2747 3462 2794 καὶ
3483 2742 3584 2811 τῆς
3624 2743 3747 2797 θεο-

2165 2821 2408 2890 γνωσίας
2425 2823 2874 2893 καταπλουτῆσαι
2903 2825 3002 2896 τὴν
3033 2827 3377 2898 τελειότητα,
3409 2832 3504 2882 καὶ
3529 2835 3614 2895 εἰς
3656 2835 3750 2887 ἄν·

2168 2912 2270 2982 δρα
2297 2914 2635 2983 καταντῆσαι
2663 2914 2890 2980 τέλειον,
2919 2917 3254 2989 παρελθοῦσι
3277 2919 3375 2990 τὴν
3414 2921 3746 2992 νηπιότητα,

488 3016 542 3070 in
583 3014 761 3067 virum
792 3011 1098 3083 perfectum
1128 3025 1488 3066 occurramus
1522 3010 1587 3074 “,
1625 3010 2058 3080 evadamusque,

2167 3003 2348 3056 οὐκέτι
2373 3003 2478 3057 ὑπὸ
2508 3005 2854 3074 παιδαγωγόν
2884 3010 3074 3079 ἐσμεν,
3101 3009 3357 3074 λαϐόντες
3399 3013 3499 3082 τὴν
3527 3013 3748 3085 διακριο

487 3123 599 3164 non
637 3121 830 3162 sumus
863 3105 1096 3170 amplius
1132 3104 1236 3159 sub
1270 3103 1566 3175 paedagogo
1597 3103 1644 3134 ‘5
1679 3121 1694 3157 :
1733 3102 1935 3173 quippe
1973 3103 2060 3156 di-

481 3198 766 3266 judicandi
805 3197 1120 3252 facultatem
1172 3195 1536 3266 habitumque
1575 3194 1886 3258 consecuti,
1925 3194 2060 3248 illud

483 3293 740 3348 novimus
796 3289 926 3360 quid
990 3289 1228 3358 imagine
1276 3286 1456 3356 eliingi
1515 3287 1712 3357 possit,
1761 3284 1962 3355 quidve
1997 3300 2061 3339 ea

485 3383 740 3452 eﬂingere
780 3395 889 3435 non
926 3380 1110 3434 liceat.
1141 3377 1251 3432 Lex
1291 3375 1568 3446 siquidem
1603 3375 1934 3446 paedagogus
1962 3389 2062 3428 no-

486 3484 598 3528 ster
649 3471 756 3525 fuit
790 3471 845 3524 in
895 3469 1138 3534 Christo,
1167 3476 1228 3523 ut
1267 3483 1335 3524 ex
1377 3465 1484 3522 ﬁde
1513 3466 1948 3538 justiﬁcaremur
1982 3465 2058 3530 Μ⁵;

483 3572 540 3620 et
570 3564 674 3620 sub
712 3563 1000 3618 elementis
1025 3576 1245 3617 eramus
1295 3559 1620 3623 servientes,
1653 3573 1778 3614 cum
1811 3572 2060 3614 essemus

484 3652 698 3723 parvuli
728 3653 792 3706 ⁸⁷.
893 3669 911 3703 ι
942 3652 1042 3707 Ast
1077 3651 1170 3713 ubi
1203 3650 1339 3706 ﬁdes
1375 3649 1548 3715 venit,
1572 3649 1686 3719 jam
1727 3663 1838 3704 non
1865 3662 2060 3704 sumus

483 3743 589 3798 sub
619 3741 933 3813 padagogo.
973 3761 992 3794 ι
1017 3770 1084 3782 ο·-
1105 3760 1124 3794 ι
1151 3741 1339 3812 Neque
1371 3742 1546 3806 enim,
1581 3741 1779 3811 inquit,
1824 3739 2060 3795 formam

484 3831 609 3902 ejus
641 3830 884 3887 vidistis.
925 3850 944 3882 ι
977 3830 1128 3887 Proh
1155 3820 1869 3902 sapientiaml'egislatoris!
1901 3830 2060 3897 Quod

483 3921 702 3979 visibile
731 3937 842 3977 non
871 3929 975 3986 est,
1007 3935 1248 3992 quanam
1273 3919 1559 3991 ellin'gatur
1593 3921 1874 3992 imagine?
1899 3920 2057 3988 Quae.

483 4027 609 4068 nam
639 4013 759 4083 ejus
787 4010 1107 4067 eﬁ‘ormetur
1151 4008 1378 4080 clIigies,
1412 4009 1559 4080 quod
1593 4025 1696 4064 nec
1724 4009 1927 4080 conjici
1957 4025 2058 4080 po-

483 4107 628 4163 test?
660 4105 779 4173 Qua
806 4103 1019 4159 ratione
1047 4101 1374 4166 delineetur,
1401 4101 1546 4173 quod
1570 4102 1903 4172 quantitate,
1941 4117 2057 4156 ma-

484 4199 790 4270 gnitudine,
829 4204 885 4253 et
914 4195 1148 4251 termino
1179 4195 1374 4250 caret?
1409 4193 1698 4262 Quomodo
1730 4195 1881 4251 illius
1914 4195 2057 4266 quod

483 4291 674 4346 formae
726 4299 810 4346 est
859 4304 1076 4360 expers,
1147 4290 1324 4368 fogna
1377 4288 1788 4343 adumbretur?
1841 4287 2056 4355 Quibus

483 4381 762 4437 coloribus
793 4351 1158 4448 describatur,
1189 4351 1336 4452 qluod
1370 4381 1542 4451 ﬁgura
1592 4379 1791 4434 vacat?
1841 4351 2055 4451 Ecquid
2085 4351 2131 4407 D

481 4490 614 4545 ergo
647 4474 891 4544 mysterii
923 4474 1011 4528 his
1050 4475 1106 4527 in
1152 4473 1290 4528 locis
1342 4473 1650 4528 indicatur?
1703 4473 1857 4529 Istud
1890 4473 2054 4528 nimi—

484 4581 604 4618 rum
643 4573 723 4627 ut,
756 4565 884 4618 dum
917 4565 1094 4629 illum,
1148 4564 1262 4634 qui.
1293 4579 1592 4635 corporeus
1623 4581 1733 4621 non
1768 4575 1876 4633 est,
1919 4581 2050 4636 pro-

484 4667 604 4724 pter
652 4665 704 4709 te
759 4656 962 4709 factum
1000 4655 1278 4710 hominem
1329 4656 1555 4726 videris,
1623 4666 1740 4712 tum
1800 4659 2056 4715 humana:

486 4747 637 4801 illius
676 4745 861 4800 forma:
915 4745 1337 4804 similitudinem
1392 4750 1692 4820 exprimas.
1742 4752 1975 4818 Quando
2005 4753 2051 4808 is

551 4907 597 4940 ³⁷
634 4905 790 4961 Deut.
823 4923 898 4972 IV,
935 4907 1022 4963 19.
1094 4907 1139 4941 ³⁸
1183 4907 1344 4964 Rom.
1375 4927 1415 4974 ι,
1455 4911 1547 4966 25.

479 4989 553 5036 iv,
602 4977 694 5052 lli.
755 4977 852 5052 ηιξ
881 4977 1006 5052 Act.
1035 4995 1169 5052 xvu_,
1206 4977 1297 5035 29.
1383 4980 1428 5012 ⁸³
1467 4980 1631 5052 Greg.
1656 4980 1790 5036 Naz.
1827 4991 1971 5036 orat.
1996 4983 2086 5037 57.

475 5058 555 5107 ιιι,
598 5048 685 5101 24.
753 5045 990 5102 "Galat.
1026 5063 1099 5112 Iv,
1133 5049 1185 5102 '5.

1653 4913 1696 4945 ³⁸
1738 4912 1895 4967 Deut.
1937 4930 1990 4976 v,
2027 4913 2145 4968 7-9.

2161 3093 2322 3162 τικὴν
2353 3091 2466 3157 ἕξιν
2499 3095 2651 3166 παρὰ
2682 3093 2842 3159 Θεοῦ,
2866 3097 2959 3150 καὶ
2988 3098 3192 3161 εἰδότες
3234 3100 3286 3151 τί
3315 3101 3375 3153 τὸ
3409 3103 3749 3174 είκονιξόμε-

2162 3203 2273 3249 νον,
2299 3189 2394 3239 καὶ
2419 3187 2470 3238 τί
2505 3186 2563 3239 τὸ
2591 3186 2760 3241 εἰκόνι
2789 3189 2864 3258 μὴ
2893 3192 3390 3262 περιγραφόμενον.
3424 3195 3482 3245 Ὀ
3509 3195 3613 3262 μὲν
3639 3196 3750 3266 γὰρ

2163 3278 2324 3348 νόμος
2351 3277 2697 3346 παιδαγωγὸς
2724 3277 2881 3348 ήμῶν
2915 3279 3138 3348 γέγονεν
3165 3282 3244 3344 είς
3269 3283 3525 3354 Χριστὸν,
3564 3284 3655 3337 ἵνα
3683 3287 3750 3337 ἐκ

2163 3370 2400 3433 πίστεως
2441 3369 2858 3438 δικαιωθῶμεν
2916 3373 3011 3426 καὶ
3060 3373 3164 3426 ὑπὸ
3213 3373 3280 3426 τά
3327 3378 3562 3445 στοιχεῖα
3601 3371 3748 3446 ἦμεν

2161 3463 2567 3534 δεδουλωμένοι,
2597 3464 2686 3516 ὅτε
2722 3460 2866 3536 ἦμεν
2904 3465 3109 3536 νήπιοι.
3151 3485 3169 3515 ι
3206 3467 3502 3538 Ἐλθούσης
3539 3469 3595 3521 δὲ
3648 3470 3747 3539 τῆς
3837 3489 3843 3494 ν

2163 3555 2422 3621 πίστεως,
2447 3555 2630 3610 οὐκέτι
2653 3556 2756 3609 ὑπὸ
2777 3557 3127 3626 παιδαγωγόν
3162 3558 3351 3628 ἐσμεν.
3385 3579 3506 3612 ›-‹
3531 3561 3604 3614 Οὐ
3635 3561 3748 3632 γὰρ

2161 3643 2300 3710 εἶδος
2333 3647 2520 3712 αὐτοῦ,
2553 3649 2715 3718 φησὶν
2739 3691 2754 3716 ,
2791 3650 3093 3718 ἑωράκατε.
3139 3668 3158 3702 ι
3187 3650 3366 3705 Βαὸαὶ
3407 3653 3504 3722 τῆς
3554 3653 3749 3721 σοφίας

2159 3737 2253 3792 τοῦ
2279 3737 2597 3808 νομοθέτουί
2629 3738 2747 3802 πῶς
2779 3740 3211 3811 εἰκονισθήσεται
3230 3741 3289 3794 τὸ
3318 3742 3583 3812 ἀόρατον;
3614 3743 3746 3806 Πῶς

2160 3831 2504 3902 γραφήσεται
2531 3829 2591 3882 τὸ
2619 3827 2842 3894 άποσον,
2877 3831 2972 3883 καὶ
2995 3831 3286 3899 ἀμέγεθες,
3323 3831 3411 3885 καὶ
3452 3832 3737 3901 ἀόριστον,

2161 3922 2256 3975 καὶ
2273 3921 2538 3987 άνείδεονς
2610 3920 2735 3984 Πῶς
2757 3923 3383 3993 χρωματουργηθήσεται
3420 3922 3481 3974 τὸ
3512 3922 3745 3992 ἀσώμα-

2164 4029 2284 4081 τον;
2320 4012 2442 4076 Πῶς
2474 4012 2980 4084 σχηματισθήσεται
3004 4012 3066 4065 τὸ
3090 4013 3525 4084 ἀσχημάτιστονς
3565 4015 3621 4067 τί
3645 4009 3747 4068 οὖν

2160 4106 2222 4160 τὸ
2244 4105 2524 4177 μυστικῶς
2560 4104 2932 4176 μηνυόμενον;
2961 4103 3224 4175 δηλονότι,
3254 4103 3348 4158 νῦν
3373 4104 3472 4176 μὲν
3493 4105 3628 4159 Θεὸν
3669 4106 3748 4180 μὴ

2161 4199 2431 4270 είκονίσῃς
2456 4197 2548 4251 τὸν
2585 4197 2818 4269 ἀόρατον
2841 4213 2856 4227 ο
2896 4196 3024 4249 ὅταν
3061 4195 3118 4249 δὲ
3161 4195 3274 4267 ἴδῃς
3298 4196 3387 4250 διὰ
3424 4197 3484 4250 σὲ
3511 4200 3744 4271 γενόμε.

2160 4309 2249 4345 νον
2275 4291 2560 4362 ἄνθρωπον
2589 4290 2678 4344 τὸν
2718 4287 3034 4359 ἀσώματον,
3059 4287 3180 4342 τότε
3211 4291 3462 4360 ποιήσεις
3495 4294 3596 4362 τῆς
3648 4293 3743 4344 άν-

2160 4383 2438 4455 θρωπίνης
2460 4382 2674 4454 μορφῆς
2695 4380 2754 4434 τὸ
2787 4381 3111 4450 ἐκτύπωμα.
3144 4379 3314 4433 Ὅταν
3348 4381 3546 4451 ὁρατὸς
3579 4383 3743 4452 σαρκὶ

2158 4480 2187 4532 ὁ
2213 4478 2444 4546 ἀόρατος
2474 4477 2720 4546 γένηται,
2751 4474 2873 4527 τότε
2901 4473 3190 4537 είκονίσεις
3220 4473 3283 4526 τὸ
3315 4473 3410 4527 τοῦ
3451 4474 3741 4544 όραθέντος

2158 4569 2428 4640 ὁμοίωμα.
2456 4567 2588 4620 Ὅτε
2614 4567 2642 4618 ό
2670 4566 2874 4627 ἄποσος
2897 4565 2990 4618 καὶ
3022 4565 3292 4635 άπήλικος
3328 4565 3422 4618 καὶ
3461 4565 3743 4635 ἀμεγέθης

2159 4661 2401 4730 ὑπεροχῇ
2425 4657 2525 4727 τῆς
2547 4654 2740 4710 ἐαυτοῦ
2772 4654 3005 4724 φύσεως,
3037 4656 3066 4707 ό
3091 4657 3148 4707 ἐν
3178 4657 3360 4725 μορφῇ
3391 4654 3528 4707 Θεοῦ
3564 4655 3744 4724 ὑπάρ-

2157 4767 2288 4822 χων,
2347 4748 2560 4820 μορφὴν
2615 4746 2800 4800 δούλου
2841 4745 3042 4810 λαϐὼν,
3099 4745 3272 4818 ταύτῃ
3310 4745 3551 4816 συσταλῇ
3607 4746 3746 4815 πρὸς

3063 4906 3105 4935 ⁸¹
3140 4903 3274 4959 ibid.
3324 4905 3408 4958 l7.
3488 4904 3535 4934 ⁴¹¹
3583 4904 3744 4958 Deut.

3063 4975 3151 5028 lat.
3180 4989 3264 5030 ιιι.
3293 4976 3382 5029 25.
3481 4975 3528 5006 ⁸⁸
3559 4975 3744 5030 Galat.

2239 4911 2286 4942 ιο
2326 4909 2499 4963 Exod.
2535 4922 2720 4971 xxxiv,
2755 4906 2838 4970 l5,
2879 4905 2964 4959 14.

2200 4981 2243 5014 ⁸⁸
2287 4979 2487 5049 Ephes.
2545 4995 2620 5044 tv,
2653 4977 2742 5032 l3.
2869 4975 2915 5007 "
2973 4974 3151 5030 Galat.
3180 4989 3264 5040 ιιι,
3293 4976 3382 5029 25.

501 5213 508 5222 ἢ,
1794 5143 2026 5200 VARle
2059 5143 2464 5205 LECTIONES.

462 5273 474 5342 ἑ
557 5240 578 5265 ι
614 5231 734 5287 Haec
758 5234 810 5287 in
837 5235 1019 5301 Colb.,
1051 5244 1105 5289 ct
1133 5244 1274 5289 orat.
1303 5234 1359 5297 9.,
1402 5232 1607 5290 omiSsa
1635 5244 1794 5301 sunt;
1823 5235 2094 5291 habentur
2113 5252 2243 5293 vero
2272 5243 2415 5290 orat.
2450 5237 2476 5288 l
2521 5235 2712 5306 paucis
2749 5234 3124 5290 variantibus.

2026 5392 2256 5448 NOTIE.

560 5477 678 5559 (gl).
709 5479 889 5538 Verbo
911 5498 1103 5559 nempe
1124 5483 1438 5559 _).a-rpzd_s_w,
1470 5492 1698 5559 utuntur
1726 5485 1821 5559 hi_c_
1840 5488 2043 5559 passim
2150 5503 2386 5558 eumque
2454 5491 2562 5548 Deo
2629 5489 2732 5546 soli
2793 5486 3162 5546 exhibendum
3229 5487 3472 5542 inculcat
3525 5484 3733 5540 Dama—

656 5544 988 5626 interpretes
1035 5544 1262 5626 in_loci§
1292 5544 1575 5626 allegatis,
1607 5556 1752 5625 quod
1781 5544 2048 5612 Hébraico
2153 5544 2371 5616 scentis.

489 5612 607 5677 12v
641 5612 846 5670 δεηξυῖι
881 5622 1208 5690 respondet,
1244 5631 1298 5679 et
1325 5612 1537 5694 exvquo
1562 5612 1762 5682 'latrize
1811 5627 2046 5707 cultum,
