3950 6154
246 342 384 411 1329

1307 344 1404 404 DE
1445 303 1906 404 IM‘AGINIBUS
1944 339 2225 400 ORATIO
2251 337 2364 396 III.

3368 323 3506 385 1330

241 453 519 523 ποσότητά
545 470 605 507 τε
644 453 737 507 καί
775 454 1132 525 πηλικότητά,
1170 455 1262 508 καὶ
1306 453 1632 525 χαρακτῆρα
1665 451 1853 521 περί-η

1959 448 2019 501 ui
2054 447 2208 501 cerni
2247 448 2387 500 noI-
2413 449 2614 512 potest,
2651 445 2934 506 assumpta
2973 445 3141 488 carne
3173 447 3234 488 se
3274 433 3504 502 conspi-

242 547 401 616 θηται
430 541 701 614 σώματος,
730 545 850 597 τότε
878 546 936 597 ὲν
963 546 1148 610 πίναξι
1189 545 1427 615 χάραττέ
1462 562 1521 597 τε
1570 544 1662 596 καὶ
1691 545 1820 596 ἀνα-

235 639 376 692 τίθει
400 638 535 709 πρὸς
557 636 788 707 θεωρίαν
815 637 906 690 τὸν
925 638 1186 710 ὁραθῆναι
1229 637 1678 705 καταδεξάμενον,
1727 633 1821 704 χά-

244 746 407 800 ραττε
437 728 626 781 τούτου
646 729 743 800 τὴν
767 728 973 797 ἄφατον
995 729 1423 797 συγκατάϐασιν,
1454 727 1554 798 τὴν
1577 727 1644 779 ὲκ
1676 725 1825 796 Παρι

244 818 397 870 θένου
445 817 720 887 γέννησιν,
757 819 856 888 τὴν
889 820 948 872 ὲν
1002 819 1242 890 Ἰορδάνῃ
1299 817 1573 888 βάπτισιν,
1623 813 1722 884 τὴν
1764 815 1823 866 ὲν

251 906 453 978 Θαϐὼρ
481 909 928 979 μεταμόρφωσιν,
979 910 1049 964 τὰ
1095 909 1242 978 πάθη
1295 909 1368 962 τὰ
1409 909 1510 978 τῆς
1557 905 1826 966 ἀπαθείας

249 997 510 1067 πρόξενα,
542 999 613 1052 τὰ
659 999 935 1071 θαύματα,
968 1001 1036 1055 τὰ
1072 1002 1174 1072 τῆς
1216 1001 1369 1064 θείας
1403 998 1566 1053 αὐτοῦ
1613 997 1828 1066 φύσεως

189 1157 192 1160 ,
248 1089 342 1141 καὶ
381 1089 664 1158 ἐνεργείας
696 1089 960 1160 σύμϐολα,
987 1091 1055 1145 δι’
1089 1090 1369 1162 ἐνεργείας
1407 1089 1607 1162 σαρκὸς
1637 1088 1834 1141 ἀποτε-

247 1177 504 1249 λούμενα,
530 1178 623 1233 τοῦ
656 1181 908 1252 Σωτῆρος
937 1181 1037 1252 τὴν
1087 1182 1356 1254 σωτήριον
1385 1181 1584 1251 ταφὴν,
1625 1179 1724 1250 τὴν
1753 1178 1833 1240 εἰς

253 1269 479 1340 οὐρανὸν
497 1271 681 1325 ἄνοδον
704 1287 720 1302 ·
744 1272 922 1326 πάντα
955 1274 1156 1345 γράφε,
1185 1275 1282 1328 καὶ
1299 1275 1463 1345 λόγῳ,
1496 1274 1592 1328 καὶ
1613 1271 1838 1344 χρῶμα-

256 1377 362 1426 σιν,
392 1361 448 1416 έν
475 1380 534 1416 τε
566 1363 767 1434 βίϐλοις
799 1365 892 1418 καὶ
929 1365 1144 1430 πίναξιν
1175 1378 1224 1418 ει.

1927 553 2092 592 cuum
2134 534 2453 606 praebuerit,
2491 540 2623 587 tunc
2667 529 2815 585 illius
2855 524 3136 581 deformes
3185 522 3506 593 imaginem.

1927 629 2066 686 Cum
2107 629 2200 681 ille
2237 626 2330 696 qui
2382 626 2436 678 in
2487 623 2660 679 forma
2697 619 2791 674 Dei
2843 617 3141 680 exsistens,
3182 615 3253 668 ob
3300 622 3514 668 natura;

1932 740 2047 782 suae
2078 721 2464 778 excellentiam
2510 717 2840 790 quantitatis
2875 722 2931 770 et
2987 709 3273 783 qualitatis
3301 714 3356 762 et
3399 720 3512 758 ma-

1935 816 2249 890 gnitudinis
2304 822 2388 870 cst
2429 827 2648 875 exsors,
2692 810 2864 865 forma
2920 807 3062 864 servi
3116 809 3392 873 suscepta,
3446 795 3513 851 ad

1934 909 2304 980 quantitatem
2338 905 2777 976 qualitatemque
2821 914 2946 956 sese
2993 895 3354 954 contrahens,
3387 903 3515 944 cor-

1936 999 2092 1072 poris
2130 997 2364 1068 figurant
2419 993 2684 1058 induerit,
2719 999 2852 1046 tunc
2889 990 2947 1044 in
2996 987 3214 1044 tabellis
3268 995 3394 1039 eum
3422 995 3520 1034 cx—

1939 1091 2138 1161 prime,
2166 1089 2459 1159 palamque
2489 1081 2946 1154 eonspiciendum
2977 1092 3243 1150 propone,
3273 1074 3367 1145 qui
3391 1086 3523 1126 con-

1942 1182 2080 1254 spici
2111 1181 2317 1236 voluit:
2378 1178 2714 1234 ineﬂ‘abilem
2757 1176 2936 1246 ipsius
2986 1170 3376 1227 demissionem
3418 1163 3520 1254 dc-

1943 1253 2124 1343 signa,
2160 1270 2506 1326 nativitatem
2544 1285 2610 1324 ex
2641 1267 2892 1337 Virgine,
2942 1262 3278 1334 baptismum
3314 1258 3367 1312 in
3398 1253 3524 1308 Jor-

1949 1363 2107 1428 dane,
2156 1361 2696 1430 transfigurationem
2749 1357 2806 1411 in
2837 1355 3085 1415 Thabor,
3141 1348 3421 1406 cruciatus
3460 1343 3526 1396 il-

257 1451 364 1514 los,
415 1452 542 1521 quia
585 1453 928 1510 cruciatibus
984 1470 1086 1510 nos
1137 1462 1495 1521 exemerunt;
1541 1453 1834 1519 miracula,
1876 1469 2002 1525 quae
2057 1469 2182 1509 cum
2233 1453 2420 1509 carnis
2465 1448 2777 1505 ministerio
2834 1451 3208 1516 patrarentur,
3280 1435 3522 1493 divinam

258 1542 435 1612 ipsius
480 1551 734 1600 naturam
782 1555 838 1602 et
888 1546 1185 1602 efﬁcaciam
1228 1549 1594 1619 promebam;
1629 1547 1925 1610 salutarem
1974 1546 2278 1602 Salvatoris
2342 1543 2702 1614 sepulturam,
2771 1536 3270 1623 resurrectionem,
3333 1538 3530 1581 ascen-

261 1647 382 1686 sum
421 1633 476 1686 in
524 1635 762 1699 caelum;
820 1636 938 1691 hate
970 1637 1158 1691 omnia
1206 1653 1331 1691 cum
1385 1652 1664 1700 sermone,
1721 1644 1838 1690 tum
1879 1636 2163 1692 coloribus
2213 1635 2493 1698 describe,
2524 1641 2640 1686 tum
2678 1632 2732 1684 in
2768 1629 2949 1692 libris,
2983 1619 3093 1680 tum
3126 1625 3181 1678 in
3213 1619 3450 1675 tabellis.

333 1723 400 1777 θ’.
433 1742 452 1776 ι
499 1725 575 1777 Ού
626 1727 874 1797 ποιήσεις
914 1727 1145 1798 σεαυτῷ,
1180 1730 1336 1798 φησι,
1367 1723 1604 1797 γλυπτὸν
1626 1729 1677 1792 ι),
1722 1728 1842 1782 οὐδὲ

2019 1729 2072 1785 9.
2112 1749 2131 1781 ι
2183 1726 2301 1782 Non
2356 1725 2553 1790 facies,
2602 1725 2700 1787 ait,
2736 1722 2836 1777 tibi
2889 1719 3167 1788 sculptile,
3202 1732 3380 1787 neque
3408 1731 3527 1770 om-

264 1817 374 1868 πᾶν
427 1817 700 1887 ὁμοίωμα.
755 1837 774 1871 ι
839 1819 1025 1873 Ταῦτα
1075 1819 1168 1874 τοῦ
1208 1819 1344 1874 Θεοῦ
1412 1821 1840 1892 προστάξαντος,

273 1925 292 1957 ι
339 1905 651 1977 Ἐποίησαν,
675 1911 833 1978 φησὶ,
859 1909 922 1963 τὺ
946 1910 1348 1982 καταπέτασμα
1391 1913 1488 1982 τῆς
1517 1913 1722 1982 σκηνῆς
1749 1911 1844 1965 τοῦ

269 2001 592 2070 μαρτυρίου,
617 1999 676 2065 ἐξ
703 2000 960 2055 ὑακίνθου
993 2003 1088 2056 καὶ
1117 2003 1428 2075 πορφύρας,
1463 2005 1561 2058 καὶ
1591 2003 1845 2058 κοκκίνου

267 2092 622 2160 νενησμένου,
647 2094 741 2147 καὶ
769 2093 968 2163 βύσσου
992 2094 1399 2167 κεκλωσμένης,
1424 2096 1584 2168 ἔργον
1615 2097 1848 2166 ύφαντδν

267 2179 565 2253 Χερουὸίμ.
591 2203 609 2236 ι
626 2185 754 2253 Καὶ,
775 2203 793 2236 ι
818 2187 1184 2258 Ἐποίησαντὺ
1201 2187 1388 2260 ίλαστή
1399 2206 1510 2260 ριον
1527 2190 1731 2244 ἄνωθεν
1749 2191 1848 2260 τῆς

275 2271 514 2324 κιϐωτοῦ
559 2275 624 2327 ὲκ
654 2275 880 2345 χρυσίου
915 2277 1180 2348 καθαροῦ,
1223 2280 1318 2332 καὶ
1368 2281 1495 2344 τοὺς
1520 2280 1612 2333 δύο
1645 2282 1852 2351 Χερου-

271 2360 390 2429 6ίμ.
429 2382 447 2413 ι
476 2364 542 2415 Τί
580 2368 775 2430 ποιεῖς,
809 2361 854 2419 ὦ
885 2368 1129 2437 Μωῦσῆς
1166 2371 1230 2422 σὺ
1261 2369 1460 2438 λέγεις,
1511 2389 1530 2421 ι
1565 2371 1639 2423 Οὐ
1692 2371 1851 2440 ποιή-

275 2468 389 2516 σεις
424 2455 638 2526 σεαυτῷ
663 2457 920 2525 γλυπτὸν,
971 2459 1092 2513 οὐδὲ
1141 2463 1248 2514 πᾶν
1280 2461 1549 2532 ὁμοίωμα,
1595 2479 1614 2512 ι
1651 2462 1746 2514 καὶ
1787 2462 1850 2514 σὺ

276 2544 673 2615 καταπέτασμα
693 2548 1129 2612 κατασκευάζεις
1159 2561 1180 2587 ε
1201 2549 1360 2621 ἔργον
1384 2551 1616 2620 ὑφαντὺν
1646 2553 1855 2620 Χερου-

277 2635 398 2703 ϐὶμ,
436 2639 529 2690 καὶ
557 2637 651 2690 δύο
682 2640 962 2710 Χερουϐὶμ
1002 2642 1062 2693 ὲκ
1107 2642 1330 2713 χρυσίου
1369 2643 1652 2714 καθαροῦ;
1716 2644 1854 2697 Ἀλλ’

277 2727 465 2790 ἄκουε,
488 2728 540 2778 τί
565 2729 700 2798 πρὸς
737 2731 797 2782 σὲ
819 2734 846 2784 ὁ
875 2731 1131 2802 θεράπων
1175 2734 1269 2787 τοῦ
1298 2734 1433 2787 Θεοῦ
1465 2735 1704 2804 Μωῡσῆς
1742 2737 1854 2798 τοῖς

278 2819 600 2888 πράγμασιν
652 2821 1092 2891 ἀντιφθέγγεται.
1140 2821 1209 2878 Ὦ
1267 2827 1457 2895 τυφλοὶ
1519 2829 1611 2881 καὶ
1658 2829 1852 2898 μωροὶ,

279 2908 466 2961 σύνετε
487 2909 595 2962 τῶν
641 2911 949 2982 λεγομένων
987 2917 1084 2984 τὴν
1119 2917 1370 2988 δύναμιν,
1403 2919 1496 2971 καὶ
1550 2919 1855 2987 φυλάξασθε

276 3002 486 3071 σφόδρα
515 3004 613 3065 τὰς
639 3002 816 3073 ψυχὰς
836 3005 1010 3073 ὑμῶν.
1059 3001 1247 3066 Εἶπον,
1271 3011 1351 3061 ὅτι
1394 3027 1412 3058 ι
1454 3009 1740 3078 Ὀμοίωμα
1758 3009 1858 3062 οὐκ

1945 1837 2070 1876 nem
2100 1816 2516 1875 similitudinem
2537 1816 2604 1871 ⁸⁸.
2628 1815 2797 1868 illaec
2817 1825 2944 1866 cum
2977 1807 3329 1880 praecepisset
3347 1805 3524 1860 Deus:

1952 1931 1972 1966 ι
2001 1913 2294 1974 Fecerunt,
2319 1910 2517 1980 inquit,
2545 1905 2846 1963 tentorium
2864 1899 3211 1958 tabernaculi
3250 1897 3415 1968 350
3444 1908 3527 1952 te—

1949 2002 2194 2061 stimonii
2240 2016 2306 2056 es
2373 1998 2690 2071 hyacintho,
2749 2003 2803 2050 et
2851 2007 3130 2064 purpura,
3191 1997 3246 2044 et
3298 1989 3530 2044 coccino

1948 2107 2102 2159 neto,
2139 2099 2194 2148 et
2235 2092 2404 2162 bysso
2463 2096 2692 2154 retorta,
2755 2100 2894 2154 opus
2950 2090 3266 2138 contextum
3319 2079 3530 2134 Cheru-

1948 2187 2062 2242 bim
2097 2185 2164 2239 “.
2209 2201 2226 2234 ι
2263 2181 2373 2236 Et:
2420 2201 2438 2235 ι
2477 2181 2751 2235 Fecerunt
2783 2174 3224 2247 prepitiatorium
3276 2186 3344 2226 ex
3396 2184 3532 2225 auro

1952 2291 2114 2348 puro,
2131 2284 2185 2332 et
2208 2276 2316 2331 duo
2341 2274 2637 2331 Cherubim
2671 2288 2836 2342 super
2859 2284 3046 2324 arcam
3076 2268 3144 2323 ⁵⁸.
3171 2284 3192 2322 ι
3219 2264 3364 2332 Quid
3391 2263 3531 2335 agis,

1952 2368 2200 2440 Moyses?
2230 2375 2290 2422 tu
2329 2366 2583 2438 prmcipis
2613 2382 2626 2418 :
2673 2382 2692 2416 ι
2727 2364 2849 2418 Non
2891 2361 3062 2416 facies
3097 2359 3198 2414 tibi
3240 2355 3530 2426 sculptile,

1953 2475 2131 2530 neque
2161 2474 2380 2514 omnem
2419 2458 2745 2524 imaginem;
2785 2475 2804 2508 ι
2850 2469 2915 2508 ac
2966 2451 3326 2508 nihilominus
3353 2455 3534 2503 tento-

1960 2554 2126 2614 rium,
2164 2565 2305 2620 opus
2331 2549 2628 2605 Cherubim
2685 2554 3004 2602 contextum
3043 2544 3200 2609 facis,
3231 2539 3534 2611 quinetiam

1957 2641 2069 2697 duo
2101 2639 2399 2696 Cherubim
2431 2653 2497 2694 ex
2528 2652 2665 2703 auro
2694 2638 2871 2707 puro?
2899 2635 3100 2692 Verum
3130 2633 3411 2688 auscultes
3447 2645 3539 2685 ve-

1956 2733 2074 2795 lim,
2111 2731 2243 2802 quid
2304 2729 2401 2784 tibi
2459 2728 2550 2784 Dei
2609 2729 2860 2783 minister
2909 2725 3124 2798 Moyses
3179 2721 3534 2794 respondeat.

1959 2825 2004 2878 0
2043 2823 2170 2878 caeci
2197 2830 2252 2878 et
2284 2822 2462 2885 stulti,
2499 2820 2608 2874 vim
2654 2821 2948 2875 verborum
3001 2819 3288 2890 percipite,
3324 2824 3378 2870 et
3415 2814 3538 2868 ani-

1959 2931 2079 2969 mas
2109 2923 2327 2969 vestras
2363 2911 2788 2983 diligentissime
2829 2911 3126 2966 custodite.
3164 2907 3285 2964 Dixi
3316 2927 3328 2963 :
3367 2927 3385 2959 ι
3425 2905 3536 2962 Vos

1961 3004 2381 3060 similitudinem
2424 3019 2532 3057 non
2567 3001 2783 3057 vidistis
2819 3003 2875 3056 in
2907 3001 2997 3057 die
3047 3018 3154 3072 qua
3205 3002 3425 3054 locutus
3454 3007 3539 3052 est

277 3092 447 3144 εἴδετε
476 3095 532 3145 ἐν
563 3098 629 3165 τῇ
673 3095 878 3166 ἡμέρᾳ,
1003 3096 1230 3166 ὲλάλησε
1281 3099 1490 3168 Κύριος
1540 3100 1673 3170 πρὸς
1713 3100 1853 3169 ὑμᾶς

1964 3097 2030 3150 ad
2084 3112 2178 3151 vos
2237 3095 2505 3150 Dominus
2554 3095 2610 3148 in
2647 3094 2828 3149 llorcb
2887 3095 2940 3148 in
2995 3100 3180 3147 monte
3231 3093 3300 3146 de
3361 3089 3542 3144 medio

279 3184 336 3235 ὲν
368 3183 570 3254 Χωρὴϐ
600 3187 657 3238 ὲν
688 3186 764 3255 τῷ
792 3187 908 3258 ὄρει
947 3189 1010 3240 ὲκ
1071 3189 1238 3257 μέσου
1276 3190 1370 3242 τοῦ
1410 3191 1602 3259 πυρὸς,
1645 3193 1855 3262 μήποτε

278 3273 612 3344 ἁνομήσητε,
630 3274 726 3328 καὶ
757 3277 1017 3345 ποιήσητε
1038 3277 1165 3346 ὑμῖν
1185 3278 1366 3341 αὐτοῖς
1390 3278 1624 3346 γλυπτὸν
1658 3281 1856 3348 ὁμοίω-

283 3381 378 3433 μα,
407 3366 586 3418 πᾶσαν
619 3366 802 3419 εἰκόνα
821 3383 835 3398 ο
867 3368 962 3420 καὶ
988 3367 1143 3432 θεοὺς
1165 3371 1465 3437 χωνευτοὺς
1508 3371 1568 3421 οὐ
1609 3371 1858 3440 ποιήσεις

282 3456 512 3526 σεαυτῷ.
548 3475 566 3507 ι
598 3458 712 3510 Οὐκ
747 3453 919 3525 εἶπον,
953 3461 1028 3511 Οὐ
1059 3461 1303 3530 ποιήσεις
1337 3461 1519 3514 εἰκόνα
1557 3462 1858 3532 Χερουϐὶμ,

280 3545 357 3608 ὼς
392 3545 596 3599 δούλων
631 3548 1057 3618 παρεστηκότων
1085 3549 1162 3618 τῷ
1193 3549 1510 3620 ίλαστηρίῳ,
1542 3550 1686 3615 ἀλλ’,
1717 3567 1738 3603 ι
1783 3551 1858 3604 Οὐ

281 3638 530 3707 ποιήσεις
555 3639 766 3710 σεαυτῷ
793 3640 948 3704 θεοὺς
972 3643 1295 3710 χωνευτοὺς,
1327 3643 1440 3708 καὶ,
1469 3661 1486 3694 ι
1510 3643 1584 3696 Ού
1616 3644 1860 3715 ποιήσεις

283 3730 393 3782 πᾶν
427 3730 701 3802 ὁμοίωμα,
745 3751 763 3783 ι
797 3731 871 3796 ὡς
902 3732 1079 3797 θεοὺς,
1107 3735 1217 3788 οὐδ’
1247 3735 1308 3788 οὐ
1341 3737 1416 3806 μὴ
1445 3735 1748 3809 λατρεύσῃς
1793 3739 1860 3808 τῇ

283 3821 457 3874 κτίσει
494 3823 645 3894 παρὰ
677 3823 768 3877 τὸν
792 3824 1090 3878 Κτίσαντα.
1135 3825 1421 3896 ὐμοίωμα
1454 3827 1552 3896 μὲν
1598 3827 1693 3881 οὖν
1727 3826 1862 3880 Θεοῦ

281 3912 380 3965 οὑκ
423 3914 676 3986 ἐποίησα,
711 3917 832 3970 οὐδὲ
877 3916 982 3988 μὴν
1016 3917 1207 3989 ἑτέρου
1250 3919 1394 3981 τινὸς
1421 3919 1496 3982 ὡς
1547 3919 1707 3985 Θεοῦ,
1744 3921 1865 3974 οὐδὲ

282 4003 574 4076 ἀνθρώπου
610 4022 624 4036 °
656 4007 950 4061 δεδούλωτο
983 4008 1090 4078 γὰρ
1129 4011 1196 4079 τῇ
1232 4009 1477 4079 ἁμαρτίᾳ
1517 4013 1550 4080 ἡ
1581 4011 1741 4080 φύσις
1766 4012 1865 4081 τῆς

284 4098 701 4169 ἀνθρωπότητος
729 4116 742 4129 ο
771 4101 892 4154 οὐδὲ
930 4101 1237 4170 ὲλάτρευσα
1264 4106 1328 4174 τῇ
1366 4104 1542 4155 κτίσει
1587 4105 1740 4172 παρὰ
1775 4105 1867 4158 τὸν

285 4186 588 4250 Κτίσαντα,
620 4187 804 4257 πάσης
824 4189 881 4242 δὲ
912 4189 1014 4260 τῆς
1037 4190 1267 4254 κτίσεως
1309 4192 1562 4263 ὁμοίωμα
1593 4193 1692 4264 τὴν
1743 4211 1870 4264 σκη-

287 4277 386 4348 νὴν
413 4279 812 4344 κατεσκεύασα,
851 4298 869 4330 ι
916 4281 1058 4334 κατὰ
1094 4282 1186 4336 τὸν
1234 4283 1404 4338 τύπον
1454 4285 1544 4338 τὸν
1589 4285 1870 4356 δειχθέντα

292 4385 383 4438 μοι
409 4369 466 4422 ὲν
498 4370 573 4441 τῷ
597 4371 734 4442 ὄρει,
757 4391 776 4424 ι
800 4374 895 4426 καὶ
935 4373 1216 4444 Χερουϐὶμ
1244 4374 1535 4439 σκιάζοντα
1561 4378 1620 4430 τὸ
1651 4377 1868 4448 ἱλαστή-

291 4478 427 4532 ριον,
459 4463 534 4526 ὡς
560 4463 679 4534 Θεῷ
731 4443 1138 4537 παρεστηκότα.
1180 4443 1368 4533 Εἶδες,
1413 4469 1535 4535 πῶς
1573 4443 1870 4542 ἀνεφάνη-ὁ
1903 4443 1946 4497 D

293 4553 499 4617 σκοπὸς
531 4555 632 4625 τῆς
671 4556 898 4631 Γραφῆς
911 4561 1024 4620 τοῖς
1057 4560 1290 4622 συνετῶς
1321 4562 1582 4631 ἐρευνῶσι
1608 4578 1622 4626 ς
1660 4563 1741 4616 δεῖ
1761 4562 1870 4633 γὰρ

291 4644 602 4711 γινώσκειν,
643 4650 944 4719 ἀγαπητοὶ,
975 4651 1132 4703 ὅτιὲν
1162 4653 1326 4705 παντὶ
1353 4652 1638 4723 πράγματι
1675 4656 1708 4724 ἡ
1739 4654 1870 4725 ἀλή-

293 4736 412 4790 θεια
438 4739 702 4810 ζητεῖται,
727 4742 818 4794 καὶ
841 4742 900 4795 τὸ
919 4741 1136 4813 ψεῦδος,
1161 4744 1253 4796 καὶ
1275 4745 1303 4796 ό
1320 4743 1519 4808 σκοπὸς
1547 4744 1642 4796 τοῦ
1667 4745 1874 4798 ποιοῦν-

291 4844 404 4891 τος,
434 4832 482 4882 εί
521 4831 685 4895 καλός
721 4835 888 4897 ἐστιν,
932 4835 965 4905 ἢ
997 4835 1186 4897 κακός.
1255 4836 1342 4888 Ἐν
1376 4836 1475 4905 μὲν
1508 4835 1617 4907 γὰρ
1657 4837 1737 4907 τῷ
1767 4837 1871 4890 Εὑ-

294 4921 551 4991 αγγελίῳ,
584 4926 680 4978 καὶ
709 4925 860 4990 Θεὸς,
899 4927 996 4980 καὶ
1027 4925 1278 4996 ἅγγελος,
1315 4927 1410 4980 καὶ
1436 4927 1742 4996 ἄνθρωπος,
1781 4929 1876 4981 καὶ

295 5007 390 5076 γῆ,
409 5013 502 5062 καὶ
529 5012 695 5085 ὕδωρ,
720 5015 816 5067 καὶ
844 5015 973 5087 πῦρ,
995 5017 1091 5068 καὶ
1119 5015 1246 5087 ἀὴρ,
1276 5017 1370 5070 καὶ
1397 5015 1567 5087 ἥλιος,
1597 5018 1690 5070 καὶ
1722 5017 1876 5086 σελή-

297 5114 384 5168 νη,
408 5105 502 5155 καὶ
518 5105 654 5173 φῶς,
691 5109 784 5161 καὶ
815 5110 1024 5175 σκότος,
1055 5109 1151 5161 καὶ
1175 5110 1442 5173 Σατανᾶς,
1479 5111 1570 5163 καὶ
1599 5110 1871 5180 δαίμονες,

298 5190 394 5244 καὶ
429 5192 600 5261 ὄφεις,
629 5200 726 5250 καὶ
752 5201 1028 5272 σκορπίοι,
1069 5202 1165 5255 καὶ
1187 5201 1323 5272 ζωὴ,
1367 5201 1462 5255 καὶ
1497 5199 1747 5266 θάνατος,
1778 5202 1874 5255 καὶ

368 5347 415 5426 ’ίῖ
442 5349 610 5403 Εκοάο
646 5369 740 5426 δέχ,
776 5356 830 5410 4.
915 5359 960 5392 δ’
994 5328 1164 5416 Exod.
1204 5375 1391 5426 xxxvi,
1437 5359 1528 5414 57.
1603 5359 1650 5390 ⁵⁸
1673 5357 1847 5413 Exod.

1959 5375 2087 5422 xv",
2121 5358 2175 5423 6,
2220 5359 2270 5414 7.
2357 5360 2400 5391 ³¹
2434 5359 2594 5415 Deut.
2629 5377 2700 5425 ιν,
2748 5360 2834 5413 15.

299 5417 350 5450 ⁸³
375 5415 534 5474 Rom.
571 5437 605 5485 ι,
636 5415 735 5476 ’25ζ
819 5426 865 5457 ⁵⁸
894 5415 1211 5486 Εκοᾱξχιν
1261 5431 1351 5486 40.

1966 3191 2141 3260 ignis;
2183 3189 2477 3260 nequando
2513 3195 2705 3243 contra
2757 3189 2932 3257 legem
2974 3187 3172 3257 agatis,
3220 3195 3274 3240 ct
3319 3181 3539 3237 faciatis

1966 3282 2124 3337 vobis
2185 3284 2457 3352 sculptam
2525 3281 2960 3344 similitudinem,
3047 3292 3263 3334 omnem
3344 3275 3541 3344 imagi-

1965 3389 2088 3428 nem
2119 3373 2185 3425 δίε
2217 3381 2270 3427 et
2297 3374 2429 3428 deos
2456 3374 2763 3428 coniiatiles
2794 3387 2903 3426 non
2929 3369 3098 3425 facies
3131 3369 3229 3422 tibi
3260 3369 3327 3420 δ’.
3371 3385 3388 3418 ι
3424 3365 3546 3421 Νοη

1967 3465 2078 3518 dixi
2111 3484 2122 3518 :
2158 3463 2234 3519 Ne
2277 3465 2478 3521 feceris
2527 3464 2794 3535 imagines
2842 3459 3164 3524 Cherubim,
3201 3472 3322 3528 quae
3351 3457 3420 3511 ad
3459 3456 3546 3508 in-

1970 3565 2083 3612 star
2114 3571 2399 3612 servorum
2429 3554 2818 3626 prapitiatorio
2854 3552 3153 3617 assistant;
3188 3548 3322 3604 sed:
3374 3566 3393 3599 ι
3427 3545 3546 3601 Non

1971 3645 2148 3702 facies
2201 3646 2299 3702 tibi
2342 3646 2476 3702 deos
2539 3644 2886 3712 conflatiles;
2930 3663 2948 3696 ι
2985 3652 3085 3699 et:
3146 3662 3164 3694 ι
3222 3639 3341 3695 Non
3376 3639 3550 3694 facies

1971 3739 2068 3794 tibi
2107 3738 2274 3793 ullam
2301 3735 2744 3802 similitudinem,
2786 3755 2804 3788 ι
2838 3747 3100 3806 tanquam
3140 3732 3256 3797 Dei,
3303 3747 3408 3786 nec
3437 3745 3554 3786 ser-

1972 3832 2090 3887 vies
2117 3839 2380 3886 creatura:
2424 3829 2608 3901 potius
2639 3844 2803 3900 quam
2857 3827 3104 3884 Creatori
3138 3826 3206 3882 ⁸³.
3245 3823 3436 3894 Itaque
3478 3825 3553 3878 si-

1973 3922 2339 3978 militudinem
2390 3921 2481 3977 Dei
2533 3937 2642 3977 non
2685 3920 2811 3986 feci,
2865 3935 3045 3990 neque
3088 3918 3319 3973 alterius
3367 3915 3553 3985 cujus-

1972 4017 2119 4087 piam
2169 4023 2434 4086 tanquam
2476 4014 2615 4079 Dei,
2671 4030 2851 4086 neque
2905 4015 3032 4069 item
3090 4010 3334 4067 hominis
3386 4013 3555 4078 (ttmc

1974 4108 2118 4164 cnim
2147 4106 2444 4162 humanum
2473 4121 2648 4179 genus
2671 4106 2928 4164 servituti
2957 4100 3429 4171 mancipabatur),
3459 4115 3556 4154 ne-

1975 4212 2085 4268 que
2107 4197 2188 4253 rei
2216 4205 2412 4252 creatae
2443 4196 2631 4266 potius
2663 4212 2829 4265 quam
2879 4194 3130 4248 Creatori
3172 4190 3420 4245 servivi:
3456 4190 3553 4245 sed

1977 4288 2250 4342 universae
2294 4295 2564 4341 creatura:
2624 4286 3067 4348 similitudinem,
3110 4282 3552 4346 tabernaculum,

1979 4379 2228 4448 inquam,
2294 4377 2603 4442 construxi,
2671 4375 3022 4430 «secundum
3066 4373 3350 4442 exemplar
3408 4373 3554 4443 quod

1977 4469 2111 4523 mihi
2142 4476 2425 4522 ostensum
2474 4475 2556 4522 est
2605 4467 2659 4520 in
2691 4473 2876 4521 monte
2911 4464 2980 4520 “.
3020 4485 3038 4518 ι
3076 4464 3374 4521 Cherubim
3422 4481 3557 4536 quo-

1976 4574 2104 4629 que,
2142 4573 2264 4628 qua!
2300 4557 2749 4627 propitiatori‘um
2811 4557 3228 4622 obumbrarcnt,
3291 4565 3553 4627 tanquam

1978 4651 2092 4706 Deo
2136 4649 2477 4705 assistentia.
2527 4647 2731 4702 Vidisti
2788 4651 3062 4718 quomodo
3115 4648 3417 4718 Scriptura:
3473 4650 3557 4703 ἰησ-

1979 4740 2152 4795 tentio
2184 4750 2238 4793 et
2267 4754 2466 4794 sensus
2517 4738 2731 4793 obviam
2797 4739 2912 4794 illis
2958 4738 3070 4805 fiat,
3117 4739 3208 4808 qui
3259 4734 3578 4809 prudenter"

1979 4833 2135 4887 illum
2183 4830 2562 4903 investigarit?
2621 4829 2735 4886 Hoc
2794 4832 2996 4904 quippe
3049 4846 3217 4886 nosse
3278 4833 3557 4894 convenit,

1982 4923 2354 4987 dilectissimi,
2415 4925 2467 4976 in
2519 4923 2667 4978 omni
2702 4924 2946 4994 negotio,
2988 4924 3124 4978 illud
3157 4924 3382 4994 inquiri,
3425 4923 3556 4992 quid

1981 5016 2096 5071 veri
2159 5016 2230 5069 sit
2270 5025 2363 5071 aut
2418 5016 2563 5082 falsi,
2606 5033 2784 5088 quove
2829 5017 3066 5072 consilio
3112 5017 3388 5087 quispiam
3424 5015 3557 5084 quid
3644 5076 3657 5088 ι

1983 5109 2190 5177 egerit;
2245 5107 2479 5172 bonone,
2524 5125 2592 5163 an
2632 5110 2800 5164 malo.
2848 5109 2984 5164 Nam
3038 5111 3094 5164 in
3140 5107 3455 5177 Evangelio,
3505 5113 3561 5160 et
3619 5109 3636 5122 '

1983 5199 2152 5264 Deus,
2193 5211 2248 5254 ct
2279 5203 2535 5272 angelus,
2584 5211 2638 5258 et
2684 5204 2867 5268 homo,
2921 5214 2976 5258 et
3023 5211 3200 5264 terra,
3226 5209 3280 5254 et
3309 5214 3468 5268 aqua,
3507 5206 3562 5252 et

2941 5359 2985 5389 "
3031 5355 3203 5410 Exod.
3241 5369 3430 5416 χχχιιι,
3466 5351 3554 5408 l7.

1612 5563 1842 5618 VARUS
1887 5558 2181 5617 LECTION
2192 5559 2294 5614 ES.

377 5657 404 5686 ιι
435 5645 712 5701 Hactenus
747 5663 867 5715 qum
900 5649 950 5700 in
973 5649 1126 5703 Colb.
1160 5661 1291 5706 utet
1323 5663 1462 5709 orat.
1487 5653 1522 5707 ‘2
1544 5654 1745 5709 omissa
1784 5661 1932 5708 sunt.
2010 5652 2036 5690 δ
2068 5651 2221 5706 Colb.
2241 5659 2295 5704 et
2320 5651 2376 5712 2,
2401 5658 2540 5704 orat.
2571 5649 2680 5704 Καὶ
2700 5647 2782 5702 ὅτι
2813 5643 2986 5699 ταῦτα
3013 5641 3184 5706 οὕτως
3215 5639 3351 5712 ἔχει,
3373 5639 3558 5694 ἄκους’

301 5717 379 5772 οὐ
409 5718 658 5787 ποιήσεις
691 5717 903 5787 σεαυτῷ
939 5719 1197 5786 γλυπτόν.
1277 5734 1299 5761 ε
1333 5723 1630 5794 ﬂuensque
1661 5725 1785 5781 cod.
1811 5724 1990 5789 Colb.;
2027 5728 2222 5778 caetera
2255 5722 2494 5791 periere-
