4074 6146
530 323 663 392 1331

1715 324 1776 385 S.
1800 323 2048 397 JOANN
2055 323 2127 383 IS
2163 324 2591 387 DAMASGENI

3632 322 3766 401 1.333

529 443 695 511 ignis,
718 446 773 495 et
807 453 920 501 aer,
952 447 1006 492 et
1041 436 1144 500 sol,
1178 443 1234 490 et
1262 434 1411 501 luna,
1440 444 1495 490 et
1523 433 1723 496 lux,‘~et
1754 435 2012 498 tenebrae,
2041 442 2089 489 el

2198 431 2351 501 ᾅδης,
2375 434 2469 487 καὶ
2491 432 2703 504 ἀρεταὶ,
2740 433 2832 483 καὶ
2862 431 3071 495 κακίαι,
3105 430 3199 483 καὶ
3227 430 3406 484 πάντα
3436 430 3578 484 καλά
3598 448 3656 484 τε
3676 437 3764 487 καὶ

529 532 786 592 Satanas,
826 536 880 582 et
910 527 1210 592 daemones,
1245 537 1298 580 et
1338 535 1653 596 serpentes,
1685 535 1737 579 et
1776 514 2002 595 scorpii,
2045 536 2100 580 et

529 635 701 683 mors,
733 629 788 674 et
826 619 1084 684 virtutes,
1121 626 1177 673 et
1222 618 1377 684 vitia,
1432 627 1600 688 atque
1642 619 1918 683 universa,
1971 631 2095 670 cum

528 711 691 775 bona,
727 719 841 764 tum
886 709 1027 764 mala
1061 709 1269 780 scripta
1312 718 1461 765 sunt.
1495 708 1718 775 Verum,
1751 708 2098 779 quandoqui-

526 800 648 856 dem
678 800 861 859 omnia
890 816 1014 871 quae
1038 801 1105 857 de
1137 801 1227 859 his
1266 799 1541 866 feruntur,
1573 815 1704 856 vera
1735 807 1886 863 sunt,
1931 806 2099 869 atque

529 890 583 944 in
617 888 714 945 Dei
775 891 1028 961 gloriam,
1085 900 1141 947 et
1175 893 1406 948 salutem
1458 899 1724 956 nostram,
1780 906 1995 947 necnon
2042 895 2094 946 in

528 990 843 1043 sanctorum
881 999 1022 1053 quos
1075 984 1168 1040 ille
1221 984 1497 1057 gloriosos
1550 984 1755 1050 eﬂ‘ecit,
1806 988 2093 1052 honorem,

524 1080 578 1126 et
621 1073 679 1127 in
704 1072 912 1131 diaboli
953 1075 1373 1146 daemonumque
1404 1077 1526 1147 ejus
1555 1076 1937 1147 opprobrium,
1968 1090 2099 1130 ton-

529 1163 732 1229 ferunt,
766 1181 831 1221 ea
869 1181 971 1224 nos
1015 1167 1331 1232 adoramus,
1376 1166 1816 1237 complectimur,
1857 1166 2095 1223 deoscu-

529 1254 726 1321 iamur,
769 1263 934 1325 atque
975 1256 1184 1321 oculis,
1243 1256 1412 1312 labris
1457 1264 1512 1312 et
1559 1256 1728 1313 corde
1766 1256 2094 1311 salutamus.

526 1343 917 1414 Consimiliter,
965 1345 1141 1404 Vetus
1193 1363 1375 1412 omne,
1422 1346 1746 1419 Novumque
1775 1346 2095 1403 Testamen-

503 1442 670 1501 tum,
699 1446 754 1492 et
784 1453 1068 1495 sermones
1104 1447 1424 1496 sanctorum
1474 1439 1942 1509 probatorumque
1990 1437 2096 1493 Pa-

527 1539 672 1583 trum
723 1530 1158 1600 prosequimur:
1210 1540 1265 1584 at
1323 1538 1537 1601 turpem
1589 1530 2098 1598 exsecrabilemque

521 1624 577 1669 et
645 1617 916 1687 impuram
972 1620 1425 1676 detestandorum
1480 1620 1902 1676 Manichaeorum
1956 1620 2096 1675 scri-

525 1716 763 1779 pturam,
807 1710 1115 1766 eademmet
1172 1712 1440 1767 voeabula
1496 1712 1969 1781 complectentem,
2017 1719 2094 1765 at-

521 1813 629 1868 que
663 1799 731 1853 ad
776 1799 983 1856 diaboli
1037 1802 1457 1873 daemonumque
1527 1803 1649 1872 ejus
1681 1804 1911 1871 gloriam
1954 1811 2008 1859 et
2038 1802 2093 1861 in

522 1888 831 1958 animarum
890 1892 1192 1961 perniciem
1240 1893 1624 1965 excogitatam,
1680 1893 1992 1963 respuimus
2037 1900 2093 1949 et

526 1979 830 2049 rejieimus.
878 1981 969 2039 Sic
1008 1999 1227 2054 quoque
1251 1986 1471 2054 quando
1510 1984 1579 2040 de
1612 1985 1947 2055 imaginibus
1976 1985 2092 2054 agi-

522 2077 635 2135 tur,
668 2071 998 2141 inquirenda
1049 2075 1256 2132 veritas
1296 2082 1403 2140 est,
1459 2090 1725 2145 mensque
1764 2089 1955 2131 eorum
1999 2074 2089 2144 qui

441 2192 450 2201 -
520 2175 619 2219 eas
654 2161 886 2219 faciunt.
924 2163 989 2217 Et
1032 2164 1306 2235 siquidem
1347 2180 1475 2222 vera
1507 2175 1768 2235 rectaque
1797 2166 1887 2229 sit,
1929 2172 2093 2235 atque

522 2251 592 2321 ad
631 2251 726 2308 Dei
762 2263 1194 2326 sanctorumque
1247 2257 1368 2327 ejus
1408 2256 1636 2328 gloriam
1671 2257 1823 2322 ﬁant,
1873 2256 2090 2326 juvent-

520 2355 628 2411 que
655 2340 723 2395 ad
760 2342 992 2416 virtutes
1051 2345 1464 2415 persequendas
1517 2354 1571 2399 et
1625 2347 1759 2401 vitia
1806 2345 2087 2417 fugienda,

523 2446 736 2495 necnon
772 2434 841 2489 ad
872 2436 1182 2495 animarum
1224 2438 1479 2504 salutem,
1528 2453 1621 2494 eas
1653 2445 1915 2507 tanquam
1948 2436 2086 2489 ima-

519 2521 698 2595 gines,
754 2526 1027 2596 exempla,
1096 2526 1510 2594 similitudines,
1568 2528 2090 2595 illitteratorumque

522 2613 802 2669 hominum
838 2615 1013 2671 libros
1039 2625 1093 2673 et
1129 2627 1502 2686 monumenta,
1537 2634 1882 2683 veneremur,
1923 2633 2088 2674 oscu-

518 2704 713 2771 lemur,
750 2707 1038 2778 oculisque
1067 2718 1120 2763 et
1155 2709 1318 2766 labiis
1353 2719 1409 2793 et
1438 2711 1604 2767 corde
1636 2711 2084 2781 complectamur;

516 2794 667 2849 velut
689 2796 902 2855 scilicet
928 2797 1199 2852 incarnati
1232 2796 1328 2853 Dei
1358 2799 1517 2869 351
1559 2798 1807 2870 eligiem,
1844 2806 1937 2853 aut
1970 2813 2088 2852 ma-

519 2886 618 2941 tris
645 2887 795 2970 ejus,
856 2896 954 2943 aut
1001 2898 1341 2956 sanctorum,
1388 2892 1485 2961 qui
1521 2891 1841 2961 passionum
1876 2889 2085 2949 Christi

520 2980 741 3049 perinde
772 2989 938 3052 atque
976 2983 1165 3052 gloria:
1201 2983 1361 3049 socii,
1408 2983 1762 3053 victoresque
1801 2990 1857 3041 et
1893 2981 2085 3051 proﬂi-

2203 524 2371 588 κακὰ,
2402 522 2509 576 eici
2536 521 2917 592 γεγραμμένα.
2965 519 3105 573 Ἀλλ’
3129 520 3300 588 ὅμως,
3326 518 3513 589 ἐπειδὴ
3540 520 3610 573 τὰ
3644 527 3765 591 mp1

2201 614 2382 668 αὐτῶν
2416 614 2685 684 λεγόμενα
2715 611 2888 683 ἀληθῆ
2921 613 3048 676 εἰσι,
3101 611 3196 664 καὶ
3224 611 3254 663 ὁ
3284 609 3484 672 σκοπὸς
3515 610 3652 681 πρὸς
3684 611 3762 663 δό-

2198 706 2294 772 ξαν
2316 705 2451 760 Θεοῦ
2481 707 2597 763 ἐστι
2626 705 2719 759 καί
2765 703 3040 774 σωτηρίαν
3086 702 3268 773 ἡμῶν,
3315 702 3411 755 καὶ
3452 697 3631 768 δόξαά
3674 702 3766 772 μὲν

2199 798 2309 852 τῶν
2337 799 2429 851 ὑπ’
2457 794 2622 851 αὐτοῦ
2668 793 3042 865 δοξαζομένων
3101 793 3290 860 ἁγίων,
3319 791 3551 862 αἰσχύνη
3582 792 3638 844 δὲ
3674 792 3760 844 τοῦ

2196 887 2440 941 διαϐόλου
2464 886 2556 939 καὶ
2580 884 2689 940 τῶν
2710 884 2978 954 δαιμόνων
3003 883 3190 948 αὑτοῦ,
3214 882 3645 954 προσκυνοῦμεν,
3677 885 3763 937 καὶ

2201 976 2705 1050 περιπτυσσόμεθα,
2742 974 2835 1030 καὶ
2864 972 3289 1044 καταφιλοῦμεν,
3323 975 3421 1028 καὶ
3448 973 3760 1044 ὀφθαλμοῖς,

2198 1070 2292 1123 καὶ
2312 1067 2536 1138 χείλεσι,
2567 1067 2664 1120 καὶ
2703 1064 2902 1137 καρδίᾳ
2946 1064 3322 1135 ἀσπαζόμεθα.
3386 1064 3625 1135 Ὁμοίως
3678 1066 3761 1119 καὶ

2200 1163 2382 1215 πᾶσαν
2410 1160 2508 1231 τὴν
2534 1158 2775 1214 Παλαιὰν
2815 1157 2911 1213 καὶ
2949 1157 3161 1227 Καινὴν
3203 1156 3498 1228 Διαθήκην,
3536 1154 3666 1220 τούς
3709 1173 3762 1210 τε

2199 1252 2387 1323 λόγους
2415 1251 2525 1307 τῶν
2573 1250 2743 1319 ἁγίων
2793 1250 2887 1307 καὶ
2923 1249 3194 1320 ἐκκρίτων
3255 1248 3551 1320 Πατέρων·
3581 1246 3685 1318 τὴν
3712 1247 3761 1301 δὲ

2196 1343 2428 1414 αἰσχρὰν
2466 1343 2561 1398 καὶ
2600 1341 2850 1412 μυσαρὰν
2892 1340 2986 1395 καὶ
3030 1339 3337 1411 ἀκάθαρτον
3382 1340 3600 1411 γραφὴν
3660 1338 3759 1393 τῶν

2181 1440 2517 1527 σκαταράτων
2560 1435 2893 1527 Μανιχαίων,
2905 1433 2994 1527 “ait
3023 1434 3163 1527 αῦτὰ
3202 1433 3447 1527 ὀνόματα
3480 1433 3759 1527 περιέχου-

2199 1548 2319 1596 σαν,
2341 1532 2437 1585 καὶ
2464 1529 2600 1601 πρὸς
2642 1526 2797 1591 δόξαν
2836 1524 2932 1579 τοῦ
2960 1523 3208 1579 διαϐόλου
3245 1526 3341 1578 καὶ
3366 1524 3475 1579 τῶν
3496 1524 3759 1593 δαιμόνων

2197 1622 2383 1689 αὐτοῦ,
2411 1621 2503 1675 καὶΙ
2532 1618 2812 1674 ἀπώλειαν
2840 1614 3028 1686 ψυχῶν
3059 1616 3465 1687 ὲφευνρεθετσαν,
3487 1614 3758 1670 ἀποπτύο-

2199 1731 2299 1783 μεν
2324 1714 2419 1765 καλ⁸
2460 1706 2878 1779 άποδαλλόμεθα
2905 1723 2921 1737 ⁸
2961 1705 3103 1760 οῦτω
3142 1707 3234 1760 καὶ
3261 1708 3318 1759 ὲν
3351 1706 3431 1775 τῷ
3478 1706 3757 1778 πράγματι

2124 1768 2165 1824 Β
2194 1768 2304 1866 τῶν
2336 1810 2580 1873 εἰκόνων,
2614 1807 2721 1879 χρὴ
2739 1768 2982 1877 ’ἐρευνᾷν
3019 1805 3119 1876 τήν
3154 1819 3213 1855 τε
3251 1768 3650 1871 ἀλήθειανκαὶ.
3677 1796 3761 1850 τὸν

2197 1905 2396 1957 σκοπὸν
2424 1901 2533 1954 τῶν
2561 1899 2858 1960 ποιούντων
2882 1915 2898 1931 ο
2926 1896 3021 1957 καὶ
3049 1897 3098 1975 εί
3131 1896 3228 1965 μὲν
3250 1891 3454 1962 ἀληθὴς
3485 1890 3580 1945 καὶ
3607 1888 3761 1959 ὀρθὸς

2194 1992 2287 2045 καὶ
2320 1990 2457 2060 πρὸς
2486 1988 2645 2054 δόξαν
2668 1986 2807 2041 Θεοῦ
2834 1986 2930 2042 καὶ
2957 1985 3068 2039 τῶν
3094 1984 3265 2051 ἁγίων
3282 1979 3467 2043 αὑτοῦ,
3507 1977 3605 2042 καὶ
3630 1976 3758 2047 πρὸς

2192 2085 2353 2157 ζῆλον
2378 2085 2601 2156 ἀρετῆς,
2641 2084 2734 2139 καὶ
2772 2080 3065 2151 ἀποφυγὴν
3093 2078 3316 2141 κακίας,
3362 2076 3458 2130 καὶ
3489 2072 3759 2144 σωτηρίαν

2191 2171 2377 2241 ψυχῶν
2411 2170 2671 2240 γίνονται,
2694 2168 3074 2238 ἀποδέχεσθαι,
3102 2166 3196 2220 καὶ
3212 2165 3399 2235 τιμᾷν,
3425 2163 3505 2226 ὥς
3526 2162 3756 2225 εἰκόνας,

2192 2264 2286 2315 κα)⁵
2340 2261 2654 2332 μιμήματα,
2706 2259 2801 2313 καὶ
2845 2258 3191 2330 ὁμοιώματα,
3240 2255 3333 2309 καὶ
3385 2252 3600 2324 βίϐλους
3656 2250 3757 2304 τῶν

2189 2352 2568 2425 ἀγραμμάτων
2616 2353 2712 2404 καὶ
2754 2350 3082 2421 ὑπόμνησιν,
3132 2347 3230 2403 καὶ
3274 2346 3620 2417 προσκυνεῖν,
3668 2341 3757 2395 καὶ

2190 2444 2526 2511 καταφιλεῖν,
2563 2442 2660 2497 καὶ
2690 2441 3008 2513 ὀφθαλμοῖς,
3067 2441 3160 2495 καὶ⁵
3190 2437 3447 2510 χείλεσιν,
3491 2435 3587 2489 καὶ
3624 2451 3755 2499 καρ-

2189 2535 2279 2606 δίᾳ
2318 2532 2684 2599 ἀσπάζεσθαι,
2720 2534 2797 2596 ὡς
2853 2531 3273 2603 σεσαρκωμένου
3313 2526 3448 2582 Θεοῦ
3481 2524 3751 2596 ὁμοίωμα,

2188 2624 2350 2697 ἢὶτῆς
2379 2623 2569 2678 τούτου
2599 2624 2824 2696 μητρὸς,
2848 2624 2882 2693 ἢ
2900 2622 3007 2677 τῶν
3033 2623 3202 2690 ἁγίων
3224 2619 3333 2673 τῶν
3355 2615 3633 2671 κοινωνῶν
3654 2614 3757 2678 τῶν

2189 2712 2531 2784 παθημάτων
2564 2712 2751 2778 αὐτοῦ,
2791 2712 2886 2767 καὶ
2925 2711 3027 2781 τῆς
3058 2709 3215 2780 δόξης
3238 2707 3331 2762 τοῦ
3361 2704 3628 2778 Χριστοῦ,
3664 2702 3758 2758 καί⁵

2187 2804 2421 2875 νικητῶν
2463 2804 2556 2859 καὶ
2599 2804 2942 2875 καθαιρετῶν
2968 2802 3064 2857 τοῦ
3089 2800 3337 2856 διαϐόλου
3366 2797 3462 2853 καὶ
3492 2796 3602 2850 τῶν
3649 2795 3759 2847 δαι·

2191 2895 2388 2967 μόνων,
2420 2895 2515 2949 καὶ
2551 2893 2652 2964 τῆς
2681 2894 2888 2965 πλάνης
2934 2891 3135 2948 αὐτῶν.
3164 2891 3229 2944 El
3261 2889 3319 2944 δὲ
3354 2889 3453 2959 τῆς
3502 2885 3760 2956 θεότητος

2185 2987 2283 3058 τῆς
2311 2976 2476 3042 ἀΰλου
2497 2986 2592 3040 καὶ
2611 2986 2903 3055 ἀσωμάτου
2925 2985 3109 3039 εἲκόνα
3128 3000 3212 3046 τις
3236 2981 3495 3051 τολμήσει
3512 2978 3761 3047 ποιῆσαι,

515 3078 731 3139 gatores
767 3070 972 3125 diaboli
1010 3087 1076 3127 ac
1128 3072 1458 3139 daemonum,
1512 3087 1814 3141 eorumque
1871 3070 2084 3128 fraudis

2188 3081 2260 3144 ὡς
2290 3080 2459 3150 ψευδῆ
2490 3077 2912 3147 άποόαλλόμεθα
2940 3092 2956 3111 ο
3002 3075 3099 3130 καὶ
3126 3075 3223 3129 ὲάν
3253 3090 3338 3136 τις
3372 3074 3466 3125 ἐπὶ
3493 3070 3626 3141 δόξῃ
3668 3069 3761 3122 καὶ

513 3162 865 3235 exstiterunt,
902 3162 1058 3230 Quod
1090 3164 1137 3219 si
1171 3164 1298 3234 quis
1337 3163 1589 3231 Deitatis,
1636 3178 1760 3234 qua:
1792 3178 1824 3218 a
1850 3162 2083 3219 materia

516 3254 702 3320 procul
736 3261 965 3327 semota,
1003 3264 1056 3310 et
1101 3255 1425 3327 incorporea
1449 3266 1557 3323 est,
1606 3256 1901 3326 imaginem
1937 3255 2085 3313 ausit

513 3343 784 3416 cllingere,
837 3356 1097 3416 tanquam
1150 3345 1345 3402 falsam
1404 3347 1551 3403 illam
1615 3348 1993 3418 reprobamus.
2024 3346 2084 3403 Si

514 3450 619 3509 qua
642 3436 779 3490 item
812 3436 868 3490 in
919 3437 1149 3509 gloriam
1177 3446 1230 3494 et
1264 3438 1530 3495 honorem
1582 3439 1903 3510 cultumque
1964 3440 2083 3495 diae

514 3527 625 3582 holi
668 3528 748 3586 vel
797 3528 1105 3593 daemonum
1154 3544 1412 3600 expressa
1468 3530 1562 3597 sit,
1603 3531 1746 3586 hanc
1801 3531 2082 3602 rejicimus

515 3630 762 3688 prorsus,
802 3627 858 3673 et
912 3618 1144 3676 ﬂammis
1183 3634 1622 3676 coneremamus.
1682 3618 1741 3675 Si
1793 3620 1919 3692 quis
1947 3621 2083 3676 ima-

512 3706 693 3775 ginem
752 3708 1059 3777 hominum,
1122 3720 1218 3766 aut
1262 3710 1590 3776 belluarum,
1642 3721 1737 3767 aut
1771 3712 2078 3778 volucrum,

514 3805 608 3850 aut
650 3796 949 3867 reptilium,
1008 3799 1305 3856 alteriusve
1340 3802 1417 3858 rei
1457 3810 1656 3858 creatae
1687 3802 1743 3857 in
1784 3802 1955 3858 Deum
1986 3803 2083 3856 ha-

516 3886 713 3953 buerit,
773 3887 921 3944 hunc
969 3890 1308 3959 anathemati
1338 3893 1696 3954 devovemus.
1741 3892 1896 3948 Sicut
1932 3894 2079 3948 enim

514 3979 691 4046 sancti
722 3977 915 4039 Patres
973 3996 1131 4051 sacra
1169 3983 1475 4058 daemonum
1527 3994 1581 4039 et
1630 3984 1756 4038 fana
1795 3985 2079 4056 subverte-

517 4079 664 4134 runt,
694 4083 858 4145 atque
889 4073 943 4128 in
972 4089 1160 4130 eorum
1189 4076 1325 4130 locis
1374 4076 1573 4145 templa
1606 4074 1702 4131 Dei
1730 4086 2079 4131 sanctorum-

512 4180 617 4234 que
647 4166 856 4222 nomini
903 4166 1084 4222 dicata
1135 4175 1591 4231 construxerunt,
1626 4182 1749 4238 qua:
1782 4177 1837 4223 et
1867 4183 1970 4223 nos
1997 4183 2082 4224 ve-

514 4270 808 4322 neramur;
843 4256 1034 4327 eodem
1075 4255 1260 4320 modo,
1300 4255 1614 4310 daemonum
1652 4269 1871 4326 quoque
1910 4257 2077 4311 simu-

514 4344 675 4402 lacris
713 4346 935 4412 ablatis,
993 4347 1199 4403 Christi
1238 4356 1292 4415 et
1347 4347 1614 4418 Deiparaa,
1646 4357 2080 4418 sanctorumque

2185 3174 2317 3242 τιμῇ
2349 3173 2443 3225 καὶ
2467 3170 2835 3242 προσκυνήσει
2860 3166 2955 3222 τοῦ
2974 3165 3222 3220 διασόλου
3260 3165 3295 3236 ἢ
3320 3164 3431 3218 τῶν
3462 3160 3759 3232 δαιμόνων,

2185 3262 2572 3333 καταπτύομεν
2616 3262 2713 3315 καὶ
2771 3260 2904 3331 πυρὶ
2945 3257 3334 3327 ἀναλίσκομεν.
3372 3254 3483 3309 Καὶ
3525 3254 3622 3308 ὲάν
3674 3266 3760 3317 τις

2183 3352 2508 3424 ἀνθρώπων,
2557 3354 2592 3424 ἦ
2640 3353 2873 3423 κτηνῶν,
2922 3351 2955 3422 ἢ
2996 3348 3284 3415 πετεινῶν,
3323 3348 3358 3418 ἢ
3404 3344 3675 3417 ἑρπετῶν,
3721 3341 3756 3412 ἦ

2183 3444 2349 3515 ἄλλης
2386 3445 2530 3509 τινὸς
2563 3445 2791 3508 κτίσεως
2825 3442 3123 3515 θεοποιήσῃ
3171 3440 3379 3502 εἰκόνα,
3423 3433 3756 3503 ἀναθεματί-

2184 3534 2350 3603 ζομεν
2387 3535 2596 3588 τοῦτον.
2644 3533 2857 3603 Ὠσπερ
2886 3530 2996 3602 γὰρ
3026 3530 3095 3584 τά
3133 3529 3255 3601 ἱερά
3287 3529 3384 3584 καὶ
3414 3527 3543 3592 τοὺς
3598 3522 3761 3587 ναοὺς

2181 3624 2291 3679 τῶν
2322 3624 2590 3696 δαιμόνων
2617 3624 2867 3680 καθεῖλον
2893 3626 2943 3678 οῑ
2972 3623 3119 3691 ἅγιοι
3144 3621 3411 3692 Πατέρες,
3439 3620 3537 3674 καὶ
3568 3618 3627 3671 ὲν
3648 3617 3761 3678 τοίς

2182 3715 2362 3770 αὐτῶν
2413 3715 2599 3779 τόποις
2637 3716 2800 3779 ναοὺς
2832 3714 2918 3770 ἐπ’
2954 3713 3182 3785 ὀνόματι
3239 3711 3377 3766 Θεοῦ
3438 3711 3533 3764 καὶ
3587 3709 3760 3777 ἁγίων

2182 3808 2432 3880 ἤγειραν,
2457 3807 2549 3861 καὶ
2569 3806 2793 3870 τούτους
2816 3805 3067 3876 σέϐομεν,
3097 3804 3242 3859 οῦτω
3282 3803 3378 3858 καὶ
3404 3802 3505 3865 τὰς
3536 3799 3758 3860 εἰκόνας

2180 3897 2288 3952 τῶν
2341 3898 2611 3969 δαιμόνων
2657 3897 2929 3960 καθεῖλον,
2964 3896 3059 3953 καὶ
3107 3895 3223 3951 ἀντ’
3254 3894 3470 3949 ἐκείνων
3517 3892 3756 3961 ἤγειραν

2181 3989 2396 4051 εἰκόνας
2422 3987 2685 4059 Χριστοῦ,
2716 3989 2811 4042 καὶ
2854 3987 2956 4057 τῆς
2985 3987 3177 4041 τούτου
3218 3984 3453 4056 Μητρὸς,
3498 3983 3597 4036 καὶ
3639 3979 3754 4033 τῶν

2183 4081 2376 4150 ἁγίων,
2406 4082 2501 4135 καὶ
2513 4082 2714 4144 ταύτας
2736 4080 2988 4151 σέϐομεν.
3016 4079 3124 4134 Καὶ
3149 4079 3246 4132 ὲπὶ
3279 4078 3375 4145 μὲν
3388 4075 3487 4146 τῆς
3506 4072 3762 4135 Boleti;

2181 4171 2304 4226 οὔτε
2332 4173 2494 4237 ναοὺς
2516 4175 2608 4226 ἐπ’
2633 4172 2859 4242 ὀνόματι
2885 4170 3190 4244 ἀνθρώπων
3216 4170 3438 4240 ἤγειρεν
3462 4167 3493 4221 ό
3516 4164 3761 4235 Ἰσραὴλ,

2181 4262 2304 4317 οὔτε
2346 4264 2689 4335 μνημόσυνον
2730 4261 3036 4332 ἑωρτάζετο
3061 4279 3074 4292 ·
3098 4260 3180 4314 ἔτι
3224 4259 3336 4329 γὰρ
3364 4257 3469 4314 ὑπὸ
3512 4256 3763 4326 κατάραν

2179 4348 2250 4426 ἦν
2275 4356 2309 4424 ἡ
2334 4353 2443 4406 τῶν
2480 4352 2782 4424 ἀνθρώπων
2805 4352 2987 4422 φύσις,
3012 4350 3107 4405 καὶ
3132 4350 3162 4402 ὁ
3187 4348 3419 4423 θάνατος
3435 4348 3766 4417 κατάκρισις

513 4438 780 4508 imagines
827 4439 1022 4495 horum
1058 4441 1186 4506 loco,
1232 4446 1572 4515 statuerunt.~
1599 4440 1767 4509 Atqui
1805 4439 1862 4494 in
1892 4438 2073 4496 Veteri

2188 4439 2245 4515 ἦν
2266 4461 2280 4475 ·
2303 4443 2384 4497 διὸ
2419 4446 2515 4499 καὶ
2543 4443 2841 4507 ὲπενθεῖτο,
2864 4442 2960 4497 καὶ
2985 4443 3015 4496 ὁ
3045 4442 3351 4513 ἁπτόμενος
3384 4439 3482 4494 τοῦ
3511 4439 3765 4509 σώματος

508 4530 729 4598 quidem
765 4529 1139 4597 Testamento,
1188 4538 1302 4588 nec
1355 4533 1553 4602 templa
1609 4542 1928 4588 sanctorum
1983 4546 2081 4587 no-

511 4621 643 4674 mini
679 4626 1074 4678 construebant
1119 4624 1400 4691 lsraelitze,
1443 4639 1544 4680 nec
1604 4639 1800 4680 eorum
1839 4638 2081 4680 commeo

507 4712 745 4766 moratio
798 4711 991 4769 festiva
1044 4729 1179 4771 erat.
1245 4717 1440 4791 Adhuc
1500 4716 1644 4773 enim
1707 4716 2079 4773 maledictioni

505 4800 910 4870 subjiciebatur
948 4804 1231 4861 hominum
1262 4823 1456 4877 genus,
1490 4817 1546 4863 et
1580 4822 1728 4863 mors
1751 4807 2076 4877 supplicium

509 4898 671 4944 erat:
729 4902 1064 4962 quapropter
1124 4896 1242 4950 haec
1304 4897 1613 4966 lugebatur,
1661 4905 1716 4952 et
1748 4894 2075 4968 qui‘mortui

511 4979 746 5056 cadaver
816 4983 1107 5055 tetigisset,
1170 4986 1489 5042 immundus
1544 4986 1865 5064 habehatur.
1920 4983 2124 5043 Nunc~

2178 4533 2273 4590 τοῦ
2302 4535 2647 4606 τεθνηκότος,
2706 4535 3015 4607 ἀκάθαρτος
3057 4534 3354 4604 ἐλογίζετο.
3381 4531 3503 4585 Νῦν
3535 4531 3617 4594 δὲ,
3677 4527 3767 4595 ἀφ’

2177 4620 2239 4681 οῦ
2262 4628 2297 4697 ἡ
2329 4626 2519 4697 θεότης
2546 4629 2613 4698 τῇ
2638 4626 2884 4698 ἡμετέρᾳ
2911 4626 3070 4696 φύσει
3088 4624 3410 4694 ἀσυγχύτως
3429 4619 3768 4690 συνεκράθη,

2177 4713 2290 4771 οἷόν
2342 4733 2396 4771 τι
2460 4716 2722 4783 ζωοποιὺν
2777 4719 2873 4773 καὶ
2922 4719 3189 4788 σωτήριον
3231 4717 3548 4787 φάρμακον.
3604 4711 3772 4770 όντως

2179 4805 2440 4877 ἐδοξάσθη
2476 4807 2509 4876 ἡ
2546 4806 2709 4876 φύσις
2750 4807 2928 4878 ἡμῶν,
2967 4807 3062 4860 καὶ
3103 4806 3241 4877 πρὸς
3278 4803 3595 4877 ἀφθαρσίαν
3650 4815 3771 4870 μετ-

2186 4899 2566 4972 εστοιχειώθηο
2600 4900 2683 4955 διὸ
2723 4904 2820 4957 καὶ
2868 4902 2990 4957 ναοὶ
3038 4902 3223 4965 αὐτοῖς
3282 4900 3621 4970 ἐγείρονται,
3680 4886 3797 4947 καί

2184 4992 2389 5057 εἰκόνες
2420 4993 2843 5064 ἀναγράφονται.

514 5079 720 5139 autem,
761 5087 827 5133 ex
865 5089 977 5143 quo
1020 5081 1229 5130 natura:
1266 5085 1465 5132 nostra:
1508 5094 1611 5134 ceu
1651 5079 2108 5139 medicamentum
2143 5084 2414 5152 quoddam
2460 5084 2738 5142 viviﬁcum
2792 5094 2848 5141 et
2884 5087 3128 5142 salutare
3168 5084 3463 5154 conjuncta
3500 5080 3774 5137 divinitas

512 5175 616 5233 est,
649 5169 889 5240 gloriosa
916 5171 1007 5225 illa
1045 5172 1242 5237 evasit,
1280 5181 1442 5243 atque
1482 5174 1537 5227 in
1562 5173 2025 5244 incorruptionem
2043 5180 2450 5244 .transformata
2484 5180 2587 5245 fuit
2618 5202 2630 5236 :
2676 5182 2819 5238 unde
2855 5183 3061 5253 templa
3087 5161 3307 5254 quoque
3344 5182 3404 5237 in
3435 5188 3772 5239 sanctorum

516 5257 776 5317 honorem
817 5263 1127 5332 eriguntur,
1174 5280 1471 5334 eorumque
1513 5266 1806 5335 pinguntur
1843 5266 2129 5337 imagines.

588 5375 673 5430 10.
723 5378 867 5435 Nulli
906 5379 1069 5454 igitur
1123 5381 1405 5436 hominum
1462 5383 1644 5448 lateat,
1698 5398 1822 5437 eum
1862 5382 1955 5452 qui
2005 5381 2073 5443 ad

2253 5393 2302 5440 ι’.
2336 5386 2655 5442 Γινωσκὲτω
2687 5384 2779 5442 οῦν
2813 5391 2921 5454 πᾶς
2944 5390 3254 5461 ἄνθρωπος,
3296 5392 3371 5458 ὡς
3395 5393 3424 5448 ό
3450 5392 3560 5465 τὴν
3590 5390 3781 5449 εἰκόνα

1771 5586 2002 5643 VARUS
2039 5588 2431 5649 LECTlONES.

602 5702 631 5745 ⁸
666 5704 806 5778 Lego
840 5709 1013 5779 δόξαν,
1039 5724 1089 5769 οι
1128 5719 1284 5787 paulo
1333 5731 1449 5788 post
1483 5722 1760 5793 αἰσχύνην,
1806 5735 1858 5779 ut
1899 5741 2093 5785 sensus
2121 5728 2383 5800 postulat,
2411 5745 2471 5783 ac
2515 5731 2566 5784 in
2610 5740 2750 5786 erat.
2788 5731 2824 5785 2
2854 5731 3103 5807 habetur.
