4074 6146
420 340 554 406 1333

1475 333 1572 394 DE
1613 327 2072 393 IMAGINIBUS
2113 329 2393 388 ORATIO
2435 323 2585 388 ΠΙ..

3531 325 3670 390 1334

411 450 512 522 τὴν
542 449 676 522 πρὸς
702 447 860 514 δόξαν
893 448 987 502 καὶ
1028 441 1337 513 ὑπόμνησιν
1377 445 1472 497 τοῦ
1502 443 1742 514 Χριστοῦ
1774 441 1988 510 καὶτῆς

2099 437 2325 502 Christi,
2370 439 2452 494 vel
2503 433 2698 491 matris
2730 433 2850 505 ejus
2910 435 3202 492 Genitricis
3233 435 3347 502 Dei,
3374 434 3458 490 vel
3490 434 3668 490 sancti

410 542 603 596 τούτου
637 540 878 616 ⁹Μητρὸς
935 540 1032 610 τῆς
1066 534 1225 606 ἁγίας
1266 535 1552 602 Θεοτόκου,
1611 537 1644 604 ἡ
1693 552 1837 598 τινος
1881 533 1989 588 τῶν

411 633 608 700 ἁγίων,
647 631 727 687 ἔτι
757 632 816 686 δέ
859 631 996 703 πρὸς
1031 628 1290 700 αἰσχύνην
1335 627 1430 682 τοῦ
1476 627 1723 681 διαϐόλου
1764 626 1860 680 καί¹
1887 626 1988 697 τῆς

411 725 580 795 ἥττης
601 723 766 778 αὑτοῦ
801 725 893 778 καὶ
923 723 1032 777 τῶν
1059 721 1329 792 δαιμόνων
1349 719 1537 784 αὑτοῦ,
1568 721 1632 773 ἐκ
1657 718 1800 773 θείου
1825 717 1989 772 πόθου

411 815 508 870 καὶ
537 817 702 883 ζήλου
737 816 1058 886 γενομένην,
1094 813 1386 868 καταλύειν
1434 811 1752 884 ἐπιχειρῶν,
1787 813 1883 866 καὶ
1913 811 1988 882 μὴ

413 906 739 976 προσκυνῶν
784 906 878 960 καὶ
913 905 1091 974 τιμῶν
1141 905 1236 958 καὶ
1291 905 1670 975 ἀσπαζόμενος
1712 903 1862 974 πόθῳ
1892 902 1988 956 τοῦ

414 996 812 1066 εἰκονιζομένου
835 1035 850 1055 ,
896 995 972 1058 ὡς
999 995 1184 1049 εἰκόνα
1222 996 1433 1065 τιμίαν,
1466 995 1559 1050 καὶ
1592 995 1689 1065 οὐχ
1728 993 1804 1058 ὡς
1837 993 1988 1059 Θεὸν,

411 1084 609 1156 ἐχθρός
634 1085 769 1137 ιέστι
818 1083 1079 1155 Χριστοῦ,
1133 1083 1349 1154 καὶτῆς
1382 1084 1543 1153 ἁγίας
1573 1083 1857 1146 Θεοτόκου,
1894 1082 1990 1135 καὶ

411 1183 520 1236 τῶν
551 1182 742 1250 ἁγίων,
765 1182 1058 1254 ὲκδικητὴς
1079 1181 1136 1236 δέ
1152 1181 1245 1236 τοῦ
1272 1180 1522 1235 διαϐόλου
1554 1179 1779 1235 καὶτῶν
1803 1177 1991 1248 δαιμό·

408 1292 519 1328 νων
547 1275 733 1341 αὑτοῦ,
772 1274 918 1346 ἔργῳ
969 1274 1411 1344 ἐπιδεικνύμενος
1467 1274 1564 1344 τὴν
1613 1272 1808 1342 λύπην,
1857 1271 1990 1325 ὄτιό

409 1367 546 1430 Θεὸς
575 1367 671 1422 καί⁵
713 1367 766 1422 οἰ
795 1367 942 1435 ἅγιοι
970 1366 1134 1421 αὑτοῦ
1165 1367 1435 1437 τιμῶνται
1474 1365 1568 1420 καὶ
1597 1364 1932 1432 δοξάζονται,
1961 1365 1990 1416 ό

410 1459 466 1511 δὲ
501 1459 748 1524 διάϐολος
778 1458 1222 1530 καταισχύνεται.
1273 1459 1338 1513 Ἦ
1373 1458 1481 1530 γὰρ
1523 1457 1686 1514 εἰκὼν
1719 1455 1990 1530 θρίαμϐός

411 1552 552 1616 ἐστι,
597 1551 693 1605 καὶ
721 1551 1051 1621 φανέρωσις,
1085 1552 1182 1605 καλ⁹
1215 1551 1608 1623 στηλογραφία,
1639 1552 1719 1614 εἰς
1771 1550 1990 1621 μνήμην

409 1643 510 1713 τῆς
543 1642 699 1714 νίκης
719 1645 826 1696 τῶν
852 1643 1287 1714 ἁριστευσάντων
1316 1645 1410 1698 καὶ
1435 1641 1872 1715 διαπρεψάντων,
1895 1641 1990 1695 καὶ

411 1733 508 1801 τῆς
537 1732 799 1805 αἰσχύνης
827 1734 934 1788 τῶν
974 1734 1322 1806 ἡττηθέντων
1372 1734 1468 1788 καὶ
1515 1732 1987 1803 καταϐληθέντων.

412 1817 508 1875 Ρη
748 1824 760 1840 ,
1032 1825 1057 1836 ..
1593 1824 1620 1836 ..

436 1837 568 1878 ιιοον
598 1823 860 1888 πολλακις
889 1825 1214 1892 ποθουντας,
1269 1825 1487 1897 ἱμάτιον
1527 1842 1622 1878 του
1653 1825 1992 1895 ποθουμένου

411 1911 801 1984 θεασαμένους,
824 1916 899 1980 ὼς
921 1916 1082 1972 αὑτὸν
1103 1917 1194 1970 τὸν
1211 1916 1544 1987 ποθούμενον
1567 1915 1994 1986 ἀσπασαμένους

410 2001 470 2054 τὸ
501 2003 738 2073 ἱμάτιον,
768 2006 1070 2077 ὀφθαλμοῖς
1095 2024 1167 2070 τε¹
1201 2007 1298 2063 καὶ
1330 2007 1556 2077 χείλεσι.
1590 2005 1712 2076 Χρὴ
1744 2006 1992 2060 ἀποδιδό-

411 2110 500 2146 ναι
545 2095 682 2148 πᾶσι
733 2095 834 2160 τὰς
865 2097 1106 2166 ὀφειλάς,
1138 2096 1281 2151 κατὰ
1313 2098 1404 2152 τὸν
1455 2097 1610 2166 ἅγιον
1643 2097 1857 2152 Παῦλον
1903 2099 1992 2151 τὸν

411 2185 742 2253 ἀπόστολον,
779 2207 798 2241 ι
832 2187 912 2258 τῷ
942 2189 1040 2259 τὴν
1066 2189 1255 2261 τιμὴν,
1292 2193 1392 2259 τὴν
1431 2192 1624 2260 τιμήν·
1657 2193 1754 2242 καὶ
1784 2189 1994 2259 βασιλεῖ

416 2275 538 2345 μὲν,
569 2276 645 2342 ὡς
673 2278 1033 2349 ὑπερέχοντι,
1063 2282 1179 2343 τοῖς
1203 2279 1261 2333 δὲ
1301 2281 1581 2350 ἄρχουσιν,
1613 2280 1690 2345 ὡς
1716 2281 1782 2334 δι’
1813 2281 1994 2337 αὑτῶν

410 2360 931 2438 ἀποστελλομένοις·
982 2388 1002 2422 ι
1045 2371 1287 2444 ἑκάστῳ,
1350 2373 1490 2427 κατά
1545 2373 1607 2426 τὸ
1642 2374 1839 2444 μέτρον
1896 2373 1990 2428 τοῦ

411 2455 742 2529 ἀξιώματος.
1531 2467 1535 2472 ’

486 2640 575 2688 ια’.
607 2634 720 2688 Ποῦ
741 2628 901 2705 εὗρες
930 2635 989 2689 ἐν
1009 2638 1076 2708 τῇ
1111 2634 1325 2708 Παλαιᾷ
1345 2677 1360 2704 ,
1405 2637 1439 2708 ἢ
1471 2636 1529 2690 ἐν
1562 2635 1642 2708 τῷ
1673 2637 1992 2712 Εὑαγγελίῳ

411 2727 582 2796 δνομα
610 2729 860 2798 Τριάδος,
887 2729 920 2800 ἢ
947 2729 1315 2802 όμοούσιον,ἢ
1359 2732 1489 2803 μίαν
1537 2732 1698 2802 φύσιν
1742 2735 1994 2806 θεότητος

412 2819 646 2888 τρανῶς,
681 2821 890 2891 ἢτρεῖς
921 2822 1252 2886 ὑποστάσεις
1278 2824 1577 2889 αύτολεξεὶ,
1610 2826 1643 2897 ἢ
1677 2826 1806 2898 μίαν
1857 2829 1984 2882 ὑπό-

415 2927 606 2965 στασιν
634 2911 728 2964 τοῦ
763 2913 1023 2983 Χριστοῦ,
1074 2914 1107 2985 ἢ
1146 2914 1240 2967 δύο
1273 2914 1466 2984 φύσεις
1495 2918 1807 2986 αὑτολεξεί;
1852 2919 1989 2972 Ἀλλ’

411 3000 581 3069 ὅμως,
609 3001 816 3073 ἐπειδὴ,
849 3004 915 3056 ἐκ
945 3004 1054 3057 τῶν
1094 3005 1526 3074 ἰσοδυναμουσῶν
1566 3006 1763 3071 λέξεων
1796 3009 1906 3062 τῶν
1933 3011 1989 3064 ἐν

411 3093 480 3186 τῇ
502 3093 691 3186 Ιξραφῇ
720 3095 1006 3186 κειμένων,
1033 3094 1238 3186 ῶρισαν
1261 3097 1436 3186 ταῦτα
1464 3099 1513 3154 οἰ
1544 3098 1688 3167 ἅγιοι
1721 3101 1983 3172 Πατέρες,
2016 3127 2060 3186 c

411 3181 701 3252 δεχόμεθα,
727 3185 821 3237 καί⁴
851 3185 980 3248 τοὺς
1015 3185 1088 3256 μὴ
1117 3185 1440 3256 δεχομένους
1477 3187 1952 3260 ἀναθεματίζομεν
1974 3209 1988 3224 ο

412 3277 524 3344 ἐγὼ
554 3277 610 3330 δέ
639 3279 889 3346 παριστῶ
911 3295 993 3333 σοι
1028 3281 1086 3333 ἐν
1108 3281 1172 3351 τῇ
1216 3281 1451 3352 Παλαιᾷ,
1489 3282 1572 3335 ὅτι
1603 3283 1933 3353 προσέταξεν
1962 3285 1990 3337 ό

409 3369 543 3432 Θεὸς
571 3373 743 3423 ποιεῖν
772 3371 986 3435 εἰκόνας
1009 3388 1022 3401 ⁸
1060 3372 1279 3442 πρῶτον
1309 3373 1410 3444 μὲν
1439 3373 1610 3444 αὑτὴν
1632 3374 1731 3444 τὴν
1760 3375 1985 3447 σκηνὴν,

410 3460 505 3513 καὶ
537 3462 718 3515 πάντα
741 3462 807 3516 τὰ
834 3463 965 3519 ὄντα
993 3464 1050 3516 ἐν
1082 3464 1241 3535 αὑτῇ.
1277 3465 1386 3518 Καὶ
1410 3466 1467 3519 ἐν
1489 3467 1600 3530 τοῖς
1631 3467 1989 3536 Εύαγγελίοις

410 3549 574 3614 αὑτὸς
601 3552 629 3602 ό
652 3551 878 3623 Κύριος,
911 3555 1023 3616 τοῖς
1049 3553 1420 3625 πειραστικῶς
1465 3556 1826 3626 ἐρωτήσασιν,
1869 3577 1886 3609 ι
1922 3560 1985 3612 Εἰ

408 3641 586 3705 ἔξεστι
621 3643 859 3714 Καίσαρι
889 3643 1070 3701 δοῦναι
1101 3647 1342 3714 κῆνσονς
1381 3665 1398 3698 ι
1429 3641 1583 3701 εἶπεν
1604 3665 1615 3678 ·
1653 3668 1672 3700 ι
1723 3651 1984 3722 Ἀγάγετέ

414 3749 504 3800 μοι
526 3732 588 3786 τὸ
610 3734 872 3804 νόμισμα.
903 3753 921 3788 ι
956 3737 1065 3788 Καὶ
1097 3735 1384 3802 ὑπέδειξαν
1416 3737 1566 3809 αὐτῷ
1591 3739 1866 3811 δηνάριον,
1895 3745 1987 3798 καὶ

407 3822 693 3893 ἠρώτησεν
715 3825 933 3892 αὐτοὺς,
966 3844 985 3877 ι
1023 3826 1178 3891 Τίνος
1204 3828 1390 3882 εἰκόνα
1420 3828 1561 3900 ἔχεις
1598 3849 1616 3880 ι
1643 3833 1706 3884 Oi
1736 3833 1791 3885 δὲ
1810 3829 1986 3902 εἷπον,

415 3935 434 3965 ι
473 3916 768 3987 Καίσαρος.
799 3937 819 3971 ι
856 3919 966 3972 Καὶ
995 3913 1167 3985 εἶπεν,
1206 3937 1226 3971 ι
1277 3919 1530 3973 Ἀπόδοτε
1565 3920 1634 3974 τὰ
1660 3922 1755 3975 τοῦ
1781 3925 1989 3980 Καίσα-

413 4025 524 4074 ρος,
553 4010 819 4081 Καίσαρι,
865 4011 958 4064 καὶ
1004 4009 1072 4064 τὰ
1109 4009 1205 4063 τοῦ
1238 4010 1396 4077 Θεοῦ,
1425 4011 1504 4081 τῷ
1533 4011 1670 4084 Θεῷ.
1704 4033 1722 4065 ι
1770 4017 1986 4089 Ἐπειδὴ

409 4099 595 4153 εἰκόνα
623 4100 902 4170 Καίσαρος
934 4100 1069 4172 ἔχει,
1125 4101 1405 4172 Καίσαρός
1449 4104 1586 4168 ἐστι,
1625 4105 1718 4160 καὶ
1757 4107 1984 4162 ἀπόδοτε

412 4187 687 4259 Καίσαρι·
723 4189 818 4242 καὶ
841 4190 939 4260 τὴν
972 4190 1157 4246 εἰκόνα
1180 4190 1443 4263 Χριστοῦ,
1473 4193 1700 4251 ἀπόδοτε
1729 4196 1980 4270 Χριστῷ·

409 4280 646 4349 Χριστοῦ
679 4282 788 4352 γάρ
822 4283 989 4336 ἐστιν.

2098 530 2406 600 cujuspiam
2455 530 2721 584 honorem
2749 534 2804 583 et
2864 527 3325 591 recordationem,
3365 540 3576 582 necnon
3603 524 3672 578 ad

2101 621 2459 692 ignominiam
2491 619 2721 686 diaboli,
2783 619 3077 690 relatreque
3105 618 3170 673 de
3197 618 3289 672 illo
3318 625 3384 671 et.
3405 615 3672 671 dzemoni-

2100 713 2203 769 bus
2263 712 2387 783 ejus
2435 712 2683 766 victoriae
2729 711 3073 776 memoriam,
3130 709 3435 765 confectam
3486 707 3674 762 divino

2097 804 2334 874 quodam
2370 802 2552 859 studio
2585 811 2639 857 et
2671 800 3175 870 ardoreimaginem
3197 798 3433 867 dejicere
3457 811 3711 869 aggres-,

2100 910 2196 952 sus
2254 894 2443 958 fuerit,
2483 908 2663 963 neque
2697 907 2815 948 eam
2865 891 3050 960 potius
3082 906 3182 945 ceu
3207 889 3565 944 veneratione
3589 887 3674 941 di-

2099 1001 2284 1058 gnam,
2317 1001 2425 1040 non
2457 993 2644 1040 tamen
2675 984 2758 1038 uti
2800 982 2994 1048 Deum,
3031 981 3248 1046 adorat,
3289 981 3418 1036 colit
3441 990 3494 1034 et
3526 993 3676 1033 com-

2099 1078 2382 1148 plectitur,
2415 1077 2700 1131 inimicum
2742 1073 2969 1139 Christi,
3012 1081 3219 1128 sanctae
3257 1071 3504 1140 Deiparae
3541 1083 3674 1124 san-

2097 1175 2429 1236 ctorumque
2482 1178 2605 1220 esse
2635 1181 2649 1230 ;
2679 1161 2886 1217 diaboli
2945 1176 3078 1217 vero
3107 1169 3160 1214 et
3217 1161 3524 1215 dmmonum
3558 1159 3679 1228 ejus

2099 1259 2370 1314 vindicem
2402 1273 2416 1310 :
2442 1256 2644 1328 quippe
2673 1255 2764 1324 qui
2793 1253 2972 1325 palam
2996 1268 3140 1323 aegre
3161 1251 3323 1315 (erat,
3345 1260 3455 1304 tam
3479 1249 3676 1323 Deum,

2097 1367 2264 1422 quam
2325 1357 2547 1406 sanctos
2581 1347 2701 1418 ejus
2729 1345 2905 1418 gloria
2932 1353 2986 1399 et
3038 1344 3249 1398 honore
3285 1339 3446 1407 allici,
3481 1341 3676 1396 diabo-

2097 1445 2211 1499 lum
2252 1457 2385 1498 vero
2414 1438 2720 1511 ignominia
2753 1435 2990 1506 aspergi.
3033 1434 3168 1489 Nam
3197 1433 3379 1504 imago
3410 1425 3678 1500 triumphi

2097 1551 2294 1609 genus,
2346 1533 2670 1595 ostentatio,
2747 1531 3197 1600 insculptumque
3257 1533 3674 1586 monumentum

2096 1637 2202 1694 est,
2236 1627 2290 1682 in
2325 1623 2645 1681 memoriam
2676 1629 2922 1678 erectum
2972 1621 3230 1684 illorum,
3265 1618 3359 1688 qui
3406 1629 3677 1688 generoso

2097 1720 2490 1790 praestantique
2523 1716 2707 1770 animo
2736 1727 2858 1770 sese
2881 1717 3196 1784 gesserunt,
3245 1711 3410 1780 inque
3438 1723 3677 1780 perenne

2025 1797 2067 1853 Β
2097 1812 2338 1869 dedecus
2392 1810 2728 1873 daemonum,
2772 1805 2867 1874 qui
2917 1805 3051 1859 victi
3101 1802 3491 1874 proﬂigalique
3519 1807 3672 1856 sunt.

2096 1904 2373 1973 Quosdam
2410 1916 2551 1971 saepe
2601 1898 2736 1965 vidi,
2781 1897 2898 1968 qui,
2939 1911 3066 1950 cum
3101 1894 3264 1950 amici
3294 1892 3568 1948 desiderio
3597 1899 3674 1947 te-

2095 2003 2382 2060 nerentur,
2417 1994 2464 2049 si
2487 2001 2699 2048 vestem
2746 1990 2866 2059 ejus
2899 1987 3310 2056 conspicerent,
3346 1985 3490 2038 haud
3514 1984 3676 2038 aliter

2093 2084 2242 2140 illam
2293 2092 2458 2152 atque
2489 2080 2726 2135 amicum
2766 2078 2948 2148 ipsum
2981 2077 3161 2132 oculis
3193 2082 3246 2131 et
3274 2075 3434 2130 labiis
3481 2090 3677 2143 prose-

2094 2179 2419 2244 querentur.
2475 2170 2794 2233 Omnibus,
2853 2166 3160 2223 secundum
3219 2166 3456 2235 apostoli
3515 2163 3674 2220 Pauli

2094 2263 2460 2326 sententiam,
2514 2258 2743 2314 reddere
2773 2256 3023 2313 debitum
3086 2263 3306 2327 oportet
3349 2273 3361 2310 :
3400 2274 3418 2308 ι
3443 2253 3548 2310 Cui
3577 2255 3676 2310 ho-

2093 2369 2305 2420 norem,
2346 2354 2649 2417 honorem;
2711 2364 2775 2405 ac
2825 2350 2942 2420 regi
2991 2347 3214 2419 quidem
3255 2348 3413 2418 quasi
3444 2346 3675 2417 praecel-

2095 2446 2268 2512 lenti;
2302 2444 2539 2500 ducibus
2611 2457 2764 2509 vero,
2822 2449 3090 2511 tanquam
3140 2439 3210 2496 ab
3245 2453 3310 2494 eo
3359 2436 3672 2504 missis”,i

2096 2537 2395 2606 unicuique
2430 2549 2534 2606 pro
2589 2534 2882 2606 dignitatis
2924 2533 3046 2604 ejus
3083 2534 3318 2587 ratione.
3421 2575 3425 2580 .

2166 2627 2255 2680 11.
2312 2623 2576 2689 Ubinam,
2632 2624 2889 2690 obsecro,
2939 2623 2996 2677 in
3056 2620 3244 2678 Veteri
3298 2618 3675 2687 Testamento,

2096 2727 2190 2775 aut
2243 2719 2299 2773 in
2337 2715 2638 2786 Evangelio
2701 2713 2994 2770 Trinitatis
3055 2728 3280 2781 nomen,
3311 2723 3406 2767 aut
3431 2713 3676 2769 consub-

2094 2808 2375 2874 stantiale,
2408 2813 2502 2860 aut
2531 2820 2697 2859 unam
2730 2804 2962 2878 Deitatis
2999 2811 3257 2857 naturam
3292 2804 3500 2858 diserte
3529 2801 3668 2857 scri-

2094 2909 2243 2972 ptam
2319 2896 2636 2968 repereris?
2699 2893 2803 2950 Ubi
2855 2905 2969 2950 tres
3031 2895 3360 2964 hypostases
3427 2894 3677 2964 ipsismet

2094 3003 2386 3062 expressas
2410 2986 2618 3052 verbis,
2657 2992 2753 3040 aut
2785 3000 2954 3039 unam
2985 2984 3196 3040 Christi
3231 2999 3552 3054 personam,
3580 2991 3675 3036 aut

2095 3083 2368 3155 duplicem
2421 3077 2728 3134 naturam?
2785 3076 3012 3148 Verum,
3089 3077 3218 3147 quia
3274 3077 3452 3131 sancti
3480 3075 3674 3156 lfatres

2097 3191 2163 3233 ex
2205 3174 2393 3230 verbis
2429 3172 2539 3226 vim
2578 3169 3256 3246 eamdem'obtinentibus,
3287 3184 3406 3238 qua:
3435 3169 3488 3221 in
3523 3166 3674 3222 Scri-

2097 3275 2258 3340 ptura
2288 3266 2571 3336 leguntur,
2600 3262 2718 3317 haec
2753 3261 2941 3316 omnia
2969 3259 3330 3324 deﬁnierunt,
3375 3259 3582 3312 idcirco
3607 3271 3670 3313 ea

2097 3359 2454 3430 suscipimus,
2508 3355 2751 3425 illosque
2801 3351 2906 3424 qui
2929 3365 3041 3404 non
3091 3349 3414 3415 admittunt,
3444 3349 3674 3404 anathe-

2095 3461 2242 3507 mate
2290 3450 2541 3506 ferimus.
2598 3445 2712 3516 Ego
2764 3458 2909 3513 vero
2965 3441 3066 3496 tibi
3124 3440 3447 3495 demonstro
3497 3438 3671 3494 Deum

2094 3545 2256 3617 352
2278 3545 2332 3598 in
2352 3539 2537 3596 Veteri
2559 3537 2915 3604 Testamento
2936 3533 3306 3598 mandavisse,
3327 3541 3385 3587 ut
3406 3533 3672 3604 imagines

2095 3637 2525 3694 fabricarentur.
2571 3630 2708 3686 Nam
2760 3633 3001 3702 primum
3046 3628 3262 3700 quidem
3311 3627 3571 3698 praecepit
3613 3635 3670 3681 ut

2096 3727 2535 3788 tabernaculum,
2568 3731 2623 3780 et
2653 3738 2777 3793 quae
2810 3723 2866 3777 in
2915 3721 3037 3793 ipso
3070 3727 3252 3782 erant,
3276 3727 3672 3774 construeren-

2096 3833 2208 3880 tur.
2251 3820 2305 3874 In
2369 3816 2685 3888 Evangeliis
2751 3830 2886 3870 vero
2940 3814 3209 3868 Dominus
3260 3815 3400 3882 ipse,
3433 3812 3544 3866 illis
3574 3811 3669 3882 qui

2098 3909 2340 3969 tentandi
2377 3922 2545 3963 causa
2576 3922 2640 3961 ex
2685 3921 2744 3960 se
2772 3904 3042 3960 sciscitati
3072 3910 3231 3958 erant
3265 3921 3276 3955 :
3315 3919 3333 3952 ι
3358 3899 3496 3955 Num
3536 3901 3672 3956 lice-

2095 4013 2179 4061 ret
2216 4016 2444 4058 censum
2477 4000 2611 4054 dare
2651 3996 2889 4060 Caesari,
2923 3995 3057 4049 dixit
3092 4015 3103 4050 :
3134 3994 3341 4049 All‘erte
3385 3993 3518 4048 mihi
3569 4008 3671 4046 nu-

2097 4097 2315 4152 misma.
2357 4111 2376 4145 ι
2406 4090 2653 4160 Cumque
2708 4086 2998 4142 denarium
3059 4065 3460 4148 ostendissent,
3491 4098 3558 4137 ex
3587 4081 3668 4137 eis

2092 4187 2343 4260 quaesivit
2392 4183 2688 4255 cujusnam
2731 4179 2961 4235 haberet
3015 4177 3333 4246 imaginem.
3372 4175 3483 4228 Illis
3534 4188 3666 4230 vero

2087 4281 2576 4358 respondentibus,
2626 4295 2645 4328 ι
2677 4273 2939 4336 Caesaris,
2979 4289 2998 4323 ι
3035 4271 3112 4323 ait
3155 4287 3169 4322 :
3212 4289 3230 4320 ‹
3271 4268 3505 4324 Reddite
3534 4284 3669 4339 ergo

409 4388 531 4438 quae
557 4382 687 4428 sunt
713 4374 969 4442 Caesaris,
998 4375 1199 4430 Caesari
1232 4393 1249 4430 :
1275 4385 1328 4433 et
1356 4393 1477 4447 quae
1495 4379 1758 4450 suntDei,
1784 4382 1892 4439 Deo
1919 4382 2174 4451 ".aQnia
2214 4373 2449 4434 Cesaris
2476 4371 2641 4424 habet
2670 4366 2992 4435 imaginem,
3020 4360 3258 4417 Caesaris
3288 4368 3392 4426 est,
3425 4359 3670 4432 adeoque

410 4464 613 4518 Czesari
647 4466 899 4520 reddite:
937 4466 1010 4521 ita
1050 4467 1257 4524 Christi
1296 4483 1515 4540 quoque
1548 4471 1840 4543 imaginem
1880 4476 2100 4532 Christo
2135 4467 2346 4526 reddite
2379 4482 2394 4518 :
2427 4459 2635 4516 Christi
2677 4457 2880 4528 quippe
2909 4460 3012 4509 θεί-

486 4555 572 4625 ιβ’.
621 4555 682 4608 '0
713 4557 918 4626 Κύριος
972 4559 1293 4628 μακαρίζων
1339 4564 1465 4626 τοὺς
1520 4564 1792 4635 μαθητὰς,
1824 4563 1983 4622 εἴπεο

2163 4560 2252 4614 ιε.
2284 4553 2540 4612 Christus
2562 4547 2868 4616 discipulos
2893 4544 3084 4599 beatos
3107 4543 3414 4614 appellans,
3447 4545 3664 4600 aiebat:

415 4670 433 4700 ‹
469 4647 662 4701 Πολλοὶ
697 4647 939 4718 βασιλεῖς
979 4649 1071 4702 καὶ
1100 4650 1380 4721 προφῆται
1400 4654 1754 4726 ἐπεθύμησαν
1789 4657 1918 4711 ἰδεῖν
1947 4659 1983 4714 ἃ

412 4740 660 4810 βλέπετε,
692 4738 788 4793 καὶ
816 4738 917 4792 οὑκ
955 4735 1115 4806 εἶδον,
1150 4743 1246 4796 καὶ
1276 4743 1506 4798 ἀκοῦσαι
1540 4746 1576 4800 ἆ
1608 4748 1857 4812 ἀκούετε,
1892 4752 1985 4805 καὶ

407 4833 508 4886 οὑκ
540 4833 804 4904 ἥκουσαν.
846 4831 1035 4902 ’Υμῶν
1069 4833 1124 4887 δὲ
1165 4835 1424 4906 μακάριοί
1452 4839 1588 4892 εἰσιν
1611 4840 1660 4892 οἱ
1690 4841 1982 4912 ὀφθαλμοὶ,

408 4917 490 4970 ὅτι
515 4917 791 4987 βλέπουσι,
823 4919 920 4973 καὶ
941 4921 1011 4976 τὰ
1035 4912 1172 4987 ὦτα,
1199 4924 1282 4977 ὅτι
1309 4923 1618 4981 ἀκούουσιν.
1658 4947 1676 4980 ι
1712 4926 1864 4983 Εἶδον
1890 4927 1984 4985 οὖν

407 5009 457 5061 οἱ
486 5009 777 5063 ἀπόστολοι
817 5010 1149 5080 σωματικῶς
1177 5012 1267 5065 τὸν
1297 5013 1556 5083 Χριστὸν,
1583 5017 1676 5069 καί
1713 5017 1782 5070 τὰ
1811 5018 1980 5089 πάθη,

410 5103 502 5156 καὶ
526 5102 594 5156 τὰ
628 5101 883 5173 θαύματα
915 5103 1101 5171 αὑτοῦ,
1137 5104 1232 5158 καὶ
1269 5105 1512 5175 ἦκουσαν
1542 5106 1650 5162 τῶν
1674 5108 1850 5177 λόγων
1887 5112 1983 5164 αὺ-

407 5193 503 5246 τοῦ
524 5211 537 5225 ο
574 5193 951 5265 ἐπιθυμοῦμεν
970 5196 1066 5249 καὶ
1098 5197 1259 5267 ἡμεῖς
1295 5197 1446 5263 ἰδεῖν,
1479 5199 1574 5251 καὶ
1605 5197 1868 5267 ἀκοῦσαι,
1890 5203 1982 5254 καί

413 5282 840 5353 μακαρισθῆναι.
875 5283 1025 5339 Εἶδον
1064 5289 1262 5341 ἐκεῖνοι
1296 5289 1586 5357 πρόσωπον
1643 5293 1777 5362 πρὸς
1813 5293 1982 5364 πρόσ-

410 5383 578 5431 ωπον,
629 5368 814 5439 ἐπειδὴ
865 5372 1044 5442 παρῆν
1100 5375 1458 5444 σωματικῶς’
1493 5379 1652 5448 ἡμεῖς
1685 5379 1761 5445 δὲ,
1795 5381 1981 5453 ἐπειδὴ

414 5460 742 5527 σωματικῶς
771 5461 831 5512 ού
855 5462 1140 5533 πάρεστιν,
1166 5467 1352 5537 ὥσπερ
1377 5470 1462 5522 διὰ
1487 5469 1684 5540 βίϐλων
1713 5474 1982 5544 ἀκούομεν

413 5549 521 5602 τῶν
550 5549 723 5620 λόγων
749 5554 935 5620 αὑτοῦ,
963 5557 1054 5609 καὶ
1082 5559 1424 5631 ἁγιαζόμεθα
1455 5564 1552 5632 τὴν
1583 5565 1768 5636 ἀκοὴν,
1799 5569 1891 5620 καὶ
1915 5568 1979 5619 δι’

2077 4674 2116 4724 ἢ(
2144 4649 2299 4707 Multi
2325 4659 2482 4717 reges
2505 4652 2559 4699 et
2583 4641 2868 4713 prophetae
2895 4637 3191 4708 cupierunt
3221 4637 3405 4692 videre
3427 4653 3546 4707 quae
3570 4654 3668 4693 vos

2090 4741 2309 4807 videtis,
2343 4747 2400 4795 et
2444 4751 2552 4792 non
2607 4733 2866 4789 viderunt
2906 4749 2921 4787 :
2954 4737 3010 4786 et
3057 4731 3249 4785 audire
3288 4745 3410 4801 quae
3439 4731 3664 4796 auditis,

2089 4845 2145 4892 et
2184 4849 2296 4890 non
2325 4832 2640 4888 audierunt.
2687 4826 2869 4884 Vestri
2926 4833 3107 4880 autem
3157 4824 3306 4887 oculi
3337 4825 3502 4892 beati,
3539 4829 3666 4896 quia

2091 4927 2295 4993 vident,
2326 4933 2381 4982 et
2403 4938 2584 4988 aures,
2620 4921 2750 4991 quia
2804 4917 3037 4974 audiunt
3061 4916 3130 4971 ⁵⁷.
3161 4934 3179 4969 ι
3215 4915 3463 4984 Apostoli
3498 4918 3667 4987 igitur

2091 5020 2379 5092 corporeis
2411 5015 2589 5072 oculis
2620 5013 2905 5071 Christum
2931 5011 3218 5076 viderunt,
3252 5011 3483 5082 ejusque
3514 5009 3666 5065 labo-

2093 5127 2185 5170 res
2216 5120 2271 5169 et
2295 5109 2558 5167 miracula
2581 5150 2596 5174 ,
2642 5122 2704 5161 ac
2769 5119 3054 5160 sermones
3087 5103 3418 5159 audierunt:
3447 5115 3547 5156 nos
3567 5114 3663 5168 pa-

2090 5207 2224 5264 riter
2267 5213 2323 5260 et
2385 5204 2572 5258 videre
2633 5199 2912 5268 cupimus,
2953 5203 3009 5251 et
3042 5194 3377 5254 auscultare,
3437 5200 3662 5259 tumque

2088 5299 2228 5354 adeo
2271 5297 2413 5353 beati
2442 5295 2655 5349 audire.
2711 5289 3027 5346 Cernebant
3057 5286 3140 5340 illi
3183 5283 3320 5337 facie
3342 5282 3406 5336 ad
3435 5279 3656 5344 faciem,
3713 5323 3725 5358 ,_

2089 5388 2217 5456 quia
2248 5400 2482 5457 corpore
2541 5396 2785 5454 prmsens
2820 5388 2938 5435 erat
2975 5394 2988 5430 :
3025 5389 3126 5430 nos
3161 5381 3342 5427 autem
3373 5370 3502 5440 quia
3533 5383 3658 5424 cor-

2090 5494 2221 5548 pore
2271 5491 2511 5548 praesens
2559 5490 2668 5530 non
2718 5479 2825 5535 est,
2884 5464 3342 5540 quemadmodum
3390 5477 3457 5518 ex
3503 5461 3658 5517 libris

2094 5583 2374 5624 sermones
2427 5568 2547 5634 ejus
2609 5561 2886 5622 audimus,
2918 5568 2973 5614 et
3010 5567 3122 5611 tum
3151 5554 3331 5624 quoad
3388 5553 3655 5620 auditum,

482 5724 525 5758 ³⁵
563 5725 720 5783 Rom.
781 5743 898 5793 χιιι,
935 5731 1006 5795 7;
1049 5731 1065 5784 l
1101 5731 1245 5788 l‘ctr.
1286 5750 1342 5799 ii,
1385 5740 1463 5803 1'6,
1513 5740 1591 5793 14.
1677 5743 1722 5773 "-‘
1761 5743 1947 5798 Matth.

2093 5761 2125 5812 ι,
2171 5744 2346 5799 lli—‘21.
2430 5745 2472 5775 ⁵⁷
2515 5737 2965 5807 Maltli.xm,16,
3006 5737 3090 5792 l7.
