4074 6146
445 295 585 359 1335

1641 305 1700 362 S.
1741 304 2060 365 JOANNIS
2093 304 2523 367 DAMASCENI

3558 295 3696 361 i336

443 418 499 465 et
561 411 680 480 ipso
743 408 934 465 auditu
991 409 1176 479 quoad
1228 409 1470 466 animam
1527 414 1705 469 sancti
1734 414 2016 478 efﬁcimur,

2136 415 2292 486 ιύτῆς
2313 417 2414 486 τὴν
2437 417 2631 488 ψυχὴν,
2658 418 2750 470 καὶ
2775 415 3213 488 μακαριζόμεθα,
3239 412 3330 465 καὶ
3362 409 3696 481 προσκυνοῦ-

447 503 703 576 beatique
766 506 1038 574 dicimur;
1075 506 1148 559 ita
1192 506 1364 562 libros
1419 521 1642 577 quoque
1691 522 1759 562 ex
1813 506 2020 577 quibus

443 613 733 653 sermones
753 597 901 652 illius
927 599 1285 668 percipimus,
1309 607 1640 656 venerantes
1677 600 1978 654 adoramus
2003 617 2017 664 ;

442 690 631 744 eodem
688 688 852 742 modo
899 704 997 758 per
1054 689 1354 759 imaginum
1409 690 1683 760 picturam
1738 701 2022 758 corporeae

445 781 593 835 illius
627 779 836 851 figuras,
869 781 1268 835 miraculorum
1311 781 1769 850 cruciatuumque
1809 778 2019 834 descri-

446 871 688 940 ptionem
721 887 1038 942 expressam
1068 872 1498 941 conspicientes,
1529 873 1879 926 sanctitatem
1905 871 2022 924 adi-

446 961 733 1030 piscimur,
766 963 954 1017 laetitia
1001 964 1376 1025 cumulamur,
1420 979 1486 1017 ac
1543 963 1687 1017 beati
1737 963 2015 1027 audimus,

445 1062 558 1105 tum
619 1054 855 1109 subinde
907 1070 1228 1124 corpoream
1261 1057 1441 1127 ipsius
1494 1055 1727 1126 figuram
1762 1055 2019 1119 colimus,

445 1159 771 1204 veneramur
828 1155 883 1200 et
938 1146 1256 1202 adoramus.
1309 1147 1478 1217 Atqui
1505 1147 1845 1216 corporalem
1902 1145 2023 1214 ejus

447 1236 676 1306 figuram
732 1238 1198 1306 contemplantes,
1232 1239 1408 1308 ipsius
1452 1252 1675 1307 quoque
1712 1237 2022 1291 divinitatis

448 1329 702 1398 gloriam,
739 1331 917 1398 quoad
953 1330 1067 1386 fieri
1133 1340 1331 1400 potest,
1365 1340 1548 1386 mente
1578 1330 2018 1400 complectimur.

447 1419 611 1486 Nam,
677 1422 804 1490 quia
832 1421 1068 1491 duplicis
1124 1424 1446 1478 substantia:
1484 1437 1696 1485 sumus,
1735 1437 1799 1475 ex
1840 1419 2021 1474 anima

449 1519 644 1575 nempe
683 1515 738 1561 et
771 1522 1002 1578 corpore
1059 1511 1376 1580 compositi,
1439 1524 1543 1564 nec
1590 1510 1771 1562 anima
1831 1517 2021 1562 nostra

450 1596 594 1650 nuda
657 1613 886 1667 prorsus
942 1608 1050 1664 est,
1089 1601 1186 1657 sed
1221 1602 1370 1656 velut
1418 1609 1739 1670 tegumento
1774 1599 2019 1670 quodam

449 1687 754 1756 obvelat'ur,
787 1691 992 1746 idcirco
1022 1693 1139 1748 fieri
1178 1707 1527 1763 nequaquam
1560 1701 1764 1762 potest,
1796 1700 1855 1745 ut
1892 1691 2022 1745 abs-

2123 521 2244 574 μεν,
2267 506 2534 574 τιμῶντες
2573 507 2674 571 τὰς
2699 508 2935 579 βίϐλους,
2968 507 3038 560 δι’
3057 500 3133 560 ὧν
3163 504 3439 574 ἀκούομεν
3471 501 3578 554 τῶν
3606 499 3698 554 λό-

2118 611 2231 662 γων
2271 597 2436 650 αὑτοῦ
2459 613 2472 628 ο
2508 597 2682 663 οὕτως
2711 599 2804 652 καὶ
2835 599 2922 652 διά
2959 597 3180 669 γραφῆς
3205 594 3427 648 εἰκόνων
3457 590 3700 660 θεωροῦ-

2122 704 2220 756 μεν
2240 687 2299 740 τδ
2326 689 2625 759 ἐκτύπωμα
2658 690 2753 743 τοῦ
2788 688 3104 762 σωματικοῦ
3127 685 3482 758 χαρακτῆρος
3506 679 3697 744 αὐτοῦ,

2119 779 2213 831 καὶ
2248 779 2360 832 τῶν
2401 781 2698 850 θαυμάτων
2739 784 2831 836 καὶ
2860 781 2969 835 τῶν
2994 780 3338 850 παθημάτων
3361 775 3551 835 αύτοῦ,
3603 775 3700 826 καὶ

2119 870 2480 941 ἀγιαζόμεθα,
2510 876 2603 927 καὶ
2635 873 3152 946 πληροφορούμεθα,
3177 872 3271 924 καὶ
3295 869 3582 940 χαίρομεν,
3604 865 3701 916 καὶ

2125 965 2563 1034 μακαριζόμεθα,
2596 968 2690 1020 καὶ
2714 967 2966 1038 σέϐομεν,
2991 965 3086 1018 καὶ
3111 963 3384 1034 τιμῶμεν,
3420 960 3515 1013 καὶ
3532 973 3703 1026 προσ-

2121 1055 2390 1125 κυνοῦμεν
2422 1057 2512 1108 τὸν
2541 1057 2866 1128 χαρακτῆρα
2895 1055 3061 1110 αὑτοῦ
3085 1055 3175 1107 τὸν
3202 1051 3531 1122 σωματικόν.
3551 1049 3700 1100 02w-

2123 1147 2345 1222 ροῦντες
2365 1150 2421 1202 δὲ
2453 1149 2546 1202 τὸν
2574 1148 2893 1217 σωματικὸν
2923 1145 3248 1217 χαρακτῆρα
3269 1141 3456 1206 αὑτοῦ,
3487 1138 3705 1193 ἐννοοῦ-

2124 1260 2226 1312 μεν
2249 1242 2323 1304 ὡς
2363 1241 2589 1294 δυνατὸν
2616 1242 2711 1294 καὶ
2745 1239 2843 1309 τὴν
2879 1239 3039 1304 δόξαν
3090 1239 3189 1307 τῆς
3223 1235 3478 1302 θεότητος
3511 1229 3700 1284 αὐτοῦ.

2134 1334 2352 1404 Ἐπειδὴ
2406 1334 2516 1400 γάρ
2553 1331 2735 1384 διπλοῖ
2785 1331 2976 1400 ἐσμεν,
3005 1332 3070 1383 ἐκ
3113 1327 3300 1398 ψυχῆς
3329 1325 3421 1378 καὶ⁵
3451 1323 3706 1394 σώματος

2122 1422 2650 1493 κατεσκευασμένοι,
2683 1422 2779 1474 καὶ
2808 1421 2868 1473 οὐ
2893 1437 2961 1489 γυ
2972 1417 3264 1490 μνή’ήμῶν
3297 1419 3443 1469 ἐστιν
3470 1416 3502 1484 ἡ
3528 1413 3703 1484 ψυχὴ,

2122 1517 2240 1570 ἀλλ’
2269 1517 2344 1577 ὡς
2377 1514 2483 1568 ὑπὸ
2532 1513 3007 1584 παραπετάσματι
3050 1510 3406 1569 καλύπτεται,
3437 1503 3706 1558 ἀδύνατον

2123 1607 2270 1675 ἡμᾶς
2317 1605 2475 1667 ἐκτὸς
2507 1603 2620 1655 τῶν
2665 1601 2999 1672 σωματικῶν
3050 1599 3225 1652 ἐλθεῖν
3265 1598 3358 1648 ἐπὶ
3395 1594 3461 1647 τὰ
3507 1594 3701 1662 νοητά.

2128 1698 2342 1766 ’Ὠσπερ
2360 1691 2452 1748 οὖν
2471 1694 2559 1747 διὰ
2583 1693 2757 1760 λόγων
2790 1692 3064 1760 αἰσθητῶν
3089 1689 3361 1757 ἀκούομεν
3386 1686 3486 1738 ὠσὶ
3516 1701 3707 1752 omita—

449 1797 554 1852 que
576 1797 967 1852 eorporearum
1024 1799 1210 1839 rerum
1258 1798 1445 1854 opera,
1469 1783 1538 1838 ad
1567 1783 1877 1853 spiritualia
1904 1797 2024 1852 per-

2136 1785 2314 1846 ιικοῖς,
2351 1782 2443 1835 καὶ
2477 1781 2708 1852 νοοῦμεν
2730 1782 2800 1834 τά
2836 1778 3204 1850 πνευματικὰ,
3230 1776 3372 1828 οὕτω
3401 1775 3490 1828 διὰ
3518 1790 3710 1842 σωμα-

450 1873 745 1943 tingamus.
781 1873 938 1928 Sicut
965 1888 1095 1945 ergo
1127 1889 1232 1944 per
1279 1873 1566 1930 sensibilia
1600 1873 1765 1927 verba
1791 1871 2025 1926 auribus

2136 1875 2283 1942 ιικῆς
2317 1873 2553 1942 θεωρίας
2585 1872 2858 1943 ἐρχόμεθα
2898 1872 2990 1924 ἐττί
3029 1871 3128 1940 τὴν
3169 1865 3542 1936 πνευματικὴν
3568 1864 3710 1916 θεω-

449 1965 699 2034 corporis
763 1965 1040 2028 audimus,
1109 1973 1274 2034 atque
1311 1979 1376 2018 ea
1407 1979 1530 2031 quae
1559 1963 1862 2033 spiritualia
1894 1971 2025 2018 sunt

450 2051 836 2122 intelligimus;
872 2053 951 2106 sic
1015 2068 1114 2122 per
1150 2067 1471 2122 corporeum
1510 2067 1734 2122 quoque
1761 2051 2027 2106 intuitum

450 2142 519 2196 ad
532 2143 867 2212 spiritualem
890 2143 1404 2214 contemplationem
1424 2143 2033 2214 progredimur.0uam-

449 2230 636 2284 obrem
695 2245 896 2300 corpus
978 2237 1032 2286 et
1085 2232 1325 2285 animam
1376 2232 1634 2288 Christus
1699 2233 2025 2301 assumpsit,

449 2321 579 2388 quia
611 2321 776 2376 homo
832 2337 1068 2393 corpore
1099 2333 1265 2394 atque
1295 2325 1478 2380 anima
1534 2335 1750 2380 constat
1765 2326 1834 2378 ⁸⁸.
1868 2324 2026 2381 Unde

451 2411 647 2482 duplex
682 2413 841 2469 etiam
878 2424 963 2470 est
1010 2416 1342 2485 baptismus,
1388 2432 1457 2472 ex
1483 2432 1627 2487 aqua
1661 2418 1926 2472 nimirum
1966 2427 2022 2474 et

453 2503 649 2572 spiritu
688 2523 701 2557 :
741 2505 824 2558 sic
877 2506 1088 2574 pariter
1139 2507 1491 2573 communio,

2128 1966 2269 2038 ρίαν.
2302 1963 2402 2016 Διὰ
2421 1962 2581 2016 τοῦτο
2595 1962 2757 2032 σῶμα
2776 1966 2874 2014 καὶ
2889 1960 3069 2029 ψυχὴν
3094 1956 3357 2011 ἀνέλαϐεν
3389 1957 3418 2008 6
3441 1952 3708 2024 Χριστὸς,

2127 2055 2318 2125 ἐπειδὴ
2352 2053 2515 2123 σῶμα
2535 2054 2633 2106 καὶ
2660 2053 2843 2124 ψυχὴν
2863 2052 2979 2121 ἔχει
3008 2053 3036 2104 6
3069 2049 3357 2120 ἄνθρωπος
3379 2065 3392 2076 ·
3431 2046 3517 2098 διὰ
3545 2043 3712 2097 τοῦτο

2128 2147 2225 2200 καὶ
2257 2145 2321 2198 τὸ
2345 2145 2630 2216 βάπτισμα
2662 2141 2906 2207 διπλοῦν,
2939 2142 2997 2209 ἐξ
3024 2140 3216 2203 ὓδατος
3243 2139 3339 2192 καὶ
3367 2137 3709 2208 πνεύματος,

2130 2237 2228 2290 καὶ
2252 2237 2289 2306 ἠ
2333 2234 2614 2296 κοινωνία,
2663 2234 2761 2286 καὶ
2791 2235 2825 2304 ἡ
2853 2232 3154 2304 προσευχὴ,
3188 2231 3283 2284 καὶ
3313 2233 3348 2301 ἡ
3394 2228 3710 2300 ψαλμῳδία,

2129 2326 2310 2379 πάντα
2335 2325 2523 2389 διπλᾶ,
2555 2324 2846 2394 σωματικά
2885 2323 2982 2376 καὶ
3007 2321 3379 2393 πνευματικὰ,
3404 2320 3502 2372 καὶ
3546 2318 3712 2387 φῶτα

2127 2417 2225 2470 καὶ
2246 2417 2592 2487 θυμιάματα.

1566 2521 1782 2576 preces,
1824 2514 1880 2562 et
1937 2508 2276 2576 psalmorum
2329 2514 2550 2571 cantus,
2605 2504 2848 2575 duplicia
2935 2519 3157 2574 quoque
3217 2511 3378 2569 sunt,
3441 2515 3718 2574 corpore:

452 2593 691 2647 simulet
719 2593 1062 2662 spiritualia;
1095 2597 1462 2651 consimiliter
1520 2595 1818 2649 luminaria
1838 2605 1894 2651 et
1925 2596 2254 2653 summe-uta.

525 2709 614 2768 15.
649 2708 728 2762 Ad
753 2708 867 2764 haec
904 2709 1154 2764 diabolus
1209 2709 1348 2763 nihil
1372 2709 1442 2763 de
1477 2709 1692 2763 caeteris
1739 2709 2032 2774 sollicitus,

454 2799 509 2854 in
544 2801 691 2855 solas
725 2801 992 2872 imagines
1033 2801 1375 2868 insurrexit;
1401 2808 1664 2871 tantaque
1692 2803 1749 2856 in
1795 2803 1922 2855 illas
1944 2816 2035 2854 ar-

458 2890 550 2945 det
584 2890 816 2956 invidia,
860 2901 918 2946 ut
942 2893 996 2946 in
1016 2890 1182 2946 Prato
1206 2893 1386 2946 sancti
1421 2892 1718 2964 Sophronii
1761 2892 2032 2948 llicroso-

461 2983 732 3054 lymorum
764 2983 1096 3051 patriarcha:
1145 2983 1250 3038 hoc
1283 2985 1549 3054 scriptum
1576 2985 1732 3040 sit”.
1771 3004 1790 3036 ι
1813 2984 2032 3039 Narra-

2209 2718 2294 2780 ιγ’.
2347 2712 2508 2765 Ἀλλά
2536 2711 2711 2765 πάντα
2743 2710 2935 2777 ἐάσας,
2963 2711 3106 2763 κατά
3137 2711 3312 2781 μόνων
3340 2710 3453 2764 τῶν
3484 2709 3724 2762 εἰκόνων

2133 2802 2395 2871 ὥρμησεν
2415 2806 2444 2855 6
2464 2802 2712 2865 διάϐολος
2733 2818 2749 2833 ο
2780 2801 2875 2855 καὶ
2902 2801 3158 2864 τοσοῦτος
3183 2801 3338 2872 αὐτῷ
3369 2801 3558 2869 φθόνος
3584 2800 3722 2853 ἐστὶ

2131 2895 2272 2948 κατὰ
2301 2895 2413 2947 τῶν
2443 2895 2688 2957 εἰκόνων,
2727 2893 2805 2957 ὡς
2852 2894 2944 2947 καὶ
2992 2895 3051 2947 ἐν
3101 2893 3178 2964 τῷ
3227 2894 3584 2964 Λειμωναρίῳ
3612 2892 3719 2946 τοῦ

2131 2988 2291 3054 ἁγίου
2328 2986 2640 3056 Σωφρονίου
2670 2987 2765 3040 τοῦ
2791 2988 3132 3059 πατριάρχου
3175 2985 3588 3057 Ἰεροσολύμων,
3621 3003 3720 3053 γε-

456 3071 552 3128 bat
575 3073 746 3128 abbas
790 3072 1118 3130 Theodorus
1171 3073 1425 3140 Eliotes,
1453 3077 1511 3129 in
1540 3083 1726 3130 monte
1745 3075 2027 3130 Olivarum

2136 3077 2376 3147 γράφθαι
2403 3077 2597 3142 οὕτως’
2625 3096 2646 3128 ι
2669 3078 2896 3146 Ἔλεγεν
2913 3080 2941 3131 6
2967 3077 3144 3140 6665;
3171 3077 3448 3145 Θεόδωρος
3467 3079 3493 3129 6
3513 3075 3717 3130 Αῖλιὼεν

458 3163 734 3218 reclusum
794 3165 1091 3234 quemdam
1145 3167 1458 3232 mansisse,
1518 3169 1698 3222 virum
1754 3169 2033 3238 spirituali

2136 3185 2257 3238 της,
2287 3170 2369 3222 ὅτι
2395 3167 2466 3240 ἦν
2500 3187 2583 3234 τις
2616 3169 2933 3237 ἐγκλειστος
2958 3168 3040 3232 εἰς
3068 3169 3128 3221 τὸ
3159 3169 3286 3238 ὅρος
3315 3167 3425 3220 τῶν
3462 3167 3721 3230 Ἐλαιῶν,

459 3255 654 3309 militia
711 3256 1006 3326 insignem,
1061 3273 1224 3329 quem
1279 3259 1531 3314 libidinis
1589 3260 1802 3314 damon
1858 3260 2040 3316 modis

461 3348 717 3403 omnibus
755 3350 1128 3419 oppugnabat.
1163 3338 1302 3405 Cum
1356 3352 1405 3406 is
1437 3351 1527 3406 die
1569 3351 1804 3422 quadem
1856 3353 2042 3407 acrius

465 3442 630 3496 solito
651 3443 830 3512 ipsum
859 3450 1097 3514 urgeret,
1135 3444 1403 3512 conqueri
1437 3444 1606 3514 coepit
1638 3459 1806 3500 senex
1845 3460 1861 3496 :
1897 3443 2044 3510 Quo-

425 3554 433 3560 -
465 3547 642 3604 usque
676 3533 896 3588 tandem
932 3548 1017 3589 me
1061 3533 1329 3591 infestare
1377 3551 1487 3591 non
1523 3536 1747 3591 desines
1768 3536 1795 3589 τ
1824 3534 2042 3590 Recede

467 3623 730 3694 deinceps
777 3638 808 3678 a
860 3638 948 3678 me
979 3640 992 3678 :
1029 3639 1098 3679 en
1144 3625 1490 3681 consenuisti
1521 3641 1759 3681 mecum.
1785 3625 1890 3680 Cui
1926 3625 2042 3679 da:-

467 3729 599 3769 mon
625 3730 683 3770 se
735 3716 1099 3786 conspicuum
1126 3717 1376 3787 praebens
1406 3734 1420 3769 :
1462 3716 1619 3783 Jura,
1648 3718 1849 3788 inquit,
1883 3717 2042 3783 mihi,

467 3811 524 3858 te
547 3805 755 3859 nemini
778 3816 1126 3860 narraturum
1151 3821 1274 3876 quae
1295 3807 1390 3860 tibi
1415 3807 1608 3861 dixero
1634 3825 1648 3860 :
1685 3823 1785 3863 nec
1810 3807 2043 3878 iu353

467 3902 746 3966 posterum
787 3895 1054 3952 molestus
1109 3913 1228 3952 ero.
1278 3897 1494 3952 Juravit
1544 3915 1707 3954 senex
1743 3918 1756 3954 :
1789 3901 1886 3962 ita,
1937 3899 2046 3953 Per

469 4000 593 4042 eum
620 3982 715 4052 qui
746 3983 798 4036 in
829 3985 1064 4039 excelsis
1110 3985 1342 4052 habitat,
1383 3987 1518 4040 nulli
1549 3986 1876 4054 patefaciam
1921 4002 2046 4056 quae

469 4074 675 4131 dixeris
704 4074 860 4133 mihi.
888 4072 1023 4128 Tum
1058 4075 1295 4141 daemon,
1324 4077 1489 4141 hanc,
1515 4076 1719 4145 inquit,
1750 4077 2044 4147 imaginem

473 4167 616 4220 ultra
668 4181 738 4221 ne
769 4165 1034 4233 colueris,
1095 4181 1273 4234 neque
1311 4181 1410 4237 ego
1449 4166 1679 4236 posthac
1710 4166 1910 4221 bellum
1943 4167 2047 4222 ad-

472 4273 692 4312 versum
730 4267 785 4312 te
821 4258 1073 4313 movebo.
1109 4257 1278 4312 Porro
1337 4257 1517 4328 imago
1560 4258 1652 4312 illa
1694 4265 1900 4314 sancta:
1927 4257 2048 4312 Ma-

475 4351 570 4404 riae
617 4349 712 4404 Dei
750 4348 1046 4406 Genitricis
1093 4349 1337 4405 Dominae
1391 4360 1612 4414 nostrae,
1647 4349 1926 4407 Christum
1958 4349 2051 4406 Je-

2137 3259 2480 3330 ἀγωνιστήςο
2517 3261 2650 3312 παν).
2668 3261 2738 3292 ⁸⁹⁹
2774 3260 2831 3312 δέ
2873 3260 3019 3330 αὐτῷ
3043 3259 3300 3328 ἐπολέμει
3321 3263 3348 3312 6
3376 3259 3582 3328 δαίμων
3613 3257 3719 3327 τῆς

2142 3349 2423 3414 πορνείας.
2465 3351 2557 3402 Ἐν
2583 3352 2684 3420 μιᾷ
2725 3345 2817 3403 οὖν
2857 3351 2932 3412 ὠς
2967 3350 3218 3402 ἐπέκειτο
3245 3350 3394 3420 αὐτῷ
3446 3349 3718 3417 σφοδρῶς,

2141 3440 2354 3510 ἤρξατο
2372 3444 2402 3494 ό
2423 3441 2604 3512 γέρων
2625 3442 3012 3513 ἀποδύρεσθαι,
3043 3443 3137 3495 καὶ
3166 3443 3345 3510 λέγειν
3368 3441 3443 3511 τῷ
3463 3442 3677 3510 δαίμονι
3697 3457 3714 3469 ο

2141 3533 2290 3595 ’Ἕως
2326 3533 2458 3586 πότε
2507 3535 2610 3586 οὐκ
2654 3534 2872 3598 ἐνδίδως
2923 3552 3051 3606 μοις
3091 3535 3329 3587 Ἀπόστα
3379 3534 3568 3586 λοιπὸν
3617 3532 3723 3586 ἀπ’

2141 3623 2302 3693 ἐμοῦ,
2360 3625 2738 3695 συνεγήρασάς
2785 3642 2897 3694 μοι.
2953 3625 3205 3678 Φαίνεται
3256 3624 3404 3694 αὐτῷ
3432 3628 3459 3678 6
3502 3625 3722 3694 δαίμων

2141 3714 2596 3785 ὀφθαλμοφανῶς,
2643 3715 2853 3784 λέγων’
2889 3717 3129 3786 Ὄμοσόν
3167 3733 3256 3786 μοι
3305 3716 3388 3768 ὅτι
3414 3715 3588 3767 οὐδενὶ
3620 3715 3717 3766 λέ-

2143 3824 2279 3875 γεις,
2311 3807 2340 3860 ὃ
2372 3808 2552 3877 μέλλω
2597 3809 2778 3877 λέγειν
2813 3827 2923 3874 σοι,
2977 3811 3072 3862 καὶ
3112 3807 3298 3861 οὐκέτι
3343 3825 3421 3860 σοι
3461 3805 3713 3874 πολεμῶ.

2143 3901 2255 3953 Καὶ
2276 3898 2492 3970 ὤμοσεν
2518 3899 2668 3970 αὐτῷ
2697 3901 2725 3953 6
2745 3900 2943 3970 γέρων,
2983 3900 3065 3952 ὃτι
3095 3899 3190 3954 Ma
3228 3899 3316 3952 τὸν
3353 3895 3716 3950 κατοικοῦντα

2144 3993 2203 4044 ἐν
2238 3994 2348 4054 τοῖς
2373 3991 2638 4060 ὑψίστοις,
2663 3992 2765 4044 οὐκ
2795 3991 2936 4044 εἴπω
2958 3991 3065 4044 τινὶ
3094 3991 3237 4061 άπερ
3260 3991 3412 4060 εἴπῃς
3441 4005 3548 4058 μοι.
3570 3987 3715 4040 Τότε

2145 4081 2292 4150 λέγει
2339 4081 2489 4153 αὐτῷ
2534 4081 2832 4152 όδαίμων’
2880 4081 2974 4152 Μὴ
3026 4085 3410 4154 προσκυνήσῃς
3446 4079 3614 4149 ταύτῃ
3647 4081 3724 4150 τῇ

2146 4173 2338 4240 εἰκόνι,
2373 4173 2469 4226 καὶ
2499 4173 2684 4227 οὐκέτι
2725 4190 2807 4226 σοι
2862 4173 3181 4244 πολεμήσω.
3238 4169 3365 4242 Εἶχε
3398 4171 3454 4224 δὲ
3484 4173 3517 4241 ἡ
3553 4170 3728 4223 είκὼν

2147 4263 2472 4334 ἐκτύπωμα,
2505 4263 2604 4336 τὴν
2629 4263 2924 4317 Δέσποιναν
2975 4264 3129 4336 ἡμῶν
3162 4265 3323 4332 ἁγίαν
3356 4263 3572 4333 Μαρίαν
3619 4263 3726 4330 τὴν

2147 4355 2432 4417 Θεοτόκον,
2469 4354 2846 4425 βαστάζουσαν
2893 4356 2984 4410 τὸν
3047 4356 3252 4427 Κύριον
3292 4355 3449 4425 ήμῶν
3518 4354 3730 4424 Ἰησοῦν

474 4456 598 4495 sum
641 4442 936 4496 Dominum
963 4452 1212 4500 nostrum
1240 4444 1531 4515 gestantis,
1559 4443 1787 4514 emgiem
1813 4441 2035 4499 ferebat.

2151 4447 2408 4519 Χριστόν.
2452 4447 2550 4500 ’ἰδὲ
2585 4448 2709 4501 τίνα
2761 4447 3051 4518 μιμοῦνται
3080 4448 3129 4500 οἰ
3161 4446 3587 4518 προσκυνεῖσθαι
3627 4445 3730 4507 τὰς

477 4533 616 4588 ilinc
644 4535 868 4601 videris,
899 4550 1192 4603 quemnam
1242 4538 1546 4601 imitentur,
1584 4535 1814 4606 cujusve
1839 4537 2054 4590 instru-

479 4635 662 4680 menta
697 4627 809 4683 sint
862 4627 964 4694 illi,
1000 4628 1091 4697 qui
1132 4628 1400 4699 imagines
1432 4627 1652 4682 adorari
1732 4627 2051 4697 prohibent.

484 4715 701 4770 Daemon
741 4718 942 4792 quippe
971 4717 1216 4774 libidinis
1253 4704 1428 4775 Satius
1463 4718 1620 4773 duxit
1664 4719 1733 4773 ab
1776 4715 2052 4772 adoranda

483 4806 727 4862 Dominae
764 4815 965 4863 nostra;
997 4808 1236 4882 imagine
1275 4811 1496 4866 cessare
1558 4825 1766 4874 senem,
1795 4825 1960 4880 quam
1995 4810 2052 4863 in

485 4899 727 4956 libidinis
770 4900 1170 4958 immunditicm
1194 4903 1303 4957 labi
1339 4917 1353 4954 :
1384 4917 1508 4956 cum
1539 4917 1647 4956 non
1675 4917 1799 4957 eum
1832 4901 2044 4962 lateret,

483 4993 754 5064 ejusmodi
807 5003 1091 5065 peccatum
1162 4995 1528 5051 fornicatione
1612 4995 1769 5064 longe
1824 4993 2053 5063 gravius

484 5099 624 5142 csse.
657 5105 677 5137 ι

555 5198 641 5252 14.
699 5195 967 5253 Cazterum
1029 5198 1248 5266 quando
1301 5197 1459 5252 nobis
1483 5195 1550 5250 de
1587 5195 1822 5264 imagine
1853 5208 2038 5248 sermo

487 5296 603 5354 est;
645 5289 896 5359 agedum,
958 5288 1074 5342 lucc
1109 5288 1289 5342 fusius
1323 5297 1378 5343 et
1409 5286 1724 5358 diligentius
1753 5291 2056 5355 pertracte-

489 5394 648 5446 mus;
684 5379 870 5448 itaque
901 5379 1194 5434 dicendum
1216 5381 1341 5446 erit,
1368 5381 1422 5434 ιο
1465 5377 1727 5458 quidnam
1748 5375 1819 5430 sit
1847 5376 2054 5445 imago;

488 5466 546 5519 2°
595 5481 694 5522 cur
717 5467 860 5524 facta
902 5468 1015 5536 sit;
1057 5467 1115 5522 5°
1161 5478 1296 5541 quot
1323 5471 1434 5529 sint
1491 5467 1788 5538 imaginum
1821 5479 2057 5535 genera;

553 5621 603 5698 ⁵9
645 5625 810 5698 Greg.
844 5627 978 5683 Νη.
1007 5629 1161 5687 Orat.
1194 5630 1260 5687 de
1301 5629 1446 5698 bapt.

496 5695 710 5770 τρόπῳῖ
739 5695 894 5751 Eutr.

1554 5629 1598 5660 “9
1629 5627 1855 5683 Pratum
1889 5626 2202 5698 spirituafe;
2239 5629 2304 5685 de
2339 5645 2444 5699 quo
2478 5628 2679 5692 videsis
2725 5635 2866 5683 orat.
2921 5629 2966 5681 l.

2150 4540 2368 4603 εἰκόνας
2416 4539 2738 4603 κωλύοντες,
2769 4540 2864 4594 καὶ
2894 4541 3041 4602 τίνος
3080 4541 3222 4592 εἰσὶν
3253 4538 3496 4609 ὄργανα·
3546 4539 3574 4588 6
3618 4537 3733 4606 γὰρ

2149 4631 2356 4703 δαίμων
2411 4632 2511 4702 τῆς
2544 4631 2806 4704 πορνείας
2856 4632 3144 4702 ᾑρετίσατο
3173 4630 3251 4701 μὴ
3297 4628 3734 4700 προσκυνεῖσθαι

2151 4721 2250 4792 τὴν
2281 4723 2464 4775 εἰκόνα
2494 4722 2591 4792 τῆς
2621 4722 2937 4792 Δεσποίνης.
2961 4723 3105 4792 ἥπερ
3128 4723 3208 4783 εἰς
3235 4721 3332 4790 τὴν
3353 4721 3450 4790 τῆς
3469 4719 3734 4788 πορνείας

2152 4813 2497 4884 ἀκαθαρσίαν
2528 4816 2794 4884 ἐμπεσεῖν
2831 4815 2921 4867 τὸν
2955 4815 3222 4888 γέροντα,
3262 4812 3336 4876 ὼς
3372 4811 3596 4882 μείζονα
3632 4809 3739 4881 τῆς

2157 4906 2414 4975 πορνείας
2445 4907 2724 4977 ἁμαρτίαν
2756 4905 2962 4976 ταύτην
2994 4905 3383 4976 ἐπιστάμενος.
3423 4922 3442 4955 ι

2235 5188 2316 5245 ιδ’.
2369 5189 2506 5242 Ἀλλ’
2559 5189 2748 5259 ἐπειδὴ
2799 5189 2927 5260 περὶ
2958 5188 3168 5252 εἰκόνος
3200 5192 3228 5243 6
3279 5190 3437 5257 λόγος
3487 5190 3610 5243 ἐστὶ
3646 5191 3743 5244 καὶ

2163 5279 2619 5350 προσκυνήσεως,
2668 5279 2799 5349 φέρε
2840 5278 3173 5350 πλατύτερον
3222 5281 3352 5349 περὶ
3405 5279 3616 5332 τούτων
3650 5281 3744 5333 τὸν

2165 5373 2321 5439 λόγον
2342 5372 2834 5442 διευκρινήσωμεν’
2863 5371 2955 5424 καὶ
2977 5371 3221 5442 εῐπωμεν
3245 5372 3480 5442 πρῶτον,
3510 5371 3563 5424 τί
3587 5373 3745 5424 ἐστιν

2167 5462 2330 5516 εἰκών
2350 5479 2363 5493 ·
2394 5463 2828 5534 δεύτερον,ιτίνος
2857 5461 3017 5534 χάριν
3037 5463 3260 5532 γέγονεν
3291 5463 3453 5519 εἰκών
3478 5481 3493 5495 ·
3525 5464 3744 5533 τρίτον,

3081 5629 3148 5659 ⁸⁸⁸
3196 5627 3373 5696 πάντη
3434 5624 3516 5678 vel
3562 5620 3745 5678 παντὶ
