4074 6146
348 326 483 396 1337

1408 326 1508 387 DE
1544 322 2001 386 IMAGINIBUS
2039 323 2319 387 ORATIO
2357 328 2469 388 III.

3447 326 3587 390 1338

333 438 500 493 πόσαι
529 433 786 506 διαφοραὶ
815 433 1058 486 εἰκόνων·
1085 425 1372 499 τέταρτον,
1402 433 1455 485 τί
1484 433 1543 485 τὸ
1571 432 1903 500 εἰκονιζόμε-

2009 427 2066 482 ιθ
2112 447 2357 499 quaenam
2393 428 2627 503 possint,
2657 443 2846 502 quaeve
2877 447 2988 488 non
3011 433 3225 504 possint
3251 433 3584 505 imaginibus

333 546 447 596 νιν,
467 529 560 582 καὶ
583 529 636 579 τί
669 526 728 580 τὸ
755 524 829 596 μὴ
850 525 1245 594 εἰκονιζόμενον
1267 537 1280 550 '
1317 524 1563 594 πέμπτον
1586 564 1601 587 ,
1639 523 1719 586 τίς
1749 522 1898 593 πρῶ-

333 635 425 680 τος
456 616 707 685 ἐποίησεν
743 617 982 681 εἰκόνας.

407 714 487 761 ιε’.
514 704 646 760 Εἶτα
676 707 774 760 καὶ
807 711 936 778 περὶ
959 709 1379 778 προσκυνήσεως
1404 721 1417 735 ⁶
1442 706 1680 777 πρῶτον,
1708 705 1760 757 τί
1784 708 1899 757 ἐστι

333 798 704 868 προσκύνησις
726 817 739 829 ’
770 800 1042 869 δεύτερον,
1064 799 1218 850 πόσοι
1236 799 1430 868 τρόποι
1455 798 1896 868 προσκυνήσεως

332 887 536 956 τρίτον,
590 889 731 940 πόσα
760 887 826 940 τὰ
858 898 1311 958 προσκυνουμενα
1367 887 1693 958 εὑρίσκομεν
1739 887 1797 938 ἐν
1833 889 1899 955 τῇ

332 977 524 1048 Γραφῇ
548 993 561 1007 ο
601 978 863 1046 τέταρτον
889 1015 904 1037 ,
941 978 1024 1029 ὄτι
1065 979 1217 1030 πᾶσα
1270 977 1639 1048 προσκύνησις
1686 975 1774 1028 διὰ
1813 976 1902 1028 τὸν

333 1068 496 1136 φύσει
551 1067 931 1139 προσκυνητὸν
987 1067 1121 1122 θεόν
1159 1069 1275 1122 ἐστι
1297 1085 1311 1098 ’
1341 1069 1609 1137 πέμπτον,
1638 1067 1721 1120 ὅτι
1745 1068 1778 1135 ὴ
1807 1067 1902 1134 τῆς

333 1158 541 1222 εἰκόνος
569 1158 701 1230 τιμὴ
733 1159 828 1211 ἐπὶ
854 1159 915 1212 τὸ
945 1161 1302 1229 πρωτότυπον
1321 1159 1608 1212 διαϐαίνει.

719 1336 986 1404 Πρῶτον,
1017 1338 1076 1390 τί
1101 1337 1232 1390 ἐστι
1265 1337 1441 1390 εἰκών
1471 1347 1514 1389 ε.

405 1426 502 1494 ις’.
527 1427 706 1482 Είκὼν
738 1427 837 1498 μὲν
866 1425 958 1482 οὖν
995 1430 1142 1482 ἐστιν
1172 1430 1444 1500 ὁμοίωμα,
1481 1429 1577 1482 καὶ⁵
1607 1428 1906 1500 παράδειγ-

336 1535 432 1588 μα,
465 1520 559 1572 καὶ
598 1519 901 1589 ὲκτύπωμά
935 1537 1101 1584 τινος,
1131 1521 1188 1572 ἐν
1215 1521 1394 1590 ἐαυτῷ
1413 1520 1655 1573 δεικνύον
1677 1519 1735 1572 τὸ
1762 1521 1906 1572 εἰκο-

334 1609 636 1681 νιζόμενηι.
661 1610 889 1674 Πάντως
923 1611 978 1664 δὲ
1003 1611 1064 1663 οὑ
1097 1612 1240 1664 κατὰ
1274 1611 1448 1666 πάντα
1481 1609 1658 1664 ἔοικεν
1684 1613 1717 1679 ἡ
1745 1610 1906 1662 εἰκὼν

330 1699 407 1770 τῷ
439 1705 800 1772 πρωτοτύπῳ,
830 1702 1080 1754 τουτέστι
1100 1701 1176 1772 τῷ
1200 1699 1584 1771 είκονιζομένῳ
1607 1719 1618 1732 ·
1643 1701 1770 1755 ἄλλο
1797 1702 1906 1773 γάρ

2002 522 2273 591 exprimi;
2315 525 2374 579 5°
2425 526 2553 597 quis
2581 524 2795 596 primus
2823 527 3121 597 imaginum
3161 535 3370 580 auctor.

2074 699 2160 754 15.
2191 699 2380 754 ltidem
2411 702 2478 757 de
2519 702 2838 758 adoratione
2880 721 2893 757 :
2926 703 2982 756 1°
3032 702 3163 771 quid
3197 705 3269 756 sit.
3298 703 3581 771 adoratio;

2000 790 2061 843 2°
2107 798 2236 860 quot
2284 795 2398 847 sint
2449 792 2827 848 adorationum
2887 794 3069 857 modi;
3102 794 3157 846 5°
3206 802 3335 860 quot
3375 795 3485 847 sint
3519 809 3582 847 ea

2007 882 2209 951 quibus
2264 884 2318 935 in
2365 881 2650 952 Scriptura
2680 883 2915 952 legimus
2967 883 3338 938 adorationem
3373 885 3586 938 exhibi-

2001 982 2109 1026 tam
2147 973 2356 1040 fuisse;
2385 973 2441 1026 4°
2490 972 2633 1041 quod
2685 975 2932 1028 adoratio
2980 979 3160 1029 omnis
3182 974 3246 1026 ad
3277 974 3465 1037 Deum,
3491 975 3582 1043 qui

2003 1071 2198 1131 suapte
2239 1072 2438 1116 natura
2487 1063 2801 1117 adorandus
2831 1071 2938 1127 est,
2992 1064 3299 1129 referatur;
3339 1064 3400 1117 5°
3439 1065 3584 1134 quod

2003 1153 2256 1208 adoratio
2306 1153 2532 1223 imagini
2579 1154 2843 1220 adhibita,
2882 1153 2952 1208 ad
2987 1169 3134 1218 eum,
3165 1171 3324 1224 quem
3373 1155 3464 1208 illa
3494 1169 3584 1209 rc-

2002 1251 2320 1311 praesentat,
2350 1244 2662 1299 reducatur.
2784 1292 2790 1297 .

2496 1331 2552 1385 1ο
2596 1331 2737 1397 Quid
2774 1333 2841 1385 sit
2883 1333 3080 1402 imago.

2077 1421 2166 1478 16.
2200 1424 2384 1493 Imago
2432 1423 2620 1492 itaque
2682 1433 2770 1478 est
2807 1423 3136 1489 similitudo,
3189 1424 3492 1494 exemplum
3531 1432 3588 1479 et

2005 1511 2211 1584 eﬁ'igies
2258 1515 2592 1584 cuiuspiam,
2625 1515 2678 1568 in
2706 1530 2814 1584 qua
2847 1515 2937 1569 ille
2983 1514 3146 1582 cuius
3175 1523 3264 1568 est
3289 1516 3467 1584 imago
3495 1529 3588 1568 os-

2007 1605 2273 1660 tenditur.
2317 1605 2504 1676 Neque
2527 1615 2708 1661 tamen
2759 1607 2940 1675 imago
2999 1607 3332 1676 exemplari;
3365 1607 3470 1660 hoc
3501 1613 3588 1660 est

2007 1699 2087 1752 rei
2121 1714 2284 1767 quam
2307 1699 2545 1761 exhibet,
2581 1713 2676 1767 per
2706 1698 2890 1752 omnia
2921 1697 3119 1751 similis
3147 1705 3249 1751 est.
3274 1695 3408 1750 Nam
3436 1697 3584 1750 aliud

332 1791 540 1861 ἐστινὴ
581 1788 768 1853 εἰκὼν,
803 1790 898 1844 καὶ
932 1790 1059 1844 ἄλλο
1093 1791 1154 1842 τὸ
1192 1791 1615 1861 είκονιζόμενον,
1648 1793 1740 1843 καὶ
1769 1792 1904 1844 πάν-

2010 1796 2096 1846 est
2122 1762 2326 1859 imago,
2344 1797 2397 1843 ct
2422 1762 2595 1853 aliud,
2623 1789 2675 1843 id
2696 1788 2840 1858 quod
2867 1787 3103 1858 imagine
3125 1794 3584 1857 reprzcsentatur:

331 1897 440 1944 τως
469 1882 661 1952 ὁρᾶται
691 1882 751 1935 ὲν
776 1882 960 1946 αὐτοῖς
995 1883 1248 1952 διαφορὰ,
1286 1883 1406 1934 ἐπεὶ
1428 1883 1526 1934 οὐκ
1559 1883 1685 1936 ἄλλο
1722 1883 1901 1947 τοῦτο,

330 1971 426 2024 καὶ
449 1970 576 2025 ἄλλο
603 1973 796 2026 ἐκεῖνο.
826 1967 949 2026 Οἷόν
987 1991 1040 2026 τι
1060 1973 1203 2041 λέγω
1222 1988 1234 2002 ’
1277 1974 1341 2026 Ἥ
1373 1973 1538 2026 εἰκὼν
1568 1974 1660 2027 τοῦ
1692 1973 1904 2040 ἀνθρὼ-

330 2077 461 2123 που,
515 2063 561 2114 εί
595 2064 690 2115 καὶ
719 2063 808 2116 τὸν
834 2064 1161 2135 χαρακτῆρα
1212 2067 1444 2118 ὲκτυποῖ
1491 2067 1584 2119 τοῦ
1627 2066 1900 2136 σώματος,

331 2152 466 2211 ἀλλὰ
496 2152 593 2216 τὰς
616 2153 854 2224 ψυχικὰς
877 2154 1135 2224 δυνάμεις
1163 2157 1263 2209 οὐκ
1303 2156 1417 2228 ἔχει
1443 2173 1457 2187 ο
1498 2157 1620 2211 οὔτε
1667 2160 1774 2228 γὰρ
1813 2159 1902 2229 ζῇ,

329 2242 456 2297 οὔτε
489 2244 785 2312 λογίζεται,
835 2245 957 2299 οὗτε
1011 2246 1332 2315 φθέγγεται,
1389 2248 1512 2301 οὔτε
1565 2250 1902 2313 αἰσθάνεται,

331 2334 454 2386 οὗτε
486 2336 644 2404 μέλος
678 2339 847 2390 κινεῖ·
883 2339 975 2391 καὶ
1007 2340 1036 2391 ό
1069 2339 1204 2403 υἱὸς,
1245 2341 1410 2392 εἰκὼν
1453 2340 1654 2410 φυσικὴ
1701 2340 1775 2393 ὢν
1806 2340 1902 2394 τοῦ

333 2427 560 2490 πατρὸς,
596 2426 708 2495 ἔχει
759 2445 812 2481 τι
869 2429 1328 2500 παρηλλαγμένον
1359 2431 1496 2500 πρὸς
1545 2433 1726 2486 αὐτόν.
1777 2432 1906 2495 Υἱὸς

331 2514 438 2586 γάρ
467 2519 602 2578 ἐστι,
638 2517 733 2570 καὶ
766 2519 826 2570 οὐ
858 2521 1062 2588 πατήρ.

505 2697 810 2762 Δεύτερον,
845 2698 1013 2763 τίνος
1049 2699 1225 2768 χάριν
1262 2699 1434 2752 ἐστὶν
1462 2701 1500 2768 ή
1529 2700 1723 2755 είκών.

403 2787 490 2850 ιζ’.
529 2788 690 2840 Πᾶσα
734 2787 899 2840 εἰκὼν
941 2789 1308 2860 ἑκφαντορικὴ
1361 2791 1455 2843 τοῦ
1503 2793 1735 2863 κρυφίου
1789 2794 1900 2844 ἐστὶ

333 2876 425 2930 καὶ
452 2875 722 2946 δεικτική.
745 2869 868 2928 Οἷόν
891 2891 942 2928 τι
963 2875 1126 2944 λέγωο
1160 2877 1377 2948 Ἐπειδὴ
1397 2881 1424 2932 ό
1453 2879 1548 2932 ἄνθ
1558 2897 1753 2950 ρωπος,
1779 2882 1902 2933 οὔτε

331 2965 426 3019 τοῦ
446 2967 680 3036 ἀοράτου
696 2965 906 3035 γυμνὴν
922 2965 1032 3035 ἔχει
1053 2966 1151 3036 τὴν
1167 2968 1387 3033 γνῶσιν,
1408 2968 1620 3037 σώματι
1640 2971 1904 3024 καλυπτο-

337 3059 506 3131 μένης
531 3058 629 3127 τῆς
674 3057 878 3128 ψυχῆς,
933 3057 1057 3111 οὗτε
1114 3059 1224 3112 τῶν
1256 3061 1374 3128 μετ’
1421 3060 1580 3112 αὐτὸν
1607 3061 1897 3130 ἐσομένων,

334 3149 457 3203 οὕτε
491 3148 601 3201 τῶν
648 3148 801 3219 τόπῳ
849 3149 1214 3220 διεστηκότων
1251 3149 1344 3202 καὶ
1396 3150 1708 3219 ἀπεχόντων
1749 3152 1792 3214 τ,
1829 3153 1903 3216 ὡς

334 3239 484 3309 τόπῳ
512 3238 605 3292 καὶ
638 3239 816 3310 χρόνῳ
838 3239 1340 3309 περιγραφόμενος,
1367 3239 1501 3309 πρὸς
1526 3240 1750 3310 ὁδηγίαν
1774 3243 1912 3310 γνῶ.

338 3349 495 3394 σεως,
531 3333 625 3383 καὶ
645 3330 974 3400 φανέρωσιν,
1002 3331 1096 3382 καὶ
1125 3329 1478 3399 δημοσίευσιν
1517 3331 1623 3384 τῶν
1665 3349 1910 3404 κεκρυμ-

340 3420 539 3495 μένων,
564 3419 837 3490 ἐπενοήθη
871 3422 903 3488 ἡ
926 3417 1115 3471 εἰκὼν⁶
1148 3419 1368 3482 πάντως
1399 3420 1453 3472 δὲ
1485 3420 1621 3490 πρὸς
1645 3422 1912 3491 ὠφέλειαν

335 3512 431 3564 καὶ
461 3511 782 3580 εὐεργεσίαν
820 3511 914 3563 καὶ
943 3510 1239 3581 σωτηρίαν,
1269 3511 1420 3573 ὅπως
1447 3512 1910 3582 στηλιτευομένςυν

339 3604 431 3662 καὶ
461 3601 950 3674 θριαμϐευομένων
982 3602 1091 3654 τῶν
1119 3603 1486 3673 πραγμάτων,
1514 3604 1820 3673 διαγνῶμεν
1844 3605 1910 3658 τά

338 3693 719 3764 κεκρυμμένα,
741 3693 839 3746 καὶ
864 3693 933 3744 τὰ
965 3693 1064 3763 μὲν
1098 3693 1237 3746 καλὰ
1257 3693 1586 3765 ποθήσωμεν
1615 3695 1709 3749 καὶ
1735 3696 1911 3766 ζηλώο

340 3799 545 3852 σωμεν,
576 3782 646 3834 τὰ
671 3783 728 3834 δὲ
756 3782 994 3848 ἐναντία,
1025 3783 1270 3836 τουτέστι
1301 3783 1368 3836 τὰ
1399 3785 1575 3851 κακὰ,
1630 3788 1910 3859 ἀποστρα-

337 3875 530 3946 φῶμεν
551 3875 646 3927 καὶ
675 3876 1025 3945 μισήσωμεν.
1501 3935 1503 3937 ,

589 3967 811 4034 Τρίτον,
857 3967 1041 4020 πόσαι
1074 3967 1346 4035 διαφοραὶ
1395 3969 1662 4022 εἰκόνων.

411 4056 501 4127 ιη’.
525 4057 788 4127 Διαφοραὶ
817 4057 874 4110 δὲ
907 4057 1129 4110 εἰκόνων
1169 4057 1308 4110 εἰσί·
1353 4059 1542 4130 πρώτη
1580 4061 1677 4129 μὲν
1711 4058 1802 4116 οὖν
1829 4065 1909 4116 εἰ·

338 4147 449 4200 κών
476 4149 626 4200 ὲστιν
658 4149 692 4216 ἡ
720 4147 945 4214 φυσική.
999 4148 1088 4199 Ἐν
1113 4148 1328 4218 ἑκάστῳ
1365 4148 1423 4200 δὲ
1459 4151 1483 4189 ε
1518 4151 1803 4220 πράγματι
1829 4154 1912 4206 δεῖ

337 4239 556 4310 πρῶτον
581 4235 720 4292 εἶναι
749 4238 810 4291 τὸ
835 4237 976 4291 κατὰ
1007 4239 1188 4306 φύσιν,
1225 4241 1320 4292 καὶ
1354 4240 1475 4292 τότε
1498 4240 1558 4294 τὸ
1589 4242 1730 4295 κατὰ
1761 4244 1908 4298 θέσιν

338 4330 435 4384 καὶ
473 4328 707 4399 μίμησιν
756 4327 902 4398 (Ξῖ)·
928 4323 1037 4380 οἷον
1085 4329 1169 4381 δεῖ
1201 4329 1417 4398 πρῶτον
1456 4325 1592 4384 εἶναι
1632 4332 1789 4400 φύσει
1814 4336 1906 4388 ἄν-

2011 1897 2076 1937 ac
2117 1897 2344 1938 necesse
2371 1890 2456 1938 est
2486 1889 2545 1936 ut
2579 1882 2830 1936 nonnihil
2881 1881 3024 1935 inter
3073 1890 3363 1949 utrumque
3386 1877 3587 1933 discri-

2011 1975 2178 2030 minis
2245 1972 3060 2042 animadvertatur:siquidem
3129 1987 3229 2026 nec
3270 1972 3413 2025 istud
3478 1970 3584 2022 alia

2009 2076 2102 2116 res
2135 2069 2303 2125 esset,
2343 2076 2443 2115 nec
2470 2061 2602 2115 illud
2643 2061 2770 2113 alia.
2809 2060 3055 2130 Exempli
3087 2061 3285 2130 gratia,
3345 2060 3586 2114 hominis

2012 2152 2214 2224 imago,
2276 2155 2380 2208 etsi
2412 2154 2663 2224 corporis
2699 2153 2927 2222 ﬁguram
2962 2152 3241 2220 exprimit,
3292 2150 3587 2206 facultates

2011 2252 2193 2298 tamen
2247 2245 2440 2299 anima:
2496 2259 2606 2298 non
2635 2241 3041 2312 complectitur.
3104 2240 3219 2297 Non
3255 2241 3399 2296 enim
3425 2242 3584 2305 vivit,

2011 2350 2112 2389 nec
2171 2337 2430 2405 loquitur,
2480 2351 2582 2391 nec
2619 2335 2807 2401 sentit,
2863 2349 2965 2388 nec
3020 2336 3324 2388 membrum
3380 2340 3582 2388 movet.

2012 2427 2152 2492 Quin
2185 2430 2350 2483 etiam
2407 2429 2573 2494 ﬁlius,
2608 2443 2732 2482 cum
2767 2427 3044 2481 naturalis
3068 2427 3138 2480 sit
3173 2427 3354 2496 imago
3385 2426 3583 2496 patris,

2010 2517 2370 2573 nihilominus
2424 2518 2767 2586 aliquantum
2829 2515 2896 2569 ab
2931 2517 3052 2584 ipso
3104 2515 3404 2585 discrepat.
3445 2513 3584 2569 Nam

2010 2607 2152 2663 ﬁlius
2180 2616 2284 2673 cst,
2316 2625 2423 2662 non
2452 2616 2625 2678 pater.

2253 2701 2313 2753 2°
2341 2700 2506 2769 Cujus
2544 2702 2718 2769 gratia
2749 2701 2992 2754 instituta
3018 2701 3086 2752 sit
3108 2701 3301 2768 imago.

2083 2792 2170 2845 17.
2198 2791 2390 2845 Omnis
2443 2792 2624 2860 imago
2659 2806 2772 2846 rem
2805 2793 3062 2846 latentem
3107 2791 3290 2861 prodit
3322 2798 3376 2844 et
3407 2791 3587 2845 mani-

2013 2881 2194 2936 festat.
2231 2879 2295 2933 V.
2329 2895 2411 2948 gr,
2435 2881 2873 2949 quandoquidem
2907 2881 3090 2943 homo,
3126 2888 3415 2949 pr0pterea
3437 2878 3585 2948 quod

2014 2975 2229 3026 animus
2259 2987 2288 3025 a
2319 2987 2552 3040 corpore
2604 2972 2898 3040 obtegitur,
2934 2972 3228 3027 invisibilis
3279 2974 3376 3034 rei,
3410 2980 3462 3026 ct
3492 2985 3586 3025 eo-

2012 3078 2132 3116 rum
2167 3077 2286 3132 qum
2310 3069 2434 3132 post
2459 3062 2635 3130 ipsum
2668 3062 2854 3117 futura
2910 3073 3060 3124 sunt,
3090 3079 3279 3133 quaeve
3317 3064 3474 3134 longe
3497 3062 3585 3117 di-

2015 3162 2160 3209 stant
2215 3163 2270 3210 ct
2328 3155 2522 3224 procul
2570 3155 2790 3217 absunt,
2851 3156 3220 3223 cognitionem
3260 3170 3370 3208 non
3402 3155 3585 3220 habet,

2014 3255 2206 3317 utpote
2260 3247 2353 3316 qui
2390 3248 2512 3300 loco
2538 3255 2590 3300 et
2623 3254 2868 3314 tempore
2923 3245 3446 3309 circumscribatur;
3502 3245 3586 3298 id-

2015 3340 2184 3403 circo,
2217 3349 2276 3392 ut
2304 3340 2356 3392 in
2394 3353 2574 3391 rerum
2607 3337 2922 3406 cognitione
2952 3335 3311 3402 diligeretur,
3366 3350 3582 3389 necnon

2015 3438 2076 3485 ut
2097 3430 2312 3484 occulta
2365 3429 2781 3483 declararentur
2821 3434 2874 3481 et
2911 3424 3208 3479 manifesta
3242 3427 3454 3490 ﬁerent,
3490 3440 3589 3478 ex-

2015 3522 2251 3591 cogitata
2308 3528 2392 3575 est
2437 3521 2619 3590 imago
2652 3534 2664 3569 :
2699 3519 2831 3588 quin
2876 3519 3037 3572 etiam
3075 3517 3348 3579 utilitatis,
3382 3518 3588 3572 beneﬁ-

2012 3613 2206 3666 centiae
2259 3621 2311 3666 et
2357 3610 2551 3666 salutis
2597 3623 2810 3675 causa;
2849 3618 2908 3664 ut
2955 3624 3150 3678 nempe
3181 3624 3247 3662 ex
3290 3608 3454 3662 rebus
3507 3622 3590 3662 os-

2011 3705 2236 3758 tentatis
2266 3711 2320 3758 et
2356 3702 2675 3772 propalatis,
2709 3718 2772 3757 ea
2807 3718 2928 3772 qum
2953 3703 3128 3756 latent
3175 3701 3588 3772 dignoscamus,

2012 3804 2174 3864 atque
2230 3803 2345 3847 tum
2383 3794 2529 3848 bona
2591 3807 2996 3862 prosequamur
3022 3801 3075 3847 et
3099 3793 3440 3857 aemulemur,
3472 3799 3588 3846 tum

2012 3887 2317 3949 contraria,
2373 3886 2486 3939 sive
2521 3885 2685 3947 mala,
2714 3886 2952 3939 vitemus
2989 3892 3046 3938 ct
3077 3884 3374 3954 fugiamus.

2291 3977 2347 4030 5°
2383 3975 2682 4043 Quotuplex
2717 3976 3008 4045 imaginum
3043 3976 3342 4029 discrimen.

2084 4067 2168 4120 18.
2208 4064 2300 4119 lla:
2331 4081 2495 4136 porro
2523 4074 2650 4119 sunt
2682 4066 2981 4135 imaginum
3038 4065 3378 4119 diﬁ'crentiw.
3402 4063 3589 4116 Prima

2009 4159 2229 4228 quidem
2265 4158 2528 4214 naturalis
2556 4165 2657 4213 est.
2687 4157 2821 4210 Nam
2858 4157 2909 4210 in
2934 4157 3082 4210 omni
3117 4173 3172 4210 re
3201 4157 3252 4208 in
3286 4155 3477 4224 primis
3501 4170 3590 4208 nc-

2010 4265 2164 4304 ccsse
2191 4258 2275 4305 est
2305 4249 2497 4319 utipsa
2529 4249 2601 4304 sit
2640 4249 2693 4302 in
2731 4264 2830 4304 sua
2867 4257 3085 4312 natura,
3118 4246 3280 4316 354
3303 4245 3425 4298 dein
3460 4261 3590 4300 vero

2010 4341 2350 4395 institutione
2367 4351 2418 4395 ct
2449 4342 2766 4394 imitatione.
2793 4339 2885 4392 Sic
2916 4339 3078 4391 homo
3104 4336 3400 4391 secundum
3433 4353 3588 4390 suam

337 4419 580 4490 θρωπον,
641 4420 734 4474 καὶ
781 4420 904 4472 τότε
963 4420 1108 4474 θέσει
1136 4420 1277 4474 κατὰ
1306 4421 1558 4494 μίμησιν.
1591 4424 1786 4497 Πρώτη
1813 4425 1904 4482 οὖν

2010 4443 2260 4485 naturam
2297 4432 2528 4485 exsistat
2566 4432 2720 4500 prius
2765 4444 3053 4483 necessum
3081 4437 3197 4493 est,
3241 4438 3352 4480 tmn
3393 4427 3591 4482 deinde

1638 4538 1873 4594 VARI/15
1916 4541 2318 4598 LECTIONES.

412 4639 436 4666 ο
466 4624 603 4699 Haec
629 4641 750 4699 quae
805 4638 1110 4695 sequuntur
1153 4629 1344 4697 majori
1388 4632 1524 4699 parti
1575 4635 1840 4688 orationis
1874 4637 1894 4689 ί
1933 4637 2334 4690 subnectuntur
2365 4635 2418 4686 in
2443 4633 2565 4686 cod.
2601 4647 2731 4686 mss.
2769 4631 2950 4695 Regiis
2981 4631 3192 4686 duobus
3218 4642 3271 4686 et
3305 4632 3360 4684 in
3392 4632 3588 4696 altero,

342 4712 514 4766 usque
539 4695 604 4775 ad
634 4693 740 4775 PP.
777 4693 1172 4775 testimonium
1210 4693 1412 4775 quibus
1456 4700 1774 4760 hic'titulus
1816 4706 2148 4775 prmﬁgitur,
2185 4704 2291 4757 Τοῦ
2330 4703 2497 4756 αὑτοῦ
2550 4703 2798 4756 Ἰωάννου
2831 4693 3010 4770 ἁγίου.

341 4782 451 4834 uno
476 4766 598 4823 cod.
631 4766 744 4838 ἔχει
773 4767 996 4834 γνῶσιν.
1077 4769 1102 4807 ε
1130 4766 1290 4824 Forte
1311 4769 1441 4841 γάρ.

3103 4701 3121 4740 ί
3157 4703 3390 4756 Additur
3419 4703 3505 4757 hic
3533 4703 3589 4756 in

1857 4933 2084 4991 ΝΟΤᾹ).

413 5016 526 5090 (22)
564 5018 753 5075 Grace
777 5018 924 5094 κατὰ
955 5018 1103 5094 θέσιν
1126 5021 1370 5094 οιραιιῐο
1407 5030 1530 5094 post
1559 5023 1728 5094 θέσει,
1763 5026 1908 5094 quod

257 5097 270 5111 ‘
339 5097 455 5144 tum
509 5105 600 5164 per
627 5092 941 5164 positionem
975 5091 1421 5164 institutionemve’
1471 5093 1763 5164 signiﬁcat,
1782 5091 1911 5160 'tum

337 5176 432 5246 per
457 5157 791 5242 adoptionem
845 5174 892 5213 et
913 5237 926 5246 ‘
945 5160 1480 5246 accpmmodationem
1499 5157 1720 5246 {atque
1752 5157 1915 5246 ὀρρὸς

339 5227 491 5283 hitur
527 5227 606 5303 τῷ
640 5229 799 5296 φύσει
825 5269 840 5293 ,
877 5237 932 5283 et
986 5230 1062 5300 τῷ
1095 5231 1448 5303 κατὰ-φύσιν,
1504 5249 1599 5288 seu
1632 5227 1710 5287 illi
1765 5227 1909 5303 quod

341 5297 645 5352 secundum
701 5313 814 5353 suae
863 5297 1071 5353 natura)
1123 5297 1491 5356 conditionem
1554 5311 1608 5356 et
1662 5297 1908 5360 ordinem

340 5365 582 5437 exsistit.
616 5367 879 5421 Caeterum
911 5369 1113 5437 aliquid
1152 5387 1272 5426 csse
1301 5372 1446 5425 θέσει
1478 5373 1761 5435 duntaxat,
1798 5388 1906 5426 non

341 5435 631 5513 ipsiusmet
681 5437 760 5513 rei
807 5435 1088 5491 veritatem
1128 5442 1400 5513 continuo
1431 5443 1696 5497 excludit.
1738 5443 1907 5513 quue

345 5510 579 5580 testatus
615 5512 699 5559 est
720 5504 1098 5580 Qopronymus
1124 5511 1242 5580 ipse
1280 5512 1616 5568 Iconoclasta
1651 5528 1775 5567 cum
1807 5504 1908 5569 suo

345 5573 616 5652 concilio,
675 5573 1030 5652 cuiusverba
1072 5573 1184 5652 haec
1238 5581 1406 5652 refert
1433 5581 1774 5652 Nicephorus
1799 5582 1904 5637 CP.

344 5642 588 5722 Antirrh.
619 5660 704 5722 ll“:
746 5644 1060 5722 Ἐκέλευσεν
1101 5650 1417 5722 τοῖςλάγίρις
1445 5642 1607 5706 αὑτοῦ
1637 5652 1909 5722 μαθηταῖς

349 5715 443 5778 καὶ
467 5713 782 5779 ἀποστόλοις
814 5714 1184 5785 παραδοῦναιξ,
1216 5713 1365 5772 δι”οὒ
1400 5713 1613 5788 ἠράσθη
1637 5713 1906 5789 πράγμαέ

2017 5043 2129 5087 τος,
2165 5024 2335 5078 τύπον
2382 5025 2461 5087 είς
2490 5025 2648 5095 σῶμα
2693 5023 2888 5078 αὐτοῦ’
2916 5024 3001 5077 ἵνα
3032 5023 3120 5077 διὰ
3152 5023 3254 5095 τῆς
3313 5024 3591 5095 ἱερατικῆς

2018 5095 2310 5166 ᾁναγωγῇς
2340 5095 2494 5166 κὰνεὶ
2521 5093 2586 5149 ὲκ
2611 5097 2846 5166 μετοχῆς
2861 5095 2953 5166 καὶ
2985 5095 3128 5166 θέσει
3158 5093 3395 5166 γίνζται.
3425 5095 3591 5166 λάϐω·

2019 5182 2124 5237 μεν.
2151 5163 2300 5225 αὐτὸ,
2331 5164 2406 5237 ᾡς
2433 5162 3003 5237 κυρίωςνκαῖἀληθῶς
3026 5165 3187 5237 σῶμα
3212 5163 3404 5216 αὐτοῦ·
3439 5162 3588 5214 Prw-

2015 5235 2148 5300 cepit
2191 5236 2389 5288 sanctis
2435 5234 2706 5304 discipulis
2755 5245 2805 5290 et
2845 5234 3117 5302 apostolis,
3170 5235 3221 5285 in
3251 5249 3312 5285 ea
3342 5249 3396 5283 re
3433 5249 3588 5298 quam

2014 5305 2199 5370 voluit,
2229 5305 2436 5359 tradere
2458 5307 2682 5374 ﬁguram
2717 5308 2769 5359 in
2800 5321 2985 5371 corpus
3010 5319 3183 5364 suum,
3215 5311 3269 5353 ut
3297 5317 3387 5369 per
3411 5317 3589 5374 sacer-

2014 5375 2249 5428 dotalem
2313 5370 2629 5430 oblationem
2667 5392 2731 5429 σεε
2782 5370 3184 5443 participatione
3238 5380 3287 5423 et
3337 5370 3590 5443 positione

2016 5461 2131 5500 vere
2171 5455 2221 5499 et
2255 5447 2464 5513 proprie
2508 5462 2694 5514 corpus
2729 5440 2893 5512 ipsius
2925 5445 3296 5514 acciperemus.
3322 5440 3468 5514 ΔΠειρο
3505 5441 3589 5493 di-

2018 5525 2164 5570 serte
2191 5510 2471 5584 exponunt
2497 5510 2606 5568 alia
2627 5510 2980 5584 conciliabuli
3006 5510 3430 5584 Copronymiani
3465 5526 3591 5565 ver-

2015 5585 2103 5644 ba.
2130 5580 2533 5654 quaa'leguntur
2563 5592 2670 5640 act.
2691 5584 2724 5635 6
2753 5583 2942 5654 synodi
2967 5582 3228 5654 septimae,
3254 5589 3308 5654 et
3332 5580 3591 5654 evincunt

2016 5670 2111 5778 sos
2140 5649 2210 5708 ab
2255 5649 2576 5711 ortlaodoxis
2601 5696 2615 5722 ,
2669 5649 2851 5724 quoad
2880 5650 3241 5706 Eucharisth
3275 5649 3435 5708 ﬁdem
3480 5665 3590 5708 non

2054 5737 2379 5778 iscrenasse.

2054 5737 2379 5792 iscrepasse.

1993 5857 2020 5875 ἣ
