3950 6154
237 360 383 424 1341
1307 361 1404 420 DE
1445 360 1907 422 IMAGINIBUS
1945 361 2224 422 ORATIO
2262 328 2377 423 III.
2454 340 2456 343 ’
3342 357 3478 421 1342

228 471 336 524 τοῦ
365 463 618 538 ούρανοῦ.
643 483 660 515 ι
694 462 803 518 Καὶ
833 461 993 516 πάλιν
1016 478 1027 490 °
1062 481 1079 514 t
1109 463 1218 516 Kal.
1250 465 1446 536 ἄρχετε
1477 465 1585 520 τῶν
1615 467 1807 537 ἰχθύων

1911 476 2181 522 nostram.
2225 488 2245 522 ι
2291 468 2598 539 Subditque
2638 487 2653 524 :
2695 487 2714 521 ι
2767 469 2834 524 Ει
2893 470 3253 525 dominamini
3316 470 3478 540 355

230 560 345 630 τῆς
377 556 687 626 θαλάσσης,
729 555 825 608 καὶ
863 553 971 607 τῶν
1006 555 1263 608 πετεινῶν
1295 555 1389 608 τοῦ
1425 558 1676 628 ούρανοῦ,
1715 560 1807 613 καὶ

1908 557 2149 625 piscibus
2173 558 2342 612 maris
2372 566 2427 612 et
2451 559 2762 614 volatilibus
2783 559 2911 614 εωιὶ
2939 566 2992 614 ει
3008 559 3277 615 universae
3295 566 3475 622 terrae,

231 649 424 717 πάσης
449 645 549 714 τῆς
578 644 702 714 γῆς,
726 643 821 696 καὶ
847 643 1312 714 κατακυριεύσατε
1341 645 1528 715 αὐτῆς.
1573 665 1590 697 ι

1908 657 1958 700 et
1987 646 2241 716 subjicite
2268 661 2409 703 eam.
2454 667 2473 700 ι

310 736 418 791 κα’.
460 735 730 802 Τέταρτος
758 731 960 804 τρόπος
1001 732 1205 794 εἰκόνος
1244 733 1342 802 τῆς
1396 735 1634 804 γραφῆς,
1673 739 1807 806 σχή-

1975 736 2066 789 21.
2101 736 2365 801 Quartum
2393 737 2647 807 imaginis
2696 753 2869 807 genus
2900 745 2987 793 est
3031 737 3148 806 ipsa
3181 736 3476 805 scriptura.

229 847 394 899 ματα
425 829 519 880 καὶ
553 824 767 896 μορφάς
813 824 908 888 καὶ
958 823 1159 887 τύπους
1209 821 1654 893 ἀναπλαττούσης
1703 825 1808 877 τῶν

224 919 490 987 ἀοράτων
533 914 629 968 καί¹
681 912 1008 982 ἀσωμάτων,
1060 911 1386 981 σωματικῶς
1430 912 1806 982 τυπουμένων,

223 1008 380 1078 πρὸς
413 1006 660 1077 ἀμυδρὰν
691 1004 1016 1073 κατανόησιν
1047 1003 1178 1056 Θεοῦ
1204 1021 1263 1056 τε
1293 1003 1386 1056 καὶ
1416 1003 1685 1071 ἀγγέλων,
1721 1005 1810 1057 διὰ.

214 1100 298 1152 τὸ
339 1101 413 1168 μὴ
446 1095 703 1151 δύνασθαι
739 1096 887 1165 ἡμᾶς
927 1094 997 1148 τά
1045 1093 1310 1163 ἀσώματα
1342 1094 1468 1148 ἄνευ
1514 1093 1809 1163 σχημάτων

222 1190 648 1258 ἀναλογούντων
665 1191 798 1259 ἡμῖν
825 1187 1072 1257 θεωρεῖν,
1098 1186 1279 1249 καθώς
1308 1203 1469 1256 φησιν
1499 1188 1526 1238 ό
1556 1185 1722 1250 πολὺς
1743 1185 1810 1238 τὰ

224 1284 361 1337 Θεῖα
389 1283 661 1344 Διονύσιος
690 1282 718 1333 ό
760 1278 1304 1350 Ἀρεοπαγίτης.”οτι
1329 1279 1428 1347 μὲν
1448 1262 1556 1349 γάρ
1586 1277 1810 1341 εἰκότως

224 1371 644 1442 προϐέϐληνται
684 1369 790 1423 τῶν
840 1368 1136 1422 ἁτυπώτων
1168 1368 1217 1420 οἰ
1247 1367 1425 1436 τύποι,
1453 1368 1548 1421 καὶ
1582 1368 1650 1422 τὰ
1679 1368 1811 1438 σχή-

226 1480 392 1533 ματα
423 1462 532 1515 τῶν
564 1460 1007 1531 ἀσχηματίστων,
1033 1461 1094 1512 ού
1121 1459 1150 1498 ιί
1173 1458 1341 1530 μόνην
1369 1458 1547 1513 αἰτίαν
1575 1458 1710 1528 φαίη
1726 1475 1821 1522 τις-

1910 916 2038 968 lium
2067 921 2121 970 et
2145 915 2592 985 incorporearum
2613 931 2882 987 corporeo
2904 916 3064 971 modo
3087 929 3475 983 expressar-urn

1910 1005 2062 1075 ﬁngit
2089 1012 2142 1058 et
2163 1003 2437 1071 eﬁormat,
2474 1014 2534 1060 ut
2572 1006 2863 1060 obscuram
2914 1007 3106 1062 saltem
3132 1004 3225 1058 Dei
3254 1005 3477 1073 angelo-

1909 1110 2141 1164 rumque
2193 1096 2443 1150 notitiam
2499 1096 2868 1166 percipiamus
2894 1111 2907 1147 :
2941 1111 3006 1150 eo
3036 1094 3181 1164 quod
3209 1095 3328 1149 sine
3354 1110 3478 1163 spe-

1908 1185 2095 1240 ciebus
2123 1185 2427 1239 conditioni
2475 1194 2679 1241 nostrae
2707 1185 3139 1255 congruentibus
3164 1199 3253 1237 res
3287 1198 3480 1253 corpo-

1909 1286 2033 1326 reas
2064 1271 2267 1326 intueri
2297 1273 2618 1343 neutiquam
2663 1275 2982 1344 possimus;
3017 1273 3475 1341 quemadmodum

1912 1361 2202 1432 Dionysius
2242 1360 2566 1433 Areopagita
2629 1366 2944 1420 divinarum
2972 1377 3154 1418 rerum
3204 1364 3478 1430 peritissi-

1911 1467 2033 1506 mus
2079 1450 2318 1508 docet".
2353 1453 2510 1520 Quod
2571 1456 2720 1511 enim
2754 1455 2946 1511 forma:
2989 1462 3045 1510 et
3072 1454 3259 1522 ﬁgurae
3292 1469 3475 1508 rerum

221 1551 382 1608 εἶναι
407 1553 504 1624 τὴν
533 1553 656 1606 καθ’
681 1553 826 1622 ἡμᾶς
857 1551 1166 1619 ἀναλογίαν,
1195 1549 1558 1605 ἀδυνατοῦσαν
1590 1550 1807 1621 ἀμέσως

1912 1541 2085 1597 forma
2128 1555 2184 1602 et
2209 1548 2379 1618 ﬁgura
2410 1548 2718 1602 carentium
2749 1548 3016 1603 consulto
3048 1545 3262 1599 fuerint
3288 1546 3471 1611 editae,

220 1642 339 1694 ἐπὶ
369 1641 468 1704 τὰς
500 1640 696 1710 νοητάς
733 1637 1108 1693 ἀνατείνεσθαι
1139 1637 1390 1708 θεωρίας,
1419 1641 1516 1692 καὶ
1548 1638 1807 1710 δεομένην

1910 1633 2052 1689 hanc
2073 1651 2236 1691 unam
2263 1638 2391 1708 quis
2422 1638 2788 1708 assignaverit
2813 1653 3084 1705 causam;
3127 1650 3186 1695 ut
3213 1639 3476 1693 nimirum

221 1729 456 1782 οἰκείων
478 1729 572 1780 καὶ
602 1727 864 1797 συμφυῶν
893 1725 1214 1794 ἀναγωγῶν.
1245 1727 1308 1779 Εἰ
1338 1727 1512 1780 τοίνυν
1535 1726 1634 1796 τῆς
1654 1728 1807 1797 ήμῶν

1911 1725 2244 1783 conditionis
2295 1735 2502 1782 nostra;
2553 1729 2692 1784 ratio
2739 1729 3039 1783 haberetur
3073 1747 3085 1782 :
3121 1731 3321 1800 quippe
3350 1745 3475 1784 cum

222 1819 488 1889 προνοῶν
516 1819 806 1887 ἀναλογίας
834 1820 862 1871 6
899 1819 1039 1881 θεῖος
1071 1819 1257 1885 λόγος,
1299 1817 1562 1872 πάντοθεν
1591 1818 1651 1870 τὸ
1676 1819 1800 1871 ἀναυ

1914 1818 2032 1874 sine
2060 1819 2241 1875 medio
2273 1820 2511 1890 quodam
2553 1821 2621 1875 ad
2654 1835 2840 1874 rerum
2881 1821 3314 1891 intelligibilium
3343 1836 3478 1875 con-

219 1911 457 1965 τατικὸν
478 1912 609 1981 ἡμῖν
632 1910 1006 1982 ποριζόμενος,
1041 1909 1136 1962 καὶ
1162 1911 1272 1972 τοῖς
1295 1909 1486 1973 ἁπλοῖς
1512 1909 1606 1963 καὶ
1633 1909 1805 1979 ἀμορ-

1908 1907 2300 1964 siderationem
2349 1925 2514 1964 nemo
2541 1912 2719 1980 possit
2749 1925 3078 1980 aSSurgere;
3114 1926 3178 1967 ac
3235 1912 3475 1981 propriis

219 1997 441 2068 φώτοις
475 1998 680 2060 τύπους
727 1997 876 2060 τινάς
912 1995 1240 2067 περιτίθησι,
1273 1995 1391 2060 πῶς
1441 1995 1515 2066 μὴ
1554 1995 1804 2060 εἰκονίςει

1908 1995 2119 2066 sibique
2145 2012 2173 2050 a
2205 2004 2400 2052 natura
2452 1999 2728 2053 concessis
2767 1999 3010 2062 auxiliis,
3049 1999 3256 2068 quibus
3315 2000 3475 2053 attol-

1907 840 2028 894 qua:
2060 825 2259 894 ﬁguras
2298 833 2352 879 et
2387 825 2594 880 formas
2625 834 2678 880 et
2723 826 2970 896 exempla
3006 839 3186 881 rerum
3228 823 3478 880 invisibi-
3549 887 3568 903 _

215 2088 298 2142 τὰ
331 2089 576 2158 σχήμασι
615 2087 1026 2161 μεμορφωμένα
1059 2085 1200 2140 κατά
1242 2085 1343 2156 τὴν
1386 2087 1593 2139 οἰκείαν
1619 2085 1801 2153 φύσιν,

213 2179 322 2232 καί
361 2177 676 2248 ποθούμενα
708 2177 826 2247 μὲν,
867 2176 954 2229 διὰ
985 2176 1042 2229 δὲ
1066 2176 1128 2229 τὺ
1157 2175 1231 2246 μὴ
1259 2178 1530 2246 παρεῖναι,
1579 2174 1805 2245 ὁρᾶσθαι

213 2269 300 2340 μὴ
330 2269 652 2338 δυνάμενα;
683 2269 822 2340 Φησὶ
869 2267 1000 2337 γοῦν
1044 2269 1072 2322 6
1119 2267 1443 2338 θεορῤήμων
1486 2267 1803 2337 Γρηγόριος,

209 2360 302 2413 ὅτι
353 2357 536 2410 πολλὰ
579 2358 803 2426 κάμνων
850 2359 878 2410 6
916 2355 1042 2420 νοῦς
1088 2357 1314 2425 ὲκϐἦναι
1360 2357 1430 2409 τά
1483 2356 1802 2426 σωματικὰ,

213 2449 414 2518 πάντη
447 2447 732 2502 ἀδυνατεῖο
766 2466 784 2497 ι
823 2447 983 2500 Ἀλλά
999 2447 1091 2499 καὶ
1112 2448 1178 2499 τά
1200 2447 1406 2516 ἀόρατα
1431 2447 1523 2498 τοῦ
1539 2445 1674 2500 Θεοῦ
1701 2446 1806 2498 ἀπὸ

216 2542 469 2602 κτίσεως
513 2538 606 2592 τοῦ
661 2530 888 2608 κόσμου,
923 2541 1034 2599 τοῖς
1083 2538 1348 2604 ποιήμασι
1377 2537 1640 2605 νοούμενα
1671 2536 1806 2588 καθ-

213 2631 450 2702 ορᾶται.
487 2647 504 2680 ι
530 2628 779 2698 Ὀρῶμεν
812 2627 869 2680 δὲ
900 2627 994 2680 καὶ
1023 2627 1080 2679 ἐν
1107 2629 1219 2689 τοῖς
1247 2626 1538 2696 κτίσμασιν
1571 2627 1804 2690 εἰκόνας,

221 2718 550 2788 μηνυούσας
597 2719 728 2787 ἡμῖν
767 2717 1024 2788 ἀμυδρῶς
1053 2717 1153 2780 τὰς
1200 2719 1352 2781 θείας
1396 2719 1688 2789 ἐμφάσεις·
1733 2719 1809 2781 ὡς

1905 2087 2076 2152 latur,
2109 2087 2370 2157 indigeat.
2403 2087 2560 2153 Quod
2583 2087 2628 2143 si
2655 2089 2818 2158 igitur
2846 2088 3134 2157 Scriptura
3163 2104 3259 2158 pro
3283 2097 3476 2144 nostro

1905 2188 2089 2248 captu,
2117 2179 2481 2250 undequaque
2505 2193 2569 2233 ea
2601 2179 2860 2249 suggerit,
2895 2194 3016 2248 quae
3056 2196 3157 2234 nos
3185 2180 3476 2235 sublimius

1904 2270 2228 2340 provehant,
2265 2279 2430 2341 atque
2463 2270 2531 2325 iis
2567 2286 2688 2340 qua:
2733 2271 3010 2340 simplicia
3059 2279 3208 2336 sunt,
3242 2271 3478 2326 nullius-

1906 2376 2014 2430 que
2042 2361 2227 2416 for-mm
2257 2363 2501 2430 capacia,
2535 2361 2742 2414 formas
2778 2361 3040 2431 quasdam
3066 2362 3480 2426 accommodat;

1907 2465 2007 2506 cur
2034 2466 2135 2506 nec
2160 2453 2251 2505 illa
2283 2467 2504 2522 quoque
2541 2466 2635 2519 per
2687 2452 2962 2521 imagines
2991 2453 3289 2521 exprimat,
3355 2466 3478 2521 qure

1907 2549 2104 2612 suapte
2167 2550 2363 2596 natura
2423 2542 2610 2610 ﬁguris
2671 2549 2802 2594 sunt
2862 2541 3158 2596 informata
3197 2555 3475 2610 ;quorum

1906 2630 2127 2701 quidem
2159 2631 2415 2684 ardemus
2444 2629 2736 2694 desiderio,
2770 2631 2869 2684 sed
2893 2645 3015 2699 quae
3041 2630 3218 2683 videri
3255 2637 3478 2699 propter

1908 2722 2213 2776 absentiam
2256 2737 2364 2776 non
2401 2722 2668 2790 possunt?
2703 2721 2853 2776 istuc
2900 2728 3150 2791 spectant
3193 2723 3307 2776 haec
3341 2721 3472 2776 Grc-

215 2811 314 2862 ὅτε
355 2807 596 2875 λέγομεν
645 2807 742 2876 τὴν
777 2807 938 2873 ἁγίαν
984 2807 1191 2874 Τριάδα
1221 2808 1317 2878 τὴν
1346 2809 1695 2879 ὑπεράρχιον,
1731 2811 1804 2861 εἰ·

221 2897 551 2962 κονίζεσθαι
600 2897 668 2949 δι’
702 2897 854 2965 ἡλίου
886 2897 980 2949 καὶ
1011 2898 1186 2965 φωτὸς
1218 2900 1312 2951 καὶ
1347 2901 1562 2962 ἀκτῖνος
1583 2916 1594 2927 ·
1632 2901 1665 2970 ἢ
1699 2919 1807 2968 πη-

222 2991 336 3061 γῆς
385 2988 814 3058 ἀναϐλυζούσης,
850 2987 942 3040 καὶ
991 2987 1369 3057 πηγαζομένου
1413 2989 1672 3057 νάματος,
1715 2991 1810 3044 καὶ

225 3079 486 3152 προχοῆς
505 3096 520 3111 ⁸
568 3079 602 3148 ἦ
643 3078 734 3131 νοῦ
766 3077 860 3131 καὶ
889 3077 1048 3144 λόγου
1092 3078 1185 3131 καί
1218 3077 1523 3147 πνεύματος
1552 3079 1646 3132 τοῦ
1677 3081 1807 3134 καθ’

1909 3087 2053 3141 lecta
2077 3087 2579 3154 conspiciuntur".
2619 3105 2637 3137 ι
2677 3084 2969 3140 Cernimus
3009 3093 3192 3139 autem
3227 3085 3282 3138 in
3317 3086 3486 3140 rebus

225 3175 384 3245 ἡμᾶς
406 3189 420 3203 ⁸
457 3171 488 3241 ἢ
521 3171 673 3241 ῥόδου
705 3169 891 3238 φυτοῦ,
919 3171 1014 3222 καὶ
1042 3168 1258 3231 ἄνθους,
1295 3168 1387 3222 καί
1420 3170 1670 3234 εὐωδίας.

1917 3173 2121 3227 creatis
2193 3173 2494 3242 imagines,
2549 3187 2671 3240 qua:
2726 3172 2942 3226 divinas
3004 3171 3484 3224 manifestationes

229 3265 580 3323 subobscure
625 3261 785 3317 nobis
830 3259 1113 3323 indicant,
1158 3260 1233 3314 uti
1273 3275 1399 3314 cum
1437 3260 1690 3328 dicimus,
1734 3269 1981 3316 sanctam
2025 3271 2077 3316 et
2117 3262 2265 3317 omni
2315 3262 2644 3317 anteriorem
2686 3261 2956 3331 principio
3005 3259 3348 3323 Trinitatem,
3392 3276 3486 3329 por

229 3359 434 3422 solem,
491 3361 546 3410 et
589 3353 791 3418 lucem,
832 3360 887 3406 et
916 3349 1130 3405 radium
1193 3350 1511 3421 designari;
1562 3361 1658 3406 aut
1725 3368 1822 3422 per
1854 3351 2081 3417 fontem,
2126 3361 2178 3407 et
2223 3353 2400 3407 rivum
2451 3369 2481 3408 e
2533 3355 2685 3408 fonte
2740 3360 3078 3410 manantem.
3144 3359 3198 3405 et
3249 3349 3481 3417 fluenta;

231 3463 330 3524 aut
352 3466 456 3520 per
479 3456 737 3514 mentem,
767 3453 822 3502 et
847 3447 1140 3510 rationem,
1168 3455 1222 3501 et
1247 3448 1500 3516 spiritum
1533 3457 1782 3503 nostrum
1807 3463 1822 3513 ;
1865 3455 1957 3501 aut
1987 3462 2083 3516 per
2113 3462 2252 3502 rosae
2283 3449 2549 3516 plantam,
2590 3455 2644 3502 et
2674 3445 2883 3504 florem.
2917 3453 2971 3498 ct
3004 3444 3245 3497 odorem.

302 3539 414 3609 κβ’.
457 3537 714 3604 Πέμπτος
747 3536 948 3606 τρόπος
992 3536 1199 3599 εἰκόνος
1246 3536 1481 3605 λέγεται,
1510 3538 1538 3589 6
1565 3553 1807 3607 προεικο-

1981 3536 2072 3589 22.
2115 3537 2375 3602 Quintum
2410 3551 2582 3607 genus
2608 3535 2906 3605 imaginum
2941 3533 3075 3587 illud
3116 3533 3345 3599 dicitur,
3375 3549 3487 3605 quo

231 3631 401 3695 νίζων
435 3627 531 3680 καὶ
577 3627 1001 3698 προδιαγράφων
1041 3627 1109 3680 τὰ
1145 3627 1426 3697 μέλλοντα,
1463 3628 1537 3691 ὡς
1581 3631 1613 3698 ἡ
1659 3628 1807 3697 βάτος

1915 3625 2102 3680 futura
2159 3627 2542 3697 prmluduntur
2583 3636 2636 3681 et
2684 3627 3130 3696 prasignantur;
3182 3624 3486 3694 cujusmodi

235 3723 334 3776 καί
359 3723 388 3774 6
424 3718 519 3770 ἐπὶ
567 3717 731 3772 πόκον
763 3718 936 3784 ὑετὸς,
965 3718 1062 3790 τὴν
1106 3718 1378 3789 Παρθένον
1407 3720 1499 3772 καὶ
1525 3719 1807 3786 Θεοτόκον1

1911 3714 2012 3768 fuit
2032 3716 2200 3770 rubus
2223 3718 2293 3778 τί,
2324 3715 2625 3786 pluviaque
2656 3716 2713 3769 in
2731 3715 2899 3769 vellus
2919 3712 3178 3768 decidens
3201 3715 3266 3778 ⁷⁸,
3289 3714 3487 3784 quibus

236 3814 334 3868 καὶ
355 3815 390 3884 ή
424 3809 640 3883 ῥάϐδος,
666 3813 759 3865 καὶ
801 3813 833 3881 ἡ
879 3812 1142 3881 στάμνος·
1174 3812 1266 3866 καὶ
1293 3811 1368 3875 ὡς
1399 3814 1426 3865 6
1454 3811 1576 3880 δφις
1600 3811 1728 3874 τοὺς
1754 3813 1807 3864 τὸ

1923 3806 2090 3877 Virgo
2120 3815 2175 3862 et
2212 3807 2445 3877 Deipara
2470 3805 3037 3876 praemonstrabatur;
3064 3805 3303 3874 itemque
3337 3804 3490 3874 virga

235 3908 425 3975 δῆγμα
471 3901 559 3954 διὰ
589 3900 826 3972 σταυροῦ
860 3905 1311 3974 καταργήσαντας
1338 3901 1351 3939 ι
1381 3900 1474 3955 τοῦ
1505 3901 1807 3972 ἀρχεκάκου

1920 3905 1974 3953 et
2005 3914 2165 3953 urna.
2195 3897 2286 3952 Sic
2320 3915 2553 3968 serpens
2579 3913 2770 3954 aeneus
2803 3913 2929 3953 eum
2961 3897 3091 3950 olim
3128 3897 3487 3967 ﬁgurabat",

236 3999 418 4066 ὄφεως
437 4013 450 4025 ·
489 3995 524 4064 ἦ
548 4012 607 4047 τε
631 3994 893 4059 θάλασσα,
922 3995 983 4048 τὸ
1013 3994 1176 4066 ὕδωρ,
1204 3995 1300 4047 καὶ
1327 3996 1359 4064 ἡ
1387 3995 1600 4064 νεφέλη,
1623 3995 1684 4047 τὸ
1719 3993 1807 4049 τοῦ

1921 3986 2014 4054 qui
2046 3985 2324 4054 serpentis
2380 3986 2648 4040 malorum
2697 3983 2944 4038 auctoris
2995 3998 3240 4036 morsum
3303 3993 3490 4050 postea

243 4085 625 4155 βαπτίσματος
649 4085 895 4154 Πνεῦμα.

1908 2814 2046 2883 gorii
2075 2813 2337 2884 Theologi
2373 2815 2539 2868 verba
2564 2815 2607 2846 ”
2642 2830 2656 2866 :
2688 2813 3052 2878 Quantutnvis
3084 2814 3294 2869 laboret
3323 2828 3479 2868 mers

1909 2911 2118 2967 nostra,
2156 2919 2244 2959 res
2272 2919 2570 2973 corporeas
2596 2904 2880 2958 transilire
2909 2920 3256 2973 nequaquam
3295 2905 3437 2957 valet
3466 2921 3479 2957 :

1910 2996 2002 3050 sed
2045 3013 2062 3045 ι
2088 2996 2388 3050 invisibilia
2447 2995 2537 3049 Dei
2574 3010 2667 3064 per
2701 3010 2763 3050 ea
2793 3011 2912 3066 qua:
2968 2996 3111 3051 facta
3142 3002 3290 3059 sunt,
3324 2996 3485 3050 intel-

1923 4077 2160 4128 sanavit.
2202 4073 2296 4127 Sic
2355 4073 2575 4128 demum
2624 4088 2810 4138 mare,
2873 4072 3135 4142 baptismi
3187 4087 3382 4142 aquam
3436 4081 3490 4126 et

1923 4165 2101 4219 nubes
2125 4165 2173 4195 "‘
2199 4165 2446 4234 ejusdem
2475 4163 2744 4235 Spiritum
2779 4164 3209 4234 praesignabant.

314 4258 419 4328 κγ’.
453 4259 651 4321 Ἕκτος
700 4259 901 4328 τρόπος
933 4261 1160 4326 εἰκόνος,
1192 4263 1225 4332 ή
1277 4263 1414 4335 πρὸς
1461 4265 1681 4335 μνήμην
1710 4264 1807 4318 τῶι

1992 4256 2083 4310 25.
2117 4254 2342 4311 Sextum
2373 4273 2550 4327 genus
2578 4257 2879 4326 imaginum
2918 4255 3049 4309 illud
3095 4262 3202 4316 est,
3256 4252 3401 4322 quod
3432 4255 3489 4308 in

245 4347 629 4420 γεγονότων,ἢ
680 4346 1043 4420 θαύματος,ῆ
1093 4352 1310 4421 ἀρετῆς,
1345 4352 1480 4423 πρὸς
1523 4354 1680 4418 δόξαν
1725 4355 1807 4408 καὶ

1922 4347 2002 4401 rei
2033 4357 2206 4418 gesta:
2227 4349 2550 4403 memoriam
2583 4349 2947 4402 constitutum
2979 4354 3083 4406 est,
3119 4346 3235 4400 sive
3271 4345 3358 4398 illa
3390 4348 3490 4399 mi-

248 4423 412 4512 τῖμὴν
441 4437 537 4492 καὶ
563 4438 963 4508 στηλογραφίαν
992 4441 1100 4493 τῶν
1127 4443 1580 4510 άριστευσάντων,
1625 4444 1718 4498 καί
1760 4446 1807 4497 ἐν

1925 4439 2175 4492 raculum
2209 4438 2509 4506 quoddam,
2538 4438 2659 4491 sive
2693 4437 2859 4490 etiam
2906 4435 3224 4505 praeclarum
3277 4435 3491 4493 facinus

246 4533 415 4605 ἀρετῇ
451 4527 882 4598 διαπρεψάντων,
923 4530 956 4601 ἢ
989 4532 1208 4599 κακίας,
1241 4532 1379 4602 πρὸς
1413 4532 1680 4603 θρίαμϐον
1724 4533 1807 4587 καί

1921 4528 2089 4584 fuerit
2119 4545 2136 4595 ;
2168 4528 2235 4581 ad
2259 4527 2493 4598 gloriam
2526 4527 2814 4589 nimirum,
2868 4535 2923 4580 et
2963 4528 3250 4592 honorem,
3282 4536 3335 4581 et
3370 4545 3487 4581 mo—

249 4620 509 4691 αἰσχύνην
542 4618 651 4672 τῶν
698 4619 974 4673 κακίστων
1005 4621 1235 4692 ἀνδρῶν,
1270 4623 1406 4693 πρὸς
1430 4622 1529 4693 τὴν
1558 4609 1635 4687 εἰς
1663 4623 1807 4676 ὕστε-

1921 4630 2246 4675 numentum
2279 4619 2536 4683 illorum,
2573 4618 2665 4686 qui
2709 4627 2820 4670 tum
2877 4617 3046 4670 animi
3093 4618 3487 4686 magnitudine,

253 4730 343 4785 ρον
384 4710 491 4765 τῶν
539 4707 825 4781 θεωμένων
867 4711 1169 4781 ὠφέλειαν·
1205 4714 1280 4776 ὼς
1322 4715 1390 4768 ἂν
1430 4716 1497 4768 τά
1533 4717 1628 4786 μὲν
1673 4715 1807 4770 κακὰ

1922 4718 2033 4764 tum
2080 4709 2137 4762 in
2182 4707 2484 4762 Virtutibus
2533 4708 2852 4763 excolendis
2904 4708 3324 4777 praecelluerunt
3357 4727 3369 4761 :
3407 4710 3491 4763 vel

254 4803 532 4870 φύγωμεν,
555 4798 656 4862 τὰς
684 4799 741 4852 δὲ
770 4801 973 4870 ἀρετὰς
1000 4801 1352 4873 ζηλώσωμεν.
1380 4805 1548 4876 Διπλῆ
1576 4805 1632 4858 δὲ
1657 4805 1807 4876 αῦτη·

1922 4799 2072 4870 quod
2107 4798 2378 4855 adversus
2407 4799 2734 4866 nequitiam,
2767 4799 2945 4853 instar
2970 4800 3260 4870 triumphi,
3296 4802 3350 4854 in
3392 4801 3492 4854 im-

255 4893 343 4948 διά
375 4910 434 4945 τε
473 4891 634 4960 λόγου
684 4894 806 4955 ταῖς
840 4892 1042 4962 βίϐλοις
1074 4896 1484 4966 ἐγγραφομένου
1506 4911 1518 4926 ⁸
1565 4896 1807 4960 είκονίξει

1924 4891 2225 4962 proborum
2263 4890 2550 4946 hominum
2602 4892 2983 4962 ignominiam,
3020 4900 3072 4946 et
3119 4891 3184 4945 ad
3235 4900 3490 4962 postero-

249 5005 280 5054 γ
295 4985 364 5054 ἀρ
390 4985 450 5037 τὸ
473 4983 710 5054 γράμμα
737 4983 828 5038 τὸν
865 4984 1042 5055 λόγον,
1077 4986 1150 5050 ὡς
1177 4990 1204 5040 ό
1237 4987 1368 5050 Θεὸς
1401 4988 1490 5041 τὸν
1520 4989 1682 5059 νόμον
1702 4991 1807 5051 ταῖς

1926 4997 2046 5038 rum
2080 4982 2374 5038 utilitatem
2395 4984 2754 5054 spectandum
2779 4985 3105 5055 proponitur
3131 5002 3144 5051 ;
3169 5000 3278 5054 quo
3297 4999 3492 5051 nempe

255 5072 450 5137 πλαξὶν
494 5073 805 5142 ἐνεκόλαψε,
835 5075 929 5129 καὶ
973 5076 1098 5138 τοὺς
1147 5074 1255 5128 τῶν
1304 5075 1563 5144 θεοφιλῶν
1613 5076 1807 5146 ἀνδρῶι

1927 5081 2044 5128 tum
2099 5073 2232 5128 vitia
2275 5073 2570 5144 fugiamus,
2614 5083 2726 5131 tum
2785 5077 3019 5132 virtutes
3073 5089 3488 5146 persequamur.

256 5164 409 5226 βίους
467 5162 848 5231 ἀωγράπτους
891 5162 1148 5232 γενέσθαι
1205 5163 1539 5234 προσέταξε⁶
1588 5165 1684 5218 καὶ
1733 5163 1807 5218 διό

1927 5163 2079 5220 Istud
2119 5179 2283 5236 porro
2330 5166 2530 5236 duplex
2565 5176 2671 5224 est.
2706 5169 2811 5222 Aut
2846 5168 2992 5223 enim
3041 5183 3136 5236 per
3184 5177 3488 5221 sermonem

257 5249 493 5318 θεωρίας
519 5251 801 5324 αἰσθητῆς,
831 5255 906 5319 ὡς
947 5255 1044 5328 τὴν
1069 5255 1326 5328 στάμνον,
1358 5255 1452 5310 καὶ
1483 5255 1582 5327 τὴν
1633 5255 1807 5326 ῥάϐδοι

1931 5258 1988 5314 in
2008 5258 2164 5316 libris
2187 5261 2556 5331 conscriptum
2579 5261 2871 5318 exhibetur
2892 5260 3188 5331 (scriptura
3215 5254 3488 5326 siquidem

337 5427 382 5460 ⁸⁸
412 5427 484 5503 _De
519 5430 708 5503 divinis
731 5447 871 5503 nam.
911 5449 1030 5503 cap.
1068 5436 1118 5490 1.

1211 5438 1254 5471 ⁸⁸
1285 5446 1423 5492 erat.
1461 5437 1550 5492 54.
1635 5437 1682 5469 ⁷ο
1715 5437 1807 5492 Ro:

1908 5454 1944 5504 ι,
1974 5437 2063 5493 20.
2134 5439 2176 5471 '"
2205 5438 2374 5496 Exod.
2421 5455 2502 5504 ιιι,
2534 5439 2588 5492 2.
2677 5439 2722 5470 ⁷³
2757 5436 2939 5492 Judic.
2971 5450 3043 5500 vr,
3087 5431 3175 5487 40.
3258 5430 3304 5464 ⁷³
3327 5428 3485 5485 Num.

275 5515 380 5562 ut,
406 5500 458 5554 9.
527 5499 574 5532 "
609 5501 781 5555 Exod.
820 5499 1040 5572 xtv,20.

1552 5613 1777 5672 VARle
1807 5612 2098 5673 LECTION
2105 5615 2202 5670 ES.

351 5703 677 5774 lSuperﬁua
708 5705 941 5776 negatio.
1025 5705 1041 5745 ι
1077 5706 1297 5764 Emend.
1347 5713 1436 5766 τὸν
1489 5713 1929 5784 καταργήσαντα,
1971 5717 2028 5764 ut
2061 5709 2113 5762 in
2157 5716 2293 5761 orat.
2342 5710 2360 5761 l
2397 5725 2410 5773 ;
2453 5720 2575 5760 nam
2613 5703 2884 5759 Christum
2910 5700 3104 5771 innuit.
