  <div class='ocr_page' id='page_1' title='image "/cluster/home/n/w/nwhite01/storage/ocr_20150623/94/mdp.39015008918610/679.png"; bbox 0 0 4074 6146; ppageno 0'>
   <div class='ocr_carea' id='block_1_1' title="bbox 461 295 600 360">
    <p class='ocr_par' dir='ltr' id='par_1_1' title="bbox 461 295 600 360">
     <span class='ocr_line' id='line_1_1' title="bbox 461 295 600 360; baseline 0.007 -1"><span class='ocrx_word' id='word_1_1' title='bbox 461 295 600 360; x_wconf 80' lang='grc'><strong>1343</strong></span> 
     </span>
    </p>
   </div>
   <div class='ocr_carea' id='block_1_2' title="bbox 1645 288 2515 364">
    <p class='ocr_par' dir='ltr' id='par_1_2' title="bbox 1645 288 2515 364">
     <span class='ocr_line' id='line_1_2' title="bbox 1645 288 2515 364; baseline 0 -2"><span class='ocrx_word' id='word_1_2' title='bbox 1645 303 1705 362; x_wconf 90' lang='lat' dir='ltr'><strong>s.</strong></span> <span class='ocrx_word' id='word_1_3' title='bbox 1741 288 2060 364; x_wconf 80' lang='lat' dir='ltr'><strong>JOANNIS</strong></span> <span class='ocrx_word' id='word_1_4' title='bbox 2088 303 2515 363; x_wconf 80' lang='lat' dir='ltr'><strong>DAMASCENI</strong></span> 
     </span>
    </p>
   </div>
   <div class='ocr_carea' id='block_1_3' title="bbox 3575 299 3709 364">
    <p class='ocr_par' dir='ltr' id='par_1_3' title="bbox 3575 299 3709 364">
     <span class='ocr_line' id='line_1_3' title="bbox 3575 299 3709 364; baseline 0.015 -2"><span class='ocrx_word' id='word_1_5' title='bbox 3575 299 3709 364; x_wconf 68' lang='grc'><strong>1344</strong></span> 
     </span>
    </p>
   </div>
   <div class='ocr_carea' id='block_1_4' title="bbox 462 407 2044 482">
    <p class='ocr_par' dir='ltr' id='par_1_4' title="bbox 462 408 2020 480">
     <span class='ocr_line' id='line_1_4' title="bbox 462 408 2020 480; baseline 0 -14"><span class='ocrx_word' id='word_1_6' title='bbox 462 410 734 466; x_wconf 87' lang='lat' dir='ltr'><strong>sermonis</strong></span> <span class='ocrx_word' id='word_1_7' title='bbox 793 409 1084 478; x_wconf 83' lang='lat' dir='ltr'><strong>quamdam</strong></span> <span class='ocrx_word' id='word_1_8' title='bbox 1141 408 1433 480; x_wconf 77' lang='lat' dir='ltr'><strong>imaginem</strong></span> <span class='ocrx_word' id='word_1_9' title='bbox 1495 408 1684 480; x_wconf 80' lang='lat' dir='ltr'><strong>refert)</strong></span> <span class='ocrx_word' id='word_1_10' title='bbox 1721 413 2020 467; x_wconf 89' lang='lat' dir='ltr'><strong>velutcum</strong></span> 
     </span>
    </p>
   </div>
   <div class='ocr_carea' id='block_1_5' title="bbox 2150 407 3713 482">
    <p class='ocr_par' dir='ltr' id='par_1_5' title="bbox 2150 407 3713 482">
     <span class='ocr_line' id='line_1_5' title="bbox 2150 407 3713 482; baseline 0.002 -21"><span class='ocrx_word' id='word_1_11' title='bbox 2150 429 2185 464; x_wconf 89' lang='grc' dir='ltr'><strong>,ν</strong></span> <span class='ocrx_word' id='word_1_12' title='bbox 2226 415 2292 482; x_wconf 82' lang='grc' dir='ltr'>τῇ</span> <span class='ocrx_word' id='word_1_13' title='bbox 2341 410 2557 482; x_wconf 77' lang='grc' dir='ltr'>κιϐωτῷ</span> <span class='ocrx_word' id='word_1_14' title='bbox 2601 409 2822 480; x_wconf 81' lang='grc' dir='ltr'>τεθῆναι</span> <span class='ocrx_word' id='word_1_15' title='bbox 2855 407 3209 479; x_wconf 81' lang='grc' dir='ltr'><strong>προσέταξεν,</strong></span> <span class='ocrx_word' id='word_1_16' title='bbox 3247 409 3325 472; x_wconf 86' lang='grc' dir='ltr'><strong>είς</strong></span> <span class='ocrx_word' id='word_1_17' title='bbox 3363 407 3713 478; x_wconf 85' lang='grc' dir='ltr'>μνημόσυνον</span> 
     </span>
    </p>
   </div>
   <div class='ocr_carea' id='block_1_6' title="bbox 461 499 2033 570">
    <p class='ocr_par' dir='ltr' id='par_1_6' title="bbox 461 499 2033 570">
     <span class='ocr_line' id='line_1_6' title="bbox 461 499 2033 570; baseline 0.001 -14"><span class='ocrx_word' id='word_1_18' title='bbox 461 504 610 560; x_wconf 88' lang='lat' dir='ltr'><strong>Deus</strong></span> <span class='ocrx_word' id='word_1_19' title='bbox 641 503 841 557; x_wconf 86' lang='lat' dir='ltr'><strong>tabulis</strong></span> <span class='ocrx_word' id='word_1_20' title='bbox 887 503 1059 570; x_wconf 81' lang='lat' dir='ltr'><strong>legem</strong></span> <span class='ocrx_word' id='word_1_21' title='bbox 1112 499 1494 570; x_wconf 85' lang='lat' dir='ltr'><strong>insculpsit&quot;,</strong></span> <span class='ocrx_word' id='word_1_22' title='bbox 1525 507 1581 554; x_wconf 89' lang='lat' dir='ltr'><strong>et</strong></span> <span class='ocrx_word' id='word_1_23' title='bbox 1632 501 1878 555; x_wconf 88' lang='lat' dir='ltr'><strong>virorum</strong></span> <span class='ocrx_word' id='word_1_24' title='bbox 1928 503 2033 557; x_wconf 87' lang='lat' dir='ltr'><strong>sibi</strong></span> 
     </span>
    </p>
   </div>
   <div class='ocr_carea' id='block_1_7' title="bbox 460 591 2032 661">
    <p class='ocr_par' dir='ltr' id='par_1_7' title="bbox 460 591 2032 661">
     <span class='ocr_line' id='line_1_7' title="bbox 460 591 2032 661; baseline -0.001 -13"><span class='ocrx_word' id='word_1_25' title='bbox 460 595 757 648; x_wconf 87' lang='lat' dir='ltr'><strong>charorum</strong></span> <span class='ocrx_word' id='word_1_26' title='bbox 793 592 964 645; x_wconf 81' lang='lat' dir='ltr'><strong>vitam</strong></span> <span class='ocrx_word' id='word_1_27' title='bbox 1005 592 1206 647; x_wconf 89' lang='lat' dir='ltr'><strong>litteris</strong></span> <span class='ocrx_word' id='word_1_28' title='bbox 1259 592 1572 661; x_wconf 71' lang='lat' dir='ltr'><strong>consignari</strong></span> <span class='ocrx_word' id='word_1_29' title='bbox 1608 591 1884 660; x_wconf 76' lang='lat' dir='ltr'><strong>jussit&quot;:</strong></span> <span class='ocrx_word' id='word_1_30' title='bbox 1943 603 2032 648; x_wconf 86' lang='lat' dir='ltr'><strong>aut</strong></span> 
     </span>
    </p>
   </div>
   <div class='ocr_carea' id='block_1_8' title="bbox 459 679 2036 750">
    <p class='ocr_par' dir='ltr' id='par_1_8' title="bbox 459 679 2036 750">
     <span class='ocr_line' id='line_1_8' title="bbox 459 679 2036 750; baseline 0.002 -16"><span class='ocrx_word' id='word_1_31' title='bbox 459 681 636 734; x_wconf 89' lang='lat' dir='ltr'><strong>oculis</strong></span> <span class='ocrx_word' id='word_1_32' title='bbox 660 680 993 733; x_wconf 90' lang='lat' dir='ltr'><strong>cernendum</strong></span> <span class='ocrx_word' id='word_1_33' title='bbox 1043 679 1359 748; x_wconf 85' lang='lat' dir='ltr'><strong>subjicitur,</strong></span> <span class='ocrx_word' id='word_1_34' title='bbox 1428 689 1488 734; x_wconf 94' lang='lat' dir='ltr'><strong>ut</strong></span> <span class='ocrx_word' id='word_1_35' title='bbox 1523 695 1648 734; x_wconf 91' lang='lat' dir='ltr'><strong>cum</strong></span> <span class='ocrx_word' id='word_1_36' title='bbox 1692 681 1746 734; x_wconf 90' lang='lat' dir='ltr'><strong>in</strong></span> <span class='ocrx_word' id='word_1_37' title='bbox 1800 696 2036 750; x_wconf 87' lang='lat' dir='ltr'><strong>perenne</strong></span> 
     </span>
    </p>
   </div>
   <div class='ocr_carea' id='block_1_9' title="bbox 465 769 2036 840">
    <p class='ocr_par' dir='ltr' id='par_1_9' title="bbox 465 769 2036 840">
     <span class='ocr_line' id='line_1_9' title="bbox 465 769 2036 840; baseline 0.002 -18"><span class='ocrx_word' id='word_1_38' title='bbox 465 769 858 823; x_wconf 83' lang='lat' dir='ltr'><strong>monimentum</strong></span> <span class='ocrx_word' id='word_1_39' title='bbox 901 785 1096 823; x_wconf 89' lang='lat' dir='ltr'><strong>urnam</strong></span> <span class='ocrx_word' id='word_1_40' title='bbox 1118 771 1187 835; x_wconf 86' lang='lat'><strong>&quot;&quot;,</strong></span> <span class='ocrx_word' id='word_1_41' title='bbox 1235 769 1398 840; x_wconf 77' lang='lat'><strong>356</strong></span> <span class='ocrx_word' id='word_1_42' title='bbox 1442 777 1496 824; x_wconf 86' lang='lat' dir='ltr'><strong>et</strong></span> <span class='ocrx_word' id='word_1_43' title='bbox 1542 771 1755 840; x_wconf 82' lang='lat' dir='ltr'><strong>virgam</strong></span> <span class='ocrx_word' id='word_1_44' title='bbox 1812 771 1865 824; x_wconf 92' lang='lat' dir='ltr'><strong>in</strong></span> <span class='ocrx_word' id='word_1_45' title='bbox 1907 786 2036 825; x_wconf 89' lang='lat' dir='ltr'><strong>arca</strong></span> 
     </span>
    </p>
   </div>
   <div class='ocr_carea' id='block_1_10' title="bbox 465 861 2033 929">
    <p class='ocr_par' dir='ltr' id='par_1_10' title="bbox 465 861 2033 929">
     <span class='ocr_line' id='line_1_10' title="bbox 465 861 2033 929; baseline 0.003 -17"><span class='ocrx_word' id='word_1_46' title='bbox 465 864 657 929; x_wconf 80' lang='lat' dir='ltr'><strong>reponi</strong></span> <span class='ocrx_word' id='word_1_47' title='bbox 708 862 1071 929; x_wconf 65' lang='lat' dir='ltr'><strong>praeepit&quot;,</strong></span> <span class='ocrx_word' id='word_1_48' title='bbox 1120 875 1333 914; x_wconf 88' lang='lat' dir='ltr'><strong>necnon</strong></span> <span class='ocrx_word' id='word_1_49' title='bbox 1396 869 1457 914; x_wconf 92' lang='lat' dir='ltr'><strong>ut</strong></span> <span class='ocrx_word' id='word_1_50' title='bbox 1507 861 1730 915; x_wconf 87' lang='lat' dir='ltr'><strong>nomina</strong></span> <span class='ocrx_word' id='word_1_51' title='bbox 1791 862 2033 916; x_wconf 90' lang='lat' dir='ltr'><strong>tribuum</strong></span> 
     </span>
    </p>
   </div>
   <div class='ocr_carea' id='block_1_11' title="bbox 467 952 2036 1023">
    <p class='ocr_par' dir='ltr' id='par_1_11' title="bbox 467 952 2036 1023">
     <span class='ocr_line' id='line_1_11' title="bbox 467 952 2036 1023; baseline 0.003 -20"><span class='ocrx_word' id='word_1_52' title='bbox 467 952 747 1020; x_wconf 82' lang='lat' dir='ltr'><strong>lapidibus</strong></span> <span class='ocrx_word' id='word_1_53' title='bbox 781 953 1254 1022; x_wconf 88' lang='lat' dir='ltr'><strong>superhumeralis</strong></span> <span class='ocrx_word' id='word_1_54' title='bbox 1316 953 1844 1017; x_wconf 81' lang='lat' dir='ltr'><strong>inscriberentur&quot;,</strong></span> <span class='ocrx_word' id='word_1_55' title='bbox 1872 961 2036 1023; x_wconf 86' lang='lat' dir='ltr'><strong>atque</strong></span> 
     </span>
    </p>
   </div>
   <div class='ocr_carea' id='block_1_12' title="bbox 467 1040 2040 1112">
    <p class='ocr_par' dir='ltr' id='par_1_12' title="bbox 467 1040 2040 1112">
     <span class='ocr_line' id='line_1_12' title="bbox 467 1040 2040 1112; baseline 0.002 -18"><span class='ocrx_word' id='word_1_56' title='bbox 467 1041 759 1096; x_wconf 85' lang='lat' dir='ltr'><strong>duodecim</strong></span> <span class='ocrx_word' id='word_1_57' title='bbox 800 1057 868 1096; x_wconf 84' lang='lat' dir='ltr'><strong>ex</strong></span> <span class='ocrx_word' id='word_1_58' title='bbox 897 1040 1138 1095; x_wconf 84' lang='lat' dir='ltr'><strong>Jordane</strong></span> <span class='ocrx_word' id='word_1_59' title='bbox 1176 1040 1385 1109; x_wconf 87' lang='lat' dir='ltr'><strong>lapides</strong></span> <span class='ocrx_word' id='word_1_60' title='bbox 1428 1042 1776 1107; x_wconf 89' lang='lat' dir='ltr'><strong>tollerentur,</strong></span> <span class='ocrx_word' id='word_1_61' title='bbox 1816 1043 1910 1112; x_wconf 90' lang='lat' dir='ltr'><strong>qui</strong></span> <span class='ocrx_word' id='word_1_62' title='bbox 1947 1057 2040 1097; x_wconf 86' lang='lat' dir='ltr'><strong>sa-</strong></span> 
     </span>
    </p>
   </div>
   <div class='ocr_carea' id='block_1_13' title="bbox 469 1134 2036 1204">
    <p class='ocr_par' dir='ltr' id='par_1_13' title="bbox 469 1134 2036 1204">
     <span class='ocr_line' id='line_1_13' title="bbox 469 1134 2036 1204; baseline 0.003 -17"><span class='ocrx_word' id='word_1_63' title='bbox 469 1134 726 1188; x_wconf 89' lang='lat' dir='ltr'><strong>cerdotes</strong></span> <span class='ocrx_word' id='word_1_64' title='bbox 753 1147 937 1187; x_wconf 87' lang='lat' dir='ltr'><strong>arcam</strong></span> <span class='ocrx_word' id='word_1_65' title='bbox 966 1143 1242 1204; x_wconf 83' lang='lat' dir='ltr'><strong>gestantes</strong></span> <span class='ocrx_word' id='word_1_66' title='bbox 1259 1134 1304 1165; x_wconf 83' lang='grc'><strong>⁸⁰</strong></span> <span class='ocrx_word' id='word_1_67' title='bbox 1334 1134 1508 1203; x_wconf 68' lang='lat' dir='ltr'><strong>(papae</strong></span> <span class='ocrx_word' id='word_1_68' title='bbox 1537 1135 1549 1187; x_wconf 87' lang='lat'><strong>!</strong></span> <span class='ocrx_word' id='word_1_69' title='bbox 1589 1149 1754 1203; x_wconf 81' lang='lat' dir='ltr'><strong>quam</strong></span> <span class='ocrx_word' id='word_1_70' title='bbox 1799 1135 2036 1191; x_wconf 90' lang='lat' dir='ltr'><strong>sublime</strong></span> 
     </span>
    </p>
   </div>
   <div class='ocr_carea' id='block_1_14' title="bbox 470 1219 2031 1292">
    <p class='ocr_par' dir='ltr' id='par_1_14' title="bbox 470 1219 2031 1292">
     <span class='ocr_line' id='line_1_14' title="bbox 470 1219 2031 1292; baseline 0 -16"><span class='ocrx_word' id='word_1_71' title='bbox 470 1222 722 1276; x_wconf 91' lang='lat' dir='ltr'><strong>ﬁdelibus</strong></span> <span class='ocrx_word' id='word_1_72' title='bbox 755 1235 944 1276; x_wconf 79' lang='lat' dir='ltr'><strong>revera</strong></span> <span class='ocrx_word' id='word_1_73' title='bbox 975 1219 1317 1291; x_wconf 82' lang='lat' dir='ltr'><strong>mysterium)</strong></span> <span class='ocrx_word' id='word_1_74' title='bbox 1346 1221 1802 1291; x_wconf 87' lang='lat' dir='ltr'><strong>deﬁeientemque</strong></span> <span class='ocrx_word' id='word_1_75' title='bbox 1834 1239 2031 1292; x_wconf 87' lang='lat' dir='ltr'><strong>aquam</strong></span> 
     </span>
    </p>
   </div>
   <div class='ocr_carea' id='block_1_15' title="bbox 469 1311 2033 1385">
    <p class='ocr_par' dir='ltr' id='par_1_15' title="bbox 469 1311 2033 1385">
     <span class='ocr_line' id='line_1_15' title="bbox 469 1311 2033 1385; baseline 0.001 -17"><span class='ocrx_word' id='word_1_76' title='bbox 469 1313 868 1383; x_wconf 88' lang='lat' dir='ltr'><strong>signiﬁcarent.</strong></span> <span class='ocrx_word' id='word_1_77' title='bbox 901 1311 1187 1367; x_wconf 87' lang='lat' dir='ltr'><strong>Consimili</strong></span> <span class='ocrx_word' id='word_1_78' title='bbox 1216 1313 1378 1367; x_wconf 91' lang='lat' dir='ltr'><strong>modo</strong></span> <span class='ocrx_word' id='word_1_79' title='bbox 1424 1329 1570 1368; x_wconf 91' lang='lat' dir='ltr'><strong>nunc</strong></span> <span class='ocrx_word' id='word_1_80' title='bbox 1609 1330 1829 1385; x_wconf 87' lang='lat' dir='ltr'><strong>quoque</strong></span> <span class='ocrx_word' id='word_1_81' title='bbox 1879 1317 2033 1370; x_wconf 87' lang='lat' dir='ltr'><strong>viro--</strong></span> 
     </span>
    </p>
   </div>
   <div class='ocr_carea' id='block_1_16' title="bbox 470 1404 2036 1476">
    <p class='ocr_par' dir='ltr' id='par_1_16' title="bbox 470 1404 2036 1476">
     <span class='ocr_line' id='line_1_16' title="bbox 470 1404 2036 1476; baseline 0.003 -18"><span class='ocrx_word' id='word_1_82' title='bbox 470 1417 592 1458; x_wconf 89' lang='lat' dir='ltr'><strong>rum</strong></span> <span class='ocrx_word' id='word_1_83' title='bbox 629 1405 831 1460; x_wconf 86' lang='lat' dir='ltr'><strong>virtute</strong></span> <span class='ocrx_word' id='word_1_84' title='bbox 871 1404 1248 1474; x_wconf 68' lang='lat' dir='ltr'><strong>praestantium</strong></span> <span class='ocrx_word' id='word_1_85' title='bbox 1296 1406 1562 1476; x_wconf 87' lang='lat' dir='ltr'><strong>imagines</strong></span> <span class='ocrx_word' id='word_1_86' title='bbox 1597 1421 1814 1461; x_wconf 94' lang='lat' dir='ltr'><strong>summo</strong></span> <span class='ocrx_word' id='word_1_87' title='bbox 1852 1409 2036 1463; x_wconf 88' lang='lat' dir='ltr'><strong>studio</strong></span> 
     </span>
    </p>
   </div>
   <div class='ocr_carea' id='block_1_17' title="bbox 470 1494 2034 1563">
    <p class='ocr_par' dir='ltr' id='par_1_17' title="bbox 470 1494 2034 1563">
     <span class='ocr_line' id='line_1_17' title="bbox 470 1494 2034 1563; baseline 0.004 -16"><span class='ocrx_word' id='word_1_88' title='bbox 470 1494 835 1556; x_wconf 88' lang='lat' dir='ltr'><strong>delineamus.</strong></span> <span class='ocrx_word' id='word_1_89' title='bbox 858 1495 1058 1563; x_wconf 88' lang='lat' dir='ltr'><strong>quibus</strong></span> <span class='ocrx_word' id='word_1_90' title='bbox 1090 1505 1205 1548; x_wconf 86' lang='lat' dir='ltr'><strong>tum</strong></span> <span class='ocrx_word' id='word_1_91' title='bbox 1241 1495 1306 1547; x_wconf 88' lang='lat' dir='ltr'><strong>ad</strong></span> <span class='ocrx_word' id='word_1_92' title='bbox 1338 1510 1432 1550; x_wconf 87' lang='lat' dir='ltr'><strong>eos</strong></span> <span class='ocrx_word' id='word_1_93' title='bbox 1455 1495 1796 1551; x_wconf 71' lang='lat' dir='ltr'><strong>aemulandos</strong></span> <span class='ocrx_word' id='word_1_94' title='bbox 1827 1497 2034 1553; x_wconf 83' lang='lat' dir='ltr'><strong>excite-</strong></span> 
     </span>
    </p>
   </div>
   <div class='ocr_carea' id='block_1_18' title="bbox 2135 497 3712 569">
    <p class='ocr_par' dir='ltr' id='par_1_18' title="bbox 2135 497 3712 569">
     <span class='ocr_line' id='line_1_18' title="bbox 2135 497 3712 569; baseline -0.002 -15"><span class='ocrx_word' id='word_1_95' title='bbox 2135 499 2354 555; x_wconf 80' lang='grc' dir='ltr'>αἰώνιον</span> <span class='ocrx_word' id='word_1_96' title='bbox 2376 517 2392 533; x_wconf 79' lang='grc' dir='ltr'><strong>ο</strong></span> <span class='ocrx_word' id='word_1_97' title='bbox 2422 501 2515 553; x_wconf 71' lang='grc' dir='ltr'>καὶ</span> <span class='ocrx_word' id='word_1_98' title='bbox 2542 500 2619 563; x_wconf 87' lang='grc' dir='ltr'>ὡς</span> <span class='ocrx_word' id='word_1_99' title='bbox 2646 500 2715 552; x_wconf 80' lang='grc' dir='ltr'>τὰ</span> <span class='ocrx_word' id='word_1_100' title='bbox 2742 499 2984 569; x_wconf 85' lang='grc' dir='ltr'>ὀνόματα</span> <span class='ocrx_word' id='word_1_101' title='bbox 3011 499 3118 552; x_wconf 89' lang='grc' dir='ltr'><strong>τῶν</strong></span> <span class='ocrx_word' id='word_1_102' title='bbox 3148 497 3332 566; x_wconf 86' lang='grc' dir='ltr'>φυλῶν</span> <span class='ocrx_word' id='word_1_103' title='bbox 3364 498 3712 569; x_wconf 78' lang='grc' dir='ltr'>ἑγκολαφθῆ-</span> 
     </span>
    </p>
   </div>
   <div class='ocr_carea' id='block_1_19' title="bbox 2133 589 3712 660">
    <p class='ocr_par' dir='ltr' id='par_1_19' title="bbox 2133 589 3712 660">
     <span class='ocr_line' id='line_1_19' title="bbox 2133 589 3712 660; baseline -0.002 -16"><span class='ocrx_word' id='word_1_104' title='bbox 2133 609 2220 646; x_wconf 85' lang='grc' dir='ltr'><strong>ναι</strong></span> <span class='ocrx_word' id='word_1_105' title='bbox 2270 594 2384 655; x_wconf 87' lang='grc' dir='ltr'>τοῖς</span> <span class='ocrx_word' id='word_1_106' title='bbox 2433 591 2604 654; x_wconf 81' lang='grc' dir='ltr'>λίθοις</span> <span class='ocrx_word' id='word_1_107' title='bbox 2647 591 2747 660; x_wconf 80' lang='grc' dir='ltr'><strong>τῆς</strong></span> <span class='ocrx_word' id='word_1_108' title='bbox 2797 590 3070 660; x_wconf 79' lang='grc' dir='ltr'><strong>ἐπωμίδος</strong></span> <span class='ocrx_word' id='word_1_109' title='bbox 3127 589 3443 643; x_wconf 68' lang='grc' dir='ltr'>ἑκέλευσενυ</span> <span class='ocrx_word' id='word_1_110' title='bbox 3489 591 3551 643; x_wconf 84' lang='grc' dir='ltr'><strong>οὐ</strong></span> <span class='ocrx_word' id='word_1_111' title='bbox 3600 590 3712 660; x_wconf 85' lang='grc' dir='ltr'>μὴν</span> 
     </span>
    </p>
   </div>
   <div class='ocr_carea' id='block_1_20' title="bbox 2136 681 3717 754">
    <p class='ocr_par' dir='ltr' id='par_1_20' title="bbox 2136 681 3717 754">
     <span class='ocr_line' id='line_1_20' title="bbox 2136 681 3717 754; baseline -0.003 -15"><span class='ocrx_word' id='word_1_112' title='bbox 2136 685 2271 739; x_wconf 74' lang='grc' dir='ltr'>ἀλλὰ</span> <span class='ocrx_word' id='word_1_113' title='bbox 2303 685 2396 740; x_wconf 77' lang='grc' dir='ltr'><strong>καὶ</strong></span> <span class='ocrx_word' id='word_1_114' title='bbox 2423 686 2548 748; x_wconf 79' lang='grc' dir='ltr'>τοὺς</span> <span class='ocrx_word' id='word_1_115' title='bbox 2577 685 2783 738; x_wconf 85' lang='grc' dir='ltr'>δώδεκα</span> <span class='ocrx_word' id='word_1_116' title='bbox 2821 683 3002 746; x_wconf 81' lang='grc' dir='ltr'>λίθους</span> <span class='ocrx_word' id='word_1_117' title='bbox 3031 683 3261 754; x_wconf 79' lang='grc' dir='ltr'><strong>ἀρθῆναι</strong></span> <span class='ocrx_word' id='word_1_118' title='bbox 3291 683 3357 735; x_wconf 85' lang='grc' dir='ltr'><strong>ἑκ</strong></span> <span class='ocrx_word' id='word_1_119' title='bbox 3385 681 3475 734; x_wconf 89' lang='grc' dir='ltr'><strong>τοῦ</strong></span> <span class='ocrx_word' id='word_1_120' title='bbox 3511 682 3717 752; x_wconf 84' lang='grc' dir='ltr'>Ἰορδά-</span> 
     </span>
    </p>
   </div>
   <div class='ocr_carea' id='block_1_21' title="bbox 2135 773 3715 848">
    <p class='ocr_par' dir='ltr' id='par_1_21' title="bbox 2135 773 3715 848">
     <span class='ocr_line' id='line_1_21' title="bbox 2135 773 3715 848; baseline -0.003 -17"><span class='ocrx_word' id='word_1_121' title='bbox 2135 795 2226 831; x_wconf 90' lang='grc' dir='ltr'><strong>νου</strong></span> <span class='ocrx_word' id='word_1_122' title='bbox 2257 779 2338 842; x_wconf 88' lang='grc' dir='ltr'><strong>είς</strong></span> <span class='ocrx_word' id='word_1_123' title='bbox 2371 778 2542 831; x_wconf 85' lang='grc' dir='ltr'>τύπον</span> <span class='ocrx_word' id='word_1_124' title='bbox 2567 778 2674 829; x_wconf 85' lang='grc' dir='ltr'><strong>τῶν</strong></span> <span class='ocrx_word' id='word_1_125' title='bbox 2709 778 2900 848; x_wconf 84' lang='grc' dir='ltr'><strong>ἱερέων</strong></span> <span class='ocrx_word' id='word_1_126' title='bbox 2935 775 3122 846; x_wconf 72' lang='grc' dir='ltr'>(βαϐαὶ</span> <span class='ocrx_word' id='word_1_127' title='bbox 3141 774 3234 828; x_wconf 91' lang='grc' dir='ltr'><strong>τοῦ</strong></span> <span class='ocrx_word' id='word_1_128' title='bbox 3273 773 3607 843; x_wconf 81' lang='grc' dir='ltr'>μυστηρίουί</span> <span class='ocrx_word' id='word_1_129' title='bbox 3638 773 3715 838; x_wconf 82' lang='grc' dir='ltr'>ὡς</span> 
     </span>
    </p>
   </div>
   <div class='ocr_carea' id='block_1_22' title="bbox 2140 864 3715 940">
    <p class='ocr_par' dir='ltr' id='par_1_22' title="bbox 2140 864 3715 940">
     <span class='ocr_line' id='line_1_22' title="bbox 2140 864 3715 940; baseline -0.004 -18"><span class='ocrx_word' id='word_1_130' title='bbox 2140 868 2394 940; x_wconf 86' lang='grc' dir='ltr'>μέγιστον</span> <span class='ocrx_word' id='word_1_131' title='bbox 2415 871 2525 931; x_wconf 88' lang='grc' dir='ltr'>τοῖς</span> <span class='ocrx_word' id='word_1_132' title='bbox 2557 869 2766 929; x_wconf 81' lang='grc' dir='ltr'><strong>πιστοῖς</strong></span> <span class='ocrx_word' id='word_1_133' title='bbox 2796 867 2855 918; x_wconf 87' lang='grc' dir='ltr'><strong>ἑν</strong></span> <span class='ocrx_word' id='word_1_134' title='bbox 2870 864 3097 936; x_wconf 73' lang='grc' dir='ltr'>ἀληθείᾳ</span> <span class='ocrx_word' id='word_1_135' title='bbox 3119 864 3178 934; x_wconf 90' lang='lat' dir='ltr'><strong>l),</strong></span> <span class='ocrx_word' id='word_1_136' title='bbox 3199 864 3308 916; x_wconf 91' lang='grc' dir='ltr'><strong>τῶν</strong></span> <span class='ocrx_word' id='word_1_137' title='bbox 3329 865 3593 934; x_wconf 87' lang='grc' dir='ltr'>αίρόντων</span> <span class='ocrx_word' id='word_1_138' title='bbox 3618 864 3715 934; x_wconf 86' lang='grc' dir='ltr'>τὴν</span> 
     </span>
    </p>
   </div>
   <div class='ocr_carea' id='block_1_23' title="bbox 2137 955 3718 1028">
    <p class='ocr_par' dir='ltr' id='par_1_23' title="bbox 2137 955 3718 1028">
     <span class='ocr_line' id='line_1_23' title="bbox 2137 955 3718 1028; baseline -0.004 -14"><span class='ocrx_word' id='word_1_139' title='bbox 2137 959 2390 1023; x_wconf 80' lang='grc' dir='ltr'>κιϐωτὸν,</span> <span class='ocrx_word' id='word_1_140' title='bbox 2439 961 2533 1014; x_wconf 77' lang='grc' dir='ltr'>καὶ</span> <span class='ocrx_word' id='word_1_141' title='bbox 2584 961 2680 1028; x_wconf 79' lang='grc' dir='ltr'><strong>τῆς</strong></span> <span class='ocrx_word' id='word_1_142' title='bbox 2717 958 2809 1011; x_wconf 90' lang='grc' dir='ltr'><strong>τοῦ</strong></span> <span class='ocrx_word' id='word_1_143' title='bbox 2850 958 3044 1020; x_wconf 79' lang='grc' dir='ltr'>ὓδατος</span> <span class='ocrx_word' id='word_1_144' title='bbox 3081 956 3401 1025; x_wconf 78' lang='grc' dir='ltr'><strong>ἐκλείψεως.</strong></span> <span class='ocrx_word' id='word_1_145' title='bbox 3434 955 3590 1008; x_wconf 86' lang='grc' dir='ltr'>υῦτω</span> <span class='ocrx_word' id='word_1_146' title='bbox 3623 957 3718 1008; x_wconf 74' lang='grc' dir='ltr'>καὶ</span> 
     </span>
    </p>
   </div>
   <div class='ocr_carea' id='block_1_24' title="bbox 2137 1037 3717 1114">
    <p class='ocr_par' dir='ltr' id='par_1_24' title="bbox 2137 1037 3717 1114">
     <span class='ocr_line' id='line_1_24' title="bbox 2137 1037 3717 1114; baseline -0.006 -11"><span class='ocrx_word' id='word_1_147' title='bbox 2137 1049 2232 1103; x_wconf 90' lang='grc' dir='ltr'><strong>νῦν</strong></span> <span class='ocrx_word' id='word_1_148' title='bbox 2275 1049 2374 1112; x_wconf 84' lang='grc' dir='ltr'>τὰς</span> <span class='ocrx_word' id='word_1_149' title='bbox 2429 1037 2643 1112; x_wconf 80' lang='grc' dir='ltr'>εἰκόνας</span> <span class='ocrx_word' id='word_1_150' title='bbox 2693 1048 2802 1101; x_wconf 90' lang='grc' dir='ltr'><strong>τῶν</strong></span> <span class='ocrx_word' id='word_1_151' title='bbox 2849 1045 3152 1114; x_wconf 79' lang='grc' dir='ltr'>γεγονότων</span> <span class='ocrx_word' id='word_1_152' title='bbox 3191 1044 3462 1114; x_wconf 87' lang='grc' dir='ltr'>ἑναρέτων</span> <span class='ocrx_word' id='word_1_153' title='bbox 3509 1043 3717 1113; x_wconf 83' lang='grc' dir='ltr'>ἀνδρῶν</span> 
     </span>
    </p>
   </div>
   <div class='ocr_carea' id='block_1_25' title="bbox 2141 1135 3718 1210">
    <p class='ocr_par' dir='ltr' id='par_1_25' title="bbox 2141 1135 3718 1210">
     <span class='ocr_line' id='line_1_25' title="bbox 2141 1135 3718 1210; baseline -0.003 -18"><span class='ocrx_word' id='word_1_154' title='bbox 2141 1139 2277 1210; x_wconf 78' lang='grc' dir='ltr'>πρὸς</span> <span class='ocrx_word' id='word_1_155' title='bbox 2305 1139 2486 1207; x_wconf 81' lang='grc' dir='ltr'>ζῆλον,</span> <span class='ocrx_word' id='word_1_156' title='bbox 2525 1140 2621 1193; x_wconf 79' lang='grc' dir='ltr'>καὶ</span> <span class='ocrx_word' id='word_1_157' title='bbox 2651 1141 2890 1209; x_wconf 84' lang='grc' dir='ltr'>μνήμην,</span> <span class='ocrx_word' id='word_1_158' title='bbox 2919 1139 3012 1190; x_wconf 75' lang='grc' dir='ltr'>καὶ</span> <span class='ocrx_word' id='word_1_159' title='bbox 3041 1136 3200 1207; x_wconf 81' lang='grc' dir='ltr'>ζῆλον</span> <span class='ocrx_word' id='word_1_160' title='bbox 3224 1136 3383 1206; x_wconf 81' lang='grc' dir='ltr'>ἡμῶν</span> <span class='ocrx_word' id='word_1_161' title='bbox 3413 1135 3563 1205; x_wconf 83' lang='grc' dir='ltr'>πόθῳ</span> <span class='ocrx_word' id='word_1_162' title='bbox 3596 1137 3718 1189; x_wconf 85' lang='grc' dir='ltr'>ἀνα-</span> 
     </span>
    </p>
   </div>
   <div class='ocr_carea' id='block_1_26' title="bbox 2141 1227 3721 1300">
    <p class='ocr_par' dir='ltr' id='par_1_26' title="bbox 2141 1227 3721 1300">
     <span class='ocr_line' id='line_1_26' title="bbox 2141 1227 3721 1300; baseline -0.003 -17"><span class='ocrx_word' id='word_1_163' title='bbox 2141 1230 2460 1300; x_wconf 79' lang='grc' dir='ltr'>γράφομενο</span> <span class='ocrx_word' id='word_1_164' title='bbox 2508 1229 2542 1299; x_wconf 82' lang='grc' dir='ltr'>ἦ</span> <span class='ocrx_word' id='word_1_165' title='bbox 2592 1229 2770 1282; x_wconf 78' lang='grc' dir='ltr'>τοίνυν</span> <span class='ocrx_word' id='word_1_166' title='bbox 2801 1229 2980 1281; x_wconf 78' lang='grc' dir='ltr'>πᾶσαν</span> <span class='ocrx_word' id='word_1_167' title='bbox 3020 1227 3205 1280; x_wconf 75' lang='grc' dir='ltr'>εἰκόνα</span> <span class='ocrx_word' id='word_1_168' title='bbox 3233 1227 3410 1289; x_wconf 79' lang='grc' dir='ltr'>ἄνελε,</span> <span class='ocrx_word' id='word_1_169' title='bbox 3443 1229 3538 1280; x_wconf 78' lang='lat' dir='ltr'><strong>xal.</strong></span> <span class='ocrx_word' id='word_1_170' title='bbox 3573 1227 3721 1279; x_wconf 79' lang='grc' dir='ltr'>ἀντι-</span> 
     </span>
    </p>
   </div>
   <div class='ocr_carea' id='block_1_27' title="bbox 2141 1316 3719 1389">
    <p class='ocr_par' dir='ltr' id='par_1_27' title="bbox 2141 1316 3719 1389">
     <span class='ocr_line' id='line_1_27' title="bbox 2141 1316 3719 1389; baseline -0.001 -18"><span class='ocrx_word' id='word_1_171' title='bbox 2141 1318 2419 1388; x_wconf 88' lang='grc' dir='ltr'>νομοθέτει</span> <span class='ocrx_word' id='word_1_172' title='bbox 2469 1317 2548 1389; x_wconf 84' lang='grc' dir='ltr'>τῷ</span> <span class='ocrx_word' id='word_1_173' title='bbox 2592 1319 2762 1371; x_wconf 89' lang='grc' dir='ltr'>ταῦτα</span> <span class='ocrx_word' id='word_1_174' title='bbox 2813 1317 3180 1388; x_wconf 83' lang='grc' dir='ltr'><strong>προστάξαντι</strong></span> <span class='ocrx_word' id='word_1_175' title='bbox 3229 1317 3557 1386; x_wconf 78' lang='grc' dir='ltr'>γίνεσθαι,ἢ</span> <span class='ocrx_word' id='word_1_176' title='bbox 3591 1316 3719 1370; x_wconf 67' lang='grc' dir='ltr'>ἑκάς</span> 
     </span>
    </p>
   </div>
   <div class='ocr_carea' id='block_1_28' title="bbox 2145 1405 3723 1480">
    <p class='ocr_par' dir='ltr' id='par_1_28' title="bbox 2145 1405 3723 1480">
     <span class='ocr_line' id='line_1_28' title="bbox 2145 1405 3723 1480; baseline -0.003 -18"><span class='ocrx_word' id='word_1_177' title='bbox 2145 1425 2276 1478; x_wconf 89' lang='grc' dir='ltr'>στην</span> <span class='ocrx_word' id='word_1_178' title='bbox 2314 1410 2488 1480; x_wconf 82' lang='grc' dir='ltr'><strong>δέχου,</strong></span> <span class='ocrx_word' id='word_1_179' title='bbox 2515 1410 2658 1463; x_wconf 75' lang='grc' dir='ltr'>κατὰ</span> <span class='ocrx_word' id='word_1_180' title='bbox 2704 1410 2796 1461; x_wconf 74' lang='grc' dir='ltr'>τὸν</span> <span class='ocrx_word' id='word_1_181' title='bbox 2847 1408 3052 1479; x_wconf 81' lang='grc' dir='ltr'>ἑκάστῃ</span> <span class='ocrx_word' id='word_1_182' title='bbox 3103 1407 3382 1478; x_wconf 83' lang='grc' dir='ltr'><strong>πρέποντα</strong></span> <span class='ocrx_word' id='word_1_183' title='bbox 3425 1407 3580 1475; x_wconf 85' lang='grc' dir='ltr'>λόγον</span> <span class='ocrx_word' id='word_1_184' title='bbox 3625 1405 3723 1460; x_wconf 75' lang='grc' dir='ltr'>καὶ</span> 
     </span>
    </p>
   </div>
   <div class='ocr_carea' id='block_1_29' title="bbox 2143 1502 2361 1572">
    <p class='ocr_par' dir='ltr' id='par_1_29' title="bbox 2143 1502 2361 1572">
     <span class='ocr_line' id='line_1_29' title="bbox 2143 1502 2361 1572; baseline 0 -18"><span class='ocrx_word' id='word_1_185' title='bbox 2143 1502 2361 1572; x_wconf 83' lang='grc' dir='ltr'>τρόπον.</span> 
     </span>
    </p>
   </div>
   <div class='ocr_carea' id='block_1_30' title="bbox 479 1584 3710 1663">
    <p class='ocr_par' dir='ltr' id='par_1_30' title="bbox 479 1584 3710 1663">
     <span class='ocr_line' id='line_1_30' title="bbox 479 1584 3710 1663; baseline 0.002 -27"><span class='ocrx_word' id='word_1_186' title='bbox 479 1598 624 1651; x_wconf 91' lang='lat' dir='ltr'><strong>mur,</strong></span> <span class='ocrx_word' id='word_1_187' title='bbox 662 1593 774 1638; x_wconf 92' lang='lat' dir='ltr'><strong>tum</strong></span> <span class='ocrx_word' id='word_1_188' title='bbox 805 1592 866 1638; x_wconf 88' lang='lat' dir='ltr'><strong>ut</strong></span> <span class='ocrx_word' id='word_1_189' title='bbox 895 1599 1084 1639; x_wconf 90' lang='lat' dir='ltr'><strong>eorum</strong></span> <span class='ocrx_word' id='word_1_190' title='bbox 1115 1584 1443 1653; x_wconf 89' lang='lat' dir='ltr'><strong>perfricetur</strong></span> <span class='ocrx_word' id='word_1_191' title='bbox 1470 1587 1754 1640; x_wconf 89' lang='lat' dir='ltr'><strong>memoria.</strong></span> <span class='ocrx_word' id='word_1_192' title='bbox 1795 1587 1902 1642; x_wconf 79' lang='lat' dir='ltr'><strong>Aut</strong></span> <span class='ocrx_word' id='word_1_193' title='bbox 1932 1587 2099 1658; x_wconf 83' lang='lat' dir='ltr'><strong>igitur</strong></span> <span class='ocrx_word' id='word_1_194' title='bbox 2129 1605 2347 1646; x_wconf 90' lang='lat' dir='ltr'><strong>omnem</strong></span> <span class='ocrx_word' id='word_1_195' title='bbox 2379 1608 2609 1663; x_wconf 89' lang='lat' dir='ltr'><strong>prorsus</strong></span> <span class='ocrx_word' id='word_1_196' title='bbox 2640 1591 2794 1646; x_wconf 88' lang='lat' dir='ltr'><strong>aufer</strong></span> <span class='ocrx_word' id='word_1_197' title='bbox 2861 1590 3178 1661; x_wconf 88' lang='lat' dir='ltr'><strong>imaginem,</strong></span> <span class='ocrx_word' id='word_1_198' title='bbox 3247 1596 3342 1643; x_wconf 86' lang='lat' dir='ltr'><strong>aut</strong></span> <span class='ocrx_word' id='word_1_199' title='bbox 3409 1589 3552 1660; x_wconf 83' lang='lat' dir='ltr'><strong>leges</strong></span> <span class='ocrx_word' id='word_1_200' title='bbox 3611 1587 3710 1642; x_wconf 79' lang='lat' dir='ltr'><strong>ad-</strong></span> 
     </span>
    </p>
   </div>
   <div class='ocr_carea' id='block_1_31' title="bbox 475 1675 1898 1748">
    <p class='ocr_par' dir='ltr' id='par_1_31' title="bbox 475 1675 1898 1748">
     <span class='ocr_line' id='line_1_31' title="bbox 475 1675 1898 1748; baseline 0.007 -24"><span class='ocrx_word' id='word_1_201' title='bbox 475 1689 672 1730; x_wconf 79' lang='lat' dir='ltr'><strong>versus</strong></span> <span class='ocrx_word' id='word_1_202' title='bbox 738 1675 890 1729; x_wconf 91' lang='lat' dir='ltr'><strong>illum</strong></span> <span class='ocrx_word' id='word_1_203' title='bbox 960 1675 1055 1742; x_wconf 91' lang='lat' dir='ltr'><strong>qui</strong></span> <span class='ocrx_word' id='word_1_204' title='bbox 1119 1677 1231 1731; x_wconf 62' lang='lat' dir='ltr'><strong>ha‘c</strong></span> <span class='ocrx_word' id='word_1_205' title='bbox 1277 1678 1390 1732; x_wconf 89' lang='lat' dir='ltr'><strong>ﬁeri</strong></span> <span class='ocrx_word' id='word_1_206' title='bbox 1447 1678 1640 1748; x_wconf 88' lang='lat' dir='ltr'><strong>jussit,</strong></span> <span class='ocrx_word' id='word_1_207' title='bbox 1698 1687 1898 1744; x_wconf 80' lang='lat' dir='ltr'><strong>statue,</strong></span> 
     </span>
    </p>
   </div>
   <div class='ocr_carea' id='block_1_32' title="bbox 477 1764 1435 1832">
    <p class='ocr_par' dir='ltr' id='par_1_32' title="bbox 477 1764 1435 1832">
     <span class='ocr_line' id='line_1_32' title="bbox 477 1764 1435 1832; baseline 0.003 -14"><span class='ocrx_word' id='word_1_208' title='bbox 477 1764 700 1818; x_wconf 91' lang='lat' dir='ltr'><strong>modum</strong></span> <span class='ocrx_word' id='word_1_209' title='bbox 736 1764 1023 1832; x_wconf 89' lang='lat' dir='ltr'><strong>complecti</strong></span> <span class='ocrx_word' id='word_1_210' title='bbox 1057 1778 1167 1818; x_wconf 88' lang='lat' dir='ltr'><strong>non</strong></span> <span class='ocrx_word' id='word_1_211' title='bbox 1193 1765 1435 1821; x_wconf 86' lang='lat' dir='ltr'><strong>dubites.</strong></span> 
     </span>
    </p>
   </div>
   <div class='ocr_carea' id='block_1_33' title="bbox 1982 1680 3715 1755">
    <p class='ocr_par' dir='ltr' id='par_1_33' title="bbox 1982 1680 3715 1755">
     <span class='ocr_line' id='line_1_33' title="bbox 1982 1680 3715 1755; baseline -0.001 -22"><span class='ocrx_word' id='word_1_212' title='bbox 1982 1688 2074 1734; x_wconf 88' lang='lat' dir='ltr'><strong>aut</strong></span> <span class='ocrx_word' id='word_1_213' title='bbox 2114 1697 2560 1755; x_wconf 82' lang='lat' dir='ltr'><strong>unamquamque</strong></span> <span class='ocrx_word' id='word_1_214' title='bbox 2635 1684 2939 1740; x_wconf 88' lang='lat' dir='ltr'><strong>secundum</strong></span> <span class='ocrx_word' id='word_1_215' title='bbox 3011 1682 3280 1750; x_wconf 87' lang='lat' dir='ltr'><strong>cujusque</strong></span> <span class='ocrx_word' id='word_1_216' title='bbox 3339 1680 3610 1734; x_wconf 88' lang='lat' dir='ltr'><strong>rationem</strong></span> <span class='ocrx_word' id='word_1_217' title='bbox 3657 1685 3715 1733; x_wconf 88' lang='lat' dir='ltr'><strong>et</strong></span> 
     </span>
    </p>
   </div>
   <div class='ocr_carea' id='block_1_34' title="bbox 469 1856 2044 1933">
    <p class='ocr_par' dir='ltr' id='par_1_34' title="bbox 469 1858 2035 1933">
     <span class='ocr_line' id='line_1_34' title="bbox 469 1858 2035 1933; baseline 0.004 -22"><span class='ocrx_word' id='word_1_218' title='bbox 469 1861 536 1916; x_wconf 74' lang='grc' dir='ltr'>4ο</span> <span class='ocrx_word' id='word_1_219' title='bbox 565 1858 706 1924; x_wconf 81' lang='lat' dir='ltr'><strong>Quid</strong></span> <span class='ocrx_word' id='word_1_220' title='bbox 740 1859 967 1926; x_wconf 77' lang='lat' dir='ltr'><strong>imagine</strong></span> <span class='ocrx_word' id='word_1_221' title='bbox 1002 1868 1440 1923; x_wconf 68' lang='lat' dir='ltr'><strong>reprazsentemr:</strong></span> <span class='ocrx_word' id='word_1_222' title='bbox 1477 1869 1525 1913; x_wconf 82' lang='lat' dir='ltr'><strong>et</strong></span> <span class='ocrx_word' id='word_1_223' title='bbox 1559 1862 1687 1933; x_wconf 79' lang='lat' dir='ltr'><strong>quid</strong></span> <span class='ocrx_word' id='word_1_224' title='bbox 1732 1863 1908 1932; x_wconf 87' lang='lat' dir='ltr'><strong>imago</strong></span> <span class='ocrx_word' id='word_1_225' title='bbox 1950 1879 2035 1918; x_wconf 85' lang='lat' dir='ltr'><strong>re-</strong></span> 
     </span>
    </p>
   </div>
   <div class='ocr_carea' id='block_1_35' title="bbox 2150 1856 3726 1933">
    <p class='ocr_par' dir='ltr' id='par_1_35' title="bbox 2150 1856 3726 1933">
     <span class='ocr_line' id='line_1_35' title="bbox 2150 1856 3726 1933; baseline -0.007 -14"><span class='ocrx_word' id='word_1_226' title='bbox 2150 1865 2454 1933; x_wconf 78' lang='grc' dir='ltr'>Τέταρτον,</span> <span class='ocrx_word' id='word_1_227' title='bbox 2484 1863 2542 1916; x_wconf 85' lang='grc' dir='ltr'><strong>τί</strong></span> <span class='ocrx_word' id='word_1_228' title='bbox 2571 1862 2638 1916; x_wconf 82' lang='grc' dir='ltr'>τὸ</span> <span class='ocrx_word' id='word_1_229' title='bbox 2674 1859 3130 1933; x_wconf 59' lang='grc' dir='ltr'>είκοτιζίξμενον,</span> <span class='ocrx_word' id='word_1_230' title='bbox 3169 1856 3270 1933; x_wconf 72' lang='grc' dir='ltr'><strong>καί</strong></span> <span class='ocrx_word' id='word_1_231' title='bbox 3297 1856 3470 1933; x_wconf 42' lang='grc' dir='ltr'>τί.μὴ</span> <span class='ocrx_word' id='word_1_232' title='bbox 3506 1857 3726 1910; x_wconf 69' lang='lat' dir='ltr'><strong>abson-</strong></span> 
     </span>
    </p>
   </div>
   <div class='ocr_carea' id='block_1_36' title="bbox 540 1931 2041 2003">
    <p class='ocr_par' dir='ltr' id='par_1_36' title="bbox 540 1931 2041 2003">
     <span class='ocr_line' id='line_1_36' title="bbox 540 1931 2041 2003; baseline 0.005 -23"><span class='ocrx_word' id='word_1_233' title='bbox 540 1937 866 1996; x_wconf 71' lang='lat' dir='ltr'><strong>prwsentare</strong></span> <span class='ocrx_word' id='word_1_234' title='bbox 896 1938 1114 2003; x_wconf 70' lang='lat' dir='ltr'><strong>nequeat</strong></span> <span class='ocrx_word' id='word_1_235' title='bbox 1139 1946 1157 1992; x_wconf 90' lang='lat'><strong><em>;</em></strong></span> <span class='ocrx_word' id='word_1_236' title='bbox 1186 1938 1236 1984; x_wconf 85' lang='lat' dir='ltr'><strong>et</strong></span> <span class='ocrx_word' id='word_1_237' title='bbox 1263 1947 1493 2000; x_wconf 83' lang='lat' dir='ltr'><strong>quonam</strong></span> <span class='ocrx_word' id='word_1_238' title='bbox 1531 1931 1684 1985; x_wconf 85' lang='lat' dir='ltr'><strong>modo</strong></span> <span class='ocrx_word' id='word_1_239' title='bbox 1705 1931 2041 2003; x_wconf 79' lang='lat' dir='ltr'><strong>unumquod-</strong></span> 
     </span>
    </p>
   </div>
   <div class='ocr_carea' id='block_1_37' title="bbox 539 2007 1093 2068">
    <p class='ocr_par' dir='ltr' id='par_1_37' title="bbox 539 2007 1093 2068">
     <span class='ocr_line' id='line_1_37' title="bbox 539 2007 1093 2068; baseline -0.002 -17"><span class='ocrx_word' id='word_1_240' title='bbox 539 2013 638 2068; x_wconf 86' lang='lat' dir='ltr'><strong>que</strong></span> <span class='ocrx_word' id='word_1_241' title='bbox 669 2007 1093 2066; x_wconf 76' lang='lat' dir='ltr'><strong>reprwsentelur.</strong></span> 
     </span>
    </p>
   </div>
   <div class='ocr_carea' id='block_1_38' title="bbox 542 2089 2046 2162">
    <p class='ocr_par' dir='ltr' id='par_1_38' title="bbox 542 2089 2046 2162">
     <span class='ocr_line' id='line_1_38' title="bbox 542 2089 2046 2162; baseline 0.005 -20"><span class='ocrx_word' id='word_1_242' title='bbox 542 2089 633 2142; x_wconf 72' lang='grc'><strong>24.</strong></span> <span class='ocrx_word' id='word_1_243' title='bbox 661 2089 964 2158; x_wconf 89' lang='lat' dir='ltr'><strong>Corporum</strong></span> <span class='ocrx_word' id='word_1_244' title='bbox 1000 2089 1244 2157; x_wconf 89' lang='lat' dir='ltr'><strong>quidem,</strong></span> <span class='ocrx_word' id='word_1_245' title='bbox 1284 2097 1344 2143; x_wconf 92' lang='lat' dir='ltr'><strong>ut</strong></span> <span class='ocrx_word' id='word_1_246' title='bbox 1391 2105 1513 2159; x_wconf 67' lang='lat' dir='ltr'><strong>quae</strong></span> <span class='ocrx_word' id='word_1_247' title='bbox 1551 2091 1772 2162; x_wconf 87' lang='lat' dir='ltr'><strong>ﬁguras,</strong></span> <span class='ocrx_word' id='word_1_248' title='bbox 1812 2094 2046 2150; x_wconf 87' lang='lat' dir='ltr'><strong>limites-</strong></span> 
     </span>
    </p>
   </div>
   <div class='ocr_carea' id='block_1_39' title="bbox 473 2180 2044 2252">
    <p class='ocr_par' dir='ltr' id='par_1_39' title="bbox 473 2180 2044 2252">
     <span class='ocr_line' id='line_1_39' title="bbox 473 2180 2044 2252; baseline 0.006 -20"><span class='ocrx_word' id='word_1_249' title='bbox 473 2192 582 2247; x_wconf 86' lang='lat' dir='ltr'><strong>que</strong></span> <span class='ocrx_word' id='word_1_250' title='bbox 606 2192 921 2246; x_wconf 91' lang='lat' dir='ltr'><strong>corporeos,</strong></span> <span class='ocrx_word' id='word_1_251' title='bbox 953 2186 1009 2232; x_wconf 89' lang='lat' dir='ltr'><strong>et</strong></span> <span class='ocrx_word' id='word_1_252' title='bbox 1033 2180 1278 2234; x_wconf 87' lang='lat' dir='ltr'><strong>colorem</strong></span> <span class='ocrx_word' id='word_1_253' title='bbox 1317 2182 1541 2244; x_wconf 90' lang='lat' dir='ltr'><strong>habent,</strong></span> <span class='ocrx_word' id='word_1_254' title='bbox 1585 2183 1854 2252; x_wconf 84' lang='lat' dir='ltr'><strong>imagines</strong></span> <span class='ocrx_word' id='word_1_255' title='bbox 1899 2185 2044 2241; x_wconf 87' lang='lat' dir='ltr'><strong>haud</strong></span> 
     </span>
    </p>
   </div>
   <div class='ocr_carea' id='block_1_40' title="bbox 475 2269 2047 2345">
    <p class='ocr_par' dir='ltr' id='par_1_40' title="bbox 475 2269 2047 2345">
     <span class='ocr_line' id='line_1_40' title="bbox 475 2269 2047 2345; baseline 0.006 -21"><span class='ocrx_word' id='word_1_256' title='bbox 475 2269 904 2340; x_wconf 85' lang='lat' dir='ltr'><strong>incongruentcr</strong></span> <span class='ocrx_word' id='word_1_257' title='bbox 969 2271 1375 2328; x_wconf 79' lang='lat' dir='ltr'><strong>deformantur.</strong></span> <span class='ocrx_word' id='word_1_258' title='bbox 1439 2276 1680 2345; x_wconf 84' lang='lat' dir='ltr'><strong>Angelus</strong></span> <span class='ocrx_word' id='word_1_259' title='bbox 1754 2293 1917 2343; x_wconf 86' lang='lat' dir='ltr'><strong>vero,</strong></span> <span class='ocrx_word' id='word_1_260' title='bbox 1992 2287 2047 2333; x_wconf 88' lang='lat' dir='ltr'><strong>et</strong></span> 
     </span>
    </p>
   </div>
   <div class='ocr_carea' id='block_1_41' title="bbox 475 2363 2046 2440">
    <p class='ocr_par' dir='ltr' id='par_1_41' title="bbox 475 2363 2046 2440">
     <span class='ocr_line' id='line_1_41' title="bbox 475 2363 2046 2440; baseline 0.006 -25"><span class='ocrx_word' id='word_1_261' title='bbox 475 2363 682 2426; x_wconf 87' lang='lat' dir='ltr'><strong>anima,</strong></span> <span class='ocrx_word' id='word_1_262' title='bbox 729 2372 780 2418; x_wconf 91' lang='lat' dir='ltr'><strong>et</strong></span> <span class='ocrx_word' id='word_1_263' title='bbox 815 2364 1113 2428; x_wconf 67' lang='lat' dir='ltr'><strong>daamones,</strong></span> <span class='ocrx_word' id='word_1_264' title='bbox 1161 2364 1290 2421; x_wconf 91' lang='lat' dir='ltr'><strong>licet</strong></span> <span class='ocrx_word' id='word_1_265' title='bbox 1325 2382 1650 2436; x_wconf 88' lang='lat' dir='ltr'><strong>corporeum</strong></span> <span class='ocrx_word' id='word_1_266' title='bbox 1690 2385 2046 2440; x_wconf 86' lang='lat' dir='ltr'><strong>crassumque</strong></span> 
     </span>
    </p>
   </div>
   <div class='ocr_carea' id='block_1_42' title="bbox 474 2453 2048 2529">
    <p class='ocr_par' dir='ltr' id='par_1_42' title="bbox 474 2453 2048 2529">
     <span class='ocr_line' id='line_1_42' title="bbox 474 2453 2048 2529; baseline 0.006 -23"><span class='ocrx_word' id='word_1_267' title='bbox 474 2453 612 2507; x_wconf 87' lang='lat' dir='ltr'><strong>nihil</strong></span> <span class='ocrx_word' id='word_1_268' title='bbox 643 2454 952 2520; x_wconf 79' lang='lat' dir='ltr'><strong>admittant,</strong></span> <span class='ocrx_word' id='word_1_269' title='bbox 986 2465 1182 2524; x_wconf 88' lang='lat' dir='ltr'><strong>suapte</strong></span> <span class='ocrx_word' id='word_1_270' title='bbox 1219 2465 1402 2513; x_wconf 86' lang='lat' dir='ltr'><strong>tamen</strong></span> <span class='ocrx_word' id='word_1_271' title='bbox 1437 2468 1632 2513; x_wconf 87' lang='lat' dir='ltr'><strong>natura</strong></span> <span class='ocrx_word' id='word_1_272' title='bbox 1661 2461 1967 2529; x_wconf 85' lang='lat' dir='ltr'><strong>ﬁgurantur</strong></span> <span class='ocrx_word' id='word_1_273' title='bbox 1995 2471 2048 2516; x_wconf 88' lang='lat' dir='ltr'><strong>et</strong></span> 
     </span>
    </p>
   </div>
   <div class='ocr_carea' id='block_1_43' title="bbox 474 2540 2041 2614">
    <p class='ocr_par' dir='ltr' id='par_1_43' title="bbox 474 2540 2041 2614">
     <span class='ocr_line' id='line_1_43' title="bbox 474 2540 2041 2614; baseline 0.008 -22"><span class='ocrx_word' id='word_1_274' title='bbox 474 2540 1038 2596; x_wconf 80' lang='lat' dir='ltr'><strong>circumscrilmntur.</strong></span> <span class='ocrx_word' id='word_1_275' title='bbox 1093 2543 1226 2597; x_wconf 87' lang='lat' dir='ltr'><strong>Nam</strong></span> <span class='ocrx_word' id='word_1_276' title='bbox 1264 2547 1392 2614; x_wconf 88' lang='lat' dir='ltr'><strong>quia</strong></span> <span class='ocrx_word' id='word_1_277' title='bbox 1435 2547 1836 2604; x_wconf 87' lang='lat' dir='ltr'><strong>intellectuales</strong></span> <span class='ocrx_word' id='word_1_278' title='bbox 1889 2557 2041 2612; x_wconf 88' lang='lat' dir='ltr'><strong>sunt,</strong></span> 
     </span>
    </p>
   </div>
   <div class='ocr_carea' id='block_1_44' title="bbox 475 2629 2046 2707">
    <p class='ocr_par' dir='ltr' id='par_1_44' title="bbox 475 2629 2046 2707">
     <span class='ocr_line' id='line_1_44' title="bbox 475 2629 2046 2707; baseline 0.008 -25"><span class='ocrx_word' id='word_1_279' title='bbox 475 2629 836 2683; x_wconf 88' lang='lat' dir='ltr'><strong>intellectuali</strong></span> <span class='ocrx_word' id='word_1_280' title='bbox 871 2636 1036 2684; x_wconf 81' lang='lat' dir='ltr'><strong>modo</strong></span> <span class='ocrx_word' id='word_1_281' title='bbox 1081 2633 1137 2687; x_wconf 89' lang='lat' dir='ltr'><strong>in</strong></span> <span class='ocrx_word' id='word_1_282' title='bbox 1186 2635 1324 2689; x_wconf 87' lang='lat' dir='ltr'><strong>locis</strong></span> <span class='ocrx_word' id='word_1_283' title='bbox 1376 2636 1817 2707; x_wconf 88' lang='lat' dir='ltr'><strong>intelligibilibus</strong></span> <span class='ocrx_word' id='word_1_284' title='bbox 1853 2639 2046 2701; x_wconf 84' lang='lat' dir='ltr'><strong>adesse</strong></span> 
     </span>
    </p>
   </div>
   <div class='ocr_carea' id='block_1_45' title="bbox 475 2717 2044 2797">
    <p class='ocr_par' dir='ltr' id='par_1_45' title="bbox 475 2717 2044 2797">
     <span class='ocr_line' id='line_1_45' title="bbox 475 2717 2044 2797; baseline 0.008 -28"><span class='ocrx_word' id='word_1_285' title='bbox 475 2717 779 2771; x_wconf 87' lang='lat' dir='ltr'><strong>creduntur</strong></span> <span class='ocrx_word' id='word_1_286' title='bbox 821 2729 873 2774; x_wconf 88' lang='lat' dir='ltr'><strong>et</strong></span> <span class='ocrx_word' id='word_1_287' title='bbox 930 2736 1113 2792; x_wconf 88' lang='lat' dir='ltr'><strong>agere.</strong></span> <span class='ocrx_word' id='word_1_288' title='bbox 1160 2723 1240 2777; x_wconf 88' lang='lat' dir='ltr'><strong>Ad</strong></span> <span class='ocrx_word' id='word_1_289' title='bbox 1282 2725 1460 2778; x_wconf 90' lang='lat' dir='ltr'><strong>instar</strong></span> <span class='ocrx_word' id='word_1_290' title='bbox 1519 2725 1703 2794; x_wconf 78' lang='lat' dir='ltr'><strong>itaque</strong></span> <span class='ocrx_word' id='word_1_291' title='bbox 1751 2743 2044 2797; x_wconf 92' lang='lat' dir='ltr'><strong>corporum</strong></span> 
     </span>
    </p>
   </div>
   <div class='ocr_carea' id='block_1_46' title="bbox 475 2807 2047 2885">
    <p class='ocr_par' dir='ltr' id='par_1_46' title="bbox 475 2807 2047 2885">
     <span class='ocr_line' id='line_1_46' title="bbox 475 2807 2047 2885; baseline 0.008 -25"><span class='ocrx_word' id='word_1_292' title='bbox 475 2807 838 2878; x_wconf 76' lang='lat' dir='ltr'><strong>efﬁnguntur,</strong></span> <span class='ocrx_word' id='word_1_293' title='bbox 876 2813 954 2865; x_wconf 90' lang='lat' dir='ltr'><strong>uti</strong></span> <span class='ocrx_word' id='word_1_294' title='bbox 994 2813 1205 2882; x_wconf 80' lang='lat' dir='ltr'><strong>Moyses</strong></span> <span class='ocrx_word' id='word_1_295' title='bbox 1258 2814 1557 2870; x_wconf 90' lang='lat' dir='ltr'><strong>Cherubim</strong></span> <span class='ocrx_word' id='word_1_296' title='bbox 1607 2818 1930 2885; x_wconf 86' lang='lat' dir='ltr'><strong>designavit,</strong></span> <span class='ocrx_word' id='word_1_297' title='bbox 1993 2827 2047 2872; x_wconf 90' lang='lat' dir='ltr'><strong>et</strong></span> 
     </span>
    </p>
   </div>
   <div class='ocr_carea' id='block_1_47' title="bbox 475 2895 2046 2977">
    <p class='ocr_par' dir='ltr' id='par_1_47' title="bbox 475 2895 2046 2977">
     <span class='ocr_line' id='line_1_47' title="bbox 475 2895 2046 2977; baseline 0.011 -28"><span class='ocrx_word' id='word_1_298' title='bbox 475 2895 582 2966; x_wconf 89' lang='lat' dir='ltr'><strong>ipsi</strong></span> <span class='ocrx_word' id='word_1_299' title='bbox 613 2914 670 2952; x_wconf 84' lang='lat' dir='ltr'><strong>se</strong></span> <span class='ocrx_word' id='word_1_300' title='bbox 701 2902 1133 2968; x_wconf 60' lang='lat' dir='ltr'><strong>consniciendos</strong></span> <span class='ocrx_word' id='word_1_301' title='bbox 1178 2920 1243 2958; x_wconf 91' lang='lat' dir='ltr'><strong>eo</strong></span> <span class='ocrx_word' id='word_1_302' title='bbox 1295 2904 1482 2961; x_wconf 81' lang='lat' dir='ltr'><strong>favore</strong></span> <span class='ocrx_word' id='word_1_303' title='bbox 1513 2907 1694 2977; x_wconf 82' lang='lat' dir='ltr'><strong>dignis</strong></span> <span class='ocrx_word' id='word_1_304' title='bbox 1736 2909 2046 2967; x_wconf 89' lang='lat' dir='ltr'><strong>hominibus</strong></span> 
     </span>
    </p>
   </div>
   <div class='ocr_carea' id='block_1_48' title="bbox 479 2987 2046 3070">
    <p class='ocr_par' dir='ltr' id='par_1_48' title="bbox 479 2987 2046 3070">
     <span class='ocr_line' id='line_1_48' title="bbox 479 2987 2046 3070; baseline 0.011 -32"><span class='ocrx_word' id='word_1_305' title='bbox 479 2987 872 3054; x_wconf 69' lang='lat' dir='ltr'><strong>prmbuerunt;</strong></span> <span class='ocrx_word' id='word_1_306' title='bbox 915 2991 986 3043; x_wconf 88' lang='lat' dir='ltr'><strong>ita</strong></span> <span class='ocrx_word' id='word_1_307' title='bbox 1034 3001 1092 3045; x_wconf 91' lang='lat' dir='ltr'><strong>ut</strong></span> <span class='ocrx_word' id='word_1_308' title='bbox 1137 2994 1314 3062; x_wconf 87' lang='lat' dir='ltr'><strong>imago</strong></span> <span class='ocrx_word' id='word_1_309' title='bbox 1367 3010 1630 3065; x_wconf 88' lang='lat' dir='ltr'><strong>corporea</strong></span> <span class='ocrx_word' id='word_1_310' title='bbox 1668 2999 2046 3070; x_wconf 89' lang='lat' dir='ltr'><strong>incorpoream</strong></span> 
     </span>
    </p>
   </div>
   <div class='ocr_carea' id='block_1_49' title="bbox 475 3079 2049 3160">
    <p class='ocr_par' dir='ltr' id='par_1_49' title="bbox 475 3079 2049 3160">
     <span class='ocr_line' id='line_1_49' title="bbox 475 3079 2049 3160; baseline 0.013 -32"><span class='ocrx_word' id='word_1_311' title='bbox 475 3079 790 3146; x_wconf 86' lang='lat' dir='ltr'><strong>quamdam,</strong></span> <span class='ocrx_word' id='word_1_312' title='bbox 825 3089 880 3136; x_wconf 88' lang='lat' dir='ltr'><strong>et</strong></span> <span class='ocrx_word' id='word_1_313' title='bbox 915 3100 1035 3152; x_wconf 74' lang='lat' dir='ltr'><strong>qum</strong></span> <span class='ocrx_word' id='word_1_314' title='bbox 1062 3085 1348 3141; x_wconf 89' lang='lat' dir='ltr'><strong>intellectu</strong></span> <span class='ocrx_word' id='word_1_315' title='bbox 1379 3089 1497 3143; x_wconf 91' lang='lat' dir='ltr'><strong>solo</strong></span> <span class='ocrx_word' id='word_1_316' title='bbox 1523 3091 1882 3160; x_wconf 74' lang='lat' dir='ltr'><strong>percipiatur,</strong></span> <span class='ocrx_word' id='word_1_317' title='bbox 1918 3110 2049 3148; x_wconf 89' lang='lat' dir='ltr'><strong>con—</strong></span> 
     </span>
    </p>
   </div>
   <div class='ocr_carea' id='block_1_50' title="bbox 2313 1925 3553 2002">
    <p class='ocr_par' dir='ltr' id='par_1_50' title="bbox 2313 1925 3553 2002">
     <span class='ocr_line' id='line_1_50' title="bbox 2313 1925 3553 2002; baseline -0.007 -15"><span class='ocrx_word' id='word_1_318' title='bbox 2313 1925 2587 2002; x_wconf 78' lang='grc' dir='ltr'>ζόμένον,</span> <span class='ocrx_word' id='word_1_319' title='bbox 2626 1933 2722 1986; x_wconf 80' lang='grc' dir='ltr'>καὶ</span> <span class='ocrx_word' id='word_1_320' title='bbox 2753 1929 2878 1996; x_wconf 81' lang='grc' dir='ltr'><strong>πῶς</strong></span> <span class='ocrx_word' id='word_1_321' title='bbox 2904 1929 3166 1983; x_wconf 80' lang='grc' dir='ltr'>ἕκαστον</span> <span class='ocrx_word' id='word_1_322' title='bbox 3191 1925 3553 1986; x_wconf 75' lang='grc' dir='ltr'>εὶκονίζεται.</span> 
     </span>
    </p>
   </div>
   <div class='ocr_carea' id='block_1_51' title="bbox 2215 2079 3724 2159">
    <p class='ocr_par' dir='ltr' id='par_1_51' title="bbox 2215 2079 3724 2159">
     <span class='ocr_line' id='line_1_51' title="bbox 2215 2079 3724 2159; baseline -0.01 -15"><span class='ocrx_word' id='word_1_323' title='bbox 2215 2091 2313 2144; x_wconf 85' lang='grc' dir='ltr'>κδ’.</span> <span class='ocrx_word' id='word_1_324' title='bbox 2355 2090 2435 2142; x_wconf 84' lang='grc' dir='ltr'><strong>Τὰ</strong></span> <span class='ocrx_word' id='word_1_325' title='bbox 2463 2089 2560 2159; x_wconf 86' lang='grc' dir='ltr'>μὲν</span> <span class='ocrx_word' id='word_1_326' title='bbox 2592 2085 2841 2156; x_wconf 80' lang='grc' dir='ltr'>σώματα,</span> <span class='ocrx_word' id='word_1_327' title='bbox 2880 2083 2956 2147; x_wconf 88' lang='grc' dir='ltr'><strong>ὡς</strong></span> <span class='ocrx_word' id='word_1_328' title='bbox 3000 2081 3097 2136; x_wconf 72' lang='grc' dir='ltr'>καὶ</span> <span class='ocrx_word' id='word_1_329' title='bbox 3126 2081 3405 2151; x_wconf 84' lang='grc' dir='ltr'>σχήματα,</span> <span class='ocrx_word' id='word_1_330' title='bbox 3439 2079 3535 2132; x_wconf 73' lang='grc' dir='ltr'>καὶ</span> <span class='ocrx_word' id='word_1_331' title='bbox 3563 2095 3724 2148; x_wconf 87' lang='grc' dir='ltr'>περι-</span> 
     </span>
    </p>
   </div>
   <div class='ocr_carea' id='block_1_52' title="bbox 2144 2171 3726 2254">
    <p class='ocr_par' dir='ltr' id='par_1_52' title="bbox 2144 2171 3726 2254">
     <span class='ocr_line' id='line_1_52' title="bbox 2144 2171 3726 2254; baseline -0.009 -18"><span class='ocrx_word' id='word_1_332' title='bbox 2144 2182 2361 2254; x_wconf 79' lang='grc' dir='ltr'>γραφὴν</span> <span class='ocrx_word' id='word_1_333' title='bbox 2394 2179 2716 2251; x_wconf 82' lang='grc' dir='ltr'>σωματικὴν</span> <span class='ocrx_word' id='word_1_334' title='bbox 2751 2176 2961 2247; x_wconf 79' lang='grc' dir='ltr'>ἔχοντα,</span> <span class='ocrx_word' id='word_1_335' title='bbox 2991 2174 3087 2228; x_wconf 73' lang='grc' dir='ltr'><strong>καὶ</strong></span> <span class='ocrx_word' id='word_1_336' title='bbox 3115 2172 3335 2243; x_wconf 87' lang='grc' dir='ltr'>χρῶμα,</span> <span class='ocrx_word' id='word_1_337' title='bbox 3380 2171 3604 2234; x_wconf 81' lang='grc' dir='ltr'>είκότως</span> <span class='ocrx_word' id='word_1_338' title='bbox 3641 2171 3726 2222; x_wconf 80' lang='grc' dir='ltr'>εί-</span> 
     </span>
    </p>
   </div>
   <div class='ocr_carea' id='block_1_53' title="bbox 2147 2261 3726 2339">
    <p class='ocr_par' dir='ltr' id='par_1_53' title="bbox 2147 2261 3726 2339">
     <span class='ocr_line' id='line_1_53' title="bbox 2147 2261 3726 2339; baseline -0.009 -11"><span class='ocrx_word' id='word_1_339' title='bbox 2147 2273 2469 2336; x_wconf 80' lang='grc' dir='ltr'>κονίζονται.</span> <span class='ocrx_word' id='word_1_340' title='bbox 2499 2269 2765 2339; x_wconf 84' lang='grc' dir='ltr'>Ἀγγελος</span> <span class='ocrx_word' id='word_1_341' title='bbox 2811 2268 2890 2330; x_wconf 75' lang='grc' dir='ltr'><strong>δὲ,</strong></span> <span class='ocrx_word' id='word_1_342' title='bbox 2924 2265 3019 2319; x_wconf 71' lang='grc' dir='ltr'><strong>καὶ</strong></span> <span class='ocrx_word' id='word_1_343' title='bbox 3069 2263 3240 2334; x_wconf 73' lang='grc' dir='ltr'>ψυχὴ,</span> <span class='ocrx_word' id='word_1_344' title='bbox 3273 2263 3366 2315; x_wconf 57' lang='grc' dir='ltr'><strong>καὶ⁵</strong></span> <span class='ocrx_word' id='word_1_345' title='bbox 3415 2261 3644 2331; x_wconf 81' lang='grc' dir='ltr'>δαίμων,</span> <span class='ocrx_word' id='word_1_346' title='bbox 3676 2263 3726 2313; x_wconf 88' lang='grc' dir='ltr'>εἰ</span> 
     </span>
    </p>
   </div>
   <div class='ocr_carea' id='block_1_54' title="bbox 2147 2351 3724 2434">
    <p class='ocr_par' dir='ltr' id='par_1_54' title="bbox 2147 2351 3724 2434">
     <span class='ocr_line' id='line_1_54' title="bbox 2147 2351 3724 2434; baseline -0.009 -17"><span class='ocrx_word' id='word_1_347' title='bbox 2147 2365 2239 2417; x_wconf 73' lang='grc' dir='ltr'><strong>καὶ</strong></span> <span class='ocrx_word' id='word_1_348' title='bbox 2274 2362 2348 2434; x_wconf 80' lang='grc' dir='ltr'>μὴ</span> <span class='ocrx_word' id='word_1_349' title='bbox 2379 2359 2706 2431; x_wconf 83' lang='grc' dir='ltr'>σωματικῶς</span> <span class='ocrx_word' id='word_1_350' title='bbox 2739 2359 2834 2412; x_wconf 77' lang='grc' dir='ltr'><strong>καὶ</strong></span> <span class='ocrx_word' id='word_1_351' title='bbox 2867 2355 3112 2427; x_wconf 83' lang='grc' dir='ltr'>παχέως,</span> <span class='ocrx_word' id='word_1_352' title='bbox 3135 2353 3270 2406; x_wconf 82' lang='grc' dir='ltr'>ἀλλὰ</span> <span class='ocrx_word' id='word_1_353' title='bbox 3302 2352 3442 2405; x_wconf 80' lang='grc' dir='ltr'>κατὰ</span> <span class='ocrx_word' id='word_1_354' title='bbox 3470 2351 3570 2421; x_wconf 85' lang='grc' dir='ltr'><strong>τὴν</strong></span> <span class='ocrx_word' id='word_1_355' title='bbox 3592 2353 3724 2404; x_wconf 85' lang='grc' dir='ltr'>ἑαυ-</span> 
     </span>
    </p>
   </div>
   <div class='ocr_carea' id='block_1_55' title="bbox 2145 2443 3728 2521">
    <p class='ocr_par' dir='ltr' id='par_1_55' title="bbox 2145 2443 3728 2521">
     <span class='ocr_line' id='line_1_55' title="bbox 2145 2443 3728 2521; baseline -0.007 -14"><span class='ocrx_word' id='word_1_356' title='bbox 2145 2453 2255 2507; x_wconf 91' lang='grc' dir='ltr'><strong>τῶν</strong></span> <span class='ocrx_word' id='word_1_357' title='bbox 2307 2452 2488 2521; x_wconf 80' lang='grc' dir='ltr'>φύσιν,</span> <span class='ocrx_word' id='word_1_358' title='bbox 2523 2450 2616 2503; x_wconf 85' lang='grc' dir='ltr'>καί</span> <span class='ocrx_word' id='word_1_359' title='bbox 2665 2447 3111 2518; x_wconf 76' lang='grc' dir='ltr'>σχηματίζονται,</span> <span class='ocrx_word' id='word_1_360' title='bbox 3143 2445 3238 2499; x_wconf 71' lang='grc' dir='ltr'><strong>καὶ</strong></span> <span class='ocrx_word' id='word_1_361' title='bbox 3271 2443 3728 2516; x_wconf 81' lang='grc' dir='ltr'>περιγράφονται.</span> 
     </span>
    </p>
   </div>
   <div class='ocr_carea' id='block_1_56' title="bbox 2146 2536 3727 2615">
    <p class='ocr_par' dir='ltr' id='par_1_56' title="bbox 2146 2536 3727 2615">
     <span class='ocr_line' id='line_1_56' title="bbox 2146 2536 3727 2615; baseline -0.008 -17"><span class='ocrx_word' id='word_1_362' title='bbox 2146 2546 2347 2615; x_wconf 79' lang='grc' dir='ltr'>Νοητοὶ</span> <span class='ocrx_word' id='word_1_363' title='bbox 2401 2543 2507 2612; x_wconf 85' lang='grc' dir='ltr'>γὰρ</span> <span class='ocrx_word' id='word_1_364' title='bbox 2556 2542 2727 2606; x_wconf 73' lang='grc' dir='ltr'>ὄντες,</span> <span class='ocrx_word' id='word_1_365' title='bbox 2762 2541 2819 2592; x_wconf 88' lang='grc' dir='ltr'><strong>ἑν</strong></span> <span class='ocrx_word' id='word_1_366' title='bbox 2857 2539 3066 2607; x_wconf 84' lang='grc' dir='ltr'>νοητοῖς</span> <span class='ocrx_word' id='word_1_367' title='bbox 3101 2538 3306 2600; x_wconf 87' lang='grc' dir='ltr'>τόποις,</span> <span class='ocrx_word' id='word_1_368' title='bbox 3336 2536 3539 2604; x_wconf 85' lang='grc' dir='ltr'>νοητῶς</span> <span class='ocrx_word' id='word_1_369' title='bbox 3577 2551 3727 2604; x_wconf 81' lang='grc' dir='ltr'>παρ-</span> 
     </span>
    </p>
   </div>
   <div class='ocr_carea' id='block_1_57' title="bbox 2147 2619 3732 2703">
    <p class='ocr_par' dir='ltr' id='par_1_57' title="bbox 2147 2619 3732 2703">
     <span class='ocr_line' id='line_1_57' title="bbox 2147 2619 3732 2703; baseline -0.009 -13"><span class='ocrx_word' id='word_1_370' title='bbox 2147 2639 2284 2690; x_wconf 86' lang='grc' dir='ltr'>εῖναι</span> <span class='ocrx_word' id='word_1_371' title='bbox 2318 2635 2412 2687; x_wconf 83' lang='grc' dir='ltr'><strong>καὶ</strong></span> <span class='ocrx_word' id='word_1_372' title='bbox 2441 2634 2686 2703; x_wconf 75' lang='grc' dir='ltr'>ἐνεργεῖν</span> <span class='ocrx_word' id='word_1_373' title='bbox 2718 2629 3084 2683; x_wconf 86' lang='grc' dir='ltr'>πιστεύονται.</span> <span class='ocrx_word' id='word_1_374' title='bbox 3112 2624 3486 2690; x_wconf 80' lang='grc' dir='ltr'>Εἱκονίζονται</span> <span class='ocrx_word' id='word_1_375' title='bbox 3515 2626 3612 2694; x_wconf 86' lang='grc' dir='ltr'><strong>μὲν</strong></span> <span class='ocrx_word' id='word_1_376' title='bbox 3634 2619 3732 2679; x_wconf 77' lang='grc' dir='ltr'><strong>οῦν</strong></span> 
     </span>
    </p>
   </div>
   <div class='ocr_carea' id='block_1_58' title="bbox 2150 2717 3733 2798">
    <p class='ocr_par' dir='ltr' id='par_1_58' title="bbox 2150 2717 3733 2798">
     <span class='ocr_line' id='line_1_58' title="bbox 2150 2717 3733 2798; baseline -0.009 -16"><span class='ocrx_word' id='word_1_377' title='bbox 2150 2727 2494 2798; x_wconf 85' lang='grc' dir='ltr'>σωματικῶς,</span> <span class='ocrx_word' id='word_1_378' title='bbox 2522 2724 2598 2787; x_wconf 83' lang='grc' dir='ltr'>ὡς</span> <span class='ocrx_word' id='word_1_379' title='bbox 2631 2722 2868 2775; x_wconf 89' lang='grc' dir='ltr'>είκόνισε</span> <span class='ocrx_word' id='word_1_380' title='bbox 2919 2720 3158 2788; x_wconf 75' lang='grc' dir='ltr'>Μωῦσῆς</span> <span class='ocrx_word' id='word_1_381' title='bbox 3191 2718 3259 2772; x_wconf 75' lang='grc' dir='ltr'><strong>τὰ</strong></span> <span class='ocrx_word' id='word_1_382' title='bbox 3290 2717 3596 2789; x_wconf 75' lang='grc' dir='ltr'>Χερουϐὶμ,</span> <span class='ocrx_word' id='word_1_383' title='bbox 3636 2717 3733 2775; x_wconf 74' lang='grc' dir='ltr'><strong>καὶ</strong></span> 
     </span>
    </p>
   </div>
   <div class='ocr_carea' id='block_1_59' title="bbox 2145 2809 3732 2888">
    <p class='ocr_par' dir='ltr' id='par_1_59' title="bbox 2145 2809 3732 2888">
     <span class='ocr_line' id='line_1_59' title="bbox 2145 2809 3732 2888; baseline -0.009 -16"><span class='ocrx_word' id='word_1_384' title='bbox 2145 2820 2221 2883; x_wconf 85' lang='grc' dir='ltr'>ὡς</span> <span class='ocrx_word' id='word_1_385' title='bbox 2251 2817 2569 2888; x_wconf 76' lang='grc' dir='ltr'>ἑωράθησαν</span> <span class='ocrx_word' id='word_1_386' title='bbox 2620 2817 2733 2875; x_wconf 90' lang='grc' dir='ltr'>τοῖς</span> <span class='ocrx_word' id='word_1_387' title='bbox 2777 2811 2968 2878; x_wconf 81' lang='grc' dir='ltr'>ἀξίοις,</span> <span class='ocrx_word' id='word_1_388' title='bbox 3008 2810 3123 2863; x_wconf 86' lang='grc' dir='ltr'>ἀλλ’</span> <span class='ocrx_word' id='word_1_389' title='bbox 3158 2809 3451 2878; x_wconf 83' lang='grc' dir='ltr'>ἀσώματον</span> <span class='ocrx_word' id='word_1_390' title='bbox 3478 2809 3575 2860; x_wconf 77' lang='grc' dir='ltr'><strong>καὶ</strong></span> <span class='ocrx_word' id='word_1_391' title='bbox 3601 2825 3732 2876; x_wconf 83' lang='grc' dir='ltr'>νοη-</span> 
     </span>
    </p>
   </div>
   <div class='ocr_carea' id='block_1_60' title="bbox 2146 2899 3728 2980">
    <p class='ocr_par' dir='ltr' id='par_1_60' title="bbox 2146 2899 3728 2980">
     <span class='ocr_line' id='line_1_60' title="bbox 2146 2899 3728 2980; baseline -0.006 -17"><span class='ocrx_word' id='word_1_392' title='bbox 2146 2912 2244 2980; x_wconf 88' lang='grc' dir='ltr'>τήν</span> <span class='ocrx_word' id='word_1_393' title='bbox 2278 2926 2399 2962; x_wconf 86' lang='grc' dir='ltr'>τινα</span> <span class='ocrx_word' id='word_1_394' title='bbox 2441 2907 2671 2977; x_wconf 89' lang='grc' dir='ltr'>θεωρίαν</span> <span class='ocrx_word' id='word_1_395' title='bbox 2709 2904 2975 2974; x_wconf 85' lang='grc' dir='ltr'>δηλούσης</span> <span class='ocrx_word' id='word_1_396' title='bbox 3003 2902 3106 2970; x_wconf 86' lang='grc' dir='ltr'><strong>τῆς</strong></span> <span class='ocrx_word' id='word_1_397' title='bbox 3146 2900 3464 2968; x_wconf 77' lang='grc' dir='ltr'>σωματικῆς</span> <span class='ocrx_word' id='word_1_398' title='bbox 3492 2899 3728 2962; x_wconf 76' lang='grc' dir='ltr'>εἰκόνος.</span> 
     </span>
    </p>
   </div>
   <div class='ocr_carea' id='block_1_61' title="bbox 2159 2989 3734 3067">
    <p class='ocr_par' dir='ltr' id='par_1_61' title="bbox 2159 2989 3734 3067">
     <span class='ocr_line' id='line_1_61' title="bbox 2159 2989 3734 3067; baseline -0.01 -14"><span class='ocrx_word' id='word_1_399' title='bbox 2159 3000 2223 3053; x_wconf 85' lang='grc' dir='ltr'><strong>Ἦ</strong></span> <span class='ocrx_word' id='word_1_400' title='bbox 2245 2999 2301 3052; x_wconf 82' lang='grc' dir='ltr'>δὲ</span> <span class='ocrx_word' id='word_1_401' title='bbox 2331 2997 2450 3051; x_wconf 88' lang='grc' dir='ltr'>θεία</span> <span class='ocrx_word' id='word_1_402' title='bbox 2479 2997 2660 3067; x_wconf 80' lang='grc' dir='ltr'>φύσις,</span> <span class='ocrx_word' id='word_1_403' title='bbox 2693 2991 3104 3062; x_wconf 84' lang='grc' dir='ltr'>ἀπερίγραπτός</span> <span class='ocrx_word' id='word_1_404' title='bbox 3136 2992 3253 3041; x_wconf 88' lang='grc' dir='ltr'>ἑστι</span> <span class='ocrx_word' id='word_1_405' title='bbox 3292 2990 3448 3059; x_wconf 83' lang='grc' dir='ltr'>μόνη,</span> <span class='ocrx_word' id='word_1_406' title='bbox 3477 2989 3572 3040; x_wconf 66' lang='grc' dir='ltr'>καὶ</span> <span class='ocrx_word' id='word_1_407' title='bbox 3599 3006 3734 3040; x_wconf 78' lang='grc' dir='ltr'>παν-</span> 
     </span>
    </p>
   </div>
   <div class='ocr_carea' id='block_1_62' title="bbox 2146 3080 3729 3156">
    <p class='ocr_par' dir='ltr' id='par_1_62' title="bbox 2146 3080 3729 3156">
     <span class='ocr_line' id='line_1_62' title="bbox 2146 3080 3729 3156; baseline -0.01 -10"><span class='ocrx_word' id='word_1_408' title='bbox 2146 3092 2316 3156; x_wconf 86' lang='grc' dir='ltr'>τελῶς</span> <span class='ocrx_word' id='word_1_409' title='bbox 2346 3090 2602 3152; x_wconf 78' lang='grc' dir='ltr'>ἀνείδεος,</span> <span class='ocrx_word' id='word_1_410' title='bbox 2629 3086 2725 3141; x_wconf 77' lang='grc' dir='ltr'><strong>καὶ</strong></span> <span class='ocrx_word' id='word_1_411' title='bbox 2749 3084 3177 3155; x_wconf 86' lang='grc' dir='ltr'>ἀσχημάτιστος,</span> <span class='ocrx_word' id='word_1_412' title='bbox 3199 3083 3295 3135; x_wconf 72' lang='grc' dir='ltr'><strong>καὶ</strong></span> <span class='ocrx_word' id='word_1_413' title='bbox 3318 3080 3700 3148; x_wconf 81' lang='grc' dir='ltr'>ἀκατάληπτος</span> <span class='ocrx_word' id='word_1_414' title='bbox 3716 3093 3729 3109; x_wconf 87' lang='grc'><strong>·</strong></span> 
     </span>
    </p>
   </div>
   <div class='ocr_carea' id='block_1_63' title="bbox 475 3167 2044 3268">
    <p class='ocr_par' dir='ltr' id='par_1_63' title="bbox 475 3167 2044 3244">
     <span class='ocr_line' id='line_1_63' title="bbox 475 3167 2044 3244; baseline 0.012 -27"><span class='ocrx_word' id='word_1_415' title='bbox 475 3167 883 3234; x_wconf 86' lang='lat' dir='ltr'><strong>templalionem</strong></span> <span class='ocrx_word' id='word_1_416' title='bbox 923 3172 1169 3240; x_wconf 87' lang='lat' dir='ltr'><strong>ohjiciat.</strong></span> <span class='ocrx_word' id='word_1_417' title='bbox 1213 3174 1280 3227; x_wconf 91' lang='lat' dir='ltr'><strong>At</strong></span> <span class='ocrx_word' id='word_1_418' title='bbox 1315 3191 1444 3231; x_wconf 88' lang='lat' dir='ltr'><strong>vero</strong></span> <span class='ocrx_word' id='word_1_419' title='bbox 1511 3175 1606 3231; x_wconf 88' lang='lat' dir='ltr'><strong>Dei</strong></span> <span class='ocrx_word' id='word_1_420' title='bbox 1674 3188 1894 3244; x_wconf 82' lang='lat' dir='ltr'><strong>natura,</strong></span> <span class='ocrx_word' id='word_1_421' title='bbox 1932 3183 2044 3236; x_wconf 88' lang='lat' dir='ltr'><strong>sola</strong></span> 
     </span>
    </p>
   </div>
   <div class='ocr_carea' id='block_1_64' title="bbox 2150 3167 3731 3268">
    <p class='ocr_par' dir='ltr' id='par_1_64' title="bbox 2154 3170 3731 3268">
     <span class='ocr_line' id='line_1_64' title="bbox 2154 3170 3731 3268; baseline -0.011 -29"><span class='ocrx_word' id='word_1_422' title='bbox 2154 3187 2204 3239; x_wconf 84' lang='grc' dir='ltr'>εἰ</span> <span class='ocrx_word' id='word_1_423' title='bbox 2232 3185 2326 3238; x_wconf 73' lang='grc' dir='ltr'><strong>καὶ</strong></span> <span class='ocrx_word' id='word_1_424' title='bbox 2354 3186 2387 3253; x_wconf 82' lang='grc' dir='ltr'>ἡ</span> <span class='ocrx_word' id='word_1_425' title='bbox 2422 3183 2540 3236; x_wconf 89' lang='grc' dir='ltr'>θεία</span> <span class='ocrx_word' id='word_1_426' title='bbox 2569 3179 2759 3249; x_wconf 78' lang='grc' dir='ltr'>Γραφὴ</span> <span class='ocrx_word' id='word_1_427' title='bbox 2791 3176 2992 3237; x_wconf 81' lang='grc' dir='ltr'>τύπους</span> <span class='ocrx_word' id='word_1_428' title='bbox 3018 3174 3139 3243; x_wconf 87' lang='grc' dir='ltr'><strong>Θεῷ</strong></span> <span class='ocrx_word' id='word_1_429' title='bbox 3163 3171 3501 3241; x_wconf 84' lang='grc' dir='ltr'>περιτίθησι,</span> <span class='ocrx_word' id='word_1_430' title='bbox 3526 3171 3604 3240; x_wconf 83' lang='grc' dir='ltr'>τῷ</span> <span class='ocrx_word' id='word_1_431' title='bbox 3631 3170 3731 3268; x_wconf 76' lang='grc' dir='ltr'><strong>μὲν</strong></span> 
     </span>
    </p>
   </div>
   <div class='ocr_carea' id='block_1_65' title="bbox 475 3257 2048 3338">
    <p class='ocr_par' dir='ltr' id='par_1_65' title="bbox 475 3257 2048 3338">
     <span class='ocr_line' id='line_1_65' title="bbox 475 3257 2048 3338; baseline 0.01 -29"><span class='ocrx_word' id='word_1_432' title='bbox 475 3257 895 3330; x_wconf 88' lang='lat' dir='ltr'><strong>circumscripta</strong></span> <span class='ocrx_word' id='word_1_433' title='bbox 980 3279 1087 3318; x_wconf 90' lang='lat' dir='ltr'><strong>non</strong></span> <span class='ocrx_word' id='word_1_434' title='bbox 1154 3275 1272 3331; x_wconf 91' lang='lat' dir='ltr'><strong>est,</strong></span> <span class='ocrx_word' id='word_1_435' title='bbox 1347 3268 1666 3338; x_wconf 90' lang='lat' dir='ltr'><strong>nulliusque</strong></span> <span class='ocrx_word' id='word_1_436' title='bbox 1718 3271 1906 3326; x_wconf 84' lang='lat' dir='ltr'><strong>formae</strong></span> <span class='ocrx_word' id='word_1_437' title='bbox 1952 3281 2048 3326; x_wconf 85' lang='lat' dir='ltr'><strong>aut</strong></span> 
     </span>
    </p>
   </div>
   <div class='ocr_carea' id='block_1_66' title="bbox 479 3347 2047 3430">
    <p class='ocr_par' dir='ltr' id='par_1_66' title="bbox 479 3347 2047 3430">
     <span class='ocr_line' id='line_1_66' title="bbox 479 3347 2047 3430; baseline 0.01 -31"><span class='ocrx_word' id='word_1_438' title='bbox 479 3347 664 3416; x_wconf 69' lang='lat' dir='ltr'><strong>ﬁgurae</strong></span> <span class='ocrx_word' id='word_1_439' title='bbox 706 3365 916 3419; x_wconf 82' lang='lat' dir='ltr'><strong>capax,</strong></span> <span class='ocrx_word' id='word_1_440' title='bbox 980 3369 1084 3409; x_wconf 88' lang='lat' dir='ltr'><strong>nec</strong></span> <span class='ocrx_word' id='word_1_441' title='bbox 1137 3358 1686 3425; x_wconf 84' lang='lat' dir='ltr'><strong>comprehensibilis;</strong></span> <span class='ocrx_word' id='word_1_442' title='bbox 1745 3362 2047 3430; x_wconf 86' lang='lat' dir='ltr'><strong>quamlibet</strong></span> 
     </span>
    </p>
   </div>
   <div class='ocr_carea' id='block_1_67' title="bbox 476 3436 2047 3520">
    <p class='ocr_par' dir='ltr' id='par_1_67' title="bbox 476 3436 2047 3520">
     <span class='ocr_line' id='line_1_67' title="bbox 476 3436 2047 3520; baseline 0.01 -30"><span class='ocrx_word' id='word_1_443' title='bbox 476 3436 660 3491; x_wconf 86' lang='lat' dir='ltr'><strong>divina</strong></span> <span class='ocrx_word' id='word_1_444' title='bbox 714 3439 997 3511; x_wconf 81' lang='lat' dir='ltr'><strong>Scriptura</strong></span> <span class='ocrx_word' id='word_1_445' title='bbox 1035 3443 1238 3502; x_wconf 90' lang='lat' dir='ltr'><strong>formas</strong></span> <span class='ocrx_word' id='word_1_446' title='bbox 1290 3451 1555 3518; x_wconf 86' lang='lat' dir='ltr'><strong>quasdam</strong></span> <span class='ocrx_word' id='word_1_447' title='bbox 1593 3452 1930 3520; x_wconf 78' lang='lat' dir='ltr'><strong>corporales,</strong></span> <span class='ocrx_word' id='word_1_448' title='bbox 1988 3459 2047 3506; x_wconf 91' lang='lat' dir='ltr'><strong>ut</strong></span> 
     </span>
    </p>
   </div>
   <div class='ocr_carea' id='block_1_68' title="bbox 477 3528 2046 3614">
    <p class='ocr_par' dir='ltr' id='par_1_68' title="bbox 477 3528 2046 3614">
     <span class='ocr_line' id='line_1_68' title="bbox 477 3528 2046 3614; baseline 0.011 -34"><span class='ocrx_word' id='word_1_449' title='bbox 477 3528 640 3584; x_wconf 88' lang='lat' dir='ltr'><strong>nobis</strong></span> <span class='ocrx_word' id='word_1_450' title='bbox 686 3531 922 3599; x_wconf 86' lang='lat' dir='ltr'><strong>videtur,</strong></span> <span class='ocrx_word' id='word_1_451' title='bbox 975 3534 1084 3591; x_wconf 89' lang='lat' dir='ltr'><strong>Deo</strong></span> <span class='ocrx_word' id='word_1_452' title='bbox 1123 3538 1542 3610; x_wconf 87' lang='lat' dir='ltr'><strong>circumponat:</strong></span> <span class='ocrx_word' id='word_1_453' title='bbox 1578 3542 1715 3596; x_wconf 86' lang='lat' dir='ltr'><strong>adeo</strong></span> <span class='ocrx_word' id='word_1_454' title='bbox 1761 3551 1818 3596; x_wconf 91' lang='lat' dir='ltr'><strong>ut</strong></span> <span class='ocrx_word' id='word_1_455' title='bbox 1862 3545 2046 3614; x_wconf 66' lang='lat' dir='ltr'><strong>ﬁgurae</strong></span> 
     </span>
    </p>
   </div>
   <div class='ocr_carea' id='block_1_69' title="bbox 478 3619 2048 3703">
    <p class='ocr_par' dir='ltr' id='par_1_69' title="bbox 478 3619 2048 3703">
     <span class='ocr_line' id='line_1_69' title="bbox 478 3619 2048 3703; baseline 0.011 -33"><span class='ocrx_word' id='word_1_456' title='bbox 478 3619 698 3684; x_wconf 91' lang='lat' dir='ltr'><strong>quidem</strong></span> <span class='ocrx_word' id='word_1_457' title='bbox 727 3626 1094 3691; x_wconf 88' lang='lat' dir='ltr'><strong>aspectabilcs</strong></span> <span class='ocrx_word' id='word_1_458' title='bbox 1117 3629 1248 3693; x_wconf 88' lang='lat' dir='ltr'><strong>sint,</strong></span> <span class='ocrx_word' id='word_1_459' title='bbox 1284 3646 1408 3685; x_wconf 92' lang='lat' dir='ltr'><strong>cum</strong></span> <span class='ocrx_word' id='word_1_460' title='bbox 1444 3632 1634 3688; x_wconf 71' lang='lat' dir='ltr'><strong>forma:</strong></span> <span class='ocrx_word' id='word_1_461' title='bbox 1658 3634 1791 3703; x_wconf 64' lang='lat' dir='ltr'><strong>ipsae</strong></span> <span class='ocrx_word' id='word_1_462' title='bbox 1822 3649 2048 3703; x_wconf 86' lang='lat' dir='ltr'><strong>corpore</strong></span> 
     </span>
    </p>
   </div>
   <div class='ocr_carea' id='block_1_70' title="bbox 478 3712 2049 3792">
    <p class='ocr_par' dir='ltr' id='par_1_70' title="bbox 478 3712 2049 3792">
     <span class='ocr_line' id='line_1_70' title="bbox 478 3712 2049 3792; baseline 0.012 -31"><span class='ocrx_word' id='word_1_463' title='bbox 478 3719 720 3765; x_wconf 89' lang='lat' dir='ltr'><strong>careant.</strong></span> <span class='ocrx_word' id='word_1_464' title='bbox 754 3712 940 3786; x_wconf 85' lang='lat' dir='ltr'><strong>Neque</strong></span> <span class='ocrx_word' id='word_1_465' title='bbox 966 3720 1112 3774; x_wconf 92' lang='lat' dir='ltr'><strong>enim</strong></span> <span class='ocrx_word' id='word_1_466' title='bbox 1159 3725 1412 3792; x_wconf 89' lang='lat' dir='ltr'><strong>corporis</strong></span> <span class='ocrx_word' id='word_1_467' title='bbox 1461 3725 1660 3791; x_wconf 90' lang='lat' dir='ltr'><strong>oculis,</strong></span> <span class='ocrx_word' id='word_1_468' title='bbox 1720 3726 1814 3780; x_wconf 91' lang='lat' dir='ltr'><strong>sed</strong></span> <span class='ocrx_word' id='word_1_469' title='bbox 1853 3726 2049 3781; x_wconf 86' lang='lat' dir='ltr'><strong>memis</strong></span> 
     </span>
    </p>
   </div>
   <div class='ocr_carea' id='block_1_71' title="bbox 480 3800 2046 3880">
    <p class='ocr_par' dir='ltr' id='par_1_71' title="bbox 480 3800 2046 3880">
     <span class='ocr_line' id='line_1_71' title="bbox 480 3800 2046 3880; baseline 0.014 -29"><span class='ocrx_word' id='word_1_470' title='bbox 480 3800 823 3860; x_wconf 88' lang='lat' dir='ltr'><strong>solummodo</strong></span> <span class='ocrx_word' id='word_1_471' title='bbox 865 3822 894 3860; x_wconf 89' lang='lat' dir='ltr'><strong>a</strong></span> <span class='ocrx_word' id='word_1_472' title='bbox 925 3812 1205 3880; x_wconf 84' lang='lat' dir='ltr'><strong>prephetis</strong></span> <span class='ocrx_word' id='word_1_473' title='bbox 1245 3815 1595 3880; x_wconf 83' lang='lat' dir='ltr'><strong>videbantur,</strong></span> <span class='ocrx_word' id='word_1_474' title='bbox 1640 3832 1854 3872; x_wconf 90' lang='lat' dir='ltr'><strong>necnon</strong></span> <span class='ocrx_word' id='word_1_475' title='bbox 1881 3819 1951 3873; x_wconf 90' lang='lat' dir='ltr'><strong>ab</strong></span> <span class='ocrx_word' id='word_1_476' title='bbox 1977 3818 2046 3873; x_wconf 88' lang='lat' dir='ltr'><strong>iis</strong></span> 
     </span>
    </p>
   </div>
   <div class='ocr_carea' id='block_1_72' title="bbox 481 3894 2050 3980">
    <p class='ocr_par' dir='ltr' id='par_1_72' title="bbox 481 3894 2050 3980">
     <span class='ocr_line' id='line_1_72' title="bbox 481 3894 2050 3980; baseline 0.013 -35"><span class='ocrx_word' id='word_1_477' title='bbox 481 3894 681 3962; x_wconf 88' lang='lat' dir='ltr'><strong>quibus</strong></span> <span class='ocrx_word' id='word_1_478' title='bbox 708 3900 1133 3970; x_wconf 87' lang='lat' dir='ltr'><strong>revelabantur;</strong></span> <span class='ocrx_word' id='word_1_479' title='bbox 1163 3907 1420 3962; x_wconf 89' lang='lat' dir='ltr'><strong>omnibus</strong></span> <span class='ocrx_word' id='word_1_480' title='bbox 1445 3909 1647 3980; x_wconf 89' lang='lat' dir='ltr'><strong>quippe</strong></span> <span class='ocrx_word' id='word_1_481' title='bbox 1665 3909 1914 3964; x_wconf 83' lang='lat' dir='ltr'><strong>visibiles</strong></span> <span class='ocrx_word' id='word_1_482' title='bbox 1941 3926 2050 3966; x_wconf 92' lang='lat' dir='ltr'><strong>non</strong></span> 
     </span>
    </p>
   </div>
   <div class='ocr_carea' id='block_1_73' title="bbox 479 3990 2052 4072">
    <p class='ocr_par' dir='ltr' id='par_1_73' title="bbox 479 3990 2052 4072">
     <span class='ocr_line' id='line_1_73' title="bbox 479 3990 2052 4072; baseline 0.011 -34"><span class='ocrx_word' id='word_1_483' title='bbox 479 3994 656 4043; x_wconf 85' lang='lat' dir='ltr'><strong>erant.</strong></span> <span class='ocrx_word' id='word_1_484' title='bbox 692 3990 894 4058; x_wconf 85' lang='lat' dir='ltr'><strong>Atque,</strong></span> <span class='ocrx_word' id='word_1_485' title='bbox 931 3999 989 4046; x_wconf 91' lang='lat' dir='ltr'><strong>ut</strong></span> <span class='ocrx_word' id='word_1_486' title='bbox 1017 3995 1210 4062; x_wconf 88' lang='lat' dir='ltr'><strong>paucis</strong></span> <span class='ocrx_word' id='word_1_487' title='bbox 1260 3997 1567 4062; x_wconf 87' lang='lat' dir='ltr'><strong>absolvam,</strong></span> <span class='ocrx_word' id='word_1_488' title='bbox 1599 4001 1868 4066; x_wconf 91' lang='lat' dir='ltr'><strong>omnium,</strong></span> <span class='ocrx_word' id='word_1_489' title='bbox 1913 4017 2052 4072; x_wconf 88' lang='lat' dir='ltr'><strong>quas</strong></span> 
     </span>
    </p>
   </div>
   <div class='ocr_carea' id='block_1_74' title="bbox 478 4077 2050 4160">
    <p class='ocr_par' dir='ltr' id='par_1_74' title="bbox 478 4077 2050 4160">
     <span class='ocr_line' id='line_1_74' title="bbox 478 4077 2050 4160; baseline 0.014 -33"><span class='ocrx_word' id='word_1_490' title='bbox 478 4077 753 4142; x_wconf 79' lang='lat' dir='ltr'><strong>videmus,</strong></span> <span class='ocrx_word' id='word_1_491' title='bbox 791 4082 1086 4151; x_wconf 85' lang='lat' dir='ltr'><strong>ﬁgurarum</strong></span> <span class='ocrx_word' id='word_1_492' title='bbox 1132 4086 1398 4157; x_wconf 85' lang='lat' dir='ltr'><strong>imagines</strong></span> <span class='ocrx_word' id='word_1_493' title='bbox 1430 4088 1684 4160; x_wconf 79' lang='lat' dir='ltr'><strong>effingere</strong></span> <span class='ocrx_word' id='word_1_494' title='bbox 1718 4105 2050 4160; x_wconf 87' lang='lat' dir='ltr'><strong>possumus;</strong></span> 
     </span>
    </p>
   </div>
   <div class='ocr_carea' id='block_1_75' title="bbox 481 4169 2052 4256">
    <p class='ocr_par' dir='ltr' id='par_1_75' title="bbox 481 4169 2052 4256">
     <span class='ocr_line' id='line_1_75' title="bbox 481 4169 2052 4256; baseline 0.01 -34"><span class='ocrx_word' id='word_1_495' title='bbox 481 4169 604 4225; x_wconf 87' lang='lat' dir='ltr'><strong>illas</strong></span> <span class='ocrx_word' id='word_1_496' title='bbox 628 4181 836 4234; x_wconf 90' lang='lat' dir='ltr'><strong>autem,</strong></span> <span class='ocrx_word' id='word_1_497' title='bbox 883 4185 1044 4243; x_wconf 87' lang='lat' dir='ltr'><strong>prout</strong></span> <span class='ocrx_word' id='word_1_498' title='bbox 1083 4177 1215 4232; x_wconf 68' lang='lat' dir='ltr'><strong>visae</strong></span> <span class='ocrx_word' id='word_1_499' title='bbox 1266 4178 1509 4244; x_wconf 89' lang='lat' dir='ltr'><strong>fuerunt,</strong></span> <span class='ocrx_word' id='word_1_500' title='bbox 1554 4193 1734 4237; x_wconf 91' lang='lat' dir='ltr'><strong>mente</strong></span> <span class='ocrx_word' id='word_1_501' title='bbox 1789 4182 2052 4256; x_wconf 89' lang='lat' dir='ltr'><strong>intelligi-</strong></span> 
     </span>
    </p>
   </div>
   <div class='ocr_carea' id='block_1_76' title="bbox 481 4262 2050 4344">
    <p class='ocr_par' dir='ltr' id='par_1_76' title="bbox 481 4262 2050 4344">
     <span class='ocr_line' id='line_1_76' title="bbox 481 4262 2050 4344; baseline 0.012 -32"><span class='ocrx_word' id='word_1_502' title='bbox 481 4275 628 4317; x_wconf 87' lang='lat' dir='ltr'><strong>mus.</strong></span> <span class='ocrx_word' id='word_1_503' title='bbox 661 4262 818 4331; x_wconf 86' lang='lat' dir='ltr'><strong>Nam,</strong></span> <span class='ocrx_word' id='word_1_504' title='bbox 851 4267 953 4322; x_wconf 92' lang='lat' dir='ltr'><strong>etsi</strong></span> <span class='ocrx_word' id='word_1_505' title='bbox 1007 4269 1238 4326; x_wconf 88' lang='lat' dir='ltr'><strong>rationis</strong></span> <span class='ocrx_word' id='word_1_506' title='bbox 1284 4286 1453 4342; x_wconf 86' lang='lat' dir='ltr'><strong>opera</strong></span> <span class='ocrx_word' id='word_1_507' title='bbox 1496 4273 1560 4328; x_wconf 89' lang='lat' dir='ltr'><strong>ad</strong></span> <span class='ocrx_word' id='word_1_508' title='bbox 1610 4275 1814 4344; x_wconf 90' lang='lat' dir='ltr'><strong>ﬁguras</strong></span> <span class='ocrx_word' id='word_1_509' title='bbox 1868 4291 2050 4330; x_wconf 90' lang='lat' dir='ltr'><strong>rerum</strong></span> 
     </span>
    </p>
   </div>
   <div class='ocr_carea' id='block_1_77' title="bbox 2154 3262 3735 3342">
    <p class='ocr_par' dir='ltr' id='par_1_77' title="bbox 2154 3262 3735 3342">
     <span class='ocr_line' id='line_1_77' title="bbox 2154 3262 3735 3342; baseline -0.01 -12"><span class='ocrx_word' id='word_1_510' title='bbox 2154 3278 2352 3338; x_wconf 83' lang='grc' dir='ltr'>δοκεῖν,</span> <span class='ocrx_word' id='word_1_511' title='bbox 2396 3269 2741 3342; x_wconf 81' lang='grc' dir='ltr'>σωματικοὺς</span> <span class='ocrx_word' id='word_1_512' title='bbox 2767 3309 2780 3333; x_wconf 94' lang='grc'><strong>,</strong></span> <span class='ocrx_word' id='word_1_513' title='bbox 2818 3266 2958 3318; x_wconf 83' lang='grc' dir='ltr'>ὥστε</span> <span class='ocrx_word' id='word_1_514' title='bbox 3013 3265 3273 3334; x_wconf 83' lang='grc' dir='ltr'>σχήματα</span> <span class='ocrx_word' id='word_1_515' title='bbox 3318 3263 3587 3333; x_wconf 79' lang='grc' dir='ltr'>ὁρᾶσθαι,</span> <span class='ocrx_word' id='word_1_516' title='bbox 3637 3262 3735 3314; x_wconf 75' lang='grc' dir='ltr'>καὶ</span> 
     </span>
    </p>
   </div>
   <div class='ocr_carea' id='block_1_78' title="bbox 2155 3352 3733 3430">
    <p class='ocr_par' dir='ltr' id='par_1_78' title="bbox 2155 3352 3733 3430">
     <span class='ocr_line' id='line_1_78' title="bbox 2155 3352 3733 3430; baseline -0.011 -8"><span class='ocrx_word' id='word_1_517' title='bbox 2155 3368 2352 3429; x_wconf 75' lang='grc' dir='ltr'>αὐτοὺς</span> <span class='ocrx_word' id='word_1_518' title='bbox 2393 3364 2449 3417; x_wconf 86' lang='grc' dir='ltr'>δὲ</span> <span class='ocrx_word' id='word_1_519' title='bbox 2501 3360 2844 3430; x_wconf 83' lang='grc' dir='ltr'>ἀσωμάτους.</span> <span class='ocrx_word' id='word_1_520' title='bbox 2877 3358 2952 3411; x_wconf 85' lang='grc' dir='ltr'><strong>Οὐ</strong></span> <span class='ocrx_word' id='word_1_521' title='bbox 2989 3355 3096 3425; x_wconf 83' lang='grc' dir='ltr'>γὰρ</span> <span class='ocrx_word' id='word_1_522' title='bbox 3149 3356 3481 3424; x_wconf 81' lang='grc' dir='ltr'>σωματικοῖς</span> <span class='ocrx_word' id='word_1_523' title='bbox 3530 3352 3733 3420; x_wconf 78' lang='grc' dir='ltr'>ὀφθαλ-</span> 
     </span>
    </p>
   </div>
   <div class='ocr_carea' id='block_1_79' title="bbox 2157 3438 3736 3530">
    <p class='ocr_par' dir='ltr' id='par_1_79' title="bbox 2157 3438 3736 3530">
     <span class='ocr_line' id='line_1_79' title="bbox 2157 3438 3736 3530; baseline -0.01 -18"><span class='ocrx_word' id='word_1_524' title='bbox 2157 3462 2301 3530; x_wconf 88' lang='grc' dir='ltr'>μοῖς,</span> <span class='ocrx_word' id='word_1_525' title='bbox 2330 3456 2466 3510; x_wconf 81' lang='grc' dir='ltr'>ὰλλὰ</span> <span class='ocrx_word' id='word_1_526' title='bbox 2493 3454 2700 3523; x_wconf 88' lang='grc' dir='ltr'>νοεροῖς</span> <span class='ocrx_word' id='word_1_527' title='bbox 2731 3450 2982 3520; x_wconf 80' lang='grc' dir='ltr'>ἑωρῶντο</span> <span class='ocrx_word' id='word_1_528' title='bbox 3013 3448 3126 3510; x_wconf 89' lang='grc' dir='ltr'>τοῖς</span> <span class='ocrx_word' id='word_1_529' title='bbox 3154 3447 3486 3516; x_wconf 73' lang='grc' dir='ltr'>προφήταις,</span> <span class='ocrx_word' id='word_1_530' title='bbox 3521 3443 3616 3498; x_wconf 67' lang='grc' dir='ltr'>καὶ</span> <span class='ocrx_word' id='word_1_531' title='bbox 3654 3438 3736 3507; x_wconf 74' lang='grc' dir='ltr'>οἷς</span> 
     </span>
    </p>
   </div>
   <div class='ocr_carea' id='block_1_80' title="bbox 2155 3535 3736 3612">
    <p class='ocr_par' dir='ltr' id='par_1_80' title="bbox 2155 3535 3736 3612">
     <span class='ocr_line' id='line_1_80' title="bbox 2155 3535 3736 3612; baseline -0.011 -7"><span class='ocrx_word' id='word_1_532' title='bbox 2155 3547 2599 3606; x_wconf 86' lang='grc' dir='ltr'>ἀπεκαλύπτοντο</span> <span class='ocrx_word' id='word_1_533' title='bbox 2623 3561 2637 3574; x_wconf 86' lang='grc'><strong>·</strong></span> <span class='ocrx_word' id='word_1_534' title='bbox 2693 3542 2754 3596; x_wconf 87' lang='grc' dir='ltr'><strong>οὑ</strong></span> <span class='ocrx_word' id='word_1_535' title='bbox 2804 3541 2910 3612; x_wconf 82' lang='grc' dir='ltr'>γὰρ</span> <span class='ocrx_word' id='word_1_536' title='bbox 2962 3541 3128 3592; x_wconf 81' lang='grc' dir='ltr'>πᾶσιν</span> <span class='ocrx_word' id='word_1_537' title='bbox 3177 3537 3452 3607; x_wconf 83' lang='grc' dir='ltr'>ἑωρῶντο.</span> <span class='ocrx_word' id='word_1_538' title='bbox 3471 3535 3653 3606; x_wconf 83' lang='grc' dir='ltr'>Ἀπλῷ</span> <span class='ocrx_word' id='word_1_539' title='bbox 3677 3535 3736 3588; x_wconf 79' lang='grc' dir='ltr'><strong>δὲ</strong></span> 
     </span>
    </p>
   </div>
   <div class='ocr_carea' id='block_1_81' title="bbox 2155 3624 3737 3711">
    <p class='ocr_par' dir='ltr' id='par_1_81' title="bbox 2155 3624 3737 3711">
     <span class='ocr_line' id='line_1_81' title="bbox 2155 3624 3737 3711; baseline -0.012 -16"><span class='ocrx_word' id='word_1_540' title='bbox 2155 3642 2298 3711; x_wconf 84' lang='grc' dir='ltr'>λόγῳ</span> <span class='ocrx_word' id='word_1_541' title='bbox 2346 3638 2541 3700; x_wconf 87' lang='grc' dir='ltr'>εἰπεῖν,</span> <span class='ocrx_word' id='word_1_542' title='bbox 2573 3631 2850 3703; x_wconf 86' lang='grc' dir='ltr'>δυνάμεθα</span> <span class='ocrx_word' id='word_1_543' title='bbox 2895 3630 3070 3683; x_wconf 86' lang='grc' dir='ltr'>ποιεῖν</span> <span class='ocrx_word' id='word_1_544' title='bbox 3116 3628 3331 3690; x_wconf 87' lang='grc' dir='ltr'>είκόνας</span> <span class='ocrx_word' id='word_1_545' title='bbox 3379 3627 3596 3679; x_wconf 64' lang='grc' dir='ltr'>πάντων</span> <span class='ocrx_word' id='word_1_546' title='bbox 3625 3624 3737 3677; x_wconf 87' lang='grc' dir='ltr'><strong>τῶν</strong></span> 
     </span>
    </p>
   </div>
   <div class='ocr_carea' id='block_1_82' title="bbox 2160 3714 3738 3801">
    <p class='ocr_par' dir='ltr' id='par_1_82' title="bbox 2160 3714 3738 3801">
     <span class='ocr_line' id='line_1_82' title="bbox 2160 3714 3738 3801; baseline -0.011 -18"><span class='ocrx_word' id='word_1_547' title='bbox 2160 3732 2477 3801; x_wconf 83' lang='grc' dir='ltr'>σχημάτων,</span> <span class='ocrx_word' id='word_1_548' title='bbox 2506 3719 2581 3780; x_wconf 83' lang='grc' dir='ltr'><strong>ὧν</strong></span> <span class='ocrx_word' id='word_1_549' title='bbox 2629 3725 2879 3794; x_wconf 77' lang='grc' dir='ltr'>εἴδομεν·</span> <span class='ocrx_word' id='word_1_550' title='bbox 2928 3720 3156 3790; x_wconf 83' lang='grc' dir='ltr'>νοοῦμεν</span> <span class='ocrx_word' id='word_1_551' title='bbox 3205 3718 3263 3772; x_wconf 79' lang='grc' dir='ltr'>δὲ</span> <span class='ocrx_word' id='word_1_552' title='bbox 3314 3715 3507 3776; x_wconf 82' lang='grc' dir='ltr'>ταῦτα.</span> <span class='ocrx_word' id='word_1_553' title='bbox 3552 3714 3738 3778; x_wconf 86' lang='grc' dir='ltr'>καθὼς</span> 
     </span>
    </p>
   </div>
   <div class='ocr_carea' id='block_1_83' title="bbox 2157 3808 3737 3893">
    <p class='ocr_par' dir='ltr' id='par_1_83' title="bbox 2157 3808 3737 3893">
     <span class='ocr_line' id='line_1_83' title="bbox 2157 3808 3737 3893; baseline -0.012 -17"><span class='ocrx_word' id='word_1_554' title='bbox 2157 3821 2394 3893; x_wconf 73' lang='grc' dir='ltr'><strong>ὼράθηιιι</strong></span> <span class='ocrx_word' id='word_1_555' title='bbox 2413 3836 2429 3852; x_wconf 75' lang='grc' dir='ltr'><strong>ο</strong></span> <span class='ocrx_word' id='word_1_556' title='bbox 2462 3820 2511 3871; x_wconf 91' lang='grc' dir='ltr'><strong>εί</strong></span> <span class='ocrx_word' id='word_1_557' title='bbox 2538 3816 2647 3888; x_wconf 84' lang='grc' dir='ltr'>γὰρ</span> <span class='ocrx_word' id='word_1_558' title='bbox 2679 3816 2774 3869; x_wconf 71' lang='grc' dir='ltr'><strong>καὶ</strong></span> <span class='ocrx_word' id='word_1_559' title='bbox 2796 3815 2903 3868; x_wconf 75' lang='grc' dir='ltr'><strong>ἀπὸ</strong></span> <span class='ocrx_word' id='word_1_560' title='bbox 2943 3812 3054 3865; x_wconf 92' lang='grc' dir='ltr'><strong>τῶν</strong></span> <span class='ocrx_word' id='word_1_561' title='bbox 3085 3811 3279 3879; x_wconf 88' lang='grc' dir='ltr'>λόγων,</span> <span class='ocrx_word' id='word_1_562' title='bbox 3309 3808 3420 3861; x_wconf 76' lang='grc' dir='ltr'>ἔσθ’</span> <span class='ocrx_word' id='word_1_563' title='bbox 3439 3808 3528 3860; x_wconf 79' lang='grc' dir='ltr'>ὅτε</span> <span class='ocrx_word' id='word_1_564' title='bbox 3556 3823 3737 3859; x_wconf 85' lang='grc' dir='ltr'>κατα-</span> 
     </span>
    </p>
   </div>
   <div class='ocr_carea' id='block_1_84' title="bbox 2159 3897 3735 3984">
    <p class='ocr_par' dir='ltr' id='par_1_84' title="bbox 2159 3897 3735 3984">
     <span class='ocr_line' id='line_1_84' title="bbox 2159 3897 3735 3984; baseline -0.014 -16"><span class='ocrx_word' id='word_1_565' title='bbox 2159 3914 2384 3984; x_wconf 82' lang='grc' dir='ltr'>νοοῦμεν</span> <span class='ocrx_word' id='word_1_566' title='bbox 2425 3913 2701 3983; x_wconf 87' lang='grc' dir='ltr'>σχήματα,</span> <span class='ocrx_word' id='word_1_567' title='bbox 2740 3907 2854 3960; x_wconf 78' lang='grc' dir='ltr'>ἀλλ’</span> <span class='ocrx_word' id='word_1_568' title='bbox 2888 3904 2946 3970; x_wconf 82' lang='grc' dir='ltr'><strong>ἑξ</strong></span> <span class='ocrx_word' id='word_1_569' title='bbox 2987 3898 3064 3959; x_wconf 83' lang='grc' dir='ltr'>ὧν</span> <span class='ocrx_word' id='word_1_570' title='bbox 3094 3903 3322 3973; x_wconf 75' lang='grc' dir='ltr'>εἴδομεν,</span> <span class='ocrx_word' id='word_1_571' title='bbox 3351 3899 3442 3952; x_wconf 74' lang='grc' dir='ltr'><strong>καὶ</strong></span> <span class='ocrx_word' id='word_1_572' title='bbox 3486 3898 3579 3951; x_wconf 82' lang='grc' dir='ltr'><strong>ἐπὶ</strong></span> <span class='ocrx_word' id='word_1_573' title='bbox 3624 3897 3735 3968; x_wconf 80' lang='grc' dir='ltr'><strong>τὴν</strong></span> 
     </span>
    </p>
   </div>
   <div class='ocr_carea' id='block_1_85' title="bbox 2157 3987 3738 4072">
    <p class='ocr_par' dir='ltr' id='par_1_85' title="bbox 2157 3987 3738 4072">
     <span class='ocr_line' id='line_1_85' title="bbox 2157 3987 3738 4072; baseline -0.015 -13"><span class='ocrx_word' id='word_1_574' title='bbox 2157 4005 2360 4059; x_wconf 87' lang='grc' dir='ltr'>τούτων</span> <span class='ocrx_word' id='word_1_575' title='bbox 2393 4001 2666 4072; x_wconf 74' lang='grc' dir='ltr'>ἐρχόμεθα</span> <span class='ocrx_word' id='word_1_576' title='bbox 2696 3997 3040 4066; x_wconf 85' lang='grc' dir='ltr'>κατανόησιν.</span> <span class='ocrx_word' id='word_1_577' title='bbox 3079 3993 3234 4047; x_wconf 91' lang='grc' dir='ltr'>Οῦτω</span> <span class='ocrx_word' id='word_1_578' title='bbox 3262 3991 3354 4043; x_wconf 82' lang='grc' dir='ltr'><strong>καί</strong></span> <span class='ocrx_word' id='word_1_579' title='bbox 3383 3987 3463 4057; x_wconf 69' lang='grc' dir='ltr'><strong>ἐφ’</strong></span> <span class='ocrx_word' id='word_1_580' title='bbox 3493 3987 3738 4056; x_wconf 70' lang='grc' dir='ltr'>ἑκάστης</span> 
     </span>
    </p>
   </div>
   <div class='ocr_carea' id='block_1_86' title="bbox 2160 4075 3738 4161">
    <p class='ocr_par' dir='ltr' id='par_1_86' title="bbox 2160 4075 3738 4161">
     <span class='ocr_line' id='line_1_86' title="bbox 2160 4075 3738 4161; baseline -0.013 -15"><span class='ocrx_word' id='word_1_581' title='bbox 2160 4092 2486 4161; x_wconf 78' lang='grc' dir='ltr'>αἰσθήσεως,</span> <span class='ocrx_word' id='word_1_582' title='bbox 2529 4088 2587 4154; x_wconf 83' lang='grc' dir='ltr'><strong>ἑξ</strong></span> <span class='ocrx_word' id='word_1_583' title='bbox 2633 4080 2707 4140; x_wconf 86' lang='grc' dir='ltr'>ὧν</span> <span class='ocrx_word' id='word_1_584' title='bbox 2753 4083 3173 4156; x_wconf 84' lang='grc' dir='ltr'>ὼσφράνθημεν,</span> <span class='ocrx_word' id='word_1_585' title='bbox 3221 4080 3254 4150; x_wconf 82' lang='grc' dir='ltr'>ἢ</span> <span class='ocrx_word' id='word_1_586' title='bbox 3305 4076 3674 4146; x_wconf 78' lang='grc' dir='ltr'>ἑγευσὰμεθα,</span> <span class='ocrx_word' id='word_1_587' title='bbox 3703 4075 3738 4144; x_wconf 87' lang='grc' dir='ltr'>ἢ</span> 
     </span>
    </p>
   </div>
   <div class='ocr_carea' id='block_1_87' title="bbox 2160 4169 3742 4254">
    <p class='ocr_par' dir='ltr' id='par_1_87' title="bbox 2160 4169 3742 4254">
     <span class='ocr_line' id='line_1_87' title="bbox 2160 4169 3742 4254; baseline -0.013 -16"><span class='ocrx_word' id='word_1_588' title='bbox 2160 4182 2440 4254; x_wconf 74' lang='grc' dir='ltr'>ἡψάμεθα,</span> <span class='ocrx_word' id='word_1_589' title='bbox 2466 4179 2557 4234; x_wconf 82' lang='grc' dir='ltr'><strong>διὰ</strong></span> <span class='ocrx_word' id='word_1_590' title='bbox 2580 4179 2752 4248; x_wconf 86' lang='grc' dir='ltr'>λόγων</span> <span class='ocrx_word' id='word_1_591' title='bbox 2783 4177 2878 4230; x_wconf 74' lang='grc' dir='ltr'>ἐπὶ</span> <span class='ocrx_word' id='word_1_592' title='bbox 2907 4175 3005 4245; x_wconf 83' lang='grc' dir='ltr'>τὴν</span> <span class='ocrx_word' id='word_1_593' title='bbox 3033 4171 3239 4227; x_wconf 89' lang='grc' dir='ltr'>τούτων</span> <span class='ocrx_word' id='word_1_594' title='bbox 3262 4169 3535 4240; x_wconf 80' lang='grc' dir='ltr'>ἐρχόμεθα</span> <span class='ocrx_word' id='word_1_595' title='bbox 3563 4183 3742 4220; x_wconf 82' lang='grc' dir='ltr'>κατα-</span> 
     </span>
    </p>
   </div>
   <div class='ocr_carea' id='block_1_88' title="bbox 2159 4292 2359 4345">
    <p class='ocr_par' dir='ltr' id='par_1_88' title="bbox 2159 4292 2359 4345">
     <span class='ocr_line' id='line_1_88' title="bbox 2159 4292 2359 4345; baseline -0.01 -17"><span class='ocrx_word' id='word_1_596' title='bbox 2159 4292 2359 4345; x_wconf 89' lang='grc' dir='ltr'>νοησιν.</span> 
     </span>
    </p>
   </div>
   <div class='ocr_carea' id='block_1_89' title="bbox 481 4350 2044 4438">
    <p class='ocr_par' dir='ltr' id='par_1_89' title="bbox 481 4354 2044 4438">
     <span class='ocr_line' id='line_1_89' title="bbox 481 4354 2044 4438; baseline 0.01 -34"><span class='ocrx_word' id='word_1_597' title='bbox 481 4354 877 4422; x_wconf 78' lang='lat' dir='ltr'><strong>excogitandas</strong></span> <span class='ocrx_word' id='word_1_598' title='bbox 916 4360 1372 4427; x_wconf 87' lang='lat' dir='ltr'><strong>venimus;nihil</strong></span> <span class='ocrx_word' id='word_1_599' title='bbox 1397 4371 1578 4420; x_wconf 89' lang='lat' dir='ltr'><strong>tamen</strong></span> <span class='ocrx_word' id='word_1_600' title='bbox 1643 4367 1918 4434; x_wconf 82' lang='lat' dir='ltr'><strong>prohibet,</strong></span> <span class='ocrx_word' id='word_1_601' title='bbox 1975 4383 2044 4438; x_wconf 90' lang='lat' dir='ltr'><strong>qu</strong></span> 
     </span>
    </p>
   </div>
   <div class='ocr_carea' id='block_1_90' title="bbox 2150 4350 3739 4438">
    <p class='ocr_par' dir='ltr' id='par_1_90' title="bbox 2150 4350 3739 4422">
     <span class='ocr_line' id='line_1_90' title="bbox 2150 4350 3739 4422; baseline -0.012 -2"><span class='ocrx_word' id='word_1_602' title='bbox 2150 4365 2216 4420; x_wconf 88' lang='lat' dir='ltr'><strong>ad</strong></span> <span class='ocrx_word' id='word_1_603' title='bbox 2246 4362 2562 4420; x_wconf 89' lang='lat' dir='ltr'><strong>earumdem</strong></span> <span class='ocrx_word' id='word_1_604' title='bbox 2611 4359 3136 4422; x_wconf 86' lang='lat' dir='ltr'><strong>considerationem,</strong></span> <span class='ocrx_word' id='word_1_605' title='bbox 3188 4371 3256 4411; x_wconf 79' lang='lat' dir='ltr'><strong>ex</strong></span> <span class='ocrx_word' id='word_1_606' title='bbox 3309 4355 3376 4409; x_wconf 93' lang='lat' dir='ltr'><strong>iis</strong></span> <span class='ocrx_word' id='word_1_607' title='bbox 3433 4367 3555 4421; x_wconf 68' lang='lat' dir='ltr'><strong>quae</strong></span> <span class='ocrx_word' id='word_1_608' title='bbox 3601 4350 3739 4404; x_wconf 80' lang='lat' dir='ltr'><strong>vidi-</strong></span> 
     </span>
    </p>
   </div>
   <div class='ocr_carea' id='block_1_91' title="bbox 482 4445 3736 4529">
    <p class='ocr_par' dir='ltr' id='par_1_91' title="bbox 482 4445 3736 4529">
     <span class='ocr_line' id='line_1_91' title="bbox 482 4445 3736 4529; baseline -0.001 -30"><span class='ocrx_word' id='word_1_609' title='bbox 482 4447 1010 4508; x_wconf 88' lang='lat' dir='ltr'><strong>mus,adducamur.</strong></span> <span class='ocrx_word' id='word_1_610' title='bbox 1037 4452 1194 4519; x_wconf 85' lang='lat' dir='ltr'><strong>Quod</strong></span> <span class='ocrx_word' id='word_1_611' title='bbox 1238 4455 1402 4511; x_wconf 89' lang='lat' dir='ltr'><strong>etiam</strong></span> <span class='ocrx_word' id='word_1_612' title='bbox 1437 4456 1493 4511; x_wconf 88' lang='lat' dir='ltr'><strong>in</strong></span> <span class='ocrx_word' id='word_1_613' title='bbox 1524 4458 1760 4529; x_wconf 87' lang='lat' dir='ltr'><strong>singulis</strong></span> <span class='ocrx_word' id='word_1_614' title='bbox 1801 4460 2059 4516; x_wconf 84' lang='lat' dir='ltr'><strong>sensibus</strong></span> <span class='ocrx_word' id='word_1_615' title='bbox 2098 4458 2279 4514; x_wconf 88' lang='lat' dir='ltr'><strong>locum</strong></span> <span class='ocrx_word' id='word_1_616' title='bbox 2317 4458 2503 4522; x_wconf 89' lang='lat' dir='ltr'><strong>habet,</strong></span> <span class='ocrx_word' id='word_1_617' title='bbox 2543 4464 2604 4509; x_wconf 94' lang='lat' dir='ltr'><strong>ut</strong></span> <span class='ocrx_word' id='word_1_618' title='bbox 2637 4471 2701 4509; x_wconf 80' lang='lat' dir='ltr'><strong>ex</strong></span> <span class='ocrx_word' id='word_1_619' title='bbox 2728 4455 2794 4507; x_wconf 87' lang='lat' dir='ltr'><strong>iis</strong></span> <span class='ocrx_word' id='word_1_620' title='bbox 2821 4468 2941 4522; x_wconf 64' lang='lat' dir='ltr'><strong>quae</strong></span> <span class='ocrx_word' id='word_1_621' title='bbox 2981 4451 3063 4506; x_wconf 89' lang='lat' dir='ltr'><strong>vel</strong></span> <span class='ocrx_word' id='word_1_622' title='bbox 3103 4445 3336 4511; x_wconf 80' lang='lat' dir='ltr'><strong>olfactu,</strong></span> <span class='ocrx_word' id='word_1_623' title='bbox 3410 4445 3496 4500; x_wconf 82' lang='lat' dir='ltr'><strong>vel</strong></span> <span class='ocrx_word' id='word_1_624' title='bbox 3552 4450 3736 4515; x_wconf 88' lang='lat' dir='ltr'><strong>gustu,</strong></span> 
     </span>
    </p>
   </div>
   <div class='ocr_carea' id='block_1_92' title="bbox 483 4542 2866 4623">
    <p class='ocr_par' dir='ltr' id='par_1_92' title="bbox 483 4542 2866 4623">
     <span class='ocr_line' id='line_1_92' title="bbox 483 4542 2866 4623; baseline 0.004 -31"><span class='ocrx_word' id='word_1_625' title='bbox 483 4542 566 4594; x_wconf 89' lang='lat' dir='ltr'><strong>vel</strong></span> <span class='ocrx_word' id='word_1_626' title='bbox 613 4551 756 4597; x_wconf 87' lang='lat' dir='ltr'><strong>tactu</strong></span> <span class='ocrx_word' id='word_1_627' title='bbox 815 4547 1197 4616; x_wconf 89' lang='lat' dir='ltr'><strong>percepimus,</strong></span> <span class='ocrx_word' id='word_1_628' title='bbox 1253 4551 1486 4607; x_wconf 87' lang='lat' dir='ltr'><strong>rationis</strong></span> <span class='ocrx_word' id='word_1_629' title='bbox 1541 4569 1707 4622; x_wconf 87' lang='lat' dir='ltr'><strong>opera</strong></span> <span class='ocrx_word' id='word_1_630' title='bbox 1743 4555 1808 4608; x_wconf 90' lang='lat' dir='ltr'><strong>ad</strong></span> <span class='ocrx_word' id='word_1_631' title='bbox 1865 4556 2052 4611; x_wconf 88' lang='lat' dir='ltr'><strong>eadem</strong></span> <span class='ocrx_word' id='word_1_632' title='bbox 2093 4553 2512 4623; x_wconf 89' lang='lat' dir='ltr'><strong>contemplanda</strong></span> <span class='ocrx_word' id='word_1_633' title='bbox 2545 4553 2866 4607; x_wconf 88' lang='lat' dir='ltr'><strong>evehamur.</strong></span> 
     </span>
    </p>
   </div>
   <div class='ocr_carea' id='block_1_93' title="bbox 553 4626 2044 4713">
    <p class='ocr_par' dir='ltr' id='par_1_93' title="bbox 553 4630 2044 4713">
     <span class='ocr_line' id='line_1_93' title="bbox 553 4630 2044 4713; baseline 0.011 -31"><span class='ocrx_word' id='word_1_634' title='bbox 553 4630 645 4686; x_wconf 72' lang='grc'><strong>25.</strong></span> <span class='ocrx_word' id='word_1_635' title='bbox 705 4631 971 4688; x_wconf 86' lang='lat' dir='ltr'><strong>Novimus</strong></span> <span class='ocrx_word' id='word_1_636' title='bbox 1032 4651 1161 4708; x_wconf 90' lang='lat' dir='ltr'><strong>ergo</strong></span> <span class='ocrx_word' id='word_1_637' title='bbox 1219 4640 1334 4696; x_wconf 86' lang='lat' dir='ltr'><strong>ﬁeri</strong></span> <span class='ocrx_word' id='word_1_638' title='bbox 1386 4659 1494 4697; x_wconf 90' lang='lat' dir='ltr'><strong>non</strong></span> <span class='ocrx_word' id='word_1_639' title='bbox 1551 4659 1750 4713; x_wconf 90' lang='lat' dir='ltr'><strong>posse,</strong></span> <span class='ocrx_word' id='word_1_640' title='bbox 1811 4653 1872 4699; x_wconf 94' lang='lat' dir='ltr'><strong>ut</strong></span> <span class='ocrx_word' id='word_1_641' title='bbox 1923 4645 2044 4712; x_wconf 73' lang='lat' dir='ltr'><strong>Dei1</strong></span> 
     </span>
    </p>
   </div>
   <div class='ocr_carea' id='block_1_94' title="bbox 2150 4626 3742 4713">
    <p class='ocr_par' dir='ltr' id='par_1_94' title="bbox 2234 4626 3742 4712">
     <span class='ocr_line' id='line_1_94' title="bbox 2234 4626 3742 4712; baseline -0.013 -14"><span class='ocrx_word' id='word_1_642' title='bbox 2234 4642 2331 4698; x_wconf 82' lang='grc' dir='ltr'>κε’.</span> <span class='ocrx_word' id='word_1_643' title='bbox 2374 4645 2608 4712; x_wconf 77' lang='grc' dir='ltr'>Οἴδαμεν</span> <span class='ocrx_word' id='word_1_644' title='bbox 2640 4638 2756 4702; x_wconf 80' lang='grc' dir='ltr'>οὖν,</span> <span class='ocrx_word' id='word_1_645' title='bbox 2783 4641 2864 4693; x_wconf 85' lang='grc' dir='ltr'>ὅτι</span> <span class='ocrx_word' id='word_1_646' title='bbox 2897 4638 3020 4691; x_wconf 76' lang='grc' dir='ltr'>οὔτε</span> <span class='ocrx_word' id='word_1_647' title='bbox 3046 4634 3204 4701; x_wconf 84' lang='grc' dir='ltr'>Θεοῦ,</span> <span class='ocrx_word' id='word_1_648' title='bbox 3238 4632 3365 4686; x_wconf 86' lang='grc' dir='ltr'>οῦτε</span> <span class='ocrx_word' id='word_1_649' title='bbox 3399 4626 3742 4700; x_wconf 73' lang='grc' dir='ltr'>ψυχῆς,οῦτε</span> 
     </span>
    </p>
   </div>
   <div class='ocr_carea' id='block_1_95' title="bbox 487 4721 1873 4792">
    <p class='ocr_par' dir='ltr' id='par_1_95' title="bbox 487 4721 1873 4792">
     <span class='ocr_line' id='line_1_95' title="bbox 487 4721 1873 4792; baseline 0.012 -19"><span class='ocrx_word' id='word_1_650' title='bbox 487 4721 684 4776; x_wconf 72' lang='lat' dir='ltr'><strong>animae</strong></span> <span class='ocrx_word' id='word_1_651' title='bbox 746 4732 802 4777; x_wconf 91' lang='lat' dir='ltr'><strong>et</strong></span> <span class='ocrx_word' id='word_1_652' title='bbox 858 4727 1124 4784; x_wconf 63' lang='lat' dir='ltr'><strong>daemonis</strong></span> <span class='ocrx_word' id='word_1_653' title='bbox 1191 4739 1447 4788; x_wconf 90' lang='lat' dir='ltr'><strong>naturam</strong></span> <span class='ocrx_word' id='word_1_654' title='bbox 1510 4742 1873 4792; x_wconf 90' lang='lat' dir='ltr'><strong>contueamur</strong></span> 
     </span>
    </p>
   </div>
   <div class='ocr_carea' id='block_1_96' title="bbox 486 4900 2054 4976">
    <p class='ocr_par' dir='ltr' id='par_1_96' title="bbox 486 4900 2054 4976">
     <span class='ocr_line' id='line_1_96' title="bbox 486 4900 2054 4976; baseline 0.016 -25"><span class='ocrx_word' id='word_1_655' title='bbox 486 4900 737 4970; x_wconf 86' lang='lat' dir='ltr'><strong>plamur;</strong></span> <span class='ocrx_word' id='word_1_656' title='bbox 791 4903 978 4960; x_wconf 90' lang='lat' dir='ltr'><strong>divina</strong></span> <span class='ocrx_word' id='word_1_657' title='bbox 1027 4910 1288 4967; x_wconf 90' lang='lat' dir='ltr'><strong>nimirum</strong></span> <span class='ocrx_word' id='word_1_658' title='bbox 1331 4914 1681 4972; x_wconf 83' lang='lat' dir='ltr'><strong>Providentia</strong></span> <span class='ocrx_word' id='word_1_659' title='bbox 1729 4917 1934 4976; x_wconf 88' lang='lat' dir='ltr'><strong>formas</strong></span> <span class='ocrx_word' id='word_1_660' title='bbox 1999 4930 2054 4976; x_wconf 91' lang='lat' dir='ltr'><strong>et</strong></span> 
     </span>
    </p>
   </div>
   <div class='ocr_carea' id='block_1_97' title="bbox 489 4989 2056 5082">
    <p class='ocr_par' dir='ltr' id='par_1_97' title="bbox 489 4989 2056 5082">
     <span class='ocr_line' id='line_1_97' title="bbox 489 4989 2056 5082; baseline 0.015 -38"><span class='ocrx_word' id='word_1_661' title='bbox 489 4989 694 5062; x_wconf 84' lang='lat' dir='ltr'><strong>ﬁguras</strong></span> <span class='ocrx_word' id='word_1_662' title='bbox 749 4995 912 5052; x_wconf 87' lang='lat' dir='ltr'><strong>rebus</strong></span> <span class='ocrx_word' id='word_1_663' title='bbox 975 4999 1343 5072; x_wconf 88' lang='lat' dir='ltr'><strong>incorporeis,</strong></span> <span class='ocrx_word' id='word_1_664' title='bbox 1408 5022 1472 5061; x_wconf 91' lang='lat' dir='ltr'><strong>ac</strong></span> <span class='ocrx_word' id='word_1_665' title='bbox 1537 5007 1712 5063; x_wconf 89' lang='lat' dir='ltr'><strong>forma</strong></span> <span class='ocrx_word' id='word_1_666' title='bbox 1772 5011 2056 5082; x_wconf 86' lang='lat' dir='ltr'><strong>ﬁguraque</strong></span> 
     </span>
    </p>
   </div>
   <div class='ocr_carea' id='block_1_98' title="bbox 489 5087 2056 5168">
    <p class='ocr_par' dir='ltr' id='par_1_98' title="bbox 489 5087 2056 5168">
     <span class='ocr_line' id='line_1_98' title="bbox 489 5087 2056 5168; baseline 0.013 -30"><span class='ocrx_word' id='word_1_667' title='bbox 489 5087 762 5155; x_wconf 87' lang='lat' dir='ltr'><strong>corporali</strong></span> <span class='ocrx_word' id='word_1_668' title='bbox 791 5091 1431 5164; x_wconf 85' lang='lat' dir='ltr'><strong>carentibustribucnte,</strong></span> <span class='ocrx_word' id='word_1_669' title='bbox 1485 5115 1595 5168; x_wconf 90' lang='lat' dir='ltr'><strong>quo</strong></span> <span class='ocrx_word' id='word_1_670' title='bbox 1643 5117 1746 5157; x_wconf 90' lang='lat' dir='ltr'><strong>nos</strong></span> <span class='ocrx_word' id='word_1_671' title='bbox 1796 5105 1862 5157; x_wconf 88' lang='lat' dir='ltr'><strong>ad</strong></span> <span class='ocrx_word' id='word_1_672' title='bbox 1903 5119 2056 5158; x_wconf 91' lang='lat' dir='ltr'><strong>cras-</strong></span> 
     </span>
    </p>
   </div>
   <div class='ocr_carea' id='block_1_99' title="bbox 489 5185 2047 5263">
    <p class='ocr_par' dir='ltr' id='par_1_99' title="bbox 489 5185 2047 5263">
     <span class='ocr_line' id='line_1_99' title="bbox 489 5185 2047 5263; baseline 0.012 -33"><span class='ocrx_word' id='word_1_673' title='bbox 489 5190 628 5242; x_wconf 73' lang='lat' dir='ltr'><strong>sam,</strong></span> <span class='ocrx_word' id='word_1_674' title='bbox 660 5185 714 5233; x_wconf 90' lang='lat' dir='ltr'><strong>et</strong></span> <span class='ocrx_word' id='word_1_675' title='bbox 748 5195 890 5250; x_wconf 89' lang='lat' dir='ltr'><strong>eam,</strong></span> <span class='ocrx_word' id='word_1_676' title='bbox 923 5197 1048 5253; x_wconf 72' lang='lat' dir='ltr'><strong>quae</strong></span> <span class='ocrx_word' id='word_1_677' title='bbox 1077 5201 1143 5240; x_wconf 84' lang='lat' dir='ltr'><strong>ex</strong></span> <span class='ocrx_word' id='word_1_678' title='bbox 1173 5194 1330 5254; x_wconf 89' lang='lat' dir='ltr'><strong>parte</strong></span> <span class='ocrx_word' id='word_1_679' title='bbox 1357 5195 1463 5256; x_wconf 90' lang='lat' dir='ltr'><strong>est,</strong></span> <span class='ocrx_word' id='word_1_680' title='bbox 1500 5189 1742 5259; x_wconf 86' lang='lat' dir='ltr'><strong>ipsarum</strong></span> <span class='ocrx_word' id='word_1_681' title='bbox 1775 5194 2047 5263; x_wconf 88' lang='lat' dir='ltr'><strong>cognitio-</strong></span> 
     </span>
    </p>
   </div>
   <div class='ocr_carea' id='block_1_100' title="bbox 559 5354 1662 5435">
    <p class='ocr_par' dir='ltr' id='par_1_100' title="bbox 559 5354 1662 5435">
     <span class='ocr_line' id='line_1_100' title="bbox 559 5354 1662 5435; baseline 0.019 -32"><span class='ocrx_word' id='word_1_682' title='bbox 559 5354 605 5435; x_wconf 50' lang='lat'><strong>7‘”</strong></span> <span class='ocrx_word' id='word_1_683' title='bbox 660 5355 814 5412; x_wconf 84' lang='lat' dir='ltr'><strong>Deut.</strong></span> <span class='ocrx_word' id='word_1_684' title='bbox 865 5379 932 5435; x_wconf 74' lang='lat' dir='ltr'><strong>v,_</strong></span> <span class='ocrx_word' id='word_1_685' title='bbox 951 5361 1042 5414; x_wconf 62' lang='lat'><strong>22.</strong></span> <span class='ocrx_word' id='word_1_686' title='bbox 1121 5363 1165 5395; x_wconf 80' lang='grc'><strong>⁷⁸</strong></span> <span class='ocrx_word' id='word_1_687' title='bbox 1196 5363 1369 5421; x_wconf 83' lang='lat' dir='ltr'><strong>Exod.</strong></span> <span class='ocrx_word' id='word_1_688' title='bbox 1404 5383 1538 5435; x_wconf 79' lang='lat' dir='ltr'><strong>xvu,</strong></span> <span class='ocrx_word' id='word_1_689' title='bbox 1574 5370 1662 5424; x_wconf 77' lang='lat' dir='ltr'><strong>M.</strong></span> 
     </span>
    </p>
   </div>
   <div class='ocr_carea' id='block_1_101' title="bbox 495 5419 956 5493">
    <p class='ocr_par' dir='ltr' id='par_1_101' title="bbox 495 5419 956 5493">
     <span class='ocr_line' id='line_1_101' title="bbox 495 5419 956 5493; baseline 0.02 -17"><span class='ocrx_word' id='word_1_690' title='bbox 495 5420 534 5454; x_wconf 78' lang='grc'><strong><em>³⁵</em></strong></span> <span class='ocrx_word' id='word_1_691' title='bbox 565 5419 732 5482; x_wconf 81' lang='lat' dir='ltr'><strong>Josue</strong></span> <span class='ocrx_word' id='word_1_692' title='bbox 769 5445 841 5493; x_wconf 81' lang='grc' dir='ltr'><strong>ιν,</strong></span> <span class='ocrx_word' id='word_1_693' title='bbox 869 5419 956 5486; x_wconf 75' lang='grc'><strong>15.</strong></span> 
     </span>
    </p>
   </div>
   <div class='ocr_carea' id='block_1_102' title="bbox 1921 4727 3742 4806">
    <p class='ocr_par' dir='ltr' id='par_1_102' title="bbox 1921 4727 3742 4806">
     <span class='ocr_line' id='line_1_102' title="bbox 1921 4727 3742 4806; baseline -0.011 -13"><span class='ocrx_word' id='word_1_694' title='bbox 1921 4757 1936 4792; x_wconf 89' lang='lat'><strong>:</strong></span> <span class='ocrx_word' id='word_1_695' title='bbox 1995 4753 2058 4793; x_wconf 82' lang='lat' dir='ltr'><strong>ea</strong></span> <span class='ocrx_word' id='word_1_696' title='bbox 2155 4737 2411 4806; x_wconf 87' lang='grc' dir='ltr'>δαίμονος</span> <span class='ocrx_word' id='word_1_697' title='bbox 2445 4735 2670 4788; x_wconf 75' lang='grc' dir='ltr'>δυνατὸν</span> <span class='ocrx_word' id='word_1_698' title='bbox 2703 4733 2960 4802; x_wconf 81' lang='grc' dir='ltr'>θεαθῆναι</span> <span class='ocrx_word' id='word_1_699' title='bbox 3011 4729 3196 4798; x_wconf 83' lang='grc' dir='ltr'>φύσιν,</span> <span class='ocrx_word' id='word_1_700' title='bbox 3228 4727 3346 4780; x_wconf 77' lang='grc' dir='ltr'>ἁλλ’</span> <span class='ocrx_word' id='word_1_701' title='bbox 3372 4728 3430 4779; x_wconf 83' lang='grc' dir='ltr'><strong>ἑν</strong></span> <span class='ocrx_word' id='word_1_702' title='bbox 3463 4739 3742 4795; x_wconf 83' lang='grc' dir='ltr'>μετασχη·</span> 
     </span>
    </p>
   </div>
   <div class='ocr_carea' id='block_1_103' title="bbox 485 4818 2061 4885">
    <p class='ocr_par' dir='ltr' id='par_1_103' title="bbox 485 4818 2061 4885">
     <span class='ocr_line' id='line_1_103' title="bbox 485 4818 2061 4885; baseline 0.012 -21"><span class='ocrx_word' id='word_1_703' title='bbox 485 4818 667 4864; x_wconf 88' lang='lat' dir='ltr'><strong>tamen</strong></span> <span class='ocrx_word' id='word_1_704' title='bbox 722 4827 821 4881; x_wconf 91' lang='lat' dir='ltr'><strong>per</strong></span> <span class='ocrx_word' id='word_1_705' title='bbox 874 4818 1165 4885; x_wconf 89' lang='lat' dir='ltr'><strong>quamdam</strong></span> <span class='ocrx_word' id='word_1_706' title='bbox 1203 4818 1770 4884; x_wconf 88' lang='lat' dir='ltr'><strong>&#39;transformalionem</strong></span> <span class='ocrx_word' id='word_1_707' title='bbox 1822 4839 2061 4884; x_wconf 89' lang='lat' dir='ltr'><strong>contem-</strong></span> 
     </span>
    </p>
   </div>
   <div class='ocr_carea' id='block_1_104' title="bbox 2160 4814 3745 4899">
    <p class='ocr_par' dir='ltr' id='par_1_104' title="bbox 2160 4814 3745 4899">
     <span class='ocr_line' id='line_1_104' title="bbox 2160 4814 3745 4899; baseline -0.011 -17"><span class='ocrx_word' id='word_1_708' title='bbox 2160 4827 2419 4899; x_wconf 82' lang='grc' dir='ltr'>ματισμῷ</span> <span class='ocrx_word' id='word_1_709' title='bbox 2450 4845 2553 4880; x_wconf 90' lang='grc' dir='ltr'>τινι</span> <span class='ocrx_word' id='word_1_710' title='bbox 2583 4824 2912 4897; x_wconf 85' lang='grc' dir='ltr'>θεωροῦνται</span> <span class='ocrx_word' id='word_1_711' title='bbox 2937 4822 3132 4885; x_wconf 87' lang='grc' dir='ltr'>ταῦτα,</span> <span class='ocrx_word' id='word_1_712' title='bbox 3159 4820 3258 4889; x_wconf 84' lang='grc' dir='ltr'><strong>τῆς</strong></span> <span class='ocrx_word' id='word_1_713' title='bbox 3291 4817 3441 4880; x_wconf 88' lang='grc' dir='ltr'>θείας</span> <span class='ocrx_word' id='word_1_714' title='bbox 3486 4814 3745 4885; x_wconf 84' lang='grc' dir='ltr'>προνοίας</span> 
     </span>
    </p>
   </div>
   <div class='ocr_carea' id='block_1_105' title="bbox 2165 4902 3748 4987">
    <p class='ocr_par' dir='ltr' id='par_1_105' title="bbox 2165 4902 3748 4987">
     <span class='ocr_line' id='line_1_105' title="bbox 2165 4902 3748 4987; baseline -0.009 -15"><span class='ocrx_word' id='word_1_715' title='bbox 2165 4921 2366 4982; x_wconf 87' lang='grc' dir='ltr'>τύπους</span> <span class='ocrx_word' id='word_1_716' title='bbox 2393 4919 2486 4971; x_wconf 79' lang='grc' dir='ltr'><strong>καὶ</strong></span> <span class='ocrx_word' id='word_1_717' title='bbox 2511 4919 2762 4987; x_wconf 83' lang='grc' dir='ltr'>σχήματα</span> <span class='ocrx_word' id='word_1_718' title='bbox 2785 4912 3156 4986; x_wconf 88' lang='grc' dir='ltr'>περιτιθείσης</span> <span class='ocrx_word' id='word_1_719' title='bbox 3176 4910 3289 4970; x_wconf 88' lang='grc' dir='ltr'>τοῖς</span> <span class='ocrx_word' id='word_1_720' title='bbox 3311 4906 3625 4974; x_wconf 80' lang='grc' dir='ltr'>ἀσωμάτοις</span> <span class='ocrx_word' id='word_1_721' title='bbox 3650 4902 3748 4957; x_wconf 81' lang='grc' dir='ltr'><strong>καί</strong></span> 
     </span>
    </p>
   </div>
   <div class='ocr_carea' id='block_1_106' title="bbox 2165 4992 3744 5074">
    <p class='ocr_par' dir='ltr' id='par_1_106' title="bbox 2165 4992 3744 5074">
     <span class='ocr_line' id='line_1_106' title="bbox 2165 4992 3744 5074; baseline -0.014 -11"><span class='ocrx_word' id='word_1_722' title='bbox 2165 5009 2493 5070; x_wconf 87' lang='grc' dir='ltr'>ἀτυπώτοις,</span> <span class='ocrx_word' id='word_1_723' title='bbox 2523 5005 2614 5060; x_wconf 77' lang='grc' dir='ltr'><strong>καὶ</strong></span> <span class='ocrx_word' id='word_1_724' title='bbox 2648 5005 2721 5074; x_wconf 81' lang='grc' dir='ltr'>μὴ</span> <span class='ocrx_word' id='word_1_725' title='bbox 2751 5004 2930 5073; x_wconf 78' lang='grc' dir='ltr'>ἔχουσι</span> <span class='ocrx_word' id='word_1_726' title='bbox 2979 4997 3359 5070; x_wconf 76' lang='grc' dir='ltr'>σχηματισμὸν</span> <span class='ocrx_word' id='word_1_727' title='bbox 3391 4992 3744 5064; x_wconf 83' lang='grc' dir='ltr'>σωματικῶς,</span> 
     </span>
    </p>
   </div>
   <div class='ocr_carea' id='block_1_107' title="bbox 2167 5080 3746 5171">
    <p class='ocr_par' dir='ltr' id='par_1_107' title="bbox 2167 5080 3746 5171">
     <span class='ocr_line' id='line_1_107' title="bbox 2167 5080 3746 5171; baseline -0.015 -16"><span class='ocrx_word' id='word_1_728' title='bbox 2167 5101 2302 5171; x_wconf 75' lang='grc' dir='ltr'>πρὸς</span> <span class='ocrx_word' id='word_1_729' title='bbox 2343 5099 2404 5152; x_wconf 83' lang='grc' dir='ltr'><strong>τὸ</strong></span> <span class='ocrx_word' id='word_1_730' title='bbox 2449 5094 2926 5168; x_wconf 85' lang='grc' dir='ltr'>χειραγωγηθῆναι</span> <span class='ocrx_word' id='word_1_731' title='bbox 2955 5092 3124 5161; x_wconf 82' lang='grc' dir='ltr'>ἡμᾶς,</span> <span class='ocrx_word' id='word_1_732' title='bbox 3155 5088 3250 5140; x_wconf 76' lang='grc' dir='ltr'><strong>καὶ</strong></span> <span class='ocrx_word' id='word_1_733' title='bbox 3279 5084 3415 5155; x_wconf 79' lang='grc' dir='ltr'>πρὸς</span> <span class='ocrx_word' id='word_1_734' title='bbox 3447 5080 3746 5152; x_wconf 83' lang='grc' dir='ltr'>παχυμερῆ</span> 
     </span>
    </p>
   </div>
   <div class='ocr_carea' id='block_1_108' title="bbox 2173 5174 3752 5264">
    <p class='ocr_par' dir='ltr' id='par_1_108' title="bbox 2173 5174 3752 5264">
     <span class='ocr_line' id='line_1_108' title="bbox 2173 5174 3752 5264; baseline -0.015 -16"><span class='ocrx_word' id='word_1_735' title='bbox 2173 5195 2266 5248; x_wconf 77' lang='grc' dir='ltr'>καὶ</span> <span class='ocrx_word' id='word_1_736' title='bbox 2318 5191 2550 5264; x_wconf 81' lang='grc' dir='ltr'>μερικὴν</span> <span class='ocrx_word' id='word_1_737' title='bbox 2598 5187 2776 5243; x_wconf 81' lang='grc' dir='ltr'>αὐτῶν</span> <span class='ocrx_word' id='word_1_738' title='bbox 2832 5185 3066 5254; x_wconf 81' lang='grc' dir='ltr'>γνῶσιν,</span> <span class='ocrx_word' id='word_1_739' title='bbox 3116 5181 3201 5233; x_wconf 84' lang='grc' dir='ltr'>ἴνα</span> <span class='ocrx_word' id='word_1_740' title='bbox 3260 5177 3335 5248; x_wconf 83' lang='grc' dir='ltr'><strong>μὴ</strong></span> <span class='ocrx_word' id='word_1_741' title='bbox 3381 5179 3439 5230; x_wconf 88' lang='grc' dir='ltr'><strong>ἑν</strong></span> <span class='ocrx_word' id='word_1_742' title='bbox 3491 5174 3752 5228; x_wconf 84' lang='grc' dir='ltr'>παντελεῖ</span> 
     </span>
    </p>
   </div>
   <div class='ocr_carea' id='block_1_109' title="bbox 1765 5355 2044 5436">
    <p class='ocr_par' dir='ltr' id='par_1_109' title="bbox 1765 5371 2014 5426">
     <span class='ocr_line' id='line_1_109' title="bbox 1765 5371 2014 5426; baseline 0.004 -1"><span class='ocrx_word' id='word_1_743' title='bbox 1765 5372 1806 5405; x_wconf 89' lang='grc'><strong>⁷⁷</strong></span> <span class='ocrx_word' id='word_1_744' title='bbox 1844 5371 2014 5426; x_wconf 71' lang='lat' dir='ltr'><strong>Exod.</strong></span> 
     </span>
    </p>
   </div>
   <div class='ocr_carea' id='block_1_110' title="bbox 2150 5355 3749 5436">
    <p class='ocr_par' dir='ltr' id='par_1_110' title="bbox 2150 5355 3749 5435">
     <span class='ocr_line' id='line_1_110' title="bbox 2150 5355 3749 5435; baseline -0.013 -2"><span class='ocrx_word' id='word_1_745' title='bbox 2150 5413 2156 5433; x_wconf 82' lang='lat'><strong>.</strong></span> <span class='ocrx_word' id='word_1_746' title='bbox 2193 5372 2286 5435; x_wconf 77' lang='lat'><strong>33,</strong></span> <span class='ocrx_word' id='word_1_747' title='bbox 2342 5373 2432 5428; x_wconf 69' lang='grc'><strong>54.</strong></span> <span class='ocrx_word' id='word_1_748' title='bbox 2525 5370 2568 5403; x_wconf 82' lang='grc'><strong>⁷⁸</strong></span> <span class='ocrx_word' id='word_1_749' title='bbox 2599 5368 2758 5424; x_wconf 88' lang='lat' dir='ltr'><strong>Num.</strong></span> <span class='ocrx_word' id='word_1_750' title='bbox 2808 5379 2945 5430; x_wconf 83' lang='lat' dir='ltr'><strong>xvn,</strong></span> <span class='ocrx_word' id='word_1_751' title='bbox 2977 5361 3062 5416; x_wconf 83' lang='grc'><strong>10.</strong></span> <span class='ocrx_word' id='word_1_752' title='bbox 3145 5361 3187 5393; x_wconf 70' lang='grc'><strong>⁷9</strong></span> <span class='ocrx_word' id='word_1_753' title='bbox 3218 5357 3388 5413; x_wconf 73' lang='lat' dir='ltr'><strong>Exod.</strong></span> <span class='ocrx_word' id='word_1_754' title='bbox 3425 5371 3624 5420; x_wconf 79' lang='lat' dir='ltr'><strong>xxvm,</strong></span> <span class='ocrx_word' id='word_1_755' title='bbox 3661 5355 3749 5412; x_wconf 76' lang='lat' dir='ltr'><strong>il.</strong></span> 
     </span>
    </p>
   </div>
   <div class='ocr_carea' id='block_1_111' title="bbox 1773 5584 2448 5645">
    <p class='ocr_par' dir='ltr' id='par_1_111' title="bbox 1773 5584 2448 5645">
     <span class='ocr_line' id='line_1_111' title="bbox 1773 5584 2448 5645; baseline 0.016 -11"><span class='ocrx_word' id='word_1_756' title='bbox 1773 5584 2001 5640; x_wconf 72' lang='grc' dir='ltr'>νΑΒΙιΕ</span> <span class='ocrx_word' id='word_1_757' title='bbox 2043 5585 2448 5645; x_wconf 84' lang='lat' dir='ltr'><strong>LECTIONES.</strong></span> 
     </span>
    </p>
   </div>
   <div class='ocr_carea' id='block_1_112' title="bbox 571 5664 1050 5740">
    <p class='ocr_par' dir='ltr' id='par_1_112' title="bbox 571 5664 1050 5740">
     <span class='ocr_line' id='line_1_112' title="bbox 571 5664 1050 5740; baseline 0.017 -24"><span class='ocrx_word' id='word_1_758' title='bbox 571 5673 610 5700; x_wconf 67' lang='grc' dir='ltr'><strong>ιη</strong></span> <span class='ocrx_word' id='word_1_759' title='bbox 646 5664 786 5733; x_wconf 73' lang='lat' dir='ltr'><strong>Lego</strong></span> <span class='ocrx_word' id='word_1_760' title='bbox 817 5668 1050 5740; x_wconf 83' lang='grc' dir='ltr'>ἑωράθη.</span> 
     </span>
    </p>
   </div>
  </div>
