4074 6146
384 251 521 318 1345

1435 251 1536 313 DE
1569 254 2035 316 IMAGINIBUS
2073 254 2355 317 ORATIO
2394 250 2511 314 III.

3501 251 3638 321 1346

386 357 575 427 ἀγνοίᾳ
607 350 757 428 ὦμεν
787 356 941 422 Θεοῦ,
968 359 1058 413 καὶ
1099 350 1212 409 τῶν
1272 353 1584 430 ἀσωμάτων
1626 360 1960 430 κτισμάτων.

2073 376 2192 415 nem
2226 365 2516 431 perducat,
2552 368 2619 411 ne
2645 352 2701 411 in
2734 354 3048 415 omnimoda
3072 375 3298 432 prorsus
3340 359 3432 417 Dei
3479 377 3633 417 crea-

397 450 454 503 'O
505 447 604 518 μὲν
646 447 755 519 γὰρ
797 447 926 512 Θεὸς
962 450 1116 518 φύσει
1161 442 1265 498 καὶ
1310 451 1589 514 παντελῶς
1636 451 1956 521 ἀσώματος⁸

386 540 613 608 ἄγγελος
657 538 735 604 δὲ,
762 538 857 592 καὶ
885 537 1052 610 ψυχὴ,
1085 540 1179 592 καὶ
1227 535 1461 610 δαίμων,
1500 543 1636 611 πρὸς
1684 542 1781 610 μὲν
1827 539 1957 593 Θεὸν

388 628 819 700 συγκρινόμενοι,
851 629 941 682 τὸν
973 630 1132 700 μόνον
1169 631 1524 701 ἀσύγκριτον,
1558 630 1787 701 σώματά
1812 633 1917 683 εἰσι
1942 647 1956 661 ⁸

387 721 520 789 πρὸς
546 718 604 772 δὲ
639 720 707 772 τὰ
736 719 897 772 ύλικά
927 719 1175 790 σώματα,
1209 721 1513 791 ἀσώματοι.
1549 721 1641 791 Μὴ
1678 721 1846 773 θέλων
1872 716 1963 773 οὖν

386 810 514 873 Θεὸς
557 811 834 873 παντελῶς
861 813 1080 880 ἀγνοεῖν
1109 812 1256 882 ἡμᾶς
1287 811 1356 864 τὰ
1382 808 1669 882 ἀσώματα,
1707 810 1963 882 περιέθη-

386 921 482 956 κεν
513 904 694 968 αύτοῖς
723 904 947 970 τύπους,
980 903 1074 956 καὶ
1112 905 1388 974 σχήματα,
1420 903 1516 958 καὶ
1557 904 1772 967 εἰκόνας
1821 904 1964 957 κατά

384 996 484 1063 τὴν
514 996 803 1064 ἀναλογίαν
834 996 934 1066 τῆς
963 996 1179 1065 φύσεως
1217 995 1398 1066 ἡμῶν,
1436 997 1689 1066 σχήματα
1720 1011 1964 1065 σωματι-

388 1087 500 1139 xi"
528 1090 584 1139 ὲν
612 1088 760 1158 ἀΰλῳ
792 1088 981 1157 ὁράσει
1012 1087 1133 1151 νοὸς
1176 1086 1432 1157 ὁρώμενα
1451 1102 1468 1120 ι
1501 1088 1593 1140 καί
1623 1086 1797 1139 ταῦτα
1832 1103 1963 1156 σχη-

390 1177 686 1247 ματίζομεν
731 1178 826 1230 καί
855 1177 1217 1248 εἰκονίζομεν.
1236 1179 1408 1240 Ἐπεὶ,
1440 1176 1556 1242 πῶς
1583 1176 1963 1248 ἐσχηματίσθη

388 1267 482 1320 καί
510 1267 782 1337 εἰκονίσθη
810 1268 878 1322 τὰ
902 1268 1217 1338 Χερουϐίμ;
1259 1267 1395 1323 ἀλλά
1416 1270 1513 1323 καὶ
1541 1267 1677 1322 Θεοῦ
1705 1269 1963 1339 σχήματα

388 1357 482 1410 καί
516 1358 790 1429 εἰκόναςή
824 1358 1016 1432 Γραφὴ
1056 1359 1188 1430 ἔχει.

2069 460 2429 518 lurarumque
2468 450 2919 519 incorporearum
2978 451 3325 521 ignoratione
3387 465 3636 506 versare—
3695 510 3711 524 ,

2069 556 2213 595 mur.
2275 538 2418 595 Deus
2463 539 2734 610 siquidem
2805 549 3001 610 suapte
3066 549 3284 604 natura,
3347 541 3635 610 modisque

2067 633 2329 687 erunibus
2362 633 2726 702 incorporeus
2751 641 2873 688 est:
2901 634 3130 703 angelus
3153 646 3308 696 vero,
3342 641 3397 687 et
3428 632 3633 695 anima,

2062 734 2117 777 et
2141 723 2378 789 daemon,
2404 725 2450 779 si
2474 741 2599 779 cum
2646 723 2778 792 Deo,
2834 725 2926 795 qui
2972 725 3126 780 solus
3175 724 3635 794 incomparabilts

2065 824 2170 881 est,
2202 826 2625 885 componantur,
2658 816 2988 885 corporibus
3016 816 3298 871 accenseri
3344 826 3582 886 possunt
3614 836 3629 870 :

2066 908 2157 962 sin
2189 916 2370 963 autem
2398 922 2524 962 eum
2559 907 2910 978 corporibus,
2960 923 3050 963 res
3098 917 3231 962 sunt
3281 908 3634 977 incorporeas.

2062 996 2201 1061 Cum
2227 999 2412 1069 itaque
2470 997 2615 1055 Deus
2638 1013 2704 1054 ea
2730 1013 2834 1054 nos
2850 1000 3107 1069 ignorare
3142 998 3303 1068 357
3371 999 3635 1063 noluerit,

2067 1102 2192 1158 quae
2223 1102 2492 1158 corporea
2521 1102 2634 1142 non
2667 1097 2819 1153 sunt,
2848 1098 3061 1143 natura:
3089 1089 3275 1143 habita
3302 1089 3519 1144 ratione
3550 1104 3642 1143 ea-

2067 1178 2193 1232 dem
2225 1178 2444 1246 formis,
2507 1188 2563 1234 et
2603 1179 2821 1250 ﬁguris,
2865 1194 3082 1234 necnon
3147 1181 3476 1251 imaginibus
3532 1180 3643 1234 cir-

2067 1271 2462 1336 cumvestivit;
2533 1270 2746 1341 ﬁguris,
2782 1270 3033 1340 inquam,
3084 1272 3388 1341 corporeis.
3440 1271 3641 1340 quibus

2068 1373 2135 1413 ea
2163 1360 2329 1415 oculo
2369 1360 2569 1416 mentis
2608 1375 2640 1415 a
2670 1362 2902 1415 materia
2941 1371 3155 1416 remoto
3198 1362 3638 1417 considerantur.

389 1451 513 1505 Haec
542 1466 710 1521 porro
774 1460 906 1508 sunt
969 1468 1091 1524 qua
1134 1452 1327 1524 ﬁguris
1373 1461 1427 1509 et
1470 1453 1804 1523 imaginibus
1870 1453 2280 1509 adumbramus.
2352 1452 2641 1520 Quomodo
2697 1455 2844 1508 enim
2888 1452 3186 1508 Cherubim
3232 1452 3412 1524 elIingi
3449 1452 3643 1524 imagi-

389 1545 554 1600 nibus
580 1552 634 1599 et
662 1545 894 1614 exprimi
925 1560 1169 1616 unquam
1194 1547 1544 1616 potuissent?
1566 1545 1825 1612 Quinimo
1843 1544 1936 1602 Dei
1978 1544 2182 1617 ﬁguras
2211 1553 2267 1602 et
2298 1546 2568 1616 imagines
2595 1545 2883 1615 Scriptura
2916 1545 3189 1600 continet.

703 1635 800 1700 Τίς
835 1636 1068 1703 πρῶτος
1099 1637 1395 1705 ἐποίησεν
1420 1638 1646 1692 εἰκόνα.

460 1730 574 1788 κς’.
612 1723 785 1788 Αὐτὸς
811 1726 839 1777 ό
870 1726 1004 1789 Θεὸς
1036 1725 1253 1797 πρῶτος
1280 1726 1540 1796 ἐγέννησε
1570 1725 1662 1778 τὸν
1696 1726 1958 1796 μονογενῆ

390 1815 520 1869 Υἰὸν
567 1816 666 1870 καὶ
708 1815 883 1884 Λόγον
920 1817 1111 1881 αὑτοῦ,
1144 1817 1329 1871 εἰκόνα
1363 1816 1530 1869 αὐτοῦ
1562 1816 1765 1882 ζῶσαν,
1805 1833 1963 1886 (pudt-

390 1908 515 1977 κῆν,
543 1908 962 1976 ἀπαράλλακτον
984 1912 1309 1983 χαρακτῆρα
1336 1909 1437 1979 τῆς
1461 1907 1624 1962 αὐτοῦ
1646 1908 1961 1979 ἀῖδιότητοςο

297 2010 309 2018 ·
392 1996 614 2066 ἐποίησέ
674 2014 734 2050 τε
772 1998 864 2052 τὸν
907 1998 1195 2069 ἄνθρωπον
1241 1999 1360 2051 κατ’
1392 1998 1576 2051 εἰκόνα
1615 1997 1780 2050 αὐτοῦ
1812 2005 1838 2032 °
1875 1998 1969 2050 καὶ

392 2090 514 2144 καθ’
543 2090 824 2160 ὁμοίωσιν.
850 2092 961 2144 Καὶ
986 2091 1161 2161 Ἀδὰμ
1184 2085 1291 2143 εἶδε
1326 2089 1478 2153 Θεὸν,
1506 2090 1601 2143 καὶ
1644 2089 1842 2160 ἤκουσε
1870 2090 1969 2159 τῆς

393 2181 580 2250 φωνῆς
622 2181 732 2234 τῶν
770 2182 948 2235 ποδῶν
977 2182 1142 2236 αὑτοῦ
1175 2181 1602 2253 περιπατοῦντος
1627 2180 1689 2234 τὸ
1719 2180 1965 2248 δειλινὸν,

394 2273 486 2325 καὶ
511 2271 716 2344 ἐκρύϐη
753 2273 811 2326 ὲν
839 2271 915 2343 τῷ
939 2272 1285 2345 παραδείσῳο
1331 2273 1427 2327 καὶ
1468 2270 1663 2325 Ἰακὼὸ
1707 2265 1837 2337 εἶδε,
1874 2270 1970 2323 καὶ

393 2360 656 2415 ἐπάλαισε
707 2362 846 2433 μετά
891 2362 1047 2418 Θεοῦ.
1097 2363 1264 2434 Δῆλον
1309 2363 1384 2429 δὲ,
1438 2364 1517 2418 ὅτι
1563 2363 1639 2426 ὡς
1687 2361 1969 2432 ἄνθρωπος

394 2452 566 2523 ιφάνη
591 2454 739 2526 αύτῷ
764 2455 793 2507 ό
818 2454 981 2518 Θεόςτ
1011 2455 1104 2509 καί⁵
1132 2455 1392 2525 Μωῦσῆς,
1417 2454 1491 2517 ὡς
1516 2454 1736 2506 ὀπίσθια
1764 2451 1971 2522 ἀνθρώ-

397 2561 499 2598 που
531 2540 635 2598 εἶδε
657 2561 671 2574 ⁶
714 2546 806 2599 καὶ
848 2545 1076 2608 Ἡσαΐας
1102 2544 1176 2608 ὡς
1215 2545 1497 2614 ἄνθρωπον
1527 2539 1634 2596 εἶδε
1665 2542 1971 2613 καθήμενον

398 2636 490 2688 ἐπὶ
527 2635 752 2706 θρόνου·
810 2637 905 2690 καί
963 2636 1160 2707 Δανιὴλ
1213 2636 1462 2708 ὁμοίωμα
1508 2632 1795 2705 ἀνθρώπου
1841 2629 1967 2698 εἶδε,

398 2725 493 2778 καὶ
531 2725 607 2788 ὼς
639 2726 753 2781 υίὸν
781 2727 1071 2796 ἀνθρώπου
1105 2728 1324 2780 ἐλθόντα
1357 2728 1449 2781 ἐπὶ
1478 2726 1567 2778 τὸν
1597 2724 1831 2778 Παλαιὸν
1864 2724 1970 2777 τῶν

398 2812 621 2885 ἡμερῶν
642 2829 655 2841 ·
688 2814 781 2866 καὶ
809 2815 868 2865 ού
899 2815 1059 2883 φύσιν
1087 2814 1222 2868 Θεοῦ
1247 2811 1354 2867 εἷδέ
1376 2832 1482 2878 τις,
1503 2814 1638 2867 ἀλλὰ
1662 2813 1751 2866 τὸν
1775 2811 1967 2876 τύπον,

399 2905 494 2957 καὶ
519 2903 617 2974 τὴν
646 2904 832 2957 εἰκόνα
859 2903 953 2956 τοῦ
992 2903 1271 2973 μέλλοντος
1298 2902 1780 2972 ἐσεσθαι.Ἒμελλε
1809 2901 1919 2970 γάρ
1946 2902 1973 2954 ό

400 2995 529 3058 Υίὸς
562 2996 656 3048 καὶ
683 2995 855 3063 Λόγος
882 2993 977 3047 τοῦ
1005 2993 1140 3047 Θεοῦ
1170 2994 1199 3046 ό
1222 2995 1472 3064 ἀόρατος,
1500 2992 1785 3064 ἄνθρωπος
1825 2992 1972 3060 γίνεη

404 3086 527 3139 σθαι
583 3087 640 3138 ὲν
688 3085 936 3156 ἀληθείᾳ,
970 3086 1058 3138 ἵνα
1112 3083 1288 3155 ὲνωθῇ
1340 3086 1406 3154 τῇ
1457 3083 1616 3153 φύσει
1672 3084 1851 3153 ἡμῶν,
1879 3084 1973 3134 καὶ

2299 1637 2356 1691 5ο
2390 1638 2649 1702 Quisnam
2673 1637 2876 1704 primus
2902 1636 3157 1706 imagines
3186 1636 3391 1705 fecerit.

2136 1728 2226 1784 26.
2273 1728 2417 1784 Deus
2474 1730 2596 1799 ipse
2648 1728 2863 1798 primus
2918 1727 3259 1797 unigenitum
3312 1727 3532 1794 Filium,
3588 1737 3644 1784 et

1996 1846 2039 1905 Β
2067 1818 2304 1875 Verbum
2337 1835 2497 1875 suum
2529 1820 2739 1890 genuit,
2768 1821 2948 1875 vivam
2998 1820 3085 1875 sui
3129 1820 3441 1891 imaginem,
3491 1829 3646 1875 natu-

2070 1911 2262 1978 ralem,
2294 1911 2440 1966 nulla
2465 1926 2529 1966 ex
2555 1919 2710 1982 parte
2745 1912 3148 1981 discrepantem
3176 1912 3501 1967 aeternitatis
3529 1928 3644 1968 suae

2071 2001 2462 2056 characterem.
2493 2000 2722 2072 insuper
2752 2002 3027 2057 hominem
3067 2001 3197 2058 fecit
3240 2003 3308 2057 ad
3352 2003 3643 2072 imaginem

2070 2096 2126 2144 et
2157 2089 2569 2146 similitudinem
2596 2105 2751 2146 suam
2776 2087 2845 2141 ⁸¹.
2865 2088 3037 2143 Adam
3059 2103 3276 2160 quoque
3297 2089 3431 2144 vidit
3450 2089 3641 2156 Deum,

2071 2180 2380 2251 pedumque
2407 2181 2529 2250 ejus
2559 2189 2683 2250 post
2732 2180 3017 2235 meridiem
3056 2171 3461 2235 deambul’antis
3502 2190 3643 2235 stre—

2046 2271 2244 2349 .pitum
2265 2271 2493 2335 audivit,
2523 2278 2578 2326 et
2601 2270 2888 2327 abscondit
2912 2286 2973 2327 se
2998 2271 3052 2325 in
3098 2270 3352 2341 paradiso
3371 2271 3439 2324 δ’.
3474 2269 3645 2327 Jacob

2071 2365 2235 2418 etiam
2263 2362 2419 2429 vidit,
2450 2371 2507 2417 et
2538 2364 2775 2419 luctatus
2803 2371 2888 2419 est
2924 2379 3048 2419 cum
3073 2362 3182 2418 Deo
3204 2362 3269 2414 ⁸⁸.
3290 2362 3644 2433 Perspicuum

2072 2461 2253 2509 autem
2286 2462 2371 2509 est
2412 2453 2582 2508 Deum
2618 2469 2678 2510 se
2713 2454 2791 2512 illi
2822 2455 3060 2509 humana
3103 2455 3284 2524 specie
3306 2455 3642 2509 cernendum

2073 2544 2393 2615 praebuisse.
2432 2543 2648 2615 Moyses
2681 2546 2833 2610 item,
2875 2554 3135 2615 tanquam
3188 2545 3425 2600 hominis
3463 2555 3646 2615 poste-

2072 2634 2216 2688 riora
2258 2634 2548 2702 conspexit
2575 2632 2652 2699 ”;
2697 2632 2891 2700 Isaias,
2938 2633 3171 2687 hominis
3208 2633 3381 2687 instar
3420 2635 3472 2686 in
3506 2633 3647 2688 solio

2072 2724 2348 2779 sedentem
2371 2724 2417 2756 ⁸⁸
2442 2742 2457 2777 :
2490 2724 2677 2780 Daniel
2708 2724 2945 2794 denique
2970 2724 3209 2779 hominis
3233 2724 3644 2780 similitudinem

2075 2815 2229 2880 vidit,
2263 2824 2318 2871 et
2349 2816 2510 2886 quasi
2544 2815 2712 2869 lilium
2760 2816 3032 2881 .hominis,
3081 2816 3174 2885 qui
3231 2816 3297 2868 ad
3344 2813 3645 2884 Antiquum

2074 2906 2284 2960 dierum
2315 2921 2641 2975 progressus
2693 2914 2778 2960 est
2804 2906 2851 2938 ⁸⁸
2899 2922 2913 2959 :
2948 2920 3052 2959 nec
3080 2907 3371 2975 quisquam
3414 2915 3517 2967 est,
3552 2904 3646 2974 qui

2075 2994 2170 3049 Dei
2201 3007 2454 3049 naturam
2489 2995 2764 3049 contuitus
2789 2995 2881 3059 sit,
2910 2995 3004 3050 sed
3053 2996 3281 3049 fortnam
3305 2992 3572 3050 duntaxat
3592 3004 3648 3049 et

2074 3085 2364 3155 imaginem
2397 3085 2539 3154 ejus,
2563 3085 2707 3154 quod
2734 3084 3029 3154 aliquando
3056 3087 3275 3141 futurus
3304 3095 3442 3140 erat.
3474 3084 3647 3139 Futu-

402 3177 570 3249 ὁραθῇ
608 3177 700 3231 ἐπὶ
723 3179 857 3248 γῆς’
897 3175 1311 3247 προσεκύνησαν
1339 3174 1431 3229 οῦν
1462 3176 1658 3238 πάντες
1691 3175 1740 3226 οἰ
1776 3173 1970 3235 ἰδόντες

2077 3191 2197 3230 rum
2231 3176 2432 3245 quippe
2463 3186 2602 3238 erat,
2650 3184 2708 3231 ut
2741 3175 2914 3230 Filius
2944 3192 3008 3229 ac
3038 3174 3279 3230 Verbum
3318 3173 3415 3227 Dei
3456 3174 3650 3229 invisi-

401 3271 494 3323 τὸν
521 3269 692 3325 τύπον
723 3270 818 3324 καὶ
847 3270 943 3341 τὴν
964 3269 1150 3323 εἰκόνα
1168 3268 1261 3322 τοῦ
1293 3268 1597 3339 μέλλοντος,
1621 3266 1804 3329 καθὼς
1830 3265 1974 3318 Παῦ-

402 3360 493 3425 λὸς
526 3378 692 3431 φησιν
723 3362 752 3413 ό
780 3360 1075 3424 ἀπόστολος
1121 3361 1180 3412 ὲν
1223 3362 1291 3431 τῇ
1345 3357 1482 3430 πρὸς
1525 3357 1810 3428 Ἑϐραίους
1854 3359 1974 3411 ὲπι-

406 3451 584 3521 στολῇι
606 3470 625 3503 ι
663 3451 819 3505 Κατά
846 3450 1030 3503 πίστιν
1060 3449 1331 3505 ἀπέθανον
1355 3442 1500 3502 οὗτοι
1529 3449 1746 3511 πάντες,
1783 3448 1856 3518 μὴ
1885 3465 1977 3500 κο-

410 3547 699 3616 μισάμενοι
751 3546 846 3610 τὰς
895 3544 1240 3615 εὐαγγελίας,
1286 3542 1422 3597 ἀλλά
1471 3542 1756 3614 πόρρωθεν
1808 3540 1978 3604 αύτάς

410 3637 610 3701 ἰδόντες
656 3637 752 3691 καὶ
797 3638 1193 3709 ἀσπασάμενοι.
1225 3656 1244 3690 ι
1274 3636 1414 3704 Ἐγὼ
1438 3630 1531 3689 οῦν
1558 3635 1620 3688 ού
1652 3634 1728 3705 μὴ
1767 3636 1976 3703 ποιήσω

407 3729 592 3783 εἰκόνα
621 3727 713 3781 τοῦ
736 3728 803 3783 δι’
824 3729 926 3799 ἐμὲ
953 3729 1209 3798 ὀφθέντος
1241 3726 1440 3799 σαρκὸς
1468 3725 1662 3797 φύσεις
1695 3725 1790 3779 καὶ
1812 3739 1978 3795 προσ-

407 3822 626 3892 κυνήσω
658 3820 749 3873 καὶ
780 3821 999 3890 τιμήσω
1030 3819 1211 3886 αὑτὸν,
1242 3819 1332 3873 διά
1374 3819 1471 3888 τῆς
1519 3818 1598 3881 εἰς
1645 3817 1745 3886 τὴν
1793 3815 1977 3870 εἰκόνα

404 3909 569 3964 αὐτοῦ
600 3909 767 3981 τιμῆς
794 3910 886 3963 καὶ
918 3911 1379 3980 προσκυνήσεως;
1418 3903 1569 3962 Εἷδεν
1610 3907 1884 3982 Ἁϐραάμ,
1914 3906 1975 3959 ού

409 3998 568 4065 φύσιν
596 3999 731 4053 Θεοῦ
754 4016 769 4030 ο
802 3999 933 4053 Θεὸν
961 3998 1069 4070 γάρ
1109 4000 1282 4062 οὐδεὶς
1324 3996 1534 4069 ἑώρακε
1577 3997 1824 4051 πώποτεο
1850 3995 1980 4050 ἀλλ’

407 4091 590 4145 εἰκόνα
616 4090 773 4153 Θεοῦ,
804 4091 898 4144 καί
922 4089 1104 4142 πεσὼν
1127 4087 1555 4160 προσεκύνησεν.
1581 4084 1734 4140 Εἷδεν
1774 4085 1979 4157 Ἰησοῦς

409 4181 438 4233 ὁ
467 4179 647 4250 Ναυῆ,
677 4181 737 4233 ού
782 4179 943 4250 φύσιν
988 4178 1244 4247 ἀγγέλου,
1272 4176 1387 4231 ἀλλ’
1416 4177 1598 4231 εἰκόνα
1623 4192 1636 4206 ·
1682 4176 1841 4245 φύσις
1870 4177 1978 4248 γὰρ

411 4275 644 4344 ἀγγέλου
682 4277 1011 4346 σωματικοῖς
1041 4274 1139 4343 ούχ
1162 4274 1355 4345 ὁρᾶται
1392 4270 1691 4342 ὀφθαλμοῖς
1710 4287 1724 4300 ⁸
1758 4271 1853 4324 καὶ
1881 4289 1979 4324 πε-

414 4367 521 4420 σὼν
550 4364 1228 4437 προσεκύνησεν.’ομοίως
1259 4365 1353 4417 καὶ
1389 4361 1876 4435 Δανιηλ.⁹Αγγελος
1900 4363 1978 4429 δὲ,

413 4460 472 4510 οὔ
498 4457 648 4520 Θεὸς,
685 4457 822 4510 ἀλλὰ
853 4458 1055 4529 κτίσμα
1106 4456 1198 4511 καὶ
1239 4454 1421 4518 δοῦλος
1465 4454 1623 4520 Θεοῦ,
1654 4453 1749 4507 κα)⁸
1799 4469 1978 4524 παρα-

417 4551 617 4620 στάτης
638 4563 654 4578 θ
693 4550 1067 4619 προσεκύνησε
1091 4548 1167 4614 δὲ,
1201 4548 1298 4617 οὐχ
1323 4546 1397 4609 ὡς
1424 4544 1563 4616 Θεῷ,
1594 4544 1710 4598 ἀλλ’
1738 4544 1814 4608 ώς
1846 4543 1981 4598 Θεοῦ

416 4642 742 4716 παραστάτῃ
770 4643 865 4695 καὶ
891 4642 1209 4714 λειτουργῷ.
1241 4639 1412 4709 Κάγὼ
1450 4640 1524 4711 μὴ
1563 4640 1774 4710 ποιήσω
1799 4637 1985 4693 εἰκόνα

418 4739 524 4791 τῶν
556 4737 724 4807 φίλων
762 4734 855 4789 τοῦ
898 4734 1170 4807 Χριστοῦ;
1223 4734 1316 4787 καὶ
1350 4733 1425 4805 μὴ
1456 4732 1840 4803 προσκυνήσω,
1886 4730 1983 4800 ούχ

420 4829 494 4892 ὡς
522 4828 682 4891 θεοῖς,
713 4826 829 4881 ἀλλ’
858 4825 931 4890 ὡς
965 4824 1138 4878 εἰκόσι
1166 4824 1336 4893 φίλων
1365 4822 1500 4877 Θεοῦ
1521 4866 1540 4891 ,
1569 4821 1705 4875 Οὔτε
1730 4820 1837 4892 γάρ
1880 4819 1984 4891 ’1η-

424 4917 584 4983 σοῦς,
636 4919 757 4971 οῦτε
820 4916 1018 4988 Δανιὴλ
1043 4959 1058 4982 ,
1099 4915 1173 4979 ὡς
1221 4916 1362 4980 θεοῖς
1412 4912 1826 4985 προσεκύνησαν
1873 4913 1985 4976 τοῖς

421 5005 660 5074 ὀφθεῖσιν
686 5004 939 5074 ἀγγέλοις
964 5021 976 5033 '
1012 5005 1132 5059 οὐδὲ
1173 5004 1283 5073 ἐγὼ
1321 5005 1395 5068 ὡς
1438 5004 1555 5074 Θεῷ
1601 5002 1891 5074 προσκινῶ
1919 5005 1985 5073 τῇ

2077 3264 2204 3330 bile,
2237 3279 2363 3319 vere
2407 3265 2558 3318 ﬁeret
2600 3264 2782 3328 homo,
2808 3280 2917 3333 quo
2941 3272 3151 3316 naturae
3189 3272 3391 3317 nostra:
3422 3262 3648 3330 copula-

2077 3360 2190 3418 tus,
2232 3354 2287 3408 in
2323 3355 2485 3409 terris
2512 3364 2658 3410 esset
2685 3356 3035 3426 conspicuus.
3097 3353 3353 3424 Figuram
3402 3352 3568 3423 igitur
3595 3361 3649 3408 et

2079 3440 2367 3513 imaginem
2422 3443 2773 3512 aspicientes,
2834 3444 3238 3510 adoraverunt;
3294 3440 3650 3512 quemadmo-

2078 3532 2208 3588 dum
2234 3532 2445 3588 Paulus
2482 3535 2765 3603 apostolus
2796 3534 2850 3587 in
2872 3534 3118 3604 Epistola
3150 3532 3216 3587 ad
3242 3533 3499 3588 Hebraeos
3527 3534 3602 3585 ait
3630 3551 3645 3587 :

2084 3641 2103 3674 ι
2125 3621 2288 3676 Juxta
2314 3622 2471 3677 ﬁdem
2499 3622 2744 3678 defuncti
2774 3632 2904 3678 sunt
2932 3638 3122 3678 omnes
3141 3622 3380 3685 isti,non
3410 3622 3649 3691 acceptis

2078 3714 2623 3784 rcpromissionibus,
2667 3715 2761 3769 sed
2799 3729 2830 3767 a
2881 3715 3040 3784 longe
3073 3728 3167 3770 eas
3207 3714 3556 3783 aspicientes,
3595 3720 3651 3767 et

2080 3807 2385 3864 salutantes
2423 3805 2498 3861 ⁸⁷.
2561 3824 2581 3857 ι
2638 3805 2899 3876 Nunquid
2955 3820 3087 3876 ergo
3168 3805 3457 3875 imaginem
3541 3820 3649 3858 non

2080 3895 2275 3952 faciam
2308 3898 2476 3962 illius,
2508 3898 2604 3968 qui
2645 3897 2699 3951 in
2726 3896 2911 3951 carnis
2946 3904 3140 3950 natura
3172 3896 3278 3949 mei
3308 3909 3473 3949 causa
3501 3896 3651 3950 visus

2078 3987 2199 4043 est?
2228 3986 2369 4043 Num
2404 3989 2552 4043 illum
2583 4003 2680 4059 per
2698 3986 3071 4042 adorationem
3099 3998 3152 4041 et
3184 3985 3651 4054 honorem,qnem

2080 4079 2306 4151 imagini
2346 4081 2467 4151 ejus
2495 4081 2747 4145 exhibeo,
2782 4093 2887 4134 non
2912 4078 3213 4134 adoravero
3241 4092 3340 4132 nec
3381 4074 3652 4130 coluero?

2082 4171 2231 4229 Vidit
2271 4175 2548 4229 Abraham
2566 4173 2635 4241 ⁸⁸,
2685 4189 2794 4227 non
2850 4171 2943 4226 Dei
2998 4179 3249 4225 naturam
3294 4166 3479 4237 (nemo
3505 4164 3650 4219 enim

2083 4266 2250 4323 Deum
2284 4266 2423 4320 vidit
2457 4279 2697 4334 unquam
2721 4262 2813 4335 ⁸³),
2838 4261 2931 4315 sed
2963 4260 3253 4328 imaginem
3285 4255 3401 4321 Dei,
3432 4263 3484 4309 et
3525 4269 3651 4324 pro-

2081 4364 2269 4418 cidens
2312 4359 2581 4414 adoravit.
2637 4355 2789 4410 Vidit
2835 4354 2996 4408 Jesus
3023 4353 3168 4406 ﬁlius
3218 4349 3363 4404 Nave
3382 4348 3487 4411 δ”,
3540 4364 3653 4403 ιιοιι

2083 4465 2335 4510 naturam
2377 4448 2578 4519 angeli,
2614 4445 2709 4501 sed
2745 4442 3033 4513 imaginem
3076 4440 3276 4511 (angeli
3309 4441 3511 4510 quippe
3552 4456 3653 4494 na-

2092 4554 2214 4600 tura
2242 4539 2495 4611 corporis
2525 4536 2686 4591 oculo
2716 4530 3070 4603 aspectabilis
3099 4545 3207 4585 non
3230 4529 3357 4599 est),
3375 4539 3429 4585 et
3451 4546 3654 4600 pronus

2092 4639 2147 4692 in
2175 4642 2380 4690 terram
2411 4627 2680 4683 adoravit.
2708 4624 2853 4680 Idem
2878 4621 3006 4677 fecit
3029 4631 3082 4677 et
3108 4621 3318 4676 Daniel.
3346 4619 3520 4675 Porro
3551 4639 3653 4675 an-

2092 4727 2246 4799 gelus
2280 4734 2625 4793 nequaquam
2678 4717 2822 4774 Deus
2869 4724 2971 4783 est,
3015 4717 3108 4771 sed
3144 4723 3416 4783 creatura,
3454 4718 3656 4787 Deique

2090 4833 2284 4874 servus
2334 4823 2391 4870 et
2450 4812 2708 4868 satelles:
2768 4825 2940 4882 quare
3000 4824 3109 4863 non
3168 4807 3245 4861 uti
3296 4807 3465 4864 Deum
3504 4811 3655 4864 illum

2090 4907 2364 4972 adoravit,
2404 4900 2506 4961 sed
2547 4913 2605 4959 ut
2639 4904 2734 4974 qui
2775 4919 2807 4958 a
2856 4903 3026 4958 latere
3072 4900 3166 4957 Dei
3214 4902 3309 4966 sit,
3356 4901 3515 4972 eique
3554 4903 3657 4954 mi-

2092 5002 2312 5055 nistret.
2366 4997 2543 5052 Eccur
2593 4996 2761 5066 igitur
2800 4996 3101 5050 amicorum
3145 4992 3352 5048 Christi
3395 4993 3658 5059 imagines

421 5097 611 5162 ιξκόνι,
642 5097 780 5152 ἀλλὰ
805 5097 895 5152 διὰ
920 5097 1019 5168 τῆς
1043 5096 1249 5161 εἰκόνος
1270 5098 1366 5150 καὶ
1387 5096 1495 5151 τῶν
1521 5095 1689 5165 ἁγίων
1703 5105 1750 5160 P,
1768 5093 1848 5164 τῷ
1868 5092 1971 5164 Θξίῖ

2095 5106 2206 5148 ιιοιι
2236 5090 2440 5155 fecero,
2479 5105 2617 5161 quas
2645 5090 2821 5145 colam
2851 5095 2906 5144 et
2935 5085 3178 5152 adorem,
3239 5100 3350 5139 non
3399 5091 3657 5150 tanquam

495 5273 538 5305 "
574 5272 710 5328 Gen.
744 5288 785 5334 ι.
820 5273 912 5328 26.
985 5276 1032 5307 ⁸⁸
1056 5275 1193 5331 Gen.
1248 5295 1329 5339 Ill,
1353 5277 1409 5332 8.

426 5360 519 5405 vit.
549 5345 634 5400 11.

1523 5274 1568 5306 ⁸³
1595 5275 1733 5332 Gen.
1793 5289 1961 5339 xxx",
1983 5272 2072 5326 24.

729 5342 772 5373 ⁸⁷
808 5342 970 5399 llebr.
1009 5361 1086 5413 xt,
1122 5347 1207 5404 15.
1288 5349 1335 5380 ⁸⁸
1372 5347 1508 5402 Gen.
1543 5361 1677 5413 xvu,
1710 5344 1764 5399 8.
1845 5342 1891 5375 ”
1921 5342 1971 5398 ,ιι

2073 5384 2080 5395 ,
2116 5359 2154 5407 ι,
2183 5343 2271 5398 18.
2353 5343 2419 5376 ⁸³⁸
2445 5341 2611 5399 Josue
2644 5361 2697 5407 ν,
2730 5343 2815 5397 14.

3453 5264 3498 5295 ⁸³
3527 5264 3657 5315 Dan.
3685 5304 3691 5311 .

2171 5270 2218 5304 “
2239 5271 2415 5327 Exod.
2448 5290 2643 5338 xxxm,
2687 5271 2874 5327 18-95.
2978 5272 3022 5304 ⁸³
3055 5269 3159 5326 lsa.
3195 5286 3271 5334 vt,
3306 5269 3355 5322 1.

1699 5461 1787 5518 VA
1797 5458 1933 5515 ΙὶΙιΕ
1971 5456 2369 5513 LECTIONES.

495 5549 693 5631 D_Mss._
725 5551 962 5631 σχήματι
1004 5554 1321 5631 σωματικῷ.
1411 5564 1454 5631 ,ο
1485 5554 1616 5631 biss.
1652 5553 1865 5631 εαυτοῦ.

430 5621 578 5685 στοῦ,
612 5625 706 5675 καὶ
731 5621 831 5691 τῆς
850 5621 1009 5689 ἁγίας
1034 5621 1317 5693 eum»,
1338 5626 1563 5681 καὶτῶν
1589 5625 1780 5695 ἁγίων.

1979 5560 2008 5601 Ρ
2038 5549 2139 5605 Hic
2177 5550 2424 5620 quaedam
2461 5548 2678 5610 desunt,
2714 5554 2770 5599 ut
2812 5561 2933 5598 cum
2984 5559 3111 5597 mss.
3160 5543 3371 5610 legatur
3398 5538 3490 5592 τοῦ
3520 5538 3657 5610 Χριο
