4074 6146
501 220 634 290 iii-i7

1658 208 1723 271 ε.
1755 196 2076 275 JOANN‘IS
2113 192 2539 275 DAMASCENI

3605 204 3745 287 1343'

507 333 662 410 deos,
710 337 805 397 sed
849 346 910 394 ut
958 338 1115 394 decet
1157 336 1422 407 imagines
1454 332 1759 395 amicorum
1805 330 1935 385 Dei?
1964 328 2074 384 Nec

2187 331 2442 401 προσάγω
2470 331 2569 403 τήν
2603 330 2972 403 προσκύνησιν
3003 331 3098 386 καὶ
3125 332 3219 403 τὴν
3254 333 3444 406 τιμὴν,
3474 334 3542 387 δι’
3567 334 3624 390 δν
3651 338 3748 392 καὶ

428 457 446 470 ·
504 434 689 499 Jesus,
720 446 818 487 nec
848 429 1058 494 Daniel,
1115 428 1337 499 angelos
1390 440 1530 497 quos
1574 423 1856 490 viderunt,
1907 421 2076 475 veluti

515 525 651 580 deos
687 521 1053 576 adoraverunt
1092 536 1105 571 :
1142 531 1242 572 nec
1290 531 1389 587 ego
1428 528 1647 586 quoque
1691 511 1857 565 veluti
1912 509 2076 564 Deum

508 614 802 683 imaginem
831 610 1023 673 adoro,
1069 609 1166 664 sed
1198 616 1313 661 tum
1345 622 1441 676 per
1472 604 1790 675 imaginem,
1838 610 1953 655 tum
1986 615 2079 671 per

509 712 728 759 sanctos
750 703 924 772 ipsos,
956 698 1333 754 adorationem
1370 695 1481 750 Deo
1522 694 1899 762 honoremque
1923 690 2079 746 exhi-

507 794 631 856 beo,
666 800 826 859 atque
859 796 1084 859 prOpter
1112 788 1289 857 ipsum
1345 785 1552 838 amicus
1603 783 1724 852 ejus
1755 794 1991 836 veneror
2026 785 2082 834 et

507 881 650 936 colo.
682 876 801 931 Non
835 877 1189 945 angelorum,
1237 874 1330 928 sed
1369 870 1652 925 hominum
1695 879 1908 923 natura:
1952 881 2083 922 conc

502 968 739 1039 iunctus
771 976 857 1025 est
895 967 1056 1021 Deus.
1102 965 1244 1018 Deus
1288 977 1401 1016 non
1439 960 1619 1014 factus
1674 968 1755 1015 est
1803 958 2030 1029 angelus
2064 973 2079 1011 ε

508 1062 602 1116 sed
630 1062 773 1115 Deus
797 1060 972 1114 factus
990 1065 1074 1113 est
1097 1064 1291 1110 natura
1318 1060 1373 1107 et
1395 1053 1630 1107 veritate
1656 1051 1842 1105 homo.
1880 1068 1900 1101 ι
1927 1048 2082 1103 Nun-

509 1169 669 1224 quam
707 1153 852 1207 enim
882 1150 1105 1219 angelos
1136 1144 1519 1218 apprehendit,
1558 1144 1653 1199 sed
1685 1157 1870 1198 semen
1909 1141 2087 1196 Abra-

509 1245 594 1300 hae
614 1245 682 1297 ³⁸.
713 1263 731 1295 ι
770 1241 961 1311 Angeli
1010 1240 1211 1294 divinae
1242 1246 1452 1291 natura:
1500 1234 1796 1306 participes
1850 1241 1906 1288 et
1947 1232 2083 1288 socii

511 1334 639 1390 facti
680 1350 789 1388 non
827 1339 976 1396 sunt,
1013 1330 1108 1386 sed
1133 1329 1478 1384 eﬂicacitatis
1505 1335 1560 1382 et
1587 1328 1796 1397 gratiae.
1821 1323 2084 1379 Homines

509 1441 643 1483 vero
677 1425 875 1480 divinat
900 1431 1112 1478 naturae
1145 1420 1443 1490 participes
1471 1424 1874 1486 consortesque
1913 1415 2083 1483 ﬁunt;

512 1514 845 1583 quicumque
864 1510 1117 1565 videlicet
1133 1515 1381 1562 sanctum
1405 1505 1829 1575 Christicorpus
1841 1515 2084 1573 sumunt,

510 1614 565 1659 et
591 1605 892 1673 pretiosum
932 1599 1264 1671 sanguinem
1312 1597 1529 1653 bibunt.
1566 1595 1852 1650 Divinitati
1882 1596 2085 1666 quippe

510 1666 808 1749 secundum
824 1691 989 1763 358
1008 1666 1347 1763 hiipostasim
1374 1695 1676 1758 utrumque
1692 1687 2079 1758 coniungitur:
2117 1666 2158 1722 Β

509 1794 673 1855 atque
717 1792 930 1838 natura:
962 1782 1085 1837 dum
1140 1783 1198 1836 in
1248 1794 1358 1834 uno
1415 1778 1623 1833 Christi
1669 1792 1903 1849 corpore
1934 1778 2080 1849 quod

510 1877 802 1939 sumimus,
833 1875 957 1930 sine
989 1873 1350 1929 distractione
1387 1871 1442 1925 in
1470 1872 1684 1925 unitate
1705 1885 1956 1939 personae
1990 1883 2085 1925 co-

511 1965 863 2037 pulantur“.
912 1964 1183 2030 Quocirca
1240 1962 1478 2032 duplicis
1531 1971 1744 2015 natura
1789 1961 2085 2030 participes

510 2057 804 2120 cﬂicimur;
834 2055 1085 2125 corporis
1110 2054 1356 2125 quidem,
1391 2051 1555 2106 modo
1578 2065 1867 2121 corporeo,
1891 2050 2087 2106 divini-

512 2149 643 2205 tatis
697 2161 850 2211 vero,
902 2145 1209 2215 spirituali;
1265 2145 1376 2199 imo
1430 2145 1726 2214 utriusque
1784 2142 2085 2199 secundum

512 2247 802 2309 utramque
828 2238 1097 2292 rationem
1132 2255 1145 2290 :
1180 2251 1290 2290 non
1322 2237 1479 2305 quasi
1513 2236 1653 2291 idem
1685 2237 1865 2306 quoad
1894 2249 2088 2305 perso—

513 2344 640 2384 nam
703 2328 879 2384 simus
915 2327 1105 2399 (prius
1138 2327 1284 2382 enim
1334 2325 1728 2389 subsistimus,
1762 2335 1818 2381 et
1862 2325 2090 2395 posthac

514 2419 944 2492 conjungimur),
980 2420 1077 2476 sed
1109 2434 1206 2489 per
1237 2420 1490 2488 corporis
1523 2426 1578 2473 et
1617 2417 1909 2488 sanguinis
1962 2430 2090 2470 con-

516 2511 987 2582 temperationem.
1029 2510 1174 2577 Quid
1217 2526 1326 2565 non
1375 2511 1546 2580 igitur
1596 2508 1833 2576 majores
1882 2507 2089 2576 angelis

516 2605 630 2657 sint
664 2603 767 2667 illi,
795 2603 892 2673 qui
927 2619 1027 2673 per
1065 2603 1449 2658 mandatorum
1487 2603 1949 2665 observationem,
1984 2618 2087 2671 pu-

515 2706 632 2746 ram
659 2692 1094 2762 inviolatamque
1125 2693 1378 2762 copulam
1412 2691 1553 2747 hanc
1600 2690 2089 2748 custodiuntiNa-

516 2788 639 2835 tura
685 2781 903 2850 quidem
955 2789 1168 2846 nostra,
1204 2783 1319 2836 sive
1348 2783 1477 2851 quia
1519 2782 1772 2836 mortalis
1823 2789 1929 2845 est,
1975 2781 2091 2835 sive

515 2882 741 2944 propter
776 2888 1022 2928 crassam
1050 2872 1302 2942 corporis
1361 2871 1836 2935 constitutionem,
1883 2871 2091 2942 angelis

517 2972 602 3020 est
632 2966 860 3019 inferior
885 2982 899 3018 :
938 2972 993 3018 at
1022 2963 1115 3019 Dei
1150 2963 1463 3035 benignitas
1493 2972 1548 3018 et
1580 2963 1902 3033 coniunctio
1932 2977 2094 3032 supe-

2176 421 2303 484 τοὺς
2341 421 2505 474 αὑτοῦ
2548 422 2735 490 φίλους
2784 421 2945 487 σέϐω,
2993 423 3087 476 και
3125 424 3193 477 δι’
3232 425 3417 489 αἰδοῦς
3462 415 3600 496 ἀγω.
3636 430 3751 500 Οὐχ

2178 511 2358 584 ήνὼθη
2382 512 2538 582 φύσει
2557 512 2804 582 ἀγγέλων
2828 516 2855 567 6
2883 514 3036 577 Θεὸς,
3058 513 3243 586 ήνὼθη
3268 515 3324 568 δὲ
3352 516 3509 585 φύσει
3539 518 3753 589 ἀνθρὼ-

2178 618 2319 657 πων.
2353 605 2465 657 Οὑκ
2495 604 2712 672 ἐγένετο
2737 607 2765 659 ὁ
2797 604 2927 669 Θεὸς
2949 605 3199 674 ἄγγελος,
3235 606 3453 674 ἐγένετο
3477 608 3531 662 δὲ
3560 609 3589 661 6
3616 609 3753 673 Θεὸς

2180 694 2340 764 φύσει
2370 695 2463 748 καὶ
2491 694 2716 767 ἀληθείᾳ
2742 694 3045 767 ἄνθρωπος.
3086 714 3106 747 ι
3135 696 3210 750 Οὐ
3244 698 3353 767 γὰρ
3384 696 3554 768 δήπου
3582 699 3754 767 ἀγγέ-

2179 786 2288 840 λων
2317 786 2765 858 ὲπιλαμὸάνεται,
2799 787 2936 840 ἀλλά
2985 787 3299 859 σπέρματος
3340 786 3591 859 Ἀϐραὰμ
3633 790 3757 841 ἐπι-4

2179 877 2535 946 λαμϐάνεται.
2562 898 2581 931 ι
2610 879 2724 932 Οὐκ
2751 878 2966 947 ἐγένετο
2996 879 3159 950 φύσις
3177 879 3445 949 ἀγγέλων.
3472 880 3598 945 Tib;
3616 880 3755 935 Θεοῦ

2182 969 2304 1022 καθ’
2335 970 2652 1034 ὑπόστασιν,
2695 969 2910 1039 ἐγένετο
2955 971 3013 1025 δὲ
3064 971 3226 1042 φύσις
3271 972 3584 1042 ἀνθρώπου.
3624 972 3756 1035 Tib;

2180 1050 2317 1113 Θεοῦ
2371 1060 2494 1114 καθ’
2533 1061 2848 1115 ὑπόστασιν.
2897 1063 2972 1116 Οὑ
3025 1064 3283 1134 μετέσχον
3326 1063 3584 1131 ἄγγελοι,
3632 1064 3755 1117 οὐδὲ

2182 1149 2427 1217 ἐγένοντο
2466 1148 2616 1214 θείας
2659 1151 2906 1204 κοινωνοὶ
2929 1150 3164 1219 φύσεως,
3197 1151 3310 1204 ἀλλ’
3334 1152 3618 1222 ἐνεργείας
3660 1153 3755 1205 καὶ

2181 1238 2421 1309 χάριτος,
2462 1237 2736 1309 ἄνθρωποι
2769 1238 2824 1292 δὲ
2858 1239 3168 1309 μετέχουσι,
3200 1241 3293 1292 καὶ
3330 1240 3579 1293 κοινωνοὶ
3605 1238 3756 1303 θείας

2185 1329 2401 1397 φύσεως
2428 1329 2689 1397 γίνονται,
2731 1330 2848 1383 ὅσοι
2884 1330 3358 1401 μεταλαμϐάνουσι
3384 1330 3446 1383 τὺ
3472 1331 3632 1402 σῶμα
3658 1332 3755 1386 τοῦ

2183 1422 2418 1493 Χριστοῦ
2449 1425 2511 1476 τὸ
2539 1424 2712 1492 ἅγιον,
2744 1426 2840 1478 καὶ
2867 1427 3081 1479 πίνουσι
3109 1426 3171 1479 τὸ
3199 1421 3370 1497 αἷμα*
3403 1425 3617 1495 θεότητι
3646 1426 3758 1496 γὰρ

2185 1515 2305 1570 καθ’
2344 1515 2638 1570 ὑπόστασιν
2666 1517 2893 1587 ἥνωται,
2925 1516 3019 1570 καὶ
3050 1516 3142 1570 δύο
3169 1516 3360 1586 φύσεις
3390 1515 3446 1568 ὲν
3483 1514 3557 1585 τῷ
3585 1530 3759 1584 μετα-

2183 1606 2579 1683 λαμϐανομένῳ
2604 1606 2693 1675 ὑφ’
2719 1607 2876 1679 ήμῶν
2907 1606 3118 1676 σώματι
3144 1606 3238 1660 τοῦ
3262 1604 3519 1678 Χριστοῦ,
3538 1605 3760 1677 ήνωμέέ

2186 1715 2272 1751 ναι
2307 1697 2430 1752 καθ’
2454 1698 2749 1751 ὕπόστασίν
2779 1699 2918 1751 εἰσιν
2950 1698 3350 1761 ἀδιασπάστως.
3385 1697 3498 1750 Καὶ
3526 1696 3638 1750 τῶν
3668 1697 3761 1750 δύο

2188 1788 2401 1857 φύσεων
2447 1790 2800 1860 μετέχωμεν,
2835 1787 2930 1842 τοῦ
2984 1788 3233 1860 σώματος
3270 1788 3628 1860 σωματικῶς,
3664 1790 3761 1859 τῆς

2188 1880 2440 1951 θεότητος
2472 1873 2884 1951 πνευματικῶς’
2919 1878 3119 1950 μᾶλλον
3159 1879 3216 1934 δὲ
3247 1879 3452 1950 ἀμφοῖν
3496 1880 3619 1934 κατ’
3650 1879 3759 1949 ἄμ·
3834 1946 3841 1955 η

2189 1985 2305 2037 φω·
2354 1971 2416 2021 οὐ
2466 1968 2589 2023 καθ’
2618 1968 2913 2023 ὑπόστασιν
2956 1967 3369 2040 ταυτιξόμενοι·
3416 1968 3763 2039 ὕφιστάμεθα

2188 2059 2297 2130 γὰρ
2327 2059 2563 2130 πρῶτον,
2594 2062 2689 2115 καὶ
2721 2060 2841 2114 τότε
2868 2060 3135 2131 ἐνούμεθα
3153 2077 3168 2092 ο
3199 2060 3336 2115 ἀλλά
3357 2059 3501 2114 κατὰ
3529 2061 3764 2115 συνανάο
3816 2070 3822 2075 ’

2188 2169 2384 2222 κρασιν
2409 2151 2503 2206 τοῦ
2539 2151 2789 2223 σώματος
2835 2154 2931 2206 καὶ
2970 2154 3219 2223 αἵματος.
3253 2153 3365 2207 Καὶ
3402 2152 3521 2216 πῶς
3548 2151 3609 2206 οὐ
3642 2152 3763 2223 μεί-

2189 2242 2340 2307 ζονες
2389 2244 2654 2312 ἀγγέλων,
2684 2245 2731 2295 oi
2788 2244 3144 2314 φυλάττοντες
3195 2244 3283 2298 διὰ
3326 2246 3425 2315 τῆς
3478 2246 3766 2316 τηρήσεως

2187 2333 2296 2385 τῶν
2324 2332 2548 2386 ἐντολῶν
2571 2332 2668 2404 τὴν
2688 2332 2955 2403 εἱλικρινῆ
2971 2334 3190 2401 ἓνωσινς
3213 2332 3279 2386 Ἦ
3299 2333 3397 2404 μὲν
3421 2333 3581 2401 φύσις
3607 2333 3766 2403 ήμῶν

2191 2421 2365 2493 βραχύ
2394 2436 2445 2475 τι
2478 2423 2604 2494 παρ’
2627 2422 2892 2491 ἀγγέλους
2917 2423 3271 2494 ήλαττωμένη
3304 2422 3394 2476 διὰ
3421 2423 3513 2475 τὸν
3539 2421 3768 2476 θάνατον

2190 2514 2284 2565 καὶ
2330 2513 2427 2583 τὴν
2465 2512 2560 2566 τοῦ
2610 2512 2857 2583 σώματος
2904 2513 3213 2585 παχύτητα,
3257 2514 3373 2569 ἀλλ’
3407 2514 3624 2586 εὐδοκία
3674 2517 3770 2568 καὶ

2192 2604 2457 2674 συναφείᾳ
2493 2603 2645 2669 Θεοῦ,
2681 2604 2901 2673 γέγονεν
2930 2605 3177 2674 ἀγγέλων
3212 2604 3432 2676 μείζων.
3459 2605 3771 2674 Παρίσταν-

2191 2716 2277 2752 ται
2303 2699 2411 2769 γὰρ
2439 2700 2574 2770 αὐτῇ
2614 2698 2752 2768 μετά
2779 2697 2945 2767 φόϐου
2977 2698 3073 2751 καὶ
3109 2698 3312 2768 τρόμου
3347 2697 3593 2764 ἄγγελοι,
3638 2696 3771 2750 καθ-

2190 2788 2367 2860 ημένη
2397 2788 2491 2841 ἐπὶ
2518 2789 2710 2860 θρόνου
2754 2789 2850 2858 τῆς
2896 2787 3055 2859 δόξης
3098 2789 3157 2841 ὲν
3186 2787 3434 2859 Χριστῷ,
3462 2787 3557 2841 καὶ
3592 2803 3771 2858 παρα-

2195 2880 2480 2951 στήσονται
2513 2881 2762 2949 εντρομοι
2795 2878 2853 2931 ὲν
2885 2881 2952 2949 τῇ
3004 2878 3218 2949 κρίσεισ
3263 2879 3325 2932 οὐ
3374 2877 3771 2947 συγκαθεύδον-

2193 2988 2283 3033 τες
2298 2979 2346 3035 ει,
2380 2968 2500 3022 οὐδὲ
2540 2968 2786 3021 κοινωνοὶ
2813 2968 2908 3038 τῆς
2940 2966 3090 3031 θείας
3111 2967 3267 3037 δόξης
3298 2966 3403 3021 ὑπὸ
3430 2968 3657 3038 Γραφῆς
3684 2969 3772 3039 £6-

518 3056 719 3110 riorem
748 3055 897 3109 illam
954 3055 1168 3123 angelis
1212 3054 1461 3108 ell‘ecere.
1503 3052 1766 3107 Humana:
1795 3061 2005 3106 natura;
2036 3053 2088 3106 in

2197 3061 2461 3133 ῥήθησαν.
2508 3078 2527 3111 ι
2565 3059 2686 3113 Εἰσὶ
2714 3059 2821 3129 γὰρ
2850 3058 3053 3122 πάντες
3081 3059 3430 3131 λειτουργικὰ
3459 3060 3767 3131 πνεύματα,

522 3147 665 3203 solio
696 3146 885 3216 gloria:
914 3160 1011 3216 per
1035 3144 1316 3200 Christum
1369 3144 1580 3199 sedenti
1609 3145 1677 3209 θ’,
1718 3158 1847 3198 cum
1896 3144 2096 3199 timore

516 3245 576 3294 et
616 3246 856 3293 tremore
901 3236 1173 3292 assistunt
1216 3235 1418 3306 angeli,
1448 3243 1504 3291 et
1547 3234 1603 3288 in
1634 3234 1847 3303 judicio
1894 3249 2095 3304 pavore

520 3328 757 3399 perculsi
782 3329 1038 3382 aderunt.
1068 3327 1365 3396 Nunquam
1406 3323 1717 3391 considere,
1755 3319 1860 3380 nec
1897 3325 2095 3382 divina:

518 3432 805 3477 consortes
856 3419 1051 3487 gloriae
1074 3418 1121 3451 ⁸³
1165 3432 1291 3473 esse
1340 3432 1372 3472 a
1418 3412 1708 3487 Scriptuia
1754 3416 1884 3471 dicti
1943 3424 2091 3482 sunt,

524 3530 546 3564 ι
582 3526 772 3566 omnes
794 3512 936 3565 enim
955 3517 1084 3566 sunt
1110 3509 1574 3565 administratorii
1613 3510 1865 3578 spiritus,
1903 3509 1959 3563 in
1991 3510 2095 3564 mi-

520 3604 812 3660 nisterium
859 3603 1013 3658 missi
1045 3610 1273 3673 propter
1306 3616 1405 3658 eos
1440 3603 1535 3672 qui
1583 3601 1953 3657 hazreditatem
1994 3615 2095 3655 ca-

519 3697 679 3766 piunt
708 3695 904 3750 salutis
926 3694 1008 3760 ’5;
1048 3713 1065 3746 ι
1105 3708 1208 3748 nec
1241 3693 1385 3763 quod
1429 3709 1539 3747 una
1571 3692 1851 3763 regnaturi
1874 3691 2008 3758 sint,
2042 3702 2095 3746 et

520 3801 626 3841 una
652 3786 988 3855 glorilicandi
1007 3788 1079 3848 ⁸⁵,
1110 3800 1213 3840 nec
1235 3785 1456 3838 demum
1485 3783 1628 3855 quod
1657 3798 1823 3853 super
1848 3796 2093 3838 mensam

518 3876 700 3932 Patris
734 3878 845 3933 sint
876 3877 1106 3932 sessuri.
1138 3875 1301 3946 Atqui
1336 3875 1590 3931 homines
1614 3874 1792 3931 sancti
1824 3882 1953 3928 sunt
1994 3874 2084 3929 Dei

519 3968 655 4023 filii:
691 3977 821 4021 sunt
853 3967 946 4020 lilii
999 3967 1175 4036 regni,
1212 3967 1457 4022 heredes
1500 3966 1616 4031 Dei,
1667 3972 1719 4019 et
1768 3963 2083 4020 cobmredes

2195 3154 2272 3217 είς
2296 3151 2569 3205 διακονίαν
2598 3150 3035 3220 ἀποστελλόμενα
3054 3151 3142 3204 διά
3166 3152 3297 3216 τοὺς
3324 3152 3620 3222 μέλλοντας
3643 3152 3772 3224 κλη-

2197 3245 2443 3313 ρονομεῖν
2503 3241 2810 3312 σωτηρίαν·
2844 3258 2862 3294 ι
2914 3241 3023 3295 οὐδ’
3076 3241 3159 3295 δτι
3222 3242 3766 3313 συμϐασιλεύσουσιν,

2194 3330 2304 3384 οὐδ’
2330 3331 2411 3384 ὅτι
2447 3327 2981 3400 συνδοξασθήσονται,
3015 3328 3125 3382 οὐδ’
3152 3330 3234 3382 ὅτι
3276 3329 3371 3383 ἐπὶ
3417 3330 3515 3401 τῆς
3556 3331 3768 3402 τραπέσ-

2195 3419 2294 3490 ζης
2322 3420 2415 3473 τοῦ
2445 3419 2659 3490 Πατρδς
2687 3419 3022 3477 καθίσουσιν.
3053 3422 3115 3473 0i
3161 3420 3219 3474 δὲ
3269 3421 3436 3491 ἅγιοι,
3470 3423 3575 3475 υἱοὶ
3608 3421 3766 3488 Θεοῦ,

2194 3511 2302 3563 υἱοὶ
2350 3510 2447 3578 τῆς
2496 3508 2794 3578 βασιλείας,
2827 3509 2922 3562 καὶ
2949 3508 3274 3580 κληρονόμοι
3302 3510 3461 3576 Θεοῦ,
3494 3512 3590 3566 καὶ
3634 3528 3769 3581 συτά

2195 3599 2523 3670 κληρονόμοι
2550 3596 2809 3668 Χριστοῦ.
2829 3595 2988 3668 Τιμῶ
3012 3594 3106 3652 οὖν
3132 3600 3263 3661 τοὺς
3290 3600 3502 3669 ἁγίους,
3532 3601 3625 3654 καὶ
3645 3617 3768 3656 συν-

2193 3690 2399 3754 δοξάζω
2412 3689 2540 3753 τοὺς
2562 3687 2802 3754 δούλους,
2830 3689 2925 3742 καὶ
2952 3688 3158 3757 φίλους,
3176 3692 3271 3745 καὶ
3292 3692 3768 3762 συγκληρονόμους

2193 3779 2465 3852 Χριστοῦ*
2514 3781 2640 3842 τοὺς
2687 3779 2907 3844 δούλους
2950 3781 3015 3834 ὲκ
3063 3781 3297 3849 φύσεως,
3343 3781 3437 3835 καὶ
3467 3781 3656 3851 φίλους
3698 3784 3767 3836 ἐκ

2193 3871 2567 3942 προαιρέσεως
2590 3885 2604 3900 ο
2640 3871 2734 3923 καὶ
2780 3870 2932 3935 υἱοὺς
2977 3871 3074 3925 καὶ
3116 3872 3479 3944 κληρονόμους
3509 3872 3573 3925 ὲκ
3606 3871 3764 3936 θείας

2194 3964 2432 4034 χάριτος,
2467 3961 2543 4026 ὥς
2567 3979 2732 4033 φησιν
2754 3963 2781 4016 6
2806 3962 3013 4033 Κύριος
3043 3963 3182 4034 πρὸς
3208 3963 3297 4016 τὸν
3319 3965 3555 4034 Πατέρα.

517 4059 719 4115 Christi
741 4059 806 4113 ".
836 4057 1201 4124 Quamobrem
1233 4067 1453 4114 sanctos
1469 4073 1718 4125 veneror,
1746 4074 2064 4131 servosque,
2102 4070 2157 4119 et
2184 4062 2414 4128 amicos,
2486 4067 2540 4116 et
2602 4058 2915 4115 cohaeredes
2988 4057 3200 4114 Christi
3241 4059 3467 4130 perinde
3507 4061 3766 4118 laudibus

518 4153 758 4218 estollo;
808 4166 1026 4214 servos,
1082 4151 1328 4218 inquam,
1381 4157 1614 4218 natura;
1678 4150 1883 4206 amicos
1946 4167 2100 4222 vero,
2140 4162 2365 4226 propter
2412 4152 2597 4207 libera:
2626 4150 2925 4206 voluntatis
2956 4152 3348 4222 propositum:
3424 4150 3564 4209 ﬁlios
3630 4169 3767 4226 quo—

519 4263 624 4319 que
655 4258 707 4302 et
741 4247 1009 4310 haeredes,
1047 4253 1272 4316 propter
1302 4245 1548 4300 divinam
1584 4246 1816 4317 gratiam
1858 4264 1872 4302 :
1908 4250 2372 4318 quemadmodum
2408 4249 2670 4305 Dominus
2699 4247 2915 4303 Patrem
2948 4248 3242 4318 alloquens
3276 4249 3552 4308 aiebat".

590 4341 884 4411 Postquam
920 4340 1088 4410 igitur
1122 4340 1190 4394 de
1226 4339 1461 4411 imagine
1500 4340 1672 4395 locuti
1720 4357 1933 4407 sumus,
1977 4342 2088 4411 iam

2267 4344 2524 4407 Είπόντες
2573 4343 2754 4395 τοίνυν
2801 4341 2932 4412 περὶ
2978 4342 3207 4407 είκόνος,
3235 4341 3480 4412 είπωμεν
3515 4343 3608 4396 καὶ
3642 4347 3765 4416 περὶ

521 4432 591 4489 de
642 4433 967 4488 adoratione
1022 4430 1184 4487 nobis
1230 4440 1317 4487 est
1372 4431 1704 4499 dicendum;
1746 4448 1812 4488 ac
1860 4433 2094 4504 primum

522 4524 653 4598 quid
694 4525 769 4580 sit
805 4522 1078 4577 adoratio.

724 4613 803 4667 De
827 4612 1159 4667 adoratione.
1212 4611 1482 4680 Quidnam
1510 4612 1580 4666 sit
1618 4610 1883 4665 adoratio.

589 4701 680 4758 27.
731 4702 995 4757 Adoratio
1044 4703 1231 4772 itaque
1290 4702 1657 4773 subiectionis
1708 4713 2093 4774 argumentum

523 4796 630 4858 est,
659 4789 762 4844 hoc
784 4795 892 4855 est,
924 4788 1282 4846 demissionis
1320 4798 1376 4845 et
1405 4788 1831 4847 humiliationis.
1883 4791 2098 4846 Adora-

523 4881 690 4938 tionis
721 4889 902 4936 autem
938 4882 1086 4937 modi
1124 4881 1281 4935 multi
1320 4892 1463 4935 sunt.

870 4973 1009 5041 Quot
1038 4974 1142 5028 sint
1180 4971 1511 5026 adorationis
1550 4972 1712 5027 modi.

588 5067 678 5123 28.
729 5066 949 5122 Primus
983 5064 1329 5121 adorationis
1360 5062 1557 5119 modus
1596 5064 1689 5120 ille
1718 5074 1824 5132 est,
1865 5067 1958 5136 qui
1994 5081 2089 5136 per

2191 4436 2630 4510 προσκυνήσεως,
2663 4435 2758 4487 καὶ
2785 4433 2999 4505 πρῶτον
3030 4433 3082 4487 τί
3110 4434 3228 4487 ἐστι
3268 4435 3661 4506 προσκύνησις.

2253 4610 2393 4679 Περὶ
2433 4607 2906 4679 προσκυνήσεως
2925 4625 2939 4639 ·
2978 4608 3038 4662 τί
3071 4607 3203 4662 ἐστι
3241 4610 3704 4677 προσκύνησις;

2267 4697 2370 4766 κζ’.
2412 4698 2789 4770 Προσκύνησις
2843 4697 3024 4751 τοίνυν
3077 4699 3194 4751 ἐστὶ
3240 4702 3466 4770 σημεῖον
3516 4699 3768 4754 ὑποπτὼο

2195 4809 2354 4856 σεως,
2385 4789 2683 4856 τουτέστιν,
2717 4787 3035 4850 ὑποδάσεως
3065 4790 3158 4841 καὶ
3197 4789 3576 4853 ταπεινώσεως
3597 4806 3613 4822 ⁸
3643 4792 3767 4863 196-

2203 4900 2298 4936 ποι
2325 4882 2379 4936 δὲ
2408 4881 2830 4953 προσκυνήσεως
2858 4882 2963 4933 εἱσι
2992 4881 3252 4935 πλεῖστοι,

2501 4973 2686 5026 Πόσοι
2722 4972 2926 5039 τρόποι
2961 4971 3451 5040 προσκυνήσεως.

2266 5072 2371 5136 κη’.
2414 5063 2633 5135 Πρῶτος
2680 5062 2879 5134 τρόπος
2920 5065 3362 5136 προσκυνήσεως,
3411 5067 3439 5119 6
3487 5065 3633 5118 κατὰ
3682 5065 3769 5119 λα-

591 5243 824 5317 ’_°_Ilebr.
859 5242 1038 5317 It_,_16.
1075 5238 1311 5317 __"__Vi_d_.
1345 5238 1559 5317 Annot,
1584 5241 1639 5296 in
1672 5257 1795 5317 cap.
1825 5243 1892 5298 15
1928 5242 2023 5297 lib.
2060 5243 2088 5295 ι

2187 5243 2440 5317 idean/1:
2481 5261 2536 5316 p.
2564 5246 2690 5302 272.
2776 5244 2823 5317 ff
2856 5242 3055 5313 Epires.
3088 5259 3150 5308 ιι,
3189 5244 3241 5317 6.
3322 5246 3367 5317 υ
3394 5246 3439 5300 ll
3471 5244 3619 5303 Petr.
3647 5245 3748 5317 1,4

529 5312 569 5343 "
606 5312 772 5375 Hebr,
810 5329 846 5374 I,
884 5311 970 5366 14.

522 5382 568 5413 "
599 5380 756 5437 Jun".
791 5399 921 5447 xvn,
951 5381 1042 5437 22.

1073 5312 1118 5344 ⁸⁵
1144 5311 1188 5366 ll
1228 5310 1370 5365 Tim.
1411 5312 1588 5376 11,12.
1676 5310 1921 5368 ΜἸὶοιιι.
1958 5329 2074 5379 νιιι,

2197 5331 2211 5381 ;
2260 5310 2573 5380 Lucfxin.
2616 5319 2732 5382 50;
2776 5310 2965 5368 Matth.
3012 5330 3130 5379 XIII,
3179 5314 3284 5382 58;
3332 5316 3546 5372 lJoan.
3584 5310 3681 5385 ιιι,
3718 5315 3765 5368 1.

1912 5493 2147 5548 νΑιιιιιι
2187 5493 2596 5581 LECTIQNES.

594 5592 622 5632 ιι
654 5581 781 5637 Mss.
816 5586 1240 5656 συγκαθήμενοι.
1288 5584 1420 5653 Quae
1450 5585 1613 5641 lectio
1647 5585 1804 5656 longe
1837 5587 2026 5642 melior
2053 5604 2088 5641 e1

2187 5586 2322 5654 Quid
2355 5604 2482 5645 vero
2513 5589 2558 5646 si
2585 5588 2733 5659 legas
2762 5591 3318 5662 συγκαθεδρεύοντεςῖ
