3950 6154
219 268 358 335 13ιῆ

1274 261 1371 320 DE
1412 251 1873 317 IMAGINIBUS
1909 251 2191 312 ORATIO
2220 253 2334 311 III.

3327 239 3467 310 1350

215 385 428 455 τρείαν,
463 382 528 452 ἣν
554 378 904 450 προσάγομεν
938 376 1084 447 μόνῳ
1132 374 1209 444 τῷ
1243 375 1403 442 φύσει
1433 365 1791 442 προσκυνητῷ

1919 367 2115 419 atriam
2147 366 2436 420 exhibetur
2489 365 2588 421 soli
2643 380 2738 434 pro
2775 379 2872 420 sua
2934 374 3128 417 natura
3182 361 3466 417 adorando

217 475 376 544 Θεῷ·
425 475 519 526 καὶ
569 466 725 534 οὗτος
775 469 916 524 κατά
957 468 1246 537 διαφόρους
1275 465 1524 536 τρόπους.
1571 459 1794 528 Πρῶτον

224 569 324 636 μὲν
365 567 504 619 κατὰ
554 562 644 616 τὸν
694 561 791 632 τῆς
837 561 1079 622 δουλείας
1109 559 1250 629 (25)-
1291 552 1654 624 προσκυνοῦσι
1689 549 1796 618 γὰρ

220 655 373 725 αὐτῷ
417 655 596 708 πάντα
647 653 714 706 τὰ
763 650 1056 721 κτίσματα,
1089 650 1164 712 ὡς
1195 646 1370 700 δοῦλοι
1401 645 1673 713 Δεσπότῃ·
1715 642 1796 694 ὅτι

229 767 248 797 ι
286 746 368 799 Τά
412 745 702 813 σύμπαντα
731 743 858 812 γὰρ,
893 742 1046 811 φησὶ,
1084 739 1246 792 δοῦλα
1281 737 1381 789 σά⁶
1420 755 1439 788 ι
1478 734 1570 788 καὶ
1606 734 1655 786 οί
1699 732 1797 801 μὲν

224 833 515 894 ἑκουσίως,
563 833 610 884 οί
654 831 710 883 δὲ
747 827 1049 890 ἀκουσίως,
1082 827 1132 878 0i
1177 825 1276 894 μὲν
1310 821 1507 890 γνώσει
1541 817 1798 879 ἑκουσίως

224 923 642 996 προσκυνοῦσιν,
673 922 787 974 ὅσοι
835 919 1098 980 εὐσεϐεῖς.
1135 917 1183 969 οί
1235 914 1290 967 δὲ
1327 911 1795 981 ἐπιγινώσκοντες,

226 1016 321 1068 καὶ
350 1013 423 1084 μὴ
458 1013 721 1075 θέλοντες,
755 1010 1024 1070 ἀκουσίως
1053 1003 1472 1077 προσκυνοῦσιν,
1501 1001 1576 1062 ὡς
1603 1000 1652 1052 οί
1681 999 1797 1051 δαί-

229 1119 405 1174 μονες·
428 1102 575 1157 ἄλλοι
605 1100 679 1171 μὴ
707 1099 909 1161 εἰδότες
937 1097 1028 1150 τὸν
1050 1095 1208 1166 φύσει
1229 1093 1380 1158 Θεὸν,
1403 1087 1799 1162 προσκυνοῦσιν

225 1193 496 1256 ἀκουσίως
526 1192 584 1244 ὃν
611 1189 918 1259 ἀγνοοῦσιν.

304 1451 405 1505 κθ’.
448 1451 708 1520 Δεύτερος
739 1447 961 1519 τρόπος,
1009 1447 1038 1499 6
1069 1441 1212 1498 κατά
1237 1441 1420 1512 θαῦμα
1469 1441 1563 1493 καὶ
1615 1436 1798 1500 πόθον,

230 1543 351 1596 καθ’
368 1544 426 1596 ὃν
458 1539 870 1612 προσκυνοῦμεν
896 1539 972 1609 τῷ
1001 1535 1120 1607 Θεῷ
1143 1535 1232 1589 διὰ
1259 1536 1360 1604 τὴν
1380 1534 1613 1601 φυσικὴν
1646 1531 1803 1595 δόξαν

231 1633 426 1686 αὐτοῦ·
468 1632 624 1702 μόνος
657 1631 766 1701 γάρ
813 1631 933 1680 ἐστι
983 1623 1388 1694 δεδοξασμένος,
1424 1621 1522 1673 οὐκ
1572 1619 1634 1671 ἐκ
1659 1633 1804 1681 τινος

1899 453 2029 508 Deo.
2077 457 2254 524 Atque
2292 456 2460 526 hujus
2516 457 2654 511 varii
2699 471 2894 509 rursus
2944 453 3087 506 modi
3145 461 3293 506 sunt.
3332 449 3465 503 Nam

1896 546 2075 615 primo
2129 548 2344 601 ratione
2413 546 2717 601 famulatus
2777 548 3023 600 utier-tur.
3094 543 3199 596 ltes
3267 544 3469 611 quippe

1898 647 2095 694 creatae
2127 640 2298 695 Deum
2325 641 2576 706 adorant,
2615 643 2840 712 perinde
2875 656 2940 694 ac
2971 639 3113 695 servi
3141 640 3464 699 dominum;

1899 733 1975 784 ait
2020 732 2166 784 enim
2219 731 2560 800 Scriptura:
2613 751 2631 781 ι
2669 731 2941 796 Quoniam
2984 730 3170 783 omnia
3221 729 3470 783 serviunt

1899 822 1998 876 tibi
2024 822 2106 874 θθι
2141 842 2160 874 ι
2192 830 2278 878 ast
2329 823 2420 876 alii
2470 824 2690 892 quidem
2735 830 2953 891 sponte,
2989 820 3085 873 alii
3118 835 3253 874 vero
3299 819 3472 873 invito

1900 913 2104 968 animo.
2155 914 2262 967 Alii
2321 915 2630 983 siquidem,
2698 927 2819 966 cum
2877 911 3046 966 Deum
3097 919 3470 981 cognoscant,

1898 1006 2135 1060 libenter
2163 1007 2340 1074 ipsum
2376 1006 2628 1067 adorant,
2666 1012 2725 1057 ut
2765 1005 3018 1058 homines
3056 1003 3296 1072 religiosi
3331 1020 3342 1054 :
3383 1001 3471 1053 alii

1901 1103 2105 1160 autem,
2132 1111 2255 1150 cum
2281 1096 2448 1151 Deum
2479 1096 2824 1164 agnoverint,
2869 1101 3113 1147 attamen
3145 1095 3391 1148 nolentes
3423 1099 3478 1145 et

1900 1187 2058 1240 inviti
2111 1187 2368 1252 adorant,
2405 1197 2463 1241 ut
2510 1187 2790 1240 daemones
2829 1204 2841 1237 :
2881 1185 2974 1237 alii
3039 1183 3280 1253 denique
3328 1199 3474 1245 eunti,

1901 1278 1992 1344 qui
2016 1285 2210 1329 natura
2239 1275 2380 1331 Deus
2406 1285 2510 1340 est,
2549 1277 2885 1345 ignorantes,
2917 1282 3116 1344 printer
3143 1276 3476 1327 voluntatem

1902 1365 2156 1421 adorant.

1972 1457 2061 1513 29.
2092 1457 2382 1513 Secundus
2404 1458 2599 1512 modus
2621 1463 2726 1519 est,
2751 1457 2913 1525 quem
2945 1469 3039 1524 per
3057 1454 3476 1509 admirationem

1904 1559 1957 1604 et
1991 1547 2245 1604 aﬁ‘ectum
2277 1556 2606 1620 praestamus
2643 1566 2655 1600 :
2693 1562 2802 1617 quo
2846 1545 3069 1616 quidem
3108 1545 3270 1598 modo
3309 1543 3478 1598 Deum

1907 1638 2198 1694 adoramus
2230 1641 2298 1694 ob
2337 1639 2642 1694 naturalem
2687 1637 2862 1707 ipsius
2901 1635 3154 1705 gloriam.
3198 1633 3293 1689 llle
3332 1637 3476 1688 enim

234 1724 372 1794 ἔχων
405 1699 502 1792 τὴν
531 1721 706 1787 δόξαν,
732 1699 844 1772 ἀλλ’
871 1716 1031 1780 αὐτὸς
1084 1715 1159 1768 ὢν
1206 1713 1387 1780 πάσης
1434 1709 1592 1778 δόξης
1631 1709 1801 1770 αἴτιος

1916 1730 2059 1784 solus
2088 1731 2319 1800 gloriam
2353 1729 2619 1800 possidet,
2662 1742 2827 1798 quam
2861 1742 2889 1780 a
2919 1726 3070 1780 nullo
3104 1726 3323 1790 habeat,
3353 1739 3478 1779 cum

233 1814 327 1866 καὶ
373 1811 573 1875 παντὸς
621 1808 825 1878 ἀγαθοῦ
876 1807 990 1877 φῶς
1039 1803 1444 1873 ἀκατάληπτον,
1494 1798 1806 1867 γλυκασμὸς

233 1905 572 1966 ἀνείκαστος,
605 1901 800 1964 κάλλος
841 1900 1142 1970 ἀμήχανον,
1181 1893 1519 1964 ἀγαθότητος
1549 1891 1803 1952 ἄϐυσσος,

236 1996 396 2062 σοφία
443 1991 864 2063 ἀνεξιχνίαστος,
892 1987 1323 2062 ἀπειροδύναμος
1361 1984 1607 2054 δύναμις,
1651 1981 1807 2051 μόνος

233 2086 383 2151 ἄξιος
413 2085 478 2137 δι’
507 2084 696 2138 ἑαυτὸν
730 2080 1125 2152 θαυμάζεσθαι,
1156 2074 1579 2149 προσκυνεῖσθαί
1621 2090 1679 2126 τε
1714 2071 1807 2124 καὶ

235 2176 573 2244 δοξάζεσθαι,
605 2176 698 2231 καὶ
725 2173 1031 2228 ποθεῖσθαι.

306 2443 370 2497 λ’.
405 2442 598 2511 Τρίτος
627 2443 890 2508 τρόπος,ό
916 2441 1014 2510 τῆς
1031 2440 1401 2510 εὐχαριστίας,
1435 2438 1574 2507 ὑπὲρ
1590 2437 1695 2489 τῶν
1719 2451 1818 2502 γε-

242 2532 479 2599 γονότων
511 2532 590 2594 είς
622 2532 768 2600 ἡμᾶς
796 2531 1041 2598 ἀγαθῶν.
1060 2530 1248 2582 Πάντα
1275 2529 1383 2599 γὰρ
1403 2529 1469 2580 τὰ
1489 2529 1617 2580 ὅντα
1638 2543 1808 2596 χρεω-

243 2627 359 2675 στεῑ
382 2624 727 2693 εὐχαριστεῖν
750 2622 831 2692 τῷ
879 2621 1020 2692 Θεῷ,
1059 2622 1155 2674 καὶ
1195 2622 1533 2691 προσφέρειν
1581 2617 1808 2671 ἀένναον

241 2713 634 2784 προσκύνησιν,
669 2714 751 2765 ὅτι
780 2731 838 2766 τε
870 2713 928 2777 ἐξ
957 2712 1126 2766 αὐτοῦ
1158 2713 1272 2782 ἔχει
1298 2713 1359 2764 τὸ
1398 2709 1536 2763 εἶναι
1567 2709 1636 2762 τὰ
1669 2710 1808 2763 πάν-

242 2822 330 2863 τα,
367 2804 461 2856 καὶ¹
498 2805 556 2856 ἐν
592 2803 742 2872 αὐτῷ
796 2804 1138 2868 συνίσταται,
1171 2805 1266 2856 καὶ
1296 2804 1429 2855 πᾶσι
1457 2801 1809 2870 μεταδίδωσιν

245 2895 496 2966 ἀφθόνως
536 2895 645 2948 τῶν
678 2894 871 2947 ἑαυτοῦ
914 2895 1155 2965 δωρεῶν,
1209 2895 1304 2948 καὶ
1332 2895 1455 2963 δίχα
1507 2894 1806 2962 αίτήσεωςυ

244 2989 334 3039 καὶ
365 2986 508 3038 θέλει
542 2984 750 3047 πάντας
782 2982 1045 3051 σωθῆναι,
1069 2983 1164 3034 καὶ
1205 2983 1462 3051 μετέχειν
1489 2981 1590 3049 τῆς
1614 2980 1806 3032 ἑαυτοῦ

243 3076 580 3145 ἀγαθότητος
601 3092 613 3107 ·
648 3076 738 3127 καὶ
772 3073 1120 3144 μακροθυμεῖ
1144 3071 1228 3138 ἐφ’
1251 3073 1384 3139 ἡμῖν
1414 3071 1808 3140 ἁμαρτάνουσιο

245 3167 340 3219 καὶ
371 3165 651 3220 ἀνατέλλει
689 3164 780 3218 τὸν
823 3163 977 3234 ἥλιον
1027 3162 1120 3232 επὶ
1171 3160 1432 3223 δικαίους,
1485 3161 1578 3213 καὶ
1627 3159 1812 3230 βρέχει

149 3250 156 3266 ’
246 3258 339 3309 ἐπὶ
367 3255 636 3326 πονηροὺς
666 3252 762 3310 καὶ
791 3251 1064 3322 ἀγαθοῦςο
1097 3252 1193 3304 καὶ
1210 3251 1293 3304 ὅτι
1327 3253 1355 3304 6
1389 3250 1517 3312 Υἱὸς
1541 3249 1634 3303 τοῦ
1676 3248 1812 3302 Θεοῦ

245 3348 310 3402 δι’
345 3349 494 3418 ἡμᾶς
554 3345 677 3400 καθ’
738 3347 884 3416 ἡμᾶς
935 3345 1150 3413 γέγονε,
1189 3342 1284 3396 καὶ
1329 3342 1478 3404 θείας
1521 3341 1814 3404 κοινωνοὺς

248 3437 462 3505 φύσεως
510 3437 769 3506 ἐποίησεν
800 3435 982 3505 ἡμᾶς,
1042 3434 1124 3486 ὅτι
1175 3432 1432 3503 «Ὅμοιοι
1491 3431 1640 3503 αὑτῷ
1689 3432 1813 3484 ὲσό-

250 3527 408 3597 μεθα,
447 3545 466 3578 ι
519 3526 595 3589 ὥς
626 3543 792 3596 φησιν
825 3524 1080 3594 Ἰωάννης
1126 3525 1155 3576 6
1187 3524 1452 3593 Θεολόγος
1485 3523 1543 3575 ὲν
1575 3525 1641 3595 τῇ
1679 3521 1816 3577 καθ-

246 3615 398 3685 ολικῇ
449 3614 762 3685 Ἐπιστολῇ.

315 3704 419 3758 λα’.
455 3705 727 3774 Τέταρτος
757 3701 977 3772 τρόπος,
1023 3705 1052 3755 6
1093 3702 1213 3756 κατ’
1252 3701 1460 3755 ἔνδειαν
1497 3702 1592 3755 καὶ
1623 3700 1817 3756 ἐλπίδα

245 3797 354 3848 τῶν
403 3796 771 3867 εὐεργεσιῶνο
824 3795 946 3849 καθ’
1002 3795 1068 3858 ἃς
1121 3794 1601 3863 ἐπιγινώσκοντες,
1635 3793 1710 3858 ὡς
1749 3794 1812 3846 οὐ

245 3887 522 3957 δυνάμεθα
555 3887 709 3950 ἐκτὸς
731 3887 894 3940 αὐτοῦ
928 3889 1104 3939 ποιεῖν
1145 3884 1325 3948 οὐδὲν,
1356 3885 1390 3954 ἦ
1415 3884 1558 3954 ἔχειν
1583 3882 1810 3952 ἀγαθὸν,

248 3975 680 4047 προσκυνοῦμεν,
730 3976 1007 4037 αἰτοῦντες
1045 3974 1180 4044 παρ’
1233 3975 1400 4027 αὑτοῦ
1453 3975 1704 4041 ἕκαστος,
1751 3967 1813 4028 οὗ

248 4066 564 4119 αἰσθάνεται
618 4066 812 4128 ἐνδεῶς
847 4066 1014 4134 ἔχειν,
1049 4065 1145 4117 καὶ
1185 4064 1214 4117 ὃ
1248 4063 1424 4131 ποθεῖ,
1461 4065 1725 4135 ῥυσθῆναί
1754 4079 1814 4118 τε

250 4153 457 4219 κακῶν,
489 4154 582 4206 καὶ
618 4156 803 4224 τυχεῖν
827 4154 1072 4222 ἀγαθῶν.

1908 1821 2022 1889 ipse
2069 1821 2252 1890 potius
2309 1820 2490 1874 omnis
2521 1819 2730 1888 gloriaz,
2782 1816 3075 1885 omnisque
3110 1814 3238 1868 boni
3285 1820 3480 1866 auctor

1907 1911 2008 1973 sit;
2038 1918 2096 1964 ut
2127 1911 2218 1980 qui
2255 1911 2436 1965 lumen
2467 1919 2552 1965 est
2573 1907 3149 1977 incomprehensibile,
3173 1905 3336 1975 359
3359 1919 3480 1959 sua-

1907 2000 2045 2054 vitas
2074 1999 2546 2069 incomparabilis,
2587 1999 2853 2052 immensa
2876 1996 3258 2068 pulchritudo,
3316 1995 3477 2049 boni-

1909 2090 2039 2143 tatis
2072 2090 2326 2160 abyssus,
2381 2087 2901 2158 impervestigabilis
2952 2085 3246 2155 sapientia,
3299 2084 3480 2136 virtus

1908 2176 2160 2244 inﬁnita;
2196 2178 2346 2231 solus
2379 2174 2613 2246 proinde
2661 2174 2758 2244 qui
2813 2188 2912 2243 per
2957 2188 3078 2227 sese
3132 2173 3332 2242 dignus
3371 2177 3476 2232 est,

1907 2281 2068 2336 quem
2105 2268 2462 2332 admiremur,
2513 2266 2828 2330 adoremus,
2856 2263 3160 2328 laudemus,
3193 2269 3246 2318 et
3272 2261 3481 2316 deside-

1909 2372 2117 2413 remus.

1977 2449 2064 2502 50.
2119 2447 2335 2504 Tertius
2370 2448 2564 2504 modus
2592 2457 2697 2509 est,
2741 2447 2877 2516 grati
2931 2447 3094 2499 animi
3145 2445 3214 2500 oh
3275 2442 3479 2498 collata

1909 2541 2067 2595 nobis
2098 2541 2363 2596 beneﬁcia
2393 2539 2752 2610 signiﬁcatio.
2795 2537 2928 2590 Nam
2955 2537 3137 2591 omnia
3171 2549 3292 2604 quae
3329 2543 3478 2597 sunt,

1910 2625 2022 2681 Deo
2063 2629 2267 2697 gratias
2311 2627 2548 2690 debent,
2606 2639 3014 2696 perennemque
3067 2625 3480 2687 adorationem;

1911 2719 2114 2787 quippe
2142 2732 2264 2771 cum
2302 2731 2331 2769 a
2389 2714 2501 2770 Deo
2525 2715 2802 2780 universa,
2831 2721 2891 2767 ut
2922 2716 3050 2777 sint,
3087 2721 3252 2780 utque
3281 2711 3336 2763 in
3366 2708 3484 2777 ipso

1911 2807 2252 2869 constent”,
2285 2806 2544 2870 habeant,
2582 2820 2681 2858 nec
2713 2819 2819 2858 non
2850 2803 3124 2864 omnibus,
3168 2817 3268 2856 nec
3295 2808 3483 2870 postu-

1912 2898 2177 2962 lantibus,
2213 2898 2433 2966 copiose
2458 2897 2601 2950 dona
2629 2909 2727 2949 sua
2762 2895 3066 2964 largiatur;
3101 2892 3232 2948 velit
3268 2907 3484 2961 quoque

1913 3003 2108 3044 omnes
2162 2988 2342 3043 salvos
2392 2987 2509 3041 ﬁeri
2545 2988 2583 3052 ¹,
2631 3001 2691 3039 ac
2734 3000 2846 3039 sua:
2878 2985 3173 3056 participes
3223 2984 3485 3039 bonitatis

1917 3092 2058 3142 esse,
2102 3092 2202 3132 nos
2237 3083 2524 3145 peccantes
2556 3075 2785 3145 patienti
2819 3075 3093 3129 sustineat
3119 3075 3302 3127 animo
3325 3113 3339 3137 ,
3371 3073 3486 3126 ori-

1916 3173 2076 3239 rique
2114 3168 2278 3223 faciat
2323 3167 2494 3222 solem
2526 3180 2686 3221 suum
2725 3180 2890 3236 super
2921 3167 3099 3234 justos
3144 3177 3195 3218 et
3227 3165 3484 3232 iujustos,

1919 3267 1972 3314 et
2001 3261 2150 3329 pluat
2176 3274 2340 3327 super
2371 3259 2544 3312 bonos
2573 3265 2625 3309 et
2654 3257 2826 3310 malos
2848 3258 2894 3308 '.
2915 3244 3005 3308 'Ad
3040 3257 3176 3318 hac,
3205 3255 3332 3323 quia
3370 3254 3486 3323 ipse

1921 3351 2014 3406 Dei
2072 3351 2240 3404 Filius
2289 3351 2460 3403 instar
2513 3347 2688 3402 nostri
2745 3357 2974 3416 propter
3015 3360 3116 3399 nos
3161 3344 3344 3398 factus
3376 3353 3484 3408 est,

1921 3458 2130 3511 nosque
2163 3442 2360 3495 divinae
2382 3451 2591 3494 natura:
2613 3447 2901 3493 consortes
2934 3436 3066 3492 fecit
3093 3436 3114 3467 ³
3140 3453 3152 3488 :
3185 3450 3248 3490 ac
3268 3435 3487 3489 tandem

1915 3535 2063 3605 quia,
2103 3541 2160 3586 ut
2215 3533 2456 3586 Joannes
2488 3530 2799 3598 Theologus
2832 3528 2888 3584 in
2939 3528 3173 3600 epistola
3204 3526 3488 3583 Catholica

1914 3625 1989 3678 ait
2019 3642 2031 3678 :
2070 3641 2088 3673 ‹
2124 3619 2344 3674 Similes
2376 3620 2424 3673 ei
2453 3620 2659 3674 erimus
2687 3619 2726 3673 ⁵.
2769 3637 2786 3670 ι

1984 3713 2074 3767 Si.
2117 3709 2359 3776 Quartus
2401 3706 2597 3762 modus
2625 3715 2728 3772 est,
2765 3721 2873 3776 quo
2899 3713 3144 3762 nostram
3173 3707 3408 3776 inopiam
3437 3712 3491 3758 et

1921 3803 2339 3861 obtinendorum
2363 3799 2632 3855 honorum
2671 3814 2820 3869 Spem
2864 3807 3263 3866 protestamur;
3296 3807 3487 3868 quate-

1919 3907 2044 3960 nus,
2078 3907 2201 3949 cum
2253 3889 2390 3946 nihil
2423 3905 2651 3962 prorsus
2689 3889 2816 3944 boni
2858 3889 2978 3943 sine
3021 3887 3114 3942 illo
3161 3889 3340 3942 facere
3387 3899 3488 3940 nos

1918 3997 2102 4053 posse,
2139 3988 2233 4035 aut
2271 3980 2473 4034 habere
2529 3979 2768 4034 sciamus
2792 4016 2806 4039 ,
2855 3977 3035 4047 ipsum
3088 3975 3402 4039 adoramus,
3434 3974 3489 4027 id

1919 4074 2297 4145 etﬁagitantes,
2329 4085 2440 4140 quo
2471 4085 2530 4125 se
2561 4069 2794 4139 quisque
2826 4082 2985 4138 egere
3025 4066 3196 4130 novit,
3237 4063 3491 4134 quodque

1919 4164 2214 4229 desiderat,
2233 4163 2348 4218 sive
2372 4168 2478 4216 uta
2501 4162 2660 4216 malis
2683 4161 2974 4227 eximatur,
2999 4159 3115 4212 sive
3138 4163 3199 4210 ut
3222 4157 3486 4210 bonorum

1918 4257 2108 4311 evadat
2133 4268 2372 4323 compos.

317 4332 417 4402 λβι,
467 4307 727 4403 Πέμπτος
775 4330 996 4402 τρόπος,
1031 4331 1059 4383 6
1101 4331 1200 4402 τῆς
1247 4331 1539 4402 μετανοίας
1573 4332 1668 4385 καὶ
1716 4331 1808 4402 τῆς

1990 4347 2078 4399 32.
2111 4307 2342 4410 ριιίιιίιιε
2368 4343 2564 4398 modus
2599 4349 2703 4406 est,
2733 4337 3066 4409 paenitentiae
3090 4343 3146 4391 et
3179 4335 3488 4392 confessio-

250 4424 728 4494 ὲξομολογήσεωςο
786 4422 1191 4495 ἁμαρτάνοντες
1248 4425 1359 4494 γὰρ
1407 4423 1824 4496 προσκυνοῦμεν

251 4519 344 4570 καὶ
376 4515 790 4587 π’ροσπίπτομεν
843 4516 923 4585 τῷ
954 4515 1094 4586 Θεῷ,
1123 4515 1364 4586 δεόμενοι
1404 4516 1824 4587 συγχωρηθῆναι

250 4607 317 4660 τὰ
349 4608 690 4676 πταίσματα,
729 4607 807 4670 ὡς
860 4606 1038 4660 δοῦλοι
1083 4607 1445 4679 εὐγνὼνομες.
1483 4610 1594 4663 Καὶ
1618 4603 1771 4674 οὗτος
1797 4613 1825 4664 6

251 4701 449 4770 τρόπος
481 4700 700 4772 τρισσὸς
743 4701 910 4754 ἐστιν.
959 4700 1028 4752 ’Ἡ
1059 4699 1166 4771 γὰρ
1200 4701 1345 4754 κατά
1380 4701 1600 4772 ἀγάπην
1631 4699 1817 4757 λυπεῖ-

1924 4437 2044 4498 nis;
2096 4434 2336 4488 admisso
2395 4431 2593 4500 quippe
2648 4441 2891 4499 peccato,
2946 4426 3115 4480 Deum
3175 4427 3486 4488 adoramus,

1925 4528 2084 4596 eique
2113 4522 2484 4595 procidimus,
2523 4521 2598 4575 uti
2637 4520 2810 4574 bonos
2861 4517 3260 4586 benevolosque
3299 4530 3490 4572 senos

1923 4615 2114 4682 decet,
2174 4614 2494 4669 delictorum
2544 4612 2758 4667 veniam
2812 4615 3120 4665 exet-antes.
3175 4609 3353 4678 Atque
3403 4607 3492 4661 hic

1925 4707 2119 4762 modus
2177 4705 2374 4775 triplex
2428 4703 2556 4758 item
2610 4711 2713 4759 est.
2767 4701 2873 4757 Aut
2922 4701 3067 4756 enim
3109 4715 3177 4756 ex
3223 4699 3491 4756 c‘haritate

321 4905 366 4938 ’⁸
400 4901 542 4962 Psal.
567 4921 752 4973 cxvm,
778 4907 865 4963 9|.
937 4907 982 4940 ⁹⁹
1006 4904 1191 4964 Colos.
1223 4923 1261 4977 ι,
1289 4907 1375 4962 17.
1453 4911 1470 4940 ¹
1499 4909 1518 4964 l
1549 4909 1694 4964 Tim.
1720 4925 1782 4975 ιι,

1944 4911 1963 4941 ²
1993 4905 2178 4962 Matth.
2210 4923 2263 4970 v,
2298 4905 2388 4960 45.
2469 4905 2489 4937 ³
2517 4903 2555 4958 Il
2587 4901 2730 4959 Petr.
2769 4920 2810 4968 ι,
2845 4903 2900 4958 4.
2979 4901 3002 4934 ⁸
3029 4901 3050 4955 l
3080 4903 3330 4962 Joannn,
3364 4900 3419 4957 2.

1765 5085 1994 5144 ΝΟΤᾹΞ.

323 5216 641 5292 (25)Graece
658 5215 915 5279 δουλείας.
950 5215 1095 5285 quod
1121 5217 1440 5292 servitutem
1464 5213 1813 5292 famulatum-

251 5286 341 5344 ve'
378 5286 668 5356 signiﬁcat,
722 5299 914 5356 estque
971 5288 1188 5356 proprie
1243 5287 1605 5356 obsequentia
1644 5301 1808 5354 quam

255 5361 395 5413 servi
430 5355 622 5425 Sponte
649 5355 733 5425 vel
771 5355 928 5408 inviti
951 5355 1197 5425 dominis
1224 5363 1520 5425 praesunt;
1540 5355 1808 5409 (laterum

256 5421 582 5498 Fulgentius
605 5421 658 5474 in
686 5421 881 5498 fragm.
916 5423 1120 5498 1'6,lib.
1158 5421 1426 5498 tvContro
1472 5421 1812 5498 Fabianum:

253 5491 532 5566 λατρείαν,
569 5491 766 5559 inquit,
787 5495 900 5566 δρία
934 5493 1033 5545 sibi
1083 5509 1197 5546 vere
1246 5494 1495 5546 divinitas
1543 5495 1813 5566 vindicat:

253 5560 530 5625 δούλευσις
556 5576 672 5631 vero
706 5569 755 5612 et
795 5560 901 5613 Deo
933 5570 1031 5623 est,
1062 5571 1314 5630 quantum
1355 5572 1555 5631 oportet
1596 5562 1816 5616 redden-

256 5637 346 5700 da,
373 5643 423 5689 et
439 5629 732 5688 hominibus
761 5639 1015 5698 quantum
1043 5629 1276 5686 concedit
1310 5629 1625 5687 exhibenda.
1647 5631 1820 5702 Pr0p-

1929 5232 2013 5300 t‘er
2039 5221 2300 5300 iaspein
2329 5235 2448 5289 ergo
2491 5218 2685 5270 dicitur
2719 5231 2750 5300 ξ’
2773 5233 2792 5266 ι
2829 5211 3296 5300 ξαρνίβεαιρηυεο
3321 5211 3494 5300 σαργί-

1926 5294 2103 5358 ﬁcium
2121 5280 2408 5359 fustitiwf
2430 5307 2448 5338 ι
2485 5296 2601 5359 etc.
2655 5305 2672 5337 ι
2712 5280 3068 5359 Sacri/istriis”
3097 5284 3200 5334 diis
3253 5280 3495 5359 eradica-

1921 5349 2083 5424 bitur,
2121 5349 2224 5413 nisi
2252 5349 2472 5413 Domino
2502 5356 2622 5411 soli.
2662 5375 2681 5408 ι
2710 5349 2932 5422 Propter
2959 5352 3235 5424 δούλευσιν
3268 5364 3383 5402 vero
3399 5349 3495 5424 _d:'-

1922 5432 1992 5482 cit
2024 5417 2349 5496 Apostolus:
2391 5447 2408 5478 ι
2456 5427 2680 5480 Domino
2709 5417 2924 5496 Christo
2965 5421 3191 5496 servite;
3238 5426 3354 5496 i_et
3393 5417 3496 5496 ite-

1924 5485 2091 5552 rum':
2127 5500 2312 5552 servile
2335 5498 2552 5550 invicem
2604 5496 2658 5547 in
2703 5493 2982 5546 charitate.
3017 5506 3035 5538 ι
3100 5487 3322 5557 Legesis
3385 5485 3491 5540 Au-

1927 5577 2071 5637 gust.
2100 5568 2191 5620 ιιι».
2213 5583 2277 5620 xx
2299 5565 2450 5621 Cant.
2480 5563 2699 5628 Faust.,
2727 5576 2850 5630 cap.
2874 5560 2963 5613 2|.
