4074 6146
490 301 630 371 ιξιδι

1578 221 1653 312 θ’
1722 255 2061 345 δοΑΝΝιε
2090 246 2519 345 DAMASCENl

3593 283 3735 352 1353

486 411 761 487 quispiam
793 419 1026 463 maerore
1058 401 1304 466 allicitur,
1332 405 1418 452 aut
1439 391 1557 465 quia
1583 363 1781 487 {l‘tiet
1816 410 1883 449 ne
1912 410 1941 447 a
1970 393 2053 447 Dei

2163 393 2255 446 ταί
2278 410 2383 487 τις,
2411 394 2443 463 ἢ
2468 393 2544 456 ὡς
2580 391 2656 462 μὴ
2693 392 2937 463 ἀποτύχῃ
2966 392 3075 448 τῶν
3096 390 3193 445 τοῦ
3214 392 3351 447 Θεοῦ
3373 395 3728 466 εὐεργεσιῶν,

488 464 809 558 muneribus
838 494 1179 557 excludatur,
1208 464 1301 544 aut
1322 464 1750 559 quiaisnppl'tCia
1783 483 2057 539 formidat.

2169 484 2202 554 ἢ
2236 481 2423 544 δεδιὼς
2450 482 2552 546 τὰς
2591 482 2866 545 κολάσεις.
2902 482 3011 537 Kal
3041 482 3189 536 ἔστιν
3216 485 3245 536 6
3277 484 3375 554 μὲν
3410 487 3646 555 πρῶτος,
3673 489 3735 553 ἐξ

487 593 703 650 Primus
738 589 877 661 grati
933 583 1288 651 benevolique
1340 578 1521 645 animi,
1553 569 1767 639 Deique
1790 575 2053 630 desiderio

2166 573 2589 643 εὐγνωμοσύνης
2632 574 2729 626 καί
2779 574 2946 626 πόθου
2998 573 3166 627 αὐτοῦ
3210 574 3372 638 Θεοῦ,
3414 577 3508 630 καὶ
3543 578 3731 647 υἰῖκῆς

487 685 767 756 ﬂagrantis
793 685 1176 750 argumentum
1192 681 1304 740 est;
1328 672 1462 726 alter
1477 667 1838 735 mercenarii;
1867 666 2058 722 tertius

488 777 699 835 servilis
724 776 769 829 ⁸.

488 865 734 936 ραυινὶη
775 864 1055 932 Scriptura
1109 861 1461 936 reperiantur,
1513 857 1716 936 ιιιιὶίηιιι⁸
1754 852 2058 909 exhibentur

588 935 874 999 adoratio;
898 926 1121 1004 quotque
1142 926 1313 983 enodis
1354 926 1627 981 creaturas
1649 926 1949 980 adoremus.

555 1091 645 1146 '53.
699 1088 940 1143 Primum
984 1083 1204 1154 quidem
1253 1078 1553 1133 adorantur
1600 1076 1701 1140 illi,
1753 1076 1807 1129 in
1854 1073 2054 1143 quibus

487 1183 755 1254 requievit
801 1181 963 1240 Deus,
1022 1175 1116 1245 qui
1166 1173 1316 1228 solus
1365 1178 1592 1225 sanctus
1640 1174 1742 1222 est.
1791 1166 1955 1235 Atqui
1997 1165 2054 1219 in

486 1277 691 1332 sanctis
734 1268 1054 1341 requiescit,
1100 1274 1228 1335 puta
1267 1264 1323 1317 in
1357 1263 1513 1317 beata
1549 1260 1645 1315 Dei
1682 1257 1956 1313 Genitrice
2000 1264 2055 1311 et

485 1365 702 1422 cunctis
729 1360 953 1418 sanctis.
986 1357 1050 1411 Hi
1085 1369 1248 1426 porro
1278 1361 1424 1418 sunt,
1460 1353 1548 1418 qui
1578 1364 1795 1419 operam
1834 1362 2050 1402 onmem

487 1457 809 1526 posuerunt,
823 1462 931 1519 quo
953 1445 1045 1499 Dei
1063 1444 1268 1499 similes
1281 1441 1594 1504 evaderent,
1615 1438 1913 1507 idque,tum
1930 1449 2054 1505 pro-

488 1547 620 1617 priae
646 1540 937 1596 voluntatis
957 1544 1179 1597 conatu,
1203 1543 1318 1588 tum
1350 1547 1444 1603 per
1478 1530 1572 1585 Dei
1603 1528 2052 1584 inhabitatiouem

485 1644 540 1706 et
567 1633 862 1689 auxilium:
885 1628 977 1697 qui
999 1627 1215 1696 quidem
1233 1624 1307 1679 dii
1326 1636 1544 1693 quoque
1558 1620 1815 1674 dicuntur
1829 1632 1936 1672 non
1954 1632 2051 1671 na-

486 1734 631 1789 tura,
650 1725 742 1777 sed
757 1719 1123 1775 institutione:
1143 1710 1595 1784 quemadmodum
1611 1708 2049 1779 ferrumignitum

486 1816 631 1886 ignis
668 1811 890 1875 dicitur,
925 1823 1033 1863 non
1066 1817 1282 1871 natura,
1318 1803 1412 1859 sed
1444 1800 1801 1864 institutione,
1833 1808 1887 1853 et
1916 1796 2058 1867 ignis

486 1904 920 1977 participatione.
941 1900 1029 1953 Ait
1047 1899 1192 1953 enim
1210 1914 1224 1952 :
1247 1914 1266 1948 ι
1292 1895 1477 1950 Sancti
1495 1894 1669 1958 eritis,
1686 1891 1943 1962 quoniam
1960 1902 2060 1959 ego

485 2005 712 2052 sanctus
741 2007 862 2049 sum
888 1991 930 2044 ⁸.
964 2008 983 2042 ι
1020 1992 1137 2045 Hoc
1161 1988 1394 2058 primum
1416 2001 1446 2039 a
1472 1983 1770 2039 voluntatis
1795 1981 2059 2036 electione

486 2087 702 2156 pendet,
726 2092 841 2138 tum
866 2082 1014 2136 omni
1038 2080 1236 2134 volenti
1256 2079 1478 2139 bonum,
1505 2074 1644 2129 Deus
1674 2073 1778 2127 l‘ert
1792 2071 2057 2126 auxilium

485 2179 552 2230 ad
569 2178 771 2231 bonum
784 2171 1198 2243 perliciendum.
1216 2166 1451 2222 Deinde:
1472 2184 1492 2216 ι
1506 2163 1841 2231 lnhabitabo,
1858 2164 2057 2233 inquit,

488 2266 540 2319 in
559 2266 660 2327 eis,
687 2271 740 2317 et
765 2259 1111 2316 inambulabo
1133 2257 1174 2310 ⁷.
1203 2275 1222 2308 ›
1245 2253 1339 2308 Ει;
1365 2275 1384 2306 ι
1408 2255 1686 2323 Templum
1724 2252 1815 2308 Dei
1843 2266 2054 2316 sumus,

483 2360 539 2407 et
561 2351 797 2421 Spiritus
827 2347 919 2403 Dei
943 2348 1150 2401 habitat
1174 2346 1230 2399 in
1261 2345 1420 2401 nobis
1443 2344 1485 2396 ⁸.
1514 2360 1534 2394 ι
1572 2343 1649 2397 Ad
1674 2344 1787 2397 haec
1815 2364 1826 2398 :
1850 2361 1868 2393 ι
1900 2341 2058 2398 Dedit

484 2446 567 2500 eis
592 2448 918 2514 potestatem
970 2442 1023 2494 in
1056 2440 1284 2510 spiritus
1334 2435 1667 2501 immundos,
1707 2444 1767 2490 ut
1796 2435 2057 2504 ejicercnt

484 2552 604 2600 eos,
637 2541 691 2589 et
740 2538 1002 2588 curarent
1053 2543 1270 2584 omnem
1318 2528 1673 2598 languorem,
1724 2536 1778 2582 et
1839 2540 2054 2581 omnem

486 2628 858 2681 inﬁrmitatem
878 2625 921 2677 θ.
962 2643 980 2676 ι
1018 2622 1120 2675 Et:
1158 2640 1176 2672 ι
1208 2621 1557 2689 Quaecunque
1589 2618 1746 2682 facio,
1767 2632 1865 2673 vos
1887 2619 2054 2672 etiam

487 2716 722 2781 facietis,
748 2723 801 2769 et
830 2713 1037 2781 majora
1070 2712 1154 2766 his
1190 2712 1399 2765 facietis
1425 2711 1487 2763 ‘°.
1516 2728 1533 2761 ι
1560 2708 1785 2777 Insuper
1822 2728 1833 2760 :
1873 2726 1892 2760 ι
1921 2707 2055 2762 Vivo

483 2822 611 2878 ego,
644 2806 782 2860 dicit
805 2804 1103 2870 Dominus;
1134 2817 1229 2858 eos
1255 2802 1352 2871 qui
1381 2815 1466 2855 me
1491 2800 1813 2872 gloriﬁcant,
1848 2799 2055 2869 gloriﬁ-

485 2900 714 2955 caho“.
751 2916 771 2948 ι
818 2896 885 2949 Ει
930 2909 944 2948 :
995 2913 1013 2946 ι
1068 2894 1124 2948 Si
1183 2893 1400 2963 quidem
1440 2892 1840 2961 compatimur,
1888 2897 1947 2945 ut
1999 2896 2054 2944 et

485 2990 650 3061 360
687 2986 1159 3059 congloriﬁcemur
1187 2986 1249 3037 “.
1290 3002 1309 3034 ι
1351 2983 1588 3053 itemque
1619 3001 1631 3036 :
1674 3000 1693 3033 ι
1728 2979 1871 3036 Deus
1900 2979 2054 3035 stetit

2162 661 2493 725 διαθέσεως·
2530 665 2569 714 ’ό
2601 661 2885 732 δεύτερος,
2932 661 3302 733 μιώωτικῆςσ
3346 664 3374 715 6
3409 664 3466 717 δὲ
3508 666 3731 736 τρίτος,

2160 754 2414 823 δουλικῆς
2446 764 2493 809 τ.

2162 843 2336 896 Πόσα
2360 843 2433 897 τὰ
2457 842 2957 912 προσκυνούμενα
2987 841 3350 912 εὑρίσκομεν
3376 841 3446 893 ὲν
3471 841 3545 910 τῇ
3576 844 3730 911 Γραδ

2230 912 2338 981 φῇ,
2396 915 2495 966 καί
2555 912 2705 965 κατὰ
2755 914 2988 976 πόσους
3035 911 3292 978 τρόπους
3347 911 3729 980 προσάγομεν

2235 984 2658 1051 προσκύνησιν
2684 981 2996 1049 κτίσμασι.

2225 1076 2332 1143 λγθ.
2372 1073 2596 1144 Πρῶτον
2643 1073 2764 1142 μὲν,
2798 1070 2884 1139 ἐφ’
2911 1068 2992 1133 οἷς
3025 1070 3413 1124 ἀναπέπαυται
3446 1074 3475 1125 6
3517 1071 3670 1138 Θεὸς,
3695 1076 3729 1125 6

2163 1167 2325 1238 μόνος
2370 1166 2544 1233 ἅγιος,
2599 1165 2695 1217 καὶ
2740 1164 2798 1215 ὲν
2847 1158 3498 1233 άγίοις’ἁναπαυόμενος,
3545 1162 3623 1227 ὡς
3658 1169 3727 1237 τῇ

2160 1260 2291 1330 ἁγίᾳ
2317 1257 2589 1327 Θεοτόκῳ,
2619 1254 2714 1308 καὶ
2757 1255 2893 1308 πᾶσι
2921 1256 3037 1318 τοῖς
3069 1254 3266 1324 ἁγίοις.
3298 1251 3462 1312 Οὗτοι
3503 1257 3561 1311 δέ
3583 1260 3727 1313 εἰσιν

2155 1353 2206 1405 οἰ
2253 1349 2396 1404 κατὰ
2443 1348 2505 1400 :6
2551 1346 2776 1401 δυνατὸν
2823 1346 3185 1418 ὁμοιωθέντες
3225 1347 3366 1419 Θεῷ,
3411 1348 3476 1403 ἐκ
3515 1368 3576 1403 τε
3625 1351 3731 1419 τῆς

2158 1441 2368 1494 ἑαυτῶν
2398 1439 2798 1509 προαιρέσεως,
2845 1437 2943 1490 καὶ
2970 1438 3069 1508 τῆς
3097 1437 3233 1491 Θεοῦ
3262 1440 3594 1510 ἐνοικήσεως
3631 1443 3732 1495 καὶ

2159 1529 2478 1601 συνεργίας’
2532 1528 2727 1590 οἵτινες
2772 1527 2865 1580 καί
2921 1527 3036 1581 θεοὶ
3081 1528 3336 1597 λέγονται
3369 1521 3604 1601 ἀληθῶς,
3665 1531 3731 1584 οὐ

2157 1621 2339 1690 φύσει,
2373 1619 2511 1674 ἀλλὰ
2553 1618 2739 1672 θέσει’
2780 1618 2857 1680 ὡς
2900 1616 3012 1689 πῦρ
3039 1618 3262 1686 λέγεται
3290 1620 3321 1673 6
3363 1637 3734 1690 πεπυρακτωο

2165 1715 2327 1784 μένος
2368 1711 2611 1782 σίδηρος,
2641 1710 2703 1763 οὐ
2751 1707 2933 1779 φύσει,
2975 1707 3114 1763 ἀλλά
3148 1709 3317 1776 θέσει,
3357 1712 3452 1765 καί
3508 1710 3730 1780 μεθέξει

2161 1804 2353 1875 πυρός.
2396 1802 2537 1873 Φησί
2567 1801 2697 1872 γὰρ,
2742 1819 2761 1852 ι
2800 1801 2980 1869 ’Δγιοι
3024 1800 3250 1866 ἔσεσθε,
3294 1803 3376 1856 ὅτι
3423 1802 3532 1871 ἐγὼ
3570 1805 3731 1872 ἅγιός

2160 1897 2298 1964 εἰμι.
2336 1914 2356 1946 ι
2412 1893 2583 1946 Τοῦτο
2620 1891 2856 1963 πρῶτον,
2893 1893 2928 1961 ἡ
2973 1892 3319 1962 προαίρεσις·
3385 1890 3527 1958 εἶτα,
3563 1897 3732 1948 παντὶ

2156 1983 2236 2053 τῷ
2293 1980 2714 2053 προαιρουμένῳ
2772 1980 2833 2033 :6
2889 1979 3126 2048 ἀγαθὸν,
3185 1982 3214 2034 ό
3269 1981 3405 2045 Θεὸς
3475 1988 3732 2055 συνεργεῖ

2156 2074 2240 2134 εἰς
2263 2071 2325 2125 :6
2360 2068 2596 2139 ἀγαθόν’
2632 2067 2773 2136 εἷτα,
2805 2088 2824 2122 ι
2859 2071 3160 2140 Ἐνοικήσω
3191 2073 3251 2124 ὲν
3284 2073 3470 2135 αὐτοῖς
3500 2074 3593 2127 καὶ
3626 2077 3730 2144 ὲμο

2158 2163 2540 2233 περιπατήσω,
2569 2180 2587 2213 ι
2605 2162 2723 2227 καὶ,
2756 2179 2776 2212 ι
2801 2161 2939 2214 Ναοί
2973 2164 3139 2231 έσμεν
3155 2161 3312 2227 Θεοῦ,
3346 2165 3443 2216 καὶ
3464 2164 3525 2218 :6
3552 2166 3730 2218 Πνεῦο

2159 2271 2237 2324 μα
2268 2253 2360 2306 τοῦ
2388 2252 2526 2305 Θεοῦ
2552 2253 2694 2306 οίκετ
2719 2254 2777 2307 ἐν
2804 2254 2958 2323 ήμῖν.
2996 2272 3015 2305 ι
3048 2251 3202 2317 Εἶτα,
3232 2272 3253 2306 ‹
3281 2255 3520 2310 Ἔδωκεν
3540 2258 3729 2321 αὐτοῖς

2156 2342 2409 2409 ἐξουσίαν
2439 2344 2582 2397 κατά
2608 2344 2936 2415 πνευμάτων
2965 2343 3317 2414 ἀκαθάρτων,
3349 2344 3493 2399 ὥστε
3523 2347 3713 2402 ὲκεᾶλ-

2154 2434 2270 2488 λειν
2295 2434 2459 2496 αὐτὰ.
2496 2434 2592 2489 καὶ
2620 2433 2950 2505 θεραπεύειν
2979 2435 3161 2487 πᾶσαν
3197 2435 3375 2500 νόσον,
3400 2437 3495 2489 καὶ
3536 2438 3728 2491 πᾶσαν

2158 2525 2455 2596 μαλακίαν.
2484 2544 2503 2575 ι
2539 2524 2668 2589 Καὶ,
2699 2524 2870 2578 «Ὅσα
2907 2523 3075 2589 ποιῶ,
3118 2525 3215 2577 καὶ
3243 2527 3403 2596 ὑμεῖς
3444 2528 3727 2598 ποιήσετε,

2154 2619 2252 2671 καὶ
2294 2615 2521 2687 μείζονα
2562 2614 2769 2669 τούτων
2823 2616 3100 2687 ποιήσετε.
3144 2636 3164 2669 ι
3197 2613 3366 2683 Εἶτα,
3399 2637 3420 2670 ι
3460 2619 3547 2672 Ζῶ
3584 2620 3729 2689 ἐγὼ,

2152 2709 2304 2778 λέγει
2337 2707 2563 2778 Κύριος,
2597 2705 2714 2761 ἀλλ’
2746 2706 2780 2776 ἢ
2809 2706 2937 2769 τοὺς
2963 2705 3285 2771 δοξάζοντας
3333 2725 3404 2777 με
3432 2708 3676 2776 δοξάσωι
3706 2731 3728 2764 ι

2154 2801 2301 2866 καὶ,‹
2322 2798 2495 2869 Εἴπερ
2523 2797 3048 2869 συμπάσχομεν,ἴνα
3079 2799 3174 2852 καὶ
3201 2799 3678 2873 συνδοξασθῶμεν.
3707 2823 3729 2857 ι

2153 2892 2284 2955 Kal,
2320 2911 2340 2942 ι
2375 2890 2436 2943 ’0
2479 2889 2612 2953 Θεὸς
2649 2889 2778 2960 ἔστη
2825 2889 2882 2940 ἐν
2931 2892 3223 2961 συναγωγῇ
3259 2890 3426 2944 θεῶν’
3456 2893 3514 2946 ἐν
3567 2894 3733 2967 μέσῳ

2152 2980 2211 3033 δὲ
2257 2978 2412 3042 θεοὺς
2460 2978 2747 3048 διακρινεῖ.
2796 2996 2815 3029 ι
2859 2977 3070 3048 Ὥσπερ
3120 2978 3301 3031 τοίνυν
3346 2978 3562 3050 ἀληθῶς
3616 2983 3733 3036 εἰσι

486 3083 543 3136 in
586 3095 863 3151 synagoga
893 3078 1118 3132 deorum
1154 3092 1168 3129 :
1208 3075 1261 3130 in
1291 3074 1468 3130 medio
1511 3082 1689 3128 autem
1729 3072 1861 3127 deos
1903 3071 2049 3140 diju-

2157 3072 2216 3125 οὐ
2248 3069 2426 3140 φύσει,
2462 3068 2578 3122 ἀλλ’
2621 3067 2697 3131 ὡς
2732 3067 2828 3120 τοῦ
2869 3067 3032 3136 φύσει
3064 3067 3200 3121 Θεοῦ
3255 3069 3496 3140 μέτοχοι,
3548 3070 3731 3138 οὕτως

367 3166 382 3177 ’
486 3173 690 3230 dicabit
710 3172 773 3229 “.
804 3191 823 3223 ι
862 3166 1326 3236 Quemadmodum
1351 3165 1518 3235 igitur
1549 3162 1604 3218 hi
1635 3162 1751 3216 veri
1783 3160 1860 3215 dii
1898 3167 2049 3226 sunt,

486 3281 597 3323 non
634 3274 851 3329 natura,
879 3262 975 3317 sed
1005 3260 1134 3331 quia
1173 3258 1469 3329 participes
1504 3263 1632 3312 stmt
1661 3254 1802 3324 ejus,
1832 3254 1925 3323 qui
1951 3268 2049 3307 na-

487 3368 612 3414 tura
659 3357 801 3412 Deus
844 3367 950 3418 est,
1009 3355 1090 3409 sic
1122 3366 1341 3421 quoque
1381 3348 1724 3403 adorantur:
1757 3361 1867 3400 non
1906 3344 2052 3414 quod

485 3456 680 3517 suapte
707 3455 903 3501 natura
939 3442 1054 3500 sint
1097 3439 1363 3496 adorandi
1399 3456 1413 3493 :
1457 3436 1552 3491 sed
1586 3435 1839 3505 quoniam
1876 3435 2049 3499 illum,

486 3534 582 3605 qui
610 3547 709 3602 pro
742 3540 935 3586 natura
976 3543 1078 3584 sua
1106 3526 1422 3582 adorandus
1463 3534 1567 3589 est,
1617 3523 1673 3577 in
1721 3523 1918 3592 seipsis
1964 3521 2056 3574 ha-

486 3628 638 3682 bent.
688 3621 912 3678 Ferrum
958 3620 1188 3691 ignitum
1244 3617 1551 3673 secundum
1590 3630 1747 3671 suam
1798 3622 2051 3668 naturam

484 3716 757 3787 ejusmodi
788 3728 897 3769 non
924 3721 1026 3777 est,
1067 3718 1130 3765 ut
1158 3709 1307 3782 tangi
1342 3715 1613 3779 nequeat;
1648 3705 1742 3762 sed
1774 3705 1903 3775 quia
1929 3719 2055 3776 par-

487 3806 660 3875 ticeps
691 3805 897 3858 factum
951 3811 1036 3858 est
1070 3803 1232 3872 ignis,
1272 3799 1432 3870 cujus
1463 3806 1658 3852 natura
1703 3806 1787 3853 est
1814 3805 1875 3850 ut
1905 3809 2055 3851 com-

485 3894 672 3950 burat.
700 3892 1011 3946 Adorantur
1039 3891 1243 3960 itaque,
1279 3898 1552 3960 quatenus
1595 3888 1828 3958 gloriam
1869 3901 1901 3942 a
1944 3886 2056 3941 Deo

486 3992 619 4042 sunt
643 3984 844 4053 adepti,
879 3992 934 4036 et
957 3982 1087 4051 quia
1116 3984 1184 4035 ab
1216 3982 1335 4051 ipso
1360 3989 1714 4050 acceperunt,
1756 3985 1816 4032 ut
1859 3978 2055 4032 adver-

483 4075 651 4135 sariis
681 4072 953 4129 terribiles
986 4079 1195 4135 essent,
1244 4079 1299 4124 et
1327 4086 1454 4140 erga
1484 4085 1600 4135 eos,
1641 4068 1737 4139 qui
1788 4068 1857 4123 ad
1907 4068 2055 4139 ipsos

482 4165 870 4235 confugerent,
901 4161 1131 4218 beneﬁci
1162 4176 1178 4215 :
1215 4161 1323 4215 imo
1347 4170 1608 4230 tanquam
1646 4160 1740 4216 Dei
1784 4158 1975 4214 famuli
2002 4167 2058 4215 et

487 4257 751 4320 ministri,
777 4253 980 4325 quique
1008 4262 1228 4323 propter
1259 4266 1413 4307 suam
1460 4250 1783 4305 charitatem
1821 4250 2056 4306 liberum

486 4348 629 4419 apud
688 4348 868 4417 ipsum
921 4359 1208 4401 accessum
1244 4344 1500 4399 habeant.
1537 4341 1904 4409 Quamobrem
1956 4356 2053 4398 eos

2152 3164 2260 3217 εἰσί
2308 3160 2711 3233 προσκυνητοὶ,
2761 3162 2882 3232 οὐχί
2929 3161 3113 3232 φύσει,
3160 3163 3275 3216 ἀλλ’
3302 3163 3380 3227 ὡς
3430 3165 3521 3220 τὸν
3563 3168 3734 3235 φύσει

2155 3254 2532 3326 προσκυνητδν
2558 3255 2617 3306 έν
2645 3254 2864 3317 ἑαυτοῖς
2894 3253 3128 3324 ἔχοντες.
3167 3255 3379 3325 Ὠσπερ
3406 3259 3435 3310 ὁ
3474 3274 3733 3330 πεπυρα·

2153 3351 2433 3419 κτωμένος
2486 3348 2706 3419 σίδηρος
2748 3348 2809 3401 οὐ
2852 3347 3014 3418 φύσει
3054 3349 3201 3403 ἐστὶν
3242 3351 3539 3421 ἀπρόσιτος
3580 3354 3729 3423 ἀφῇ,

2156 3441 2253 3492 καὶ
2286 3440 2605 3505 καυστικδς,
2638 3438 2755 3492 ἀλλ’
2786 3438 2864 3502 ὡς
2899 3440 3144 3510 μετέχων
3171 3440 3268 3494 τοῦ
3310 3441 3470 3511 φύσει
3500 3460 3734 3499 καυστιο

2160 3531 2280 3584 κοῦ.
2306 3529 2743 3601 Προσκυνοῦνται
2767 3527 2882 3597 οὖν,
2917 3532 2993 3596 ὡς
3019 3532 3400 3602 δεδοξασμένοι
3432 3536 3537 3588 ὐπὸ
3563 3534 3730 3602 Θεοῦ,

2152 3622 2228 3686 ὡς
2255 3622 2360 3675 ὑπὸ
2383 3622 2517 3675 Θεοῦ
2539 3622 2822 3692 γενόμενοι
2845 3625 2963 3686 τοῖς
2988 3624 3335 3688 ὑπεναντίοις
3357 3625 3602 3697 φοϐεροὶ,
3631 3629 3734 3680 καὶ

2154 3714 2441 3784 εὐεργέται
2460 3715 2571 3776 τοῖς
2595 3715 2777 3766 πίστει
2808 3711 3146 3783 προσιοῦσιν,
3171 3713 3272 3784 οὐχ
3292 3715 3369 3777 ὡς
3395 3715 3558 3783 φύσει
3583 3715 3733 3779 Θεοῖς

2154 3806 2252 3858 καὶ
2280 3803 2620 3875 εὐεργέταις,
2651 3803 2768 3857 ἀλλ’
2796 3803 2873 3867 ὡς
2913 3804 3214 3875 θεράπουσι
3263 3805 3357 3857 καί
3386 3804 3733 3877 λειτουργοῖς

2153 3892 2314 3960 Θεοῦ,
2350 3895 2447 3948 καὶ
2489 3893 2590 3964 τήν
2632 3892 2692 3957 ἐξ
2723 3892 2946 3962 ἀγάπης
2991 3892 3131 3963 πρὸς
3163 3893 3324 3947 αὐτὸν
3351 3893 3728 3963 εὐμοιρήσασι

2157 3989 2493 4059 παρρησίαν.
2527 3985 2951 4056 Προσκυνοῦμεν
2982 3981 3078 4039 οὖν
3105 3987 3305 4047 αὐτοῖς,
3335 3983 3520 4054 ἐπειδὴ
3548 3983 3732 4055 θερα-

2157 4078 2384 4133 πεύεται
2438 4079 2469 4132 6
2517 4076 2771 4148 βασιλεὺς
2826 4076 3052 4148 θεωρῶν
3104 4075 3575 4146 προσκυνούμενον
3626 4076 3733 4130 τὸν

2157 4169 2517 4240 ἠγαπημένον
2555 4167 2703 4238 αὑτῷ
2740 4167 3071 4237 θεράποντα,
3096 4169 3299 4243 οὐχῇὠς
3333 4167 3574 4238 βασιλέα,
3608 4167 3733 4221 ἀλλ’

2155 4262 2232 4325 ὡς
2287 4260 2606 4331 λειτουργὸν
2653 4260 2918 4329 ὑπήκοον,
2963 4258 3063 4312 καὶ
3113 4259 3359 4317 εὐνοϊκὸν
3406 4258 3595 4329 φίλοιο
3633 4260 3735 4314 καὶ

2157 4352 2498 4424 λαμϐάνουσι
2524 4352 2625 4414 τὰς
2654 4351 2901 4422 αἰτήσεις
2931 4352 2984 4404 οἰ
3018 4351 3338 4421 προσιόντες
3380 4351 3582 4417 πίστει,
3619 4352 3732 4404 εἶτε

487 4441 805 4505 adoramus,
845 4438 973 4508 quia
1018 4452 1115 4492 rex
1168 4436 1291 4506 ipse
1339 4435 1565 4501 colitur,
1608 4449 1732 4489 cum
1788 4434 2053 4490 tantulum

2157 4447 2249 4502 τοῦ
2282 4446 2564 4509 αἰτοῦντος
2609 4444 2769 4499 τοῦτο
2817 4445 2970 4517 παρά
2997 4444 3094 4498 τοῦ
3131 4444 3423 4516 βασιλέως,
3466 4446 3581 4499 εῐτε
3630 4445 3729 4499 τοῦ

487 4544 672 4594 suum,
696 4543 857 4599 quem
892 4527 1093 4600 diligit,
1131 4542 1243 4582 non
1272 4528 1417 4596 regis
1442 4526 1638 4591 instar,
1663 4526 1758 4582 sed
1793 4534 2052 4596 tanquam

488 4621 877 4690 obsequentem
938 4618 1253 4675 ministrum
1329 4618 1762 4688 benevolumque
1817 4618 2051 4673 amicqu

489 4710 665 4765 eernit
720 4708 958 4762 adorari.
1006 4707 1149 4773 Quin
1208 4710 1373 4762 etiam
1432 4708 1512 4762 illi
1551 4708 1646 4778 qui
1696 4722 1822 4762 cum
1854 4707 2053 4764 ﬁducia

490 4800 640 4869 ipsos
663 4799 888 4866 adeunt,
932 4806 1181 4853 votorum
1230 4808 1512 4870 compotes
1562 4801 1718 4866 (lunt,
1766 4800 1881 4855 sive
1931 4801 1986 4855 id
2019 4815 2050 4854 a

492 4905 616 4963 rege
643 4890 881 4944 famulus
923 4887 1148 4960 ﬂagitet,
1188 4890 1303 4946 sive
1337 4905 1432 4946 rex
1468 4891 1734 4946 honorem
1783 4891 2053 4961 ﬁdemque

488 4982 637 5040 illius
669 4981 761 5053 qui
803 4981 871 5035 ab
920 4994 1022 5036 suo
1052 4979 1277 5035 famulo
1331 4983 1483 5051 petit,
1531 4982 1814 5050 admittat;
1850 4983 2053 5053 quippe

489 5089 614 5131 cum
651 5073 697 5128 is
731 5072 850 5143 ejus
875 5072 1096 5128 nomine
1128 5073 1501 5143 postulaverit.
1534 5073 1626 5128 Sic
1646 5089 1745 5143 per
1770 5075 2048 5143 apostolos

488 5165 564 5219 illi
620 5163 997 5229 curabantur,
1052 5162 1147 5234 qui
1200 5163 1266 5217 ad
1315 5160 1502 5218 Jesum
1561 5164 1905 5219 accederent.
1958 5164 2049 5220 Sic

557 5312 771 5385 ’,ϐυ-εδ.
793 5314 924 5368 Naz.
950 5314 1268 5385 _orat.r2_et_
1282 5313 1372 5366 40.
1453 5313 1475 5344 ⁸
1504 5313 1828 5385 periuraris.
1856 5314 1911 5370 2.

2160 4537 2430 4609 βασιλέως
2469 4535 2875 4608 ἀποδεχομένου
2922 4537 3025 4608 τὴν
3056 4536 3223 4608 τιμὴν
3259 4539 3356 4593 καὶ
3400 4537 3501 4608 τὴν
3543 4538 3730 4590 πίστιν

2157 4626 2252 4681 τοῦ
2283 4625 2576 4697 ζητοῦντος
2604 4625 2760 4693 παρά
2802 4624 2896 4678 τοῦ
2926 4623 3261 4696 θεράποντος
3302 4624 3469 4679 αὐτοῦ
3488 4641 3503 4655 ο
3528 4623 3597 4676 δι’
3625 4623 3731 4675 αὐ-

2157 4715 2249 4769 τον
2276 4724 2299 4751 ³
2330 4715 2438 4787 γὰρ
2461 4714 2687 4786 ᾔτησεν.
2726 4713 2883 4768 Οὕτω
2906 4714 2993 4769 διὰ
3013 4716 3120 4769 τῶν
3154 4716 3471 4769 ἀποστόλων
3489 4717 3540 4768 οἰ
3560 4730 3733 4785 προσ-

2160 4806 2331 4870 ιόντες
2363 4807 2660 4877 ἐτύγχανον
2689 4809 2798 4861 τῶν
2853 4809 3071 4863 ἰάσεων.
3124 4808 3311 4871 Οὕτως
3346 4809 3380 4877 ή
3429 4805 3577 4870 σκιὰ,
3636 4803 3734 4857 καὶ

2158 4896 2227 4949 τὰ
2257 4895 2535 4967 σουδάρια,
2569 4897 2663 4949 καὶ
2693 4897 2763 4952 τά
2786 4898 3087 4970 σιμικίνθια
3108 4897 3216 4952 τῶν
3248 4895 3567 4953 ἀποστόλων
3594 4892 3735 4963 ἐπή-

2158 4988 2328 5057 γαζον
2360 4988 2429 5041 τά
2479 4988 2707 5058 ἰάματα.
2750 4989 2903 5043 Ὅσοι
2946 4989 3005 5043 δὲ
3054 4988 3392 5059 ἀνταρτικῶς
3443 4987 3539 5039 καί
3590 4987 3731 5039 ἀπο-

2161 5077 2432 5140 στατικῶς
2464 5076 2680 5131 θέλουσι
2702 5079 3126 5148 προσκυνεῖσθαι
3153 5078 3229 5140 ὡς
3264 5078 3398 5142 θεοί,
3419 5071 3567 5130 οὗτοί
3589 5077 3734 5128 εἰσιν

2157 5166 2585 5238 ἀπροσκύνητοι,
2611 5169 2819 5223 καὶτοῦ
2847 5169 3066 5223 αἰωνίου
3095 5170 3266 5240 πυρὸς
3292 5168 3454 5232 ἄξιοι.
3473 5167 3591 5221 Καὶ
3613 5167 3733 5219 ὅσοι

557 5315 579 5345 ³
608 5315 771 5385 Greg.
793 5315 924 5368 Naz.
959 5320 1104 5368 orat.
1136 5315 1172 5366 2
1194 5321 1249 5366 et
1282 5315 1372 5366 40.
1453 5315 1475 5344 ⁸
1509 5315 1685 5369 Levit.
1713 5329 1828 5376 xm.
1856 5315 1911 5370 2.
2016 5317 2036 5347 "

492 5381 534 5411 δ”
565 5380 725 5438 Joan.
776 5400 885 5449 xw,
940 5382 1032 5437 12.
1109 5384 1150 5416 ιι
1180 5381 1200 5435 ι
1237 5382 1374 5453 Reg.
1406 5399 1468 5449 ιι,
1501 5382 1592 5451 '60,
1672 5384 1713 5416 “
1760 5382 1922 5438 Rom.
1959 5401 2053 5440 VIII

2157 5318 2247 5370 vit.
2299 5334 2454 5385 ιλιι,
2486 5319 2574 5375 l2.
2671 5321 2695 5352 ⁸
2722 5321 2764 5375 ll
2805 5321 2933 5377 Cor.
2977 5338 3050 5390 νι,
3101 5320 3186 5376 l6.
3271 5325 3293 5356 ν
3327 5320 3525 5376 Matth.
3578 5337 3639 5388 ιι
3676 5318 3728 5373 ί·

2157 5386 2227 5452 l7,
2302 5389 2346 5420 “
2370 5387 2515 5445 Psal.
2551 5405 2705 5453 XVIII,
2734 5392 2785 5444 1.

2302 5389 2346 5420 ¹³
2370 5387 2515 5445 Psal.
2551 5405 2705 5454 XVIII,
2734 5392 2785 5444 1.

1759 5540 1990 5598 VARUS
2034 5542 2320 5599 LECTION
2327 5545 2429 5600 ES.

570 5651 596 5681 '
633 5644 765 5704 Mss.
808 5651 837 5702 6
871 5649 1013 5704 κατά
1050 5650 1319 5705 ἀντίδοσιν
1368 5650 1717 5722 μισθωτικός.
1756 5658 1784 5709 ὁ
1810 5657 1867 5710 δὲ
1896 5658 2079 5728 τρίτος
2108 5658 2372 5725 δουλικὸς.
2449 5670 2471 5698 ³
2505 5658 2638 5714 Mss.
2657 5655 2725 5711 δι’
2752 5655 2943 5714 αὐτοῦ.
