3950 6154
300 300 438 364 1353

1399 286 1498 347 DE
1537 279 1998 345 IMAGINIBUS
2037 278 2320 340 ORATIO
2367 277 2482 337 ΙΙΙ.

3426 265 3566 333 1354

299 413 812 490 καταφρονητικῶς,
845 408 1187 482 ὑπερηφάνῳ
1240 406 1548 476 φρονήματι
1599 403 1673 474 μὴ
1709 417 1880 472 προσ-

2008 363 2394 468 προειθιοτυιι(
2405 394 2622 458 umbra,
2666 391 2913 457 sudaria,
2945 400 2998 446 et
3035 388 3383 447 semicinctia
3407 404 3570 444 sana-

296 508 523 568 κυνοῦσι
577 511 695 572 τοῖς
741 505 877 560 Θεοῦ
934 504 1292 572 θεράπουσιν,
1340 498 1415 561 ὼς
1465 496 1729 560 ἀλαζόνες
1787 492 1882 546 καὶ

299 605 665 675 ὑπερήφανοι,
689 600 765 662 ὡς
781 600 862 661 εἰς
895 596 1030 648 Θεὸν
1053 592 1381 652 ἀσεϐοῦντες
1401 588 1882 653 καταδικάζονται.

298 696 412 750 Καὶ
428 690 802 765 μαρτυροῦσιν
819 690 870 740 οἱ
888 686 1076 749 παῖδες
1099 686 1148 738 οἱ
1164 681 1470 736 Ἐλισσαίου
1490 693 1887 748 καταφρονητι-

301 789 416 851 κῶς
440 784 907 855 καταϐοήσαντες,
925 780 1019 832 καὶ
1039 777 1174 848 βορά
1191 779 1304 840 τοῖς
1333 775 1560 846 ἄρκτοις
1581 772 1885 841 γενόμενοι.

1989 492 2170 545 tiones
2195 488 2602 558 profundeliant
2629 486 2690 541 ”.
2726 485 2764 539 li
2801 498 2934 539 vero
2963 483 3060 553 qui
3098 481 3366 538 seditioso
3389 480 3570 536 rebel-

1991 583 2142 650 lique
2165 582 2349 633 animo
2369 578 2588 634 adorari
2620 579 2810 632 volunt
2841 585 3102 647 tanquam
3125 575 3224 643 dii,
3251 589 3361 630 non
3391 573 3572 629 solmn

1994 671 2266 727 adorandi
2321 686 2430 725 non
2479 679 2630 736 sunt,
2691 683 2879 724 verum
2941 668 3107 723 etiam
3169 665 3574 737 sempiternum

1994 769 2176 838 ignem
2202 774 2504 821 merentur.
2543 765 2623 818 Illi
2656 772 2838 820 autem
2871 762 2966 833 qui
3004 763 3303 818 ‘fastidioso
3321 761 3577 830 elatoque

305 850 490 935 animo
526 876 620 933 Dei
661 850 897 930 famulos
955 887 1065 926 non
1118 869 1369 934 adorant,
1414 873 1676 934 tanquam
1725 869 2050 929 arrogantes
2083 867 2137 914 et
2168 857 2411 928 superbi,
2470 871 2682 911 necnon
2744 869 2873 928 erga
2931 855 3102 910 Deum
3171 854 3350 923 ipsum
3424 850 3576 923 impii

303 949 765 1026 condemnamur.
818 963 1014 1020 Testes
1067 960 1282 1033 appello
1333 972 1536 1030 pueros
1595 955 1744 1021 illos,
1787 953 1879 1024 qui
1921 952 2188 1009 adversus
2226 951 2480 1007 Elisaeum
2514 965 2611 1020 per
2688 959 3065 1019 contemptum
3122 949 3442 1014 clamantes,
3509 947 3579 1001 ab

307 1066 455 1121 ursis
483 1062 749 1132 discerpti
782 1068 914 1117 sunt
944 1060 1010 1114 “.

375 1155 470 1209 λδ’.
505 1153 771 1222 Δεύτερος
795 1150 1024 1222 τρόπος,
1061 1147 1185 1203 καθ’
1212 1147 1272 1202 ὃν
1304 1141 1727 1218 προσκυνοῦμεν
1772 1139 1890 1194 κτί-

307 1263 514 1316 σματα,
545 1245 614 1299 δι’
640 1237 715 1298 ὧν
751 1243 845 1297 καὶ
875 1243 934 1295 ἐν
973 1237 1056 1304 οἷς
1090 1240 1397 1311 ἐνήργησεν
1431 1236 1461 1290 ὁ
1489 1234 1624 1300 Θεὸς
1654 1233 1756 1305 τὴν
1784 1249 1891 1286 σω-

306 1339 504 1410 τηρίαν
531 1337 712 1408 ἡμῶν,
749 1334 862 1387 εἴτε
904 1333 1012 1403 πρὸ
1055 1332 1155 1402 τῆς
1186 1329 1281 1383 τοῦ
1321 1329 1530 1398 Κυρίου
1569 1325 1891 1398 παρουσίας,

310 1432 421 1484 εἴτε
471 1431 610 1500 μετά
659 1430 762 1500 τὴν
809 1427 1079 1498 ἐνσαρκον
1129 1424 1296 1478 αὐτοῦ
1350 1419 1682 1490 οἰκονομίαν,
1719 1417 1796 1481 ὼς
1835 1417 1898 1469 τὸ

309 1523 523 1574 Σιναῖον
557 1520 706 1590 ὅρος,
740 1517 839 1572 καὶ
872 1517 970 1587 τὴν
1025 1515 1301 1584 Ναζαρὲτ,
1326 1512 1426 1582 τὴν
1461 1509 1671 1580 φάτνην
1701 1507 1802 1576 τὴν
1834 1507 1892 1559 ὲν

309 1611 583 1682 Βηθλεέμ,
613 1610 709 1663 καὶ
737 1608 800 1662 τὸ
833 1607 1119 1678 σπήλαιον,
1155 1604 1248 1658 τὸν
1282 1599 1560 1674 Γοργοθᾶν
1590 1597 1682 1651 τὸν
1714 1597 1890 1666 ἆγιον,

2061 1137 2150 1192 54.
2194 1133 2487 1192 Secundus
2536 1130 2736 1188 modus
2782 1136 2867 1186 est
2910 1129 3022 1194 ille,
3061 1145 3172 1201 quo
3214 1145 3304 1188 res
3338 1134 3578 1193 creatas,

1991 1245 2090 1301 per
2111 1243 2272 1300 quas,
2303 1235 2359 1283 et
2384 1226 2439 1281 in
2461 1225 2685 1297 quibus,
2707 1231 2825 1278 tum
2854 1231 2981 1279 ante
3008 1223 3225 1277 Domini
3256 1222 3578 1287 adventum,

1994 1332 2108 1378 tum
2156 1328 2282 1393 post
2339 1317 2742 1374 incarnationis
2800 1315 3296 1386 dispensationem,
3341 1314 3580 1370 salutem

1995 1424 2239 1470 nostram
2289 1417 2584 1466 exsecutus
2615 1416 2721 1475 est,
2756 1407 3090 1473 adoramus;
3131 1405 3299 1460 veluti
3335 1415 3581 1461 montem

1999 1504 2180 1571 Sinai,
2212 1501 2487 1557 Nazarcth
2521 1514 2765 1572 quoque,
2808 1498 3304 1554 Bethleemitanum
3336 1513 3586 1570 praesepe

1996 1605 2052 1653 et
2102 1597 2448 1668 speluncam,
2496 1600 2751 1649 sanctum
2788 1591 3080 1662 Golgotlta,
3128 1593 3312 1649 crucis
3352 1592 3584 1663 lignum,

308 1702 403 1757 τοῦ
435 1699 672 1771 σταυροῦ
701 1699 764 1753 τὸ
802 1696 981 1766 ξύλον,
1017 1697 1145 1760 τοὺς
1173 1695 1357 1767 ἥλους,
1393 1691 1484 1745 τὸν
1516 1690 1776 1759 σπόγγον,
1802 1689 1895 1743 τὸν

2008 1690 2212 1754 clavos,
2280 1687 2600 1758 spongiam,
2641 1684 3000 1750 arundinem,
3061 1683 3311 1740 lanceam
3371 1700 3586 1740 sacram

613 1788 714 1860 τὴν
759 1752 1093 1858 λόγχηνΙτὴν
1126 1752 1296 1857 .ίεράν
1317 1752 1426 1837 ⁷καὶ
1475 1752 1771 1852 σωτήρων,
1797 1779 1898 1850 τὴν

2008 1777 2496 1846 salutiferamque,
2552 1777 2821 1841 vestem,’
2870 1775 3159 1841 tunicam,
3222 1775 3582 1842 linteamina,

314 1880 538 1952 ἐσθῆτα,
582 1879 674 1932 τὸν
709 1877 937 1948 χιτῶνα,
1012 1880 1110 1940 τὰς
1165 1871 1430 1938 σινδόνας,
1480 1871 1549 1924 τά
1583 1870 1895 1941 σπάργανα,

311 1973 397 2026 τὸι
433 1973 603 2042 τάφον
631 1971 723 2024 τὸν
770 1970 926 2036 ἅγιον
955 1967 1057 2040 τὴν
1100 1966 1287 2038 πηγὴν
1332 1962 1436 2034 τῆς
1474 1961 1634 2032 ἡμῶν
1662 1959 1897 2015 ἀναστάο

313 2081 476 2128 σεως,
501 2061 596 2115 τὸν
622 2060 772 2114 λίθον
805 2058 900 2112 τοῦ
941 2059 1249 2130 μνήματος,
1286 2053 1384 2125 τὴν
1421 2052 1560 2106 Σιὼν
1598 2051 1660 2104 τὸ
1687 2051 1814 2122 ὄρος
1839 2049 1900 2103 τὸ

315 2153 491 2222 ἅγιον,
526 2152 586 2206 τὸ
609 2152 718 2206 τῶν
753 2149 984 2204 Ἐλαιῶν
1018 2145 1176 2212 αὖθις
1220 2146 1371 2218 ὅρος,
1400 2143 1499 2216 τὴν
1532 2140 1899 2214 προϐατικὴν,

313 2246 408 2297 καὶ
441 2243 800 2313 Γεθσημανῆς
848 2241 910 2294 τὸ
956 2239 1138 2293 ὄλϐιον
1189 2236 1452 2308 τέμενος’
1511 2232 1686 2287 ταῦτα
1713 2231 1807 2285 καὶ
1832 2230 1900 2283 τὰ

312 2332 542 2388 τοιαῦτα
575 2333 739 2396 σέὁω,
767 2333 862 2384 καὶ
899 2326 1217 2402 προσκυνῶ,
1263 2325 1358 2381 καὶ
1393 2323 1572 2379 πάντα
1603 2321 1729 2376 ναὸν
1762 2319 1899 2376 Θεοῦ

316 2427 494 2494 ἅγιον,
525 2425 620 2478 καὶ
656 2425 768 2477 πᾶν
795 2423 881 2493 ἐφ’
915 2415 960 2490 ᾧ
1006 2421 1139 2485 Θεὸς
1169 2417 1500 2490 ὀνομάζεται
1525 2432 1538 2445 ·
1589 2417 1650 2470 οὐ
1687 2416 1776 2470 διά
1803 2413 1902 2484 τὴν

314 2519 495 2573 αὐτῶν
525 2517 710 2587 φύσιν,
748 2506 864 2570 ἀλλδ
894 2516 977 2568 ὃτι
1016 2513 1171 2577 θείας
1216 2511 1499 2582 ἐνεργείας
1545 2505 1652 2563 είσὶ
1693 2507 1899 2578 δοχεία,

316 2611 411 2663 καὶ
435 2609 502 2663 δι’
531 2609 731 2673 αὐτῶν,
764 2609 860 2662 καὶ
904 2609 963 2660 ἐν
1011 2606 1194 2669 αὐτοῖς
1226 2603 1532 2675 ηὐδόκησεν
1577 2603 1606 2656 ὁ
1639 2601 1772 2664 Θεὸς
1803 2601 1902 2670 τὴν

319 2701 596 2771 σωτηρίαν
633 2699 791 2769 ἡμῶν
824 2696 1297 2768 κατεργάσασθαι.
1329 2693 1441 2748 Καὶ
1473 2692 1742 2762 ἀγγέλους
1767 2691 1897 2762 γὰρ,

319 2792 413 2856 καὶ
443 2789 786 2862 ἀνθρώπους,
819 2791 918 2845 καὶ
951 2791 1133 2844 πᾶσαν
1161 2789 1297 2859 ὓλην
1322 2789 1422 2859 τῆς
1447 2785 1598 2851 θείας
1621 2785 1902 2857 ἐνεργείας

323 2886 572 2956 μέτοχον,
623 2882 720 2936 καὶ¹
779 2880 1253 2951 διακονησαμένην
1295 2880 1397 2950 τὴν
1442 2878 1719 2949 σωτηρίαν
1775 2893 1900 2947 μου,

323 2977 472 3031 σέὁω
523 2975 616 3030 καὶ¹
669 2973 964 3044 προσκυνῶ
1001 2973 1091 3026 διά
1140 2971 1238 3043 τὴν
1285 2971 1435 3025 θείαν
1473 2971 1755 3041 ἐνέργειαν
1795 2984 1813 3000 °
1839 2969 1902 3022 οὐ

322 3067 621 3141 προσκυνῶ
665 3065 966 3129 Ἰουδαίοιςο
1017 3065 1077 3118 ού
1108 3063 1215 3136 γάρ
1251 3063 1403 3124 θείας
1439 3062 1576 3114 εἰσὶν
1624 3060 1902 3132 ἐνεργείας
1929 3091 1972 3148 C

327 3160 567 3231 μέτοχοι,
595 3156 718 3211 ούδέ
741 3153 932 3224 σκοπῷ
955 3154 1056 3224 τῆς
1084 3152 1226 3224 ἐμῆς
1259 3150 1555 3222 σωτηρίας,
1579 3149 1672 3207 τὸν
1697 3151 1904 3219 Κύριον

322 3249 423 3320 τῆς
473 3247 634 3320 δόξης
688 3247 782 3302 τὸν
827 3246 959 3300 Θεόν
999 3262 1126 3316 μου,
1175 3242 1534 3314 ἐσταύρωσαν
1559 3280 1576 3306 ,
1623 3241 1804 3311 φθόνῳ
1847 3241 1903 3294 δὲ

327 3341 568 3413 μᾶλλον,
623 3340 715 3393 καὶ
762 3338 912 3409 μίσει
965 3336 1102 3408 πρὸς
1133 3335 1225 3391 τὸν
1281 3332 1412 3388 Θεὸν
1459 3332 1556 3387 καὶ
1605 3333 1904 3404 εὐεργέτην

326 3432 670 3505 βαλλόμενοι.
724 3431 984 3500 «Κύριε,
1043 3427 1310 3500 ἠγάπησα
1369 3425 1710 3496 εὐπρέπειαν
1753 3425 1904 3478 οῐκου

327 3538 442 3586 σου,
483 3520 650 3588 φησὶν
685 3520 714 3572 ό
755 3519 950 3584 Δασὶδ,
991 3518 1088 3573 καὶ
1117 3517 1282 3571 τόπον
1325 3515 1687 3588 σκηνώματος
1746 3514 1906 3586 δόξης

330 3629 446 3666 σου.
480 3631 500 3666 ι
535 3611 678 3667 Καίο
714 3630 734 3663 ι
764 3611 1192 3681 Προσκυνήσατε
1218 3609 1299 3672 είς
1327 3607 1419 3661 τὸν
1451 3607 1632 3674 τόπον,
1663 3599 1724 3658 οὗ
1745 3605 1906 3676 ἐστη-

329 3719 430 3756 σαν
451 3704 498 3756 οί
528 3703 687 3766 πόδες
709 3700 894 3755 αὑτοῦ.
909 3720 929 3752 ι
946 3700 1056 3753 Καί
1077 3715 1090 3730 ο
1115 3717 1134 3751 t
1161 3697 1526 3769 Προσκυνείτε
1547 3697 1628 3759 εἰς
1647 3694 1772 3770 ὅρος
1790 3695 1905 3767 (24)

327 3796 484 3865 ἅγιον
526 3795 714 3850 αὐτοῦ.
747 3811 766 3846 ι
806 3793 972 3865 Ὄρος
1020 3792 1173 3861 ἅγιον
1211 3790 1456 3861 ἔμψυχον
1509 3786 1669 3854 Θεοῦ,
1701 3789 1736 3860 ἠ
1775 3789 1906 3856 ἁγία

326 3888 587 3952 Θεοτόκος
612 3903 626 3917 ο
654 3887 756 3958 ὅρη
780 3885 920 3939 Θεοῦ
947 3884 1164 3954 λογικὰ,
1193 3883 1243 3936 οί
1283 3877 1576 3935 ἀπόστολοι
1594 3894 1610 3911 ο
1649 3897 1670 3931 ι
1694 3879 1776 3932 Τά
1802 3879 1904 3952 ὅρη

327 3978 662 4050 ἐσκίρτησαν
695 3976 830 4030 ὼσεὶ
855 3976 1025 4047 κριοὶ,
1057 3973 1148 4027 καὶ¹
1186 3973 1236 4025 οἱ
1267 3969 1450 4042 βουνοὶ
1479 3967 1555 4033 ὡς
1584 3969 1747 4041 ἀρνία
1775 3987 1908 4042 προ-

329 4073 531 4128 ϐάτων.
565 4090 584 4124 ι
912 4070 922 4080 “
1672 4060 1676 4062 ’

399 4166 494 4220 λε’.
529 4164 725 4234 Τρίτος
756 4163 978 4232 τρόπος,
1011 4159 1132 4214 καθ’
1176 4158 1234 4211 ὃν
1270 4157 1692 4228 προσκυνοῦμεν
1730 4158 1800 4212 τά
1828 4156 1908 4228 τῷ

329 4255 450 4326 Θεῷ
489 4253 846 4324 ἀνακείμενα,
876 4250 945 4305 τά
992 4249 1114 4320 ίερά
1147 4265 1291 4320 φημι
1317 4247 1631 4316 Εύαγγέλια
1661 4249 1759 4302 καὶ
1809 4247 1908 4312 τάς

330 4349 524 4411 λοιπὰς
564 4345 802 4416 βίϐλους.
833 4361 856 4398 ι
887 4340 1244 4413 Ἐγράφησαν
1277 4338 1386 4411 γὰρ
1441 4338 1580 4410 πρὸς
1621 4337 1907 4394 νουθεσίαν

1999 1869 2248 1934 fascias,
2325 1879 2746 1926 monumentum
2826 1876 3080 1926 sanctum
3160 1871 3587 1926 resurrectionis

1998 1971 2208 2020 nostra:
2261 1961 2498 2028 fontem,
2527 1973 2581 2018 et
2625 1961 2864 2032 lapidem
2921 1964 3292 2027 monumenti,
3343 1973 3585 2019 montem

2000 2064 2259 2111 sanetum
2314 2050 2475 2121 Sion,
2508 2055 2850 2124 probaticam
2902 2055 3200 2125 piscinam,
3253 2057 3589 2128 beatumque

2000 2144 2398 2202 Gethsemanes
2427 2147 2680 2213 hortum;
2739 2146 2854 2201 haec
2895 2157 2950 2201 et
2997 2147 3199 2202 similia
3243 2163 3478 2203 veneror
3534 2157 3590 2204 et

2002 2239 2192 2307 adoro,
2231 2239 2607 2311 templumque
2660 2253 2825 2294 omne
2868 2237 2964 2294 Dei
3006 2247 3283 2307 sanctum,
3326 2241 3588 2297 universa

2003 2331 2223 2388 demum
2281 2318 2378 2386 illa
2426 2346 2549 2403 qua:
2582 2329 2681 2388 Dei
2727 2329 2952 2386 nomine
3005 2341 3426 2400 consecrantur,
3477 2350 3590 2391 non

2003 2432 2229 2495 propter
2267 2422 2514 2495 ipsorum
2563 2430 2844 2490 naturam,
2886 2423 2982 2479 sed
3013 2424 3275 2495 quoniam
3308 2427 3592 2495 operatio-

2004 2514 2093 2571 nis
2127 2514 2328 2570 divinae
2361 2514 2756 2584 conceptacula
2814 2522 2978 2582 sunt,
3031 2528 3097 2572 ac
3140 2531 3242 2586 per
3284 2516 3404 2586 ipsa
3436 2523 3491 2572 et
3531 2517 3590 2572 in

2003 2606 2144 2678 ipsis
2205 2606 2318 2663 Deo
2371 2607 2761 2677 complacitum
2819 2616 2903 2663 est
2950 2615 3012 2663 ut
3065 2617 3309 2665 nostram
3358 2610 3589 2666 salutem

2004 2706 2269 2770 patraret.
2325 2699 2563 2771 Angelos
2607 2700 2776 2765 enim,
2825 2710 2879 2755 et
2931 2700 3208 2769 homines,
3261 2711 3315 2758 et
3371 2719 3591 2759 omnem

2006 2789 2293 2845 materiam
2350 2789 2548 2845 divina:
2600 2790 2842 2847 actionis
2878 2792 3228 2865 participem,
3285 2793 3594 2864 salutisque

2007 2895 2140 2935 meae
2173 2881 2585 2948 administram,
2631 2891 2856 2953 propter
2889 2870 3134 2940 divinam
3190 2885 3466 2940 actionem
3504 2901 3596 2940 ve-

2007 2985 2175 3026 neror
2215 2979 2270 3028 et
2325 2971 2516 3028 adoro.
2580 2973 2803 3031 Judazos
2853 2991 2962 3031 non
3018 2977 3213 3044 adoro,
3263 2978 3466 3048 quippe
3498 2981 3596 3048 qui

2008 3062 2209 3117 divinae
2254 3063 2489 3120 actionis
2543 3065 2841 3136 participes
2906 3067 3041 3123 facti
3112 3083 3223 3123 non
3279 3077 3430 3135 sunt,
3492 3085 3595 3127 nt-c

2007 3153 2198 3223 gloriae
2228 3154 2517 3210 Dominum
2566 3157 2738 3214 Deum
2774 3175 2955 3215 meum
3002 3176 3068 3216 eo
3119 3163 3359 3217 consilio
3411 3164 3596 3216 cruci-

2009 3245 2265 3313 ﬁxerunt,
2301 3255 2360 3301 ut
2391 3248 2626 3305 salutem
2665 3250 2802 3306 mihi
2823 3251 3213 3318 conciliarent,
3237 3253 3333 3309 sed
3389 3252 3594 3306 invidia

2005 3332 2214 3402 potius,
2268 3334 2508 3406 odioque
2543 3337 2744 3407 perciti
2786 3353 2918 3411 erga
2977 3339 3146 3395 Deum
3184 3341 3325 3396 bene
3357 3341 3426 3396 de
3456 3341 3596 3412 ipsis

2006 3424 2287 3480 meritum.
2339 3445 2356 3478 t
2386 3427 2638 3508 Domine,
2670 3428 2838 3485 dilexi
2865 3430 3119 3486 decorem
3154 3431 3353 3487 domus
3383 3439 3510 3499 tuae,
3544 3443 3598 3489 ct

2005 3514 2188 3570 locum
2219 3515 2577 3575 habitationis
2595 3520 2787 3592 gloriae
2816 3530 2923 3577 tuae
2948 3522 3015 3578 ¹⁶.
3042 3539 3063 3575 ι
3087 3523 3182 3578 Et:
3213 3542 3231 3576 ι
3259 3523 3500 3579 Adorate
3530 3525 3597 3579 ad

2005 3605 2164 3678 361
2213 3608 2396 3665 locum
2449 3611 2540 3666 ubi
2591 3620 2869 3670 steterunt
2906 3616 3076 3687 pedes
3114 3616 3238 3688 ejus
3264 3618 3328 3670 ⁸⁷.
3369 3634 3388 3668 ι
3432 3617 3595 3672 item-

2007 3714 2116 3768 que
2141 3719 2153 3755 :
2192 3720 2210 3753 t
2247 3701 2489 3759 Adorate
2507 3705 2574 3759 ad
2605 3715 2848 3762 montem
2879 3715 3131 3763 sanctum
3157 3708 3278 3776 ejus
3307 3707 3368 3762 ’⁸.
3394 3726 3412 3761 ι
3442 3707 3597 3764 Mons

2010 3789 2101 3846 Dei
2152 3803 2383 3850 sanctus
2415 3802 2468 3850 et
2501 3795 2800 3864 animatus,
2827 3807 2912 3855 est
2944 3808 3134 3854 sancta
3173 3799 3265 3853 Dei
3311 3797 3595 3866 Genitrix;

2007 3891 2224 3940 montes
2243 3883 2337 3941 Dei
2368 3887 2579 3943 ratione
2601 3889 2833 3959 praediti,
2861 3898 2992 3946 sunt
3041 3889 3276 3960 apostoli
3309 3905 3322 3943 :
3355 3905 3375 3940 ι
3401 3889 3600 3944 Exsul-

2008 3982 2268 4031 taverunt
2296 3987 2513 4036 montes
2541 3981 2685 4036 sicut
2726 3981 2950 4049 arietes,
2989 3992 3046 4038 et
3073 3982 3246 4039 colles
3295 3983 3440 4039 sicut
3470 3981 3595 4057 agni

2008 4068 2194 4124 ovium
2224 4071 2287 4124 ’⁸.
2328 4090 2346 4123 ι

2078 4159 2168 4214 '55.
2221 4159 2444 4218 Tertius
2493 4163 2690 4219 modus
2743 4163 2837 4220 ille
2889 4173 2996 4230 est,
3042 4179 3154 4236 quo
3190 4178 3257 4220 ea
3309 4180 3432 4235 quae
3482 4164 3595 4221 Dco

2008 4258 2336 4306 consecrata
2361 4263 2512 4318 sunt,
2538 4256 2860 4322 adoramus,
2885 4263 3014 4328 puta
3038 4263 3391 4312 sacrosancta
3419 4257 3596 4311 Evan-

2009 4340 2170 4410 gelia,
2207 4342 2561 4413 reliquosque
2599 4343 2774 4401 libros
2828 4357 3050 4402 sanctos
3091 4363 3105 4400 :
3144 4363 3164 4399 ι
3203 4345 3409 4418 Scripti
3446 4346 3598 4406 enim

329 4439 506 4511 ἡμῶν,
549 4438 628 4500 είς
651 4435 748 4499 οὒς
782 4435 853 4488 τά
882 4433 1012 4503 τέλη
1057 4430 1167 4484 τῶν
1217 4427 1432 4483 αίώνων
1475 4429 1854 4501 κατήντησανο
1885 4446 1900 4480 ι

2013 4441 2142 4488 sunt
2171 4433 2238 4488 ad
2272 4442 2521 4490 nostram
2547 4435 2994 4502 instructionem,
3037 4437 3105 4494 ad
3138 4455 3281 4510 quos
3310 4439 3447 4497 lines
3497 4453 3599 4495 ste-

330 4532 506 4584 δίσκοι
533 4545 619 4593 τε,
653 4526 750 4579 καὶ
786 4524 1052 4595 ποτήρια,
1080 4519 1357 4590 θυμιατοὶ,
1391 4517 1628 4590 λυχνίαι,
1658 4520 1751 4573 καὶ
1780 4519 1911 4590 τρά-

333 4621 496 4686 πεζαι
519 4662 533 4685 ,
565 4617 727 4688 δῆλον
753 4617 864 4688 γάρ
919 4615 995 4678 ὡς
1028 4613 1209 4667 πάντα
1243 4611 1418 4665 ταῦτα
1447 4610 1758 4682 σεϐἀσμια·
1807 4612 1910 4683 ὅρα

2011 4524 2267 4579 culorum
2295 4527 2640 4582 devenerunt
2667 4529 2746 4596 ‘°;
2786 4547 2805 4581 ι
2839 4529 3012 4585 veluti
3039 4531 3205 4586 etiam
3250 4532 3460 4596 discos,
3500 4548 3596 4588 ca-

2013 4613 2174 4680 lices,
2211 4614 2514 4684 thuribula,
2567 4617 2846 4684 lucernas,
2877 4627 2931 4675 et
2967 4635 3191 4676 mensas
3222 4640 3236 4677 :
3272 4636 3336 4677 ea
3391 4621 3598 4693 quippe
3691 4613 3705 4622 ”

332 4714 461 4785 γάρ,
495 4713 585 4766 ὅτε
616 4708 904 4780 Βαλτάσαρ
929 4705 1189 4776 ἐποίησεν
1220 4703 1636 4775 ύπηρετηθῆναι
1668 4704 1760 4758 τὸν
1785 4703 1900 4758 λαὸι

2015 4705 2203 4760 omnia
2231 4708 2585 4765 veneratione
2615 4709 2781 4781 digna
2804 4724 2929 4767 esse
2958 4712 3143 4768 nullus
3174 4712 3387 4768 inﬁcias
3415 4712 3594 4767 iverit.

334 4809 449 4869 τοῖς
477 4802 730 4858 σκεύεσιν
761 4802 872 4864 τοῖς
905 4798 1221 4870 ἱερατικοῖς,
1263 4794 1382 4859 πῶς
1413 4794 1665 4848 καθεῖλεν
1711 4796 1740 4849 ό
1780 4794 1900 4860 Θεὸς

2017 4798 2156 4854 Vide
2195 4799 2340 4855 enim
2388 4801 2667 4872 quomodo
2711 4804 2879 4871 Deus,
2927 4819 3053 4860 cum
3131 4805 3408 4862 Baltassar
3449 4806 3597 4862 vasis

334 4897 436 4967 τὴν
474 4894 756 4969 βασιλείαν
777 4891 970 4948 αὑτοῦ.

407 5089 518 5152 λς’.
547 5086 824 5160 Τέταρτος
863 5084 1088 5157 τρόπος,
1119 5083 1241 5136 καθ’
1283 5081 1343 5135 ὃν
1391 5079 1827 5152 προσκυνοῦνται
1857 5079 1915 5133 al

341 5180 548 5243 εἰκόνες
574 5181 631 5234 αἱ
651 5179 904 5250 ὀφθεῖσαι
934 5179 1050 5239 τοῖς
1071 5176 1380 5248 προφήταις
1425 5172 1506 5245 (ἐν
1534 5173 1774 5243 είκονικῇ
1805 5171 1912 5243 γάρ

416 5317 460 5388 ‘f
488 5319 610 5372 Act.
648 5333 764 5381 ιιι,
814 5319 901 5372 12.
1021 5315 1069 5350 ³⁸
1100 5317 1162 5372 ιν
1222 5319 1355 5388 Reg.
1409 5315 1618 5388 tt,_23.

1741 5313 1782 5344 ⁸⁸
1833 5313 1976 5368 Psal.
2021 5329 2147 5376 xxv,
2179 5313 2231 5368 8.

2024 4887 2201 4943 sacris
2231 4890 2431 4959 populo
2467 4890 2774 4948 ministrari
2815 4893 3104 4966 iussisset,
3154 4911 3380 4967 regnum
3423 4895 3600 4965 ipsius

2021 4975 2370 5048 dissipaverit
2390 4981 2457 5035 ¹¹.

2094 5073 2183 5130 56.
2220 5073 2464 5141 Quartus
2494 5075 2691 5132 modus
2724 5083 2827 5140 est,
2864 5093 2976 5147 quo
3001 5078 3268 5149 imagines
3309 5079 3438 5143 illae,
3461 5093 3600 5147 quas

2023 5169 2301 5236 prOphetaa
2323 5166 2600 5234 viderunt,
2642 5167 2949 5224 adorantur
2992 5169 3075 5240 (lii
3130 5170 3276 5224 enim
3311 5170 3363 5222 in
3407 5170 3600 5238 imagi-

2347 5313 2388 5345 "
2453 5313 2602 5372 Psal.
2638 5327 2823 5381 cum,
2868 5311 2922 5364 7.
3054 5309 3097 5342 ¹⁸
3116 5309 3260 5364 l’sal.
3321 5319 3511 5374 xcrttt,
3543 5312 3596 5366 9.

346 5387 391 5420 ¹⁹
431 5385 578 5444 Psal.
625 5403 778 5454 cxttt,
827 5388 882 5444 4.
973 5389 1214 5444 “ICor.
1263 5382 1409 5451 inl
1441 5406 1455 5456 ;
1485 5385 1644 5440 Rom.
1680 5398 1769 5449 xv,
1798 5384 1850 5436 4.
1926 5384 1966 5414 ²¹
2014 5382 2148 5438 Dan.
2183 5385 2340 5450 v,‘28.

1873 5536 2104 5594 ΝΟΤᾸΕ.

419 5635 532 5709 (Ξὼ)
567 5632 777 5703 Ubique
810 5632 1047 5693 reddidi.
1073 5634 1139 5687 ad
1172 5638 1360 5696 locum,
1389 5645 1463 5702 et,
1499 5636 1567 5690 ad
1608 5644 1854 5701 montem,
1891 5641 2111 5704 propter
2141 5633 2382 5689 auctoris
2416 5630 2778 5703 propositum,
2807 5637 2859 5682 ct
2893 5627 3334 5699 pra'posilionem
3364 5627 3443 5690 εἰς
3499 5647 3620 5703 (plac

350 5713 645 5776 respondet
679 5710 910 5766 Hebraeo
945 5713 1164 5781 praeﬁxo
1189 5723 1222 5771 ἡ
1258 5716 1344 5767 ad.

711 5805 984 5868 Ρδτιιοι.
1025 5805 1143 5865 Gn.
1185 5807 1381 5867 XCIV.

3190 5799 3264 5859 43
