4074 6146
1521 271 1601 440 γθ

373 437 397 500 1
410 436 521 499 355

1439 384 1557 567 εἰ
1580 384 1985 567 κκξδΝΙε
2010 446 2445 515 DAMASCENI

3501 472 3641 540 1356

366 568 514 622 naria
545 561 748 623 visione
787 562 952 620 Deum
1007 561 1324 630 cernebam,
1367 544 1555 615 nemo“
1613 534 1947 676 igﬁgines

368 661 676 691 τηε-...Λιιιηη
757 667 810 691 ιιι
864 657 1010 691 nimo
1065 657 1236 691 Δω-ηιι
1282 652 1501 691 \iirn‘m‘ie
1555 627 1615 691 ιθ
1710 621 1947 691 \Grinm

2053 568 2251 691 :pdcst
2279 569 2421 626 εἶδον
2444 572 2621 645 Θεὸν),
2644 575 2740 643 καὶ
2771 578 2827 632 αἱ
2860 578 2972 633 τῶν
2998 579 3274 652 ἐσομένων
3311 583 3640 655 εἰκόνες,ὡς

2124 659 2318 691 λέαινα...
2352 662 2564 691 ’Δ-...ἵηι
2619 665 2957 691 -ι-.-..ιν----..
2986 669 3041 691 ,ι
3073 670 3132 691 -2
3158 690 3169 691 γ
3199 673 3263 691 ιι
3322 673 3349 691 Λ
3370 675 3383 691 ο

368 661 703 726 futurorum,
757 667 818 712 ut
864 657 1013 726 virga
1058 657 1240 713 Aaron
1282 627 1502 726 Virginis
1555 627 1950 726 \“twerium

367 712 702 822 designans;
726 761 867 804 urna
911 712 1102 804 itidem
1142 755 1196 803 et
1222 712 1423 803 mensa.
1448 744 1535 801 Sic
1561 712 1831 834 “omne
1856 747 1951 803 Ja-

367 843 472 900 cob
490 840 773 912 fastigium
802 840 968 910 virgae
1000 839 1271 905 adoravit,
1293 855 1413 913 quae
1433 836 1750 896 SalvatOl'ls
1776 840 1952 913 ﬁgura

365 942 489 990 erat
510 935 579 988 ²¹.
606 932 781 988 Porro
813 947 1005 988 rerum
1051 940 1332 1001 gestarum
1363 931 1633 1003 imagines
1668 918 1731 984 in
1772 931 1951 988 moni-

367 1033 613 1083 mentum
658 1026 933 1083 institutas
966 1033 1098 1079 sunt
1128 1041 1142 1078 :
1179 1023 1474 1095 ipsumque
1521 1023 1950 1079 tabernaculum

366 1117 518 1173 orbis
549 1117 796 1175 universi
835 1118 1018 1189 imago
1046 1124 1187 1170 erat.
1221 1114 1367 1172 Deus
1389 1114 1538 1171 enim
1567 1114 1739 1187 Moysi
1768 1113 1908 1170 dixit
1934 1131 1949 1169 :

370 1226 391 1261 ι
428 1208 565 1265 Vide
607 1208 890 1278 exemplar
939 1203 1090 1278 quod
1145 1205 1245 1260 tibi
1306 1205 1362 1260 in
1420 1214 1610 1260 monte
1662 1211 1948 1261 ostensum

362 1302 539 1360 est”.
581 1319 603 1355 θ
637 1300 928 1358 Consimili
981 1299 1144 1357 modo
1191 1297 1489 1355 Cherubim
1548 1313 1752 1361 aurea,
1810 1314 1950 1367 opus

369 1392 669 1457 conﬂatile,
701 1399 757 1448 et
795 1391 1095 1448 Cherubim
1126 1393 1181 1447 in
1210 1390 1359 1459 velo,
1384 1405 1527 1459 opus
1554 1388 1746 1445 textile
1769 1397 1948 1444 erant.

367 1483 464 1541 Sic
545 1498 769 1555 quoque
842 1482 1147 1554 pretiosum
1192 1482 1378 1538 crucis
1431 1480 1689 1552 signum,
1736 1495 1948 1535 necnon

364 1589 652 1647 corporeae
703 1573 803 1633 Dei
854 1575 962 1631 mei
1030 1575 1218 1647 ﬁgurae
1274 1572 1726 1639 similitudinem,
1784 1580 1950 1643 atque

367 1670 542 1737 illius,
574 1683 702 1740 qua:
739 1668 921 1740 ipsum
951 1668 1256 1723 secundum
1297 1681 1519 1721 carnem
1557 1664 1793 1739 peperit,
1830 1680 1949 1721 ser-

364 1779 675 1835 verumque
703 1763 825 1834 ejus
863 1761 1102 1832 efﬁgiem
1128 1760 1448 1818 adoramus.

435 1856 524 1912 37.
564 1854 802 1922 Quintus
834 1853 1033 1911 modus
1068 1853 1162 1910 ille
1197 1860 1307 1919 est,
1338 1868 1448 1924 quo
1478 1867 1579 1909 nos
1603 1860 1820 1918 mutuo,
1851 1855 1944 1923 qui

368 1945 462 2003 Dei
499 1947 798 2019 participes
831 1944 1009 2003 effecti
1033 1961 1229 2003 sumus
1255 1945 1325 2011 “,
1359 1954 1525 2016 atque
1556 1945 1624 2000 ad
1651 1946 1946 2019 imaginem

364 2035 463 2091 Dei
480 2034 713 2102 conditi,
733 2035 1120 2102 adoramus,et
1143 2035 1381 2092 invicem
1404 2035 1641 2107 subjecti
1666 2051 1862 2094 sumus
1877 2038 1945 2104 ”,

365 2126 656 2183 cbaritatis
686 2112 861 2197 legem
901 2126 1212 2198 implentes.

438 2217 528 2275 38.
590 2216 792 2273 Sextus
826 2217 1026 2273 modus
1070 2224 1181 2283 est,
1210 2232 1373 2289 quem
1406 2218 1750 2290 principibus
1782 2227 1949 2291 atque

363 2310 420 2364 in
444 2315 716 2379 potestate
733 2307 1060 2363 constitutis
1077 2306 1431 2363 adhibemus.
1449 2309 1539 2363 Ait
1555 2310 1702 2365 enim
1724 2305 1785 2364 τ’(
1812 2311 1949 2367 Red-

364 2400 478 2454 dite
510 2398 770 2454 omnibus
795 2396 1021 2454 debita:
1058 2399 1149 2454 cui
1197 2398 1488 2465 honorem,
1516 2400 1790 2457 honorem
1811 2402 1878 2457 ²⁶.
1920 2420 1945 2456 ι

364 2489 443 2546 ha
475 2488 646 2545 Jacoh
677 2487 904 2546 fratrem
935 2504 1099 2545 suum
1142 2488 1290 2547 Esau
1324 2499 1456 2547 natu
1493 2492 1757 2563 majorem
1785 2496 1853 2557 ’⁷,
1889 2501 1948 2551 et

362 2581 704 2638 Pharaonem
764 2581 1072 2655 principem
1123 2598 1155 2639 a
1199 2581 1313 2640 Deo
1345 2585 1710 2640 constitutum
1750 2585 1947 2642 adora-

360 2677 439 2731 vit
454 2675 526 2732 ".

432 2766 524 2822 59.
564 2764 846 2836 Septimus
872 2765 1070 2824 modus
1101 2776 1187 2824 est
1206 2769 1277 2836 ’³,
1302 2784 1412 2840 quo
1444 2767 1635 2824 famuli
1667 2769 1942 2837 dominos,

362 2865 419 2913 et
457 2856 536 2911 illi
570 2857 664 2928 qui
698 2857 928 2912 aliorum
958 2859 1210 2933 indigent
1244 2861 1477 2928 auxilio,
1506 2861 1783 2918 beneﬁcos
1808 2877 1941 2918 suos

274 2969 278 2973 ·
360 2957 722 3005 venerantur.
759 2947 852 3003 Sic
881 2944 1163 3005 Abraham
1193 2951 1449 3006 adoravit
1496 2951 1642 3007 ﬁlios
1695 2953 1941 3019 Emmor,

361 3039 582 3109 quando
645 3038 968 3109 speluncam
1034 3039 1311 3110 duplicem
1369 3040 1438 3096 ab
1491 3040 1603 3097 illis
1660 3052 1943 3099 mercatus

360 3139 448 3187 est
471 3130 541 3181 30.

2053 658 2087 728 ἠ
2121 659 2318 731 ῥάϐδος
2352 662 2585 735 Ἀαρὼν,
2617 665 2961 732 εἰκονίζουσα
2984 669 3047 723 τὸ
3071 670 3171 741 τῆς
3199 673 3481 746 Παρθένου
3524 696 3639 750 μυ-

2056 753 2302 822 στήριον,
2325 756 2423 810 καὶ
2451 758 2484 828 ἡ
2522 758 2785 829 στάμνος,
2819 762 2966 832 καὶὴ
2988 763 3274 835 τράπεζαο
3305 770 3399 823 καὶ
3438 770 3640 827 Ἰακὼϐ

2053 839 2111 928 δὲ
2144 845 2553 918 προσεκύνησεν
2580 850 2674 904 ἐπὶ
2701 851 2762 905 τὸ
2796 852 2965 925 ἀκρον
2994 855 3095 926 τῆς
3121 856 3318 928 ῥάϐδου
3337 875 3352 890 ⁸
3379 860 3547 927 τύπος
3575 864 3640 919 δὲ

2053 926 2121 1002 ἦν
2143 933 2239 987 τοῦ
2263 935 2516 1009 Σωτῆρος
2536 937 2694 1011 (ρι’).
2726 942 2851 995 Εἰσὶ
2874 942 2932 996 δὲ
2961 943 3069 998 τῶν
3096 926 3399 1015 γεγονότων
3428 926 3637 1015 εἰκόνες

2053 1026 2134 1090 εἰς
2178 1028 2559 1099 μνημόσυνον⁸
2589 1033 2729 1105 αὑτὴ
2758 1034 2816 1089 δὲ
2848 1036 2883 1107 ἡ
2909 1038 3089 1110 σκηνὴ
3121 1039 3290 1094 εἰκὼν
3319 1035 3390 1114 ἦν
3429 1044 3639 1113 παγκό-

2058 1133 2219 1189 σμιος
2255 1120 2390 1192 (25)·
2429 1140 2448 1176 ι
2480 1124 2623 1196 Ὅρα
2651 1124 2781 1198 γάρ,
2814 1128 2948 1198 φησὶ
2972 1128 3053 1201 τῷ
3077 1130 3313 1203 Μωῦσῇ,
3344 1131 3437 1187 τὸν
3458 1134 3641 1190 τύπον

2050 1209 2143 1266 τὸν
2177 1211 2458 1283 δειχθέντα
2492 1232 2575 1270 σοι
2600 1218 2657 1271 έν
2676 1218 2754 1289 τῷ
2783 1220 2921 1293 ὅρειο
2962 1240 2985 1275 ι
3018 1224 3111 1277 καὶ
3141 1225 3212 1279 τὰ
3256 1225 3541 1299 Χερουϐὶμ
3566 1228 3640 1284 τά

2051 1305 2253 1374 χρυσᾶ,
2280 1303 2444 1378 ἔργον
2475 1309 2768 1379 χωνευτὸν,
2798 1312 2896 1366 καὶ
2929 1313 2999 1369 τά
3043 1315 3332 1388 Χερουϐὶμ
3368 1318 3441 1372 τὰ
3472 1321 3532 1373 ὲν
3556 1320 3640 1391 τῷ

2051 1398 2513 1469 καταπετάσματι
2545 1399 2707 1472 ἔργον
2740 1403 2997 1474 ὐφαντόν.
3024 1405 3185 1462 Οὕτω
3215 1410 3636 1482 προσκυνοῦμεν

2048 1485 2142 1539 τὸν
2167 1485 2339 1542 τύπον
2363 1491 2461 1544 τοῦ
2490 1493 2726 1565 σταυροῦ
2752 1493 2846 1548 τὸν
2872 1494 3078 1567 τίμιον,
3104 1498 3199 1552 τοῦ
3224 1516 3286 1553 τε
3316 1503 3641 1571 σωματικοῦ

2050 1581 2403 1653 χαρακτῆρος
2421 1582 2517 1638 τοῦ
2541 1584 2679 1639 Θεοῦ
2705 1603 2809 1657 μου
2836 1587 2897 1642 τὸ
2914 1589 3191 1661 ὁμοίωμα,
3219 1594 3319 1645 καὶ
3343 1592 3442 1664 τῆς
3469 1593 3638 1649 αὐτὸν

2049 1668 2194 1724 κατά
2231 1671 2411 1745 σάρκα
2435 1674 2705 1748 τεκούσης
2732 1677 2828 1732 καὶ
2858 1678 2967 1733 τῶν
2996 1680 3163 1734 αὐτοῦ
3197 1681 3435 1738 πάντων.

2119 1848 2218 1915 λζ’.
2256 1851 2516 1924 Πέμπτος
2537 1856 2760 1925 τρόπος,
2789 1856 2914 1911 καθ’
2938 1857 2999 1912 ὃν
3020 1859 3438 1931 προσκυνοῦμεν
3465 1859 3635 1933 ἀλλή-

2050 1940 2184 2011 λοις,
2211 1942 2288 2007 ὡς
2319 1946 2516 2017 μοῖραν
2567 1946 2704 2002 Θεοῦ
2754 1947 2960 2019 ἔχουσι,
2995 1951 3092 2005 καὶ
3120 1952 3242 2006 κατ’
3276 1954 3464 2007 εἰκόνα
3494 1953 3634 2009 Θεοῦ

2049 2032 2461 2103 γεγενημένοις,
2492 2034 2745 2106 ἀλλήλοις
2773 2053 2835 2090 τε
2865 2040 3307 2112 ταπεινούμενοι,
3333 2042 3431 2097 καὶ
3468 2043 3637 2115 νόμον

2049 2123 2385 2195 πληροῦντες
2427 2127 2671 2199 ἀγάπης.

2117 2214 2222 2288 λη’.
2254 2216 2456 2282 Ἕκτος
2497 2218 2719 2291 τρόπος,
2746 2219 2857 2274 τῶν
2885 2223 2944 2275 ὲν
2981 2223 3175 2295 ἀρχαῖς
3219 2225 3319 2280 καὶ
3366 2226 3640 2293 ἐξουσίαις

2047 2306 2239 2362 ὄντων.
2275 2326 2294 2361 r
2323 2308 2577 2364 ’Δπόδοτε
2602 2310 2734 2383 γὰρ,
2785 2312 2943 2383 φησὶ,
2979 2315 3116 2368 πᾶσι
3151 2313 3250 2379 τὰς
3270 2315 3520 2385 ὀφειλάς,
3551 2317 3633 2385 τῷ

2048 2399 2145 2472 τὴν
2177 2399 2368 2473 τιμὴν,
2397 2401 2497 2474 τὴν
2552 2404 2787 2475 τιμήν.»
2820 2403 2910 2469 Ὡς
2957 2404 3153 2460 Ἰακὼϐ
3206 2407 3288 2479 τῷ
3331 2425 3393 2462 τε
3432 2408 3631 2472 Ἠσαῦ,

2046 2491 2125 2555 ὡς
2178 2493 2594 2566 προγενεστέρῳ
2635 2495 2876 2568 ἀδελφῷ,
2929 2497 3027 2552 καὶ
3076 2498 3304 2571 Φαραὼ,
3352 2498 3459 2554 ὑπὸ
3489 2498 3632 2554 Θεοῦ

2045 2585 2483 2659 χειροτονηθέντι
2511 2585 2760 2660 ἄρχοντι,
2801 2589 3237 2663 προσεκύνησεν.

2116 2775 2216 2831 λθ’.
2246 2776 2517 2849 Ἕϐδομος
2566 2779 2794 2852 τρόπος,
2838 2780 2963 2837 καθ’
2993 2781 3055 2838 ὃν
3085 2786 3199 2848 τοῖς
3254 2784 3545 2853 δεσπόταις
3570 2791 3628 2843 οὶ

2043 2870 2241 2936 δοῦλοι,
2282 2871 2378 2925 καὶ
2424 2872 2540 2935 τοῖς
2586 2871 2933 2945 εὐεργέταις,
2970 2874 3067 2929 καὶ
3097 2867 3174 2931 ὧν
3215 2876 3284 2931 ἀν
3325 2878 3527 2935 δέοιντο
3569 2882 3629 2935 οι

2042 2959 2312 3030 δεόμενοι,
2333 2961 2411 3026 ὡς
2457 2960 2713 3034 Ἀϐραὰμ
2743 2965 2860 3029 τοῖς
2891 2966 3027 3032 υἱοῖς
3055 2966 3310 3041 Ἑμμὼρ,
3337 2969 3427 3024 ὅτε
3449 2971 3512 3026 τδ
3545 2972 3629 3026 δι-

2044 3051 2214 3108 πλοῦν
2245 3053 2502 3125 ὠνήσατο
2535 3055 2827 3126 σπήλαιον.

428 3222 519 3279 ιο.
554 3220 821 3290 Tandem,
852 3230 911 3277 ut
933 3221 1214 3278 absolvam
1243 3223 1456 3294 paucis,
1483 3224 1757 3291 adoratio,
1790 3205 1940 3283 reve-

2119 3238 2193 3303 μ’.
2224 3233 2335 3287 Καὶ
2365 3233 2555 3297 ἁπλῶς
2582 3236 2778 3301 εἰπεῖν,
2828 3237 3018 3307 φόϐου,
3048 3239 3145 3294 καὶ
3189 3239 3377 3309 πόθου,
3418 3242 3519 3297 καὶ
3538 3260 3629 3298 τι-
3654 3310 3664 3318 ,

361 3312 576 3378 sentiae,
627 3309 889 3376 aﬁ‘ectus,
947 3309 1199 3376 honoris,
1263 3312 1630 3384 subiectionis
1678 3316 1842 3381 item,
1888 3324 1944 3373 et

359 3401 715 3459 demissionis
744 3400 1071 3474 signiﬁcatio
1090 3411 1196 3458 est.
1228 3401 1432 3460 Verum
1497 3406 1773 3461 neminem
1822 3417 1945 3463 tan-

360 3511 525 3567 quam
577 3494 752 3553 Deum
803 3494 1038 3551 adorare
1095 3494 1178 3552 fas
1231 3504 1349 3561 est,
1398 3506 1602 3568 praeter
1648 3497 1802 3552 illum
1847 3498 1944 3569 qui

359 3597 561 3645 natura
594 3589 739 3644 Deus
767 3594 853 3645 est
878 3604 895 3642 :
916 3587 1176 3643 omnibus
1199 3597 1382 3644 autem
1410 3589 1654 3646 debitum
1679 3590 1945 3655 honorem

359 3680 564 3737 habere
593 3687 810 3750 oportet
844 3687 1068 3750 propter
1098 3678 1393 3736 Dominum
1413 3681 1485 3735 3‘.

430 3772 523 3827 4|.
581 3771 946 3828 Considerate
1001 3781 1277 3842 quantum
1348 3773 1612 3840 roboris,
1663 3789 1942 3847 quamque
2004 3788 2011 3799 '

358 3861 548 3919 divina
581 3860 664 3918 vis
714 3860 912 3932 agendi
961 3860 1072 3918 illis
1119 3862 1370 3930 accedat,
1412 3863 1507 3934 qui
1555 3878 1681 3918 cum
1731 3863 1837 3919 ﬁde
1886 3871 1943 3918 et

360 3963 496 4020 pura
562 3951 909 4006 conscientia
981 3962 1304 4007 sanctorum
1376 3953 1645 4024 imagines
1709 3954 1938 4009 adeunt.

359 4039 750 4108 Quamobrem,
811 4039 1046 4107 fratres,
1094 4041 1150 4095 in
1195 4050 1353 4111 petra
1398 4039 1525 4098 ﬁdei
1578 4051 1633 4099 et
1679 4034 1942 4100 Ecclesiae
2008 4044 2013 4053 ’

357 4127 758 4187 traditionibus
800 4128 1144 4192 insistamus,
1192 4145 1295 4185 nec
1334 4132 1608 4189 terminos
1640 4132 1941 4189 transfera-

358 4237 516 4288 mus,
551 4235 693 4291 quos
730 4221 908 4276 sancti
951 4219 1142 4275 Patres
1188 4223 1581 4290 posuerunt”.
1633 4223 1779 4280 Neve
1827 4225 1941 4283 illis

358 4314 541 4371 locum
573 4313 792 4377 demus,
824 4312 919 4383 qui
960 4326 1228 4366 novarum
1275 4327 1465 4368 rerum
1496 4315 1704 4386 cupidi,
1736 4326 1940 4374 sanctae

356 4405 645 4462 catholicae
690 4415 746 4462 ct
799 4403 1123 4475 apostolica:
1172 4403 1266 4458 Dei
1325 4403 1587 4463 Ecclesiae
1643 4409 1937 4467 aediﬁcium

2047 3323 2155 3394 μῆς
2182 3325 2330 3377 ἐστιν
2366 3325 2401 3396 ἡ
2433 3326 2811 3398 προσκύνησις
2838 3328 3132 3401 σύμϐολον,
3166 3331 3536 3398 ὁποπτώσεὼς
3561 3351 3627 3391 τε

2044 3415 2139 3469 καὶ
2191 3415 2575 3482 ταπεινώσεως
2596 3435 2610 3451 ’
2650 3418 2770 3476 ἀλλ’
2808 3410 2984 3477 οὐδενὶ
3042 3422 3126 3476 δεῖ
3168 3424 3506 3494 προσκυνεῖν
3544 3428 3627 3490 ὡς

2043 3508 2184 3580 Θεῷ,
2221 3511 2272 3563 εἰ
2319 3509 2394 3582 μὴ
2427 3511 2575 3582 μόνῳ
2603 3510 2682 3582 τῷ
2725 3513 2891 3582 φύσει
2938 3512 3082 3586 Θεῷ,
3120 3516 3256 3571 πᾶσι
3295 3516 3355 3571 δὲ
3400 3515 3627 3592 ὀφειλὴν

2043 3602 2340 3675 ἀπονέμειν
2376 3603 2467 3660 διὰ
2494 3605 2589 3662 τὸν
2615 3607 2844 3678 Κύριον.

2116 3780 2228 3852 μα’.
2271 3780 2468 3853 Ὀρᾶτε
2501 3783 2642 3853 πόση
2689 3784 2845 3856 ἰσχὺς
2889 3787 2986 3840 καὶ¹
3021 3786 3150 3843 ποια
3195 3787 3320 3844 θεία
3370 3790 3625 3861 ἐνέργεια

2043 3876 2159 3938 τοῖς
2218 3872 2401 3929 πίστει
2445 3875 2542 3929 καὶ
2590 3875 2821 3950 καθαρῷ
2868 3880 3132 3934 συνειδότι
3170 3883 3458 3954 προσιοῦσι
3500 3889 3625 3950 ταῖς

2041 3964 2151 4019 τῶν
2182 3965 2355 4035 ἁγίων
2389 3967 2585 4031 εἰκόσι,
2613 3967 2840 4024 δίδοται.
2870 3971 2985 4037 Διὸ,
3026 3972 3266 4044 ἀδελφοὶ,
3300 3975 3519 4047 στῶμεν
3560 3978 3622 4030 έν

2040 4058 2108 4127 τῇ
2150 4056 2329 4129 πέτρᾳ
2359 4058 2459 4129 τῆς
2488 4059 2752 4129 πίστεως,
2783 4062 2878 4117 καὶ
2926 4065 2992 4135 τῇ
3026 4065 3318 4136 παραδόσει
3338 4068 3439 4137 τῆς
3488 4068 3617 4124 Ἐκ-

2042 4149 2292 4220 κλησεας,
2339 4151 2414 4223 μὴ
2465 4152 2821 4224 μεταίροντες
2866 4155 3012 4226 ὅρια,
3064 4156 3103 4211 ἀ
3132 4156 3308 4211 ἔθεντο
3355 4158 3404 4211 οἱ
3462 4158 3615 4227 ἅγιοι

2041 4240 2286 4312 Πατέρες
2325 4242 2515 4313 ἡμῶν·
2555 4244 2631 4315 μὴ
2665 4245 2901 4310 διδόντες
2936 4246 3101 4301 τόπον
3133 4250 3243 4311 τοῖς
3272 4247 3616 4320 βουλομένοις

2042 4333 2527 4414 καινοτομείνηκαλ⁸
2553 4336 2849 4392 καταλύειν
2877 4339 2978 4410 τὴν
3009 4340 3303 4412 οἰκοδομὴν
3329 4342 3618 4414 τῆς-ἀγῐας

2038 4422 2141 4476 τοῦ
2194 4423 2330 4478 Θεοῦ
2375 4411 2672 4499 καθολικῆς
2712 4429 2806 4483 καὶ
2849 4411 3215 4504 ἀποστολικῆς
3260 4411 3617 4505 ῨἘκκλησίας.

356 4501 519 4574 362
548 4501 799 4557 demoliri
845 4500 1128 4558 nituntur.
1160 4499 1295 4556 Nam
1324 4502 1370 4558 si
1403 4503 1678 4574 ejusmodi
1712 4505 1936 4561 licentia

2049 4514 2110 4568 Ei.
2138 4513 2248 4597 γὰρ
2291 4515 2420 4589 δοθῇ
2451 4517 2605 4572 ἄδεια
2642 4520 2809 4574 παντὶ
2856 4499 3185 4593 βουλομένῳ,
3239 4522 3387 4578 κατὰ
3424 4499 3619 4597 μικρδν

355 4592 560 4648 volenti
579 4593 803 4649 cuilibet
825 4591 1004 4657 detur,
1019 4599 1195 4649 totum
1214 4592 1471 4651 Ecclesia:
1486 4609 1686 4667 corpus
1732 4598 1938 4653 sensim

2046 4574 2167 4663 ὅλον
2217 4574 2281 4663 τὸ
2315 4574 2478 4679 σῶμα
2513 4611 2614 4680 τῆς
2649 4574 2978 4685 Ἐκκλησίας

356 4682 693 4739 destruetur.
721 4683 1100 4755 Nequaquam,
1127 4682 1351 4753 fratres,
1375 4701 1723 4759 nequaquam
1749 4688 1938 4745 dilecti

358 4774 621 4831 Ecclesiae
649 4777 743 4830 ﬁlii
779 4796 795 4835 :
827 4776 1025 4832 matris
1064 4787 1264 4833 vestrae
1302 4779 1497 4849 pudori
1546 4781 1776 4851 parcite.
1829 4781 1934 4837 Oro

358 4875 492 4923 natu
539 4868 690 4922 illam
736 4882 838 4923 suo
875 4883 939 4922 ne
980 4870 1255 4939 spolictis.
1290 4868 1440 4926 Hanc
1494 4873 1781 4944 suscipite,
1815 4888 1936 4943 quae

358 4975 455 5031 per
477 4974 564 5014 me
596 4973 695 5014 vos
727 4958 1049 5030 alloquitur.
1100 4960 1306 5017 Discite
1358 4964 1492 5034 quid
1525 4965 1594 5020 de
1631 4965 1751 5037 ipsa
1792 4965 1935 5026 Deus

359 5050 544 5106 dicat:
581 5070 600 5103 ι
627 5048 765 5107 Tota
803 5052 1033 5123 pulchra
1069 5069 1149 5119 es,
1196 5057 1375 5111 amica
1420 5071 1561 5121 mea,
1618 5064 1674 5113 et
1713 5059 1933 5114 macula

438 5185 638 5241 “Gen.
667 5201 855 5250 xnvm,
884 5188 987 5256 15;
1025 5187 1190 5247 llcbr.
1233 5208 1307 5255 in,
1344 5192 1436 5247 21.

356 5257 533 5324 v.21.
618 5259 665 5290 ¹⁶
692 5257 849 5312 Itoni.
883 5274 999 5324 stu,
1024 5260 1111 5313 17.

366 5323 447 5381 ιιι
470 5326 620 5396 Petr,
648 5343 708 5394 ιι,
744 5328 812 5383 l5
835 5323 993 5401 seqq.
1084 5330 1130 5361 ”
1160 5330 1321 5386 Prov.
1351 5347 1485 5397 xxii,
1516 5331 1606 5386 ‘28.

1560 5193 1609 5225 ³³
1650 5191 1823 5268 Exod.
1880 5212 2010 5268 xxv,
2049 5200 2149 5266 40;
2192 5197 2501 5268 llebnvm,
2566 5202 2622 5257 5.

1213 5264 1257 5295 ²τ
1295 5260 1431 5316 Gen.
1463 5278 1652 5336 xx‘xin,
1683 5264 1772 5317 47.
1810 5292 1826 5300 ~
1883 5267 1928 5297 ³⁸
1961 5267 2100 5325 Gen.
2136 5260 2310 5336 ἰωιι,
2352 5270 2404 5325 Ἰ.

2043 4698 2285 4769 ἀδελφοὶ,
2323 4701 2422 4773 μὴ,
2459 4702 2624 4756 τέκνα
2658 4703 2981 4775 φιλόχριστα
3013 4705 3116 4775 τῆς
3153 4703 3504 4776 Ἐκκλησιας,
3538 4705 3615 4774 μὴ

2040 4793 2443 4863 καταισχύνητέ
2477 4792 2576 4865 τὴν
2605 4795 2821 4867 μητέρα
2848 4796 3003 4867 ὑμῶν
3021 4812 3053 4831 ιε
3075 4798 3151 4869 μὴ
3183 4797 3450 4871 καθέλητε
3475 4799 3495 4836 ³
3521 4799 3613 4851 τὸν

2040 4883 2244 4954 κόσμον
2271 4886 2462 4955 αὐτῆς.
2502 4887 2737 4954 Δέξασθε
2775 4889 2948 4962 αὐτὴν
2979 4888 3050 4944 δι’
3091 4890 3229 4960 ἐμοῦ
3273 4891 3608 4963 πρεσϐεύου-

2042 4991 2161 5030 σαν.
2197 4973 2410 5030 Μάθετε
2451 4978 2504 5032 τί
2540 4994 2676 5049 φησι
2714 4979 2844 5049 περὶ
2880 4980 3052 5051 αὐτῆς
3079 4982 3109 5035 ό
3146 4981 3317 5047 Θεόςι
3349 5003 3370 5037 ι
3395 4982 3531 5052 Ὄλη
3562 4974 3614 5034 εἳ

2040 5064 2204 5136 καλὴ,
2236 5067 2269 5136 ἡ
2302 5066 2529 5137 πλησίον
2555 5085 2680 5138 μου,
2707 5067 2800 5122 καὶ
2826 5069 2930 5123 οὐκ
2952 5068 3101 5125 ἔστιν
3121 5071 3182 5126 ὲν
3210 5071 3296 5125 σοὶ
3337 5069 3547 5142 μῶμος.
3584 5086 3604 5120 ι

2732 5202 2780 5235 ’⁸
2813 5201 2857 5258 ll
2882 5201 3031 5275 Petr.
3065 5202 3129 5266 ii,
3159 5204 3234 5275 ιε
3328 5206 3375 5237 ’⁵
3409 5203 3610 5275 Ephcs.

2505 5272 2550 5305 ³⁸
2584 5270 2715 5329 Vide
2768 5284 2907 5330 orat.
2945 5274 3000 5328 1.
3113 5275 3160 5308 ³⁸
3198 5272 3334 5330 Gen.
3368 5270 3522 5342 util,
3557 5275 3611 5330 7.

1676 5452 1897 5510 ιἈιιιΑε
1939 5458 2337 5515 LECTIONES.

428 5540 450 5576 ί
489 5540 628 5597 Edil.
671 5542 952 5598 καθέλετε.

1861 5635 2095 5694 ΝΟΤίΕ.

450 5719 557 5792 24⁸)
578 5721 791 5792 ζῐίοεζὶιιε.
826 5737 968 5792 unus
1000 5719 1260 5792 σταυροῦ,
1285 5736 1387 5776 nec
1421 5723 1580 5776 male.

2041 5738 2090 5809 ει
2127 5731 2541 5809 absolutissima.
2586 5732 2658 5809 At
2697 5732 2935 5809 Philoni,
2982 5735 3224 5809 Josepho
3279 5746 3334 5789 et
3406 5736 3630 5809 salictis~

450 5734 791 5792 24').Itcgius
826 5737 968 5775 unus
1000 5737 1260 5792 σταυρου,
1285 5736 1387 5776 nec
1421 5734 1580 5776 male.
2041 5738 2090 5781 et
2127 5734 2541 5788 absolutissima.
2586 5734 2653 5786 At
2697 5734 2935 5802 Philoni,
2982 5735 3224 5806 Josepho
3279 5746 3334 5789 et
3406 5776 3407 5787 χ

422 5734 538 5859 i225)
566 5790 752 5846 Graece
1522 5793 1724 5879 vert'it':
1762 5794 1922 5878 Omni
2035 5797 2289 5859 Patrihus
2316 5801 2755 5861 Taberuaculum
2790 5806 3031 5864 universi
3061 5807 3247 5879 illqu
3268 5812 3407 5862 erat.

359 5874 538 5931 genere
557 5859 979 5916 ornamentorum
1002 5859 1280 5930 perpolita.
1313 5859 1481 5919 linus
1508 5882 1519 5918 :
1544 5862 1917 5920 Pulcherrima
