4074 6146
464 311 600 380 135'!

1557 316 1654 376 DE
1694 309 2151 373 IMAGINIBUS
2189 306 2473 370 ORATIO
2511 260 2624 367 IlI.

3588 313 3725 381 1358

464 432 939 504 Ιῐροσκυνήσωμεν
981 434 1071 486 καὶ
1099 429 1500 502 λατρεύσωμεν
1533 430 1680 499 μόνῳ
1709 427 1787 498 τῷ
1824 424 2035 495 κτίστῃ

2152 439 2246 480 ton
2271 434 2356 480 cst
2383 424 2440 479 in
2472 430 2524 478 te
2553 420 2619 476 ³⁸.
2659 439 2676 474 ι
2708 419 2895 478 Solum
2918 432 3221 480 creatorem
3253 432 3309 481 et
3348 440 3533 480 rerum
3560 426 3724 497 Opili-

464 526 558 578 καὶ
585 521 935 594 Δημιουργῷ,
965 523 1039 586 ὡς
1066 520 1228 592 φύσει
1268 517 1636 592 προσκυνητῴ
1672 516 1813 587 Θεῷ.
1860 516 2037 586 Προσ-

464 615 788 685 κυνήσωμεν
819 615 914 668 καὶ
944 617 1010 686 τῇ
1044 614 1177 685 ἁγία
1211 613 1487 683 Θεοτόκῳ,
1511 612 1613 681 οὐχ
1641 611 1716 674 ὡς
1759 606 1900 678 Θεῷ,
1916 605 2038 661 ἁλλ’

464 707 539 771 ὡς
564 690 758 778 Μητρὶ
777 707 913 760 Θεοῦ
939 706 1080 761 κατὰ
1101 706 1281 778 σάρκα
1300 721 1312 734 ·
1341 704 1421 758 ἔτι
1452 702 1923 777 προσκυνήσωμεν
1950 700 2042 753 καὶ

463 800 579 862 τοῖς
604 797 802 867 ἁγίοις,
833 797 909 860 ὡς
930 796 1209 859 ἐκλεκτοῖς
1232 794 1407 866 φίλοις
1454 791 1613 861 Θεοῦ,
1646 791 1744 846 καὶ
1772 790 1872 861 τὴν
1906 789 2043 860 πρὸς

466 888 631 943 αὑτὸν
672 886 1032 957 κεκτημένοις
1070 884 1408 958 παρρησίαν.
1457 884 1521 938 Εἰ
1567 881 1677 953 γὰρ
1735 877 2041 951 βασιλεῦσι,

468 979 731 1049 φθαρτοῖς
755 976 1037 1044 πολλάκις,
1057 975 1153 1031 καὶ
1175 973 1420 1039 ἀσεϐέσι,
1441 972 1536 1027 καὶ
1564 970 1931 1043 ἁμαρτωλοῖς,
1950 968 2046 1023 καὶ

473 1072 589 1134 τοῖς
634 1070 729 1124 ὑπ’
757 1068 936 1123 αὐτῶν
968 1066 1469 1141 χειροτονουμένοις
1513 1066 1766 1136 ἄρχουσι,
1791 1063 1887 1118 καὶ
1931 1063 2045 1125 τοῖς

468 1164 674 1216 τούτων
704 1160 998 1231 λαϐρὰτοις
1021 1170 1051 1200 ιι
1070 1157 1475 1230 προσκυνοῦσιν
1506 1157 1555 1209 oi
1580 1153 1878 1225 ἄνθρωποι,
1904 1150 2045 1205 κατά

468 1254 529 1307 τὸ
555 1254 698 1307 θεῖον
725 1252 821 1306 τοῦ
857 1251 1183 1305 Ἀποστόλου
1209 1249 1422 1316 λόγιον’
1453 1266 1472 1300 ι
1513 1247 1733 1318 Ἀρχαῖς
1766 1244 1860 1299 καὶ
1893 1243 2046 1309 ἐξου-

473 1344 613 1408 σίαις
643 1343 1010 1398 ὑποτάσσεσθε
1034 1359 1047 1373 ι
1080 1361 1100 1395 ι
1136 1341 1247 1394 καί*
1280 1359 1299 1393 ι
1335 1339 1586 1393 ’Δπόδοτε
1617 1326 1751 1391 πᾶσι
1770 1336 1868 1399 τᾶς
1895 1336 2046 1404 ὀφει-

471 1437 589 1503 λὰς,
621 1434 701 1506 τῷ
735 1435 834 1506 τὴν
884 1432 1077 1506 τιμὴν,
1114 1431 1215 1504 τὴν
1249 1431 1419 1503 τιμήν
1441 1445 1455 1460 ⁸
1496 1428 1573 1500 τῷ
1604 1428 1695 1483 τὸν
1731 1426 1915 1497 φόϐον,
1956 1426 2046 1478 τὸν

408 1525 417 1530 ’
472 1527 663 1599 φόϐον·
700 1545 719 1579 ι
756 1514 868 1580 καῖ’
910 1544 931 1578 ι
967 1523 1220 1606 ’ᾼπόδοτε
1260 1522 1329 1575 τά
1354 1518 1634 1592 Καίσαρος
1679 1515 1945 1588 Καίσαρι,
1972 1513 2048 1577 ὥς

471 1635 637 1691 φησιν
664 1617 694 1671 ὀ
734 1617 960 1689 Κύριος,
997 1614 1096 1669 καὶ
1120 1613 1187 1668 τά
1230 1611 1325 1667 τοῦ
1359 1610 1496 1665 Θεοῦ
1541 1610 1621 1680 τῷ
1658 1607 1807 1677 Θεῷ’
1843 1625 1863 1659 ι
1897 1607 2049 1676 πόσῳ

476 1710 675 1782 μᾶλλον
717 1709 887 1780 ἐχρῆν
930 1706 1259 1779 προσκυνεῖν
1304 1703 1382 1775 τῷ
1414 1701 1637 1756 Βασιλεῖ
1660 1700 1770 1756 τῶν
1800 1700 2049 1772 βασιλευ-

472 1802 663 1866 όντων,
698 1799 774 1863 ὼς
816 1797 963 1870 μόνῳ
1001 1796 1166 1868 φύσει
1198 1791 1553 1860 δεσπόζοντι,
1593 1791 1689 1845 καὶ
1722 1792 1833 1853 τοῖς
1883 1786 2050 1842 αὐτοῦ

472 1892 678 1956 δούλοις
706 1891 802 1946 καὶ
831 1890 1030 1960 φίλοις,
1060 1890 1174 1952 τοῖς
1198 1884 1555 1957 βασιλεύσασι
1573 1882 1684 1938 τῶν
1712 1880 1922 1944 παθῶν,
1954 1880 2051 1933 καλ⁸

474 1983 898 2039 κατασταθεῖσιν
922 1980 1157 2051 ἄρχουσι
1192 1976 1376 2046 πάσης
1415 1975 1515 2045 τῆς
1546 1972 1690 2042 ﬂe;
1720 1989 1739 2023 ι
1761 1971 2053 2042 Καταστή-

474 2097 588 2145 σεις
617 2078 729 2148 γὰρ
752 2077 977 2141 αὐτοὺς,
1002 2074 1170 2145 φησὶν
1189 2074 1219 2128 ὁ
1244 2070 1428 2135 Δαϐὶδ,
1455 2069 1724 2141 ἄρχοντας
1752 2064 1845 2119 ἐπὶ
1869 2066 2051 2120 πᾶσαν

472 2172 570 2243 τὴν
595 2171 699 2241 γῆν
725 2212 740 2236 ,
780 2187 799 2222 ι
832 2168 973 2223 κατὰ
1022 2154 1291 2236 δαιμόνων
1323 2161 1421 2218 καὶ
1459 2162 1633 2216 νόσων
1677 2157 1924 2226 ἐξουσίαν
1956 2157 2052 2212 λα-

474 2261 653 2329 ϐοῦσι,
669 2259 765 2317 καὶ
782 2275 848 2312 συ
857 2257 1221 2329 μϐασιλεύσου
1230 2271 1282 2308 σι
1302 2251 1524 2324 Χριστῷ
1545 2248 1818 2322 βασιλείαν
1837 2248 2049 2318 ἀφθαρ-

472 2371 567 2408 τον
610 2354 705 2408 καὶ
731 2350 1099 2416 ἀκατάλυτον,
1131 2341 1207 2402 ὧν
1242 2347 1277 2418 ἡ
1325 2343 1453 2399 σκιὰ
1493 2343 1628 2414 μόνη
1663 2340 1941 2411 ἀπήλαυνε
1967 2338 2053 2393 νό-

477 2461 607 2508 σους
640 2442 738 2498 κα)⁵
769 2441 1053 2513 δαίμονας.
1087 2437 1175 2510 Μὴ
1203 2432 1296 2491 οὖν
1336 2435 1494 2496 σκιᾶς
1524 2430 1919 2501 ἀσθενεστέραν
1956 2428 2052 2483 καὶ

478 2534 810 2607 ἀτιμοτέραν
833 2530 1185 2602 λογισώμεθα
1206 2529 1306 2600 τὴν
1337 2526 1523 2580 εἰκόνα
1541 2540 1557 2557 ⁸
1590 2522 1918 2594 σκιογραφεῖ
1944 2519 2054 2589 γὰρ

477 2627 694 2699 ἀληθῶς
718 2625 781 2679 τδ
807 2623 1190 2694 πρωτότυπον.
1230 2618 1500 2690 Ἀδελφοί,
1528 2617 1557 2670 ό
1582 2613 1928 2686 Χριστιανὸς,
1960 2612 2052 2665 πί-

481 2736 597 2780 στις
634 2717 817 2771 ἐστίν’
853 2718 881 2769 ὁ
914 2711 1009 2769 οὖν
1060 2713 1245 2767 πίστει
1283 2708 1748 2782 προσερχόμενος,
1800 2703 2053 2775 κερδανεῖ

480 2807 653 2863 πολλά
670 2823 686 2839 ο
722 2807 751 2860 δ
778 2805 837 2859 δὲ
866 2804 1296 2877 διακρινόμενος,
1318 2800 1465 2855 ἔοικε
1491 2797 1724 2852 κλύδωνι
1754 2794 2048 2864 θαλάσσης,

480 2895 857 2970 ἀνεμιζομένῳ
893 2894 990 2948 καὶ
1014 2892 1368 2964 ῥιπιζομένῳ,
1398 2889 1457 2954 ὃς
1490 2890 1552 2942 οὐ
1591 2889 1667 2959 μὴ
1695 2885 1931 2957 λήψεται
1960 2883 2054 2937 οὐ·

478 2986 594 3042 δέν.
626 2983 836 3047 Πάντες
854 2980 968 3052 γὰρ
1011 2980 1063 3033 οί
1099 2978 1246 3047 ἁγιοι
1273 2976 1362 3031 διὰ
1399 2976 1636 3038 πίστεως
1680 2973 2051 3044 εὐηρέστησαν

481 3075 561 3147 τῷ
587 3072 727 3147 Θεῷ.
759 3069 1055 3141 Δεξώμεθα
1092 3064 1186 3124 οὖν
1211 3067 1312 3138 τὴν
1351 3064 1650 3135 παράδοσιν
1677 3063 1778 3134 τῆς
1823 3061 2052 3131 Ἐκκλη-

484 3168 606 3231 σίας
631 3168 691 3221 ἐν
725 3164 984 3235 εὐθύτητι
1023 3160 1284 3235 καρδίας,
1318 3159 1413 3213 καὶ
1453 3159 1529 3230 μὴ
1561 3158 1619 3210 ἐν
1654 3155 1869 3218 πολλοῖς
1904 3154 2052 3223 λογι-

483 3260 663 3329 σμοῖς.
700 3256 760 3311 '0
809 3254 944 3319 Θεὸς
993 3253 1104 3323 γάρ
1145 3250 1371 3323 εποίησε
1415 3248 1508 3303 τὸν
1554 3245 1843 3318 ἄνθρωπον
1896 3244 2053 3317 εύθῆ,

482 3346 638 3401 αὐτοὶ
668 3345 725 3399 δὲ
769 3344 1048 3417 ἐζήτησαν
1082 3340 1380 3411 λογισμοὺς
1413 3337 1667 3401 πολλούς.
1698 3336 1793 3408 Μὴ
1827 3335 2056 3392 καταδε-

485 3436 707 3509 ξώμεθα
735 3437 863 3491 νέαν
885 3435 1068 3490 πίστιν
1099 3434 1313 3505 μαθεῖν,
1347 3430 1424 3496 ὡς
1459 3429 1919 3501 κατεγνωσμένης
1959 3428 2058 3498 τῆς

485 3528 593 3582 τῶν
631 3528 801 3595 ἁγίων
853 3526 1120 3597 Πατέρων
1171 3521 1547 3594 παραδόσεως.
1577 3520 1720 3591 Φησὶ
1760 3518 1870 3591 γὰρ
1916 3519 2059 3583 θεῖος

498 3618 856 3682 Ἀπόστολος·
907 3636 926 3670 ι
963 3618 1032 3672 Et
1070 3633 1154 3681 τις
1202 3616 1347 3686 ὑμᾶς
1395 3610 1804 3681 εὐαγγελίζεται
1851 3610 1981 3680 παρ’
2028 3609 2061 3663 ὃ

487 3708 851 3782 παρελάϐετε,
875 3709 1125 3780 ἀνάθεμα
1146 3707 1306 3762 ἔστω.
1336 3725 1354 3759 ι
1381 3702 1800 3778 Προσκυνοῦμεν
1824 3696 1919 3756 οὖν
1938 3703 2058 3765 ταῖς

486 3800 709 3867 εἰκόσιν,
748 3800 809 3853 ού
839 3801 909 3871 τῇ
950 3797 1049 3870 ὕλῃ
1093 3796 1497 3869 προσφέροντες
1527 3793 1626 3866 τὴν
1657 3791 2059 3864 προσκύνησιν,

486 3890 622 3945 ἁλλά
646 3891 712 3944 δι’
742 3889 922 3946 αὐτῶν
954 3891 1065 3954 τοῖς
1117 3890 1176 3942 ὲν
1227 3888 1411 3951 αὐτοῖς
1444 3883 1886 3955 εἰκονιζομένοις.
1928 3899 1947 3934 ι
1993 3881 2059 3934 Ἦ

485 3984 595 4057 γὰρ
619 3983 718 4055 τῆς
746 3983 954 4047 εἰκόνος
976 3981 1114 4056 τιμὴ
1133 3980 1228 4035 ἐπὶ
1253 3979 1317 4034 τὸ
1339 3978 1693 4050 πρωτότυπον
1721 3975 2009 4042 διαϐαίνει,
2032 3991 2053 4027 ι

488 4076 669 4140 καθώς
699 4094 864 4147 φησιν
891 4077 920 4130 ὁ
951 4076 1093 4137 θεῖος
1117 4072 1421 4135 Βασίλειος.

488 4167 562 4221 sit
583 4168 653 4222 ".
682 4184 701 4219 ι
737 4165 833 4223 Sic
864 4169 1052 4236 itaque
1081 4163 1349 4234 imagines
1374 4161 1691 4223 adoremus,
1751 4166 1811 4212 ut
1842 4171 1955 4213 non
2016 4157 2291 4222 materia,
2340 4158 2436 4215 sed
2483 4158 2593 4216 illis
2638 4176 2780 4232 quos
2853 4171 3278 4233 repncsentant,

2138 530 2256 571 cem
2299 515 2471 571 Deum
2503 513 2817 581 adoremus,
2862 516 2952 572 cui
2990 516 3169 570 latria
3220 516 3425 571 cultum
3465 516 3724 572 exhibea-

2141 621 2305 673 mus,
2362 617 2624 677 tanquam
2680 606 2791 662 Deo
2841 623 2942 678 pro
3000 622 3101 664 sua
3159 616 3353 662 natura
3422 607 3723 665 adorando.

2144 697 2405 752 Sanctam
2458 689 2681 769 quoque
2731 698 2823 755 Dei
2871 700 3209 755 Genitriccm
3258 700 3574 765 adoremus,
3612 717 3723 755 non

2145 796 2407 858 tanquam
2435 788 2629 855 Deum,
2670 790 2767 846 sed
2806 797 3069 862 tanquam
3106 789 3200 847 Dei
3240 801 3470 847 matrem
3521 807 3723 848 secun-

2143 880 2273 935 dum
2304 893 2525 935 carnem
2562 900 2575 936 :
2610 881 2679 936 ad
2707 881 2822 935 hac
2847 896 3043 937 omnes
3070 892 3317 947 sanctos,
3374 897 3473 938 ceu
3522 883 3736 939 electos

2146 971 2240 1028 Dei
2269 979 2327 1029 et
2344 973 2573 1039 amicos,
2596 973 2797 1044 quibus
2823 972 3004 1030 facilis
3027 977 3093 1028 ad
3127 976 3307 1045 ipsum
3339 983 3490 1046 patet
3523 976 3727 1041 aditus,

2146 1063 2463 1120 adoremus.
2489 1061 2625 1118 Nam
2658 1064 2704 1119 si
2731 1079 2889 1136 reges
2903 1066 3010 1136 -qui
3045 1066 3291 1121 interitui
3324 1067 3547 1124 obnoxii
3576 1074 3727 1128 sunt.

2146 1154 2398 1226 quinimo
2446 1156 2770 1226 plerumque
2810 1156 2962 1227 impii
2998 1164 3052 1210 et
3112 1169 3468 1228 peccatores,
3510 1173 3730 1215 necnon
3788 1172 3793 1175 '

2150 1245 2443 1316 praefectos
2483 1261 2514 1300 a
2564 1248 2792 1317 regibus
2815 1247 3169 1315 constitutos,
3196 1256 3251 1303 ct
3289 1250 3553 1322 imagines
3582 1251 3733 1322 ipso-

2156 1352 2303 1403 rum,
2333 1337 2586 1394 homines
2633 1339 2888 1405 adorant,
2938 1339 3240 1395 secundum
3286 1341 3434 1397 istud
3484 1344 3731 1413 Apostoli

2148 1428 2433 1482 oraculum
2475 1444 2489 1483 :
2530 1448 2548 1479 ι
2587 1427 2944 1499 Principibus
3001 1441 3057 1486 et
3107 1431 3480 1502 potestatibus
3525 1433 3731 1488 subditi

2147 1527 2328 1576 estote
2366 1520 2444 1583 ἰς
2483 1540 2501 1574 ι
2555 1528 2610 1576 et
2649 1541 2663 1576 :
2705 1540 2723 1574 ι
2766 1521 2998 1578 Reddite
3043 1523 3304 1581 omnibus
3349 1524 3537 1582 debita
3581 1544 3594 1580 :
3641 1526 3735 1581 cui
3816 1552 3817 1555 η

2151 1613 2441 1678 honorem,
2496 1614 2926 1680 honorem;eui
2976 1611 3254 1682 timorem,
3299 1617 3555 1673 timorem
3583 1619 3662 1686 '5;
3707 1638 3728 1671 ι

2152 1705 2619 1776 quemadmodum
2650 1707 2819 1762 etiam
2855 1706 3124 1764 Dominus
3146 1709 3224 1762 ait
3251 1726 3264 1763 :
3304 1728 3322 1760 ι
3354 1707 3584 1766 Reddite
3612 1727 3735 1780 quae

2087 1773 2127 1828 Β
2154 1773 2284 1853 sunt
2319 1795 2577 1862 Casaris,
2602 1796 2844 1865 Caesari;
2884 1806 3084 1869 etquae
3120 1807 3252 1855 sunt
3284 1799 3401 1863 Dei,
3436 1798 3546 1855 Deo
3576 1773 3664 1855 ³⁰’;
3708 1820 3725 1852 ι

2153 1894 2360 1959 quanto
2392 1887 2568 1959 magis
2595 1894 2816 1958 oportet
2845 1885 3046 1959 Regem
3084 1904 3299 1958 regum,
3327 1890 3418 1960 qui
3456 1890 3608 1947 solus
3639 1907 3736 1961 per

2153 1991 2404 2035 naturam
2439 1994 2595 2036 suam
2634 1978 2899 2035 Dominus
2925 1989 3031 2045 est,
3068 1980 3322 2046 adorare,
3369 1979 3604 2052 ejusque
3648 1981 3733 2036 fa-

2152 2072 2336 2125 mulos
2359 2079 2414 2125 et
2435 2071 2665 2132 amicos,
2691 2071 2784 2141 qui
2807 2070 3205 2141 cupiditatibus
3227 2073 3345 2129 suis
3370 2073 3732 2144 imperarunt,

2156 2158 2509 2228 universique
2528 2158 2682 2214 orbis
2710 2158 2991 2230 principes
3020 2160 3310 2216 constituti
3342 2170 3500 2228 sunt,
3518 2163 3737 2219 dicente

2155 2246 2322 2302 David
2352 2267 2366 2302 :
2413 2266 2434 2300 ι
2471 2247 2793 2306 Constitues
2825 2265 2922 2307 eos
2980 2251 3263 2323 principes
3313 2268 3481 2324 super
3514 2269 3732 2310 omnem

2153 2347 2353 2393 terram
2390 2339 2472 2408 ";
2519 2358 2540 2393 ι
2600 2343 2693 2412 qui
2751 2350 2948 2397 contra
2994 2342 3275 2400 damones
3325 2352 3380 2401 et
3439 2343 3736 2417 languores

2151 2439 2486 2501 potestatem
2522 2434 2926 2503 acceperunt“
2952 2453 2964 2490 :
2991 2435 3085 2506 qui
3123 2436 3432 2508 regnoillo,
3451 2438 3599 2508 quod
3625 2454 3736 2494 non

2153 2532 2569 2594 corrumpetur,
2615 2540 2717 2580 nec
2763 2526 3149 2598 dissipabitur,
3196 2543 3304 2584 una
3341 2544 3466 2586 cum
3513 2528 3736 2587 Christo

2153 2612 2382 2683 potituri
2410 2622 2541 2670 sunt
2570 2633 2583 2669 :
2618 2630 2855 2686 quorum
2889 2617 3080 2673 umbra
3114 2619 3229 2675 sola
3263 2620 3490 2676 morbos
3527 2626 3583 2677 et
3620 2621 3737 2675 da-

2153 2718 2345 2761 mones
2382 2705 2436 2761 in
2465 2707 2647 2778 fugam
2685 2709 2881 2780 agebat
2905 2710 2970 2766 ³⁹.
3008 2709 3369 2785 Nequaquam
3411 2711 3576 2785 igitur
3610 2714 3740 2769 ima-

2154 2797 2335 2865 ginem
2364 2800 2555 2855 umbra
2570 2800 2895 2858 debiliorem
2918 2803 3341 2874 abjectioremve
3357 2806 3695 2863 astimemus
3719 2846 3736 2873 ,

2155 2887 2360 2957 quippe
2391 2901 2517 2947 cum
2553 2892 2837 2961 exemplar
2871 2907 3034 2948 suum
3070 2908 3199 2951 vere
3232 2896 3549 2953 adnmbret.
3604 2895 3739 2951 Fra-

2155 2989 2290 3043 tres,
2317 2978 2672 3038 Christianus
2694 2996 2762 3038 ex
2802 2981 2910 3038 fide
2943 2994 3221 3042 censetur.
3255 2985 3605 3059 Quapropter
3641 2990 3736 3058 qui

2155 3086 2283 3127 cum
2327 3071 2433 3128 fide
2477 3074 2715 3141 accedit,
2769 3083 3041 3145 quaestum
3087 3079 3324 3134 multum
3383 3079 3597 3135 faciet:
3641 3079 3737 3149 qui

2156 3173 2336 3220 autem
2364 3163 2823 3233 liasitat,similis
2851 3177 2937 3225 est
2958 3169 3143 3225 [luctui
3173 3171 3360 3237 maris,
3389 3172 3483 3241 qui
3509 3186 3539 3224 a
3573 3180 3739 3227 vento

2154 3264 2403 3310 movetur
2436 3263 2494 3311 et
2511 3256 2978 3324 circumfertur“,
3005 3274 3107 3316 nec
3135 3248 3435 3330 quidquam
3464 3260 3557 3315 ille
3579 3275 3741 3330 pror-

2155 3360 2252 3401 sus
2277 3354 2358 3401 est
2384 3355 2767 3417 percepturus.
2801 3346 3006 3405 Omnes
3044 3350 3190 3404 enim
3216 3349 3395 3405 sancti
3449 3364 3543 3421 per
3576 3349 3737 3405 fidem

2157 3432 2269 3490 Deo
2303 3435 2648 3506 placuerunt.
2696 3436 3068 3504 Quamobrem
3099 3438 3270 3495 corde
3304 3446 3459 3495 recto
3493 3439 3740 3495 sincero-

2155 3538 2285 3594 quc,
2315 3532 2370 3580 et
2410 3525 2548 3580 citra
2591 3528 2755 3582 ullam
2798 3529 3201 3600 cogitationum
3255 3529 3737 3601 disceptationem,

2153 3612 2417 3669 Ecclesia
2448 3615 2804 3671 traditionem
2838 3620 3258 3688 amplectamur.
3286 3618 3431 3675 Deus
3464 3619 3739 3691 siquidem

2149 3702 2282 3760 fecit
2307 3704 2580 3761 hominem
2609 3716 2818 3763 rectum
2848 3708 2891 3741 “
2924 3726 2938 3764 :
2970 3708 3076 3781 ipsi
3106 3722 3237 3766 vero
3270 3709 3510 3766 rationes
3539 3712 3741 3767 multas

2155 3797 2597 3869 conquisierunt.
2640 3798 2847 3855 Novam
2899 3801 3061 3858 fidem
3096 3802 3421 3872 neutiquam
3472 3802 3736 3857 admitta-

2160 3902 2310 3955 mus,
2344 3904 2455 3960 qua
2483 3900 2805 3949 sanctorum
2858 3892 3084 3949 Patrum
3137 3894 3363 3950 traditio
3395 3894 3738 3965 reprobetur.

2156 3976 2251 4033 Ait
2272 3977 2418 4034 enim
2443 3978 2665 4037 divinus
2695 3968 3035 4052 Apostolus:
3069 4000 3089 4035 ι
3130 3981 3190 4037 Si
3223 3983 3349 4054 quis
3389 3982 3546 4039 vobis
3572 3997 3742 4038 evan-

2162 4069 2482 4140 gelizaverit
2545 4080 2743 4143 praeter
2783 4074 2838 4130 id
2883 4075 3029 4146 quod
3079 4075 3400 4146 accepistis,
3447 4072 3742 4130 anathema

3365 4161 3742 4216 adorationem

487 4257 805 4316 oﬂ'cramus.
827 4256 963 4315 Nam
993 4258 1211 4315 divinus
1243 4255 1479 4312 Basilius
1509 4255 1555 4287 ”
1574 4251 1745 4319 dicit,
1802 4271 1820 4303 ι
1861 4250 2088 4323 Imagini
2128 4251 2373 4309 habitum
2412 4254 2676 4312 honorem
2707 4256 2776 4312 ad
2810 4257 2987 4327 ipsum
3048 4257 3331 4327 exemplar
3386 4254 3741 4327 archetypum

487 4356 751 4414 transire.

560 4452 670 4525 μβὀ
706 4450 883 4520 Ὑμᾶς
920 4450 998 4515 δὲ,
1033 4450 1325 4521 ἱερώτατον
1354 4450 1450 4504 τοῦ
1483 4447 1723 4522 Χριστοῦ
1776 4447 2051 4518 ποίμνιον,

2229 4442 2319 4496 42.
2367 4440 2475 4497 Vos
2499 4450 2708 4507 autem,
2740 4457 2775 4497 ο
2807 4441 3184 4499 sacratissime
3214 4455 3348 4513 grex
3376 4441 3606 4511 Christi,
3641 4458 3741 4512 p0-

487 4546 516 4597 ὁ
541 4538 938 4614 Χριστώνυμος
972 4538 1125 4605 λαὸς,
1158 4539 1220 4592 τὺ
1261 4538 1415 4602 ἔθνος
1454 4537 1516 4592 τὸ
1559 4537 1739 4605 ἅγιον,
1791 4534 1853 4587 τὸ
1901 4531 2060 4602 σῶμα

488 4635 587 4704 τῆς
632 4629 975 4701 Ἐκκλησίας,
1009 4627 1287 4699 ἐμπλῆσαι
1335 4628 1567 4700 Χριστὸς
1614 4626 1716 4693 τῆς
1758 4623 1932 4695 χαρᾶς
1962 4623 2062 4693 τῆς

492 4720 657 4777 αὐτοῦ
696 4718 1069 4782 ἀναστάσεως,
1112 4718 1206 4771 καὶ
1246 4716 1583 4781 καταξιῶσαι
1609 4714 1910 4785 ἑπομένους
1949 4713 2062 4776 τοῖς

495 4813 665 4883 ἴχνεσι
711 4812 819 4866 τῶν
856 4809 1057 4878 ἁγίων,
1096 4808 1205 4862 τῶν
1243 4807 1522 4877 ποιμένων
1550 4823 1609 4860 τε
1657 4807 1751 4860 καὶ
1804 4803 2060 4859 διδασκά-

492 4902 599 4959 λων
638 4901 738 4974 τῆς
772 4898 1128 4971 Ἐκκλησίας,
1166 4896 1572 4968 προαγομένους
1609 4896 1794 4967 τυχεῖν
1838 4895 1935 4965 τῆς
1971 4894 2060 4947 δό-

574 5075 620 5109 ”
646 5075 805 5133 Cant.
842 5093 915 5141 tv,
937 5074 988 5133 7.
1072 5076 1118 5108 “
1167 5072 1277 5130 Tit.
1313 5088 1392 5137 ιιι,
1438 5071 1489 5126 1.
1571 5070 1617 5141 1“
1659 5068 1816 5141 Rom.
1855 5060 1972 5141 χιιι,
2022 5072 2075 5125 7.

493 5161 571 5217 ιι,
623 5147 674 5202 1.
760 5148 804 5182 ³³
831 5147 951 5202 Act.
990 5162 1039 5211 ν,
1073 5145 1157 5201 15.

2169 4532 2328 4602 pulus
2358 4531 2565 4588 Christi
2598 4534 2817 4590 nomine
2845 4533 3101 4604 insignis,
3135 4538 3514 4603 gensesancta,
3540 4546 3743 4603 corpus

2167 4623 2447 4690 Ecclesia,
2479 4623 2906 4680 resurrectionis
2935 4639 3051 4681 sua
3082 4623 3285 4696 gaudio
3324 4623 3441 4695 ipse
3485 4622 3742 4679 Christus

2169 4713 2416 4783 impleat,
2439 4713 2749 4784 dignosque
2781 4712 2966 4782 faciat,
3000 4715 3094 4786 qui
3134 4722 3455 4771 sanctorum
3483 4712 3745 4772 Ecclesia

2169 4812 2456 4876 pastorum
2509 4805 2914 4876 doctorumque
2953 4807 3180 4879 vestigia
3226 4807 3514 4879 prematis,
3564 4815 3621 4861 et
3671 4806 3740 4858 ad

2167 4898 2402 4970 gloriam
2432 4912 2593 4956 suam
2627 4898 2682 4953 in
2722 4896 3114 4970 splendoribus
3136 4906 3454 4956 sanctorum
3482 4911 3580 4955 vos
3613 4909 3743 4969 pro-

2186 5072 2438 5129 “Matth.
2470 5092 2605 5142 χχιι,
2645 5074 2735 5130 21.
2805 5074 2882 5106 ε²⁷
2926 5073 3074 5131 Psal.
3120 5092 3264 5142 μιν,
3326 5076 3407 5131 l9.
3526 5073 3571 5106 ³⁸
3603 5071 3737 5130 Luc.

1256 5144 1302 5176 ⁴⁰
1336 5142 1455 5198 Jac.
1491 5158 1528 5207 ι,
1568 5140 1623 5206 6,
1667 5141 1720 5195 7.
1799 5140 1843 5171 ’⁵³
1900 5140 2051 5196 Ecelc

2158 5159 2216 5208 ιι,
2260 5144 2346 5199 50.
2421 5145 2466 5177 δ’
2502 5140 2678 5200 Galat.
2723 5161 2760 5211 ι,
2793 5145 2848 5199 9.
2930 5145 2976 5176 ⁴³
3023 5144 3099 5200 De
3152 5140 3357 5214 Spiritu
3390 5152 3596 5198 sancto.

1871 5322 2102 5378 VAlil/E
2135 5323 2538 5380 LECTIONES.

572 5489 600 5521 ιι
629 5476 779 5534 Edit.
816 5478 911 5534 λάτ

922 5494 1054 5552 μοις.
1099 5477 1201 5552 sed
1254 5477 1450 5552 melius
1482 5478 1770 5552 legendum
1802 5479 2087 5549 λαυράτοις
2115 5481 2204 5552 νεί
2229 5480 2543 5552 λαϐράτοις,
2577 5487 2636 5552 ut
2666 5480 2719 5532 in
2750 5488 2900 5552 te_x__tu
2939 5478 3117 5547 posui.
3163 5475 3296 5530 Vide
3348 5475 3642 5552 Meursitltn
3666 5479 3734 5552 ad

500 5549 636 5606 illud
668 5563 886 5619 nomen,
920 5545 1012 5602 ubi
1044 5556 1097 5619 et
1127 5547 1381 5619 Optatum
1419 5545 1628 5619 laudat,
1662 5545 1919 5604 honores
1939 5550 2209 5619 ejusmodi
2272 5545 2502 5619 (auratis
2532 5545 2667 5603 olim
2710 5545 3442 5619 exliibitostenarrantem:
3482 5545 3734 5604 Lauratis

499 5629 551 5674 et
582 5618 816 5674 iconibus
848 5633 963 5687 qua:
994 5618 1274 5687 mittuntur
1303 5616 1369 5669 ad
1424 5617 1662 5672 civitates
1704 5621 1783 5673 vel
1842 5615 2096 5687 regiones,
2146 5618 2283 5673 ebrii
2342 5620 2537 5687 adeunt
2559 5617 2739 5686 populi
2770 5615 3067 5687 cuntcet'e‘is
3093 5625 3159 5687 et
3181 5616 3434 5687 incensis,
3464 5634 3573 5687 non
3615 5635 3736 5671 cera

490 5689 769 5759 perfusam
800 5684 1060 5754 tabulam,
1098 5685 1184 5741 sed
1206 5685 1571 5755 imperatorem
1595 5684 1933 5744 honorantes.
1957 5690 2118 5747 Addit
2142 5688 2390 5761 Gregorii
2427 5686 2471 5743 ll
2502 5684 2654 5760 papa
2692 5685 2982 5758 epistolam
3006 5685 3060 5755 1,
3095 5685 3163 5742 ad
3192 5684 3429 5743 Leonem
3460 5684 3729 5745 lsaurum.
