4074 6146
362 459 498 527 1359

367 671 596 742 adipisci
617 649 928 741 contingat,
965 686 1072 742 quo
1119 669 1296 739 ipsum
1329 669 1570 736 perpetuo
1614 649 1950 736 “.‘hdemus

367 779 492 819 cum
532 763 691 818 Patre
719 762 809 831 qui
845 762 961 817 sine
993 761 1262 831 principio
1288 767 1390 826 est,
1420 756 1506 813 cui
1533 744 1730 825 ι’,ὶοτλδ
1759 755 1816 814 in
1845 774 1948 815 sae-

369 857 490 910 cula
529 855 877 909 saeculorum.
920 855 1112 909 Amen.

438 947 748 1012 Caeterum,
807 946 1026 1017 quando
1075 948 1141 1003 de
1193 949 1459 1004 idolorum
1529 957 1582 1005 et
1645 944 1950 1017 imaginum

371 1038 692 1094 discrimine
743 1038 1008 1105 diximus,
1045 1049 1209 1110 atque
1258 1041 1518 1110 imaginis
1573 1040 1950 1095 deﬁnitionem

372 1131 681 1198 docuimus,
715 1140 931 1202 tempus
976 1139 1084 1199 est,
1127 1141 1184 1186 ut
1212 1133 1677 1203 quemadmodum
1715 1132 1952 1203 polliciti

374 1241 590 1292 sumus,
626 1225 944 1281 testimonia
980 1225 1366 1295 subjiciamus.

463 1316 774 1371 Priscorum
810 1315 1254 1386 probatorumque
1290 1316 1517 1370 Patrum
1555 1315 1861 1370 testimonia

928 1403 1023 1455 pro
1057 1386 1397 1456 imaginibus.

415 1478 599 1534 Sancti
640 1479 886 1549 Dionysii
921 1479 1248 1532 Athenarum
1290 1479 1557 1549 episcopi,
1589 1494 1653 1532 ex
1691 1477 1918 1546 epistola

593 1552 661 1603 ad
695 1548 957 1604 Joannem
997 1550 1297 1617 apostolum
1331 1558 1378 1604 et
1421 1548 1740 1620 theologum.

454 1726 472 1760 ι
505 1707 610 1763 Res
659 1721 781 1776 quae
828 1705 933 1760 sub
983 1713 1270 1775 aspectum
1310 1704 1557 1769 cadunt,
1595 1703 1956 1764 invisibilium

377 1799 542 1869 plane
576 1797 892 1867 conspicuae
925 1795 1196 1864 imagines
1230 1800 1383 1850 sunt.
1421 1811 1440 1845 ι

483 1889 738 1958 Ejusdem
761 1927 776 1954 ,
799 1903 865 1942 ea:
890 1887 1025 1942 libro
1051 1887 1115 1942 de
1143 1886 1502 1942 ecclesiastica
1533 1884 1849 1942 hieran/tia.

452 2070 472 2104 ι
505 2052 776 2107 Caeterum
808 2049 1138 2124 substantiae
1170 2063 1294 2119 quae
1327 2062 1497 2119 supra
1527 2062 1631 2103 nos
1666 2053 1829 2112 sunt,
1874 2051 1960 2098 at-

377 2161 486 2218 que
547 2145 817 2210 ordines,
872 2158 1113 2214 quorum
1170 2155 1387 2196 sacram
1443 2141 1555 2210 jam
1614 2138 1958 2194 mentionem

378 2238 612 2294 fecimus
635 2276 650 2304 ,
680 2235 1065 2304 incorporales
1093 2242 1223 2288 sunt
1252 2252 1266 2288 :
1296 2233 1431 2303 quin
1455 2240 1511 2287 et
1535 2236 1960 2286 sacrosanctum

378 2331 602 2385 illorum
665 2325 1048 2396 magisterium
1109 2324 1398 2395 spirituale
1455 2330 1576 2386 est,
1638 2321 1960 2390 mundoque

379 2421 662 2492 superius.
704 2417 972 2473 Nostrum
1029 2425 1213 2471 autem
1253 2430 1354 2486 pro
1387 2420 1762 2470 consentanea
1798 2411 1961 2468 nobis

377 2513 596 2569 ratione
634 2518 864 2582 propter
922 2508 1277 2566 sensibilium
1309 2508 1632 2562 varietatem
1667 2507 1958 2574 signorum

378 2600 743 2672 multiplicari
781 2598 1074 2665 videmus;
1119 2597 1325 2667 quibus
1363 2605 1582 2660 tamen,
1645 2602 1810 2666 prout
1865 2607 1961 2649 sa—

377 2708 534 2750 crum
563 2693 722 2748 decet
750 2690 1129 2761 magisterium
1150 2728 1166 2752 ,
1208 2687 1276 2742 ad
1309 2687 1645 2742 uniformem
1676 2673 1959 2742 concessae

378 2781 686 2838 divinitatis
712 2781 951 2850 gratiam
976 2817 991 2842 ,
1055 2791 1274 2832 necnon
1306 2775 1374 2830 ad
1402 2775 1574 2829 Deum
1604 2773 1960 2841 divinumque

380 2875 642 2930 virtutem
704 2885 818 2956 pro.
862 2869 1094 2924 modulo
1143 2875 1338 2923 nostro
1399 2866 1784 2922 subvehimur.
1839 2865 1961 2919 Istae

1427 429 1494 507 ὃ·
1515 309 1964 584 ῩθὶΝΝιε
1987 458 2419 521 DAMASCENI

365 499 496 527 ιυυυ
1439 499 1463 507 *ν
1784 499 1788 501 ·
1814 499 1958 518 πληιυ

365 579 544 647 vehat,
597 594 758 651 quam
793 594 892 634 nos
944 592 1128 632 omnes
1164 591 1254 646 per
1283 573 1488 646 gratiam
1825 577 1943 647 ejus

2062 499 2414 521 ..αιωυυω
3494 499 3633 526 NW

2062 578 2143 646 ξης
2184 578 2344 633 αὐτοῦ
2376 579 2434 634 ἐν
2498 581 2616 645 ταῖς
2668 579 3014 650 λαμπρότησι
3071 577 3181 632 τῶν
3209 576 3380 647 ἀγίων
3399 593 3414 608 ·
3444 571 3511 649 ἦς
3533 578 3634 646 γέ-

1988 1933 2035 1994 Β

3492 457 3633 526 1360

2054 686 2201 722 νοιτο
2238 670 2514 741 ἐπιτυχεῖν
2543 675 2608 742 τῇ
2643 670 2808 726 αὐτοῦ
2845 671 3050 742 χάριτι,
3079 669 3313 732 αἰωνίως
3352 667 3520 723 αὑτὸν
3547 668 3638 721 δο-

2055 759 2337 825 ξάζοντας,
2381 766 2478 816 σὺν
2502 762 2580 834 τῷ
2606 763 2830 832 ἁνάρχῳ
2865 763 3067 833 Πατρί,
3091 753 3136 829 ᾧ
3163 761 3198 830 ή
3234 759 3364 827 δόξα
3396 760 3477 824 εἰς
3504 760 3635 822 τοὺς

2053 851 2256 914 αἰῶνας
2287 851 2395 904 τῶν
2425 852 2656 906 αἰώνων.
2697 853 2890 923 Ἀμήν.

2127 942 2389 1006 Εἱπόντες
2418 944 2546 1013 περί
2565 943 2664 1012 τῆς
2697 941 2962 1012 διαφορᾶς
2988 941 3095 994 τῶν
3130 938 3368 994 εἰδώλων
3400 939 3495 992 καὶ
3523 937 3634 991 τῶν

2056 1033 2300 1098 εἰκόνων,
2327 1034 2421 1086 καὶ
2439 1034 2750 1100 διδάξαντες
2796 1034 2922 1104 ὅρον
2963 1032 3071 1085 τῶν
3106 1032 3359 1097 εἰκόνων,
3399 1031 3521 1102 ὥρα
3569 1029 3638 1100 δὴ

2054 1123 2372 1192 ἐπενεγκεῖν
2412 1127 2506 1180 καὶ
2531 1125 2632 1189 τὰς
2675 1127 2922 1198 χρήσεις,
2963 1124 3220 1197 καθάπερ
3258 1123 3634 1194 ὑπεσχόμεθα.

2053 1303 2380 1374 Μαρτυρίαι
2405 1303 2680 1359 παλαιῶν
2708 1304 2806 1358 καί
2845 1302 3108 1373 δοκίμων
3145 1302 3330 1373 ἁγίων
3361 1297 3636 1368 Πατέρωγ
3737 1295 3746 1336 ἶ

2621 1375 2753 1443 περὶ
2799 1375 3070 1427 εἰκόνων.

2046 1464 2172 1520 ,Τοῦ
2200 1465 2374 1534 ἁγίου
2399 1466 2717 1534 Διονυσίου
2749 1464 3089 1518 ἐπισκόπου
3119 1461 3392 1534 Ἀθηνῶνξ.
3429 1458 3498 1534 ἐκ
3528 1455 3638 1524 τῆς

2131 1532 2283 1602 πρὸς
2331 1533 2610 1604 Ἰωάννην
2657 1533 2765 1589 τὸν
2816 1535 3168 1589 ἀπόστολον
3199 1532 3299 1585 καὶ
3342 1532 3488 1586 Θεολ
3531 1543 3640 1598 τον

2127 1604 2485 1672 ἐπιστολῆς.

2136 1716 2154 1750 ι
2206 1697 2449 1768 Ἀληθῶς
2507 1694 2774 1768 ἐμφανεῖς
2822 1695 3030 1760 εἰκόνες
3063 1693 3173 1748 εἰσὶ
3213 1691 3284 1746 τὰ
3333 1690 3502 1764 ὁρατά
3527 1689 3639 1744 τῶν

2057 1790 2324 1861 ἀοράτων.
2361 1807 2380 1841 ι

2064 1881 2176 1938 Τοῦ
2205 1879 2414 1948 αὐτοῦ,
2443 1879 2512 1936 ἐκ
2552 1879 2662 1935 τοῦ
2713 1881 2845 1948 περὶ
2893 1875 3407 1948 ἑκκλησιαστικῆς
3450 1878 3640 1945 ἱερορ-

2668 1952 2807 2019 χίας
2835 1953 3039 2020 λόγου.

2139 2063 2158 2096 ι
2203 2043 2342 2097 Ἀλλ’
2371 2042 2431 2096 αἱ
2455 2041 2553 2116 μὲν
2617 2041 2758 2113 ὑπὲρ
2791 2043 2941 2112 ἡμᾶς
2988 2040 3168 2094 οὐσίαι
3198 2039 3293 2092 καὶ
3327 2036 3531 2102 τάξεις,
3562 2028 3641 2090 ὧν

2063 2137 2168 2210 ἤδη
2217 2137 2442 2208 μνήμην
2503 2133 2656 2207 ἱερὰν
2714 2134 3104 2205 ἐποιησάμην,
3179 2131 3465 2202 ἀσώματοί
3512 2132 3638 2193 εἰσι,

2064 2229 2158 2284 καὶ
2200 2227 2365 2298 νοητὴ
2418 2226 2515 2280 καὶ
2571 2224 2941 2297 ὑπερκόσμιός
2968 2225 3115 2277 ἐστιν
3168 2224 3203 2294 ἡ
3249 2221 3390 2275 κατά
3438 2220 3640 2284 ταύτας

2065 2317 2340 2389 ἰεραρχία.
2370 2317 2482 2386 Τὴν
2519 2315 2640 2370 καθ’
2676 2315 2825 2386 ἡμᾶς
2854 2313 2913 2366 δὲ
2934 2313 3154 2384 ὁρῶμεν
3197 2312 3478 2380 ἀναλόγως
3511 2312 3642 2381 ἡμῖν

2063 2410 2269 2475 αὐτοῖς,
2300 2411 2365 2480 τῇ
2389 2407 2497 2460 τῶν
2534 2406 2815 2477 αἰσθητῶν
2837 2404 3125 2476 συμϐόλων
3156 2403 3406 2474 ποικιλίᾳ
3437 2401 3641 2472 πληθυ·

2062 2498 2317 2570 νομένην,
2353 2498 2443 2568 ὑφ’
2483 2491 2558 2552 ὧν
2590 2495 2919 2568 ἱεραρχικῶς
2949 2497 3042 2549 ἐπὶ
3075 2494 3175 2566 τὴν
3208 2494 3416 2564 ἐνοειδῆ
3447 2493 3642 2547 θέωσιν

2063 2591 2122 2645 ἐν
2155 2591 2472 2662 συμμετρίᾳ
2509 2591 2575 2661 τῇ
2637 2588 2762 2644 καθ’
2815 2590 2967 2660 ἡμᾶς
3008 2586 3348 2658 ἀναγόμεθα,
3398 2586 3530 2639 Θεόν
3580 2601 3642 2637 τε

2064 2683 2160 2738 καὶ
2222 2682 2376 2735 θείαν
2424 2683 2651 2754 ἀρετήν.
2686 2682 2754 2735 Δί
2792 2681 2890 2751 μὲν
2917 2681 2992 2744 ὠς
3026 2681 3145 2742 νόες
3181 2679 3363 2734 νοοῦσι
3402 2677 3550 2732 κατὰ
3582 2677 3644 2729 τὸ

2065 2775 2256 2837 αὑταῖς
2280 2773 2523 2844 θεμιτὸν,
2545 2774 2707 2844 ἡμεῖς
2738 2771 2796 2824 δέ
2838 2769 3126 2842 αἰσθηταῖς
3160 2770 3368 2824 εἰκόσιν
3407 2768 3502 2822 ἐπὶ
3543 2768 3642 2830 τὰς

2065 2864 2236 2929 θείας,
2263 2863 2339 2928 ὼς
2368 2865 2612 2932 δυνατὸν,
2643 2861 2962 2934 ἀναγόμεθα
2985 2861 3240 2933 θεωρίας.
3271 2879 3290 2914 ι

378 2972 637 3046 quidem,
680 2977 740 3025 ut
781 2955 902 3040 quae
942 2975 1159 3022 mentes
1199 2972 1365 3030 sunt,
1407 2970 1680 3034 quantum
1720 2961 1804 3017 fas
1836 2961 1950 3016 illis
1985 2967 2107 3028 est,
2143 2961 2500 3032 intelligunt;
2535 2975 2638 3016 nos
2671 2974 2801 3017 vero
2838 2973 2938 3030 per
3003 2957 3300 3016 sensibiles
3365 2955 3641 3028 imagines

380 3069 450 3126 ad
488 3068 704 3124 divinas
759 3062 1263 3133 contemplationes
1286 3101 1300 3127 ,
1365 3070 1635 3130 quantum
1693 3055 1960 3128 possibile
1996 3065 2118 3121 est,
2153 3071 2567 3127 promovemur.
2596 3073 2616 3106 ι

449 3161 749 3218 Comment.
790 3155 949 3223 Quod
993 3155 1039 3210 si
1075 3153 1246 3224 igitur
1271 3166 1371 3222 pro
1409 3158 1580 3222 captu
1623 3156 1839 3210 nostro,
1869 3160 1958 3216 per

2138 3149 2418 3215 Σχόλιον.
2448 3147 2510 3200 Εἰ
2541 3144 2722 3199 τοίνυν
2760 3141 3044 3212 ἀναλόγως
3075 3143 3209 3212 ἡμῖν
3246 3140 3531 3212 αἰσθηταῖς
3560 3144 3644 3196 εἰ-

380 3252 673 3311 sensibiles
702 3249 976 3321 imagines
995 3288 1011 3314 ,
1043 3246 1113 3301 ad
1139 3245 1381 3300 divinam
1414 3250 1467 3298 et
1497 3241 1744 3296 materiae
1772 3252 1965 3294 exsor-

381 3360 491 3402 tem
553 3339 1082 3411 contemplationem
1151 3335 1528 3398 sublevamur,
1597 3345 1701 3384 cur
1763 3328 1960 3382 incon-

380 3451 588 3509 gruens
637 3433 807 3489 fuerit
847 3446 1010 3497 eum,
1062 3430 1159 3499 qui
1207 3443 1308 3499 pro
1355 3440 1458 3482 sua
1513 3423 1808 3478 adversum
1860 3433 1962 3474 nos

381 3527 760 3598 benignitate,
794 3523 968 3595 ﬁgura
1001 3530 1057 3577 et
1089 3520 1269 3575 forma
1317 3526 1372 3572 et
1423 3524 1624 3570 natura
1675 3513 1833 3569 visus
1875 3519 1964 3566 est

383 3631 442 3676 ut
477 3621 679 3684 homo,
719 3623 1099 3674 consentanea
1145 3611 1310 3668 nobis
1357 3610 1573 3665 ratione
1625 3604 1964 3677 imaginibus

381 3711 672 3783 cllingere?

383 3805 568 3861 Sancti
592 3800 824 3865 Basilii,
854 3815 919 3854 ea:
947 3812 1185 3852 sermone
1208 3794 1262 3848 in
1290 3794 1496 3865 beatum
1528 3789 1790 3865 Barlaam
1818 3803 1965 3840 mar-

455 3887 656 3944 tyrem,
687 3860 838 3940 cujus
873 3870 1086 3926 initium
1121 3876 1198 3920 est
1223 3881 1240 3919 :
1269 3883 1287 3915 ι
1316 3864 1576 3944 Primum”
1591 3860 1802 3931 quidem
1841 3874 1968 3913 san-

454 3932 662 3999 ctorum
688 3932 828 3996 mors
853 3956 869 3994 :
898 3959 916 3992 δ
955 3948 1006 3993 et
1035 3953 1218 3993 versus
1247 3935 1509 3989 orationis
1541 3932 1720 4001 ﬁnem.

463 4116 483 4151 ι
514 4099 738 4166 Surgite
790 4107 974 4160 nunc,
1030 4107 1063 4146 ο
1104 4091 1354 4162 pratciari
1394 4089 1622 4144 fortium
1679 4088 1736 4141 in
1785 4093 1966 4141 certa-

2068 3238 2224 3292 κόσιν
2250 3237 2342 3290 ἐπὶ
2363 3236 2460 3308 τὴν
2479 3236 2632 3291 θείαν
2660 3235 2754 3290 καὶ
2775 3234 2936 3290 ἄῡλον
2969 3233 3282 3304 ἀναγόμεθα
3315 3233 3566 3304 θεωρίαν,
3588 3234 3643 3286 τί

2070 3329 2319 3400 ἀπρεπὲς
2331 3329 2423 3382 τὸν
2450 3329 2692 3400 σχήματι
2728 3326 2824 3380 καὶ
2848 3327 3032 3397 μορφῇ
3059 3325 3155 3379 καὶ
3189 3325 3349 3393 φύσει
3377 3323 3643 3395 ὁραθέντα

2069 3421 2145 3484 ὡς
2191 3420 2500 3492 ἄνθρωπον,
2552 3418 2954 3490 φιλανθρώπως
3007 3416 3074 3470 δι’
3128 3418 3297 3487 ἡμᾶς,
3359 3415 3642 3482 εἰκονίζειν

2069 3513 2348 3582 ἀναλόγως
2377 3513 2510 3584 ἡμῖν
2533 3512 2718 3576 αὐτοῖς
2744 3527 2760 3578 ;

2077 3778 2188 3834 Τοῦ
2235 3777 2408 3847 ἁγίου
2457 3775 2805 3847 Βασιλείου,
2849 3773 2918 3828 ἐκ
2974 3772 3082 3847 τοῦ
3111 3775 3199 3837 εἰς
3221 3771 3330 3847 τὸ]
3351 3773 3645 3847 μακάριον

2140 3837 2426 3916 Βαρυίαὰμ
2469 3847 2603 3917 τὸν,
2640 3837 2943 3917 μάρτυρα,
2977 3845 3190 3917 λόγου,
3220 3837 3306 3917 οὗ
3351 3837 3398 3910 ἢ
3446 3837 3642 3917 ἀρχῆς

2146 3939 2164 3970 ι
2209 3912 2517 3993 Πρότερον.
2535 3912 2654 3986 μὲνῖ
2685 3912 2817 3993 id»:
2844 3914 3032 3993 (17;th
3069 3917 3121 3967 οὶ
3161 3914 3404 3993 (ξάνατοε
3427 3929 3442 3944 ·
3467 3931 3506 3981 ἰ
3542 3912 3642 3966 καί

2140 3984 2290 4057 πρὸς
2317 3987 2396 4052 τῷ
2418 3984 2579 4040 τέλει
2607 3984 2713 4038 τοῦ
2739 3984 2928 4040 αὑτοῦ
2957 3984 3146 4052 λόγου
3169 3991 3217 4036 ⁷.

2147 4101 2165 4134 ι
2213 4079 2507 4150 Ἀνάστητέ
2566 4094 2657 4150 μοι
2710 4076 2846 4141 νῦν,
2897 4070 2942 4132 ὦ
2987 4075 3224 4147 λαμπροὶ
3267 4072 3373 4126 τῶν
3412 4073 3641 4144 ἀθλητι-

387 4189 637 4247 minibus
677 4185 989 4241 facinorum
1048 4185 1315 4254 pictores.
1366 4180 1755 4251 lmperfeetam
1807 4177 1958 4235 ducis

2071 4172 2184 4227 κῶν
2219 4170 2662 4243 κατορθωμάτων
2702 4167 3026 4240 ζωγράφοι,
3066 4167 3165 4238 τὴν
3200 4164 3291 4218 τοῦ
3327 4164 3638 4237 στρατηγοῦ

385 4283 683 4354 imaginem
717 4277 935 4332 artibus
980 4275 1179 4330 vestris
1222 4272 1583 4342 ampliﬁcate.
1627 4259 1958 4346 Laureatum

2071 4265 2468 4320 κολοϐωθεῖσαν
2503 4263 2709 4328 εἰκόνα,
2733 4265 2852 4325 ταῖς
2877 4262 3169 4332 ὑμετέραις
3201 4257 3532 4331 μεγαλύνατε
3554 4258 3643 4311 τέ-

386 4353 692 4437 victorem,
754 4383 918 4439 quem
974 4365 1272 4421 obscurius
1313 4359 1627 4426 delineavi,
1679 4358 1958 4412 industria

2070 4374 2224 4429 χναις
2243 4375 2257 4389 ·
2287 4358 2662 4428 ἀμαυρότερον
2689 4355 2820 4426 παρ’
2853 4353 2988 4425 ἐμοῦ
3023 4359 3115 4407 τὸν
3157 4353 3484 4424 στεφανίτην
3513 4369 3648 4422 γρα-

390 4475 586 4524 vestra!
624 4461 913 4520 coloribus
946 4460 1246 4515 illustrate.
1283 4455 1387 4510 Per
1415 4453 1766 4525 egregiorum
1818 4465 1958 4504 mar-

2073 4450 2244 4520 φέντα
2272 4453 2385 4514 τοῖς
2410 4450 2509 4519 τῆς
2537 4447 2814 4520 ὑμετέρας
2863 4445 3056 4515 σοφίας
3093 4445 3480 4515 περιλάμψατε
3507 4445 3646 4516 χρῶ-

389 4562 529 4634 tyris
560 4559 833 4615 factorum
868 4555 1144 4626 picturam
1188 4557 1431 4606 vestram
1463 4547 1715 4602 devictus
1748 4559 1779 4598 a
1810 4543 1958 4598 vobis

2075 4556 2262 4610 μασιν.
2303 4539 2548 4593 Ἀπέλθω
2573 4540 2639 4607 τῇ
2661 4536 2770 4590 τῶν
2797 4534 3217 4606 ἀριστευμάτων
3246 4533 3343 4587 τοῦ
3373 4535 3644 4606 μάρτυρος

385 4625 689 4711 discedam.
732 4647 852 4704 Tali
886 4661 984 4717 per
1022 4650 1266 4700 vestram
1301 4639 1687 4696 dexteritatem
1735 4635 1958 4692 victoria

2070 4633 2202 4704 παρ’
2228 4632 2385 4701 ὑμῶν
2431 4629 2787 4700 νενικημένος
2837 4629 3048 4698 γραφῇ.
3100 4625 3292 4695 Χαίρω
3320 4628 3386 4696 τῇ
3425 4626 3642 4695 τοιαύτῃ

387 4751 688 4817 superatus
718 4741 882 4797 hodie
912 4738 1207 4809 gaudeam.
1248 4733 1472 4789 Manum
1521 4747 1647 4787 cum
1692 4730 1819 4802 igne
1862 4744 1958 4798 pu-

2069 4725 2169 4795 τῆς
2195 4723 2465 4795 ὑμετέρας
2502 4719 2686 4791 ἰσχύος
2734 4720 2974 4790 σήμερον
3002 4717 3318 4789 ἡττώμενος
3345 4718 3494 4790 νίκῃ.
3525 4717 3643 4772 Ἴδω

386 4805 647 4912 gnantem
683 4805 1002 4889 accuratius
1030 4829 1305 4899 depictam
1368 4833 1654 4881 contuear.
1689 4821 1749 4876 In
1780 4820 1958 4875 tabula

2068 4815 2167 4885 τῆς
2203 4812 2387 4884 χειρὸς
2441 4811 2579 4884 πρὸς
2617 4810 2678 4862 τὸ
2745 4808 2858 4879 πῦρ
2913 4807 3309 4879 ἀκριϐέστερον
3335 4807 3466 4878 παρ’
3497 4805 3644 4876 ὑμῶν

385 4894 571 4983 vestra
614 4923 954 4991 descriptum
1006 4894 1321 4988 elegantius
1376 4914 1613 4987 pugilem
1649 4911 1958 4982 inspiciam.

2069 4904 2425 4978 γραφομένην
2486 4902 2586 4974 τὴν
2633 4899 2831 4972 πάλην.
2877 4901 3004 4952 Ἴδω
3029 4899 3382 4970 φαιδρότερον
3419 4897 3513 4951 ἐπὶΙ
3540 4894 3647 4965 τῆς

385 5019 545 5075 Nunc
573 4987 1034 5086 quoque—luctum
1065 4987 1230 5081 agant
1259 5009 1536 5064 daemones
1556 5044 1569 5070 ,
1600 5012 1784 5059 vestra
1814 5001 1958 5056 nobi-

2069 4995 2340 5067 ὑμετέρας
2410 4991 2503 5046 τὸν
2571 4990 2876 5062 παλαιστὴν
2953 4989 3339 5060 γεγραμμένον
3418 4987 3642 5050 εἰκόνος.

387 5111 523 5163 lium
559 5079 820 5175 inart-yris
856 5079 1137 5172 gestorum
1173 5098 1390 5170 pictura
1438 5093 1706 5167 perculsi.
1753 5092 1958 5146 Ardent

2070 5087 2479 5142 Κλαυσάτωσαν
2521 5084 2774 5154 δαίμονες
2803 5081 2896 5134 καὶ
2920 5080 3035 5148 νῦν,
3085 5083 3206 5144 ταῖς
3244 5079 3338 5133 τοῦ
3368 5079 3647 5150 μάρτυρος

387 5216 611 5259 rursum
640 5197 947 5266 victrixque
974 5209 1170 5249 manus
1196 5192 1306 5246 illis
1339 5189 1683 5246 ostendatur.
1713 5185 1958 5252 Quinimc

2070 5178 2129 5231 ἐν
2158 5176 2288 5247 ὑμῖν
2335 5173 2639 5247 ἀριστείαις
2667 5170 3051 5241 πληττόμενοι.
3114 5169 3430 5240 Φλεγομένη
3484 5168 3646 5224 πάλιν

387 5296 443 5348 in
473 5301 660 5350 vest'ra
693 5261 895 5346 tabella
925 5285 1184 5341 Christus
1233 5282 1560 5353 appingatur
1603 5277 1958 5333 certaminum

2073 5270 2258 5331 αὐτοῖς
2291 5269 2324 5336 ἡ
2354 5267 2476 5339 χεὶρ
2506 5266 2602 5322 καὶ
2659 5264 2869 5318 νικῶσα
2894 5261 3214 5317 δεικνύσθω.
3253 5261 3648 5332 Ἐγγραφέσθω

2071 5364 2150 5434 τῷ
2197 5364 2412 5430 πίνακι,
2464 5361 2557 5416 καὶ
2603 5360 2632 5411 ό
2685 5357 2794 5414 τῶν
2851 5356 3245 5428 παλαισμάτων
3304 5355 3649 5425 ἀγωνοθέτης

2070 5453 2328 5525 Χριστός.
2353 5471 2372 5503 ι

391 5403 610 5458 praeses.
643 5404 661 5437 ι

1657 5615 1894 5672 νΑῐιιλΕ
1926 5613 2327 5670 LECTIONES.

460 5767 488 5796 ν
516 5755 828 5812 Orationem
876 5753 1015 5807 hanc
1045 5747 1229 5803 Basilii
1259 5759 1382 5802 esse
1432 5742 1520 5796 vix
1563 5738 1816 5812 concedit
1853 5736 2233 5794 Combelisius.
2264 5733 2374 5812 illeo
2406 5748 2626 5804 usquam
2657 5739 2813 5812 certe,
2869 5724 3067 5812 inquit;
3105 5719 3647 5812 quod-meminerim,

391 5791 1015 5884 videiiti'i‘iiiiiiiuiﬁ”
1261 5791 2188 5890 itvaften'ui‘sse.lba'rlaam‘martxr,
2223 5791 2492 5890 “Syrum.
2516 5818 2631 5890 pho-vn
2687 5791 2982 5872 Cappadox
3041 5791 3163 5860 fuit,
3213 5805 3372 5861 quem
3403 5794 3649 5850 Joannes

1686 5888 1864 5937 exstat
1895 5891 1934 5936 t.
1971 5877 2012 5931 V
2054 5866 2185 5932 edit.
2222 5866 2389 5931 Savil.
2413 5888 2466 5942 p.
2505 5872 2629 5928 497.
