3950 6154
289 346 422 414 1361

1395 339 1492 400 DE
1529 332 1988 398 IMAGINIBUS
2023 331 2302 393 ORATIO
2341 330 2452 392 III.

293 465 406 521 Τοῦ
434 462 627 523 αὐτοῦ
675 461 740 516 ἐκ
797 460 903 515 τοῦ
927 461 1016 525 εἰς
1052 458 1195 525 τοὺς
1225 457 1432 527 ἁγίους
1469 456 1528 526 μ’
1553 454 1858 524 μάρτυρας
1886 487 1899 515 λ

2050 446 2215 518 sail
2250 445 2542 516 Ejusdem,
2573 457 2638 498 ea:
2673 440 2914 495 oratione
2943 438 2999 492 in
3031 434 3126 490 XL
3158 441 3442 505 martyres.

954 530 1164 599 λόγου.

364 641 385 676 α
431 621 588 677 Ἐπεὶ
616 620 711 673 καὶ
745 620 996 689 πολέμων
1049 618 1544 690 ἀνδραγαθήματα,
1576 619 1672 672 καὶ
1700 617 1859 684 λογο-

288 714 494 786 γράφοι
524 710 788 773 πολλάκις
837 709 932 762 καὶ
979 707 1260 779 ζωγράφοι
1301 707 1778 778 διασημαίνουσιν*
1813 707 1861 758 οἰ

294 804 391 875 μὲν
418 801 496 872 τῷ
520 801 664 870 λόγῳ
715 799 1068 868 κοσμοῦντες,
1099 799 1150 851 οἰ
1194 797 1250 850 δέ
1297 799 1410 861 τοῖς
1447 797 1667 864 πίναξιν
1697 799 1866 866 ἐγχα-

296 895 615 965 ράττοντεςο
645 891 742 946 καὶ
795 890 1023 954 πολλοὺς
1072 891 1370 962 ἐπήγειρον
1420 890 1558 960 πρὸς
1613 888 1865 959 ἀνδρείαν

297 985 566 1054 ἑκάτεροι.
599 984 667 1036 Ἃ
692 982 798 1054 γὰρ
823 982 851 1036 6
878 981 1033 1050 λόγος
1063 981 1152 1035 διὰ
1195 982 1295 1051 τῆς
1341 982 1510 1051 ἀκοῆς
1542 981 1863 1052 παρίστησι,

295 1077 468 1131 ταῦτα
499 1075 741 1147 γραφικὴ
777 1074 1039 1128 σιωπῶσα
1085 1073 1175 1128 διὰ
1211 1075 1495 1144 μιμήσεως
1523 1073 1812 1128 δείκνυσιν.
1841 1093 1859 1125 ι

302 1167 412 1223 Τοῦ
444 1166 650 1227 αὐτοῦ.
678 1167 746 1220 ἐκ
778 1165 896 1220 τῶν
927 1166 1076 1234 πρὸς
1125 1165 1514 1235 ’Λμφιλόχιοιν
1552 1165 1871 1233 τριάκοντα

366 1237 730 1361 κεφὲλαίων,
779 1235 914 1304 περὶ
948 1237 1054 1290 τοῦ
1083 1236 1259 1306 ἁγίου
1309 1237 1680 1306 Πνεύμιιτος,
1722 1236 1871 1292 ἀπό-

368 1325 464 1376 κρι
512 1324 566 1373 ις
590 1313 685 1374 ιη’.

376 1418 393 1450 ‹
431 1399 552 1451 Ὀτι
593 1397 848 1468 βασιλεὺς
869 1396 1199 1466 λέγεταικαὶ
1228 1399 1261 1470 ή
1287 1395 1380 1452 τοῦ
1405 1397 1668 1469 βασιλέως
1684 1397 1870 1461 εἰκὼν,

300 1489 397 1542 καὶ
425 1490 486 1544 οὐ
513 1489 606 1543 δύο
634 1489 894 1560 βασιλεῖς.
940 1489 1078 1544 Οὔτε
1118 1489 1226 1562 γὰρ
1253 1489 1315 1544 τὸ
1359 1491 1558 1561 κράτος
1605 1489 1872 1559 σχίζεται,

2037 631 2056 662 ι
2085 607 2218 674 Quae
2251 606 2398 662 enim
2432 605 2487 660 in
2520 603 2668 659 bello
2700 599 2921 656 fortiter
2950 603 3104 669 gesta
3136 601 3296 662 sunt,
3327 608 3391 650 ea
3423 590 3538 663 pie-

1963 715 2237 770 rumque,
2279 711 2405 753 cum
2457 703 2744 758 oratores,
2796 699 2914 746 tum
2954 689 3197 760 pictores
3235 692 3538 758 exponunt.

1964 791 2045 846 Illi
2077 789 2298 861 quidem
2339 786 2524 844 verbis
2561 789 2935 845 exornantes,
2973 780 3029 834 hi
3071 793 3204 836 vero
3243 776 3299 832 in
3340 774 3543 830 tabulis

1965 879 2359 952 exprimentes;
2380 885 2545 947 atque
2567 873 2771 929 multos
2795 870 3015 940 utrique
3035 869 3100 925 ad
3123 869 3387 939 praeclara
3411 863 3545 920 faci-

1968 986 2104 1029 nora
2129 970 2460 1026 excitarunt.
2489 966 2620 1032 Quae
2647 965 2792 1020 enim
2823 962 3052 1017 auribus
3065 974 3246 1016 sermo
3265 957 3541 1030 proponit,

1967 1079 2032 1120 ea
2059 1063 2228 1120 silens
2256 1061 2470 1131 pictura
2497 1072 2593 1128 per
2625 1055 2987 1111 imitationem
3020 1057 3399 1124 repraesentat.
3429 1066 3448 1100 ›

1974 1171 2228 1242 Ejusdem
2249 1209 2268 1242 η
2293 1184 2360 1242 ea:
2388 1168 2607 1242 triginta
2635 1166 2897 1242 capitib_us
2928 1163 2992 1242 de
3027 1163 3232 1242 Spiritu
3264 1169 3448 1218 sancto
3485 1161 3553 1213 ad

2113 1233 2533 1310 Amphilochitim
2554 1279 2569 1304 ,
2600 1233 2934 1306 responsione
2957 1233 3163 1288 decima
3196 1243 3400 1289 octava.

2053 1434 2070 1467 ι
2105 1413 2319 1485 Quippe
2356 1413 2535 1486 ipsam
2575 1425 2794 1482 quoque
2833 1407 2986 1480 regis
3016 1356 3322 1477 imaginem,
3363 1415 3548 1475 regem

1976 1507 2301 1569 nominant,
2359 1517 2460 1557 nec
2512 1506 2658 1558 duos
2712 1515 2871 1570 reges
2925 1497 3140 1552 dicunt.
3179 1494 3370 1564 Neque
3407 1495 3556 1549 enim

299 1578 424 1632 οὔτε
459 1581 492 1651 ἡ
523 1580 647 1645 δόξα
679 1581 1076 1652 διαμερίζεται.
1113 1582 1204 1645 Ὣς
1231 1581 1391 1652 γὰρὴ
1424 1580 1700 1652 κρατοῦσα
1715 1578 1874 1649 ήμῶν

2016 1598 2248 1653 ciuditur
2279 1595 2570 1666 imperium
2594 1635 2608 1660 ,
2657 1607 2835 1663 neque
2869 1589 3046 1661 gloria
3081 1587 3368 1643 dividitur.
3415 1584 3554 1640 Nam

301 1669 447 1742 ἁρχὴ
474 1671 568 1724 καὶ
588 1670 808 1736 ἐξουσία
843 1671 961 1742 μία,
992 1671 1134 1725 οὕτω
1166 1673 1262 1726 καὶ
1296 1673 1330 1741 ἡ
1367 1670 1496 1742 παρ’
1528 1670 1685 1740 ἡμῶν
1731 1668 1878 1733 δοξο-

2019 1687 2438 1741 uemadmodum
2470 1683 2763 1753 imperium
2803 1679 2934 1735 illud
2960 1719 2974 1746 ,
3007 1679 3126 1733 sive
3159 1683 3407 1747 potestas
3435 1690 3557 1746 quae

304 1759 482 1828 λογία,
546 1760 665 1830 μία,
691 1761 788 1814 καὶ
809 1761 870 1814 ού
908 1761 1128 1815 πολλαί·
1153 1761 1290 1815 διότι
1314 1762 1347 1832 ἡ
1383 1761 1484 1832 τῆς
1512 1761 1716 1824 εἰκόνος
1741 1758 1876 1829 τιμὴ

2023 1775 2142 1832 obis
2189 1776 2529 1838 dominatur,
2585 1787 2692 1828 una
2724 1779 2848 1837 est;
2889 1768 2970 1824 sic
3001 1769 3170 1824 etiam
3205 1767 3379 1837 gloria
3401 1807 3417 1833 ,
3447 1781 3559 1835 qua

307 1851 399 1905 snt
443 1852 506 1906 τὸ
549 1853 905 1923 πρωτότυπον
962 1854 1254 1910 διαϐαίνει.
1313 1856 1379 1907 Ὃ
1446 1849 1538 1908 οὖν
1587 1856 1734 1907 ἐστιν
1791 1855 1878 1907 ἐνν-

306 1941 480 2098 αἱαὲἓα
547 1944 861 2016 μιμητικῶς
893 1947 928 2018 ἡ
957 1946 1141 2014 εἰκὼν,
1193 1945 1352 2000 τοῦτο
1409 1947 1526 2000 ἐκεῖ
1565 1943 1810 2015 φυσικῶς
1852 1945 1880 1996 6

365 2049 378 2086 t
448 2072 461 2087 .
492 2051 513 2085 ι

365 2049 461 2087 toc.
492 2051 513 2085 l

379 2210 656 2278 Σχόλιον.
673 2213 878 2288 Ὠσπερ
894 2212 986 2272 οὖν
1008 2237 1026 2271 t
1047 2217 1106 2271 '0
1127 2217 1202 2289 μὴ
1226 2217 1403 2288 τιμῶν
1418 2215 1509 2270 τὸν
1530 2216 1677 2282 Υἰὸν,
1701 2213 1884 2278 καθώς

311 2303 526 2368 φησινό
565 2303 791 2375 Κύριος,
822 2307 882 2360 οὺ
917 2310 1054 2380 τιμᾷ
1087 2309 1178 2362 τὸν
1225 2309 1443 2379 Πατέρα
1477 2307 1567 2362 τὸν
1593 2306 1887 2377 πέμψαντα

311 2390 494 2458 αὑτὸν,
523 2411 542 2444 ι
601 2395 743 2450 οὕτω
774 2399 868 2451 καὶ
896 2399 924 2450 6
956 2400 1030 2472 μὴ
1064 2400 1252 2471 ’τιμῶν
1283 2401 1380 2472 τὴν
1412 2400 1617 2465 εἰκόνα,
1652 2397 1772 2453 οὐδὲ
1794 2397 1886 2451 τὸν

312 2482 712 2554 εἰκονιζόμενον
737 2491 892 2560 τιμᾷ.
936 2491 1074 2543 Ἀλλ’
1112 2491 1242 2554 ἴσως
1272 2493 1388 2563 ἐρεῖ
1432 2509 1518 2554 τις
1541 2508 1554 2521 ·
1584 2490 1764 2560 Τιμᾷν
1785 2489 1888 2560 τὴν

314 2571 500 2625 εἰκόνα
530 2573 623 2626 τοῦ
657 2576 894 2646 Χριστοῦ
928 2579 1165 2650 ἀνάγκη,
1194 2579 1318 2650 οὐχὶ
1336 2580 1392 2632 δέ
1432 2579 1657 2632 καὶτῶν
1686 2578 1884 2647 ἁγίων.

317 2660 382 2711 Ὢ
409 2663 505 2731 τῆς
532 2663 884 2737 ἀφροσύνηςι
925 2671 1190 2724 ’Ἄκουσον
1238 2671 1334 2724 τοῦ
1379 2670 1585 2744 Κυρίου
1636 2671 1889 2740 λέγοντος

316 2753 431 2816 τοῖς
491 2755 790 2826 μαθηταῖς·
849 2777 890 2809 ι-
939 2761 998 2814 Ὀ
1059 2763 1351 2834 δεχόμενος
1405 2765 1571 2834 ὑμᾶς,
1616 2764 1720 2834 ἐμὲ
1801 2764 1891 2818 δέ·

317 2861 494 2913 χεται.
521 2865 538 2897 ι
579 2848 741 2902 Ὥστε
793 2852 820 2903 6
857 2852 934 2923 μὴ
967 2854 1139 2924 τιμῶν
1168 2855 1296 2921 τοὺς
1343 2856 1554 2925 ἁγίους,
1583 2855 1704 2910 οὐδὲ
1728 2855 1890 2912 αὐτὸν

317 2937 453 3007 τιμᾷ
483 2936 573 2991 τὸν
600 2939 826 3011 Κύριον.

329 3113 664 3205 magis.)
715 3121 1050 3205 .I‘pnxoplov
1107 3123 1215 3179 τοῦ
1250 3127 1524 3205 Νύοζσθης,
1567 3131 1686 3205 ἀπό
1713 3134 1899 3205 λόγου

385 3184 679 3273 tinacia-ro;
827 3184 1676 3273 Εώνρ-ταντινουάτόλεὶξίπερί
1699 3184 1904 3273 £21.3th

391 3271 508 3344 ξος
526 3257 807 3344 Υίοῦωκαί⁷
820 3263 1210 3344 φφύμᾳτοςζ
1221 3267 1343 3344 ’καὶ
1365 3270 1454 3334 εις
1476 3257 1594 3344 Δτὸν·
1611 3257 1902 3344 ’Ἀϐραὰίμ

395 3325 710 3415 ,ξᾷςΐου-έιδ,
726 3325 812 3415 ξιξ
833 3333 870 3399 ἡ
900 3325 1092 3415 cipit?
1122 3325 1157 3385 «⁷
1173 3325 1313 3415 ῥῖόν
1329 3354 1382 3390 τι
1410 3325 1907 3415 πάσχουσῖἇέρδς

396 3402 540 3483 ioue
571 3402 841 3467 εὐανθεῖς
874 3402 993 3483 τῶν
1031 3404 1339 3483 λειμώνων
1380 3410 1434 3462 οι
1469 3402 1697 3466 τούτων
1736 3402 1908 3483 φίλοῖο

398 3467 715 3535 θεάμονες,
767 3488 787 3521 ι
827 3471 925 3525 καὶ
961 3467 1377 3546 μετὰξβραχέα.

408 3577 425 3609 ι
465 3559 745 3616 Ἐντεῦθεν
769 3564 985 3635 δεσμοῖς
1013 3566 1277 3638 πρότερον
1296 3569 1649 3642 διαλαμϐάνει
1669 3577 1696 3629 ό
1729 3577 1910 3650 πατὴρ

331 3650 424 3702 τὸν
457 3652 642 3707 παῖδα.
674 3651 828 3710 Εἶδον
859 3657 1123 3723 πολλάκις
1169 3660 1262 3714 ἐπὶ
1306 3665 1549 3734 γραφῆς,
1598 3667 1781 3723 εἰκόνα
1815 3669 1910 3724 τοῦ

334 3742 561 3809 πάθους,
592 3748 684 3800 καί
704 3747 805 3802 ούκ
837 3749 1100 3821 άδάκρυτι
1122 3751 1219 3824 τὴν
1243 3751 1374 3807 θέαν
1413 3757 1715 3828 παρῆλθον,
1754 3761 1914 3833 ἐναρ-

335 3835 449 3904 γῶς
465 3839 566 3908 τῆς
593 3838 791 3912 τέχνης
817 3841 910 3894 ὑπ’
947 3841 1069 3912 ὄψιν
1096 3844 1336 3917 ἀγούσης
1351 3847 1449 3918 τὴν
1473 3849 1734 3921 ἱστορίαν.
1775 3853 1915 3924 Πρό-

336 3948 514 3985 κειται
558 3931 741 3987 Ἰσαὰκ
771 3936 905 4004 παρ’
934 3934 1082 4005 αὐτῷ
1121 3935 1198 4006 τῷ
1249 3936 1649 4012 θυσιαστηρίῳ,
1680 3942 1918 4009 ὀκλάσας

337 4024 429 4076 ἐπί
486 4024 638 4093 γόνυ,
680 4026 775 4079 καὶ
825 4027 1204 4096 περιηγμένας
1248 4026 1388 4098 ἔχων
1431 4031 1514 4094 εἰς
1557 4033 1798 4087 τούπίσω
1819 4035 1918 4101 τὰς

339 4117 548 4184 χεῖρας.
598 4117 656 4169 '0
715 4117 792 4181 δὲ,
847 4117 1198 4187 ἐπιΰεϐηκὼς
1242 4122 1474 4175 κατόπιν
1533 4124 1613 4198 τῷ
1663 4127 1786 4181 ποδὶ
1815 4129 1918 4198 τῆς

339 4208 608 4279 ἀγκύλης,
645 4209 739 4264 καὶ
761 4215 830 4283 τῇ
879 4213 1143 4284 ἀριστερᾷ
1198 4211 1298 4284 τὴν
1366 4216 1543 4290 κόμην
1575 4199 1670 4272 τοῦ
1728 4221 1919 4286 παιδός

343 4299 477 4369 πρὸς
524 4301 716 4354 ἐαυτὸν
772 4303 1118 4369 ἀνακλάσας,
1162 4306 1452 4361 ἐπικύπτει
1493 4308 1572 4378 τῷ
1613 4309 1914 4382 προσώπῳ,

1983 1880 2106 1921 eam
2160 1863 2542 1928 celebramus,
2601 1877 2710 1917 una
2760 1868 2880 1923 est,
2939 1873 3051 1912 non
3104 1857 3314 1927 plures.
3375 1854 3562 1910 Honor

1987 1956 2193 2028 quippe
2223 1955 2507 2011 exhibitus
2540 1953 2795 2025 imagini,
2819 1949 2886 2004 ad
2918 1950 3098 2019 ipsum
3130 1946 3368 2001 refertur
3397 1962 3562 2017 quem

1988 2052 2368 2116 repraesentat.
2410 2043 2634 2113 Itaque,
2671 2039 2818 2111 quod
2858 2038 2984 2093 istic
3025 2034 3333 2090 imitatione
3384 2034 3565 2105 imago

1987 2145 2094 2199 est,
2117 2137 2222 2191 hoc
2255 2134 2366 2188 illic
2395 2141 2593 2188 natura
2626 2129 2801 2185 Filius
2831 2139 2934 2184 est.
2967 2146 2986 2179 ι

2061 2227 2353 2282 Comment.
2397 2222 2556 2280 Sicut
2576 2221 2746 2293 igitur
2767 2239 2786 2272 ι
2809 2220 2914 2287 Qui
2941 2219 3138 2276 Filium
3166 2233 3276 2278 non
3302 2213 3566 2272 honoriﬁ-

1990 2327 2112 2385 cat,
2143 2316 2322 2387 inquit
2344 2315 2460 2384 ipse
2487 2313 2688 2376 Filius,
2717 2326 2817 2366 nec
2842 2310 3174 2366 honorificat
3197 2308 3416 2362 Patrem
3441 2303 3508 2369 “,
3538 2322 3558 2356 ι

1993 2410 2074 2466 sic
2104 2407 2201 2478 qui
2237 2404 2463 2476 imagini
2495 2405 2728 2475 denegat
2761 2401 3026 2458 honorem
3049 2440 3066 2466 ,
3103 2401 3151 2455 is
3181 2399 3432 2472 profecto
3466 2409 3570 2450 nec

1993 2515 2115 2556 eum
2159 2514 2322 2570 quem
2369 2498 2550 2568 imago
2591 2495 2796 2561 refert,
2840 2493 3213 2550 honoraverit.
3253 2493 3324 2547 At
3361 2487 3571 2545 Christi

1995 2591 2288 2662 imaginem
2322 2591 2532 2644 honore
2558 2587 2780 2657 dignam
2811 2601 2936 2643 esse
2962 2583 3304 2642 concesserit
3332 2580 3574 2637 nonnul-

1995 2685 2113 2748 lus,
2150 2691 2470 2741 sanctorum
2501 2694 2631 2736 vero
2666 2694 2776 2734 non
2817 2679 2972 2734 item.
3012 2676 3157 2732 Proh
3197 2671 3569 2730 dementiam!

1996 2776 2208 2831 Audias
2251 2775 2414 2830 velim
2467 2772 2755 2828 Dominum
2808 2770 3112 2840 discipulos
3159 2769 3572 2838 alloquentem;

2004 2885 2022 2919 ι
2051 2866 2158 2933 Qui
2190 2864 2429 2934 suscipit
2456 2877 2558 2918 vos
2581 2901 2596 2926 ,
2635 2877 2722 2916 me
2753 2863 2989 2937 suscipit
3013 2862 3078 2915 ⁵³.
3116 2878 3134 2912 ι
3165 2857 3534 2926 Quamobrem
3559 2892 3574 2917 ,

2001 2961 2098 3032 qui
2127 2965 2347 3015 sanctos
2381 2970 2492 3011 non
2522 2955 2690 3021 colit,
2723 2954 2771 3010 is
2813 2969 2882 3010 ne
2910 2955 3093 3025 ipsum
3123 2951 3346 3024 quidem
3385 2947 3578 3004 Domi-

2003 3065 2135 3105 num
2167 3047 2420 3104 coluerit.

2007 3142 2192 3198 Sancti
2217 3139 2458 3210 Gregorii
2485 3137 2749 3210 Nysgzni,
2775 3137 3109 3210 ex‘oratione
3132 3135 3202 3190 64
3221 3132 3580 3210 ,‘Qonstanti-

2077 3211 2254 3279 nopoli
2275 3204 2480 3275 luibita,
2512 3204 2574 3279 de
2600 3207 2731 3279 Filii
2755 3217 2804 3261 et
2833 3205 3064 3279 Spiritus
3086 3204 3580 3279 sanetidivinitate,

2076 3271 2209 3336 ct'in
2259 3297 2363 3352 qua
2409 3271 2476 3334 de
2499 3277 2771 3352 Aoraliam
2814 3271 3130 3330 mentionem
3182 3272 3336 3352 habet
3363 3289 3380 3338 ;
3408 3271 3580 3352 cuius

2077 3341 2293 3406 initium
2329 3359 2451 3404 est:
2481 3367 2498 3399 ι
2532 3347 2685 3414 Quod
2725 3362 2790 3401 ex
2821 3355 3100 3415 pratorum
3143 3343 3446 3398 amoenitate
3471 3341 3582 3394 illis

2080 3421 2320 3504 contigit,
2354 3421 2448 3501 qui.
2474 3435 2651 3474 rerum
2678 3429 2893 3486 aspectu
2933 3415 3294 3482 delectantur,
3322 3432 3341 3466 ι
3369 3421 3418 3467 et
3451 3426 3586 3480 pau-

2080 3509 2155 3546 czs
2184 3506 2497 3560 prwmissis.

2087 3604 2106 3638 ‹
2138 3583 2345 3639 Dehinc
2384 3582 2609 3652 ligatum
2650 3573 2886 3636 vinculis
2933 3576 3102 3635 tilium
3136 3574 3372 3633 assumit
3406 3579 3585 3644 pater.

2012 3677 2190 3748 Hujus
2239 3690 2339 3749 ego
2393 3675 2604 3730 acerbae
2659 3673 2736 3729 rei
2781 3671 2986 3742 pictam
3039 3668 3334 3741 imaginem
3384 3665 3588 3736 saepius

2015 3766 2236 3838 aspexi,
2274 3780 2378 3821 nec
2414 3753 2535 3821 sine
2577 3763 2838 3833 lacrymis
2883 3760 2954 3816 ab
2988 3760 3096 3815 hoc
3138 3756 3454 3828 spectaculo
3475 3756 3591 3812 dis-

2016 3859 2159 3917 cessi
2187 3876 2202 3914 :
2235 3873 2362 3913 cum
2413 3856 2705 3912 historiam
2733 3868 2953 3910 omnem
2983 3866 3074 3906 ars
3101 3849 3392 3922 perspicue
3413 3847 3591 3904 oculis

2015 3951 2336 4023 explicaret.
2387 3951 2542 4004 Isaac
2598 3946 2755 4002 ﬂexis
2804 3945 3080 4018 genibus,
3136 3941 3506 4010 manibusque
3558 3952 3590 3992 a

2020 4053 2174 4114 tergo
2206 4041 2492 4106 revinctis,
2537 4049 2666 4094 ante
2709 4038 2884 4093 altare
2900 4035 3093 4108 iacens
3141 4038 3589 4105 repraesentatur.

2018 4133 2177 4190 Pater
2198 4147 2331 4189 vero
2360 4147 2504 4204 pone
2534 4130 2768 4202 poplites
2800 4129 2897 4184 filii
2928 4128 3198 4184 accedens
3223 4167 3238 4191 ,
3268 4135 3322 4181 et
3378 4139 3592 4180 comam

2022 4226 2245 4283 sinistra
2277 4223 2676 4294 apprehensani
2709 4235 2872 4275 manu
2909 4219 2974 4274 ad
3013 4233 3072 4274 se
3108 4217 3367 4280 trahens,
3402 4215 3596 4270 oculos

2024 4315 2082 4370 in
2129 4315 2343 4368 vultum
2395 4311 2524 4377 ﬁlii,
2581 4309 2749 4380 digno
2801 4322 3032 4379 prorsus
3085 4304 3598 4362 commiscrationis

344 4393 593 4456 ἐλεεινῶς
625 4395 762 4466 πρὸς
814 4395 979 4450 αὐτὸν
1032 4398 1421 4466 ἀποϐλέποντι,
1483 4399 1579 4453 καὶ
1613 4401 1711 4472 τὴν
1737 4403 1899 4468 δεξιὰι

2023 4403 2188 4459 modo
2226 4403 2407 4473 ipsum
2457 4399 2811 4470 respicientis
2837 4437 2852 4462 ,
2890 4396 3164 4461 demittit,
3219 4405 3600 4466 armatamque

345 4485 797 4557 καθωπλισμένος
824 4487 900 4558 τῷ
930 4488 1091 4556 ξίφει,
1134 4490 1274 4562 πρὸς
1319 4490 1417 4562 τὴν
1463 4491 1675 4563 σφαγὴν
1725 4511 1923 4548 κατευ-

347 4576 517 4645 θύνει,
549 4579 645 4631 καὶ
696 4578 928 4633 ἅπτεται
966 4581 1067 4651 ἤδη
1099 4581 1194 4634 τοῦ
1232 4580 1486 4653 σώματος
1525 4584 1558 4655 ἡ
1597 4583 1691 4638 τοῦ
1735 4585 1924 4654 ξίφους

348 4669 523 4741 ἀκμὴ,
556 4671 651 4725 καὶ
679 4670 804 4724 τότε
848 4671 998 4742 αύτῷ
1026 4671 1239 4741 γίνεται
1269 4672 1421 4746 φωνὴ
1443 4673 1650 4743 θεόθεν,
1683 4675 1742 4730 τὸ
1764 4676 1926 4748 ἔργον

351 4762 656 4817 κωλύουσα.
686 4780 707 4815 ι

359 4854 466 4929 Τοῆ
513 4855 689 4929 ἁγίου
755 4855 1048 4929 Ἰωάννου
1084 4857 1193 4929 τοῦ
1231 4859 1686 4929 Χρυσοστόμου,
1716 4859 1785 4914 ἐκ
1815 4859 1926 4929 τῆς

441 4925 760 4993 ἑρμηνείας
812 4925 920 4994 τῆς
943 4927 1091 4995 πρὸς
1131 4925 1440 4996 Ἑϐραίους
1495 4925 1874 4997 Ἐπιστολῆς.

431 5035 449 5068 ε
477 5019 582 5074 Καί
613 5039 730 5085 πως
755 5019 918 5074 εἰκὼν
953 5019 1048 5076 τοῦ
1075 5020 1337 5092 δευτέρου
1364 5020 1425 5074 τὺ
1456 5021 1692 5090 πρῶτον,
1724 5021 1753 5074 6
1780 5020 1931 5076 Μελ-

357 5114 572 5182 χισεδὲκ
591 5112 686 5167 τοῦ
716 5111 956 5185 Χριστοῦ
981 5129 996 5145 ο
1033 5111 1224 5183 ῶσπερ
1249 5111 1316 5166 ἄν
1347 5129 1433 5175 τις
1460 5113 1604 5166 εἰποι
1640 5112 1800 5167 σκιὰν
1833 5112 1932 5183 τῆς

358 5204 576 5273 γραφῆς
605 5204 702 5274 τῆς
765 5208 823 5258 ἐν
869 5202 1146 5277 χρώματι,
1200 5204 1261 5256 τὸ
1305 5203 1416 5275 πρὸ
1452 5203 1658 5273 ταύτης
1686 5203 1933 5274 σκίασμα

357 5292 454 5346 τοῦ
484 5294 763 5364 γραφέως.
795 5295 892 5348 Διὰ
916 5294 1107 5349 τοῦτον
1136 5295 1245 5366 γάρ
1265 5295 1292 5347 6
1310 5293 1472 5366 νόμος
1496 5293 1744 5366 καλεῖται
1779 5291 1929 5359 σκιὰ,

361 5389 395 5458 ὴ
423 5385 484 5441 δέ
513 5363 672 5456 χάρις
689 5387 938 5455 ἀλήθεια,
965 5363 1272 5458 πράγματα
1291 5387 1348 5440 δὲ
1375 5363 1444 5440 τὰ
1465 5363 1752 5456 μέλλοντα.
1770 5387 1933 5439 Ὥστε

360 5481 390 5532 6
423 5479 522 5547 μὲν
550 5478 716 5549 νόμος
739 5479 831 5532 καὶ
887 5481 916 5532 6
968 5479 1323 5550 Μελχισεδὲκ,
1360 5479 1720 5551 προσκίασμα
1746 5477 1848 5549 τῆς
1875 5478 1936 5531 ἐν

365 5569 620 5643 χρώμασι
648 5569 867 5640 γραφῆς
889 5586 918 5621 ο,
942 5570 977 5641 ἡ
1002 5569 1061 5622 δὲ
1084 5570 1263 5641 χάρις,
1295 5572 1330 5643 ἡ
1361 5570 1609 5642 ἀλήθεια,
1647 5570 1680 5642 ἠ
1710 5571 1768 5624 ἐν
1786 5565 1934 5642 χρώ-

439 5724 485 5758 “
512 5744 673 5802 Juan.
711 5763 764 5813 v,
795 5744 887 5802 εδ.
960 5746 1006 5781 ιδ
1035 5747 1224 5806 Matth.
1253 5749 1415 5816 κιο.

2023 4493 2208 4565 gladio
2237 4491 2524 4546 dexteram
2561 4489 2626 4544 ad
2662 4488 2870 4544 caedem
2902 4486 3109 4558 dirigit.
3159 4484 3390 4558 Jamque
3427 4485 3601 4558 gladii

2023 4583 2172 4640 acies
2201 4596 2404 4651 corpus
2436 4579 2647 4649 tangit,
2703 4593 2830 4634 cum
2878 4593 3019 4646 vox,
3072 4592 3142 4634 ne
3188 4591 3305 4634 rem
3353 4575 3603 4651 perﬁciat

2024 4673 2324 4747 prohibens
2346 4711 2362 4739 ,
2392 4671 2707 4728 exauditur.
2743 4689 2760 4722 ι

2134 4850 2325 4909 Sancti
2363 4848 2592 4904 Joannis
2633 4849 3034 4920 Chrysostomi,
3066 4865 3130 4905 ea:
3160 4848 3502 4904 enarratione

2442 4922 2498 4976 in
2525 4920 2816 4991 Epistotam
2848 4920 2916 4974 ad
2943 4920 3218 4976 Hebrazos.

2107 5035 2126 5069 ι
2164 5015 2244 5071 Ac
2299 5016 2456 5086 prius
2486 5013 2707 5084 quidem
2743 5013 3067 5083 posterioris
3125 5012 3292 5068 modo
3367 5008 3608 5082 quodam

2027 5108 2208 5180 imago
2256 5105 2388 5174 fuit,
2443 5121 2641 5175 nempe
2688 5104 2895 5160 Christi
2951 5103 3401 5160 Melchisedech:
3459 5099 3609 5155 haud

2032 5217 2194 5260 secus
2232 5215 2296 5258 ac
2327 5201 2375 5256 si
2409 5199 2793 5255 adumbratam
2829 5206 2955 5254 ante
3007 5213 3038 5252 a
3090 5199 3304 5269 pictore
3352 5193 3610 5263 designa-

2034 5292 2270 5357 tionem,
2306 5290 2537 5361 picturae
2581 5304 2705 5360 qua:
2743 5287 3026 5345 coloribus
3077 5284 3426 5356 postmodum
3477 5283 3610 5338 illu-

2035 5392 2264 5450 stretur,
2301 5383 2558 5438 umbram
2599 5381 2725 5452 quis
2763 5378 3038 5435 nominet.
3080 5376 3290 5432 Idcirco
3329 5374 3478 5430 enim
3523 5373 3612 5429 lex

2013 5477 2234 5532 'umbra
2261 5485 2517 5540 vocatur,
2551 5482 2604 5530 et
2632 5473 2810 5545 gratia
2837 5511 2851 5536 ,
2883 5470 3128 5536 veritas;
3168 5483 3260 5523 res
3299 5473 3483 5522 autem
3529 5464 3613 5520 dio
3640 5493 3657 5501 ~-

2041 5575 2242 5623 cuntur
2274 5581 2338 5622 ea
2371 5579 2494 5636 quae
2529 5561 2715 5618 futura
2754 5567 2903 5619 sunt.
2939 5557 3018 5614 Ita
3051 5565 3143 5624 ut,
3180 5565 3296 5612 tum
3342 5555 3459 5623 lex,
3497 5562 3612 5607 tum

3388 315 3528 381 1362
3621 303 3644 314 ’
