4074 6146
376 322 512 385 1363

1521 294 1594 366 5-
1648 303 1986 377 JOANNIS
2023 313 2458 376 DAMASCENI

3489 311 3625 378 ιλιι

322 422 329 443 ἱ
375 435 811 501 Melchisedech,
862 434 1070 491 fuerint
1118 432 1456 489 adumbratio
1501 419 1670 502 prior
1718 430 1949 501 pictura!

2062 445 2198 498 μασι
2223 432 2431 500 γραφή.
2471 428 2550 484 Τὰ
2605 430 2907 501 πράγματα
2960 427 3028 482 τά
3077 427 3365 497 μέλλοντος
3412 425 3630 492 αίῶνος.

372 544 493 599 qua:
525 528 803 583 coloribus
833 536 1023 582 ornata
1057 526 1205 583 fuit:
1234 526 1411 598 gratia
1442 537 1574 581 vero
1613 530 1670 578 et
1705 522 1907 578 veritas
1927 560 1942 587 ,

373 621 606 689 ipsamet
633 619 847 687 pictura
877 618 1164 674 coloribus
1194 618 1546 688 ampliﬁcata.
1579 611 1691 669 Res
1724 613 1942 668 demum

2063 519 2153 583 Ὠς
2181 515 2321 574 εἶναι
2353 521 2451 591 τὴν
2481 521 2744 586 Παλαιὰν,
2772 519 2945 572 τύπου
2981 517 3150 572 τύπον
3169 532 3182 546 ·
3224 518 3321 571 καὶ
3342 517 3440 588 τὴν
3460 517 3630 587 Νέαν,

2050 609 2158 664 τῶν
2180 613 2518 683 πραγμάτων
2540 612 2729 665 τύπον.
2759 630 2778 662 ι

372 725 505 779 ipsae
541 709 607 764 ad
648 709 896 766 futurum
936 712 1199 767 saeculum
1238 719 1509 780 spectant.
1542 704 1915 775 Quamobrem
1949 698 2122 758 Vetus
2150 702 2557 761 Testamentum
2583 711 2667 760 est
2698 703 2873 775 ﬁgura
2908 702 3133 774 ﬁgurae;
3164 699 3376 758 Novum
3408 709 3589 758 autem
3610 738 3631 764 .

372 820 552 861 rerum
590 807 836 874 ipsarum
872 806 1068 875 ﬁgura.
1103 824 1121 858 ι

370 896 533 971 865
574 898 842 953 Seueriani
906 900 1230 955 Gabalornm
1270 901 1539 971 episcopi,
1594 914 1660 952 ea:
1713 907 1951 952 sermone

512 971 571 1023 in
596 971 851 1037 pretioue
868 980 917 1025 et
948 972 1166 1041 vivi/ica:
1199 973 1371 1026 crucis
1397 970 1803 1024 dedicationem.

449 1078 468 1111 ι
499 1058 734 1126 Quinam
773 1061 944 1132 igitur
978 1061 1190 1116 factum
1215 1068 1334 1127 est,
1369 1070 1430 1115 ut
1458 1061 1640 1130 imago
1676 1056 1951 1112 maledicti

376 1154 585 1223 populo
653 1154 1059 1211 calamitatibus
1111 1155 1318 1224 jactato
1364 1153 1605 1213 saLutem
1664 1149 1954 1206 attulerit?

372 1243 566 1300 Nonne
595 1246 951 1302 verisimilius
981 1246 1212 1302 dixisset
1240 1264 1255 1301 :
1287 1246 1345 1301 Si
1373 1246 1500 1316 quis
1527 1251 1771 1300 vestrum
1800 1256 1946 1296 mor-

375 1349 470 1388 sus
522 1333 722 1401 l'uei'it,
774 1336 976 1391 caelum
1065 1336 1329 1406 aspiciat,
1385 1344 1479 1389 aut
1528 1332 1946 1390 tabernaculum

377 1423 507 1488 Dei,
543 1430 597 1479 et
620 1425 852 1481 salutem
883 1426 1298 1496 consequetur?
1323 1424 1526 1480 Verum
1560 1424 1648 1480 his
1675 1423 1768 1480 ille
1797 1430 1948 1493 post-

375 1512 616 1581 habitis,
650 1517 838 1573 crucis
872 1525 1086 1572 tantum
1124 1518 1416 1589 imaginem
1452 1517 1668 1572 statuit.
1708 1515 1821 1571 Cur
1850 1522 1947 1570 au;

374 1618 482 1663 tem
510 1608 625 1663 haec
657 1608 845 1665 fecerit
875 1609 1112 1682 Moyses,
1141 1611 1235 1682 qui
1264 1618 1426 1667 antea
1457 1612 1662 1680 populo
1689 1611 1903 1665 dixerat
1928 1627 1941 1663 :

372 1697 493 1752 Non
532 1698 700 1768 facies
740 1700 839 1753 tibi
886 1700 1165 1769 sculptile,
1217 1717 1378 1772 neque
1424 1701 1729 1770 conﬂatile,
1783 1717 1946 1772 neque

2519 785 2533 814 I

2051 888 2422 957 Σευηριανοῦ
2443 887 2753 951 Γαϐάλων,
2804 887 2927 957 duo
2972 884 3173 957 λόγοιζ
3186 883 3292 939 τοῦ
3316 887 3404 951 εις
3421 883 3514 957 Ῑὰ
3535 882 3631 953 ἑτι

2192 951 2391 1013 ἇαίνια
2412 959 2518 1014 τοῦ
2546 960 2742 1029 τιμίου
2765 956 2864 1012 καί
2890 951 3175 1017 ζωοποιοῦ
3198 951 3489 1023 σταυρὸῦ.

2127 1070 2145 1103 ι
2184 1050 2311 1116 Πῶς
2340 1046 2434 1107 οὖν
2469 1052 2502 1122 ἡ
2533 1048 2700 1105 εἰκὼν
2730 1048 2827 1103 τοῦ
2878 1046 3281 1117 ὲπικαταράτου
3324 1047 3529 1116 ἧνεγκε
3552 1043 3630 1115 τῷ

2049 1140 2165 1211 λαῷ
2215 1144 2271 1197 ὲν
2301 1143 2560 1213 συμφορᾷ
2611 1139 2994 1211 χειμαζομένῳ
3017 1137 3329 1207 σωτηρίαν;
3361 1130 3512 1205 Ἆρα
3534 1132 3629 1188 οὖν

2054 1236 2154 1289 οὐκ
2179 1231 2247 1307 ἦν
2276 1233 2720 1303 ἀξιοπιστότερον
2748 1232 2923 1284 εἰπεῖν
2951 1248 2966 1262 ο
3002 1230 3127 1283 Ἐάν
3149 1246 3235 1291 τις
3255 1225 3410 1299 ὑμῶν
3427 1225 3625 1297 δηχθῇ,

2052 1329 2240 1401 βλέψει
2269 1330 2349 1394 είς
2373 1329 2465 1383 τὸν
2494 1326 2724 1399 οὐρανὸν
2753 1326 2867 1379 ἄνω
2906 1324 3046 1396 πρὸς
3077 1323 3170 1376 τὸν
3190 1322 3345 1387 Θεὸν,
3393 1321 3489 1374 καὶ
3516 1337 3627 1374 σω-

2052 1421 2299 1491 θήσεται,
2347 1421 2380 1491 ἢ
2428 1420 2508 1485 είς
2538 1419 2637 1490 τὴν
2669 1417 2874 1488 σκηνὴν
2911 1415 3005 1470 τοῦ
3034 1415 3211 1482 Θεοῦ;
3257 1414 3416 1468 Ἀλλά
3453 1412 3625 1467 ταῦτα

2052 1512 2316 1584 παριδὼν,
2373 1511 2533 1582 μόνον
2594 1509 2693 1581 τὴν
2748 1507 2933 1561 είκόνα
2980 1506 3074 1560 τοῦ
3137 1502 3374 1575 σταυροῦ
3412 1502 3621 1574 Ern-155°

2050 1604 2136 1658 διὰ
2165 1604 2218 1657 τί
2247 1598 2341 1658 οὖν
2374 1601 2546 1656 ταῦτα
2587 1600 2760 1653 ἐποίει
2799 1597 3035 1668 Μωῦσῆς
3065 1637 3079 1663 ,
3116 1598 3143 1650 ὁ
3176 1595 3347 1649 εἰπὼν
3376 1593 3452 1665 τῷ
3472 1593 3619 1664 λαῷ·

2045 1696 2128 1749 Οὐ
2161 1693 2441 1762 ποιήσεις
2462 1689 2698 1756 σεαυτῷ
2744 1688 3036 1760 γλυπτὸν.
3093 1687 3237 1742 οὐδὲ
3295 1686 3621 1756 χωνευτὸν,

372 1791 539 1846 ullam
572 1793 978 1849 similitudinem
1015 1810 1226 1860 eorum,
1267 1810 1383 1867 qua:
1418 1804 1539 1848 sunt
1573 1794 1630 1846 in
1660 1793 1790 1847 ccelo
1830 1808 1948 1848 sur-

2051 1787 2194 1843 οὐδὲ
2226 1786 2348 1842 πᾶν
2376 1784 2658 1855 ὁμοίωμα,
2688 1783 2805 1836 ὅσα
2862 1781 2937 1834 ἐν
2958 1777 3038 1846 τῷ
3081 1776 3318 1848 οὐρανῷ
3348 1778 3491 1843 ἄνω,
3520 1779 3621 1832 καί

372 1899 490 1936 sum
516 1923 531 1947 ,
575 1894 671 1938 aut
702 1885 758 1938 in
794 1893 935 1939 terra
969 1886 1254 1953 deorsum,
1297 1894 1389 1940 aut
1425 1886 1478 1939 in
1513 1869 1699 1954 aquis,
1758 1884 1947 1939 locisce

372 1974 728 2030 subterraneis
757 1976 849 2030 ⁸⁸2
893 1975 998 2031 Sed
1048 1976 1183 2047 quid
1238 1977 1305 2032 ad
1359 1978 1633 2047 populum”
1671 1978 1945 2048 ingratum

373 2066 488 2121 haec
514 2067 754 2136 loquor?
780 2066 937 2122 Dicas
960 2068 1123 2123 velim
1146 2107 1161 2132 ,
1190 2067 1509 2123 ﬁdelissime
1532 2066 1624 2123 Dei
1655 2069 1943 2135 minister;

372 2157 516 2226 quod
550 2158 673 2213 aliis
705 2169 859 2213 vetas
880 2199 895 2223 ,
924 2158 1029 2213 hoc
1061 2157 1180 2227 ipse
1212 2157 1389 2212 facis?
1420 2156 1576 2224 Quod
1608 2158 1811 2214 evertis
1835 2201 1851 2227 ,
1881 2159 1947 2212 il-

374 2247 462 2302 iud
488 2247 689 2303 statuis
709 2248 733 2301 ?
753 2248 858 2314 Qui
885 2248 1142 2319 praecipis
1164 2288 1177 2311 ,
1207 2246 1331 2303 Non
1357 2250 1521 2318 facies
1553 2250 1644 2303 tibi
1666 2248 1907 2317 sculptile
1927 2268 1945 2304 :

372 2343 464 2413 qui
501 2340 837 2399 conﬁatilcm
891 2344 1121 2399 vitulum
1170 2343 1586 2410 comminuisti,
1633 2353 1943 2416 serpentem

370 2452 437 2491 ex
472 2452 579 2494 aere
610 2444 667 2492 tu
700 2437 820 2507 ipse
851 2437 1129 2494 conﬁcis?
1163 2435 1413 2508 Eumque
1459 2452 1569 2493 non
1617 2438 1758 2492 clam
1781 2479 1796 2505 ,
1847 2439 1945 2493 sed

372 2528 550 2598 palam
590 2528 961 2599 omnibusque
1001 2528 1364 2599 conspicuum
1402 2528 1660 2598 praebes?
1691 2529 1761 2582 At
1798 2529 1902 2584 ista
1928 2568 1942 2594 ,

372 2619 553 2689 inquit
574 2661 589 2685 ,
612 2619 669 2673 in
697 2620 975 2676 mandatis
1000 2619 1156 2687 dedi,
1184 2636 1294 2691 quo
1325 2621 1629 2691 impietatis
1654 2622 1942 2676 materiam

371 2716 749 2779 amputarem,
798 2710 1174 2781 populumque
1219 2711 1291 2766 ab
1336 2710 1485 2766 omni
1537 2710 1847 2768 defectione
1890 2720 1945 2767 et

372 2801 685 2856 idololatria
718 2816 1035 2858 avocarem.
1069 2801 1228 2858 Nunc
1262 2809 1449 2859 autem
1487 2810 1801 2873 serpentem
1838 2803 1945 2857 nti-

370 2891 501 2947 iiter
526 2891 702 2948 conﬁo
723 2933 739 2959 ,
769 2893 837 2949 ad
873 2894 1315 2966 prtesignandam
1348 2893 1609 2951 nimirum
1635 2895 1943 2951 veritatem.

372 2978 438 3037 Et
465 2986 929 3054 quemadmodum
964 2985 1378 3042 tabernaculum
1409 2985 1786 3057 compaginari
1820 3001 1942 3041 cum
1977 2984 1995 2991 “

373 3074 441 3129 iis
471 3075 731 3132 omnibus
756 3092 878 3147 qua:
909 3077 961 3131 in
991 3078 1111 3146 ipso
1154 3085 1325 3143 sunt;
1376 3075 1674 3133 Cherubin]
1726 3092 1945 3148 quoque
1973 3113 2013 3148 ρ

370 3164 574 3233 quibus
620 3181 711 3222 res
759 3162 1068 3221 invisibiles
1112 3174 1596 3234 repraesententur,
1638 3166 1691 3222 in
1740 3164 1946 3223 Sancto

370 3264 689 3312 sanctorum
721 3257 1090 3328 expandi,ut
1140 3257 1452 3313 futurorum
1502 3257 1673 3329 ﬁgura
1724 3265 1778 3312 et.
1827 3275 1946 3312 um-

312 3406 320 3413 ,
369 3348 467 3404 bra
519 3358 752 3412 essent;
802 3350 885 3405 sic
934 3357 990 3403 et
1039 3358 1350 3419 serpentem
1395 3363 1608 3404 aeneum
1650 3350 1717 3405 ad
1757 3349 1945 3421 populi

370 3440 608 3496 salutem
643 3440 831 3507 erexi,
866 3448 924 3496 ut
958 3440 1156 3494 horum
1189 3440 1533 3511 experientia
1569 3441 1710 3496 duce
1739 3442 1948 3498 exerci-

370 3529 602 3584 tatiores
641 3529 869 3596 ﬁerent,
906 3528 973 3583 ad
1008 3529 1151 3599 signi
1187 3532 1369 3584 crucis
1398 3529 1780 3601 excipiendam
1811 3532 1949 3586 ima—

369 3623 584 3693 ginem,
630 3621 1067 3692 eruciﬁxumque
1112 3620 1452 3677 Salvatorem
1515 3630 1571 3678 et
1616 3622 1948 3694 Redempto-

370 3724 485 3770 rcm
532 3712 971 3784 suscipiendum.
1020 3712 1137 3768 Hoc
1188 3721 1370 3769 autem
1424 3712 1776 3770 verissimum
1824 3729 1949 3771 esse

372 3805 667 3875 percipies,
697 3804 1046 3870 citarissime,
1080 3806 1126 3860 si
1153 3804 1433 3859 Christum
1467 3803 1520 3859 id
1556 3805 1948 3871 afﬁrmantem,

374 3905 538 3967 atque
573 3897 627 3951 in
669 3896 785 3952 inec
822 3897 989 3952 verba
1031 3898 1346 3967 loquentem
1388 3896 1837 3952 auscultaveris:
1881 3895 1953 3950 Et

2048 1880 2165 1938 ὅσα
2188 1880 2256 1934 ἐν
2274 1877 2348 1946 τῇ
2367 1875 2445 1947 γῇ
2470 1875 2646 1942 κάτω,
2672 1872 2772 1927 καὶ
2795 1873 2913 1927 ὅσα
2948 1873 3018 1926 ἐν
3046 1871 3170 1938 τοῖς
3199 1870 3443 1936 ὕδασιν,
3467 1871 3587 1925 ὑπο

2048 1973 2205 2028 κάτω
2252 1969 2363 2039 τῆς
2407 1969 2557 2037 τνῆς;
2602 1964 2764 2018 Ἀλλά
2818 1964 2870 2017 τί
2918 1962 3091 2017 ταῦτα
3134 1960 3272 2032 πρὸς
3329 1959 3623 2031 ἀγνώμονα

2046 2065 2209 2130 λαόν;
2242 2062 2379 2118 Είπὲ
2399 2103 2414 2128 ,
2453 2053 2498 2113 ὦ
2532 2057 2839 2113 πιστότατε’
2872 2055 3006 2109 Θεοῦ
3049 2052 3308 2123 θεράπον,
3339 2052 3368 2104 ὃ
3405 2053 3619 2119 ἀπαγο·

2051 2156 2249 2227 ρεύεις,
2307 2154 2517 2216 ποιεῖς;
2565 2151 2594 2204 ὃ
2651 2148 3002 2220 ἀνατρέπεις,
3060 2141 3529 2207 κατασκευάζεις
3592 2142 3620 2194 ό

2045 2250 2240 2317 λέγων,
2283 2248 2367 2302 Οὐ
2415 2245 2693 2314 ποιήσεις
2719 2238 3013 2311 γλυπτόν,
3065 2239 3093 2292 ὁ
3124 2237 3217 2290 τὸν
3280 2233 3619 2306 χωνευθέντα

2049 2339 2176 2412 βοῦν
2207 2336 2525 2403 κατολέσας,
2559 2336 2625 2388 σὺ
2651 2333 2774 2402 ὅφιν
2816 2330 3214 2402 χαλκουργεῖς;
3271 2327 3369 2381 καὶ⁵
3409 2325 3615 2392 τοῦτον,

2045 2432 2104 2486 ού
2127 2429 2322 2504 λάθρα,
2357 2426 2494 2482 ἀλλὰ
2522 2422 2844 2494 ἀναφανδὸν,
2877 2419 2971 2474 καὶ
3003 2420 3135 2474 πᾶσι
3165 2418 3437 2486 γνωστόνς
3479 2414 3619 2468 Ἀλλ’

2046 2524 2250 2585 ἐκεῖνα,
2278 2518 2463 2589 φησὶν,
2506 2513 2899 2587 ἐνομοθέτησα,
2949 2510 3035 2563 ἵνα
3079 2507 3301 2577 ἐκκόψω
3335 2505 3430 2569 τάς
3491 2504 3619 2567 ὕλας

2044 2614 2144 2685 τῆς
2178 2609 2454 2671 ἀσεϐείας,
2481 2607 2576 2660 καὶ
2593 2605 2685 2660 τὸν
2701 2603 2832 2657 λαὸν
2864 2601 3140 2669 άπαγάγω
3161 2600 3344 2665 πάσης
3377 2598 3616 2652 ἀποστα-

2048 2704 2167 2768 σίας
2199 2701 2291 2756 καὶ
2324 2695 2788 2768 είδωλολατρείας.
2842 2693 2981 2746 Νυνὶ
3013 2692 3071 2745 δὲ
3106 2689 3330 2762 χωνεύω
3357 2689 3449 2744 τὸν
3475 2690 3618 2759 ὅφιν,

2045 2794 2330 2868 χρησίμως
2354 2792 2434 2855 εἰς
2461 2786 2812 2860 προ-τύπωσιν
2842 2785 2941 2855 τῆς
2990 2782 3274 2852 ἀληθείας.
3310 2782 3423 2835 Καὶ
3449 2780 3620 2835 καθά-

2047 2904 2153 2960 περ
2190 2887 2395 2956 σκηνὴν
2428 2881 2626 2952 ἐπηξα,
2653 2879 2748 2932 καὶ
2782 2878 2851 2931 τά
2887 2878 2946 2929 ὲν
2977 2874 3114 2944 αὐτῇ
3148 2873 3348 2939 πάντα,
3390 2872 3483 2925 καὶ
3515 2873 3621 2925 Χε-

2048 2979 2265 3052 ρουϐὶμ,
2285 2974 2536 3047 ὁμοίωμα
2564 2971 2674 3031 τῶν
2696 2970 2947 3041 ἀοράτων
2963 2965 3263 3021 διεπέτασα
3281 2965 3359 3027 είς
3381 2964 3452 3017 τὰ
3466 2963 3620 3032 ἅγια,

2046 3070 2123 3135 ὡς
2151 3067 2320 3122 τύπον
2340 3066 2437 3120 καὶ
2463 3064 2623 3116 σκιάν
2667 3059 2779 3115 τῶν
2826 3057 3152 3130 μελλόντων,
3190 3054 3334 3109 οὕτω
3376 3055 3475 3109 καὶ
3498 3055 3622 3124 ὅφιν

2049 3160 2332 3232 ἐστήλωσα
2386 3158 2468 3220 είς
2503 3152 2775 3225 σωτηρίαν
2815 3150 2892 3221 τῷ
2919 3149 3056 3221 λαῷ,
3077 3149 3165 3202 ἴνα
3198 3148 3288 3202 διὰ
3306 3150 3405 3219 τῆς
3431 3147 3621 3219 πείρας

2047 3253 2277 3320 τούτων,
2307 3248 2683 3319 προγυμνάσω
2707 3242 2802 3297 τοῦ
2853 3240 3087 3313 σημείου
3117 3238 3217 3294 τοῦ
3259 3237 3498 3310 σταυροῦ
3524 3239 3622 3307 τὴν

2048 3316 2379 3407 εἰκόναξκαί
2400 3316 2505 3392 τὸν
2526 3339 2584 3390 ὲν
2606 3333 2755 3405 αὐτῷ
2793 3332 3024 3403 Σωτῆρα
3053 3331 3150 3384 καὶ
3181 3329 3620 3401 Λυτρωτήν.Καὶ
3710 3360 3713 3367 -
3788 3316 3805 3328 ⁸

2047 3439 2130 3493 δτι
2185 3431 2579 3506 ἀψευδέστατος
2609 3429 2638 3481 ό
2667 3428 2846 3495 λόγος,
2897 3424 3171 3493 ἁγάπητε,
3197 3420 3367 3477 ἄκουε
3386 3420 3480 3474 τοῦ
3508 3421 3622 3474 Ku-

2053 3529 2189 3600 ρίου,
2245 3524 2336 3577 τὸν
2398 3521 2557 3589 λόγον
2594 3516 2785 3571 τοῦτον
2838 3513 3185 3585 βεϐαιοῦντος
3214 3512 3312 3565 καὶ
3330 3511 3619 3580 λέγοντος·

2048 3617 2159 3676 Καὶ
2186 3613 2382 3679 καθὼς
2402 3607 2661 3676 Μωϋσῆς
2687 3609 2899 3679 ὒψωσε
2919 3606 3025 3660 τὸν
3050 3605 3188 3675 ὅφιν
3211 3603 3281 3658 ἐν
3299 3602 3374 3672 τῇ
3406 3601 3625 3673 ἐρήμῳ,

2049 3708 2202 3762 οὕτω
2257 3702 2353 3758 δεῖ
2366 3697 2681 3770 ὑψωθῆναι
2703 3696 2809 3751 τὸν
2848 3694 2986 3749 Υἱὸν
3018 3693 3125 3748 τοῦ
3143 3690 3479 3762 ἀνθρώπου,
3525 3690 3626 3745 ἶνα

2051 3799 2170 3866 πᾶς
2204 3799 2237 3852 ὁ
2271 3793 2578 3849 πιστεύων
2631 3790 2719 3855 εὶς
2756 3786 2965 3853 αὐτὸν,
3014 3784 3099 3855 μὴ
3142 3784 3458 3851 ἀπόληται,
3481 3782 3622 3838 cur

2051 3894 2165 3962 ἔχῃ
2188 3882 2610 3956 ζωὴναίώνιον.
2654 3897 2673 3931 ι

373 3963 509 4046 sient
561 3988 772 4061 Moyses
820 3989 1077 4044 exultavit
1102 3963 1419 4059 serpentem
1464 3989 1522 4043 in
1570 3989 1773 4044 deserto
1800 4029 1816 4056 ,
1868 3989 1949 4042 ita
2001 3983 2233 4043 exaltari
2262 3983 2464 4049 oportet
2496 3972 2545 4028 F
2551 3972 2703 4027 ilium
2732 3968 3003 4028 hominis:
3035 3975 3093 4021 ut
3127 3965 3287 4022 omnis
3324 3963 3417 4034 qui
3446 3963 3618 4019 ετιάὶι

367 4093 428 4145 in
459 4104 574 4142 eum
594 4126 610 4151 ,
644 4102 746 4141 non
774 4095 988 4156 pereat,
1019 4084 1110 4140 sed
1144 4086 1330 4139 habeat
1358 4085 1521 4138 vitam
1554 4094 1807 4139 attentam
1838 4086 1936 4140 ".r

440 4182 734 4239 Comment.
789 4180 946 4249 Quod
990 4188 1171 4235 autem
1214 4194 1353 4235 nova
1386 4196 1496 4236 non
1534 4183 1608 4238 sit
1648 4183 1946 4258 imaginum

371 4274 618 4332 inventio
639 4317 655 4344 ,
689 4275 787 4332 sed
822 4275 1048 4345 antiqua
1084 4273 1403 4344 sanctisque
1434 4282 1488 4329 et
1520 4276 1739 4333 eximiis
1769 4276 1950 4335 Patri-

2121 4189 2406 4260 Σχόλιον.
2431 4180 2558 4238 Ὅτι
2616 4178 2676 4234 δὲ
2699 4176 2762 4232 οὗ
2790 4174 2981 4230 καινὸν
3033 4171 3316 4245 ἑφεύρεμα
3334 4170 3399 4225 τὸ
3412 4169 3523 4224 τῶν
3547 4169 3625 4224 ει-

2048 4282 2243 4346 κόνων,
2274 4276 2388 4333 ἀλλ’
2449 4273 2698 4346 ἀρχαῖον,
2737 4267 2834 4324 καὶ
2864 4268 2974 4333 τοῖς
3007 4266 3187 4335 ἁγίοις
3215 4264 3312 4319 καὶ
3351 4263 3626 4335 έκκρίτοις

368 4369 473 4426 bus
511 4378 639 4425 nota
673 4377 728 4425 et
762 4369 1002 4433 usitata,
1034 4365 1195 4421 tidem
1232 4365 1367 4421 facit
1396 4368 1507 4423 vita
1542 4371 1719 4425 sancti
1759 4371 1949 4430 Basilii

2050 4373 2326 4446 πατράσιν
2368 4364 2714 4438 ἐγνωσμένον
2761 4361 2858 4415 καὶ
2894 4357 3208 4430 εἰθισμένον
3263 4356 3501 4427 ὑπῆρχε,
3520 4354 3625 4446 γέ-

370 4463 441 4519 ab
473 4461 724 4519 ilelladio
749 4461 927 4531 ipsius
965 4460 1240 4531 discipulo
1275 4470 1328 4515 et
1363 4460 1418 4515 in
1454 4462 1778 4532 pontiﬁcatu
1821 4481 1942 4521 suc-

2050 4482 2296 4540 γραπται
2323 4463 2383 4516 ὲν
2427 4456 2505 4530 τῷ
2543 4456 2646 4529 βίῳ
2689 4450 2977 4508 Βασιλείου
3022 4448 3130 4540 τού
3156 4445 3541 4540 μάκαροςὶτῷ
3559 4445 3625 4540 οι*

369 4566 594 4611 cessere
627 4554 970 4624 conscripta.
1006 4553 1200 4608 Stabat
1236 4552 1538 4624 aliquando
1573 4563 1801 4613 sanctus
1840 4556 1946 4611 Ba-

2062 4536 2338 4612 Ἓλλαδίου
2371 4546 2467 4605 τοῦ
2499 4545 2669 4603 αὐτοῦ
2698 4541 2947 4615 μαθητοῦ
2981 4539 3079 4595 καὶ
3114 4539 3365 4610 διαδόχου
3394 4538 3494 4606 τῆς
3531 4536 3624 4590 αύ-

370 4647 565 4712 silius,
601 4645 775 4717 inquit
799 4684 814 4711 ,
847 4660 1037 4700 coram
1079 4644 1322 4700 Dominae
1352 4655 1557 4702 nostra:
1586 4648 1857 4720 imagine,
1893 4651 1949 4705 in

2050 4647 2146 4703 τοῦ
2177 4643 2481 4718 ἱεραρχίας,
2506 4640 2583 4704 ὡς
2614 4635 2979 4709 παρειστήκει
3011 4634 3041 4686 ὀ
3066 4632 3213 4720 doto;
3249 4628 3533 4690 Βασίλειος
3559 4633 3628 4702 τῇ

371 4750 479 4806 qua
515 4734 958 4805 praestantissimi
1005 4736 1264 4807 martyris
1294 4736 1553 4792 Mercurii
1599 4717 1773 4809 ﬁgura
1806 4742 1949 4812 picta

2049 4739 2151 4811 τῆς
2184 4717 2483 4806 Δεσποίνης
2508 4729 2667 4803 ἡμῶν
2720 4726 2914 4791 είκόνι,
2966 4726 3027 4779 έν
3138 4724 3236 4777 καὶ
3277 4723 3306 4777 ὁ
3341 4720 3627 4794 χαρακτὴρ

369 4834 510 4882 erat.
567 4825 838 4892 Astabat,
897 4825 1164 4897 inquam,
1214 4842 1420 4894 orans,
1476 4839 1536 4883 ut
1586 4830 1949 4902 impiissimus

2049 4831 2366 4902 ἐγέγραπτο
2391 4821 2742 4897 Μερκουρίου
2765 4817 2861 4873 τοῦ
2891 4816 3136 4887 ἀοιδίμου
3160 4815 3463 4887 μάρτυρος.
3483 4813 3629 4884 Har

372 4924 628 4989 apostata
675 4915 931 4973 Julianus
979 4932 1012 4973 e
1057 4916 1241 4973 medio
1290 4917 1599 4975 tolleretur.
1650 4922 1831 4995 Atque
1882 4939 1949 4979 ex

2049 4924 2295 4993 ειστήκει
2342 4918 2401 4972 δὲ
2448 4913 2681 4981 ἐξαιτῶν
2701 4911 2800 4984 τὴν
2832 4906 3127 4965 Ἰουλιανοῦ
3168 4905 3267 4959 τοῦ
3316 4904 3627 4960 ἀθεωτάτου

373 5008 616 5080 imagine
645 5004 877 5072 didicit,
917 5006 1186 5078 quidnam
1225 5014 1376 5064 esset
1421 4991 1770 5071 eventurum.
1801 5012 1949 5071 Vidit

2052 5014 2146 5069 ttat
2180 4991 2490 5067 ἀποστάτου
2558 5004 2825 5077 τυράννου
2880 4999 3200 5069 ἀναίρεσιν·
3236 4995 3298 5062 ἐξ
3320 4991 3389 5069 ἧς
3419 4992 3629 5056 εἰκόνος

371 5104 577 5175 quippe
623 5106 926 5172 martyrem
967 5097 1037 5153 ad
1081 5107 1300 5170 tempus
1348 5100 1611 5173 exiguum
1655 5120 1780 5162 sese
1820 5108 1949 5163 sub-

2053 5103 2270 5179 ὲμυήθη
2301 5101 2507 5172 ταύτην
2552 5099 2651 5170 τὴν
2706 5089 3070 5173 ἀποκάλυψιν.
3093 5087 3294 5179 -Ἑώρα
3317 5085 3629 5179 λγὰρᾼ

372 5196 701 5259 ducentem,
734 5206 840 5249 nec
885 5190 1064 5246 multo
1109 5200 1234 5262 post
1276 5200 1561 5249 cruentam
1606 5195 1823 5252 hastam
1872 5209 1952 5254 te-

375 5297 621 5341 rientem.

582 5374 669 5431 Ea:
707 5373 830 5430 Vita
870 5376 1046 5431 sancti
1076 5373 1306 5432 Joannis
1346 5375 1736 5448 Chrysostomi.

450 5480 469 5514 ι
504 5461 702 5521 Beatus
747 5464 987 5523 Joannes
1036 5467 1432 5538 sapientissimi
1479 5466 1636 5523 Pauli
1681 5467 1952 5539 Epistolas

374 5567 593 5612 summo
619 5558 805 5613 studio
828 5560 1281 5633 persequebatur.
1301 5580 1321 5614 ι
1338 5558 1409 5616 Et
1432 5561 1594 5630 paulo
1620 5570 1737 5632 post
1755 5580 1773 5619 .·
1798 5580 1817 5615 ι
1842 5560 1951 5617 lla-

464 5729 511 5760 “
550 5731 717 5797 Etod.
752 5749 842 5799 xx,
864 5738 916 5789 4.
998 5736 1039 5767 ⁸⁷
1070 5735 1226 5791 Joan.
1258 5751 1337 5804 ill,
1370 5736 1454 5792 14.

2055 5176 2231 5269 βραχὺ
2253 5192 2432 5264 ἀφανῆ
2468 5191 2560 5246 τὸν
2584 5188 2842 5261 μάρτυρα
2859 5200 2873 5216 °
2909 5180 3028 5254 μετ’
3053 5177 3117 5231 οὗ
3146 5178 3282 5233 πολὺ
3311 5176 3391 5245 δὲ,
3419 5176 3483 5230 τὺ
3501 5176 3631 5246 δόρυ

2049 5288 2374 5362 ᾑμαγμένον
2402 5284 2724 5356 κατέχοντα.

2155 5380 2258 5434 Ἐκ
2286 5376 2395 5432 τοῦ
2416 5375 2563 5442 ,βίου
2610 5371 2892 5430 Ἰωάννου
2916 5370 3025 5427 τοῦ
3061 5363 3521 5438 Χρυσοστόιιου.

2135 5489 2153 5522 ι
2206 5470 2426 5539 Ἦγάπα
2451 5468 2508 5522 δὲ
2534 5468 2563 5520 ὁ
2592 5465 2865 5538 μακάριος
2900 5463 3154 5531 Ἰωάννης
3182 5457 3282 5521 τὰς
3308 5450 3631 5514 Ἐπιστολάς

2058 5560 2151 5616 τοῦ
2209 5561 2521 5631 σοφωτάτου
2575 5557 2788 5614 Παύλου
2836 5555 2996 5626 ἄγαν.
3038 5572 3057 5608 ι
3111 5549 3221 5608 Καὶ
3254 5547 3384 5618 μετ’
3431 5544 3630 5615 Mirer
