3950 6154
302 369 440 438 1365

1385 376 1483 438 DE
1522 375 1984 438 IMAGINIBUS
2017 378 2299 442 ORATIO
2335 382 2456 442 III.

3411 378 3549 444 1506

303 505 322 540 ι
355 482 464 540 Ἶιν
494 483 552 539 δὲ
583 482 756 540 καὶτὸ
786 483 1090 559 ὲκτύπωμα
1138 487 1199 542 τὸ
1238 489 1332 544 τοῦ
1376 493 1702 547 ’Λποστόλου
1738 494 1871 564 ἔχων

1985 495 2140 551 behat
2180 508 2360 554 autem
2407 496 2644 570 apostoli
2691 495 2847 553 Pauli
2893 495 2949 552 in
2995 495 3234 568 imagine
3283 495 3555 554 deforma-

296 579 354 631 ἐν
406 578 601 642 εἰκόνι,
640 575 768 630 ἔνθα
821 579 1146 644 ἀνεπαύετο,
1189 580 1280 634 διὰ
1337 581 1436 653 τὴν
1469 581 1564 636 τοῦ
1620 582 1872 655 σώματος

294 665 600 733 ἀσθένειαν,
651 667 825 739 βραχύ
874 683 961 722 τιο
999 664 1068 741 ἦν
1119 669 1228 742 γὰρ
1267 672 1685 744 πολυάγρυπνος
1736 675 1871 748 ὑπὲρ

296 755 608 826 φύσινοκαὶ
665 757 830 827 ἡνίκα
887 760 1136 832 διήρχετο
1165 761 1266 826 τὰς
1309 763 1630 829 Ἐπιστολὰς
1682 765 1872 833 αὐτοῦ,

297 845 606 914 ὲνητένιζεν
635 849 795 919 αὐτῇ,
824 849 922 903 καὶ
974 849 1051 914 ὡς
1106 851 1201 905 ἐπὶ
1253 851 1456 917 ζῶντος
1480 854 1670 919 αὐτοῦ,
1697 855 1870 920 οὕτως

298 939 583 1009 προσεῖχεν
615 938 786 1011 αὐτῷ,
838 943 1158 1014 μακαρίζων
1211 944 1394 1009 αὑτὸν,
1425 947 1519 1000 καὶ¹
1557 947 1678 1002 ὅλον
1706 947 1874 1001 αὐτοῦ

296 1027 388 1079 τὸν
427 1027 684 1099 λογισμὸν
721 1030 856 1100 πρὸς
901 1032 1071 1103 αὐτὴν
1121 1029 1258 1104 εἷχε,
1313 1036 1742 1107 φανταζόμενος,
1777 1039 1875 1093 καὶ

295 1115 385 1171 διὰ
417 1117 516 1188 τῆς
558 1117 793 1188 θεωρίας
853 1119 1001 1190 αὐτῷ
1036 1121 1260 1192 ὁμιλῶν.
1301 1141 1318 1174 ι
1357 1125 1470 1179 Kal
1503 1126 1632 1194 μετ’
1676 1127 1870 1196 ὀλίγαο

302 1226 321 1260 ι
368 1207 456 1272 Ὠς
478 1208 536 1263 δὲ
569 1209 850 1263 ἐπαύσατο
887 1212 917 1263 ὁ
950 1212 1192 1282 Πρόκλος
1246 1214 1446 1280 λαλῶν,
1507 1216 1758 1282 ἀτενίσας
1803 1221 1871 1290 τῇ

295 1300 467 1354 εἰκόνι
519 1301 616 1354 τοῦ
686 1302 1035 1369 Ἀποστόλου,
1071 1306 1167 1358 καὶ
1217 1305 1552 1378 θεασάμενος
1583 1309 1676 1362 τὸν
1710 1327 1874 1381 χαρα-

295 1391 474 1460 κτῆρα
530 1392 718 1458 αὑτοῦ,
765 1395 952 1464 ὅμοιον
1011 1394 1104 1449 τοῦ
1159 1396 1416 1466 ὀφθέντος
1472 1399 1642 1470 αὐτῷ,
1695 1401 1872 1470 βαλὼν

297 1482 597 1550 μετάνοιαν
615 1484 706 1565 ,τῷ
757 1485 1002 1557 Ἰωάννῃ,
1065 1483 1210 1554 εἶπε,
1258 1489 1724 1546 δακτυλοδεικτιῖΝ
1770 1494 1870 1564 τὴν

294 1574 478 1628 εἰκόνα
506 1591 520 1605 ·
565 1575 931 1648 Συγχὼρησόν
968 1596 1080 1649 μοι,
1111 1581 1294 1653 Πάτερ
1315 1598 1329 1613 ο
1358 1583 1418 1636 ὃν
1440 1577 1580 1638 εἶδον
1601 1583 1871 1640 λαλοῦντᾶ

296 1683 398 1732 σοι,
437 1665 624 1736 ὅμοιός
648 1671 762 1722 ἐστι
795 1669 968 1740 τούτῳ
993 1687 1006 1701 ·
1035 1671 1175 1726 ὥστε
1219 1674 1607 1745 ὑπολαμὸάνω,
1647 1677 1727 1730 ὅτι
1774 1679 1870 1733 καὶ

292 1756 453 1821 αὐτός
487 1758 655 1812 ἐστιν.
691 1778 710 1811 ι

306 1940 406 1994 Ἐκ
445 1939 554 2008 τῆς
575 1942 859 1996 Φιλοθέου
895 1943 1182 2012 ἱστορίας,
1223 1943 1582 2014 Θεοδωρίτου
1630 1947 1876 2004 ἐπισκό-

364 2027 482 2134 σὲου
513 2014 733 2134 ξύρου,
769 2016 856 2078 εἰς
913 2014 1022 2066 τὸν
1047 2014 1194 2078 ,βίον
1227 2015 1332 2070 τοῦ
1358 2016 1531 2086 ἁγίου
1564 2018 1877 2086 Συμεῶνος

415 2097 510 2133 ιον
536 2100 662 2136 του.

293 2208 298 2214 -
378 2189 398 2223 ι
439 2173 575 2244 Περὶ
606 2172 712 2245 γὰρ
760 2174 1012 2241 Ἰταλίας,
1073 2175 1329 2248 περιττόν
1378 2175 1492 2229 ἔστι
1533 2176 1628 2230 καὶ
1671 2177 1873 2248 λέγειν.

295 2266 432 2317 Φασὶ
462 2264 572 2335 γὰρ
599 2265 770 2331 οὕτως
797 2267 854 2321 ὲν
888 2267 1078 2340 Ῥώμῃ
1119 2271 1182 2339 τῇ
1215 2268 1448 2340 μεγίστῃ
1501 2269 1875 2342 πολυθρύλλη-

296 2373 388 2410 τον
417 2357 674 2425 γενέσθαι
713 2359 804 2414 τὸν
830 2358 1021 2431 ἄνδρα,
1070 2361 1146 2422 ὡς
1174 2361 1232 2414 ἐν
1276 2360 1450 2416 ἅπασι
1489 2364 1603 2427 τοῖς
1641 2363 1751 2417 τῶν
1780 2365 1875 2436 ὲρ-

296 2449 612 2519 γαστηρίων
676 2451 1067 2521 προπυλαίοις,
1123 2452 1342 2519 εἰκόνας
1413 2455 1564 2525 αὐτῷ
1617 2455 1878 2528 βραχείας

297 2540 623 2612 ἀναστῆσαι,
652 2542 901 2614 φυλακήν
927 2561 1048 2597 τινα
1097 2545 1280 2614 σφίσιν
1323 2546 1528 2612 αὐτοῖς,
1576 2549 1670 2601 καὶ
1699 2549 1876 2619 ἀσφά-

296 2633 445 2686 λειαν
475 2633 726 2688 ἐντεῦθεν
749 2636 1092 2706 πορίζοντας.
1130 2655 1148 2688 ι

306 2723 416 2777 Τοῦ
437 2723 610 2793 ἁγίου
636 2727 1057 2802 Βασι.ίείοῦ,ἐκ
1083 2727 1194 2802 τῆς
1221 2728 1308 2794 εἰς
1330 2727 1438 2783 τὸν
1474 2729 1730 2784 Ἡσαΐαν
1761 2729 1874 2802 (26)

915 2797 1254 2866 ἑρμηνείας.

375 2901 395 2936 ι
437 2884 656 2956 Ἐπειδὴ
704 2882 812 2939 εἶδε
862 2887 957 2940 τὸν
1013 2888 1304 2958 ἄνθρωπον
1366 2892 1486 2943 κατ’
1541 2892 1728 2945 εἰκόνα
1778 2892 1876 2945 καλ⁸

296 2977 558 3046 ὁμοίωσιν
581 2977 738 3039 Θεοῦ,
771 2977 845 3050 μὴ
873 2978 1170 3050 δυνάμενος
1203 2983 1283 3045 εἰς
1306 2982 1438 3035 Θεὸν
1473 2983 1771 3054 τραπῆναι,
1797 2985 1876 3048 εἰς

300 3068 398 3139 τὴν
428 3069 614 3124 εἰκόνα
641 3069 735 3122 τοῦ
761 3070 898 3124 Θεοῦ
923 3071 1023 3142 τὴν
1053 3073 1250 3125 ἑαυτοῦ
1284 3073 1552 3144 πονηρίαν
1579 3074 1870 3130 ἐκένωσεν.

302 3162 514 3234 Ὥσπερ
555 3161 610 3216 εί
653 3180 736 3226 τις
766 3163 1055 3236 ἄνθρωπος
1105 3163 1478 3236 ὀργιζόμενος,
1539 3165 1640 3236 τὴν
1692 3165 1877 3220 εἰκόνα

299 3253 527 3321 λιθάζοι,
571 3255 761 3326 ἐπειδὴ
799 3255 891 3310 τὸν
936 3255 1162 3326 βασιλέα
1204 3257 1265 3309 οὐ
1304 3255 1548 3320 δύναται,
1603 3257 1664 3309 τὸ
1723 3257 1878 3322 ξύλον

298 3344 517 3400 τύπτων
545 3346 607 3400 τὸ
627 3346 723 3416 τὴν
759 3347 992 3418 μίμησιν
1018 3347 1160 3418 ἕχον.
1207 3366 1224 3398 ι

369 3528 645 3597 Σχόλιον.
705 3528 863 3583 Οὕτω
908 3529 1002 3584 καὶ
1050 3531 1158 3594 πᾶς
1189 3533 1217 3584 ὁ
1252 3531 1428 3604 τιμῶν
1450 3533 1548 3604 τὴν
1587 3535 1790 3598 είκόνα,
1818 3535 1877 3588 τὸ

298 3619 606 3691 ἀρχέτυπον
633 3621 874 3691 δηλονότι
903 3624 1062 3693 τιμᾷ.

512 3713 624 3768 Τοῦ
651 3712 858 3778 αὐτοῦ,
875 3715 945 3768 ἐκ
979 3714 1086 3784 τῆς
1110 3715 1302 3786 αὐτῆς
1322 3716 1660 3787 ἑρμηνείας.

372 3821 392 3854 ι
428 3803 641 3874 ’Ὠσπερ
661 3804 770 3875 γὰρ
808 3806 837 3858 ὁ
862 3804 1150 3878 βασιλικὴν
1186 3806 1379 3861 εἰκόνα
1413 3807 1776 3878 καθυϐρίσας,
1798 3811 1874 3875 ὠς

296 3897 376 3960 εἰς
410 3897 572 3951 αὐτὸν
601 3897 989 3970 ἐξαμαρτήσας
1027 3899 1120 3952 τὸν
1151 3899 1376 3968 βασιλέα
1417 3901 1699 3972 κρίνεται·
1731 3905 1873 3962 οὕτω

293 3987 532 4058 δηλονότι
558 3989 809 4052 ὑπόδικός
840 3990 956 4042 ἐστι
980 3992 1046 4060 τῇ
1065 3991 1332 4063 ἁμαρτίᾳ,
1363 3992 1390 4044 ό
1411 3993 1502 4046 τὸν
1537 3997 1659 4048 κατ’
1688 3998 1872 4052 εἰκόνα

296 4077 662 4148 γεγενημένον
694 4078 1066 4150 καθυϐρίζων.
1105 4097 1123 4131 ι

303 4258 411 4333 Τοῦ
463 4259 636 4333 ἁγίου
687 4259 1072 4333 ’Λθαιςασίουμ
1103 4259 1238 4333 (27),
1262 4259 1330 4333 ἐκ
1358 4261 1476 4315 τῶν
1519 4265 1870 4333 ,γραφέντων

365 4329 584 4403 ἑκατὸν
602 4329 952 4403 νεεςρααῖαίῳνΔ
965 4328 1120 4403 πρὸς
1151 4330 1455 4403 Ἀντίοχον
1468 4328 1574 4385 1-da-
1584 4328 1866 4403 ἄρχοντα,

365 4401 514 4453 κατὰ
539 4399 759 4454 πεῦσιν
787 4399 885 4452 καὶ
923 4399 1265 4468 ἀπόκρισιν,
1293 4399 1766 4474 κεφάλαιον-’1ης

378 4489 615 4559 Ἀπόκρ.
665 4509 683 4542 ι
731 4490 842 4561 Οὐχ
869 4490 944 4555 ὡς
968 4489 1125 4554 Θεοὺς
1152 4491 1249 4557 τὰς
1276 4493 1491 4558 εἰκόνας
1525 4496 1865 4566 προσκυνοῦ-

1986 595 2095 642 tam
2137 591 2402 660 eﬁigiem,
2457 606 2523 647 eo
2575 591 2630 646 in
2689 590 2848 657 loco,
2896 589 2988 644 ubi
3028 585 3252 661 prdpter
3298 589 3551 661 corporis

1977 681 2418 738 imbecillitatem
2480 697 2776 754 parumper
2832 682 3035 753 quietis
3073 682 3329 752 captabat
3377 681 3556 753 (nam

1981 787 2146 842 supra
2179 787 2343 843 quam
2372 781 2571 827 natura
2613 773 2841 843 patitur,
2864 771 3106 844 vigilias
3147 771 3547 844 producebat),

1981 865 2034 918 in
2065 881 2228 935 quam
2253 903 2270 932 ,
2302 863 2579 935 Epistolas
2612 865 2762 920 illius
2797 843 3196 932 poi-volvendo,
3241 863 3431 919 oculos
3476 863 3559 916 in-

1979 955 2218 1012 tendens
2261 956 2337 1011 ita
2379 953 2649 1025 deﬁgebat
2672 998 2685 1021 ,
2717 969 2782 1011 ac
2813 955 2856 1010 si
2900 955 2954 1009 in
2990 955 3132 1011 vivis
3159 955 3248 1010 ille
3276 962 3561 1025 superstes-

1978 1049 2178 1105 fuisset
2205 1067 2218 1114 ;
2251 1056 2310 1102 ut
2334 1048 2806 1119 gratulabundus,
2837 1062 3071 1117 eumque
3099 1047 3201 1102 sibi
3231 1055 3560 1118 praesentem

1977 1139 2225 1212 ﬁngens,
2269 1138 2657 1210 cogitationem
2702 1153 2920 1194 omnem
2967 1135 3034 1193 ad
3078 1140 3259 1208 ipsum
3297 1137 3563 1207 dirigeret

1975 1237 2028 1284 et
2061 1245 2156 1299 per
2187 1228 2713 1298 contemplationem
2744 1242 2870 1282 cum
2903 1228 3024 1298 ipso
3051 1235 3502 1282 conversaretur.
3534 1245 3553 1278 ι

1977 1318 2272 1374 Nonnullis
2319 1318 2614 1388 interjectis
2641 1333 2660 1370 :
2691 1339 2707 1370 ‹
2737 1317 2874 1373 Cum
2921 1328 3102 1373 autem
3133 1319 3298 1390 366
3329 1319 3562 1373 Proelus

1976 1410 2140 1465 ﬁnem
2172 1409 2394 1466 dicendi
2443 1409 2705 1474 fecisset,
2750 1410 2928 1467 oculis
2969 1411 3024 1464 in
3061 1410 3220 1465 Pauli
3264 1411 3558 1481 imaginem

1973 1501 2168 1558 deﬁxis
2188 1541 2202 1566 ,
2234 1501 2470 1557 similem
2507 1502 2657 1558 illius
2689 1517 2849 1572 quem
2881 1503 3129 1570 viderat,
3159 1503 3390 1573 ﬁguram
3420 1516 3559 1558 con-

1973 1595 2254 1666 Spicatus,
2303 1594 2550 1650 exhibita
2602 1592 2803 1649 Joanni
2854 1596 3201 1660 reverentia,
3259 1593 3555 1666 imaginem

1977 1687 2152 1756 digito
2181 1696 2506 1743 monstrans
2535 1687 2610 1740 ait
2636 1705 2650 1741 :
2683 1687 2948 1756 ignosce,
2979 1685 3165 1750 Pater,
3201 1686 3248 1742 is
3277 1701 3440 1757 quem
3480 1697 3556 1741 tc-

1973 1794 2097 1833 cum
2149 1780 2461 1849 loquentem
2512 1777 2661 1842 vidi,
2697 1777 2827 1832 huic
2863 1777 3061 1834 similis
3100 1789 3220 1843 eSt,
3265 1786 3466 1847 atque,
3503 1784 3562 1831 ut

1914 1874 1955 1929 Β
1990 1885 2138 1931 reor,
2164 1869 2371 1924 illemct
2396 1872 2512 1938 ipse
2532 1876 2638 1924 est.
2664 1887 2683 1920 ι

2053 1955 2137 2014 Ex
2167 1961 2419 2030 religiosa
2457 1961 2681 2014 historia
2713 1958 3292 2030 Theodoretiepiscopi
3321 1959 3485 2030 Cyri,

2284 2031 2339 2083 in
2380 2029 2500 2082 Vita
2529 2031 2701 2084 sancti
2731 2028 2994 2084 Simeonis
3026 2029 3257 2100 Stylitw.

2056 2206 2074 2237 ι
2107 2183 2241 2240 Nam
2277 2185 2344 2241 de
2389 2186 2541 2240 Italia
2578 2202 2891 2243 sermonem
2930 2188 3099 2243 etiam
3133 2188 3337 2246 habere
3369 2205 3563 2261 super.

1981 2274 2149 2331 lluum
2179 2275 2364 2332 fuerit.
2399 2278 2569 2332 Aiunt
2600 2280 2746 2332 enim
2795 2279 2850 2333 in
2896 2279 3234 2350 amplissima
3273 2281 3414 2337 urbe
3447 2282 3558 2337 llo-

1981 2383 2141 2422 mana
2173 2369 2353 2424 virum
2390 2369 2536 2424 hunc
2570 2370 2996 2426 celeberrimum
3044 2369 3250 2439 fuisse,
3289 2372 3365 2427 ita
3401 2381 3458 2428 ut
3501 2373 3558 2430 in

1978 2461 2224 2516 omnium
2259 2461 2604 2517 olIicinarum
2640 2463 2930 2519 vestibulis
2960 2470 3014 2518 et
3049 2463 3559 2534 superliminaribus

1978 2547 2358 2619 imagunculas
2383 2549 2560 2606 eidem
2590 2553 2900 2618 erexerint,
2929 2553 3077 2608 unde
3108 2553 3213 2609 sibi
3241 2554 3556 2624 praesidium

1978 2641 2257 2712 quoddam
2292 2650 2346 2697 et
2377 2643 2734 2699 securitatem
2767 2653 3158 2715 procurarent.
3195 2663 3212 2697 ι

2124 2730 2308 2787 Sancti
2342 2732 2572 2801 Basilii,
2607 2750 2672 2790 ex
2704 2739 3045 2792 enarratione
3088 2738 3143 2791 in
3185 2735 3414 2792 Isaiam.

2056 2905 2078 2940 ι
2110 2887 2233 2943 Mox
2266 2895 2327 2942 ut
2358 2887 2636 2944 hominem
2679 2890 2745 2945 ad
2797 2890 3092 2962 imaginem
3139 2900 3194 2948 et
3241 2893 3559 2949 similitudi-

1978 2994 2102 3035 nem
2137 2979 2234 3035 Dei
2266 2981 2552 3036 conditum
2586 2981 2756 3047 vidit,
2795 2997 2918 3038 eum
2954 2986 3100 3040 vires
3132 3001 3264 3042 suas
3293 2987 3350 3041 in
3387 2986 3558 3042 Deum

1977 3076 2302 3126 convertere
2355 3083 2468 3124 non
2517 3077 2740 3140 posset,
2797 3072 3062 3129 adversus
3119 3073 3211 3130 Dei
3261 3074 3558 3147 imaginem

1983 3174 2138 3215 suam
2170 3160 2426 3216 exhausit
2468 3160 2859 3231 malignitatem
2888 3181 2902 3218 :
2933 3177 2998 3218 ac
3027 3165 3073 3220 si
3110 3166 3240 3235 quis
3273 3166 3353 3220 ira
3381 3165 3562 3236 perci-

1985 3260 2074 3308 tus
2099 3294 2113 3318 ,
2148 3251 2496 3322 imperatoris
2541 3252 2868 3322 imaginem,
2905 3255 3128 3324 quando
3170 3257 3558 3326 imperatorem

1983 3360 2092 3400 non
2127 3353 2346 3414 potest,
2381 3343 2661 3415 lapidibus
2692 3354 2841 3415 petat
2871 3363 2884 3406 ;
2920 3346 3109 3414 sicque
3140 3347 3348 3418 lignum
3385 3348 3559 3418 impe-

1980 3435 2188 3491 ratoris
2219 3435 2515 3506 imaginem
2546 3435 2794 3491 referens
2829 3438 3120 3507 percutiat.
3164 3457 3182 3488 ι

2051 3524 2345 3583 Comment.
2390 3526 2677 3584 Consimili
2728 3530 2940 3586 ratione
2980 3529 3232 3600 quisquis
3264 3537 3560 3587 veneratur

1979 3617 2308 3688 imaginem,
2338 3619 2519 3689 ipsum
2550 3619 2740 3689 utique
2767 3613 3095 3676 revereatur
3123 3621 3424 3692 exemplar.

2263 3705 2519 3778 Ejusdem
2543 3749 2560 3775 ,
2590 3724 2654 3764 ea:
2683 3709 2868 3766 eadem
2897 3712 3257 3767 enarratione.

2059 3798 2226 3854 «Nam
2250 3838 2264 3865 ,
2294 3800 2760 3871 quemadmodum
2785 3802 2840 3856 in
2868 3802 3021 3857 illum
3044 3846 3060 3869 ,
3086 3805 3181 3873 qui
3208 3805 3557 3874 imperatoris

1977 3889 2273 3962 imaginem
2297 3893 2602 3963 ignominia
2625 3893 2831 3961 aﬁecit,
2857 3895 3002 3951 haud
3025 3911 3185 3952 secus
3209 3897 3556 3954 animadver-

1974 3982 2135 4048 titur,
2169 3999 2234 4039 ac
2274 3985 2318 4041 si
2355 3987 2696 4042 contumelia
2727 3986 3112 4057 imperatorem
3154 3987 3334 4058 ipsum
3370 4004 3558 4060 asper-

1973 4073 2137 4130 sisset
2167 4093 2180 4129 :
2209 4076 2290 4130 sic
2320 4075 2548 4144 perinde
2574 4077 2782 4146 peccati
2809 4091 2936 4132 rcus
2959 4086 3064 4143 cst,
3087 4079 3179 4148 qui
3203 4079 3256 4132 in
3279 4079 3554 4135 hominem

1974 4165 2039 4220 ad
2067 4165 2161 4222 Dei
2185 4167 2480 4240 imaginem
2507 4168 2789 4223 conditum
2822 4168 3126 4239 injuriosus
3158 4170 3238 4222 ﬁt.
3283 4188 3302 4221 ι

1973 4258 2160 4315 Sancti
2195 4261 2515 4325 Athanasii,
2554 4276 2620 4316 ex
2673 4270 2880 4315 centum
2930 4259 3195 4328 capitibus
3245 4261 3316 4315 ad
3364 4263 3553 4320 Antio-

1992 4355 2002 4369 ι
2043 4330 2196 4402 cltum
2230 4332 2572 4402 prmfectum,
2615 4347 2707 4398 per
2744 4331 3185 4399 interrogationes
3233 4340 3283 4384 et
3330 4348 3551 4402 respon—

2040 4401 2234 4464 siones,
2263 4415 2385 4470 cap.
2417 4401 2506 4456 58.

2039 4491 2348 4558 Responsio.
2373 4509 2392 4542 ι
2421 4491 2528 4547 Nos
2553 4489 2739 4546 ﬁdeles
2764 4505 3111 4559 nequaquam
3131 4483 3400 4565 imagines
3427 4504 3554 4552 tan-

1809 4629 2041 4688 NOTAE.

367 4718 479 4792 (26)
508 4721 615 4792 ,Ἕκ
641 4719 748 4787 τῆς
779 4723 865 4787 είς
933 4721 1040 4774 τὸν
1071 4718 1318 4792 Ἡσαΐαν
1347 4721 1687 4792 ἑρμηνείας.
1733 4723 1869 4777 Era-

1985 4723 2122 4778 inter
2148 4719 2504 4792 presbyteros
2530 4717 2796 4792 allegatus
2834 4726 2974 4784 erat,
3011 4718 3066 4773 id
3091 4720 3238 4790 quod
3270 4720 3438 4778 semel
3461 4731 3542 4780 at-

297 4787 471 4848 sru'us'
504 4787 1538 4864 inﬁciatiis_estcommentariosiistOS
1586 4787 1651 4846 in
1673 4791 1868 4864 Isaiam
1900 4787 1939 4792 ⁷
1972 4807 2086 4864 que
2102 4787 2299 4864 iterum
2321 4787 2837 4864 videturhindicare.

300 4876 419 4916 esse
441 4863 622 4930 magni
661 4859 870 4926 Basilii,
916 4860 1203 4930 immerito,
1241 4861 1418 4930 inquit
1449 4861 1671 4917 Gavius.
1704 4862 1870 4916 Com-

299 4931 522 4986 belisius
539 4929 731 4986 censet
777 4947 877 4984 non
916 4929 1073 4984 aliter
1097 4947 1226 4998 opus
1255 4929 1350 4984 hoc
1380 4931 1604 4985 Erasmo
1632 4932 1870 4996 viluisse,

299 5016 454 5071 qnam
488 5004 628 5071 quod
682 5002 940 5070 imparem
997 5017 1051 5054 se
1110 5003 1230 5054 huic
1280 5009 1442 5055 tanta:
1485 5002 1872 5055 elucubrationi

303 5069 659 5141 deprehendit.
689 5069 959 5129 Proreclo.
995 5072 1049 5124 in
1078 5079 1239 5141 caput
1263 5071 1319 5136 2,
1357 5078 1549 5126 auctor
1575 5087 1633 5126 sc
1663 5071 1874 5141 Cappa-

302 5139 500 5213 docem
530 5142 729 5213 prodit,
759 5141 848 5196 ubi
883 5141 980 5204 ait,
1011 5139 1176 5210 posse
1222 5152 1426 5213 gentes
1448 5143 1724 5213 numerari
1748 5139 1874 5207 qua:

301 5209 511 5282 Christi
536 5211 694 5282 ﬁdem
720 5213 986 5282 amplexu:
1016 5209 1194 5276 erant,
1228 5209 1363 5281 puta
1383 5211 1442 5264 τὸ
1462 5211 1868 5282 Καππαδοκῶν,

305 5281 408 5354 καί
424 5279 697 5343 Γαλατῶν,
716 5279 826 5354 *καῖ
855 5283 1179 5354 ’Λρμενίωνζ
1196 5279 1460 5352 ῆΣύρων,
1483 5281 1870 5354 Cappadocum,

306 5347 642 5411 Galatarum,
694 5347 1084 5415 Armeniorum,
1142 5347 1422 5415 Syrorum,
1470 5347 1597 5406 etc—.7
1626 5349 1873 5407 Proclivc

305 5417 510 5492 quippe
532 5429 649 5472 erat
709 5420 916 5492 homini
978 5417 1286 5492 Cappadoci
1352 5431 1412 5476 ut
1468 5421 1709 5492 gentiles-
1742 5437 1871 5477 suos

307 5489 482 5556 primo
501 5488 957 5561 loconomiuaret,
972 5488 1296 5547 tumdeiude
1311 5488 1544 5547 vicinos.
1570 5491 1624 5544 ln
1642 5506 1761 5561 cap.
1804 5491 1870 5546 10

305 5563 540 5611 testatur
562 5557 881 5632 seseribere
898 5560 950 5612 in
968 5562 1216 5630 ipsismet
1229 5571 1333 5617 tem
1343 5563 1564 5632 poribus
1575 5577 1697 5632 cum
1709 5557 1760 5614 Ἀ
1771 5577 1867 5615 no-

308 5640 576 5702 minorum
621 5627 1190 5702 haeresisAemcljgeret
1223 5648 1236 5684 :
1279 5627 1472 5702 Ὀποία
1510 5635 1543 5702 ἠ
1574 5629 1668 5684 νῦν
1698 5649 1863 5702 παρα·

305 5695 655 5771 ϐλαστήσασα
681 5697 802 5771 τῶνΔ
830 5695 1386 5771 Ἀνομοίωνγαῖρεσις.
1433 5695 1565 5768 Quin
1607 5715 1729 5755 cum
1761 5695 1862 5754 Ba-

309 5765 606 5822 siliiaztate
659 5767 881 5823 omnino
925 5765 1287 5837 cenveniurit;
1339 5765 1400 5827 ca
1453 5765 1863 5840 nimirum,qua

2041 4861 2152 4932 (27)
2189 4859 2301 4916 Τοῦ
2320 4859 2494 4932 ἁγίου
2547 4858 3128 4932 Ἀθανασίουηριιοᾲ
3167 4860 3256 4916 hic
3284 4868 3450 4932 caput
3475 4863 3544 4920 58

1969 4929 2192 4993 dicitur,
2230 4930 2461 4998 quzestio
2507 4937 2592 4983 est
2657 4930 2726 4983 39
2766 4929 2822 4982 in
2873 4929 3054 4985 editis.
3106 4930 3165 4985 In
3204 4929 3544 4988 codﬁCaesa-

1969 5017 2066 5058 reo
2093 4999 2294 5065 CCCV,
2325 4998 2555 5070 quaestio
2607 4999 2676 5070 9t}
2728 4999 2958 5055 habetur
3000 5002 3229 5056 seorsim
3271 5016 3394 5056 cum
3438 5003 3541 5057 hoc

1973 5073 2136 5128 titulo
2174 5067 2674 5140 ’AOavaaioutl/tlou
2726 5070 3014 5140 ἑρμηνεία,
3060 5071 3340 5125 Athanasii
3369 5072 3541 5125 mino-

1972 5143 2047 5197 ris
2082 5141 2466 5209 interpretatio.
2505 5139 2604 5194 Ubi
2644 5139 2871 5207 proinde
2908 5140 3252 5210 signiﬁcatur
3281 5140 3545 5210 qumstio-

1972 5227 2068 5266 nes
2099 5214 2233 5269 istas
2258 5226 2365 5266 non
2395 5225 2517 5266 esse
2549 5210 2726 5279 magni
2747 5209 3170 5274 AthanaSii,sed
3189 5209 3542 5279 recentioris,
3626 5253 3628 5258 .

1969 5283 2060 5352 qui
2101 5298 2233 5338 Sane
2267 5282 2401 5336 vixit
2427 5277 2760 5352 saeculo—vn,
2803 5280 2889 5352 vel
2927 5288 3156 5352 octavo._
3186 5277 3323 5352 Nam
3365 5278 3542 5352 in_i|la

1969 5347 2085 5423 ipsa
2113 5353 2468 5423 responsione
2495 5351 2586 5423 .39,
2614 5364 2776 5420 quam
2803 5350 2892 5423 hic
2905 5359 2977 5423 _e_t
3017 5348 3411 5423 posthacneitat
3433 5347 3538 5423 Da-

1966 5416 2279 5488 mascenus,
2311 5422 2600 5490 subjicitur
2630 5416 3174 5490 narratioTheodori
3215 5416 3432 5472 IEliota:
3470 5420 3538 5474 de

1965 5487 2272 5559 monacho,
2293 5487 2455 5562 quem
2485 5489 2836 5562 scortationis
2865 5487 3076 5562 daemon
3106 5496 3345 5562 vexaret,
3371 5503 3536 5555 quam

1973 5556 2509 5630 profecto'u'terque
2567 5575 2650 5630 οκΔ
2683 5558 2848 5612 Prata
2905 5556 3535 5630 spiritualiacceperat.

1973 5624 2282 5700 Aliquando
2311 5624 2463 5694 vero,
2483 5628 2592 5684 Deo
2622 5628 2806 5690 dante,
2857 5624 3143 5700 ostendam
3177 5624 3532 5700 Athanasium

1973 5695 2121 5754 liun'e
2198 5701 2468 5756 minorem
2529 5705 2654 5770 post
2715 5711 2918 5750 annum
2977 5695 3532 5766 septingentesimum

1969 5771 2191 5828 vixisse.
