4074 6146
391 317 524 383 1367
611 307 629 324 ’

1561 315 1629 378 S.
1676 311 2004 384 IOANNIS
2041 325 2471 388 DAMASCENI

3506 329 3640 396 i368

386 445 550 501 quam
591 430 725 487 deos
756 430 1086 495 adoramus,
1134 429 1277 487 sicut
1313 431 1520 486 ethnici
1560 427 1775 490 faciunt
1814 455 1828 492 :
1869 437 1966 491 ab-

2075 457 2175 509 μεν
2198 441 2248 494 οἱ
2271 440 2472 504 πιστοὶ,
2497 437 2573 510 μὴ
2598 439 2829 508 γένοιτο,
2886 438 3074 511 ὥσπερ
3111 441 3161 494 οἰ
3181 439 3470 510 Ἕλληνες,
3500 435 3638 496 ἀλλὰ

390 523 495 579 sitl
553 524 648 580 sed
691 523 948 580 allectum
994 523 1298 590 duntaxat,
1339 532 1393 579 et
1437 525 1725 584 cliaritalis
1766 537 1965 584 nostra:

389 616 632 673 studium
663 616 932 671 adversus
967 631 1216 688 persona:
1250 616 1304 670 in
1348 617 1584 687 imagine
1624 619 1857 688 depicta:
1903 619 1966 674 ﬁ-

390 723 581 778 guram
617 705 990 763 declaramus.
1025 708 1372 778 Quapropter
1406 725 1515 764 non
1553 727 1714 779 raro,
1749 712 1965 767 oblitte-

389 807 507 853 rata
540 799 711 870 ﬁgura
732 840 746 862 ,
778 799 984 870 lignum
1035 807 1299 868 tanquam
1337 800 1533 856 inutile
1562 804 1962 859 comburimus.

393 892 548 945 Sicut
583 907 712 962 ergo
743 889 914 946 Jacob
960 892 1122 945 morti
1155 892 1442 962 proximus
1476 893 1758 966 fastigium
1801 895 1967 967 virgae

388 977 590 1053 Joseph
617 983 871 1039 adoravit
913 982 980 1049 ‘3,
1027 999 1136 1038 non
1184 984 1391 1056 virgam
1436 986 1609 1057 ipsam
1653 986 1963 1052 honorans,

392 1076 487 1130 sed
539 1075 691 1130 illum
739 1075 834 1146 qui
881 1090 1002 1130 eam
1037 1077 1330 1146 gestabat;
1378 1077 1455 1132 ita
1508 1091 1609 1131 nos
1663 1076 1966 1133 Christiani

392 1164 539 1219 haud
595 1165 701 1220 alia
760 1166 976 1221 ratione
1036 1167 1308 1237 imagines
1363 1168 1706 1232 salutamus,
1775 1182 1967 1238 quem-

391 1258 683 1313 admodum
719 1257 859 1314 ﬁlios
890 1268 1259 1330 parentesque
1291 1270 1514 1315 nostros
1540 1260 1878 1324 oseulamur,
1910 1270 1968 1316 ut

392 1365 488 1418 per
521 1350 634 1404 haec
679 1349 851 1403 animi
894 1351 1070 1405 nostri
1105 1351 1364 1406 allectum
1394 1349 1762 1406 insinuemus.
1802 1349 1968 1407 Velut

389 1438 611 1494 .ludaeus
643 1439 774 1493 olim
803 1441 938 1509 legis
973 1441 1191 1497 tabulas
1211 1482 1227 1507 ,
1255 1447 1309 1495 et
1334 1439 1444 1496 duo
1470 1439 1766 1497 Cberubim
1799 1456 1968 1497 aurea

388 1539 444 1585 et
473 1529 744 1598 sculptilia
778 1529 1072 1595 adorabat,
1103 1546 1209 1585 non
1239 1530 1472 1601 lapidis,
1501 1532 1689 1586 aurive
1716 1539 1966 1587 naturam

391 1621 658 1689 colendo,
697 1622 792 1678 sed
827 1621 1120 1678 Dominum
1155 1623 1366 1693 ipsum,
1401 1623 1494 1693 qui
1530 1637 1594 1678 ea
1629 1623 1810 1679 facere
1849 1622 1968 1694 jus-

391 1723 556 1770 serat.
580 1733 598 1766 ι

389 1931 553 2005 36⁵1
592 1932 780 1989 Sancti
821 1934 1213 2059 (ΙΙιι-ειεοιιὲοέιιίἱ
1248 1935 1303 1988 in
1343 1935 1481 2003 psal.
1526 1952 1587 1992 ιιι
1625 1937 1682 1992 in
1718 1936 1884 1992 David
1919 1947 1969 1992 et

1130 2022 1189 2059 sa
1217 2022 1322 2059 om.

1130 2022 1322 2060 satam.

468 2117 882 2188 «Imperatores
927 2120 1167 2177 ducibus
1202 2122 1340 2190 suis,
1381 2137 1616 2192 quorum
1647 2135 1752 2193 ope
1792 2124 1970 2180 victo-

393 2208 476 2265 ria
505 2218 666 2280 parta
692 2219 799 2277 est,
837 2211 1205 2281 triumphales
1237 2222 1454 2270 statuas
1487 2215 1750 2285 erigunt;
1796 2230 1969 2286 quos-

393 2305 516 2356 dam
551 2303 681 2357 item
717 2301 911 2360 titulos
963 2305 1208 2361 victoriae
1244 2305 1556 2378 insignibus
1586 2314 1838 2375 ornatos,
1869 2322 1971 2362 auo
2003 2377 2008 2380 ί

393 2393 529 2465 rigis
597 2396 930 2467 athletisque
999 2399 1284 2468 principes
1346 2399 1593 2468 erigunt;
1671 2397 1970 2470 additaque

393 2481 756 2554 inscriptione
791 2487 960 2541 veluti
1014 2492 1306 2544 stemmate
1357 2490 1620 2558 quodam,
1676 2491 1970 2545 materiam

394 2577 638 2633 victoria:
702 2594 1013 2648 praeconem
1055 2577 1325 2635 reddunt.
1377 2582 1486 2636 Alii
1535 2598 1759 2637 rursum
1809 2583 1968 2639 libris

394 2678 448 2722 et
493 2669 694 2724 litteris
741 2670 1013 2724 victorum
1068 2671 1260 2726 laudes
1314 2671 1674 2740 describunt;
1713 2673 1816 2728 hoc
1851 2688 1968 2728 am-

395 2761 630 2826 bientes,
697 2770 756 2815 ut
811 2777 969 2818 suam
1021 2762 1076 2816 in
1110 2763 1344 2818 dicendo
1391 2765 1522 2830 vim,
1584 2780 1774 2819 eorum
1829 2780 1969 2836 quos

394 2853 623 2908 laudant
683 2853 1012 2908 fortitudine
1063 2855 1408 2924 superiorem
1469 2871 1594 2911 esse
1651 2857 1966 2912 ostendant.

393 2945 572 3014 Atque
646 2945 970 3016 scriptores,
1042 2947 1312 3016 pictores,
1387 2949 1665 3014 statuarii,
1757 2950 1968 3020 pepuli,

397 3035 703 3106 principes,
770 3037 1027 3094 civitates
1079 3048 1132 3094 et
1194 3039 1474 3111 regiones,
1536 3039 1781 3096 victores
1838 3054 1970 3095 suos

2067 532 2167 604 τὴν
2195 532 2380 604 σχέσιν
2415 532 2596 603 μόνον,
2629 531 2840 584 καὶτὸν
2881 530 3047 585 πόθον
3081 532 3178 603 τῆς
3222 531 3384 602 ἡμῶν
3412 533 3638 604 ἀγάπης

2067 625 2205 695 πρὸς
2229 625 2319 678 τὸν
2346 625 2676 695 χαρακτῆρα
2703 623 2798 678 τοῦ
2835 623 3130 694 προσώπου
3157 624 3257 694 τῆς
3286 624 3490 688 εἰκόνος
3529 627 3638 696 ἐμ-

2069 714 2407 783 φανίζοντες.
2432 715 2594 770 Ὅθεν
2652 715 2912 778 πολλάκις
2943 713 3038 768 τοῦ
3078 715 3425 786 χαρακτῆρος
3473 717 3638 770 λεαν-

2068 808 2269 873 θέντος,
2293 809 2367 873 ὡς
2392 809 2547 874 ξύλον
2558 804 2745 864 λοιπὸν
2774 809 2944 880 ἀργὸν
2966 809 3066 880 τήν
3094 825 3225 862 ποτε
3266 809 3451 863 εἰκόνα
3476 827 3640 864 κατα-

2067 902 2316 973 καίομεν.
2360 903 2572 972 Ὥσπερ
2593 897 2684 956 οὖν
2708 903 2736 955 ὁ
2770 901 2964 956 Ἰακὼϐ
2999 901 3211 973 μέλλων
3241 902 3522 972 τελευτᾷν,
3545 902 3641 954 ἐπὶ

2067 995 2128 1046 τὸ
2157 993 2326 1064 ἄκρον
2348 996 2448 1064 τῆς
2475 994 2672 1065 ῥάϐδου
2706 993 2802 1048 τοῦ
2850 992 3047 1065 Ἰωσὴφ
3099 993 3528 1065 προσεκύνησεν,
3574 993 3637 1045 οὐ

2067 1085 2165 1157 τὴν
2189 1084 2381 1156 ῥάϐδον
2401 1085 2598 1156 τιμῶν,
2661 1084 2798 1139 ἀλλὰ
2824 1084 2914 1138 τὸν
2943 1083 3150 1156 ταύτην
3187 1085 3510 1156 κατέχοντα,
3547 1083 3641 1139 οὖ-

2066 1195 2176 1243 τως
2213 1180 2262 1232 οἰ
2284 1179 2487 1243 πιστοὶ,
2507 1178 2568 1232 οὐ
2597 1177 2664 1232 δι’
2693 1178 2881 1250 ἕτερόν
2914 1194 3036 1231 τινα
3057 1177 3257 1248 τρόπον
3298 1178 3397 1241 τὰς
3423 1178 3640 1238 εἰκόνας

2067 1268 2444 1339 ἀσπαζόμεθα,
2473 1269 2663 1340 ὥσπερ
2681 1269 2775 1322 καί¹
2800 1269 2869 1324 τὰ
2901 1267 3068 1321 τέκνα
3092 1267 3248 1338 ἡμῶν
3277 1269 3369 1321 καὶ
3391 1267 3642 1339 πατέρας

2068 1361 2329 1425 πολλάκις
2355 1360 2799 1430 καταφιλοῦντες,
2820 1359 2933 1413 ἀλλ’
2958 1360 3044 1413 ἴνα
3072 1358 3164 1412 τὸν
3176 1357 3339 1416 πόθον
3367 1359 3470 1428 τῆς
3497 1360 3639 1429 ἠμε-

2067 1454 2233 1526 τέρας
2264 1452 2444 1523 ψυχῆς
2490 1451 2902 1524 ὲμφανίσωμεν.
2949 1451 3158 1520 Ὥσπερ
3183 1448 3293 1520 γάρ
3315 1449 3413 1504 καὶ
3439 1450 3468 1501 ὁ
3508 1451 3640 1503 ‘Ioue

2055 1547 2234 1613 ’6ct‘iog,
2259 1546 2358 1610 τὰς
2383 1545 2475 1599 τοῦ
2509 1547 2676 1616 νόμου
2735 1544 2968 1608 πλάκας,
3002 1543 3095 1596 καὶ
3130 1541 3201 1594 τὰ
3227 1541 3321 1594 δύο
3358 1539 3638 1610 Χερουϐὶμ

2069 1639 2136 1693 τά
2156 1639 2330 1710 χρυσᾶ
2364 1638 2458 1692 καί
2485 1637 2702 1706 γλυπτά
2735 1638 3076 1707 προσεκύνει,
3109 1634 3170 1688 οὐ
3199 1632 3376 1703 τιμῶν
3399 1633 3494 1702 τὴν
3536 1631 3636 1684 τοῦ

2071 1728 2218 1782 λίθου
2243 1728 2336 1782 καὶ
2355 1728 2578 1800 χρυσίου
2597 1727 2777 1797 φύσιν,
2805 1725 2941 1781 ἀλλά
2964 1724 3055 1778 τὸν
3074 1723 3251 1776 ταῦτα
3273 1720 3642 1792 ἐπιτρέψαντα

2070 1822 2296 1892 Κύριον.
2331 1839 2350 1872 ι

2076 1932 2187 1988 Τοῦ
2217 1933 2390 2002 ἀβίου
2417 1933 2873 2004 Χρυσοσέιζόμου,
2904 1933 2991 1999 εἰς
3014 1933 3122 1986 τὸν
3142 1942 3343 2004 τριτον
3367 1932 3637 2004 ψαλμὸν,

2417 2005 2505 2067 εἰς
2537 2001 2714 2056 Δαϐἰδ
2752 2002 2852 2056 καὶ
2894 2003 3299 2073 Ἀϐεσσαλώμ.

2147 2136 2166 2170 ι
2230 2115 2562 2179 Ἐπινικίους
2611 2115 2710 2187 μὶν
2759 2116 3087 2187 ἀνδρίαντας
3139 2117 3190 2170 οἰ
3233 2115 3471 2187 βασιλεῖς
3524 2118 3640 2183 τοῖς

2072 2209 2402 2280 στρατηγοῖς
2458 2208 2746 2278 νικήσασιν
2803 2207 3158 2262 ἀνατιθέασι·
3217 2205 3546 2280 νικηφόρους
3580 2209 3638 2262 δέ

2069 2319 2222 2366 τινας
2257 2301 2461 2372 στήλας
2506 2299 2885 2370 ὲπεγείρουσιν
2942 2297 3203 2370 ἄρχοντες
3253 2299 3489 2369 ἡνιόχοις
3541 2300 3640 2354 καὶ

2071 2392 2369 2465 ἀθληταῖς,
2445 2391 2542 2446 καὶ
2613 2392 2691 2462 τῷ
2759 2392 3177 2462 ἐπιγράμματι,
3231 2391 3308 2456 ὡς
3340 2393 3636 2462 πέμματι,

2071 2487 2294 2558 κήρυκα
2338 2485 2441 2555 τῆς
2505 2484 2662 2556 νίκης
2719 2484 2819 2554 τὴν
2878 2480 3012 2555 ὕλην
3067 2484 3417 2555 ἐργάζονται.
3455 2484 3638 2539 ’Δλλοι

2073 2577 2234 2631 πάλιν
2267 2577 2325 2630 ὲν
2357 2575 2560 2647 βίϐλοις
2600 2575 2694 2629 καὶ
2725 2577 3018 2646 γράμμασι
3057 2576 3184 2639 τοὺς
3232 2575 3487 2640 ἐπαίνους
3524 2578 3638 2639 τοῖς

2071 2670 2319 2738 νικηταῖς
2351 2667 2646 2739 γράφουσι,
2677 2667 2778 2738 τὴν
2815 2667 2996 2721 αὐτῶν
3035 2669 3093 2722 ὲν
3124 2666 3202 2738 τῷ
3235 2667 3445 2738 ἐπαίνῳ
3474 2667 3636 2720 δύναο

2075 2777 2189 2830 μιν,
2219 2759 2572 2830 ἰσχυροτέραν
2599 2757 2708 2811 τῶν
2737 2758 3146 2829 ἐπαινουμένων
3174 2758 3345 2825 δεῖξαι
3370 2759 3636 2821 θέλοντες.

2072 2850 2182 2904 Καὶ
2215 2849 2580 2920 λογογράφοι,
2623 2850 2719 2903 καὶ
2766 2849 3081 2919 ζωγράφοι,
3129 2849 3225 2902 καὶ
3260 2848 3636 2917 λιθογλύπται,

2072 2944 2168 2996 καὶ
2200 2943 2399 3013 δῆμοι,
2440 2943 2536 2996 καὶ
2565 2941 2823 3013 ἄρχοντες
2849 2982 2864 3006 ,
2901 2941 2996 2996 καὶ
3029 2942 3214 3005 πόλεις
3235 2979 3252 3006 ,
3305 2941 3398 2995 καὶ
3439 2941 3642 3012 χῶραι,

2072 3036 2201 3100 τοὺς
2243 3033 2474 3104 νικητὰς
2532 3032 2924 3103 θαυμάζουσιν.
2975 3032 3166 3095 Οὐδεὶς
3211 3032 3270 3085 δὲ
3322 3033 3642 3102 φεύγοντος,

395 3128 764 3184 admiratione
809 3128 1006 3201 dignos
1069 3129 1300 3186 habent.
1353 3128 1640 3201 Fugientis
1681 3147 1836 3195 vero,
1869 3137 1966 3186 aut

2073 3129 2165 3183 καὶ
2198 3127 2273 3200 μὴ
2303 3128 2738 3199 πολεμήσαντος,
2777 3126 2994 3189 εἰκόνας
3021 3125 3284 3198 ἔγραψεν.
3323 3143 3343 3178 ι

398 3233 634 3290 pugnam
706 3219 1069 3277 detrectantis
1147 3235 1312 3278 nemo
1383 3235 1626 3293 unquam
1696 3221 1968 3294 imagines

396 3312 598 3380 pinxit.
635 3329 653 3364 ι

397 3423 591 3480 Sancti
620 3424 816 3495 Cyriili
850 3426 1190 3481 Alexandriae
1235 3427 1635 3494 archiepiscopi,
1663 3443 1728 3481 ea:
1761 3427 1970 3483 allocu-

645 3497 786 3550 tione
835 3497 903 3550 ad
940 3496 1291 3551 Theodosium
1333 3500 1725 3568 imperatorem.

473 3605 806 3678 «Imagines
851 3617 1032 3662 autem
1084 3609 1494 3679 exemplaribus
1546 3609 1861 3681 archctypis
1895 3610 1972 3665 si-

402 3700 559 3754 miles
598 3706 749 3755 sunt.
790 3697 1021 3770 Oportet
1067 3699 1215 3756 enim
1264 3708 1324 3756 ut
1374 3701 1506 3767 hoc,
1544 3717 1645 3757 nec
1671 3701 1780 3758 alio
1811 3701 1974 3757 modo

399 3803 461 3843 se
489 3789 749 3848 habeant.
789 3810 810 3844 ι

437 3887 440 3892 ·
821 3882 1098 3953 Ejusdem,
1130 3899 1194 3939 ea:
1243 3882 1553 3940 Thesauris.

476 3989 496 4022 ι
529 3970 803 4043 Imagines
835 3976 984 4030 enim
1041 3976 1255 4031 aliinem
1287 3990 1506 4046 semper
1534 3974 1602 4030 ad
1635 3973 1972 4045 exemplaria

403 4063 826 4121 similitudinem
869 4075 1114 4124 servant.
1154 4085 1174 4118 ι

405 4175 678 4250 Ejusdem,
716 4194 781 4233 ea:
813 4178 968 4250 libro,
1013 4198 1032 4230 ι
1063 4177 1220 4243 Quod
1257 4179 1311 4250 in
1352 4177 1592 4250 omnibus
1649 4179 1852 4250 Moysis
1891 4197 1978 4234 υο-

474 4249 762 4320 luminibus
817 4248 1045 4320 Christi,
1083 4249 1396 4320 mysterium
1447 4248 1792 4320 designatur;
1833 4269 1852 4303 ι
1899 4250 1980 4304 De

477 4319 744 4373 Abraham
775 4329 824 4374 et
855 4317 1262 4384 Melchisedech,
1289 4334 1415 4389 cap.
1449 4317 1504 4373 6.
1543 4337 1562 4371 ι

2075 3420 2186 3476 Τοῦ
2209 3420 2380 3490 ἁγίου
2399 3419 2704 3490 Κυρίλλου
2731 3415 3301 3490 Ἀλεξανδρείαςλὲκ
3316 3415 3430 3490 τοῦ
3457 3428 3644 3484 προσ.

2175 3486 2516 3563 φωνητικοῦ
2555 3488 2706 3558 πρὸς
2756 3489 2862 3541 τὸν
2891 3487 3159 3552 βασιλέα
3191 3486 3536 3542 Θεοδόσιον.

2149 3625 2166 3658 o.
2206 3605 2273 3658 Αἱ
2323 3602 2380 3656 δὲ
2423 3603 2662 3667 εἰκόνες,
2707 3602 2899 3673 ὥσπερ
2947 3601 3042 3653 καὶ
3086 3599 3157 3652 τὰ
3202 3599 3528 3670 ἀρχέτυπαο
3564 3599 3648 3652 δεῖ
3707 3646 3712 3648 .

2073 3696 2182 3767 γὰρ
2209 3695 2383 3760 οὕτως
2409 3693 2597 3760 αὑτὰς,
2629 3693 2720 3746 καὶ
2749 3694 2847 3764 οὐχ
2880 3692 3084 3763 ἑτέρως
3110 3690 3276 3761 ἔχειν.
3316 3710 3336 3743 ι

2351 3870 2465 3925 Τοῦ
2502 3867 2710 3933 αὐτοῦ,
2750 3869 2820 3923 ἐκ
2860 3868 2980 3922 τῶν
3023 3863 3368 3934 Θησαυρῶν.

2152 3983 2171 4016 ‹
2212 3963 2278 4017 Αἰ
2309 3962 2418 4034 γὰρ
2447 3961 2655 4025 εἰκόνες
2685 3961 2772 4015 ἀεὶ
2804 3960 2943 4031 πρὸς
2982 3960 3053 4014 τὰ
3088 3958 3363 4030 ἀρχέτυπα
3394 3954 3492 4026 τὴν
3532 3954 3640 4025 εμ-

2076 4057 2142 4125 φέ
2152 4073 2209 4128 ps
2217 4072 2302 4110 ιαν
2332 4054 2570 4125 ἔχουσιν.
2611 4072 2629 4106 ι

2084 4169 2195 4223 Τοῦ
2246 4166 2466 4229 αὑτοῦ,
2505 4165 2576 4219 ἐκ
2613 4163 2720 4218 τοῦ
2775 4161 3121 4232 πονήματος
3147 4159 3292 4232 τοῦ,
3334 4177 3360 4232 ε
3397 4159 3516 4232 ᾯτι
3553 4159 3651 4232 6ιρ

2149 4237 2356 4304 πάσης
2388 4227 2500 4304 τῆς
2542 4234 2837 4299 Μωῢσέως
2877 4227 3112 4302 γραερῆς
3150 4230 3218 4304 τό
3253 4229 3362 4304 τοῦ
3393 4227 3651 4304 Χριστοῦ

2145 4298 2489 4377 μυσίῆριρξ
2529 4298 3035 4377 ἐνσημᾳίκεέὰιξι
3065 4298 3213 4368 Περί
3243 4300 3352 4355 τοῦ
3398 4298 3652 4369 Ἀϐραὰμ

2150 4373 2250 4431 καὶ
2277 4373 2383 4430 τοῦ
2414 4373 2814 4446 Μελχισεδὲκ,
2851 4390 2986 4442 κεφ.
3019 4378 3096 4437 ς’.

480 4517 497 4548 ι
530 4497 770 4552 Omnino
829 4498 1204 4554 necessarium
1269 4506 1376 4563 est,
1436 4507 1497 4552 ut
1544 4514 1611 4553 ex
1661 4498 1970 4570 archetypis

2155 4509 2172 4542 ι
2203 4489 2331 4542 Δεόν
2365 4505 2456 4560 μοι
2487 4488 2587 4552 τάς
2615 4487 2832 4551 εἰκόνας
2867 4484 3178 4557 γράφεσθαι
3221 4482 3360 4554 πρὸς
3383 4481 3453 4537 τά
3479 4457 3652 4554 ’ἀρχέ-

405 4593 704 4659 pingantur
741 4590 1034 4660 imagines.
1068 4609 1086 4642 ι

408 4700 594 4755 Sancti
645 4702 885 4770 Gregorii
936 4701 1294 4822 Νατᾶαηέεἳιιί,
1340 4717 1405 4756 ea:
1457 4703 1697 4757 oratione
1748 4699 1981 4756 secunda

1089 4787 1114 4822 e
1196 4787 1310 4822 ιιο.

1089 4787 1114 4824 e
1147 4787 1310 4824 I'HIO.

482 4879 499 4911 ι
531 4858 608 4913 Ea
664 4859 866 4930 quippe
911 4867 994 4915 est
1051 4861 1311 4931 imaginis
1361 4871 1584 4931 natura,
1627 4873 1687 4920 ut
1733 4866 1980 4922 imitetur

408 4951 712 5020 exemplar,
751 4951 910 5022 cujus
945 4967 1071 5006 esse
1100 4951 1326 5008 dicitur.
1363 4973 1382 5006 ›

408 5042 792 5113 (Ihrysostomi,
867 5059 932 5098 ea:
982 5044 1202 5116 liomilia
1255 5046 1411 5100 tertia
1463 5047 1520 5100 in
1554 5046 1846 5116 Epistolam
1902 5049 1972 5103 ad

1002 5115 1356 5170 Colosseuses.

484 5224 503 5258 ι
536 5206 661 5276 Ipsa
691 5220 911 5276 quoque
963 5206 1264 5262 invisibilis
1319 5207 1397 5261 rei
1431 5207 1632 5276 imago,
1672 5207 1973 5264 invisibilis

409 5306 532 5350 est:
593 5298 838 5367 alioquin
893 5299 1072 5367 imago
1109 5313 1218 5352 non
1280 5306 1451 5352 esset.
1499 5298 1796 5369 Imaginem
1830 5301 1976 5355 enim

408 5403 516 5455 qua
551 5388 730 5459 imago
759 5396 866 5452 est,
916 5390 1085 5443 etiam
1146 5389 1292 5458 apud
1347 5405 1470 5454 nos,
1522 5390 1670 5445 nulla
1710 5390 1979 5447 varietate

411 5479 651 5533 similem
703 5495 828 5536 esse
877 5487 1118 5551 oportet,
1177 5487 1238 5535 ut
1286 5496 1406 5552 quae
1463 5481 1848 5540 similitudinis
1880 5496 1978 5538 ex-

414 5582 602 5638 pressa
634 5568 801 5638 ﬁgura
820 5571 909 5624 sit.
939 5591 957 5624 ι

487 5743 532 5775 ’⁸⁸
567 5743 701 5800 Gen.
730 5758 917 5812 xum,
941 5747 1006 5802 IS
1037 5767 1048 5801 ε
1079 5747 1242 5804 Hebr.
1275 5764 1349 5815 xi,
1376 5747 1465 5804 2|,

2075 4599 2241 4637 τυπα.
2280 4599 2297 4631 ³

2153 4695 2264 4751 Τοῦ
2292 4694 2468 4765 ἁγίου
2489 4695 2820 4764 Γρηγορίου
2848 4691 3190 4765 Notior-(oi),
3219 4691 3289 4745 ἐκ
3313 4690 3421 4745 τοῦ
3449 4688 3578 4759 περὶ

2642 4765 2778 4819 Υιοῦ
2803 4765 2988 4832 λόγου
3011 4764 3094 4829 β’.

2157 4880 2174 4914 ι
2214 4859 2366 4930 Αὕτη
2401 4857 2511 4928 γὰρ
2538 4857 2745 4920 εἰκόνος
2783 4856 2968 4925 φύσις.
3003 4855 3231 4926 μίμημα
3254 4851 3398 4908 εἶναι
3427 4849 3522 4904 τοῦ
3551 4849 3654 4922 ἀρ-

2081 4954 2344 5026 χετύπου,
2385 4952 2480 5005 καὶ
2507 4944 2570 5006 οὗ
2594 4949 2833 5018 λέγεται.
2873 4969 2892 5003 ι

2159 5047 2270 5104 Τοῦ
2294 5045 2750 5168 Χρυσοστόμὲἕ,
2786 5044 2854 5096 ἐκ
2887 5043 2994 5166 coli;
3028 5039 3180 5110 πρὸς
3210 5036 3587 5102 Κολοσσαεῖς

2726 5131 2833 5168 γὈυ
2869 5130 2937 5168 το
2966 5129 3092 5166 του.

2726 5131 2833 5184 γου
2869 5129 3092 5181 τρίτου.

2159 5229 2180 5263 ι
2224 5209 2289 5263 Ἦ
2316 5207 2418 5278 τοῦ,
2449 5208 2686 5278 ἀοράτου
2714 5203 2902 5268 εἰκὼν,
2945 5201 3041 5255 καὶ
3077 5201 3216 5270 αὕτη
3249 5200 3499 5271 ἀόρατος,
3534 5196 3659 5248 ἐπεὶ

2083 5303 2194 5358 οὐδ’
2244 5303 2311 5356 ἂν
2363 5299 2526 5354 εἰκὼν
2556 5301 2664 5369 εἴη.
2708 5298 2821 5368 Τὴν
2856 5295 2966 5368 γὰρ
3001 5296 3189 5348 εἰκόνα
3215 5335 3230 5360 ,
3274 5290 3460 5354 καθώς
3508 5291 3662 5343 ἐστιν

2085 5397 2268 5460 εἰκὼν,
2300 5397 2394 5450 καὶ
2423 5395 2550 5467 παρ’
2583 5393 2716 5464 ἡμῖν
2751 5390 3185 5460 ἀπαράλλακτον
3229 5387 3313 5441 δεῖ
3337 5381 3509 5450 εἶναι,
3544 5376 3662 5437 οἷον

2087 5488 2176 5542 τδν
2207 5488 2532 5559 χαρακτῆρα
2558 5485 2656 5556 τῆς
2695 5482 3029 5554 ὁμοιώσεως.
3066 5502 3083 5532 ι
