4074 6146
513 391 650 457 i371

1693 378 1756 441 S.
1799 377 2116 442 JOANNIS
2142 371 2568 434 DAMASCENI

3620 366 3762 433 1272

506 507 635 567 cha,
672 501 728 556 in
756 497 904 568 regia
942 492 1358 551 Trachonitidis
1389 489 1654 562 regionis,
1691 487 1748 543 in
1787 489 1923 544 urbe
1958 501 2078 556 qua:

2198 483 2514 555 itondpxrj;
2563 479 2644 546 είς
2675 480 2734 534 τὸ
2774 477 3049 551 βασίλειον
3078 479 3177 551 τῆς
3205 480 3612 553 Τραχωνίτιδος
3650 485 3759 556 χὼ-

509 596 745 650 Sebaste
794 589 1020 652 dicitur,
1058 585 1394 656 amputavit,
1446 591 1642 638 octavo
1702 581 1822 636 Kal.
1861 581 2076 645 Junias,

509 685 712 740 Flacco
744 689 800 737 et
847 679 1064 734 Bumno
1119 693 1266 733 coss.
1319 675 1379 730 ld
1419 690 1562 746 :rgre
1614 673 1793 729 ferens
1831 671 2080 740 Herodes

507 793 628 840 rex,
684 771 926 842 Philippi
975 770 1145 832 filius,
1184 782 1214 822 e
1261 764 1448 820 Judzea
1489 779 1781 834 regressus
1811 769 1915 817 est.
1951 761 2078 816 Sta-

509 865 721 933 timque
748 861 813 915 ad
849 875 976 914 eum
1014 855 1250 914 accessit
1283 853 1482 908 mulier
1523 851 1774 922 quaedam
1805 851 2081 920 locuples,

507 955 741 1010 nomine
786 950 1072 1013 Berenice,
1106 963 1228 1019 quae
1280 946 1424 1002 idem
1471 944 1730 1015 oppidum
1773 941 2081 997 Paneadem

509 1044 813 1099 incolebat.
853 1041 998 1105 llazc,
1037 1039 1299 1110 quoniam
1331 1053 1358 1092 a
1397 1035 1526 1092 Jesu
1573 1043 1764 1090 sanata
1803 1043 1941 1098 erat,
1973 1042 2083 1088 sta-

509 1148 662 1190 tuam
704 1135 809 1205 ipsi
849 1133 1061 1204 erigere
1093 1131 1344 1201 cupiens,
1377 1145 1476 1184 nec
1510 1129 1627 1183 sine
1674 1126 1821 1196 regis
1851 1125 2084 1196 permis-

511 1229 672 1282 sione
711 1225 765 1280 id
810 1239 945 1280 ausa
997 1221 1286 1293 perficere,
1346 1218 1548 1276 Herodi
1611 1219 1726 1290 regi
1779 1217 2083 1288 supplicem

507 1317 717 1372 obtulit
769 1316 1038 1380 libellum,
1091 1329 1290 1384 rogans
1327 1319 1388 1367 ut
1441 1311 1633 1366 liceret
1689 1309 1794 1365 sibi
1857 1310 1911 1364 in
1949 1308 2086 1366 urbe

513 1423 616 1464 sua
677 1407 903 1462 Christo
959 1405 1231 1459 Salvatori
1281 1410 1531 1457 auratam
1589 1408 1828 1458 statuam
1878 1401 2084 1456 dicare.

513 1501 760 1556 Libellus
805 1513 972 1568 porro
1028 1495 1348 1566 hujusmodi
1410 1503 1565 1550 erat:
1629 1510 1648 1542 ι
1680 1493 1930 1562 Augusto
1978 1489 2088 1544 He-

519 1611 536 1642 ‹
589 1592 726 1656 redi,
753 1589 1049 1659 toparchm,
1076 1593 1132 1642 et
1151 1587 1325 1656 legum
1350 1581 1858 1640 datoriludazorum
1882 1581 2089 1637 Graeco-

519 1703 536 1730 ε
588 1695 840 1749 rumque,
878 1680 990 1749 regi
1028 1675 1464 1741 Traehonitidis,
1505 1673 1819 1738 Berenices,
1852 1674 2090 1727 honora-

519 1791 536 1822 ι
588 1771 715 1826 bilis
737 1770 1004 1824 Paneadis
1035 1769 1252 1831 incolae,
1288 1767 1479 1836 petitio
1497 1766 1725 1835 supplex
1758 1773 1812 1820 et
1835 1765 2086 1820 obsecra-

2187 593 2307 646 ρας,
2337 576 2395 630 ὲν
2423 576 2664 646 Σεϐαστῇ
2696 576 2761 646 τῇ
2791 573 2967 636 πόλει,
3001 574 3109 644 πρὸ
3129 573 3276 626 ὀκτὼ
3300 573 3595 632 Καλανδῶν
3617 578 3755 632 Ἰου-

2183 668 2312 722 νίων
2339 708 2355 734 ,
2400 668 2458 720 ὲν
2507 668 2739 752 ὑπατεία
2782 668 3106 730 Φλάκκωνος
3157 665 3254 720 καὶ
3298 665 3600 735 Ῥουφίνου.
3657 669 3760 724 Διά

2182 758 2342 812 τοῦτο
2379 757 2718 828 λυπούμενος
2741 759 2770 811 ό
2807 755 3057 830 Ἡρώδης
3083 758 3114 811 ό
3153 755 3407 827 βασιλεὺς
3435 759 3463 811 ό
3487 757 3758 813 Φιλίππου

2184 850 2419 920 ἀνῆλθεν
2466 850 2575 904 ἀπὸ
2620 851 2722 920 τῆς
2770 848 3033 911 Ἰουδαίας
3059 889 3077 915 ,
3129 847 3226 902 καὶ
3268 848 3573 919 προσῆλθεν
3610 851 3758 922 αὑτῷ

2183 944 2322 1014 γυνή
2377 959 2462 1006 τις
2517 941 2796 1013 εὑπορος,
2853 940 3083 995 οἰκοῦσα
3130 941 3232 1012 τὴν
3279 941 3454 1013 αὑτὴν
3509 943 3759 997 Πανεάδα

2187 1035 2361 1100 πόλιν,
2397 1034 2624 1104 ὀνόματι
2655 1031 2913 1103 Βερνίκη,
2947 1029 3275 1102 βουλομένη,
3299 1029 3375 1093 ὡς
3410 1030 3626 1086 ίαθείσα
3655 1032 3762 1086 ὑπὸ

2185 1123 2278 1178 τοῦ
2321 1123 2497 1192 Ἰησοῦ
2522 1163 2537 1188 ,
2570 1121 2773 1193 στήλην
2814 1118 2966 1190 αὐτῷ
3016 1119 3322 1186 ἀναστῆσαι
3345 1136 3359 1149 ο
3404 1121 3500 1174 καὶ
3533 1121 3607 1190 μὴ
3643 1123 3761 1174 το).-

2190 1218 2342 1287 μᾶσα
2396 1207 2518 1286 δίχα
2575 1213 2864 1285 βασιλικῆς
2927 1211 3228 1274 κελεύσεως
3301 1212 3461 1266 τοῦτο
3511 1213 3757 1282 ποιῆσαι,

2195 1310 2380 1380 δέησιν
2443 1306 2644 1360 δέδωκε
2671 1303 2749 1374 τῷ
2779 1303 2991 1373 βασιλεί
3029 1300 3264 1372 Ἡρώδῃ,
3303 1302 3528 1356 αἰτοῦσα
3559 1305 3763 1374 στήλην

2190 1397 2398 1470 χρυσῆν
2451 1397 2532 1467 τῷ
2579 1395 2792 1468 Σωτῆρι
2832 1392 3052 1464 Χριστῷ
3121 1392 3182 1446 ὲν
3238 1396 3304 1465 τῇ
3353 1395 3554 1464 ἑαυτῆς
3609 1397 3763 1451 πόλει

2191 1490 2418 1560 στῆσαι·
2482 1490 2604 1559 ἥτις
2663 1486 2846 1556 δέησις
2921 1481 3067 1556 εἶχεν
3135 1483 3312 1547 οὕτως
3354 1499 3367 1513 ⁶
3420 1503 3440 1538 c
3507 1486 3765 1558 Σεϐαστῷ

2197 1596 2214 1629 ι
2274 1576 2520 1648 Ἡρώδῃ,
2571 1575 2856 1646 τοπάρχῃ,
2909 1571 3218 1646 θεσμοθέτῃ
3267 1573 3537 1628 Ἰουδαίων
3568 1593 3629 1630 τε
3667 1578 3767 1630 καὶ

2197 1687 2215 1719 ι
2274 1667 2562 1738 Ἑλλήνων,
2597 1666 2812 1736 βασιλεῖ
2839 1664 3259 1735 Τραχωνίτιδος,
3291 1665 3474 1737 δέησις
3515 1669 3612 1721 καὶ
3660 1670 3770 1722 ίκε-

2199 1777 2216 1809 ι
2261 1758 2350 1811 σία
2381 1757 2534 1829 παρά
2573 1757 2843 1826 Βερνίκης
2872 1755 3283 1827 ἀξιωματικῆς,
3316 1758 3522 1823 πόλεως
3552 1761 3765 1816 Πανεά-

521 1882 538 1912 ‹
588 1866 684 1917 ιίο.
706 1862 926 1918 Justitia
944 1870 996 1917 et
1018 1861 1351 1922 humanitas,
1375 1865 1698 1927 cteteraeque
1717 1857 1950 1911 virtutes
1967 1871 2088 1909 ver-

2202 1870 2218 1903 ι
2265 1851 2372 1914 δος.
2408 1825 2736 1920 Δικαιοσύνη
2765 1891 2779 1914 ,
2804 1825 2908 1903 καὶ
2936 1825 3343 1920 φιλανθρωπία,
3375 1853 3471 1906 καὶ
3502 1853 3570 1906 τὰ
3603 1853 3767 1909 λοιπά

519 1973 536 2005 ι
587 1954 749 2008 ticem
780 1962 1026 2008 vestrum
1063 1952 1238 2008 instar
1261 1964 1486 2004 coronae
1519 1949 1767 2019 cingunt.
1802 1947 1958 2013 Quod
1987 1960 2089 2016 ego

519 2067 536 2096 σ
589 2045 912 2116 neutiquam
941 2046 1225 2115 ignorans,
1249 2045 1392 2097 bona
1421 2058 1518 2112 spe
1539 2043 1722 2096 omnia
1746 2056 2090 2110 consequen-

521 2157 538 2188 ι
587 2138 640 2190 di
672 2143 960 2206 concepta,
992 2135 1092 2189 tibi
1139 2136 1378 2190 scribo.»
1418 2133 1549 2200 Qua:
1577 2149 1742 2204 porro
1777 2135 1848 2190 sit
1876 2131 2089 2188 exordii

517 2227 683 2296 hujus
738 2226 904 2288 ratio,
933 2224 1210 2280 sermonis
1245 2223 1419 2279 series
1447 2224 1772 2278 declarabit.
1823 2241 1842 2274 ι
1889 2223 2026 2277 Cum
2060 2236 2090 2274 a

521 2337 539 2368 ε
589 2318 758 2388 prima
780 2324 938 2372 aetate
962 2316 1250 2387 sanguinis
1267 2314 1419 2369 fluxu
1440 2314 1944 2377 laborarem,onmi
1967 2316 2092 2370 vita:

521 2429 539 2462 ι
586 2411 893 2466 substantia
925 2409 1397 2477 facultatibusque
1445 2408 1584 2463 meis
1613 2408 1670 2462 in
1701 2407 1948 2463 niedicos
1995 2423 2090 2462 ex-

520 2523 538 2554 σ
589 2505 830 2568 haustis,
863 2503 1132 2558 medelam
1165 2501 1375 2555 nullam
1409 2509 1574 2554 nacta
1595 2515 1742 2556 sum.
1772 2499 1874 2555 Ubi
1908 2507 2089 2554 autem

521 2615 538 2646 ι
586 2596 772 2665 accepi
803 2594 1149 2649 admirabilis
1184 2592 1394 2648 Christi
1437 2593 1774 2656 curationes,
1810 2593 1902 2662 qui
1939 2606 2094 2645 mor-

521 2703 539 2737 ι
589 2694 713 2740 tuos
740 2684 809 2738 ad
843 2685 1021 2738 lucem
1047 2697 1318 2738 revocans
1357 2681 1677 2746 suscitaret,
1710 2681 1987 2737 daemones
2027 2695 2091 2735 ex

520 2795 539 2828 ι
590 2777 897 2832 mortalium
924 2776 1252 2846 corporibus
1280 2774 1524 2844 ejiceret,
1564 2789 1867 2845 omnesque
1903 2774 2092 2830 confe-

521 2889 538 2920 ι
588 2874 708 2923 ctos
731 2866 940 2922 morbis
991 2865 1160 2921 verbo
1215 2872 1472 2932 sanaret,
1517 2864 1588 2919 ad
1642 2879 1767 2920 eum
1821 2865 1973 2920 velut
2025 2864 2090 2918 ad

521 2980 538 3011 ι
589 2960 758 3015 Deum
779 2957 1028 3029 confugi.
1043 2957 1244 3013 Verum
1264 2955 1617 3011 considerata
1635 2954 1988 3009 multitudine
2003 2969 2095 3008 eo-

520 3069 541 3101 ς
589 3064 708 3102 rum
733 3050 824 3118 qui
854 3048 1006 3102 ἰιιιιιιι
1033 3049 1337 3118 cingerent,
1360 3053 1614 3100 metuens
1654 3059 1723 3100 ne
1745 3043 1918 3098 morbi
1942 3059 2095 3112 spur-

2201 1963 2218 1995 ι
2266 1943 2375 1998 τῶν
2408 1943 2622 2014 ἀρετῶν
2673 1942 3067 2013 περιστέφουσι
3119 1942 3218 2011 τὴν
3277 1945 3552 2015 ὑμετέραν
3601 1963 3764 2017 κορυ-

2202 2055 2220 2087 ι
2271 2037 2377 2107 φήν
2402 2051 2418 2068 ο
2449 2036 2574 2090 ὅθεν
2605 2033 2762 2104 κάγὼ
2807 2033 2968 2087 τοῦτο
3015 2034 3188 2087 εἰδυῖα
3213 2073 3228 2099 ,
3262 2036 3360 2089 σὺν
3389 2037 3625 2104 ἀγαθαῖς
3648 2041 3766 2102 ut;

2203 2150 2220 2182 ι
2268 2129 2453 2183 ἐλπίσι
2521 2129 2742 2184 πάντων
2781 2130 3083 2200 τευξομένη
3111 2173 3124 2197 ,
3172 2131 3258 2184 σοὶ
3285 2131 3504 2202 γράφω.
3552 2151 3572 2184 ι
3611 2135 3766 2199 Ἤτις

2197 2220 2350 2292 ήτοῦ
2386 2221 2654 2290 παρόντος
2683 2221 2974 2292 προοιμίου
3009 2221 3237 2292 κρηπὶς,
3275 2221 3484 2294 προϊών
3525 2241 3581 2276 σε
3613 2226 3641 2277 ό
3681 2226 3766 2277 λό-

2196 2331 2292 2383 γος
2331 2312 2552 2380 διδάξει.
2595 2331 2614 2364 ι
2679 2313 2775 2367 Ἐκ
2819 2314 3027 2369 παιδῶν
3073 2314 3340 2384 ληφθεῖσα
3383 2315 3533 2386 πάθη
3572 2319 3766 2389 αἱμορ-

2203 2423 2223 2459 ι
2271 2407 2424 2477 ροίας
2467 2405 2710 2477 ὀχετῶν,
2763 2409 2845 2471 είς
2877 2408 3096 2478 ἰατροὺς
3142 2408 3472 2462 ἀναλώσασά
3525 2427 3626 2480 μου
3677 2411 3767 2464 τὸν

2203 2518 2221 2550 ι
2271 2500 2385 2570 βίον
2414 2499 2510 2552 καὶ
2535 2498 2627 2552 τὸν
2655 2498 2910 2566 πλοῦτον,
2958 2499 3104 2552 ἴασιν
3135 2499 3234 2568 οὐχ
3264 2494 3426 2570 εὖρον
3449 2516 3464 2531 ·
3499 2501 3768 2568 ἀκηκουῖα

2204 2611 2221 2644 ι
2266 2593 2322 2646 δὲ
2353 2591 2446 2644 τοῦ
2484 2591 2901 2662 θαυμαζομένου
2942 2590 3180 2662 Χριστοῦ
3215 2593 3284 2645 τὰ
3317 2592 3541 2662 ἰάματα,
3573 2593 3648 2658 ὡς
3676 2611 3766 2648 νε·

2205 2701 2223 2732 ι
2269 2681 2436 2754 κροὺς
2462 2682 2792 2751 διανίστησι,
2833 2681 2998 2734 πάλιν
3023 2682 3100 2745 είς
3134 2680 3249 2750 φῶς
3285 2681 3482 2746 ἕλκων,
3517 2685 3613 2736 καὶ
3647 2683 3768 2736 δαίο

2206 2793 2223 2824 ι
2275 2789 2444 2842 μονας
2475 2773 2539 2825 ὲκ
2567 2771 2778 2842 βροτῶν
2807 2771 3152 2837 ἀπελαύνων,
3191 2773 3287 2825 καὶ
3313 2773 3524 2838 πάντας
3551 2776 3675 2838 τοὺς
3712 2776 3770 2827 ὲν

2206 2885 2224 2916 ι
2270 2865 2412 2935 νόσῳ
2442 2865 2878 2936 μαραινομένους
2907 2863 3051 2935 λόγῳ
3082 2863 3418 2936 θεραπεύων,
3449 2867 3604 2934 κάγὼ
3634 2868 3772 2938 πρὸς

2207 2973 2224 3004 ι
2273 2953 2434 3014 αὑτὸν
2461 2954 2539 3017 ὼς
2581 2953 2716 3024 πρὸς
2748 2953 2881 3007 Θεὸν
2918 2952 3172 3025 ἔδραμον.
3215 2955 3327 3009 Καὶ
3356 2958 3769 3027 προσεσχηκυὴ

2207 3066 2231 3102 t
2271 3045 2347 3117 τῷ
2391 3046 2701 3118 περιέχοντι
2745 3045 2909 3100 αὑτὸν
2942 3045 3174 3118 πλήθει,
3206 3046 3526 3100 δειλιὰσασα
3570 3046 3645 3119 μὴ
3677 3049 3771 3102 τὸν

520 3161 540 3192 ι
587 3139 773 3195 citicm
805 3151 1116 3202 aversatus,
1169 3153 1296 3210 erga
1338 3153 1424 3192 me
1458 3136 1858 3205 indignaretur,
1888 3136 2090 3204 major-

2207 3155 2226 3187 ι
2271 3137 2337 3192 ἑκ
2362 3140 2454 3192 τοῦ
2486 3138 2691 3202 πάθους
2735 3137 3010 3209 μολυσμὸν
3060 3139 3544 3210 ἀποστρεφόμενος
3568 3180 3583 3205 ,
3616 3139 3772 3210 ὀργι-

521 3250 540 3282 ι
586 3246 690 3300 que
713 3230 1058 3300 aegritudinis
1076 3231 1233 3299 plaga
1263 3229 1434 3293 ﬁeret,
1452 3242 1664 3284 meeum
1693 3227 1809 3297 ipsa
1830 3227 2094 3299 cogitavi,

519 3340 542 3372 ο
587 3321 754 3394 369
785 3322 930 3391 quod
965 3322 1010 3378 si
1045 3323 1130 3376 vel
1171 3322 1442 3375 fimbriam
1486 3319 1800 3376 vestimenti
1831 3318 1954 3389 ejus
1978 3325 2098 3373 tan-

522 3434 540 3466 ι
589 3431 716 3486 gere
774 3415 911 3470 mihi
967 3414 1180 3478 liceret,
1213 3413 1508 3466 sanitatem
1545 3411 1911 3480 adipiscerer.
1946 3409 2099 3467 Hanc

521 3526 540 3558 ι
587 3507 679 3561 ubi
714 3507 953 3576 primum
985 3505 1159 3577 tetigi,
1186 3518 1481 3574 suppresso
1514 3502 1800 3574 sanguinis
1831 3501 2004 3567 fonte,
2034 3503 2099 3556 il-

523 3617 541 3649 ‹
589 3599 693 3652 lico
713 3597 992 3653 convalui.
1036 3596 1135 3652 Ille
1179 3611 1334 3662 vero,
1371 3611 1495 3650 cum
1520 3595 1705 3651 cordis
1737 3595 1838 3650 mei
1867 3594 2097 3650 consilia

521 3713 540 3742 ε
589 3697 914 3762 przenosset,
949 3689 1092 3745 elata
1128 3703 1292 3752 voce,
1325 3686 1478 3754 Quis,
1539 3687 1740 3758 inquit,
1775 3703 1856 3742 me
1885 3686 2051 3757 tetigit
2074 3688 2100 3741 ?

523 3799 541 3830 ι
587 3781 752 3834 virtus
779 3795 844 3834 ea:
861 3797 940 3835 me
965 3780 1186 3850 prodiit.
1211 3779 1351 3834 Tum
1380 3793 1482 3849 ego
1497 3778 1734 3848 pallens,
1766 3791 2099 3848 gemensque

522 3890 542 3921 ι
590 3878 643 3926 et
690 3872 997 3940 graviorem
1025 3872 1278 3926 morbum
1331 3871 1397 3926 ad
1437 3886 1522 3926 me
1561 3885 1912 3926 reversurum
1947 3869 2098 3923 arbi-

524 3982 543 4012 ι
589 3970 768 4027 trans,
788 3963 854 4017 ad
874 3963 996 4031 ejus
1028 3964 1197 4032 pedes
1219 3978 1446 4031 corruo,
1469 3963 1809 4030 humumque
1839 3960 2097 4030 lacrymis

523 4072 542 4104 ι
591 4051 906 4116 infundens,
941 4052 1234 4108 audaciam
1285 4067 1462 4107 meam
1512 4052 1830 4122 profitebar.
1875 4052 1945 4105 At
1982 4051 2093 4115 ille,

524 4162 544 4194 ι
593 4144 670 4197 uti
688 4143 932 4198 clemens
954 4151 1006 4198 et
1027 4143 1322 4211 benignus,
1346 4141 1522 4195 vicem
1547 4156 1720 4195 meam
1749 4143 2100 4196 commisera-

525 4256 543 4286 ι
585 4241 696 4302 tus,
716 4235 1061 4291 sanationem
1092 4234 1226 4289 mihi
1252 4234 1338 4290 his
1353 4233 1540 4288 verbis
1561 4231 1939 4288 confirmavit:
1967 4233 2098 4289 Con-

524 4344 543 4376 ι
593 4325 718 4395 ﬁde,
737 4325 875 4391 ﬁlia,
902 4323 1032 4393 ﬁdes
1056 4334 1220 4379 tuate
1237 4325 1442 4380 salvam
1467 4324 1613 4394 fecit.
1643 4323 1786 4378 Vade
1808 4325 1860 4378 in
1883 4341 2010 4394 pace
2027 4327 2094 4382 ⁸ο.

522 4434 544 4466 ο
595 4417 688 4470 Sic
713 4425 768 4471 tu
803 4432 1044 4487 quoque,
1072 4417 1339 4488 Auguste,
1376 4415 1508 4470 mihi
1537 4417 1876 4487 supplicanti
1907 4424 2097 4486 postu-

2206 3249 2223 3280 ι
2271 3227 2371 3300 σθῇ
2418 3229 2540 3282 κατ’
2573 3230 2708 3299 ἐμοῦ
2735 3271 2750 3294 ,
2797 3231 2891 3283 καὶ
2918 3230 3121 3284 πλείων
3153 3248 3244 3300 μοι
3275 3232 3481 3304 ἐπέλθῃ
3510 3233 3542 3301 ή
3588 3233 3771 3304 πληγὴ

2205 3339 2224 3371 ι
2270 3319 2370 3389 τῆς
2390 3321 2569 3387 νόσου,
2600 3320 2724 3374 καθ’
2761 3321 2960 3393 ἑαυτὴν
2990 3321 3346 3394 ἐλογισάμην,
3379 3325 3461 3377 ὅτι
3491 3323 3584 3377 ἐὰν
3612 3323 3773 3393 δυνη-

2205 3430 2222 3462 ι
2269 3411 2423 3479 θείην
2452 3411 2694 3480 ἅψασθαι
2736 3410 2831 3464 τοῦ
2864 3412 3175 3483 κρασπέδου
3204 3413 3302 3466 τοῦ
3339 3414 3552 3484 ἱματίου
3581 3413 3768 3478 αὑτοῦ,

2205 3521 2222 3554 ι
2270 3502 2612 3573 σωθήσομαι.
2647 3496 2724 3556 Οὖ
2756 3503 2851 3556 καὶ
2889 3503 3178 3574 ἁψαμένη,
3212 3505 3308 3557 καὶ
3341 3505 3630 3575 σταθείσης
3667 3522 3771 3574 μου

2205 3611 2223 3644 ι
2268 3593 2367 3663 τῆς
2397 3593 2579 3662 πηγῆς
2601 3593 2696 3646 τοῦ
2726 3595 2979 3665 αἵματος,
3003 3593 3202 3662 γέγονα
3227 3597 3570 3667 παραχρῆμα
3590 3597 3769 3669 ὑγιής.

2205 3704 2223 3735 ‹
2269 3685 2441 3748 Αὐτὸς
2467 3685 2524 3738 δὲ
2555 3685 2781 3755 μᾶλλον,
2815 3685 2893 3750 ὡς
2925 3687 3199 3758 προγνοὺς
3227 3687 3328 3757 τῆς
3367 3690 3510 3758 ὲμῆς
3545 3689 3774 3760 καρδίας

2205 3797 2221 3823 η
2268 3775 2337 3829 τά
2367 3775 2728 3847 βουλεύματα,
2759 3776 3027 3848 ἀνέκραξε
3054 3794 3069 3808 ο
3120 3777 3216 3842 Τίς
3249 3794 3369 3846 μου
3408 3776 3636 3844 imam;
3669 3777 3774 3832 δύο

2205 3887 2224 3920 ι
2269 3884 2445 3938 ναμις
2479 3867 2580 3923 ἀπ’
2614 3868 2763 3938 ἐμοῦ
2789 3867 3069 3938 ἐξῆλθεν.
3116 3868 3252 3938 Ἐγὼ
3296 3865 3388 3922 οὖν
3419 3869 3772 3938 ὡχριάσασα,

2205 3979 2223 4012 ι
2269 3961 2366 4013 καὶ
2397 3960 2684 4026 στένουσα,
2713 3960 2813 4032 τὴν
2841 3961 2996 4016 νόσον
3036 3960 3368 4032 θρασυτέραν
3395 3960 3776 4033 ἀποστρέφειν

2209 4073 2226 4104 ι
2273 4051 2360 4105 ἐπ’
2397 4052 2500 4122 ἐμὲ
2537 4051 2886 4124 λογιζομένη,
2919 4052 3304 4125 προσπεσοῦσα
3333 4051 3502 4121 αὑτῷ,
3533 4051 3634 4124 τὴν
3663 4054 3777 4124 γῆν

2205 4167 2223 4197 ι
2266 4146 2567 4217 ὲπλήρωσα
2595 4145 2870 4216 δακρύων,
2903 4145 3004 4217 τὴν
3032 4145 3235 4216 τόλμαν
3257 4143 3567 4210 ἐξειποῦσα.
3598 4145 3772 4209 Αὐτὸς

2205 4257 2223 4289 ι
2269 4237 2326 4292 δὲ
2354 4237 2431 4301 ὡς
2460 4235 2698 4307 ἀγαθὸς,
2733 4237 3155 4308 σπλαγχνισθεὶς
3186 4236 3275 4290 ἐπ’
3305 4237 3428 4308 ἐμοὶ
3451 4278 3466 4303 ,
3497 4237 3774 4307 ὲπεσφρά-

2205 4350 2222 4381 ι
2268 4328 2388 4398 γιζέ
2425 4347 2526 4401 μου
2557 4329 2656 4400 τὴν
2688 4331 2869 4398 tactv,
2911 4328 3178 4401 εἰρηκώς·
3215 4330 3468 4398 Θάρσει,
3499 4327 3771 4398 θυτάτερ.

2203 4443 2223 4476 ‹
2270 4425 2308 4493 ἡ
2343 4425 2544 4488 πίστις
2581 4439 2698 4478 σου
2753 4423 2989 4478 σέσωκέ
3026 4437 3101 4478 σε
3130 4441 3144 4454 ·
3183 4423 3445 4492 πορεύου
3492 4424 3578 4488 είς
3617 4420 3766 4489 etpri-

524 4524 544 4556 ι
591 4505 851 4562 lationem
879 4507 1086 4578 justam
1122 4509 1364 4578 indulge.
1391 4526 1410 4560 ι
1436 4508 1563 4562 Haec
1588 4508 1818 4563 audiens
1854 4507 2090 4564 Herodes

2209 4533 2227 4566 ι
2263 4532 2398 4583 νην.
2433 4513 2589 4569 Οὕτω
2628 4515 2724 4568 καὶ
2765 4516 2954 4586 ὑμεῖς,
2997 4514 3261 4569 Σεϐαστοὶ
3285 4555 3302 4582 ,
3349 4513 3450 4584 τὴν
3490 4513 3672 4583 δέησιν
3700 4513 3769 4581 τῇ

521 4615 618 4654 rex
641 4613 706 4654 ex
740 4599 928 4654 libello
958 4600 1227 4669 supplice,
1259 4599 1512 4654 miraculi
1561 4599 1940 4670 magnitudine
1970 4616 2096 4670 per-

517 4691 734 4756 culsus,
781 4692 1194 4761 curationisque
1259 4691 1532 4746 reveritus
1578 4704 1864 4755 arcanum,
1914 4691 2091 4746 dixit:

527 4797 546 4830 ε
581 4779 720 4848 Tua,
754 4797 789 4840 ο
815 4781 1034 4849 mulier,
1067 4783 1284 4837 sanatio
1330 4782 1710 4853 przrstantiori
1769 4781 1931 4854 digna
1980 4797 2096 4838 mo-

590 4958 638 4992 ⁸ο
657 4956 849 5013 Matth.
881 4975 953 5024 ix,
983 4959 1073 5014 22.

2199 4627 2218 4658 ‹
2262 4607 2490 4679 δεομένῃ
2520 4607 2678 4675 ἀξίαν
2709 4608 3038 4678 παράσχετε.
3071 4626 3090 4660 ι
3139 4609 3200 4661 '0
3229 4607 3287 4660 δὲ
3312 4606 3570 4678 βασιλεὺς
3593 4603 3772 4674 Ἡρώ-

2191 4696 2288 4765 δης
2315 4696 2570 4768 ἀκηκοὼς
2602 4696 2775 4751 ταῦτα
2804 4697 2894 4751 διὰ
2934 4698 3036 4769 τῆς
3074 4699 3320 4774 δεήσεως
3342 4738 3358 4764 ,
3394 4695 3672 4764 ἐξεπλάγη
3708 4695 3774 4748 τὸ

2193 4783 2410 4856 θαῦμα,
2466 4786 2559 4840 καὶ
2606 4785 2862 4857 φοϐηθεὶς
2914 4785 2975 4840 τὺ
3034 4787 3337 4858 μυστήριον
3390 4786 3489 4852 τῆς
3550 4784 3774 4847 ἰάσεως,

2005 5062 2237 5118 NOTAE.

518 5213 830 5281 Curterius,
871 5213 1302 5287 Ducangiusque
1335 5231 1396 5272 cx
1436 5233 1525 5287 qq.
1568 5219 1949 5276 Anastasianis
1993 5234 2087 5274 ac-

518 5301 737 5374 cepere,
765 5287 1043 5342 Chronico
1060 5285 1692 5374 hleaandri‘uoﬂoanne
1725 5291 1847 5374 ipso
1871 5290 2087 5356 Malala,

522 5359 790 5428 aliisque,
844 5357 1282 5428 prreter_Julium
1337 5357 1683 5423 Africanum,
1723 5357 2088 5424 Clementem,

520 5425 917 5499 Theophilum,
944 5435 1009 5499 get
1037 5425 1420 5499 Timotheum,
1455 5445 1594 5498 quos
1625 5430 1937 5499 Hesychius
1973 5430 2092 5499 ipse

518 5496 794 5569 ct_Mala|a
830 5497 1077 5569 laudant.
1105 5496 1503 5569 Nequenragiii
1544 5496 1855 5554 faciendum
1887 5507 1972 5554 est
1997 5496 2091 5553 1e-

524 5564 843 5639 s‘timonium
881 5564 1310 5639 Abulfarajiqui
1359 5564 1720 5639 TﬁeOphilum
1749 5571 2086 5639 astrologum

522 5630 834 5705 Bobensem
905 5653 1000 5693 seu
1056 5630 1435 5705 Edessenum,
1491 5630 1748 5696 floruisse
1808 5641 1880 5695 ait
1943 5630 2089 5695 circa

524 5715 726 5782 annum
739 5704 940 5782 Christi
958 5706 1061 5782 785
1075 5708 1353 5782 etilegirm
1380 5710 1404 5782 il
1418 5704 1505 5776 69,
1522 5720 1574 5765 et
1597 5709 1836 5782 Egregia:
1862 5709 2091 5764 historia:

524 5777 804 5826 auctorem
839 5774 1052 5828 haberi.
1085 5774 1262 5831 Nimia
1301 5774 1500 5846 quippe
1537 5791 1620 5836 est
1647 5774 1974 5849 'Abull'araji
2005 5782 2091 5836 in-

2193 5219 2498 5291 diligentia,
2524 5230 2582 5275 ut
2609 5221 2730 5292 ipso
2761 5220 2879 5277 solo
2911 5219 3242 5292 testificante
3272 5218 3774 5292 credamusrTheo-

2194 5292 2407 5362 philum
2453 5293 2602 5362 hunc
2640 5291 2995 5362 astrologum
3033 5291 3221 5362 hujus
3249 5291 3487 5361 egregia:
3526 5291 3775 5347 historiae

2195 5360 2474 5432 parentem
2511 5361 2720 5423 fuisse,
2774 5370 2868 5414 aut
2921 5361 3114 5416 saltem
3149 5360 3285 5414 nihil
3332 5360 3664 5432 urgetnos,
3719 5370 3777 5415 ut

2194 5431 2566 5502 concedamus
2611 5446 2734 5486 eum
2771 5432 3065 5502 ipsummet
3109 5445 3234 5502 esse
3265 5445 3428 5500 quem
3465 5431 3776 5502 Hesychius

2193 5513 2248 5556 et
2280 5501 2474 5572 Malala
2529 5499 2808 5556 citaverc.‘
2844 5499 2929 5572 Ad
2968 5499 3306 5572 Hesychium
3334 5500 3497 5572 quod
3532 5499 3777 5572 spectat,

2194 5571 2384 5642 quidni
2420 5570 2559 5626 idem
2591 5573 2660 5626 sit
2686 5586 2810 5625 cum
2842 5570 3111 5642 Hesychio
3139 5571 3776 5642 lllustri,quihistoriam

2199 5641 2226 5694 a
2261 5641 2389 5696 Belo
2419 5643 2786 5712 Assyriorum,
2825 5641 2963 5712 rege
2993 5642 3280 5712 usquead
3321 5641 3603 5712 Anastasii
3641 5642 3776 5712 imp.

2201 5719 2468 5783 tempora
2503 5709 2798 5783 produxit?
2844 5709 3011 5765 Plura
3067 5709 3134 5766 de
3175 5711 3365 5764 Malala
3405 5711 3601 5783 legcsis
3632 5709 3781 5781 apud

2202 5781 2429 5837 Gavium
2456 5781 2517 5836 in’
2543 5781 2682 5839 Hist.
2721 5782 2949 5838 litterar.
2985 5789 3157 5850 parte.
3197 5796 3257 5835 ιι.
