4074 6146
314 357 454 424 13⁷13

1405 356 1503 415 DE
1545 350 2004 447 IMAGINIBUS
2040 349 2322 412 ORATIO
2362 346 2458 410 III

3425 346 3559 414 13³74

317 461 472 522 εἴπεν
496 483 510 499 ο
557 484 578 520 ι
621 466 688 522 Ἦ
715 466 794 531 εἰς
826 467 884 520 σὲ
932 461 1205 537 γενομένη
1239 465 1385 528 ἴασις
1408 502 1426 529 ,
1455 460 1500 519 ὧ
1528 463 1724 533 γύναι,
1761 462 1881 534 μεί-

1997 477 2010 512 ι
2057 469 2322 516 numcnto
2349 467 2455 514 est.
2479 453 2582 511 Abi
2608 469 2761 527 ergo,
2785 464 2839 514 et
2867 473 3033 529 quam
3066 458 3311 514 volueris
3338 457 3441 522 illi,
3463 460 3558 528 qui

325 577 342 609 ι
382 557 535 621 ζονος
561 558 766 629 στήλης
799 557 949 610 ἐστὶν
984 557 1131 622 ἀξία.
1166 556 1502 627 Πορευθεῖσα
1530 556 1736 624 τοίνυν,
1768 557 1886 611 οἵαν

325 668 342 700 ι
393 647 574 717 βούλει
632 649 938 718 ἀνάστησον
985 646 1137 716 αὐτῷ
1189 647 1425 718 στήλην,
1468 645 1769 712 δοξάζουσα
1796 647 1888 700 τὸν

324 758 344 790 ι
387 740 700 809 ἰασάμενον.
741 757 759 792 ι
798 740 910 793 Καὶ
938 738 1306 808 εὐθέωςαύτὴ
1334 738 1600 807 Βερνίκη,
1636 740 1669 807 ὴ
1695 738 1888 810 πρώην

320 830 712 900 αἱμορροοῦσα,
752 833 810 886 ὲν
843 832 990 901 μέσῳ
1018 831 1116 899 τῆς
1147 829 1285 893 ἰδίας
1313 829 1484 899 αὐτῆς
1525 830 1735 892 πόλεως
1771 832 1886 884 Παι-

318 920 505 983 νεάδος
546 920 810 991 ἀνέστησε
837 921 916 990 τῷ
943 920 1063 992 Θεῷ
1091 921 1187 974 καὶ
1216 919 1406 992 Κυρίῳ
1444 911 1650 992 στήλην
1679 922 1888 994 χαλκῆν

319 1012 385 1064 ὲκ
414 1011 619 1082 χαλκοῦ
642 1012 1009 1083 θερμηλάτου,
1039 1011 1243 1084 μίξασα
1271 1013 1476 1086 χρυσδν
1506 1015 1599 1067 καὶ
1626 1015 1885 1088 ἄργυρον.

322 1102 484 1166 ’Ἡτις
513 1103 682 1174 στήλη
715 1104 868 1173 μένει
899 1106 957 1156 ὲν
987 1105 1222 1160 Πανεάδι
1255 1108 1322 1176 τῇ
1355 1106 1504 1159 πόλει
1533 1106 1637 1169 ἕως
1667 1105 1760 1159 νῦν
1779 1146 1793 1170 ,
1826 1107 1888 1160 ού

320 1191 428 1263 πρὸ
456 1191 650 1245 πολλοῦ
677 1193 870 1262 χρόνου
906 1195 1311 1266 μετενεχθεῖσα,
1362 1197 1455 1266 ἀφ’
1499 1190 1560 1250 οὗ
1596 1196 1800 1261 ἵστατο,
1832 1199 1890 1252 ὲν

323 1281 472 1353 μέσῳ
501 1286 600 1353 τῆς
631 1284 839 1348 πόλεως
887 1288 967 1350 εἰς
1001 1288 1158 1350 ἅγιον
1186 1287 1380 1355 τόπον,
1415 1290 1494 1352 εἰς
1523 1285 1670 1343 οἷκον
1701 1290 1892 1362 εὐκτή-

323 1388 460 1444 ριον.
492 1373 671 1445 Ὅπερ
709 1377 1008 1450 ὑπόμνημα
1035 1379 1234 1450 εὑρέθη
1267 1380 1324 1432 ὲν
1353 1383 1417 1452 τῇ
1451 1381 1601 1435 πόλει
1633 1382 1887 1448 Πανεάδι,

322 1462 476 1533 παρὰ
523 1465 718 1536 Βάσσῳ
757 1469 896 1533 τινὶ,
947 1470 1226 1540 γενομένῳ
1281 1471 1389 1525 ἀπὸ
1443 1471 1713 1526 Ἰουδαίων
1757 1475 1889 1544 Χρι-

323 1552 559 1622 στιανῷ,
601 1556 659 1607 ὲν
707 1549 752 1623 ᾧ
796 1558 1042 1628 ὑπῆρχεν
1071 1559 1099 1610 ό
1133 1559 1247 1629 βίος
1291 1560 1398 1613 τῶν
1454 1560 1891 1631 βασιλευσάντων

321 1641 538 1704 πάντων
569 1643 667 1714 τῆς
712 1645 1009 1717 Ἰουδαϊκῆς
1040 1647 1240 1719 χώρας.
1279 1667 1296 1698 τ

330 1883 454 1971 Ἐκ,
479 1881 589 1971 τῆς
612 1887 885 1971 ,ἑϐδόμης
906 1890 1175 1971 ηβίϐλουθ
1209 1891 1322 1971 ζῇς
1383 1892 1892 1971 ἐςθςκλησιαστικῆς

724 1954 1046 2047 ξςιὶνσνεῑϐίου⁹
1063 1960 1177 2047 ιτοῦ
1213 1954 1565 2031 Παμφίλου,
1615 1972 1748 2038 περὶ
1977 2002 1983 2007 -

389 2026 827 2095 αἱμορῤοούσης
852 2028 1178 2096 Πανεὰδος.

392 2179 412 2214 ι
466 2162 896 2234 Ἐπειδὴθτῆσδε
949 2164 1047 2234 τῆς
1097 2165 1310 2231 πόλεως
1357 2168 1712 2241 ἐμνήσθημεν
1740 2215 1754 2242 ,
1792 2175 1894 2229 οὐκ

315 2258 463 2324 ἄξιον
506 2254 750 2324 ἠγοῦμαι
800 2255 1052 2325 διήγησιν
1104 2257 1434 2329 παρελθεῖν,
1480 2263 1574 2315 καὶ
1613 2265 1726 2327 τοῖς
1775 2266 1893 2335 μεθ’

315 2349 461 2418 ἡμᾶς
493 2345 925 2417 μνημονεύεσθαι
970 2346 1147 2411 ἀξίαν.
1181 2349 1292 2420 Τὴν
1321 2351 1428 2421 γὰρ
1458 2353 1891 2426 αίμορῤοοῦσαν,

316 2439 380 2505 ἢν
425 2437 489 2489 ὲκ
541 2435 648 2488 τῶν
703 2435 872 2504 ἱερῶν
904 2435 1252 2504 Εὐαγγελίων
1299 2439 1450 2508 παρὰ
1502 2440 1595 2493 τού
1641 2443 1894 2516 Σωτῆρος

315 2526 474 2597 ημῶν
513 2525 608 2578 τοῦ
661 2526 868 2589 πάθους
914 2525 1235 2597 ἀπαλλαγὴν
1278 2527 1534 2598 εὑρέσθαι
1566 2531 1894 2601 μεμαθήκα-

320 2633 417 2686 μεν
444 2655 458 2679 ,
496 2615 707 2668 ἐνθένδε
755 2615 936 2684 ἔλεγον
968 2617 1271 2688 ὁρμᾶσθαι,
1303 2619 1395 2672 τόν
1442 2636 1502 2672 τε
1537 2617 1684 2675 οἷκον
1726 2625 1894 2694 αὐτῆς

318 2710 411 2762 ἐπὶ
443 2708 542 2778 τῆς
573 2707 784 2769 πόλεως
812 2707 1147 2775 δείκνυσθαι,
1181 2709 1275 2761 καὶ
1303 2708 1404 2779 τῆς
1446 2711 1550 2765 ὑπὸ
1579 2713 1672 2766 τοῦ
1704 2714 1893 2785 Σωτῆ-

320 2817 414 2870 ρος
441 2799 521 2859 εἰς
560 2797 732 2867 αὐτὴν
761 2797 1080 2868 εὐεργεσίας
1112 2799 1404 2869 θαυμαστὰ
1435 2802 1671 2870 τρόπαια
1713 2821 1891 2876 παρα-

321 2888 490 2958 μένει.
551 2886 803 2940 Ἐστάναι
845 2887 952 2956 γὰρ
995 2887 1081 2956 ἐφ’
1133 2887 1337 2958 ὑψηλοῦ
1367 2889 1550 2957 λίθου,
1605 2893 1742 2962 πρὸς
1796 2893 1894 2964 μὲν

316 2976 440 3036 ταῖς
470 2973 670 3036 πύλαις
710 2973 807 3027 τοῦ
847 2974 1021 3044 αὐτῆς
1069 2974 1222 3028 οἴκου
1253 3017 1267 3042 ,
1300 2978 1558 3046 γυναικὸς
1589 2981 1894 3052 έκτύπωμα

317 3062 546 3134 χάλκεον
595 3063 690 3116 ἐπὶ
718 3063 849 3132 γόνυ
904 3064 1261 3132 κεκλιμένον,
1307 3067 1405 3121 καὶ
1443 3070 1772 3138 τεταμέναις
1799 3073 1894 3124 ἐπὶ

317 3152 700 3225 τοῦμπροσθεν
753 3156 878 3217 ταῖς
933 3156 1154 3226 χερσὶν,
1209 3157 1526 3230 ἰκετευούση
1577 3160 1791 3224 ἐοικός·
1831 3157 1894 3215 οὗ

317 3245 570 3315 ἀντικρὺ,
597 3245 726 3298 ἄλλο
744 3245 841 3316 τῆς
865 3246 1036 3316 αὐτῆς
1068 3245 1222 3318 ὕλης,
1256 3248 1450 3319 ἀνδρὸς
1472 3250 1655 3322 ὄρθιον
1687 3252 1893 3324 σχῆμα,

315 3335 565 3390 διπλοΐδα
595 3335 836 3407 κοσμίως
866 3336 1197 3407 βεϐλημένον
1225 3377 1242 3405 ,
1292 3339 1387 3392 καὶ
1415 3339 1514 3412 τὴν
1543 3343 1701 3413 χεῖρα
1729 3342 1896 3396 αὐτοῦ

320 3427 437 3478 ἐκεῖ
458 3428 762 3497 προτεῖνον.
797 3422 872 3482 Οὖ
899 3428 1051 3498 παρὰ
1089 3431 1202 3492 τοῖς
1241 3431 1397 3483 ποσὶν
1424 3433 1517 3484 ἐπὶ
1555 3433 1654 3503 τῆς
1689 3433 1898 3506 στήλης

319 3519 539 3588 ταύτης,
589 3518 737 3583 ξένον
766 3537 816 3573 τι
851 3519 1084 3592 βοτάνης
1116 3516 1255 3586 είδος
1293 3522 1469 3592 φύειν,
1502 3525 1578 3588 ὡς
1611 3525 1772 3597 μέχρι
1801 3525 1896 3580 τοῦ

320 3610 634 3681 κρασπέδου
663 3611 764 3682 τῆς
795 3611 888 3664 τοῦ
920 3611 1123 3682 χαλκοῦ
1173 3613 1442 3678 διπλοΐδος
1488 3616 1636 3670 ἀνιὸν
1659 3655 1675 3681 ,
1718 3617 1898 3684 ἀλεξι-

319 3705 612 3775 φάρμακον
644 3704 865 3758 πάντων
900 3705 1010 3759 τῶν
1041 3707 1366 3777 νοσημάτων
1409 3709 1729 3780 τυγχάνειν.
1763 3711 1898 3765 Τοῦ-

319 3813 409 3849 τον
442 3795 499 3849 δὲ
527 3795 620 3849 τὸν
648 3796 943 3867 ἀνδρίαντα
962 3837 977 3863 ,
1007 3798 1195 3852 εἰκόνα
1237 3798 1411 3870 Ἰησοῦ
1443 3800 1632 3872 φέρειν
1679 3802 1894 3872 ἔλεγον·

321 3887 504 3957 ἔμεινε
530 3889 587 3942 δὲ
617 3889 709 3944 καὶ
749 3892 829 3954 εἰς
861 3893 1046 3962 ἡμᾶς,
1099 3892 1176 3956 ὡς
1224 3893 1320 3946 καὶ
1364 3892 1483 3962 ὕψει
1529 3896 1894 3965 παραλαϐεῖν,

321 3978 760 4051 ἐπιδημήσαντος
789 3985 858 4053 τῇ
888 3983 1065 4038 πόλει.
1089 3983 1200 4036 Καὶ
1232 3983 1542 4055 θαυμαστὸν
1571 3987 1741 4054 οὐδὲν,
1769 3990 1898 4053 τοὺς

322 4069 491 4123 πάλαι
538 4070 598 4137 ἐξ
637 4071 810 4124 ἐθνῶν
848 4071 1252 4142 εὐεργηθέντας
1303 4077 1452 4148 παρὰ
1499 4070 1592 4132 τοῦ
1643 4081 1898 4152 Σωτῆρος

317 4161 351 4229 ἠ
362 4159 500 4230 μῶν,
531 4160 758 4214 τοιαῦτα
789 4163 1174 4232 πεποιηκέναι,
1203 4167 1368 4220 ὁπότε
1396 4169 1491 4222 καὶ
1520 4169 1630 4223 τῶν
1660 4171 1896 4225 ἀποστόο

316 4252 428 4305 λων
459 4252 640 4306 αὐτῶν
669 4253 770 4316 τὰς
820 4254 1068 4320 εἰκόνας,
1115 4256 1324 4328 Πέτρου
1355 4260 1451 4313 καί⁵
1486 4260 1700 4315 Παύλου
1729 4305 1744 4328 ,
1803 4264 1897 4317 καὶ

321 4339 488 4395 αὑτοῦ
521 4339 616 4393 τοῦ
645 4342 900 4413 Σωτῆρος
924 4383 938 4408 ,
979 4344 1564 4420 διαχρωματιζομένας
1597 4352 1896 4424 ἱστορήσα-

1919 1791 1967 1851 Β

1993 570 2011 602 ι
2053 560 2104 608 te
2137 552 2376 617 curavit,
2401 559 2642 607 statuam
2680 551 2851 623 erige,
2898 552 3188 622 ipsiusque
3213 551 3445 621 gloriam
3471 565 3561 606 ce-

1993 661 2011 695 ι
2048 643 2219 698 lebra.
2248 661 2267 693 ι
2298 641 2422 697 Mox
2456 642 2651 714 igitur,
2680 641 2935 708 Berniee,
2959 658 3080 712 quae
3108 641 3315 698 ﬂuxum
3341 642 3560 712 sangui-

1988 736 2075 790 nis
2106 745 2235 790 ante
2269 750 2430 806 passa
2463 743 2608 802 erat,
2641 734 2697 788 in
2733 735 2975 790 civitatis
3004 749 3118 790 sum
3147 732 3420 790 Paneadis
3447 748 3562 788 me-

1989 827 2081 883 dio
2109 835 2350 884 statuam
2381 841 2610 893 aeneam,
2643 842 2708 881 ex
2752 843 2858 883 cere
2889 826 3061 891 fusili,
3106 841 3264 893 auro,
3317 833 3562 894 argento-

1989 933 2098 990 que
2149 918 2449 989 permistis,
2513 916 2804 973 conﬂatam
2879 917 3114 973 Domino
3174 928 3229 973 et
3285 917 3395 972 Deo
3460 929 3564 970 suo

1990 1010 2356 1066 consecravit.
2412 1008 2544 1076 Quae
2609 1009 2830 1078 quidem
2895 1018 3075 1065 statua
3125 1009 3192 1064 ad
3243 1010 3348 1065 hoc
3392 1022 3565 1078 usque

1991 1108 2206 1170 tempus
2268 1097 2520 1155 Paneade
2574 1109 2942 1170 perseverat:
2989 1107 3152 1171 atque
3202 1115 3269 1154 ex
3319 1114 3384 1155 eo
3440 1099 3565 1154 loco

1992 1190 2085 1246 ubi
2117 1189 2394 1260 quondam
2423 1189 2626 1255 stabat,
2670 1204 2736 1244 ex
2770 1189 2946 1244 media
2997 1205 3191 1260 nempe
3227 1191 3470 1255 civitate,
3509 1189 3565 1242 in

1991 1283 2174 1338 locum
2211 1297 2432 1337 sacrum
2461 1282 2576 1338 sive
2601 1281 2904 1337 oratorium
2938 1283 3204 1336 translata
3237 1281 3356 1335 fuit.
3391 1281 3567 1350 llujus

1992 1387 2158 1444 porro
2189 1373 2268 1427 rei
2304 1373 2550 1428 narratio
2581 1373 2635 1427 in
2676 1373 2779 1428 hac
2815 1373 2933 1443 ipsa
2966 1373 3306 1428 Paneadcnsi
3347 1373 3569 1427 civitate

1992 1473 2206 1535 reperta
2240 1471 2347 1529 est,
2398 1465 2541 1534 apud
2575 1463 2803 1520 Bassum
2836 1465 3156 1535 quemdam,
3213 1465 3308 1534 qui
3364 1479 3428 1517 ex
3474 1461 3571 1517 Ju-

1992 1556 2107 1612 daeo
2135 1555 2486 1611 Christianus
2513 1554 2692 1611 factus
2737 1555 2959 1610 fuerat:
2996 1556 3053 1608 in
3089 1570 3201 1625 quo
3233 1555 3394 1609 etiam
3429 1554 3568 1609 libro

1993 1662 2183 1719 regum
2223 1647 2468 1702 omnium
2529 1648 2622 1717 qui
2656 1647 2710 1702 in
2750 1645 2936 1703 Iudaea
2982 1647 3418 1718 imperaverunt,
3473 1646 3556 1701 hi-

1994 1737 2162 1793 storia
2177 1736 2488 1808 conscripta
2505 1746 2643 1793 erat.
2674 1755 2692 1789 ι

2001 1890 2082 1944 Ea:
2117 1889 2253 1944 libro
2301 1893 2521 1958 septimo
2559 1889 2814 1946 Historia:
2865 1890 3082 1946 Eusebii
3164 1888 3452 1956 Pamphili,
3507 1889 3572 1944 de

2067 1961 2287 2014 muliere
2337 1960 2692 2026 Paneadensi,
2737 1977 2854 2029 qua:
2903 1961 3179 2030 sanguinis
3233 1962 3381 2028 ﬂuxu
3425 1961 3574 2016 labo-

2067 2040 2294 2085 raverat.

2072 2185 2090 2217 ι
2133 2163 2596 2235 Quandoquidem
2634 2162 2790 2218 urbis
2837 2161 3006 2232 hujus
3046 2161 3382 2218 mentionem
3437 2160 3570 2215 feci-

1997 2269 2139 2318 mus,
2177 2262 2614 2310 consentaneum
2646 2267 2755 2307 non
2794 2253 2962 2307 fuerit
3015 2251 3392 2306 narrationem
3431 2266 3572 2322 prae-

1997 2347 2328 2412 termittere,
2365 2361 2488 2415 quas
2523 2345 2691 2414 digna
2745 2345 2910 2415 plane
2939 2353 3041 2410 est,
3095 2351 3155 2398 ut
3218 2351 3573 2415 posterorum

1996 2439 2272 2493 memoria:
2341 2438 2781 2492 commendetur.
2854 2437 3009 2490 lllam
3080 2437 3226 2491 enim
3287 2436 3572 2491 mulierem

1996 2532 2288 2602 sanguinis
2319 2529 2468 2585 ﬂuxu
2500 2529 2865 2596 laborantem,
2899 2543 3063 2598 qnam
3098 2544 3166 2584 ex
3206 2528 3381 2584 sacris
3404 2527 3578 2601 Evan-

1995 2624 2215 2695 geliisa
2276 2621 2565 2678 Salvatore
2617 2630 2810 2678 nostro
2865 2630 3122 2677 sanatam
3179 2621 3354 2677 fuisse
3379 2621 3578 2677 didici-

1996 2730 2142 2782 mus,
2203 2713 2357 2769 illinc
2420 2729 2548 2770 esse
2603 2712 2906 2784 profectam
2977 2712 3187 2779 ferunt,
3245 2712 3577 2783 domumque

1996 2807 2171 2877 ipsius
2201 2821 2264 2863 ea
2296 2807 2349 2862 in
2385 2807 2610 2862 civitate
2657 2806 2980 2871 monstrari,
3025 2806 3080 2860 in
3115 2819 3226 2876 qua
3275 2805 3579 2863 Salvatoris

1997 2898 2050 2952 in
2074 2912 2193 2952 eam
2227 2897 2605 2953 beneﬁcentiae
2642 2897 2884 2951 miriﬁca
2941 2904 3144 2968 tropaea
3201 2903 3576 2967 perseverant.

1999 2987 2177 3057 Super
2227 2988 2396 3040 altum
2458 2985 2664 3056 quippe
2730 2984 2968 3055 lapidem
3023 2992 3151 3040 ante
3201 2984 3400 3039 :edium
3432 2983 3581 3039 illius

2001 3079 2172 3143 fores,
2207 3093 2404 3135 arream
2442 3077 2659 3133 femina“:
2683 3076 2939 3147 cﬂigiem,
2997 3076 3154 3132 ﬂexis
3187 3078 3449 3149 genibus,
3481 3091 3578 3130 cx-

1999 3171 2300 3242 pansisque
2359 3171 2724 3242 supplicantis
2781 3183 2934 3223 more
2991 3169 3270 3231 manibus,
3333 3167 3578 3237 conspici

1997 3268 2228 3324 narrant
2261 3277 2275 3316 :
2304 3275 2334 3315 e
2370 3261 2590 3329 regione
2620 3275 2751 3314 vero
2785 3259 3020 3313 alteram
3077 3272 3142 3313 ex
3176 3256 3366 3312 eadem
3387 3267 3580 3312 mate-

2000 3351 2083 3406 ria
2131 3364 2337 3408 reetam
2375 3361 2523 3406 stare
2579 3352 2680 3406 viri
2739 3352 2996 3420 figuram,
3057 3349 3223 3404 modo
3273 3348 3584 3418 composito

2000 3442 2246 3512 diploide
2291 3442 2560 3506 indutam,
2599 3455 2936 3508 manumque
2990 3440 3204 3495 mulieri
3237 3439 3582 3510 protenden-

2001 3539 2131 3586 tem.
2173 3531 2256 3587 Ad
2303 3532 2468 3601 hujus
2511 3540 2713 3588 statua:
2765 3532 2935 3602 pedes
2993 3531 3347 3603 peregrinum
3406 3527 3584 3600 quod-

2001 3625 2125 3678 dam
2156 3624 2339 3680 herbae
2371 3640 2545 3695 genus
2583 3623 2761 3690 nasci,
2804 3621 2952 3694 quod
2996 3622 3090 3677 ubi
3123 3621 3190 3676 ad
3217 3637 3372 3678 oram
3410 3635 3585 3691 usque

2000 3714 2262 3784 tliploidis
2288 3716 2558 3785 pervenit,
2592 3715 2912 3770 morborum
2950 3713 3197 3769 omnium
3242 3715 3586 3771 medicamen

2001 3806 2205 3861 evadit.
2239 3804 2392 3862 lianc
2436 3821 2605 3878 porro
2644 3814 2882 3861 statuam
2931 3805 3062 3863 Jesu
3118 3805 3334 3861 Domini
3392 3807 3586 3878 imagi-

2003 3912 2128 3952 nem
2183 3901 2494 3970 exprimere
2548 3898 2735 3962 aiunt;
2795 3899 3114 3968 mansitque
3167 3898 3262 3952 illa
3312 3913 3488 3968 usque
3517 3899 3585 3955 ad

2002 4001 2250 4045 nostram
2303 3998 2543 4058 aetatem,
2583 3997 2645 4045 ut
2679 3989 2775 4060 qui
2812 3991 2868 4044 in
2905 3989 3192 4045 civitatem
3223 3989 3367 4044 hanc
3416 3990 3582 4045 adve-
3612 4017 3630 4026 ε

2004 4081 2183 4144 niunt,
2216 4082 2396 4138 oculis
2427 4096 2547 4138 eam
2600 4081 2840 4137 lustrare
2872 4081 3116 4152 possint.
3158 4078 3347 4149 Neque
3383 4079 3584 4132 mirum

2004 4174 2180 4229 videri
2215 4174 2396 4242 debet,
2427 4183 2642 4230 veteres
2674 4175 2798 4231 illos
2827 4191 2890 4229 ex
2931 4174 3210 4244 gentibus,
3248 4171 3345 4242 qui
3392 4168 3585 4224 Salva-

2007 4273 2179 4320 torem
2205 4279 2333 4334 erga
2368 4279 2429 4320 se
2469 4263 2777 4320 beneficum
2814 4262 3026 4331 experti
3056 4267 3239 4322 erant,
3290 4257 3471 4312 eidem
3501 4264 3584 4310 ta-

2006 4355 2078 4409 lia
2105 4353 2463 4424 praestitisse,
2488 4353 2710 4423 quando
2751 4362 2867 4404 tum
2919 4347 3298 4421 apostolorum
3351 4345 3500 4400 Petri
3529 4353 3583 4410 et

322 4450 424 4503 μεν
449 4449 464 4464 θ
517 4433 592 4496 ὼς
630 4435 776 4498 εἰκὸς
808 4435 916 4488 τῶν
950 4436 1196 4492 παλαιῶν
1241 4440 1761 4511 ἀπαραφυλάκτως,
1809 4442 1895 4499 οἷα

2006 4444 2198 4510 Pauli,
2233 4452 2348 4497 tum
2396 4442 2688 4512 ipsiusmct
2721 4440 2929 4495 Christi
2969 4439 3144 4508 pictas
3190 4437 3460 4508 imagines
3504 4438 3586 4491 vi-

321 4524 547 4595 ἐονικῆς
577 4524 867 4596 συνηθείας
894 4527 1063 4598 οὕσης
1106 4531 1238 4603 παρ’
1268 4532 1470 4602 αὐτοῖς,
1506 4537 1696 4592 τοῦτον
1725 4539 1894 4610 τιμᾷν

2003 4534 2386 4590 dimuszcum
2417 4543 2631 4589 veteres
2682 4534 2892 4602 absque
2947 4531 3062 4585 ullo
3118 4530 3381 4599 scrupulo
3434 4530 3585 4599 ejus-

320 4616 591 4696 εἰωθότων
616 4618 708 4672 τὸν
738 4620 960 4690 τρόπον.
1003 4640 1022 4673 ι

328 4835 439 4914 Tm}
471 4838 666 4914 ᾳρτοῦ
688 4840 828 4914 ,λέκ
852 4841 988 4914 ⁸τῆς
1037 4842 1228 4914 αὐτῆς
1291 4846 1591 4914 Ἱστορίας
1637 4850 1895 4906 ὲνγὰτου

384 4907 654 4975 βιϐλίου,
685 4911 785 4990 είς,
803 4910 911 4966 τὸν
938 4907 1215 4977 βασιλέα
1235 4907 1716 4974 Κωνστὶιντῗνον.

396 5038 417 5074 ι
449 5019 522 5078 Εὖ
563 5025 709 5096 μάλα
737 5027 838 5098 τῆς
865 5028 931 5082 ὲκ
968 5028 1106 5082 Θεοῦ
1154 5031 1563 5103 συνῃσθημένος
1621 5033 1894 5105 βοηθείας,

323 5115 523 5171 αὐτίκα
566 5119 662 5172 τοῦ
707 5121 982 5192 σωτηρίου
1033 5123 1296 5195 τρόπαιον
1335 5124 1544 5191 πάθους
1583 5128 1691 5181 ὑπὸ
1737 5131 1898 5200 χεῖρα

325 5206 462 5271 ἰδίας
509 5209 715 5274 εἰκόνος
760 5211 1092 5284 ἀνατεθῆναι
1155 5215 1506 5285 προστάττει.
1565 5220 1676 5273 Καὶ
1719 5219 1783 5290 δὴ
1834 5220 1897 5273 τὸ

325 5299 596 5370 σωτήριον
641 5298 737 5353 τοῦ
772 5303 1010 5375 σταυροῦ
1065 5309 1294 5376 σημεῖον
1339 5309 1397 5360 ὲν
1449 5312 1514 5380 τῇ
1566 5306 1717 5382 δεξιᾷ
1760 5329 1890 5366 κατ-

323 5390 522 5460 έχοντα
552 5391 714 5446 αύτὺν
752 5395 810 5448 ὲν
839 5395 918 5465 τῷ
947 5396 1182 5467 μάλιστα
1220 5400 1329 5455 τῶν
1357 5403 1450 5455 ὲπὶ
1493 5402 1712 5474 Ῥώμης
1739 5405 1896 5477 δεδη-

324 5480 669 5550 μοσιευμένῳ
696 5481 848 5552 τόπῳ
877 5486 1210 5553 στήσαντας,
1246 5488 1417 5559 αὐτὴν
1446 5488 1510 5560 δὴ
1537 5490 1742 5561 ταύτην
1773 5492 1900 5545 ὑπο-

321 5570 544 5640 γραφὴν
620 5573 841 5638 ἐντάξαι
907 5576 1148 5645 ῥήμασιν
1215 5580 1403 5644 αὐτοῖς
1474 5583 1541 5651 τῇ
1610 5582 1896 5652 Ῥωμαίων

324 5659 679 5728 ὲγκελεύεται
708 5667 884 5735 φωνῇ’
923 5684 942 5717 ι
974 5667 1162 5737 Τούτῳ
1185 5667 1264 5738 τῷ
1292 5671 1625 5741 σωτηριώδει
1660 5674 1894 5746 σημείῳ,

329 5771 354 5806 4
396 5749 474 5825 τῷ
503 5753 740 5827 ἀληθινῷ
770 5759 978 5829 ἐλέγχῳ
1002 5759 1101 5829 τῆς
1131 5760 1408 5832 ἀνδρείας,
1436 5763 1533 5832 τὴν
1562 5765 1716 5821 πόλιν
1743 5767 1898 5837 ὑμῶν

2002 4625 2152 4682 modi
2192 4627 2479 4690 honorem,
2514 4623 2922 4680 consuetudine
2953 4637 2981 4677 a
3006 4621 3308 4693 gentilibus
3332 4629 3582 4691 accepta,

1998 4715 2379 4773 servatoribus
2405 4715 2524 4771 suis
2549 4715 2898 4770 adhiberent.
2937 4733 2956 4767 ι

1997 4851 2162 4923 370
2198 4849 2472 4923 Ejusdem,
2493 4863 2557 4904 ea:
2591 4849 2725 4903 libro
2774 4866 2910 4923 nono
2939 4848 3176 4923 ejusdem
3206 4846 3462 4903 Historia:
3515 4846 3584 4903 de

2423 4921 2740 4989 imperatore
2771 4919 3150 4976 Constantino.

2083 5053 2100 5087 ι
2134 5035 2268 5090 Cum
2327 5049 2448 5090 sese
2502 5033 2690 5089 divino
2746 5033 3002 5104 adjutum
3060 5047 3187 5088 esse
3223 5032 3456 5088 consilio
3481 5043 3581 5099 ap-

1999 5123 2178 5192 prime
2242 5125 2534 5190 sensisset,
2591 5137 2718 5177 mox
2782 5121 3088 5180 salutiferae
3144 5120 3425 5190 passionis
3469 5125 3581 5172 tro-

1999 5232 2176 5288 paeum
2214 5223 2412 5272 statuae
2446 5233 2560 5274 suae
2588 5217 2774 5273 manui
2799 5215 2998 5288 apponi
3031 5213 3310 5285 prmcepit.
3346 5210 3424 5265 Ac
3453 5222 3582 5263 cum

1998 5323 2117 5364 eam
2146 5309 2412 5364 salutaris
2453 5312 2636 5364 erucis
2681 5310 2900 5378 signum
2959 5307 3185 5361 dextera
3232 5317 3332 5358 sua
3386 5309 3583 5356 tenen-

2000 5407 2133 5468 tem,
2174 5401 2227 5455 in
2253 5400 2704 5471 frequentissimo
2738 5399 3002 5454 Romana:
3030 5395 3189 5451 urbis
3215 5396 3338 5448 loco
3377 5391 3583 5450 erexis-

1999 5501 2145 5557 sent,
2203 5493 2617 5562 inscriptionem
2671 5493 2816 5546 hanc
2871 5490 3070 5544 Latino
3118 5500 3377 5544 sermone
3405 5484 3584 5556 subji-

1999 5584 2248 5641 ciendam
2269 5585 2483 5638 curavit
2515 5602 2528 5638 :
2572 5602 2590 5636 ι
2631 5582 2745 5637 Hoc
2776 5581 3003 5637 salutari
3037 5580 3212 5650 signo,
3250 5578 3396 5647 quod
3427 5591 3572 5632 vera».

2005 5695 2024 5730 ι
2066 5675 2289 5731 virtutis
2330 5675 2546 5745 insigne
2606 5683 2712 5739 est,
2755 5672 2947 5729 urbem
3001 5681 3240 5726 vestram
3279 5669 3581 5740 tyrannicae

2007 5788 2026 5822 ι
2066 5767 2348 5827 servitutis
2374 5767 2508 5840 jugo
2537 5773 2829 5834 servatam,
2858 5766 2912 5821 in
2939 5765 3243 5822 libertatem
3276 5761 3570 5820 vindicavi.
