4074 6146
502 288 644 360 13⁸⁷5

1675 283 1740 348 S.
1780 284 2100 352 IOANNIS
2123 282 2554 346 DAMASCENI

3612 237 3778 338 ιτς-ιε’

507 426 530 462 ς
577 411 635 462 S.
663 405 723 460 Ρ.
750 405 818 472 Q.
864 403 932 458 Β.
997 403 1054 458 in
1113 401 1423 458 libertatem
1480 401 1720 468 asserui,
1769 401 2071 472 pristinum

2193 421 2200 454 l
2239 400 2349 455 ἀπὸ
2399 395 2566 469 ζυγοῦ
2618 395 2718 453 ⁴ιτοῦ
2780 395 3048 469 τυράννου
3093 393 3488 461 διασωθεῖσαν,
3526 394 3754 466 ἠλευθέ-

510 519 532 555 ι
575 501 744 556 decus
770 496 1068 564 nobilitati,
1103 495 1563 566 splendoremque
1598 494 1838 551 restitui.
1875 513 1894 547 ι

513 824 600 881 Ea:
627 824 880 882 Historia:
918 823 1290 881 ecclesiastica:
1330 825 1564 881 Socratis
1594 827 1729 882 libro
1761 839 1806 893 ι,
1835 841 1956 894 cap.
1986 826 2075 894 18,

960 897 1025 952 de
1065 898 1246 952 eodem
1273 897 1614 966 imperatore.

586 1112 603 1144 ι
645 1092 894 1148 Posthrec
919 1099 1104 1147 autem
1162 1091 1464 1162 imperator
1489 1091 1914 1158 Constantinus,
1950 1089 2082 1145 reli-

508 1191 688 1261 gionis
721 1189 1050 1244 Christiana:
1107 1188 1406 1244 studiosior
1465 1187 1669 1252 factus,
1705 1202 1734 1241 a
1796 1185 2083 1258 gentilium

509 1277 660 1331 cultu
699 1291 927 1346 prorsus
958 1276 1269 1342 abhorruit,
1323 1277 1734 1346 singularisque
1781 1275 2085 1330 certamina

509 1366 815 1436 prohibuit,
853 1374 909 1421 et
961 1381 1092 1423 suas
1137 1365 1406 1437 imagines
1461 1366 1517 1421 in
1561 1367 1780 1437 templis
1845 1365 2086 1420 colloca-

510 1459 589 1514 vit
618 1459 752 1529 (δυ).
788 1478 807 1512 ι

651 1589 907 1659 Stephani
938 1588 1206 1653 Bostreni,
1238 1594 1423 1640 contra
1450 1583 1692 1648 Juda'os,
1713 1585 1924 1666 eap.g4.

589 1744 608 1777 ι
637 1723 750 1781 Nos
783 1738 949 1794 porro
1001 1729 1318 1777 sanctorum
1355 1719 1625 1789 imagines
1673 1717 1740 1772 ad
1783 1731 1974 1773 eorum
2002 1730 2088 1770 re-

513 1813 887 1868 cordationem
919 1812 1232 1874 statuimus,
1269 1818 1397 1880 puta
1446 1809 1744 1873 Abraham,
1788 1809 1964 1872 Isaac,
1996 1804 2090 1860 Ja-

514 1906 639 1970 cob,
689 1905 914 1976 Moysis,
967 1904 1116 1968 Elite,
1156 1901 1464 1967 Zachariae,
1500 1910 1556 1955 et
1579 1899 1814 1953 aliorum
1853 1899 2090 1968 prophe-

515 2003 717 2060 tarum,
751 2002 1181 2062 sanctorumque
1229 1991 1324 2046 Dei
1375 1998 1697 2061 martyrum,
1741 1989 1836 2058 qui
1867 1995 2091 2058 propter

518 2087 701 2156 ipsum
751 2095 984 2140 mortem
1044 2083 1371 2147 subierunt;
1433 2090 1494 2136 ut
1546 2082 1863 2150 quicunque
1899 2079 2092 2149 imagi-

515 2193 616 2233 nes
667 2191 858 2231 eorum
903 2175 1207 2245 aspexerit,
1256 2174 1475 2227 illorum
1523 2171 1882 2235 recordetur,
1934 2183 2094 2224 cum-

513 2285 623 2339 que
658 2267 920 2324 laudibus
945 2267 1193 2332 extollat,
1223 2264 1317 2337 qui
1353 2263 1528 2336 gloria
1566 2263 1766 2333 dignos
1797 2261 1925 2317 illos
1961 2259 2089 2316 red-

513 2359 676 2415 didit.
717 2375 739 2412 υ

588 2496 864 2565 Ejusdem.
914 2512 933 2547 ι
967 2492 1123 2560 Quod
1181 2497 1367 2546 autem
1420 2494 1632 2558 spectat
1666 2485 1730 2540 ad
1772 2483 2042 2556 imagines
2070 2521 2086 2548 ,

515 2588 853 2656 omniaquae
909 2585 963 2637 in
1019 2583 1114 2638 Dei
1164 2581 1387 2637 nomine
1447 2577 1610 2642 ﬁunt,
1651 2577 1795 2631 bona
1853 2590 1973 2632 esse
2036 2583 2089 2628 et

513 2685 708 2732 sancta
779 2673 1170 2730 conﬁdimus:
1225 2670 1370 2726 idola
1455 2682 1586 2724 vero
1644 2674 1699 2723 et
1767 2664 2086 2726 simulacra,

515 2780 705 2836 apage.
751 2762 877 2817 Haec
929 2762 1075 2817 enim
1112 2760 1256 2814 mala
1307 2758 1609 2830 spuriaque
1660 2761 1812 2818 sunt,
1862 2752 2090 2824 perinde

516 2867 679 2927 atque
704 2855 782 2910 illi
825 2853 921 2926 qui
967 2852 1178 2909 faciunt
1219 2866 1302 2907 ea.
1335 2849 1500 2904 Aliud
1537 2848 1740 2919 quippe
1781 2853 1868 2902 est
1911 2844 2090 2915 imago

517 2947 802 3017 prophetae
857 2945 1080 3013 sancti,
1133 2951 1187 2999 et
1239 2942 1386 2997 aliud
1437 2941 1792 2996 simulacrum
1828 2937 1942 2994 sive
1971 2946 2089 2991 sta-

515 3047 609 3094 tua
641 3039 887 3105 Saturni,
918 3037 1172 3102 Veneris,
1203 3035 1368 3101 Solis,
1393 3041 1446 3089 et
1472 3031 1658 3088 Lunae.
1692 3031 1887 3096 Porro,
1918 3045 2092 3100 quan-

516 3130 814 3200 doquidem
877 3130 1041 3184 homo
1087 3126 1154 3183 ad
1220 3127 1512 3195 imaginem
1591 3121 1686 3177 Dei
1740 3120 1922 3175 factus
1983 3127 2086 3182 est,

517 3223 726 3277 idcirco
757 3221 1041 3275 adoratur.
1076 3218 1315 3288 Serpens
1362 3225 1570 3281 autem,
1607 3212 1739 3284 quia
1772 3211 1974 3266 diaboli
2007 3217 2093 3265 est

518 3315 719 3384 imago,
756 3312 1072 3368 immundus
1109 3319 1193 3366 est
1241 3315 1296 3363 et
1343 3305 1721 3363 exsecrabilis.
1757 3301 1915 3370 Quod
1949 3302 1993 3357 si
2027 3315 2092 3356 ea

517 3419 640 3473 quae
690 3403 972 3456 hominum
1030 3399 1284 3454 manibus
1342 3395 1608 3450 fabricata
1652 3401 1803 3458 sunt,
1841 3392 2089 3461 respuis,

517 3495 628 3555 dic,
679 3491 1124 3562 qumsoJudaee,
1183 3488 1450 3558 quidnam
1516 3485 1783 3540 adoratur
1817 3485 1873 3539 in
1925 3494 2090 3545 terra,

516 3584 662 3656 quod
695 3584 979 3638 hominum
1017 3597 1178 3636 manu
1216 3581 1558 3636 elaboratum
1593 3593 1699 3633 non
1743 3577 1857 3633 sit?
1886 3576 2091 3639 Altare,

517 3675 990 3745 propitiatorium,
1055 3673 1378 3740 Cherubim,
1451 3686 1590 3725 urna
1652 3682 1818 3723 aurea
1883 3666 2095 3720 habens

520 3779 744 3830 manna,
779 3780 992 3832 mensa,
1027 3763 1449 3819 tabernaculum
1491 3759 1758 3825 interius,
1787 3757 1968 3812 omnia
1997 3757 2096 3809 de-

520 3869 670 3907 mum
703 3869 826 3921 quae
873 3851 1073 3906 Sancta
1123 3863 1440 3907 sanctorum
1477 3851 1547 3903 ab
1588 3849 1707 3918 ipso
1745 3848 1858 3902 Deo
1907 3844 2096 3914 appel-

520 3944 631 3997 lata
671 3942 842 3997 sunt?
864 3941 1057 3996 Nonne
1089 3941 1400 3996 manufacta
1431 3940 1726 3994 Cherubim
1772 3937 2095 4007 angelorum

519 4043 676 4091 erant
703 4034 1011 4106 imagines?
1039 4032 1170 4102 quid
1219 4032 1288 4086 ad
1339 4033 1456 4086 haec
1488 4029 1830 4099 respondes?
1861 4026 2017 4093 Quod
2050 4025 2097 4080 si

520 4131 625 4184 ista
677 4129 934 4182 nominas
995 4126 1164 4188 idola,
1219 4123 1350 4194 quid
1399 4121 1723 4199 [dicendum
1773 4134 1968 4174 censes
2030 4118 2098 4172 de

519 4222 701 4292 Moyse
759 4228 812 4276 et
868 4219 1079 4283 Israel,
1136 4216 1231 4286 qui
1284 4215 1400 4268 haec
1460 4208 1869 4266 adoraverunt?
1927 4208 2098 4278 Atqui

521 4312 772 4366 adoratio
821 4309 1045 4380 quidem
1092 4307 1323 4362 honoris
1359 4310 1747 4375 argumentum
1803 4310 1908 4358 est.
1943 4300 2097 4366 Quo-

2187 512 2208 546 ι
2254 509 2404 563 ρωσα
2427 508 2440 523 ο
2475 491 2556 545 ἔτι
2589 489 2695 562 μὴν
2725 490 2824 543 καὶ
2851 488 2950 560 τὴν
2988 487 3312 558 σύγκλητον,
3345 489 3438 540 καὶ
3463 487 3556 542 τὸν
3581 487 3754 560 δῆμον

2183 599 2204 634 ι
2259 580 2585 651 Ῥωμαίων,
2636 581 2704 650 τῇ
2747 578 2954 650 ἀρχαίᾳ
2985 578 3318 648 ἐπιφανείᾳ,
3359 579 3454 631 καὶ
3489 581 3557 649 τῇ
3613 579 3753 651 λαμ-

2185 691 2204 726 (
2251 671 2488 742 πρότητι
2513 669 2912 742 ἐλευθερώσας,
2941 669 3390 740 ἁποκατέστησα.
3429 686 3448 720 ι

2192 828 2296 882 Ἕκ
2335 827 2448 894 τῆς
2503 823 3021 892 ἐκύησιαστικῆς
3073 819 3368 894 Ἱστορίας
3406 821 3746 894 Σωκράτους

2247 892 2496 961 plexis.)
2531 893 2800 964 πρώτου,
2839 895 3053 964 κεφαλ.
3091 899 3186 960 ιη’,
3230 893 3366 962 περὶ
3407 893 3515 947 τοῦ
3561 892 3750 948 αὑτοῦ

2249 965 2575 1031 βασιλέως.

2261 1109 2280 1142 ι
2317 1092 2472 1146 Μετὰ
2513 1091 2688 1145 ταῦτα
2734 1091 2792 1144 δὲ
2835 1093 2864 1144 ό
2895 1089 3149 1161 βασιλεὺς
3176 1090 3595 1150 Κωνσταντῖνος
3634 1090 3752 1143 ἐπι-

2187 1183 2515 1256 μελέστερος
2543 1183 2619 1236 ὢν
2650 1183 2718 1236 τὰ
2763 1182 2893 1252 περὶ
2940 1179 3395 1252 Χριστιανισμοῦ,
3425 1180 3754 1250 ἀπεστράφη

2184 1275 2284 1338 τὰς
2321 1271 2639 1343 Ἑλληνικὰς
2665 1272 2984 1344 θρησκείας,
3017 1272 3112 1326 καὶ
3136 1271 3302 1327 παύει
3329 1271 3397 1326 τὰ
3417 1271 3753 1344 μονομάχιω

2185 1365 2400 1429 είκόνας
2435 1365 2493 1419 δὲ
2520 1364 2620 1428 τάς
2651 1364 2790 1428 ἰδίας
2819 1365 2879 1418 ὲν
2905 1365 3018 1428 τοῖς
3046 1365 3195 1428 ναοῖς
3225 1363 3481 1419 ἀπέθετο.
3523 1381 3542 1414 ι

2187 1579 2496 1650 Στεφάνου
2516 1579 2868 1650 Βοστρηνοῦ
2902 1578 3053 1635 κατὰ
3087 1579 3414 1645 Ἰουδαίων,
3440 1579 3652 1649 sisyra.
3685 1576 3756 1631 δ’.

2265 1733 2284 1766 ι
2325 1715 2514 1786 Ἡμεῖς
2541 1715 2639 1778 τὰς
2679 1715 2895 1778 εἰκόνας
2924 1713 3033 1768 τῶν
3065 1713 3238 1782 ἁγίων
3277 1714 3357 1777 εἰς
3398 1714 3620 1784 μνήμην
3649 1711 3759 1765 τῶν

2192 1806 2362 1874 ἁγίων
2399 1807 2773 1877 ἐποιήσαμεν,
2809 1801 2920 1859 οἷον
2962 1805 3214 1877 ’Δϐραάμ
3235 1846 3250 1871 ,
3281 1804 3376 1857 καὶ
3406 1803 3624 1868 Ἰσαὰκ,
3664 1802 3758 1856 καὶ

2155 1914 2157 1916 ·
2203 1894 2435 1962 Ἰακὼϐ,
2477 1897 2571 1949 καὶ
2599 1897 2878 1961 Μωῦσέως
2901 1939 2916 1964 ,
2968 1897 3064 1951 καὶ
3122 1896 3308 1960 Ἠλία,
3341 1896 3437 1949 καὶ
3465 1894 3754 1967 Ζαχαρίου,

2191 1989 2286 2042 καί
2323 1989 2430 2042 τῶν
2487 1988 2692 2042 λοιπῶν
2743 1989 3039 2060 προφητῶν
3082 1990 3176 2042 καὶ
3223 1989 3394 2057 ἁγίων
3441 1987 3755 2058 μαρτύρων,

2189 2081 2299 2134 τῶν
2329 2083 2398 2135 δι’
2428 2082 2590 2136 αὐτὸν
2620 2082 3045 2154 ἀναιρεθέντων,
3087 2082 3178 2136 ἵνα
3207 2082 3316 2143 πᾶς
3341 2083 3369 2134 ὁ
3393 2080 3536 2152 όρῶν
3578 2079 3758 2134 αὐτῶν

2190 2175 2288 2238 τὰς
2309 2176 2543 2239 εἰκόνας,
2579 2174 2892 2246 μνημονεύῃ
2923 2173 3120 2238 αὐτῶν,
3153 2174 3252 2228 καί⁵
3275 2172 3474 2244 δοξάζῃ
3500 2172 3588 2225 τὸν
3611 2169 3758 2238 δοξὰρ

2193 2284 2364 2320 σαντα
2397 2266 2614 2330 αὐτούς.
2655 2286 2676 2320 ι

2281 2487 2392 2542 Τοῦ
2433 2488 2640 2542 αὑτοῦ.
2684 2507 2702 2540 ι
2739 2489 2875 2560 Περὶ
2919 2487 2976 2541 δὲ
3025 2488 3252 2542 εἰκόνων
3298 2487 3640 2561 θαρροῦμεν,
3673 2488 3760 2541 ὅτι

2192 2579 2301 2631 πᾶν
2353 2577 2515 2648 ἔργον
2544 2577 2829 2648 γινόμενον
2860 2578 2919 2630 ὲν
2961 2577 3187 2648 ὀνόματι
3231 2576 3406 2643 Θεοῦ,
3449 2577 3611 2630 καλὸν
3661 2577 3762 2632 καὶ

2192 2667 2346 2737 ἅγιόν
2372 2670 2509 2722 ἐστι.
2543 2668 2616 2720 Πε
2628 2669 2680 2740 pl.
2699 2667 2755 2721 δὲ
2778 2666 3013 2722 εἰδώλων
3037 2669 3130 2722 καὶ
3155 2667 3509 2739 ἀγαλμάτων,
3542 2669 3724 2737 ἄπαγε
3743 2685 3760 2700 ·

2192 2760 2339 2813 κακὰ
2367 2759 2476 2831 γὰρ
2503 2760 2597 2814 καὶ
2623 2760 2909 2823 ἀλλόκοτα,
2944 2759 3036 2813 καὶ
3066 2759 3228 2825 αὐτὰ,
3265 2760 3360 2813 καὶ
3394 2761 3445 2812 οἰ
3481 2759 3763 2822 ποιοῦντες

2191 2850 2350 2906 αὑτά.
2387 2852 2616 2920 Ἕτερον
2647 2851 2756 2922 γάρ
2789 2852 2939 2904 ἐστιν
2972 2849 3135 2906 εἰκὼν
3160 2852 3314 2920 ἁγίου
3336 2853 3643 2924 προφήτου,
3669 2853 3765 2906 καὶ

2191 2945 2376 3014 ἕτερον
2429 2943 2648 3015 ἄγαλμα
2700 2943 2733 3014 ἢ
2781 2943 2967 3009 ξόανον
3017 2944 3226 3013 Κρόνου
3278 2945 3373 2999 καὶ
3417 2945 3764 3016 Ἀφροδίτης,

2204 3033 2384 3087 Ἡλίου
2410 3051 2469 3088 τε
2505 3035 2599 3088 καὶ
2627 3033 2884 3104 Σελήνης.
2927 3033 3082 3086 Ἐπεὶ
3111 3034 3165 3087 δὲ
3201 3035 3296 3088 καὶ
3325 3034 3614 3106 ἄνθρωπος
3644 3034 3764 3088 κατ’

2195 3125 2378 3178 εἰκόνα
2392 3124 2525 3178 Θεοῦ
2555 3125 2768 3192 γέγονε,
2799 3126 3212 3194 προσκυνεῖται.
3243 3124 3301 3176 '0
3328 3124 3384 3177 δὲ
3407 3125 3550 3194 ὄφις,
3578 3123 3766 3194 ἐπειδὴ

2193 3213 2357 3268 εἰκών
2393 3215 2508 3267 ἐστι
2556 3214 2840 3276 διαϐόλου,
2875 3213 3183 3284 ἀκάθαρτός
3225 3214 3343 3266 ἐστι
3384 3215 3479 3267 καί⁵
3526 3214 3768 3284 ἀπόϐλη-

2194 3321 2303 3367 τος.
2338 3305 2400 3357 Εἰ
2438 3304 2494 3358 δὲ
2518 3303 2588 3357 τὰ
2615 3307 2966 3375 χειροποίητα
2997 3304 3278 3376 ἀποϐάλλῃ
3301 3343 3316 3368 ,
3361 3305 3486 3359 εἰπὲ
3507 3348 3520 3370 ,
3553 3300 3598 3359 ὧ
3636 3305 3766 3359 Ἰου-

2196 3395 2331 3460 δαῖε,
2363 3395 2415 3449 τί
2441 3397 2588 3448 ἐστιν
2613 3397 2708 3448 ἐπὶ
2727 3396 2829 3466 γῆς
2852 3395 3264 3467 ἀχειροποίητον
3288 3397 3317 3449 δ
3342 3399 3765 3468 προσκυνεῖται;

2196 3483 2289 3554 Μὴ
2319 3485 2352 3554 ἡ
2379 3483 2612 3547 κιϐωτὸς
2645 3485 2739 3538 τοῦ
2767 3484 2901 3538 Θεοῦ
2931 3487 3314 3558 χειροποίητος
3338 3482 3408 3559 ἦν
3434 3504 3450 3553 ;
3491 3489 3554 3541 τὸ
3587 3488 3772 3540 θυσια-

2200 3576 2423 3647 στήριον
2446 3616 2460 3638 ,
2491 3577 2586 3629 καί
2612 3577 2674 3628 τὸ
2709 3575 3022 3649 ἱλαστήριον
3047 3619 3063 3644 ,
3093 3579 3186 3632 καὶ
3223 3579 3291 3634 τὰ
3323 3579 3606 3650 Χερουϐὶμ
3631 3621 3646 3646 ,
3677 3579 3773 3632 καὶ

2198 3667 2230 3736 ἡ
2265 3666 2498 3736 στάμνος
2526 3667 2558 3736 ἡ
2591 3668 2791 3738 χρυσῆ,
2832 3669 2865 3738 ἡ
2900 3666 3100 3738 ἔχουσα
3125 3668 3186 3721 τὸ
3219 3669 3416 3739 μάννα,
3449 3669 3598 3739 καὶὴ
3637 3668 3771 3740 τρά-

2197 3753 2360 3820 πεζα,
2404 3755 2498 3808 καὶ
2531 3757 2562 3825 ἠ
2596 3755 2770 3826 σκηνὴ
2808 3756 2842 3826 ἡ
2885 3757 3162 3828 ὲσωτέρα,
3197 3757 3288 3810 καὶ
3320 3759 3498 3812 πάντα
3535 3759 3573 3813 ἁ
3605 3760 3775 3827 Ἅγια

2198 3849 2369 3918 ἁγίων
2399 3848 2709 3921 ἐκλήθησαν
2749 3848 2852 3903 ύπδ
2886 3851 2981 3904 τοῦ
3015 3851 3194 3919 Θεοῦ;
3230 3853 3338 3906 Οὐκ
3369 3847 3512 3923 ἦσαν
3548 3853 3616 3905 τὰ
3657 3854 3776 3906 Χε-

2203 3942 2401 4012 ρουϐὶμ
2447 3943 2821 4014 χειροποίητα,
2866 3945 3076 4010 εἰκόνες
3126 3945 3412 4014 ἀγγέλων;
3455 3945 3510 3999 τί
3541 3945 3774 4015 λέγεις;

2197 4033 2262 4085 Εἰ
2303 4033 2494 4088 εἴδωλα
2537 4033 2830 4098 ἀποκαλεῖς
2872 4035 3044 4101 αὐτὰ,
3094 4036 3148 4089 τί
3198 4037 3375 4104 λέγεις
3427 4037 3508 4106 τῷ
3561 4038 3774 4109 Μωῦσῇ

2199 4127 2660 4196 προσκυνήσαντι,
2696 4126 2789 4180 καὶ
2813 4126 2891 4198 τῷ
2933 4128 3176 4200 Ἰσραήλ;
3206 4129 3372 4200 Καλή
3410 4129 3508 4199 μὲν
3531 4128 3775 4200 προσκύ-

2199 4234 2373 4287 νησις,
2396 4218 2559 4289 τιμῆς
2585 4219 2700 4271 ἐστι
2723 4217 3012 4288 σύμϐολον.
3047 4219 3246 4283 Καθὼς
3277 4220 3375 4272 καὶ
3408 4223 3572 4290 ἡμεῖς
3603 4222 3774 4292 ἁμαρ-

2197 4309 2358 4362 τωλοὶ
2386 4309 2820 4381 προσκυνοῦμεν,
2859 4311 2950 4365 τὸν
2983 4311 3082 4382 μὲν
3117 4312 3270 4376 Θεὸν,
3304 4312 3447 4366 κατά
3471 4314 3570 4384 τὴν
3595 4313 3773 4384 θεῖκὴν

522 4405 673 4457 circa
701 4416 805 4456 nos
834 4414 1054 4470 quoque
1089 4405 1430 4468 peccatores,
1485 4394 1655 4449 Deum
1701 4392 1926 4462 quidem
1961 4390 2091 4445 ado-

2200 4399 2455 4470 λατρείαν
2513 4401 2607 4454 καὶ
2644 4399 2804 4466 ἀξίαν
2872 4401 3244 4474 προσκύνησιν
3289 4403 3624 4474 δοξάζομεν,
3677 4401 3774 4455 καὶ

521 4506 709 4548 ramus
769 4491 980 4554 divino,
1039 4489 1132 4558 qui
1217 4487 1324 4556 ipsi
1384 4485 1636 4549 debetur,
1680 4484 1857 4537 ιλιι-ξω
1915 4481 2093 4550 cultu,

519 4587 812 4656 ipsumque
841 4597 938 4638 ceu
972 4587 1277 4635 creatorem
1312 4586 1368 4634 et
1398 4576 1705 4632 beneﬁcum
1735 4589 2052 4630 reveremur
2079 4589 2091 4624 :

525 4675 746 4746 angelos
775 4687 926 4736 vero,
961 4669 1167 4740 Deique
1207 4668 1466 4736 famulos,
1520 4668 1588 4722 ad
1645 4667 1736 4721 Dei
1777 4666 1953 4736 ipsius
1982 4666 2100 4737 glo-

524 4768 688 4828 riam,
729 4773 988 4832 tanquam
1023 4775 1112 4816 res
1147 4775 1176 4814 a
1209 4759 1318 4816 Deo
1373 4759 1644 4823 conditas,
1699 4757 1859 4826 eique
1907 4755 2097 4827 subje-

524 4865 662 4910 ctas.
702 4853 887 4922 Imago
946 4851 1214 4921 siquidem
1265 4859 1350 4906 est
1412 4863 1610 4904 nomen
1670 4847 2093 4916 similitudoque

523 4948 671 5004 illius
705 4945 800 5015 qui
834 4944 888 4998 in
916 4943 1030 5012 ipsa
1059 4943 1308 5012 depictus
1342 4951 1447 4996 est.
1476 4939 1841 5006 Quamobrem
1875 4936 2089 4992 Domini

524 5046 957 5106 Sanctorumque
984 5034 1378 5104 prophetarum
1425 5029 1728 5090 cruciatus,
1761 5027 1854 5096 qui
1884 5027 1938 5080 in
1975 5027 2095 5097 lege

523 5143 578 5187 et
636 5127 941 5202 Evangeliis
999 5123 1262 5194 descripti
1313 5128 1465 5186 sunt,
1524 5128 1639 5173 tum
1703 5132 1801 5187 per
1855 5116 2094 5184 litteras,

523 5235 640 5278 tum
689 5238 786 5294 per
840 5220 1141 5289 imaginum
1199 5212 1608 5286 expressiones,
1661 5209 1719 5264 in
1769 5208 2092 5264 memoriam

527 5330 743 5388 semper
769 5323 1115 5372 revocamus.
1146 5326 1166 5362 ι

2195 4493 2472 4566 τρέμομεν
2521 4492 2595 4557 ὡς
2635 4493 2865 4565 ποιητὴν
2904 4494 2998 4548 καὶ
3041 4494 3277 4566 χορηγὸν
3318 4496 3514 4565 ἡμῶν·
3557 4494 3683 4556 τοὺς
3715 4492 3774 4546 δὲ

2196 4583 2466 4652 ἀγγέλους
2511 4583 2606 4638 καὶ
2651 4585 2869 4649 δούλους
2913 4585 3007 4639 τοῦ
3056 4586 3194 4638 Θεοῦ
3249 4586 3394 4639 κατὰ
3462 4585 3628 4655 τιμὴν
3675 4582 3773 4635 τοῦ

2195 4674 2330 4728 Θεοῦ
2358 4713 2374 4740 ,
2424 4675 2500 4739 ὡς
2557 4675 2840 4745 ποιήματα
2883 4675 2978 4729 τοῦ
3013 4675 3149 4728 Θεοῦ
3191 4678 3286 4729 καὶ
3329 4674 3549 4738 δούλους
3583 4672 3770 4728 αὐτοῦ.

2196 4768 2373 4823 Εἰκὼν
2417 4768 2526 4840 γὰρ
2573 4769 2722 4822 ἐστιν
2761 4767 2934 4838 ὄνομα
2984 4768 3080 4821 καὶ
3118 4767 3379 4838 ὁμοίωσις
3405 4766 3498 4820 τοῦ
3538 4769 3597 4820 ἐν
3633 4766 3774 4836 αὐτῇ

2197 4861 2516 4932 γραφέντος.
2549 4861 2641 4914 Διὸ
2673 4863 2765 4914 καὶ
2796 4861 3092 4932 γράμμασι
3132 4861 3228 4913 καὶ
3282 4859 3636 4930 χαράγμασιν
3689 4859 3777 4912 ἀεὶ

2201 4951 2613 5022 μνημονεύομεν
2642 4950 2749 5006 τῶν
2776 4951 2873 5006 τοῦ
2908 4953 3114 5022 Κυρίου
3150 4950 3514 5022 παθημάτων,
3543 4951 3638 5003 καὶ
3665 4949 3778 5003 τῶν

2199 5042 2370 5110 ἁγίων
2423 5042 2720 5114 προφητῶν
2743 5081 2758 5107 ,
2805 5041 2914 5096 τῶν
2959 5044 3018 5096 ὲν
3069 5041 3222 5112 νόμῳ
3277 5041 3374 5096 καὶ
3419 5038 3780 5108 Εὐαγγελίοις

2198 5136 2616 5208 γεγραμμένων.
2659 5153 2678 5188 ι

2041 5485 2273 5543 NOTAE.

546 5605 723 5733 auls?)
784 5606 1008 5664 Deorum
1064 5607 1294 5680 utique,
1349 5608 1464 5666 sive
1515 5607 1779 5665 idolorum
1796 5626 1813 5674 ,-

1907 5613 1965 5662 ut
2017 5621 2128 5663 non
2197 5605 2341 5662 male
2396 5601 2931 5676 ChristOphorsonus
2994 5608 3047 5658 et
3118 5597 3367 5654 Valesius
3427 5589 3781 5669 interpretati
