  <div class='ocr_page' id='page_1' title='image "/cluster/home/n/w/nwhite01/storage/ocr_20150623/94/mdp.39015008918610/696.png"; bbox 0 0 4074 6146; ppageno 0'>
   <div class='ocr_carea' id='block_1_1' title="bbox 325 239 456 307">
    <p class='ocr_par' dir='ltr' id='par_1_1' title="bbox 325 239 456 307">
     <span class='ocr_line' id='line_1_1' title="bbox 325 239 456 307; baseline 0.038 -5"><span class='ocrx_word' id='word_1_1' title='bbox 325 239 456 307; x_wconf 72' lang='lat'><strong>137&#39;]</strong></span> 
     </span>
    </p>
   </div>
   <div class='ocr_carea' id='block_1_2' title="bbox 1421 229 2466 300">
    <p class='ocr_par' dir='ltr' id='par_1_2' title="bbox 1421 229 2466 300">
     <span class='ocr_line' id='line_1_2' title="bbox 1421 229 2466 300; baseline -0.01 0"><span class='ocrx_word' id='word_1_2' title='bbox 1421 239 1520 300; x_wconf 90' lang='lat' dir='ltr'><strong>DE</strong></span> <span class='ocrx_word' id='word_1_3' title='bbox 1547 233 2007 298; x_wconf 85' lang='lat' dir='ltr'><strong>IMAGINIBUS</strong></span> <span class='ocrx_word' id='word_1_4' title='bbox 2035 233 2316 293; x_wconf 85' lang='lat' dir='ltr'><strong>ORATIO</strong></span> <span class='ocrx_word' id='word_1_5' title='bbox 2349 229 2466 292; x_wconf 90' lang='lat' dir='ltr'>III.</span> 
     </span>
    </p>
   </div>
   <div class='ocr_carea' id='block_1_3' title="bbox 3446 234 3588 318">
    <p class='ocr_par' dir='ltr' id='par_1_3' title="bbox 3446 234 3588 318">
     <span class='ocr_line' id='line_1_3' title="bbox 3446 234 3588 318; baseline 0.014 -18"><span class='ocrx_word' id='word_1_6' title='bbox 3446 234 3588 318; x_wconf 77' lang='lat'>1373</span> 
     </span>
    </p>
   </div>
   <div class='ocr_carea' id='block_1_4' title="bbox 330 333 1898 422">
    <p class='ocr_par' dir='ltr' id='par_1_4' title="bbox 330 333 1898 422">
     <span class='ocr_line' id='line_1_4' title="bbox 330 333 1898 422; baseline -0.006 -14"><span class='ocrx_word' id='word_1_7' title='bbox 330 352 442 408; x_wconf 86' lang='grc' dir='ltr'><em>Τοῦ</em></span> <span class='ocrx_word' id='word_1_8' title='bbox 474 349 648 422; x_wconf 74' lang='grc' dir='ltr'><em>ἁγίου</em></span> <span class='ocrx_word' id='word_1_9' title='bbox 704 333 1027 422; x_wconf 72' lang='grc' dir='ltr'>Γρηγορίου</span> <span class='ocrx_word' id='word_1_10' title='bbox 1061 341 1407 422; x_wconf 49' lang='lat' dir='ltr'><strong>Mittas-{oi},</strong></span> <span class='ocrx_word' id='word_1_11' title='bbox 1455 350 1524 404; x_wconf 80' lang='grc' dir='ltr'>ἐκ</span> <span class='ocrx_word' id='word_1_12' title='bbox 1565 348 1672 422; x_wconf 80' lang='grc' dir='ltr'><strong>τοῦ</strong></span> <span class='ocrx_word' id='word_1_13' title='bbox 1714 347 1898 417; x_wconf 74' lang='grc' dir='ltr'><em>λόγου</em></span> 
     </span>
    </p>
   </div>
   <div class='ocr_carea' id='block_1_5' title="bbox 2001 333 3589 422">
    <p class='ocr_par' dir='ltr' id='par_1_5' title="bbox 2003 336 3589 422">
     <span class='ocr_line' id='line_1_5' title="bbox 2003 336 3589 422; baseline 0.004 -24"><span class='ocrx_word' id='word_1_14' title='bbox 2003 341 2162 414; x_wconf 84' lang='lat'><strong>371</strong></span> <span class='ocrx_word' id='word_1_15' title='bbox 2188 341 2380 399; x_wconf 89' lang='lat' dir='ltr'><strong>Sancti</strong></span> <span class='ocrx_word' id='word_1_16' title='bbox 2401 336 2642 422; x_wconf 54' lang='lat' dir='ltr'><strong>Gregorii</strong></span> <span class='ocrx_word' id='word_1_17' title='bbox 2673 337 3030 408; x_wconf 77' lang='lat' dir='ltr'><strong>Nazianzem’,</strong></span> <span class='ocrx_word' id='word_1_18' title='bbox 3047 344 3376 422; x_wconf 49' lang='lat' dir='ltr'><strong>egorationc</strong></span> <span class='ocrx_word' id='word_1_19' title='bbox 3401 359 3589 404; x_wconf 84' lang='lat' dir='ltr'><strong>contra</strong></span> 
     </span>
    </p>
   </div>
   <div class='ocr_carea' id='block_1_6' title="bbox 493 416 1714 488">
    <p class='ocr_par' dir='ltr' id='par_1_6' title="bbox 493 416 1714 488">
     <span class='ocr_line' id='line_1_6' title="bbox 493 416 1714 488; baseline -0.002 -12"><span class='ocrx_word' id='word_1_20' title='bbox 493 416 602 477; x_wconf 80' lang='grc' dir='ltr'><strong>τοῦ</strong></span> <span class='ocrx_word' id='word_1_21' title='bbox 646 416 1164 476; x_wconf 68' lang='grc' dir='ltr'>κατὰἾουλιανοῦ</span> <span class='ocrx_word' id='word_1_22' title='bbox 1199 419 1306 475; x_wconf 87' lang='grc' dir='ltr'><strong>τοῦ</strong></span> <span class='ocrx_word' id='word_1_23' title='bbox 1349 416 1714 488; x_wconf 80' lang='grc' dir='ltr'>παραϐἀτου.</span> 
     </span>
    </p>
   </div>
   <div class='ocr_carea' id='block_1_7' title="bbox 403 506 1903 583">
    <p class='ocr_par' dir='ltr' id='par_1_7' title="bbox 403 506 1903 583">
     <span class='ocr_line' id='line_1_7' title="bbox 403 506 1903 583; baseline -0.003 -19"><span class='ocrx_word' id='word_1_24' title='bbox 403 531 422 564; x_wconf 79' lang='grc' dir='ltr'><strong>ι</strong></span> <span class='ocrx_word' id='word_1_25' title='bbox 457 506 531 566; x_wconf 82' lang='grc' dir='ltr'><strong>Οὗ</strong></span> <span class='ocrx_word' id='word_1_26' title='bbox 562 510 632 566; x_wconf 85' lang='grc' dir='ltr'>τὰ</span> <span class='ocrx_word' id='word_1_27' title='bbox 672 510 918 582; x_wconf 84' lang='grc' dir='ltr'>σύμϐολα</span> <span class='ocrx_word' id='word_1_28' title='bbox 950 511 1050 583; x_wconf 89' lang='grc' dir='ltr'><strong>τῆς</strong></span> <span class='ocrx_word' id='word_1_29' title='bbox 1090 509 1183 565; x_wconf 70' lang='grc' dir='ltr'><strong>ἐπὶ</strong></span> <span class='ocrx_word' id='word_1_30' title='bbox 1207 509 1383 582; x_wconf 85' lang='grc' dir='ltr'>τούτῳ</span> <span class='ocrx_word' id='word_1_31' title='bbox 1413 509 1651 582; x_wconf 85' lang='grc' dir='ltr'><strong>πληγῆς,</strong></span> <span class='ocrx_word' id='word_1_32' title='bbox 1676 508 1732 562; x_wconf 86' lang='grc' dir='ltr'><strong>αί</strong></span> <span class='ocrx_word' id='word_1_33' title='bbox 1761 508 1903 562; x_wconf 81' lang='grc' dir='ltr'>εἰκό-</span> 
     </span>
    </p>
   </div>
   <div class='ocr_carea' id='block_1_8' title="bbox 326 599 1580 673">
    <p class='ocr_par' dir='ltr' id='par_1_8' title="bbox 326 599 1580 673">
     <span class='ocr_line' id='line_1_8' title="bbox 326 599 1580 673; baseline -0.003 -19"><span class='ocrx_word' id='word_1_34' title='bbox 326 620 412 666; x_wconf 87' lang='grc' dir='ltr'><strong>νες</strong></span> <span class='ocrx_word' id='word_1_35' title='bbox 439 602 714 673; x_wconf 85' lang='grc' dir='ltr'>φέρουσιν,</span> <span class='ocrx_word' id='word_1_36' title='bbox 754 601 836 655; x_wconf 77' lang='grc' dir='ltr'>ἔτι</span> <span class='ocrx_word' id='word_1_37' title='bbox 858 602 1116 672; x_wconf 88' lang='grc' dir='ltr'>δημοσίαι</span> <span class='ocrx_word' id='word_1_38' title='bbox 1151 599 1528 671; x_wconf 83' lang='grc' dir='ltr'>προκείμεναι.</span> <span class='ocrx_word' id='word_1_39' title='bbox 1563 617 1580 650; x_wconf 74' lang='grc' dir='ltr'><strong>ι</strong></span> 
     </span>
    </p>
   </div>
   <div class='ocr_carea' id='block_1_9' title="bbox 330 685 1903 816">
    <p class='ocr_par' dir='ltr' id='par_1_9' title="bbox 330 685 1903 816">
     <span class='ocr_line' id='line_1_9' title="bbox 330 685 1903 816; baseline -0.004 -70"><span class='ocrx_word' id='word_1_40' title='bbox 330 691 439 771; x_wconf 55' lang='grc' dir='ltr'><em>Ἰίοῦ</em></span> <span class='ocrx_word' id='word_1_41' title='bbox 468 693 899 762; x_wconf 78' lang='grc' dir='ltr'>Χρυσοστόμου</span> <span class='ocrx_word' id='word_1_42' title='bbox 939 692 1072 814; x_wconf 55' lang='grc' dir='ltr'>(ὂίί),</span> <span class='ocrx_word' id='word_1_43' title='bbox 1112 689 1326 816; x_wconf 44' lang='lat' dir='ltr'><strong>(inﬁgi;</strong></span> <span class='ocrx_word' id='word_1_44' title='bbox 1340 688 1653 758; x_wconf 74' lang='grc' dir='ltr'><strong>ἑρμηνείας</strong></span> <span class='ocrx_word' id='word_1_45' title='bbox 1684 685 1791 742; x_wconf 86' lang='grc' dir='ltr'><strong>τοῦ</strong></span> <span class='ocrx_word' id='word_1_46' title='bbox 1817 685 1903 740; x_wconf 77' lang='grc' dir='ltr'>διο</span> 
     </span>
     <span class='ocr_line' id='line_1_10' title="bbox 934 777 1307 816; baseline 0 -2"><span class='ocrx_word' id='word_1_47' title='bbox 934 779 1010 816; x_wconf 85' lang='grc' dir='ltr'><strong>κα</strong></span> <span class='ocrx_word' id='word_1_48' title='bbox 1035 779 1107 815; x_wconf 90' lang='grc' dir='ltr'><strong>ου</strong></span> <span class='ocrx_word' id='word_1_49' title='bbox 1206 777 1250 812; x_wconf 74' lang='grc' dir='ltr'><strong>ω</strong></span> <span class='ocrx_word' id='word_1_50' title='bbox 1292 798 1307 814; x_wconf 91' lang='grc'><strong>.</strong></span> 
     </span>
    </p>
   </div>
   <div class='ocr_carea' id='block_1_10' title="bbox 934 777 1307 816">
    <p class='ocr_par' dir='ltr' id='par_1_10' title="bbox 934 777 1307 816">
     <span class='ocr_line' id='line_1_11' title="bbox 934 777 1307 816; baseline 0 -2"><span class='ocrx_word' id='word_1_51' title='bbox 934 777 1107 816; x_wconf 82' lang='grc' dir='ltr'>καιου</span> <span class='ocrx_word' id='word_1_52' title='bbox 1168 777 1307 816; x_wconf 55' lang='grc' dir='ltr'>τωο.</span> 
     </span>
    </p>
   </div>
   <div class='ocr_carea' id='block_1_11' title="bbox 399 847 1902 922">
    <p class='ocr_par' dir='ltr' id='par_1_11' title="bbox 399 847 1902 922">
     <span class='ocr_line' id='line_1_12' title="bbox 399 847 1902 922; baseline -0.003 -17"><span class='ocrx_word' id='word_1_53' title='bbox 399 872 420 905; x_wconf 82' lang='grc' dir='ltr'><strong>ι</strong></span> <span class='ocrx_word' id='word_1_54' title='bbox 471 853 560 908; x_wconf 87' lang='grc' dir='ltr'>Ἐν</span> <span class='ocrx_word' id='word_1_55' title='bbox 583 853 798 917; x_wconf 83' lang='grc' dir='ltr'><strong>τούτοις</strong></span> <span class='ocrx_word' id='word_1_56' title='bbox 840 853 976 906; x_wconf 85' lang='grc' dir='ltr'>πᾶσι</span> <span class='ocrx_word' id='word_1_57' title='bbox 1016 854 1131 914; x_wconf 87' lang='grc' dir='ltr'>τοῖς</span> <span class='ocrx_word' id='word_1_58' title='bbox 1179 849 1583 922; x_wconf 88' lang='grc' dir='ltr'>συμϐεϐηκόσιν</span> <span class='ocrx_word' id='word_1_59' title='bbox 1607 847 1775 919; x_wconf 80' lang='grc' dir='ltr'>αὐτῷ,</span> <span class='ocrx_word' id='word_1_60' title='bbox 1801 848 1902 900; x_wconf 83' lang='grc' dir='ltr'>οὐκ</span> 
     </span>
    </p>
   </div>
   <div class='ocr_carea' id='block_1_12' title="bbox 322 937 1901 1015">
    <p class='ocr_par' dir='ltr' id='par_1_12' title="bbox 322 937 1901 1015">
     <span class='ocr_line' id='line_1_13' title="bbox 322 937 1901 1015; baseline -0.004 -18"><span class='ocrx_word' id='word_1_61' title='bbox 322 944 522 998; x_wconf 79' lang='grc' dir='ltr'>ἔδωκεν</span> <span class='ocrx_word' id='word_1_62' title='bbox 554 944 868 1015; x_wconf 81' lang='grc' dir='ltr'><strong>ἀφροσύνην</strong></span> <span class='ocrx_word' id='word_1_63' title='bbox 905 941 982 1013; x_wconf 84' lang='grc' dir='ltr'>τῷ</span> <span class='ocrx_word' id='word_1_64' title='bbox 1019 942 1170 1014; x_wconf 78' lang='grc' dir='ltr'><strong>Θεῷ·</strong></span> <span class='ocrx_word' id='word_1_65' title='bbox 1221 941 1474 1013; x_wconf 86' lang='grc' dir='ltr'>καθάπερ</span> <span class='ocrx_word' id='word_1_66' title='bbox 1500 941 1593 995; x_wconf 78' lang='grc' dir='ltr'><strong>ἐπὶ</strong></span> <span class='ocrx_word' id='word_1_67' title='bbox 1623 939 1732 993; x_wconf 82' lang='grc' dir='ltr'><strong>τῶν</strong></span> <span class='ocrx_word' id='word_1_68' title='bbox 1758 937 1901 992; x_wconf 87' lang='grc' dir='ltr'>εἰκό-</span> 
     </span>
    </p>
   </div>
   <div class='ocr_carea' id='block_1_13' title="bbox 321 1029 1899 1102">
    <p class='ocr_par' dir='ltr' id='par_1_13' title="bbox 321 1029 1899 1102">
     <span class='ocr_line' id='line_1_14' title="bbox 321 1029 1899 1102; baseline -0.003 -16"><span class='ocrx_word' id='word_1_69' title='bbox 321 1050 449 1096; x_wconf 91' lang='grc' dir='ltr'>νων,</span> <span class='ocrx_word' id='word_1_70' title='bbox 477 1033 698 1087; x_wconf 80' lang='grc' dir='ltr'>ἐπειδάν</span> <span class='ocrx_word' id='word_1_71' title='bbox 733 1049 855 1086; x_wconf 84' lang='grc' dir='ltr'>τινα</span> <span class='ocrx_word' id='word_1_72' title='bbox 879 1031 1182 1102; x_wconf 83' lang='grc' dir='ltr'><strong>γράφωμεν</strong></span> <span class='ocrx_word' id='word_1_73' title='bbox 1217 1031 1275 1084; x_wconf 83' lang='grc' dir='ltr'>ὲν</span> <span class='ocrx_word' id='word_1_74' title='bbox 1298 1033 1364 1102; x_wconf 83' lang='grc' dir='ltr'>τῇ</span> <span class='ocrx_word' id='word_1_75' title='bbox 1406 1031 1651 1100; x_wconf 78' lang='grc' dir='ltr'>ἱστορικῇ</span> <span class='ocrx_word' id='word_1_76' title='bbox 1689 1029 1899 1098; x_wconf 77' lang='grc' dir='ltr'>γραφῇ,</span> 
     </span>
    </p>
   </div>
   <div class='ocr_carea' id='block_1_14' title="bbox 333 1118 1896 1194">
    <p class='ocr_par' dir='ltr' id='par_1_14' title="bbox 333 1118 1896 1194">
     <span class='ocr_line' id='line_1_15' title="bbox 333 1118 1896 1194; baseline -0.003 -16"><span class='ocrx_word' id='word_1_77' title='bbox 333 1125 396 1178; x_wconf 91' lang='lat'><strong>&#39;0</strong></span> <span class='ocrx_word' id='word_1_78' title='bbox 435 1124 604 1178; x_wconf 80' lang='grc' dir='ltr'>δεῖνα</span> <span class='ocrx_word' id='word_1_79' title='bbox 642 1123 920 1191; x_wconf 78' lang='grc' dir='ltr'>ἀνέθηκε,</span> <span class='ocrx_word' id='word_1_80' title='bbox 968 1124 1278 1194; x_wconf 78' lang='grc' dir='ltr'><strong>γράφομεν,</strong></span> <span class='ocrx_word' id='word_1_81' title='bbox 1328 1121 1470 1174; x_wconf 80' lang='grc' dir='ltr'>οὕτω</span> <span class='ocrx_word' id='word_1_82' title='bbox 1520 1121 1613 1174; x_wconf 76' lang='grc' dir='ltr'><strong>καὶ</strong></span> <span class='ocrx_word' id='word_1_83' title='bbox 1641 1118 1896 1184; x_wconf 77' lang='grc' dir='ltr'>ἐνταῦθα,</span> 
     </span>
    </p>
   </div>
   <div class='ocr_carea' id='block_1_15' title="bbox 319 1208 1902 1285">
    <p class='ocr_par' dir='ltr' id='par_1_15' title="bbox 319 1208 1902 1285">
     <span class='ocr_line' id='line_1_16' title="bbox 319 1208 1902 1285; baseline -0.004 -17"><span class='ocrx_word' id='word_1_84' title='bbox 319 1214 419 1285; x_wconf 83' lang='grc' dir='ltr'>τὴν</span> <span class='ocrx_word' id='word_1_85' title='bbox 449 1215 630 1268; x_wconf 81' lang='grc' dir='ltr'>εἰκόνα</span> <span class='ocrx_word' id='word_1_86' title='bbox 651 1215 751 1285; x_wconf 89' lang='grc' dir='ltr'><strong>τῆς</strong></span> <span class='ocrx_word' id='word_1_87' title='bbox 778 1214 957 1285; x_wconf 72' lang='grc' dir='ltr'>ψυχῆς</span> <span class='ocrx_word' id='word_1_88' title='bbox 978 1213 1141 1268; x_wconf 86' lang='grc' dir='ltr'>αὐτοῦ</span> <span class='ocrx_word' id='word_1_89' title='bbox 1170 1213 1405 1284; x_wconf 82' lang='grc' dir='ltr'>γράψας,</span> <span class='ocrx_word' id='word_1_90' title='bbox 1442 1213 1470 1265; x_wconf 85' lang='grc' dir='ltr'>ὁ</span> <span class='ocrx_word' id='word_1_91' title='bbox 1494 1211 1709 1282; x_wconf 82' lang='grc' dir='ltr'>γράψας</span> <span class='ocrx_word' id='word_1_92' title='bbox 1731 1209 1791 1262; x_wconf 85' lang='grc' dir='ltr'>τὸ</span> <span class='ocrx_word' id='word_1_93' title='bbox 1819 1208 1902 1280; x_wconf 84' lang='grc' dir='ltr'><strong>βι-</strong></span> 
     </span>
    </p>
   </div>
   <div class='ocr_carea' id='block_1_16' title="bbox 321 1301 1895 1377">
    <p class='ocr_par' dir='ltr' id='par_1_16' title="bbox 321 1301 1895 1377">
     <span class='ocr_line' id='line_1_17' title="bbox 321 1301 1895 1377; baseline -0.003 -18"><span class='ocrx_word' id='word_1_94' title='bbox 321 1306 488 1372; x_wconf 86' lang='grc' dir='ltr'>ϐλίον,</span> <span class='ocrx_word' id='word_1_95' title='bbox 512 1306 701 1377; x_wconf 79' lang='grc' dir='ltr'>ὥσπερ</span> <span class='ocrx_word' id='word_1_96' title='bbox 739 1307 796 1359; x_wconf 81' lang='grc' dir='ltr'>ὲν</span> <span class='ocrx_word' id='word_1_97' title='bbox 819 1304 1067 1376; x_wconf 88' lang='grc' dir='ltr'>χοινικίδι</span> <span class='ocrx_word' id='word_1_98' title='bbox 1095 1305 1339 1358; x_wconf 83' lang='grc' dir='ltr'><strong>κάτωθεν</strong></span> <span class='ocrx_word' id='word_1_99' title='bbox 1374 1304 1705 1373; x_wconf 85' lang='grc' dir='ltr'>ὑπογράφων</span> <span class='ocrx_word' id='word_1_100' title='bbox 1727 1301 1895 1371; x_wconf 83' lang='grc' dir='ltr'>λέγει·</span> 
     </span>
    </p>
   </div>
   <div class='ocr_carea' id='block_1_17' title="bbox 333 1391 1895 1466">
    <p class='ocr_par' dir='ltr' id='par_1_17' title="bbox 333 1391 1895 1466">
     <span class='ocr_line' id='line_1_18' title="bbox 333 1391 1895 1466; baseline -0.003 -14"><span class='ocrx_word' id='word_1_101' title='bbox 333 1395 438 1452; x_wconf 84' lang='grc' dir='ltr'><strong>Ἐν</strong></span> <span class='ocrx_word' id='word_1_102' title='bbox 475 1398 709 1462; x_wconf 84' lang='grc' dir='ltr'><strong>τούτοις</strong></span> <span class='ocrx_word' id='word_1_103' title='bbox 749 1396 901 1452; x_wconf 85' lang='grc' dir='ltr'>πᾶσι</span> <span class='ocrx_word' id='word_1_104' title='bbox 948 1395 1070 1463; x_wconf 85' lang='grc' dir='ltr'>τοῖς</span> <span class='ocrx_word' id='word_1_105' title='bbox 1100 1396 1552 1466; x_wconf 81' lang='grc' dir='ltr'>συμϐεϐηκόσιν</span> <span class='ocrx_word' id='word_1_106' title='bbox 1579 1391 1738 1460; x_wconf 83' lang='grc' dir='ltr'><strong>αὐτῷ</strong></span> <span class='ocrx_word' id='word_1_107' title='bbox 1781 1395 1895 1464; x_wconf 86' lang='grc' dir='ltr'><strong>οὐχ</strong></span> 
     </span>
    </p>
   </div>
   <div class='ocr_carea' id='block_1_18' title="bbox 322 1487 830 1558">
    <p class='ocr_par' dir='ltr' id='par_1_18' title="bbox 322 1487 830 1558">
     <span class='ocr_line' id='line_1_19' title="bbox 322 1487 830 1558; baseline -0.002 -18"><span class='ocrx_word' id='word_1_108' title='bbox 322 1488 586 1558; x_wconf 75' lang='grc' dir='ltr'>ἥμαρτεν</span> <span class='ocrx_word' id='word_1_109' title='bbox 629 1487 771 1543; x_wconf 84' lang='grc' dir='ltr'><strong>Ἰώϐ.</strong></span> <span class='ocrx_word' id='word_1_110' title='bbox 811 1507 830 1539; x_wconf 74' lang='grc' dir='ltr'><strong>ι</strong></span> 
     </span>
    </p>
   </div>
   <div class='ocr_carea' id='block_1_19' title="bbox 320 1575 1896 1652">
    <p class='ocr_par' dir='ltr' id='par_1_19' title="bbox 320 1575 1896 1652">
     <span class='ocr_line' id='line_1_20' title="bbox 320 1575 1896 1652; baseline 0 -20"><span class='ocrx_word' id='word_1_111' title='bbox 320 1580 418 1633; x_wconf 84' lang='grc' dir='ltr'>Ἐκ</span> <span class='ocrx_word' id='word_1_112' title='bbox 445 1579 550 1633; x_wconf 88' lang='grc' dir='ltr'><em>τοῦ</em></span> <span class='ocrx_word' id='word_1_113' title='bbox 565 1579 712 1644; x_wconf 79' lang='grc' dir='ltr'><em>,ϐίου</em></span> <span class='ocrx_word' id='word_1_114' title='bbox 730 1581 836 1634; x_wconf 81' lang='grc' dir='ltr'><strong>τοῦ</strong></span> <span class='ocrx_word' id='word_1_115' title='bbox 857 1581 1031 1652; x_wconf 81' lang='grc' dir='ltr'><strong>ἁγίου</strong></span> <span class='ocrx_word' id='word_1_116' title='bbox 1057 1580 1540 1645; x_wconf 75' lang='grc' dir='ltr'>Κωνσταντίνου,</span> <span class='ocrx_word' id='word_1_117' title='bbox 1554 1578 1802 1644; x_wconf 76' lang='grc' dir='ltr'><em>βιϐλίου</em></span> <span class='ocrx_word' id='word_1_118' title='bbox 1825 1575 1896 1632; x_wconf 87' lang='grc' dir='ltr'><strong>δ’.</strong></span> 
     </span>
    </p>
   </div>
   <div class='ocr_carea' id='block_1_20' title="bbox 2417 409 3152 481">
    <p class='ocr_par' dir='ltr' id='par_1_20' title="bbox 2417 409 3152 481">
     <span class='ocr_line' id='line_1_21' title="bbox 2417 409 3152 481; baseline 0.008 -18"><span class='ocrx_word' id='word_1_119' title='bbox 2417 409 2453 464; x_wconf 87' lang='grc'><strong>.1</strong></span> <span class='ocrx_word' id='word_1_120' title='bbox 2461 409 2700 465; x_wconf 82' lang='lat' dir='ltr'><strong>ulianum</strong></span> <span class='ocrx_word' id='word_1_121' title='bbox 2744 422 3046 481; x_wconf 85' lang='lat' dir='ltr'><strong>apostatam</strong></span> <span class='ocrx_word' id='word_1_122' title='bbox 3085 415 3152 470; x_wconf 77' lang='lat'><strong>&quot;.</strong></span> 
     </span>
    </p>
   </div>
   <div class='ocr_carea' id='block_1_21' title="bbox 2078 499 3581 580">
    <p class='ocr_par' dir='ltr' id='par_1_21' title="bbox 2078 499 3581 580">
     <span class='ocr_line' id='line_1_22' title="bbox 2078 499 3581 580; baseline 0.005 -26"><span class='ocrx_word' id='word_1_123' title='bbox 2078 519 2098 554; x_wconf 80' lang='grc' dir='ltr'><strong>ι</strong></span> <span class='ocrx_word' id='word_1_124' title='bbox 2138 499 2318 572; x_wconf 78' lang='lat' dir='ltr'><strong>Hujus</strong></span> <span class='ocrx_word' id='word_1_125' title='bbox 2365 502 2569 574; x_wconf 86' lang='lat' dir='ltr'><strong>quippe</strong></span> <span class='ocrx_word' id='word_1_126' title='bbox 2603 503 2843 561; x_wconf 83' lang='lat' dir='ltr'><strong>vulneris</strong></span> <span class='ocrx_word' id='word_1_127' title='bbox 2883 505 3042 577; x_wconf 87' lang='lat' dir='ltr'><strong>signa</strong></span> <span class='ocrx_word' id='word_1_128' title='bbox 3074 515 3338 574; x_wconf 75' lang='lat' dir='ltr'><strong>promunt</strong></span> <span class='ocrx_word' id='word_1_129' title='bbox 3385 507 3581 580; x_wconf 83' lang='lat' dir='ltr'><strong>imagi-</strong></span> 
     </span>
    </p>
   </div>
   <div class='ocr_carea' id='block_1_22' title="bbox 2003 594 2921 666">
    <p class='ocr_par' dir='ltr' id='par_1_22' title="bbox 2003 594 2921 666">
     <span class='ocr_line' id='line_1_23' title="bbox 2003 594 2921 666; baseline -0.002 -16"><span class='ocrx_word' id='word_1_130' title='bbox 2003 609 2101 652; x_wconf 90' lang='lat' dir='ltr'><strong>nes</strong></span> <span class='ocrx_word' id='word_1_131' title='bbox 2129 595 2185 650; x_wconf 90' lang='lat' dir='ltr'><strong>in</strong></span> <span class='ocrx_word' id='word_1_132' title='bbox 2217 594 2357 652; x_wconf 90' lang='lat' dir='ltr'><strong>locis</strong></span> <span class='ocrx_word' id='word_1_133' title='bbox 2388 596 2625 666; x_wconf 85' lang='lat' dir='ltr'><strong>publicis</strong></span> <span class='ocrx_word' id='word_1_134' title='bbox 2649 604 2868 652; x_wconf 68' lang='lat' dir='ltr'><strong>erectae.</strong></span> <span class='ocrx_word' id='word_1_135' title='bbox 2901 615 2921 648; x_wconf 70' lang='grc' dir='ltr'><strong>ι</strong></span> 
     </span>
    </p>
   </div>
   <div class='ocr_carea' id='block_1_23' title="bbox 2004 685 3584 812">
    <p class='ocr_par' dir='ltr' id='par_1_23' title="bbox 2004 685 3584 812">
     <span class='ocr_line' id='line_1_24' title="bbox 2004 685 3584 812; baseline 0.001 -69"><span class='ocrx_word' id='word_1_136' title='bbox 2004 685 2188 743; x_wconf 87' lang='lat' dir='ltr'><strong>Sancti</strong></span> <span class='ocrx_word' id='word_1_137' title='bbox 2252 686 2481 742; x_wconf 78' lang='lat' dir='ltr'><strong>Joannis</strong></span> <span class='ocrx_word' id='word_1_138' title='bbox 2543 687 2951 812; x_wconf 52' lang='lat' dir='ltr'><strong>Carysostoilnib,</strong></span> <span class='ocrx_word' id='word_1_139' title='bbox 3013 701 3080 742; x_wconf 72' lang='lat' dir='ltr'><strong>ea:</strong></span> <span class='ocrx_word' id='word_1_140' title='bbox 3133 689 3472 744; x_wconf 77' lang='lat' dir='ltr'><strong>enarratione</strong></span> <span class='ocrx_word' id='word_1_141' title='bbox 3529 690 3584 745; x_wconf 87' lang='lat' dir='ltr'><strong>in</strong></span> 
     </span>
     <span class='ocr_line' id='line_1_25' title="bbox 2603 768 2960 812; baseline -0.006 0"><span class='ocrx_word' id='word_1_142' title='bbox 2603 768 2805 812; x_wconf 74' lang='lat' dir='ltr'><strong>iustum</strong></span> <span class='ocrx_word' id='word_1_143' title='bbox 2876 775 2904 811; x_wconf 94' lang='grc' dir='ltr'><em>ο</em></span> <span class='ocrx_word' id='word_1_144' title='bbox 2947 797 2960 810; x_wconf 94' lang='grc'><strong>.</strong></span> 
     </span>
    </p>
   </div>
   <div class='ocr_carea' id='block_1_24' title="bbox 2593 768 2960 826">
    <p class='ocr_par' dir='ltr' id='par_1_24' title="bbox 2593 768 2960 826">
     <span class='ocr_line' id='line_1_26' title="bbox 2593 768 2960 826; baseline 0 -16"><span class='ocrx_word' id='word_1_145' title='bbox 2593 768 2805 826; x_wconf 76' lang='lat' dir='ltr'><strong>justum</strong></span> <span class='ocrx_word' id='word_1_146' title='bbox 2835 768 2960 812; x_wconf 81' lang='lat' dir='ltr'><strong>Job.</strong></span> 
     </span>
    </p>
   </div>
   <div class='ocr_carea' id='block_1_25' title="bbox 2075 845 3585 919">
    <p class='ocr_par' dir='ltr' id='par_1_25' title="bbox 2075 845 3585 919">
     <span class='ocr_line' id='line_1_27' title="bbox 2075 845 3585 919; baseline 0.002 -20"><span class='ocrx_word' id='word_1_147' title='bbox 2075 863 2096 899; x_wconf 78' lang='grc' dir='ltr'><strong>ι</strong></span> <span class='ocrx_word' id='word_1_148' title='bbox 2128 845 2187 900; x_wconf 85' lang='lat' dir='ltr'><strong>In</strong></span> <span class='ocrx_word' id='word_1_149' title='bbox 2228 845 2313 901; x_wconf 89' lang='lat' dir='ltr'><strong>his</strong></span> <span class='ocrx_word' id='word_1_150' title='bbox 2367 846 2629 902; x_wconf 88' lang='lat' dir='ltr'><strong>omnibus</strong></span> <span class='ocrx_word' id='word_1_151' title='bbox 2675 862 2798 916; x_wconf 83' lang='lat' dir='ltr'><strong>quae</strong></span> <span class='ocrx_word' id='word_1_152' title='bbox 2854 847 2957 916; x_wconf 90' lang='lat' dir='ltr'><strong>ipsi</strong></span> <span class='ocrx_word' id='word_1_153' title='bbox 3010 847 3378 919; x_wconf 87' lang='lat' dir='ltr'><strong>contigerunt,</strong></span> <span class='ocrx_word' id='word_1_154' title='bbox 3445 847 3585 902; x_wconf 87' lang='lat' dir='ltr'><strong>nihil</strong></span> 
     </span>
    </p>
   </div>
   <div class='ocr_carea' id='block_1_26' title="bbox 2001 936 3583 1008">
    <p class='ocr_par' dir='ltr' id='par_1_26' title="bbox 2001 936 3583 1008">
     <span class='ocr_line' id='line_1_28' title="bbox 2001 936 3583 1008; baseline 0.001 -16"><span class='ocrx_word' id='word_1_155' title='bbox 2001 936 2330 1008; x_wconf 74' lang='lat' dir='ltr'><strong>insipienter</strong></span> <span class='ocrx_word' id='word_1_156' title='bbox 2358 937 2644 993; x_wconf 84' lang='lat' dir='ltr'><strong>adversus</strong></span> <span class='ocrx_word' id='word_1_157' title='bbox 2683 938 2850 993; x_wconf 90' lang='lat' dir='ltr'><strong>Deum</strong></span> <span class='ocrx_word' id='word_1_158' title='bbox 2899 939 3119 995; x_wconf 87' lang='lat' dir='ltr'><strong>locutus</strong></span> <span class='ocrx_word' id='word_1_159' title='bbox 3151 947 3258 995; x_wconf 85' lang='lat' dir='ltr'><strong>est.</strong></span> <span class='ocrx_word' id='word_1_160' title='bbox 3306 937 3583 1005; x_wconf 81' lang='lat' dir='ltr'><strong>Quemad-</strong></span> 
     </span>
    </p>
   </div>
   <div class='ocr_carea' id='block_1_27' title="bbox 2001 1029 3584 1102">
    <p class='ocr_par' dir='ltr' id='par_1_27' title="bbox 2001 1029 3584 1102">
     <span class='ocr_line' id='line_1_29' title="bbox 2001 1029 3584 1102; baseline 0.003 -20"><span class='ocrx_word' id='word_1_161' title='bbox 2001 1029 2315 1084; x_wconf 91' lang='lat' dir='ltr'><strong>modumin</strong></span> <span class='ocrx_word' id='word_1_162' title='bbox 2367 1030 2705 1099; x_wconf 80' lang='lat' dir='ltr'><strong>imaginibus</strong></span> <span class='ocrx_word' id='word_1_163' title='bbox 2744 1044 2868 1084; x_wconf 90' lang='lat' dir='ltr'><strong>cum</strong></span> <span class='ocrx_word' id='word_1_164' title='bbox 2921 1030 3239 1101; x_wconf 87' lang='lat' dir='ltr'><strong>cujuspiam</strong></span> <span class='ocrx_word' id='word_1_165' title='bbox 3302 1032 3584 1102; x_wconf 80' lang='lat' dir='ltr'><strong>pinximus</strong></span> 
     </span>
    </p>
   </div>
   <div class='ocr_carea' id='block_1_28' title="bbox 2000 1116 3582 1185">
    <p class='ocr_par' dir='ltr' id='par_1_28' title="bbox 2000 1116 3582 1185">
     <span class='ocr_line' id='line_1_30' title="bbox 2000 1116 3582 1185; baseline -0.001 -12"><span class='ocrx_word' id='word_1_166' title='bbox 2000 1119 2334 1185; x_wconf 79' lang='lat' dir='ltr'><strong>historiam,</strong></span> <span class='ocrx_word' id='word_1_167' title='bbox 2381 1119 2666 1175; x_wconf 83' lang='lat' dir='ltr'><strong>ascribere</strong></span> <span class='ocrx_word' id='word_1_168' title='bbox 2719 1118 2966 1174; x_wconf 88' lang='lat' dir='ltr'><strong>solemus</strong></span> <span class='ocrx_word' id='word_1_169' title='bbox 3017 1137 3031 1173; x_wconf 90' lang='lat'><strong>:</strong></span> <span class='ocrx_word' id='word_1_170' title='bbox 3097 1116 3173 1173; x_wconf 87' lang='grc' dir='ltr'><strong>Ν.</strong></span> <span class='ocrx_word' id='word_1_171' title='bbox 3223 1121 3582 1184; x_wconf 73' lang='lat' dir='ltr'><strong>consecravit;</strong></span> 
     </span>
    </p>
   </div>
   <div class='ocr_carea' id='block_1_29' title="bbox 2001 1212 3584 1284">
    <p class='ocr_par' dir='ltr' id='par_1_29' title="bbox 2001 1212 3584 1284">
     <span class='ocr_line' id='line_1_31' title="bbox 2001 1212 3584 1284; baseline 0 -15"><span class='ocrx_word' id='word_1_172' title='bbox 2001 1212 2085 1269; x_wconf 89' lang='lat' dir='ltr'><strong>sic</strong></span> <span class='ocrx_word' id='word_1_173' title='bbox 2138 1214 2233 1284; x_wconf 90' lang='lat' dir='ltr'><strong>qui</strong></span> <span class='ocrx_word' id='word_1_174' title='bbox 2287 1213 2489 1269; x_wconf 90' lang='lat' dir='ltr'><strong>librum</strong></span> <span class='ocrx_word' id='word_1_175' title='bbox 2550 1214 2699 1268; x_wconf 93' lang='lat' dir='ltr'><strong>hunc</strong></span> <span class='ocrx_word' id='word_1_176' title='bbox 2752 1213 2996 1284; x_wconf 91' lang='lat' dir='ltr'><strong>scripsit,</strong></span> <span class='ocrx_word' id='word_1_177' title='bbox 3045 1223 3333 1284; x_wconf 82' lang='lat' dir='ltr'><strong>postquam</strong></span> <span class='ocrx_word' id='word_1_178' title='bbox 3385 1215 3584 1269; x_wconf 65' lang='lat' dir='ltr'><strong>animae</strong></span> 
     </span>
    </p>
   </div>
   <div class='ocr_carea' id='block_1_30' title="bbox 1999 1304 3584 1374">
    <p class='ocr_par' dir='ltr' id='par_1_30' title="bbox 1999 1304 3584 1374">
     <span class='ocr_line' id='line_1_32' title="bbox 1999 1304 3584 1374; baseline -0.001 -16"><span class='ocrx_word' id='word_1_179' title='bbox 1999 1304 2150 1360; x_wconf 92' lang='lat' dir='ltr'><strong>illius</strong></span> <span class='ocrx_word' id='word_1_180' title='bbox 2186 1305 2479 1374; x_wconf 82' lang='lat' dir='ltr'><strong>imaginem</strong></span> <span class='ocrx_word' id='word_1_181' title='bbox 2509 1305 2825 1370; x_wconf 89' lang='lat' dir='ltr'><strong>delineavit,</strong></span> <span class='ocrx_word' id='word_1_182' title='bbox 2867 1305 3016 1360; x_wconf 87' lang='lat' dir='ltr'><strong>velut</strong></span> <span class='ocrx_word' id='word_1_183' title='bbox 3066 1305 3124 1358; x_wconf 90' lang='lat' dir='ltr'><strong>in</strong></span> <span class='ocrx_word' id='word_1_184' title='bbox 3171 1313 3416 1359; x_wconf 81' lang='lat' dir='ltr'><strong>extrema</strong></span> <span class='ocrx_word' id='word_1_185' title='bbox 3463 1320 3584 1358; x_wconf 88' lang='lat' dir='ltr'><strong>mo-</strong></span> 
     </span>
    </p>
   </div>
   <div class='ocr_carea' id='block_1_31' title="bbox 1999 1392 3587 1465">
    <p class='ocr_par' dir='ltr' id='par_1_31' title="bbox 1999 1392 3587 1465">
     <span class='ocr_line' id='line_1_33' title="bbox 1999 1392 3587 1465; baseline -0.002 -15"><span class='ocrx_word' id='word_1_186' title='bbox 1999 1395 2128 1450; x_wconf 86' lang='lat' dir='ltr'><strong>dioli</strong></span> <span class='ocrx_word' id='word_1_187' title='bbox 2155 1402 2314 1465; x_wconf 89' lang='lat' dir='ltr'><strong>parte</strong></span> <span class='ocrx_word' id='word_1_188' title='bbox 2336 1395 2728 1461; x_wconf 87' lang='lat' dir='ltr'><strong>subscribens,</strong></span> <span class='ocrx_word' id='word_1_189' title='bbox 2769 1394 2908 1449; x_wconf 81' lang='lat' dir='ltr'><strong>dixit</strong></span> <span class='ocrx_word' id='word_1_190' title='bbox 2939 1411 2952 1448; x_wconf 91' lang='lat'>:</span> <span class='ocrx_word' id='word_1_191' title='bbox 2996 1392 3062 1447; x_wconf 91' lang='lat' dir='ltr'><strong>In</strong></span> <span class='ocrx_word' id='word_1_192' title='bbox 3097 1394 3336 1448; x_wconf 82' lang='lat' dir='ltr'><strong>omnibus</strong></span> <span class='ocrx_word' id='word_1_193' title='bbox 3365 1393 3444 1447; x_wconf 81' lang='lat' dir='ltr'><strong>his</strong></span> <span class='ocrx_word' id='word_1_194' title='bbox 3471 1408 3587 1463; x_wconf 79' lang='lat' dir='ltr'><strong>qua:</strong></span> 
     </span>
    </p>
   </div>
   <div class='ocr_carea' id='block_1_32' title="bbox 2000 1483 3158 1554">
    <p class='ocr_par' dir='ltr' id='par_1_32' title="bbox 2000 1483 3158 1554">
     <span class='ocr_line' id='line_1_34' title="bbox 2000 1483 3158 1554; baseline -0.003 -15"><span class='ocrx_word' id='word_1_195' title='bbox 2000 1484 2310 1539; x_wconf 80' lang='lat' dir='ltr'><strong>acciderunt</strong></span> <span class='ocrx_word' id='word_1_196' title='bbox 2332 1485 2455 1554; x_wconf 85' lang='lat' dir='ltr'><strong>ipsi,</strong></span> <span class='ocrx_word' id='word_1_197' title='bbox 2489 1501 2593 1539; x_wconf 87' lang='lat' dir='ltr'><strong>non</strong></span> <span class='ocrx_word' id='word_1_198' title='bbox 2625 1485 2856 1552; x_wconf 83' lang='lat' dir='ltr'><strong>peccavit</strong></span> <span class='ocrx_word' id='word_1_199' title='bbox 2883 1483 2984 1538; x_wconf 82' lang='lat' dir='ltr'><strong>Job</strong></span> <span class='ocrx_word' id='word_1_200' title='bbox 3025 1483 3097 1536; x_wconf 83' lang='grc'><strong>⁵⁸.</strong></span> <span class='ocrx_word' id='word_1_201' title='bbox 3138 1502 3158 1536; x_wconf 76' lang='grc' dir='ltr'><strong>ι</strong></span> 
     </span>
    </p>
   </div>
   <div class='ocr_carea' id='block_1_33' title="bbox 2105 1574 3478 1645">
    <p class='ocr_par' dir='ltr' id='par_1_33' title="bbox 2105 1574 3478 1645">
     <span class='ocr_line' id='line_1_35' title="bbox 2105 1574 3478 1645; baseline -0.003 -13"><span class='ocrx_word' id='word_1_202' title='bbox 2105 1577 2174 1633; x_wconf 86' lang='lat' dir='ltr'><strong>In</strong></span> <span class='ocrx_word' id='word_1_203' title='bbox 2212 1577 2333 1631; x_wconf 84' lang='lat' dir='ltr'><strong>Vita</strong></span> <span class='ocrx_word' id='word_1_204' title='bbox 2357 1579 2528 1632; x_wconf 82' lang='lat' dir='ltr'><strong>sancti</strong></span> <span class='ocrx_word' id='word_1_205' title='bbox 2556 1577 2894 1631; x_wconf 82' lang='lat' dir='ltr'><strong>Constantini</strong></span> <span class='ocrx_word' id='word_1_206' title='bbox 2932 1575 3064 1630; x_wconf 87' lang='lat' dir='ltr'><strong>libro</strong></span> <span class='ocrx_word' id='word_1_207' title='bbox 3095 1592 3147 1630; x_wconf 82' lang='grc' dir='ltr'><strong>ιν</strong></span> <span class='ocrx_word' id='word_1_208' title='bbox 3185 1574 3328 1645; x_wconf 85' lang='lat' dir='ltr'><strong>(cap.</strong></span> <span class='ocrx_word' id='word_1_209' title='bbox 3367 1574 3478 1644; x_wconf 75' lang='lat' dir='ltr'><strong>i5).</strong></span> 
     </span>
    </p>
   </div>
   <div class='ocr_carea' id='block_1_34' title="bbox 397 1665 1898 1744">
    <p class='ocr_par' dir='ltr' id='par_1_34' title="bbox 397 1667 1896 1742">
     <span class='ocr_line' id='line_1_36' title="bbox 397 1667 1896 1742; baseline 0.001 -22"><span class='ocrx_word' id='word_1_210' title='bbox 397 1687 416 1720; x_wconf 78' lang='grc' dir='ltr'><strong>ι</strong></span> <span class='ocrx_word' id='word_1_211' title='bbox 450 1669 590 1738; x_wconf 69' lang='lat' dir='ltr'><strong>&quot;Dan</strong></span> <span class='ocrx_word' id='word_1_212' title='bbox 623 1667 677 1722; x_wconf 87' lang='grc' dir='ltr'>δὲ</span> <span class='ocrx_word' id='word_1_213' title='bbox 708 1671 871 1724; x_wconf 79' lang='grc' dir='ltr'>αὐτοῦ</span> <span class='ocrx_word' id='word_1_214' title='bbox 905 1674 937 1742; x_wconf 77' lang='grc' dir='ltr'>ἡ</span> <span class='ocrx_word' id='word_1_215' title='bbox 968 1672 1146 1742; x_wconf 79' lang='grc' dir='ltr'>ψυχὴ,</span> <span class='ocrx_word' id='word_1_216' title='bbox 1181 1671 1415 1733; x_wconf 90' lang='grc' dir='ltr'>πίστεως</span> <span class='ocrx_word' id='word_1_217' title='bbox 1453 1669 1639 1724; x_wconf 75' lang='grc' dir='ltr'>ἐνθέου</span> <span class='ocrx_word' id='word_1_218' title='bbox 1679 1670 1896 1740; x_wconf 78' lang='grc' dir='ltr'>ἐστήρι-</span> 
     </span>
    </p>
   </div>
   <div class='ocr_carea' id='block_1_35' title="bbox 2001 1665 3586 1744">
    <p class='ocr_par' dir='ltr' id='par_1_35' title="bbox 2073 1665 3586 1735">
     <span class='ocr_line' id='line_1_37' title="bbox 2073 1665 3586 1735; baseline 0.001 -17"><span class='ocrx_word' id='word_1_219' title='bbox 2073 1683 2093 1718; x_wconf 77' lang='grc' dir='ltr'><strong>ι</strong></span> <span class='ocrx_word' id='word_1_220' title='bbox 2127 1665 2346 1733; x_wconf 84' lang='lat' dir='ltr'><strong>Quanto</strong></span> <span class='ocrx_word' id='word_1_221' title='bbox 2387 1674 2569 1722; x_wconf 90' lang='lat' dir='ltr'><strong>autem</strong></span> <span class='ocrx_word' id='word_1_222' title='bbox 2617 1665 2740 1721; x_wconf 81' lang='lat' dir='ltr'><strong>ﬁdei</strong></span> <span class='ocrx_word' id='word_1_223' title='bbox 2770 1667 2967 1721; x_wconf 87' lang='lat' dir='ltr'><strong>robore</strong></span> <span class='ocrx_word' id='word_1_224' title='bbox 3009 1666 3234 1720; x_wconf 86' lang='lat' dir='ltr'><strong>animus</strong></span> <span class='ocrx_word' id='word_1_225' title='bbox 3267 1665 3388 1735; x_wconf 85' lang='lat' dir='ltr'><strong>ejus</strong></span> <span class='ocrx_word' id='word_1_226' title='bbox 3419 1665 3586 1721; x_wconf 79' lang='lat' dir='ltr'><strong>obﬁr-</strong></span> 
     </span>
    </p>
   </div>
   <div class='ocr_carea' id='block_1_36' title="bbox 322 1759 1899 1831">
    <p class='ocr_par' dir='ltr' id='par_1_36' title="bbox 322 1759 1899 1831">
     <span class='ocr_line' id='line_1_38' title="bbox 322 1759 1899 1831; baseline 0.001 -20"><span class='ocrx_word' id='word_1_227' title='bbox 322 1776 418 1812; x_wconf 90' lang='grc' dir='ltr'><strong>κτο</strong></span> <span class='ocrx_word' id='word_1_228' title='bbox 441 1759 687 1830; x_wconf 81' lang='grc' dir='ltr'>δυνάμει,</span> <span class='ocrx_word' id='word_1_229' title='bbox 719 1761 878 1830; x_wconf 85' lang='grc' dir='ltr'>μάθοι</span> <span class='ocrx_word' id='word_1_230' title='bbox 909 1763 974 1815; x_wconf 78' lang='grc' dir='ltr'>ἄν</span> <span class='ocrx_word' id='word_1_231' title='bbox 1000 1779 1084 1826; x_wconf 85' lang='grc' dir='ltr'><strong>τις</strong></span> <span class='ocrx_word' id='word_1_232' title='bbox 1113 1763 1207 1815; x_wconf 77' lang='grc' dir='ltr'>καὶ</span> <span class='ocrx_word' id='word_1_233' title='bbox 1248 1765 1313 1814; x_wconf 85' lang='grc' dir='ltr'>ὲκ</span> <span class='ocrx_word' id='word_1_234' title='bbox 1353 1761 1526 1826; x_wconf 89' lang='grc' dir='ltr'>τοῦδε,</span> <span class='ocrx_word' id='word_1_235' title='bbox 1551 1761 1899 1831; x_wconf 82' lang='grc' dir='ltr'>λογιζόμενος</span> 
     </span>
    </p>
   </div>
   <div class='ocr_carea' id='block_1_37' title="bbox 320 1847 1900 1922">
    <p class='ocr_par' dir='ltr' id='par_1_37' title="bbox 320 1847 1900 1922">
     <span class='ocr_line' id='line_1_39' title="bbox 320 1847 1900 1922; baseline 0 -20"><span class='ocrx_word' id='word_1_236' title='bbox 320 1852 396 1913; x_wconf 80' lang='grc' dir='ltr'>ὡς</span> <span class='ocrx_word' id='word_1_237' title='bbox 416 1852 474 1903; x_wconf 80' lang='grc' dir='ltr'>ἐν</span> <span class='ocrx_word' id='word_1_238' title='bbox 493 1853 604 1914; x_wconf 87' lang='grc' dir='ltr'>τοῖς</span> <span class='ocrx_word' id='word_1_239' title='bbox 623 1853 844 1921; x_wconf 85' lang='grc' dir='ltr'><strong>χρυσοῖς</strong></span> <span class='ocrx_word' id='word_1_240' title='bbox 864 1852 1214 1922; x_wconf 82' lang='grc' dir='ltr'>νομίσμασιν,</span> <span class='ocrx_word' id='word_1_241' title='bbox 1236 1851 1395 1915; x_wconf 83' lang='grc' dir='ltr'>αὐτὸς</span> <span class='ocrx_word' id='word_1_242' title='bbox 1419 1850 1516 1922; x_wconf 70' lang='grc' dir='ltr'>τὴν</span> <span class='ocrx_word' id='word_1_243' title='bbox 1533 1847 1696 1903; x_wconf 81' lang='grc' dir='ltr'>αὑτοῦ</span> <span class='ocrx_word' id='word_1_244' title='bbox 1717 1849 1900 1903; x_wconf 79' lang='grc' dir='ltr'>εἰκόνα</span> 
     </span>
    </p>
   </div>
   <div class='ocr_carea' id='block_1_38' title="bbox 317 1942 1898 2015">
    <p class='ocr_par' dir='ltr' id='par_1_38' title="bbox 317 1942 1898 2015">
     <span class='ocr_line' id='line_1_40' title="bbox 317 1942 1898 2015; baseline 0.001 -21"><span class='ocrx_word' id='word_1_245' title='bbox 317 1942 663 2013; x_wconf 83' lang='grc' dir='ltr'>διεγράφετο,</span> <span class='ocrx_word' id='word_1_246' title='bbox 714 1942 790 2008; x_wconf 83' lang='grc' dir='ltr'><strong>ὡς</strong></span> <span class='ocrx_word' id='word_1_247' title='bbox 825 1944 938 1998; x_wconf 80' lang='grc' dir='ltr'>ἄνω</span> <span class='ocrx_word' id='word_1_248' title='bbox 977 1943 1196 2015; x_wconf 80' lang='grc' dir='ltr'>βλέπειν</span> <span class='ocrx_word' id='word_1_249' title='bbox 1241 1943 1451 2010; x_wconf 83' lang='grc' dir='ltr'>δοκεῖν,</span> <span class='ocrx_word' id='word_1_250' title='bbox 1489 1943 1898 2014; x_wconf 88' lang='grc' dir='ltr'>ἁνατεταμένην</span> 
     </span>
    </p>
   </div>
   <div class='ocr_carea' id='block_1_39' title="bbox 319 2029 1900 2108">
    <p class='ocr_par' dir='ltr' id='par_1_39' title="bbox 319 2029 1900 2108">
     <span class='ocr_line' id='line_1_41' title="bbox 319 2029 1900 2108; baseline 0.002 -23"><span class='ocrx_word' id='word_1_251' title='bbox 319 2033 456 2104; x_wconf 76' lang='grc' dir='ltr'>πρὸς</span> <span class='ocrx_word' id='word_1_252' title='bbox 476 2033 630 2100; x_wconf 81' lang='grc' dir='ltr'>Θεὸν,</span> <span class='ocrx_word' id='word_1_253' title='bbox 655 2035 951 2105; x_wconf 83' lang='grc' dir='ltr'>εὐχομένου</span> <span class='ocrx_word' id='word_1_254' title='bbox 979 2037 1200 2108; x_wconf 88' lang='grc' dir='ltr'>τρόπον.</span> <span class='ocrx_word' id='word_1_255' title='bbox 1232 2035 1434 2089; x_wconf 88' lang='grc' dir='ltr'><strong>Τούτου</strong></span> <span class='ocrx_word' id='word_1_256' title='bbox 1471 2035 1570 2106; x_wconf 81' lang='grc' dir='ltr'>μὲν</span> <span class='ocrx_word' id='word_1_257' title='bbox 1589 2029 1680 2089; x_wconf 81' lang='grc' dir='ltr'>οὖν</span> <span class='ocrx_word' id='word_1_258' title='bbox 1710 2035 1780 2088; x_wconf 80' lang='grc' dir='ltr'><strong>τά</strong></span> <span class='ocrx_word' id='word_1_259' title='bbox 1808 2036 1900 2088; x_wconf 85' lang='grc' dir='ltr'><strong>ὲκ-</strong></span> 
     </span>
    </p>
   </div>
   <div class='ocr_carea' id='block_1_40' title="bbox 319 2124 1900 2199">
    <p class='ocr_par' dir='ltr' id='par_1_40' title="bbox 319 2124 1900 2199">
     <span class='ocr_line' id='line_1_42' title="bbox 319 2124 1900 2199; baseline 0.002 -24"><span class='ocrx_word' id='word_1_260' title='bbox 319 2124 643 2195; x_wconf 84' lang='grc' dir='ltr'>τυπώματα,</span> <span class='ocrx_word' id='word_1_261' title='bbox 683 2125 801 2180; x_wconf 84' lang='grc' dir='ltr'>καθ’</span> <span class='ocrx_word' id='word_1_262' title='bbox 832 2127 961 2198; x_wconf 84' lang='grc' dir='ltr'><strong>ὅλης</strong></span> <span class='ocrx_word' id='word_1_263' title='bbox 986 2128 1084 2197; x_wconf 91' lang='grc' dir='ltr'><strong>τῆς</strong></span> <span class='ocrx_word' id='word_1_264' title='bbox 1120 2127 1406 2199; x_wconf 85' lang='grc' dir='ltr'>Ῥωμαίων</span> <span class='ocrx_word' id='word_1_265' title='bbox 1429 2128 1530 2197; x_wconf 86' lang='grc' dir='ltr'><strong>γῆς</strong></span> <span class='ocrx_word' id='word_1_266' title='bbox 1556 2140 1606 2192; x_wconf 74' lang='grc' dir='ltr'>ι,</span> <span class='ocrx_word' id='word_1_267' title='bbox 1639 2127 1696 2180; x_wconf 84' lang='grc' dir='ltr'>ὲν</span> <span class='ocrx_word' id='word_1_268' title='bbox 1716 2127 1900 2191; x_wconf 84' lang='grc' dir='ltr'>αὐτοῖς</span> 
     </span>
    </p>
   </div>
   <div class='ocr_carea' id='block_1_41' title="bbox 317 2216 1900 2286">
    <p class='ocr_par' dir='ltr' id='par_1_41' title="bbox 317 2216 1900 2286">
     <span class='ocr_line' id='line_1_43' title="bbox 317 2216 1900 2286; baseline 0.002 -16"><span class='ocrx_word' id='word_1_269' title='bbox 317 2216 374 2270; x_wconf 81' lang='grc' dir='ltr'>δὲ</span> <span class='ocrx_word' id='word_1_270' title='bbox 403 2217 515 2279; x_wconf 89' lang='grc' dir='ltr'>τοῖς</span> <span class='ocrx_word' id='word_1_271' title='bbox 544 2216 834 2286; x_wconf 80' lang='grc' dir='ltr'>βασιλείοις</span> <span class='ocrx_word' id='word_1_272' title='bbox 882 2219 1026 2272; x_wconf 88' lang='grc' dir='ltr'>κατά</span> <span class='ocrx_word' id='word_1_273' title='bbox 1069 2237 1220 2283; x_wconf 87' lang='grc' dir='ltr'>τινας</span> <span class='ocrx_word' id='word_1_274' title='bbox 1243 2219 1448 2285; x_wconf 91' lang='grc' dir='ltr'>πόλεις,</span> <span class='ocrx_word' id='word_1_275' title='bbox 1485 2223 1543 2273; x_wconf 82' lang='grc' dir='ltr'>ὲν</span> <span class='ocrx_word' id='word_1_276' title='bbox 1584 2221 1703 2283; x_wconf 84' lang='grc' dir='ltr'>ταῖς</span> <span class='ocrx_word' id='word_1_277' title='bbox 1733 2221 1811 2282; x_wconf 90' lang='grc' dir='ltr'><strong>εἰς</strong></span> <span class='ocrx_word' id='word_1_278' title='bbox 1838 2220 1900 2273; x_wconf 85' lang='grc' dir='ltr'>τὸ</span> 
     </span>
    </p>
   </div>
   <div class='ocr_carea' id='block_1_42' title="bbox 322 2307 1899 2382">
    <p class='ocr_par' dir='ltr' id='par_1_42' title="bbox 322 2307 1899 2382">
     <span class='ocr_line' id='line_1_44' title="bbox 322 2307 1899 2382; baseline 0.003 -22"><span class='ocrx_word' id='word_1_279' title='bbox 322 2307 596 2382; x_wconf 83' lang='grc' dir='ltr'>μετέωρον</span> <span class='ocrx_word' id='word_1_280' title='bbox 616 2309 726 2362; x_wconf 86' lang='grc' dir='ltr'><strong>τῶν</strong></span> <span class='ocrx_word' id='word_1_281' title='bbox 755 2309 1045 2382; x_wconf 86' lang='grc' dir='ltr'>προπύλων</span> <span class='ocrx_word' id='word_1_282' title='bbox 1069 2312 1457 2382; x_wconf 82' lang='grc' dir='ltr'>ἀνακειμέναις</span> <span class='ocrx_word' id='word_1_283' title='bbox 1481 2311 1703 2376; x_wconf 89' lang='grc' dir='ltr'>εἰκόσιν,</span> <span class='ocrx_word' id='word_1_284' title='bbox 1729 2310 1899 2375; x_wconf 78' lang='grc' dir='ltr'>ἑστὼς</span> 
     </span>
    </p>
   </div>
   <div class='ocr_carea' id='block_1_43' title="bbox 319 2397 1896 2474">
    <p class='ocr_par' dir='ltr' id='par_1_43' title="bbox 319 2397 1896 2474">
     <span class='ocr_line' id='line_1_45' title="bbox 319 2397 1896 2474; baseline 0.001 -23"><span class='ocrx_word' id='word_1_285' title='bbox 319 2397 497 2468; x_wconf 75' lang='grc' dir='ltr'>ὄρθιος</span> <span class='ocrx_word' id='word_1_286' title='bbox 525 2398 817 2472; x_wconf 75' lang='grc' dir='ltr'>ἐγράφετο,</span> <span class='ocrx_word' id='word_1_287' title='bbox 853 2402 965 2457; x_wconf 79' lang='grc' dir='ltr'>ἄνω</span> <span class='ocrx_word' id='word_1_288' title='bbox 990 2403 1090 2473; x_wconf 84' lang='grc' dir='ltr'>μὲν</span> <span class='ocrx_word' id='word_1_289' title='bbox 1120 2404 1201 2467; x_wconf 84' lang='grc' dir='ltr'><strong>είς</strong></span> <span class='ocrx_word' id='word_1_290' title='bbox 1221 2403 1312 2457; x_wconf 85' lang='grc' dir='ltr'>τὸν</span> <span class='ocrx_word' id='word_1_291' title='bbox 1333 2402 1562 2474; x_wconf 81' lang='grc' dir='ltr'>οὐρανὸν</span> <span class='ocrx_word' id='word_1_292' title='bbox 1585 2402 1896 2472; x_wconf 78' lang='grc' dir='ltr'>ἐμϐλέπων,</span> 
     </span>
    </p>
   </div>
   <div class='ocr_carea' id='block_1_44' title="bbox 318 2489 1898 2566">
    <p class='ocr_par' dir='ltr' id='par_1_44' title="bbox 318 2489 1898 2566">
     <span class='ocr_line' id='line_1_46' title="bbox 318 2489 1898 2566; baseline 0.001 -22"><span class='ocrx_word' id='word_1_293' title='bbox 318 2494 396 2546; x_wconf 86' lang='grc' dir='ltr'>τὼ</span> <span class='ocrx_word' id='word_1_294' title='bbox 420 2495 565 2562; x_wconf 85' lang='grc' dir='ltr'>χεῖρε</span> <span class='ocrx_word' id='word_1_295' title='bbox 597 2493 964 2564; x_wconf 75' lang='grc' dir='ltr'>ἐκτεταμένω,</span> <span class='ocrx_word' id='word_1_296' title='bbox 1015 2495 1310 2566; x_wconf 84' lang='grc' dir='ltr'>εὐχομένου</span> <span class='ocrx_word' id='word_1_297' title='bbox 1339 2496 1599 2565; x_wconf 88' lang='grc' dir='ltr'>σχήματι.</span> <span class='ocrx_word' id='word_1_298' title='bbox 1629 2489 1759 2547; x_wconf 80' lang='grc' dir='ltr'>Ὧδε</span> <span class='ocrx_word' id='word_1_299' title='bbox 1799 2495 1898 2565; x_wconf 82' lang='grc' dir='ltr'>μὲν</span> 
     </span>
    </p>
   </div>
   <div class='ocr_carea' id='block_1_45' title="bbox 318 2578 1898 2660">
    <p class='ocr_par' dir='ltr' id='par_1_45' title="bbox 318 2578 1898 2660">
     <span class='ocr_line' id='line_1_47' title="bbox 318 2578 1898 2660; baseline 0.003 -24"><span class='ocrx_word' id='word_1_300' title='bbox 318 2578 413 2638; x_wconf 83' lang='grc' dir='ltr'>οὖν</span> <span class='ocrx_word' id='word_1_301' title='bbox 441 2584 601 2648; x_wconf 83' lang='grc' dir='ltr'>αὐτὸς</span> <span class='ocrx_word' id='word_1_302' title='bbox 641 2585 834 2640; x_wconf 81' lang='grc' dir='ltr'>ἑαυτὸν</span> <span class='ocrx_word' id='word_1_303' title='bbox 881 2587 941 2641; x_wconf 67' lang='grc' dir='ltr'>ἐν</span> <span class='ocrx_word' id='word_1_304' title='bbox 969 2589 1091 2652; x_wconf 84' lang='grc' dir='ltr'>ταῖς</span> <span class='ocrx_word' id='word_1_305' title='bbox 1139 2587 1578 2659; x_wconf 85' lang='grc' dir='ltr'>εἰκονογραφίαις</span> <span class='ocrx_word' id='word_1_306' title='bbox 1606 2586 1898 2660; x_wconf 84' lang='grc' dir='ltr'>εὐχόμενον</span> 
     </span>
    </p>
   </div>
   <div class='ocr_carea' id='block_1_46' title="bbox 323 2676 605 2747">
    <p class='ocr_par' dir='ltr' id='par_1_46' title="bbox 323 2676 605 2747">
     <span class='ocr_line' id='line_1_48' title="bbox 323 2676 605 2747; baseline 0 -19"><span class='ocrx_word' id='word_1_307' title='bbox 323 2676 544 2747; x_wconf 76' lang='grc' dir='ltr'>ἱστορεῖ.</span> <span class='ocrx_word' id='word_1_308' title='bbox 584 2694 605 2728; x_wconf 71' lang='grc' dir='ltr'><strong>ι</strong></span> 
     </span>
    </p>
   </div>
   <div class='ocr_carea' id='block_1_47' title="bbox 555 2850 1650 2921">
    <p class='ocr_par' dir='ltr' id='par_1_47' title="bbox 555 2850 1650 2921">
     <span class='ocr_line' id='line_1_49' title="bbox 555 2850 1650 2921; baseline 0.002 -15"><span class='ocrx_word' id='word_1_309' title='bbox 555 2851 665 2906; x_wconf 84' lang='grc' dir='ltr'><strong>Τοῦ</strong></span> <span class='ocrx_word' id='word_1_310' title='bbox 688 2850 896 2918; x_wconf 83' lang='grc' dir='ltr'>αὐτοῦ,</span> <span class='ocrx_word' id='word_1_311' title='bbox 927 2851 996 2906; x_wconf 83' lang='grc' dir='ltr'>ἐκ</span> <span class='ocrx_word' id='word_1_312' title='bbox 1029 2851 1134 2906; x_wconf 88' lang='grc' dir='ltr'><em>τοῦ</em></span> <span class='ocrx_word' id='word_1_313' title='bbox 1161 2852 1364 2921; x_wconf 79' lang='grc' dir='ltr'><em>τρίτου</em></span> <span class='ocrx_word' id='word_1_314' title='bbox 1383 2852 1650 2917; x_wconf 76' lang='grc' dir='ltr'><strong>βιϐλίου.</strong></span> 
     </span>
    </p>
   </div>
   <div class='ocr_carea' id='block_1_48' title="bbox 397 2931 1901 3016">
    <p class='ocr_par' dir='ltr' id='par_1_48' title="bbox 397 2931 1901 3016">
     <span class='ocr_line' id='line_1_50' title="bbox 397 2931 1901 3016; baseline 0.003 -22"><span class='ocrx_word' id='word_1_315' title='bbox 397 2960 417 2994; x_wconf 81' lang='grc' dir='ltr'><strong>ι</strong></span> <span class='ocrx_word' id='word_1_316' title='bbox 445 2935 574 2997; x_wconf 76' lang='grc' dir='ltr'>Ὧδε</span> <span class='ocrx_word' id='word_1_317' title='bbox 605 2931 704 3012; x_wconf 83' lang='grc' dir='ltr'>μὲν</span> <span class='ocrx_word' id='word_1_318' title='bbox 733 2939 828 2996; x_wconf 81' lang='grc' dir='ltr'><strong>οὖν</strong></span> <span class='ocrx_word' id='word_1_319' title='bbox 853 2945 884 3012; x_wconf 86' lang='grc' dir='ltr'>ἡ</span> <span class='ocrx_word' id='word_1_320' title='bbox 924 2942 1187 3012; x_wconf 84' lang='grc' dir='ltr'>βασιλέως</span> <span class='ocrx_word' id='word_1_321' title='bbox 1214 2942 1511 2997; x_wconf 78' lang='grc' dir='ltr'>ἐτελειοῦτο</span> <span class='ocrx_word' id='word_1_322' title='bbox 1544 2946 1749 3016; x_wconf 83' lang='grc' dir='ltr'>μήτηρ,</span> <span class='ocrx_word' id='word_1_323' title='bbox 1773 2944 1901 3009; x_wconf 81' lang='grc' dir='ltr'>ἀξία</span> 
     </span>
    </p>
   </div>
   <div class='ocr_carea' id='block_1_49' title="bbox 2004 1756 3576 1827">
    <p class='ocr_par' dir='ltr' id='par_1_49' title="bbox 2004 1756 3576 1827">
     <span class='ocr_line' id='line_1_51' title="bbox 2004 1756 3576 1827; baseline 0 -15"><span class='ocrx_word' id='word_1_324' title='bbox 2004 1764 2191 1814; x_wconf 87' lang='lat' dir='ltr'><strong>matus</strong></span> <span class='ocrx_word' id='word_1_325' title='bbox 2221 1756 2402 1822; x_wconf 80' lang='lat' dir='ltr'><strong>fuerit,</strong></span> <span class='ocrx_word' id='word_1_326' title='bbox 2437 1772 2505 1812; x_wconf 80' lang='lat' dir='ltr'><strong>ex</strong></span> <span class='ocrx_word' id='word_1_327' title='bbox 2539 1771 2604 1812; x_wconf 90' lang='lat' dir='ltr'><strong>eo</strong></span> <span class='ocrx_word' id='word_1_328' title='bbox 2629 1757 2838 1826; x_wconf 90' lang='lat' dir='ltr'><strong>quisvis</strong></span> <span class='ocrx_word' id='word_1_329' title='bbox 2869 1756 3160 1826; x_wconf 85' lang='lat' dir='ltr'><strong>intelligat,</strong></span> <span class='ocrx_word' id='word_1_330' title='bbox 3193 1756 3336 1827; x_wconf 90' lang='lat' dir='ltr'><strong>quod</strong></span> <span class='ocrx_word' id='word_1_331' title='bbox 3392 1759 3576 1812; x_wconf 83' lang='lat' dir='ltr'><strong>aureis</strong></span> 
     </span>
    </p>
   </div>
   <div class='ocr_carea' id='block_1_50' title="bbox 2005 1846 3586 1917">
    <p class='ocr_par' dir='ltr' id='par_1_50' title="bbox 2005 1846 3586 1917">
     <span class='ocr_line' id='line_1_52' title="bbox 2005 1846 3586 1917; baseline -0.002 -13"><span class='ocrx_word' id='word_1_332' title='bbox 2005 1847 2060 1904; x_wconf 89' lang='lat' dir='ltr'><strong>in</strong></span> <span class='ocrx_word' id='word_1_333' title='bbox 2094 1848 2334 1904; x_wconf 88' lang='lat' dir='ltr'><strong>nummis</strong></span> <span class='ocrx_word' id='word_1_334' title='bbox 2361 1862 2515 1905; x_wconf 90' lang='lat' dir='ltr'><strong>suam</strong></span> <span class='ocrx_word' id='word_1_335' title='bbox 2548 1847 2665 1916; x_wconf 90' lang='lat' dir='ltr'><strong>ipse</strong></span> <span class='ocrx_word' id='word_1_336' title='bbox 2697 1847 2992 1917; x_wconf 81' lang='lat' dir='ltr'><strong>imaginem</strong></span> <span class='ocrx_word' id='word_1_337' title='bbox 3033 1847 3108 1900; x_wconf 88' lang='lat' dir='ltr'><strong>ita</strong></span> <span class='ocrx_word' id='word_1_338' title='bbox 3144 1846 3406 1917; x_wconf 81' lang='lat' dir='ltr'><strong>cogitavit</strong></span> <span class='ocrx_word' id='word_1_339' title='bbox 3433 1846 3586 1903; x_wconf 81' lang='lat' dir='ltr'><strong>elIin-</strong></span> 
     </span>
    </p>
   </div>
   <div class='ocr_carea' id='block_1_51' title="bbox 2005 1935 3586 2010">
    <p class='ocr_par' dir='ltr' id='par_1_51' title="bbox 2005 1935 3586 2010">
     <span class='ocr_line' id='line_1_53' title="bbox 2005 1935 3586 2010; baseline -0.002 -16"><span class='ocrx_word' id='word_1_340' title='bbox 2005 1939 2278 2010; x_wconf 82' lang='lat' dir='ltr'><strong>gendam,</strong></span> <span class='ocrx_word' id='word_1_341' title='bbox 2317 1947 2377 1994; x_wconf 89' lang='lat' dir='ltr'><strong>ut</strong></span> <span class='ocrx_word' id='word_1_342' title='bbox 2430 1939 2486 1993; x_wconf 93' lang='lat' dir='ltr'><strong>in</strong></span> <span class='ocrx_word' id='word_1_343' title='bbox 2533 1937 2900 2008; x_wconf 85' lang='lat' dir='ltr'><strong>supplicantis</strong></span> <span class='ocrx_word' id='word_1_344' title='bbox 2943 1937 3164 1992; x_wconf 86' lang='lat' dir='ltr'><strong>modum</strong></span> <span class='ocrx_word' id='word_1_345' title='bbox 3209 1950 3473 1992; x_wconf 83' lang='lat' dir='ltr'><strong>conversa</strong></span> <span class='ocrx_word' id='word_1_346' title='bbox 3515 1935 3586 1991; x_wconf 90' lang='lat' dir='ltr'><strong>ad</strong></span> 
     </span>
    </p>
   </div>
   <div class='ocr_carea' id='block_1_52' title="bbox 2006 2027 3586 2100">
    <p class='ocr_par' dir='ltr' id='par_1_52' title="bbox 2006 2027 3586 2100">
     <span class='ocr_line' id='line_1_54' title="bbox 2006 2027 3586 2100; baseline -0.002 -16"><span class='ocrx_word' id='word_1_347' title='bbox 2006 2030 2175 2086; x_wconf 90' lang='lat' dir='ltr'><strong>Deum</strong></span> <span class='ocrx_word' id='word_1_348' title='bbox 2236 2031 2398 2096; x_wconf 82' lang='lat' dir='ltr'><strong>facie,</strong></span> <span class='ocrx_word' id='word_1_349' title='bbox 2451 2037 2703 2100; x_wconf 80' lang='lat' dir='ltr'><strong>Spectare</strong></span> <span class='ocrx_word' id='word_1_350' title='bbox 2756 2043 2978 2084; x_wconf 84' lang='lat' dir='ltr'><strong>sursum</strong></span> <span class='ocrx_word' id='word_1_351' title='bbox 3033 2027 3338 2084; x_wconf 76' lang='lat' dir='ltr'><strong>videretur.</strong></span> <span class='ocrx_word' id='word_1_352' title='bbox 3399 2027 3586 2097; x_wconf 86' lang='lat' dir='ltr'><strong>Atque</strong></span> 
     </span>
    </p>
   </div>
   <div class='ocr_carea' id='block_1_53' title="bbox 2005 2117 3584 2192">
    <p class='ocr_par' dir='ltr' id='par_1_53' title="bbox 2005 2117 3584 2192">
     <span class='ocr_line' id='line_1_55' title="bbox 2005 2117 3584 2192; baseline -0.003 -15"><span class='ocrx_word' id='word_1_353' title='bbox 2005 2121 2124 2192; x_wconf 84' lang='lat' dir='ltr'><strong>ejus</strong></span> <span class='ocrx_word' id='word_1_354' title='bbox 2155 2121 2379 2190; x_wconf 88' lang='lat' dir='ltr'><strong>quidem</strong></span> <span class='ocrx_word' id='word_1_355' title='bbox 2411 2121 2615 2192; x_wconf 80' lang='lat' dir='ltr'><strong>emgies</strong></span> <span class='ocrx_word' id='word_1_356' title='bbox 2647 2120 2928 2190; x_wconf 67' lang='lat' dir='ltr'><strong>impressae</strong></span> <span class='ocrx_word' id='word_1_357' title='bbox 2965 2134 3064 2188; x_wconf 88' lang='lat' dir='ltr'><strong>per</strong></span> <span class='ocrx_word' id='word_1_358' title='bbox 3115 2119 3426 2174; x_wconf 84' lang='lat' dir='ltr'><strong>universam</strong></span> <span class='ocrx_word' id='word_1_359' title='bbox 3469 2117 3584 2173; x_wconf 82' lang='lat' dir='ltr'><strong>Ro—</strong></span> 
     </span>
    </p>
   </div>
   <div class='ocr_carea' id='block_1_54' title="bbox 2005 2210 3586 2282">
    <p class='ocr_par' dir='ltr' id='par_1_54' title="bbox 2005 2210 3586 2282">
     <span class='ocr_line' id='line_1_56' title="bbox 2005 2210 3586 2282; baseline -0.001 -15"><span class='ocrx_word' id='word_1_360' title='bbox 2005 2227 2291 2268; x_wconf 89' lang='lat' dir='ltr'><strong>manorum</strong></span> <span class='ocrx_word' id='word_1_361' title='bbox 2325 2211 2589 2268; x_wconf 86' lang='lat' dir='ltr'><strong>ditionem</strong></span> <span class='ocrx_word' id='word_1_362' title='bbox 2642 2211 3066 2282; x_wconf 85' lang='lat' dir='ltr'><strong>spargebantur.</strong></span> <span class='ocrx_word' id='word_1_363' title='bbox 3106 2210 3450 2277; x_wconf 87' lang='lat' dir='ltr'><strong>Quibusdam</strong></span> <span class='ocrx_word' id='word_1_364' title='bbox 3485 2225 3586 2266; x_wconf 87' lang='lat' dir='ltr'><strong>au-</strong></span> 
     </span>
    </p>
   </div>
   <div class='ocr_carea' id='block_1_55' title="bbox 2005 2300 3589 2372">
    <p class='ocr_par' dir='ltr' id='par_1_55' title="bbox 2005 2300 3589 2372">
     <span class='ocr_line' id='line_1_57' title="bbox 2005 2300 3589 2372; baseline -0.002 -14"><span class='ocrx_word' id='word_1_365' title='bbox 2005 2311 2112 2359; x_wconf 88' lang='lat' dir='ltr'><strong>tem</strong></span> <span class='ocrx_word' id='word_1_366' title='bbox 2165 2303 2224 2358; x_wconf 84' lang='lat' dir='ltr'><strong>in</strong></span> <span class='ocrx_word' id='word_1_367' title='bbox 2275 2302 2592 2358; x_wconf 80' lang='lat' dir='ltr'><strong>civitatibus</strong></span> <span class='ocrx_word' id='word_1_368' title='bbox 2624 2303 2680 2356; x_wconf 88' lang='lat' dir='ltr'><strong>in</strong></span> <span class='ocrx_word' id='word_1_369' title='bbox 2713 2300 3067 2358; x_wconf 90' lang='lat' dir='ltr'><strong>eminentiori</strong></span> <span class='ocrx_word' id='word_1_370' title='bbox 3120 2302 3394 2372; x_wconf 89' lang='lat' dir='ltr'><strong>regiarum</strong></span> <span class='ocrx_word' id='word_1_371' title='bbox 3443 2300 3589 2372; x_wconf 78' lang='lat' dir='ltr'><strong>ipsa-</strong></span> 
     </span>
    </p>
   </div>
   <div class='ocr_carea' id='block_1_56' title="bbox 2003 2391 3590 2465">
    <p class='ocr_par' dir='ltr' id='par_1_56' title="bbox 2003 2391 3590 2465">
     <span class='ocr_line' id='line_1_58' title="bbox 2003 2391 3590 2465; baseline -0.001 -17"><span class='ocrx_word' id='word_1_372' title='bbox 2003 2409 2128 2449; x_wconf 91' lang='lat' dir='ltr'><strong>rum</strong></span> <span class='ocrx_word' id='word_1_373' title='bbox 2188 2393 2435 2464; x_wconf 86' lang='lat' dir='ltr'><strong>porticus</strong></span> <span class='ocrx_word' id='word_1_374' title='bbox 2487 2401 2647 2465; x_wconf 88' lang='lat' dir='ltr'><strong>parte</strong></span> <span class='ocrx_word' id='word_1_375' title='bbox 2705 2393 2970 2464; x_wconf 83' lang='lat' dir='ltr'><strong>imagines</strong></span> <span class='ocrx_word' id='word_1_376' title='bbox 3032 2393 3206 2463; x_wconf 90' lang='lat' dir='ltr'><strong>ipsius</strong></span> <span class='ocrx_word' id='word_1_377' title='bbox 3263 2393 3340 2447; x_wconf 89' lang='lat' dir='ltr'><strong>ita</strong></span> <span class='ocrx_word' id='word_1_378' title='bbox 3398 2391 3590 2464; x_wconf 86' lang='lat' dir='ltr'><strong>depin-</strong></span> 
     </span>
    </p>
   </div>
   <div class='ocr_carea' id='block_1_57' title="bbox 2004 2482 3589 2556">
    <p class='ocr_par' dir='ltr' id='par_1_57' title="bbox 2004 2482 3589 2556">
     <span class='ocr_line' id='line_1_59' title="bbox 2004 2482 3589 2556; baseline -0.001 -16"><span class='ocrx_word' id='word_1_379' title='bbox 2004 2485 2290 2556; x_wconf 86' lang='lat' dir='ltr'><strong>gebantur,</strong></span> <span class='ocrx_word' id='word_1_380' title='bbox 2323 2493 2386 2539; x_wconf 90' lang='lat' dir='ltr'><strong>ut</strong></span> <span class='ocrx_word' id='word_1_381' title='bbox 2421 2495 2607 2540; x_wconf 87' lang='lat' dir='ltr'><strong>rectus</strong></span> <span class='ocrx_word' id='word_1_382' title='bbox 2637 2484 2778 2554; x_wconf 89' lang='lat' dir='ltr'><strong>ipse,</strong></span> <span class='ocrx_word' id='word_1_383' title='bbox 2808 2483 3199 2554; x_wconf 83' lang='lat' dir='ltr'><strong>protensisque</strong></span> <span class='ocrx_word' id='word_1_384' title='bbox 3230 2482 3589 2553; x_wconf 85' lang='lat' dir='ltr'><strong>supplicantis</strong></span> 
     </span>
    </p>
   </div>
   <div class='ocr_carea' id='block_1_58' title="bbox 2004 2573 3589 2647">
    <p class='ocr_par' dir='ltr' id='par_1_58' title="bbox 2004 2573 3589 2647">
     <span class='ocr_line' id='line_1_60' title="bbox 2004 2573 3589 2647; baseline 0 -15"><span class='ocrx_word' id='word_1_385' title='bbox 2004 2591 2158 2632; x_wconf 83' lang='lat' dir='ltr'><strong>more</strong></span> <span class='ocrx_word' id='word_1_386' title='bbox 2191 2576 2447 2632; x_wconf 86' lang='lat' dir='ltr'><strong>manibus</strong></span> <span class='ocrx_word' id='word_1_387' title='bbox 2482 2585 2660 2645; x_wconf 87' lang='lat' dir='ltr'><strong>stans,</strong></span> <span class='ocrx_word' id='word_1_388' title='bbox 2708 2577 2908 2632; x_wconf 67' lang='lat' dir='ltr'><strong>caelum</strong></span> <span class='ocrx_word' id='word_1_389' title='bbox 2953 2577 3283 2645; x_wconf 87' lang='lat' dir='ltr'><strong>suspiceret.</strong></span> <span class='ocrx_word' id='word_1_390' title='bbox 3335 2573 3428 2629; x_wconf 89' lang='lat' dir='ltr'><strong>Sic</strong></span> <span class='ocrx_word' id='word_1_391' title='bbox 3457 2590 3589 2647; x_wconf 83' lang='lat' dir='ltr'><strong>ergo</strong></span> 
     </span>
    </p>
   </div>
   <div class='ocr_carea' id='block_1_59' title="bbox 2005 2669 3590 2743">
    <p class='ocr_par' dir='ltr' id='par_1_59' title="bbox 2005 2669 3590 2743">
     <span class='ocr_line' id='line_1_61' title="bbox 2005 2669 3590 2743; baseline -0.001 -16"><span class='ocrx_word' id='word_1_392' title='bbox 2005 2673 2249 2741; x_wconf 85' lang='lat' dir='ltr'><strong>seipsum</strong></span> <span class='ocrx_word' id='word_1_393' title='bbox 2305 2671 2360 2726; x_wconf 91' lang='lat' dir='ltr'><strong>in</strong></span> <span class='ocrx_word' id='word_1_394' title='bbox 2416 2672 2650 2742; x_wconf 86' lang='lat' dir='ltr'><strong>picturis</strong></span> <span class='ocrx_word' id='word_1_395' title='bbox 2715 2671 2994 2743; x_wconf 87' lang='lat' dir='ltr'><strong>precantis</strong></span> <span class='ocrx_word' id='word_1_396' title='bbox 3041 2669 3232 2726; x_wconf 87' lang='lat' dir='ltr'><strong>habitu</strong></span> <span class='ocrx_word' id='word_1_397' title='bbox 3285 2684 3590 2741; x_wconf 60' lang='lat' dir='ltr'><strong>repressen-</strong></span> 
     </span>
    </p>
   </div>
   <div class='ocr_carea' id='block_1_60' title="bbox 2005 2761 2240 2818">
    <p class='ocr_par' dir='ltr' id='par_1_60' title="bbox 2005 2761 2240 2818">
     <span class='ocr_line' id='line_1_62' title="bbox 2005 2761 2240 2818; baseline 0 -2"><span class='ocrx_word' id='word_1_398' title='bbox 2005 2761 2178 2818; x_wconf 77' lang='lat' dir='ltr'><strong>tabat.</strong></span> <span class='ocrx_word' id='word_1_399' title='bbox 2218 2781 2240 2816; x_wconf 70' lang='grc' dir='ltr'><strong>ι</strong></span> 
     </span>
    </p>
   </div>
   <div class='ocr_carea' id='block_1_61' title="bbox 2435 2852 3163 2920">
    <p class='ocr_par' dir='ltr' id='par_1_61' title="bbox 2435 2852 3163 2920">
     <span class='ocr_line' id='line_1_63' title="bbox 2435 2852 3163 2920; baseline 0.001 -12"><span class='ocrx_word' id='word_1_400' title='bbox 2435 2852 2693 2920; x_wconf 81' lang='lat' dir='ltr'><strong>Ejusdem</strong></span> <span class='ocrx_word' id='word_1_401' title='bbox 2721 2870 2787 2909; x_wconf 78' lang='lat' dir='ltr'><strong>ea:</strong></span> <span class='ocrx_word' id='word_1_402' title='bbox 2816 2854 2950 2908; x_wconf 84' lang='lat' dir='ltr'><strong>libro</strong></span> <span class='ocrx_word' id='word_1_403' title='bbox 2985 2854 3163 2910; x_wconf 81' lang='lat' dir='ltr'><strong>tertio.</strong></span> 
     </span>
    </p>
   </div>
   <div class='ocr_carea' id='block_1_62' title="bbox 2082 2944 3590 3017">
    <p class='ocr_par' dir='ltr' id='par_1_62' title="bbox 2082 2944 3590 3017">
     <span class='ocr_line' id='line_1_64' title="bbox 2082 2944 3590 3017; baseline 0.002 -19"><span class='ocrx_word' id='word_1_404' title='bbox 2082 2963 2102 2998; x_wconf 80' lang='grc' dir='ltr'><strong>ι</strong></span> <span class='ocrx_word' id='word_1_405' title='bbox 2138 2947 2256 3002; x_wconf 84' lang='lat' dir='ltr'><strong>Hoc</strong></span> <span class='ocrx_word' id='word_1_406' title='bbox 2295 2945 2461 3017; x_wconf 81' lang='lat' dir='ltr'><strong>igitur</strong></span> <span class='ocrx_word' id='word_1_407' title='bbox 2493 2945 2660 3000; x_wconf 90' lang='lat' dir='ltr'><strong>modo</strong></span> <span class='ocrx_word' id='word_1_408' title='bbox 2689 2946 3044 3016; x_wconf 85' lang='lat' dir='ltr'><strong>imperatoris</strong></span> <span class='ocrx_word' id='word_1_409' title='bbox 3074 2953 3249 3001; x_wconf 86' lang='lat' dir='ltr'><strong>mater</strong></span> <span class='ocrx_word' id='word_1_410' title='bbox 3274 2945 3461 3001; x_wconf 82' lang='lat' dir='ltr'><strong>vivere</strong></span> <span class='ocrx_word' id='word_1_411' title='bbox 3493 2944 3590 3001; x_wconf 80' lang='lat' dir='ltr'><strong>de-</strong></span> 
     </span>
    </p>
   </div>
   <div class='ocr_carea' id='block_1_63' title="bbox 319 3034 1898 3109">
    <p class='ocr_par' dir='ltr' id='par_1_63' title="bbox 319 3034 1898 3106">
     <span class='ocr_line' id='line_1_65' title="bbox 319 3034 1898 3106; baseline 0.002 -19"><span class='ocrx_word' id='word_1_412' title='bbox 319 3052 380 3088; x_wconf 88' lang='grc' dir='ltr'><strong>τε</strong></span> <span class='ocrx_word' id='word_1_413' title='bbox 409 3035 575 3106; x_wconf 80' lang='grc' dir='ltr'>τιμῆς</span> <span class='ocrx_word' id='word_1_414' title='bbox 608 3034 885 3105; x_wconf 81' lang='grc' dir='ltr'>πλείστης,</span> <span class='ocrx_word' id='word_1_415' title='bbox 947 3036 1054 3089; x_wconf 84' lang='grc' dir='ltr'><strong>τῶν</strong></span> <span class='ocrx_word' id='word_1_416' title='bbox 1106 3052 1167 3088; x_wconf 89' lang='grc' dir='ltr'><strong>τε</strong></span> <span class='ocrx_word' id='word_1_417' title='bbox 1207 3035 1381 3106; x_wconf 80' lang='grc' dir='ltr'>αὐτῆς</span> <span class='ocrx_word' id='word_1_418' title='bbox 1420 3035 1584 3090; x_wconf 71' lang='grc' dir='ltr'>ἕνεκα</span> <span class='ocrx_word' id='word_1_419' title='bbox 1639 3035 1898 3105; x_wconf 83' lang='grc' dir='ltr'>θεοφιλῶν</span> 
     </span>
    </p>
   </div>
   <div class='ocr_carea' id='block_1_64' title="bbox 2001 3034 3588 3109">
    <p class='ocr_par' dir='ltr' id='par_1_64' title="bbox 2001 3038 3588 3109">
     <span class='ocr_line' id='line_1_66' title="bbox 2001 3038 3588 3109; baseline -0.001 -15"><span class='ocrx_word' id='word_1_420' title='bbox 2001 3039 2116 3105; x_wconf 83' lang='lat' dir='ltr'><strong>siit,</strong></span> <span class='ocrx_word' id='word_1_421' title='bbox 2140 3053 2287 3108; x_wconf 80' lang='lat' dir='ltr'><strong>quae,</strong></span> <span class='ocrx_word' id='word_1_422' title='bbox 2311 3052 2434 3092; x_wconf 90' lang='lat' dir='ltr'><strong>cum</strong></span> <span class='ocrx_word' id='word_1_423' title='bbox 2466 3043 2694 3108; x_wconf 84' lang='lat' dir='ltr'><strong>propter</strong></span> <span class='ocrx_word' id='word_1_424' title='bbox 2739 3038 3024 3108; x_wconf 84' lang='lat' dir='ltr'><strong>religionis</strong></span> <span class='ocrx_word' id='word_1_425' title='bbox 3053 3052 3117 3093; x_wconf 87' lang='lat' dir='ltr'><strong>ac</strong></span> <span class='ocrx_word' id='word_1_426' title='bbox 3145 3038 3366 3109; x_wconf 88' lang='lat' dir='ltr'><strong>pietatis</strong></span> <span class='ocrx_word' id='word_1_427' title='bbox 3395 3053 3588 3108; x_wconf 87' lang='lat' dir='ltr'><strong>opera,</strong></span> 
     </span>
    </p>
   </div>
   <div class='ocr_carea' id='block_1_65' title="bbox 320 3125 1902 3198">
    <p class='ocr_par' dir='ltr' id='par_1_65' title="bbox 320 3125 1902 3198">
     <span class='ocr_line' id='line_1_67' title="bbox 320 3125 1902 3198; baseline 0.001 -19"><span class='ocrx_word' id='word_1_428' title='bbox 320 3125 596 3198; x_wconf 80' lang='grc' dir='ltr'>πράξεων,</span> <span class='ocrx_word' id='word_1_429' title='bbox 631 3125 726 3180; x_wconf 90' lang='grc' dir='ltr'>τοῦ</span> <span class='ocrx_word' id='word_1_430' title='bbox 777 3143 837 3180; x_wconf 91' lang='grc' dir='ltr'><strong>τε</strong></span> <span class='ocrx_word' id='word_1_431' title='bbox 892 3127 954 3191; x_wconf 79' lang='grc' dir='ltr'><strong>ἐξ</strong></span> <span class='ocrx_word' id='word_1_432' title='bbox 1003 3127 1175 3198; x_wconf 79' lang='grc' dir='ltr'>αὐτῆς</span> <span class='ocrx_word' id='word_1_433' title='bbox 1228 3125 1425 3196; x_wconf 84' lang='grc' dir='ltr'>φύντος</span> <span class='ocrx_word' id='word_1_434' title='bbox 1458 3126 1770 3198; x_wconf 83' lang='grc' dir='ltr'>ὑπερφυοῦς</span> <span class='ocrx_word' id='word_1_435' title='bbox 1805 3129 1902 3181; x_wconf 81' lang='grc' dir='ltr'>καὶ</span> 
     </span>
    </p>
   </div>
   <div class='ocr_carea' id='block_1_66' title="bbox 319 3217 1903 3290">
    <p class='ocr_par' dir='ltr' id='par_1_66' title="bbox 319 3217 1903 3290">
     <span class='ocr_line' id='line_1_68' title="bbox 319 3217 1903 3290; baseline 0.001 -19"><span class='ocrx_word' id='word_1_436' title='bbox 319 3218 624 3288; x_wconf 80' lang='grc' dir='ltr'>παραδόξου</span> <span class='ocrx_word' id='word_1_437' title='bbox 674 3217 843 3287; x_wconf 82' lang='grc' dir='ltr'>φυτοῦ</span> <span class='ocrx_word' id='word_1_438' title='bbox 863 3234 878 3249; x_wconf 75' lang='grc' dir='ltr'><strong>ο</strong></span> <span class='ocrx_word' id='word_1_439' title='bbox 925 3218 984 3271; x_wconf 83' lang='grc' dir='ltr'>ὃν</span> <span class='ocrx_word' id='word_1_440' title='bbox 1015 3218 1151 3289; x_wconf 86' lang='grc' dir='ltr'>πρὸς</span> <span class='ocrx_word' id='word_1_441' title='bbox 1201 3221 1315 3281; x_wconf 84' lang='grc' dir='ltr'>τοῖς</span> <span class='ocrx_word' id='word_1_442' title='bbox 1343 3219 1536 3286; x_wconf 80' lang='grc' dir='ltr'>ἅπασι,</span> <span class='ocrx_word' id='word_1_443' title='bbox 1575 3217 1678 3274; x_wconf 65' lang='grc' dir='ltr'>καῖ’</span> <span class='ocrx_word' id='word_1_444' title='bbox 1696 3219 1796 3290; x_wconf 87' lang='grc' dir='ltr'><strong>τῆς</strong></span> <span class='ocrx_word' id='word_1_445' title='bbox 1822 3221 1903 3283; x_wconf 88' lang='grc' dir='ltr'><strong>εἰς</strong></span> 
     </span>
    </p>
   </div>
   <div class='ocr_carea' id='block_1_67' title="bbox 319 3309 1901 3382">
    <p class='ocr_par' dir='ltr' id='par_1_67' title="bbox 319 3309 1901 3382">
     <span class='ocr_line' id='line_1_69' title="bbox 319 3309 1901 3382; baseline 0.002 -20"><span class='ocrx_word' id='word_1_446' title='bbox 319 3311 418 3379; x_wconf 84' lang='grc' dir='ltr'>τὴν</span> <span class='ocrx_word' id='word_1_447' title='bbox 439 3309 847 3381; x_wconf 75' lang='grc' dir='ltr'>γεννησαμένην</span> <span class='ocrx_word' id='word_1_448' title='bbox 869 3310 1042 3376; x_wconf 80' lang='grc' dir='ltr'>ὁσίας,</span> <span class='ocrx_word' id='word_1_449' title='bbox 1069 3311 1392 3381; x_wconf 79' lang='grc' dir='ltr'>μακαρίζειν</span> <span class='ocrx_word' id='word_1_450' title='bbox 1415 3311 1585 3378; x_wconf 78' lang='grc' dir='ltr'>ἄξιον.</span> <span class='ocrx_word' id='word_1_451' title='bbox 1619 3309 1777 3365; x_wconf 79' lang='grc' dir='ltr'>Οὕτω</span> <span class='ocrx_word' id='word_1_452' title='bbox 1801 3312 1901 3382; x_wconf 85' lang='grc' dir='ltr'>μὲν</span> 
     </span>
    </p>
   </div>
   <div class='ocr_carea' id='block_1_68' title="bbox 320 3397 1898 3474">
    <p class='ocr_par' dir='ltr' id='par_1_68' title="bbox 320 3397 1898 3474">
     <span class='ocr_line' id='line_1_70' title="bbox 320 3397 1898 3474; baseline 0.001 -21"><span class='ocrx_word' id='word_1_453' title='bbox 320 3398 489 3470; x_wconf 83' lang='grc' dir='ltr'>αὐτὴν</span> <span class='ocrx_word' id='word_1_454' title='bbox 510 3399 733 3472; x_wconf 86' lang='grc' dir='ltr'>θεοσεϐῆ</span> <span class='ocrx_word' id='word_1_455' title='bbox 756 3405 1198 3472; x_wconf 82' lang='grc' dir='ltr'>καταστήσαντα,</span> <span class='ocrx_word' id='word_1_456' title='bbox 1235 3401 1310 3473; x_wconf 87' lang='grc' dir='ltr'>μὴ</span> <span class='ocrx_word' id='word_1_457' title='bbox 1331 3397 1495 3457; x_wconf 79' lang='grc' dir='ltr'>οὖσαν</span> <span class='ocrx_word' id='word_1_458' title='bbox 1523 3401 1585 3456; x_wconf 83' lang='grc' dir='ltr'>τὸ</span> <span class='ocrx_word' id='word_1_459' title='bbox 1614 3404 1898 3474; x_wconf 89' lang='grc' dir='ltr'>πρότερον,</span> 
     </span>
    </p>
   </div>
   <div class='ocr_carea' id='block_1_69' title="bbox 315 3490 1901 3565">
    <p class='ocr_par' dir='ltr' id='par_1_69' title="bbox 315 3490 1901 3565">
     <span class='ocr_line' id='line_1_71' title="bbox 315 3490 1901 3565; baseline 0.003 -21"><span class='ocrx_word' id='word_1_460' title='bbox 315 3490 396 3554; x_wconf 81' lang='grc' dir='ltr'>ὡς</span> <span class='ocrx_word' id='word_1_461' title='bbox 429 3491 578 3562; x_wconf 81' lang='grc' dir='ltr'>αὐτῷ</span> <span class='ocrx_word' id='word_1_462' title='bbox 608 3492 784 3546; x_wconf 86' lang='grc' dir='ltr'>δοκεῖν</span> <span class='ocrx_word' id='word_1_463' title='bbox 815 3493 880 3546; x_wconf 86' lang='grc' dir='ltr'>ὲκ</span> <span class='ocrx_word' id='word_1_464' title='bbox 915 3491 1134 3564; x_wconf 83' lang='grc' dir='ltr'>πρώτης</span> <span class='ocrx_word' id='word_1_465' title='bbox 1158 3493 1235 3564; x_wconf 83' lang='grc' dir='ltr'><strong>τῷ</strong></span> <span class='ocrx_word' id='word_1_466' title='bbox 1272 3492 1436 3562; x_wconf 90' lang='grc' dir='ltr'>κοινῷ</span> <span class='ocrx_word' id='word_1_467' title='bbox 1477 3493 1694 3565; x_wconf 84' lang='grc' dir='ltr'>Σωτῆρι</span> <span class='ocrx_word' id='word_1_468' title='bbox 1721 3493 1901 3565; x_wconf 84' lang='grc' dir='ltr'>μεμά-</span> 
     </span>
    </p>
   </div>
   <div class='ocr_carea' id='block_1_70' title="bbox 321 3579 1900 3655">
    <p class='ocr_par' dir='ltr' id='par_1_70' title="bbox 321 3579 1900 3655">
     <span class='ocr_line' id='line_1_72' title="bbox 321 3579 1900 3655; baseline 0.002 -22"><span class='ocrx_word' id='word_1_469' title='bbox 321 3579 614 3650; x_wconf 84' lang='grc' dir='ltr'>Οητεῦσθαι</span> <span class='ocrx_word' id='word_1_470' title='bbox 636 3598 649 3613; x_wconf 92' lang='grc'><strong>·</strong></span> <span class='ocrx_word' id='word_1_471' title='bbox 693 3581 836 3636; x_wconf 76' lang='grc' dir='ltr'>οὕτω</span> <span class='ocrx_word' id='word_1_472' title='bbox 873 3581 930 3634; x_wconf 86' lang='grc' dir='ltr'>δὲ</span> <span class='ocrx_word' id='word_1_473' title='bbox 951 3581 1030 3653; x_wconf 87' lang='grc' dir='ltr'>τῷ</span> <span class='ocrx_word' id='word_1_474' title='bbox 1063 3581 1336 3653; x_wconf 82' lang='grc' dir='ltr'>ἀξιώματι</span> <span class='ocrx_word' id='word_1_475' title='bbox 1382 3581 1649 3652; x_wconf 84' lang='grc' dir='ltr'>βασιλικῷ</span> <span class='ocrx_word' id='word_1_476' title='bbox 1677 3599 1900 3655; x_wconf 89' lang='grc' dir='ltr'>τετιμη-</span> 
     </span>
    </p>
   </div>
   <div class='ocr_carea' id='block_1_71' title="bbox 319 3670 1900 3745">
    <p class='ocr_par' dir='ltr' id='par_1_71' title="bbox 319 3670 1900 3745">
     <span class='ocr_line' id='line_1_73' title="bbox 319 3670 1900 3745; baseline 0.003 -21"><span class='ocrx_word' id='word_1_477' title='bbox 319 3670 474 3736; x_wconf 86' lang='grc' dir='ltr'>κότα,</span> <span class='ocrx_word' id='word_1_478' title='bbox 505 3670 581 3735; x_wconf 87' lang='grc' dir='ltr'><strong>ὡς</strong></span> <span class='ocrx_word' id='word_1_479' title='bbox 599 3672 657 3726; x_wconf 81' lang='grc' dir='ltr'>ὲν</span> <span class='ocrx_word' id='word_1_480' title='bbox 685 3671 886 3726; x_wconf 75' lang='grc' dir='ltr'>ἅπασιν</span> <span class='ocrx_word' id='word_1_481' title='bbox 905 3671 1104 3738; x_wconf 76' lang='grc' dir='ltr'>ἔθνεσι,</span> <span class='ocrx_word' id='word_1_482' title='bbox 1131 3672 1229 3727; x_wconf 71' lang='grc' dir='ltr'>καὶ</span> <span class='ocrx_word' id='word_1_483' title='bbox 1248 3672 1379 3744; x_wconf 87' lang='grc' dir='ltr'>παρ’</span> <span class='ocrx_word' id='word_1_484' title='bbox 1399 3672 1583 3736; x_wconf 80' lang='grc' dir='ltr'>αὐτοῖς</span> <span class='ocrx_word' id='word_1_485' title='bbox 1604 3674 1715 3737; x_wconf 85' lang='grc' dir='ltr'>τοῖς</span> <span class='ocrx_word' id='word_1_486' title='bbox 1737 3691 1900 3745; x_wconf 84' lang='grc' dir='ltr'>στρα-</span> 
     </span>
    </p>
   </div>
   <div class='ocr_carea' id='block_1_72' title="bbox 318 3762 1899 3836">
    <p class='ocr_par' dir='ltr' id='par_1_72' title="bbox 318 3762 1899 3836">
     <span class='ocr_line' id='line_1_74' title="bbox 318 3762 1899 3836; baseline 0.003 -23"><span class='ocrx_word' id='word_1_487' title='bbox 318 3763 590 3825; x_wconf 82' lang='grc' dir='ltr'>τιωτικοῖς</span> <span class='ocrx_word' id='word_1_488' title='bbox 633 3764 930 3834; x_wconf 86' lang='grc' dir='ltr'>τάγμασιν,</span> <span class='ocrx_word' id='word_1_489' title='bbox 961 3765 1322 3836; x_wconf 49' lang='grc' dir='ltr'>Αὐγούσταις</span> <span class='ocrx_word' id='word_1_490' title='bbox 1352 3762 1651 3828; x_wconf 75' lang='grc' dir='ltr'>βασιλίδα</span> <span class='ocrx_word' id='word_1_491' title='bbox 1701 3763 1899 3832; x_wconf 82' lang='grc' dir='ltr'>ἀναγο-</span> 
     </span>
    </p>
   </div>
   <div class='ocr_carea' id='block_1_73' title="bbox 324 3837 1900 3925">
    <p class='ocr_par' dir='ltr' id='par_1_73' title="bbox 324 3837 1900 3925">
     <span class='ocr_line' id='line_1_75' title="bbox 324 3837 1900 3925; baseline 0.001 -22"><span class='ocrx_word' id='word_1_492' title='bbox 324 3849 600 3920; x_wconf 87' lang='grc' dir='ltr'>ρεύεσθαι,</span> <span class='ocrx_word' id='word_1_493' title='bbox 633 3856 855 3922; x_wconf 85' lang='grc' dir='ltr'>χρυσοῖς</span> <span class='ocrx_word' id='word_1_494' title='bbox 890 3871 948 3907; x_wconf 90' lang='grc' dir='ltr'><strong>τε</strong></span> <span class='ocrx_word' id='word_1_495' title='bbox 979 3837 1279 3925; x_wconf 82' lang='grc' dir='ltr'>νομίσμασι</span> <span class='ocrx_word' id='word_1_496' title='bbox 1310 3852 1406 3906; x_wconf 75' lang='grc' dir='ltr'>καὶ</span> <span class='ocrx_word' id='word_1_497' title='bbox 1427 3851 1525 3924; x_wconf 76' lang='grc' dir='ltr'>τὴν</span> <span class='ocrx_word' id='word_1_498' title='bbox 1550 3851 1720 3923; x_wconf 81' lang='grc' dir='ltr'>αὐτῆς</span> <span class='ocrx_word' id='word_1_499' title='bbox 1741 3855 1900 3908; x_wconf 84' lang='grc' dir='ltr'>ὲκτυ-</span> 
     </span>
    </p>
   </div>
   <div class='ocr_carea' id='block_1_74' title="bbox 323 3946 838 4004">
    <p class='ocr_par' dir='ltr' id='par_1_74' title="bbox 323 3946 838 4004">
     <span class='ocr_line' id='line_1_76' title="bbox 323 3946 838 4004; baseline -0.004 -3"><span class='ocrx_word' id='word_1_500' title='bbox 323 3947 552 4004; x_wconf 85' lang='grc' dir='ltr'>ποῦσθαι</span> <span class='ocrx_word' id='word_1_501' title='bbox 578 3946 781 4002; x_wconf 81' lang='grc' dir='ltr'>εἰκόνα.</span> <span class='ocrx_word' id='word_1_502' title='bbox 818 3965 838 4000; x_wconf 68' lang='grc' dir='ltr'><strong>ι</strong></span> 
     </span>
    </p>
   </div>
   <div class='ocr_carea' id='block_1_75' title="bbox 467 4188 1753 4274">
    <p class='ocr_par' dir='ltr' id='par_1_75' title="bbox 467 4188 1753 4274">
     <span class='ocr_line' id='line_1_77' title="bbox 467 4188 1753 4274; baseline -0.003 -12"><span class='ocrx_word' id='word_1_503' title='bbox 467 4208 579 4262; x_wconf 84' lang='grc' dir='ltr'><em>Τοῦ</em></span> <span class='ocrx_word' id='word_1_504' title='bbox 609 4205 799 4261; x_wconf 85' lang='grc' dir='ltr'><em>αὐτοῦ</em></span> <span class='ocrx_word' id='word_1_505' title='bbox 832 4205 1114 4274; x_wconf 74' lang='grc' dir='ltr'>τετάρτου</span> <span class='ocrx_word' id='word_1_506' title='bbox 1143 4188 1374 4274; x_wconf 72' lang='grc' dir='ltr'>λόγου,</span> <span class='ocrx_word' id='word_1_507' title='bbox 1399 4206 1613 4274; x_wconf 70' lang='grc' dir='ltr'>κεφαλ.</span> <span class='ocrx_word' id='word_1_508' title='bbox 1647 4203 1753 4269; x_wconf 71' lang='grc' dir='ltr'><strong>ἔθ’.</strong></span> 
     </span>
    </p>
   </div>
   <div class='ocr_carea' id='block_1_76' title="bbox 395 4293 1895 4369">
    <p class='ocr_par' dir='ltr' id='par_1_76' title="bbox 395 4293 1895 4369">
     <span class='ocr_line' id='line_1_78' title="bbox 395 4293 1895 4369; baseline -0.003 -17"><span class='ocrx_word' id='word_1_509' title='bbox 395 4318 415 4352; x_wconf 78' lang='grc' dir='ltr'><strong>ι</strong></span> <span class='ocrx_word' id='word_1_510' title='bbox 447 4299 513 4352; x_wconf 90' lang='grc' dir='ltr'><strong>Οἱ</strong></span> <span class='ocrx_word' id='word_1_511' title='bbox 531 4297 590 4352; x_wconf 80' lang='grc' dir='ltr'>δὲ</span> <span class='ocrx_word' id='word_1_512' title='bbox 620 4297 720 4369; x_wconf 81' lang='grc' dir='ltr'>τὴν</span> <span class='ocrx_word' id='word_1_513' title='bbox 741 4296 988 4368; x_wconf 84' lang='grc' dir='ltr'>βασιλίδα</span> <span class='ocrx_word' id='word_1_514' title='bbox 1012 4295 1165 4350; x_wconf 90' lang='grc' dir='ltr'>πόλιν</span> <span class='ocrx_word' id='word_1_515' title='bbox 1191 4293 1482 4362; x_wconf 89' lang='grc' dir='ltr'>οἰκοῦντες,</span> <span class='ocrx_word' id='word_1_516' title='bbox 1508 4295 1645 4366; x_wconf 75' lang='grc' dir='ltr'>αὐτῇ</span> <span class='ocrx_word' id='word_1_517' title='bbox 1674 4297 1738 4366; x_wconf 80' lang='grc' dir='ltr'>τῇ</span> <span class='ocrx_word' id='word_1_518' title='bbox 1765 4311 1895 4362; x_wconf 87' lang='grc' dir='ltr'>συγ-</span> 
     </span>
    </p>
   </div>
   <div class='ocr_carea' id='block_1_77' title="bbox 2003 3128 3589 3200">
    <p class='ocr_par' dir='ltr' id='par_1_77' title="bbox 2003 3128 3589 3200">
     <span class='ocr_line' id='line_1_79' title="bbox 2003 3128 3589 3200; baseline -0.001 -14"><span class='ocrx_word' id='word_1_519' title='bbox 2003 3131 2198 3187; x_wconf 89' lang='lat' dir='ltr'><strong>honori</strong></span> <span class='ocrx_word' id='word_1_520' title='bbox 2237 3130 2474 3199; x_wconf 91' lang='lat' dir='ltr'><strong>plurimo</strong></span> <span class='ocrx_word' id='word_1_521' title='bbox 2517 3130 2684 3200; x_wconf 84' lang='lat' dir='ltr'><strong>digna</strong></span> <span class='ocrx_word' id='word_1_522' title='bbox 2731 3128 2855 3196; x_wconf 86' lang='lat' dir='ltr'><strong>fuit,</strong></span> <span class='ocrx_word' id='word_1_523' title='bbox 2889 3137 3004 3184; x_wconf 90' lang='lat' dir='ltr'><strong>tum</strong></span> <span class='ocrx_word' id='word_1_524' title='bbox 3044 3137 3267 3200; x_wconf 87' lang='lat' dir='ltr'><strong>propter</strong></span> <span class='ocrx_word' id='word_1_525' title='bbox 3303 3130 3589 3187; x_wconf 74' lang='lat' dir='ltr'><strong>excellen-</strong></span> 
     </span>
    </p>
   </div>
   <div class='ocr_carea' id='block_1_78' title="bbox 2006 3220 3584 3292">
    <p class='ocr_par' dir='ltr' id='par_1_78' title="bbox 2006 3220 3584 3292">
     <span class='ocr_line' id='line_1_80' title="bbox 2006 3220 3584 3292; baseline -0.002 -15"><span class='ocrx_word' id='word_1_526' title='bbox 2006 3231 2113 3277; x_wconf 88' lang='lat' dir='ltr'><strong>tem</strong></span> <span class='ocrx_word' id='word_1_527' title='bbox 2136 3229 2190 3276; x_wconf 91' lang='lat' dir='ltr'><strong>et</strong></span> <span class='ocrx_word' id='word_1_528' title='bbox 2214 3220 2607 3276; x_wconf 80' lang='lat' dir='ltr'><strong>admirabilem</strong></span> <span class='ocrx_word' id='word_1_529' title='bbox 2642 3221 2887 3292; x_wconf 89' lang='lat' dir='ltr'><strong>plantam</strong></span> <span class='ocrx_word' id='word_1_530' title='bbox 2924 3220 3076 3274; x_wconf 87' lang='lat' dir='ltr'><strong>illam</strong></span> <span class='ocrx_word' id='word_1_531' title='bbox 3107 3233 3277 3290; x_wconf 89' lang='lat' dir='ltr'><strong>quam</strong></span> <span class='ocrx_word' id='word_1_532' title='bbox 3307 3234 3375 3275; x_wconf 80' lang='lat' dir='ltr'><strong>ex</strong></span> <span class='ocrx_word' id='word_1_533' title='bbox 3400 3234 3460 3276; x_wconf 89' lang='lat' dir='ltr'><strong>se</strong></span> <span class='ocrx_word' id='word_1_534' title='bbox 3488 3234 3584 3290; x_wconf 84' lang='lat' dir='ltr'><strong>ge-</strong></span> 
     </span>
    </p>
   </div>
   <div class='ocr_carea' id='block_1_79' title="bbox 2002 3308 3586 3382">
    <p class='ocr_par' dir='ltr' id='par_1_79' title="bbox 2002 3308 3586 3382">
     <span class='ocr_line' id='line_1_81' title="bbox 2002 3308 3586 3382; baseline -0.001 -16"><span class='ocrx_word' id='word_1_535' title='bbox 2002 3312 2153 3377; x_wconf 88' lang='lat' dir='ltr'><strong>nuit;</strong></span> <span class='ocrx_word' id='word_1_536' title='bbox 2195 3326 2365 3382; x_wconf 89' lang='lat' dir='ltr'><strong>quem</strong></span> <span class='ocrx_word' id='word_1_537' title='bbox 2396 3311 2639 3382; x_wconf 88' lang='lat' dir='ltr'><strong>quidem,</strong></span> <span class='ocrx_word' id='word_1_538' title='bbox 2671 3326 2798 3366; x_wconf 91' lang='lat' dir='ltr'><strong>cum</strong></span> <span class='ocrx_word' id='word_1_539' title='bbox 2837 3309 3102 3368; x_wconf 88' lang='lat' dir='ltr'><strong>omnibus</strong></span> <span class='ocrx_word' id='word_1_540' title='bbox 3133 3310 3258 3366; x_wconf 89' lang='lat' dir='ltr'><strong>aliis</strong></span> <span class='ocrx_word' id='word_1_541' title='bbox 3282 3308 3350 3366; x_wconf 89' lang='lat' dir='ltr'><strong>de</strong></span> <span class='ocrx_word' id='word_1_542' title='bbox 3378 3311 3586 3376; x_wconf 84' lang='lat' dir='ltr'><strong>causis,</strong></span> 
     </span>
    </p>
   </div>
   <div class='ocr_carea' id='block_1_80' title="bbox 2002 3401 3589 3474">
    <p class='ocr_par' dir='ltr' id='par_1_80' title="bbox 2002 3401 3589 3474">
     <span class='ocr_line' id='line_1_82' title="bbox 2002 3401 3589 3474; baseline -0.001 -17"><span class='ocrx_word' id='word_1_543' title='bbox 2002 3412 2116 3457; x_wconf 90' lang='lat' dir='ltr'><strong>tum</strong></span> <span class='ocrx_word' id='word_1_544' title='bbox 2149 3402 2220 3458; x_wconf 93' lang='lat' dir='ltr'><strong>ob</strong></span> <span class='ocrx_word' id='word_1_545' title='bbox 2249 3403 2370 3472; x_wconf 87' lang='lat' dir='ltr'><strong>ejus</strong></span> <span class='ocrx_word' id='word_1_546' title='bbox 2397 3417 2526 3474; x_wconf 82' lang='lat' dir='ltr'><strong>erga</strong></span> <span class='ocrx_word' id='word_1_547' title='bbox 2555 3411 2791 3458; x_wconf 83' lang='lat' dir='ltr'><strong>matrem</strong></span> <span class='ocrx_word' id='word_1_548' title='bbox 2824 3403 3082 3473; x_wconf 89' lang='lat' dir='ltr'><strong>pietatem</strong></span> <span class='ocrx_word' id='word_1_549' title='bbox 3125 3402 3346 3457; x_wconf 81' lang='lat' dir='ltr'><strong>beatum</strong></span> <span class='ocrx_word' id='word_1_550' title='bbox 3389 3401 3589 3472; x_wconf 57' lang='lat' dir='ltr'><strong>praedi-</strong></span> 
     </span>
    </p>
   </div>
   <div class='ocr_carea' id='block_1_81' title="bbox 2001 3492 3586 3566">
    <p class='ocr_par' dir='ltr' id='par_1_81' title="bbox 2001 3492 3586 3566">
     <span class='ocr_line' id='line_1_83' title="bbox 2001 3492 3586 3566; baseline -0.001 -16"><span class='ocrx_word' id='word_1_551' title='bbox 2001 3508 2130 3550; x_wconf 89' lang='lat' dir='ltr'><strong>care</strong></span> <span class='ocrx_word' id='word_1_552' title='bbox 2160 3494 2425 3550; x_wconf 90' lang='lat' dir='ltr'><strong>debemus</strong></span> <span class='ocrx_word' id='word_1_553' title='bbox 2452 3513 2466 3548; x_wconf 88' lang='lat'><strong>:</strong></span> <span class='ocrx_word' id='word_1_554' title='bbox 2519 3494 2728 3566; x_wconf 91' lang='lat' dir='ltr'><strong>quippe</strong></span> <span class='ocrx_word' id='word_1_555' title='bbox 2771 3495 2867 3564; x_wconf 89' lang='lat' dir='ltr'><strong>qui</strong></span> <span class='ocrx_word' id='word_1_556' title='bbox 2919 3495 3093 3561; x_wconf 87' lang='lat' dir='ltr'><strong>illam,</strong></span> <span class='ocrx_word' id='word_1_557' title='bbox 3126 3509 3250 3549; x_wconf 91' lang='lat' dir='ltr'><strong>cum</strong></span> <span class='ocrx_word' id='word_1_558' title='bbox 3283 3492 3381 3550; x_wconf 88' lang='lat' dir='ltr'><strong>Dei</strong></span> <span class='ocrx_word' id='word_1_559' title='bbox 3411 3494 3586 3549; x_wconf 91' lang='lat' dir='ltr'><strong>cultui</strong></span> 
     </span>
    </p>
   </div>
   <div class='ocr_carea' id='block_1_82' title="bbox 2000 3584 3587 3656">
    <p class='ocr_par' dir='ltr' id='par_1_82' title="bbox 2000 3584 3587 3656">
     <span class='ocr_line' id='line_1_84' title="bbox 2000 3584 3587 3656; baseline 0.001 -18"><span class='ocrx_word' id='word_1_560' title='bbox 2000 3584 2216 3640; x_wconf 86' lang='lat' dir='ltr'><strong>addicta</strong></span> <span class='ocrx_word' id='word_1_561' title='bbox 2238 3585 2393 3656; x_wconf 90' lang='lat' dir='ltr'><strong>prius</strong></span> <span class='ocrx_word' id='word_1_562' title='bbox 2424 3600 2534 3638; x_wconf 91' lang='lat' dir='ltr'><strong>non</strong></span> <span class='ocrx_word' id='word_1_563' title='bbox 2565 3591 2732 3650; x_wconf 89' lang='lat' dir='ltr'><strong>esset,</strong></span> <span class='ocrx_word' id='word_1_564' title='bbox 2767 3586 2850 3642; x_wconf 90' lang='lat' dir='ltr'><strong>sic</strong></span> <span class='ocrx_word' id='word_1_565' title='bbox 2881 3585 3203 3656; x_wconf 87' lang='lat' dir='ltr'><strong>religiosam</strong></span> <span class='ocrx_word' id='word_1_566' title='bbox 3236 3584 3493 3653; x_wconf 90' lang='lat' dir='ltr'><strong>reddidit,</strong></span> <span class='ocrx_word' id='word_1_567' title='bbox 3528 3595 3587 3641; x_wconf 89' lang='lat' dir='ltr'><strong>ut</strong></span> 
     </span>
    </p>
   </div>
   <div class='ocr_carea' id='block_1_83' title="bbox 2000 3676 3590 3748">
    <p class='ocr_par' dir='ltr' id='par_1_83' title="bbox 2000 3676 3590 3748">
     <span class='ocr_line' id='line_1_85' title="bbox 2000 3676 3590 3748; baseline 0.001 -18"><span class='ocrx_word' id='word_1_568' title='bbox 2000 3690 2030 3730; x_wconf 89' lang='lat' dir='ltr'><strong>a</strong></span> <span class='ocrx_word' id='word_1_569' title='bbox 2064 3677 2323 3748; x_wconf 75' lang='lat' dir='ltr'><strong>primaeva</strong></span> <span class='ocrx_word' id='word_1_570' title='bbox 2360 3682 2522 3731; x_wconf 66' lang='lat' dir='ltr'><strong>aetate</strong></span> <span class='ocrx_word' id='word_1_571' title='bbox 2575 3691 2608 3731; x_wconf 89' lang='lat' dir='ltr'><strong>a</strong></span> <span class='ocrx_word' id='word_1_572' title='bbox 2657 3678 2941 3732; x_wconf 90' lang='lat' dir='ltr'><strong>communi</strong></span> <span class='ocrx_word' id='word_1_573' title='bbox 2993 3678 3242 3733; x_wconf 89' lang='lat' dir='ltr'><strong>omnium</strong></span> <span class='ocrx_word' id='word_1_574' title='bbox 3303 3676 3590 3732; x_wconf 86' lang='lat' dir='ltr'><strong>Salvatore</strong></span> 
     </span>
    </p>
   </div>
   <div class='ocr_carea' id='block_1_84' title="bbox 1999 3766 3589 3840">
    <p class='ocr_par' dir='ltr' id='par_1_84' title="bbox 1999 3766 3589 3840">
     <span class='ocr_line' id='line_1_86' title="bbox 1999 3766 3589 3840; baseline -0.001 -18"><span class='ocrx_word' id='word_1_575' title='bbox 1999 3767 2212 3822; x_wconf 89' lang='lat' dir='ltr'><strong>erudita</strong></span> <span class='ocrx_word' id='word_1_576' title='bbox 2243 3766 2540 3823; x_wconf 88' lang='lat' dir='ltr'><strong>videretur.</strong></span> <span class='ocrx_word' id='word_1_577' title='bbox 2568 3766 2745 3838; x_wconf 88' lang='lat' dir='ltr'><strong>Ipsam</strong></span> <span class='ocrx_word' id='word_1_578' title='bbox 2769 3767 2992 3823; x_wconf 91' lang='lat' dir='ltr'><strong>demum</strong></span> <span class='ocrx_word' id='word_1_579' title='bbox 3029 3768 3384 3840; x_wconf 89' lang='lat' dir='ltr'><strong>imperatoria</strong></span> <span class='ocrx_word' id='word_1_580' title='bbox 3411 3767 3589 3839; x_wconf 89' lang='lat' dir='ltr'><strong>digni-</strong></span> 
     </span>
    </p>
   </div>
   <div class='ocr_carea' id='block_1_85' title="bbox 1998 3856 3584 3929">
    <p class='ocr_par' dir='ltr' id='par_1_85' title="bbox 1998 3856 3584 3929">
     <span class='ocr_line' id='line_1_87' title="bbox 1998 3856 3584 3929; baseline 0.002 -20"><span class='ocrx_word' id='word_1_581' title='bbox 1998 3863 2110 3910; x_wconf 90' lang='lat' dir='ltr'><strong>tate</strong></span> <span class='ocrx_word' id='word_1_582' title='bbox 2139 3856 2538 3920; x_wconf 83' lang='lat' dir='ltr'><strong>cohonestavit,</strong></span> <span class='ocrx_word' id='word_1_583' title='bbox 2573 3865 2632 3911; x_wconf 89' lang='lat' dir='ltr'><strong>ut</strong></span> <span class='ocrx_word' id='word_1_584' title='bbox 2679 3858 2822 3927; x_wconf 88' lang='lat' dir='ltr'><strong>apud</strong></span> <span class='ocrx_word' id='word_1_585' title='bbox 2857 3873 3050 3916; x_wconf 92' lang='lat' dir='ltr'><strong>omnes</strong></span> <span class='ocrx_word' id='word_1_586' title='bbox 3080 3865 3272 3929; x_wconf 74' lang='lat' dir='ltr'><strong>gentes</strong></span> <span class='ocrx_word' id='word_1_587' title='bbox 3295 3900 3310 3924; x_wconf 88' lang='lat'><strong>,</strong></span> <span class='ocrx_word' id='word_1_588' title='bbox 3367 3871 3584 3913; x_wconf 87' lang='lat' dir='ltr'><strong>necnon</strong></span> 
     </span>
    </p>
   </div>
   <div class='ocr_carea' id='block_1_86' title="bbox 1998 3945 3587 4020">
    <p class='ocr_par' dir='ltr' id='par_1_86' title="bbox 1998 3945 3587 4020">
     <span class='ocr_line' id='line_1_88' title="bbox 1998 3945 3587 4020; baseline 0.003 -20"><span class='ocrx_word' id='word_1_589' title='bbox 1998 3945 2142 4016; x_wconf 84' lang='lat' dir='ltr'><strong>apud</strong></span> <span class='ocrx_word' id='word_1_590' title='bbox 2162 3946 2424 4017; x_wconf 87' lang='lat' dir='ltr'><strong>ipsasmet</strong></span> <span class='ocrx_word' id='word_1_591' title='bbox 2441 3949 2676 4002; x_wconf 88' lang='lat' dir='ltr'><strong>militum</strong></span> <span class='ocrx_word' id='word_1_592' title='bbox 2705 3948 2986 4016; x_wconf 84' lang='lat' dir='ltr'><strong>cohortes,</strong></span> <span class='ocrx_word' id='word_1_593' title='bbox 3014 3950 3329 4018; x_wconf 77' lang='lat' dir='ltr'><strong>impcratria:</strong></span> <span class='ocrx_word' id='word_1_594' title='bbox 3347 3948 3587 4020; x_wconf 77' lang='lat' dir='ltr'><strong>Augusta</strong></span> 
     </span>
    </p>
   </div>
   <div class='ocr_carea' id='block_1_87' title="bbox 1998 4036 3584 4110">
    <p class='ocr_par' dir='ltr' id='par_1_87' title="bbox 1998 4036 3584 4110">
     <span class='ocr_line' id='line_1_89' title="bbox 1998 4036 3584 4110; baseline 0.001 -20"><span class='ocrx_word' id='word_1_595' title='bbox 1998 4036 2466 4107; x_wconf 87' lang='lat' dir='ltr'><strong>proclamaretur,</strong></span> <span class='ocrx_word' id='word_1_596' title='bbox 2496 4037 2786 4109; x_wconf 87' lang='lat' dir='ltr'><strong>imagoque</strong></span> <span class='ocrx_word' id='word_1_597' title='bbox 2819 4039 2943 4110; x_wconf 88' lang='lat' dir='ltr'><strong>ejus</strong></span> <span class='ocrx_word' id='word_1_598' title='bbox 2972 4038 3224 4095; x_wconf 85' lang='lat' dir='ltr'><strong>nummis</strong></span> <span class='ocrx_word' id='word_1_599' title='bbox 3253 4037 3440 4093; x_wconf 87' lang='lat' dir='ltr'><strong>aureis</strong></span> <span class='ocrx_word' id='word_1_600' title='bbox 3477 4037 3584 4092; x_wconf 76' lang='lat' dir='ltr'><strong>im-</strong></span> 
     </span>
    </p>
   </div>
   <div class='ocr_carea' id='block_1_88' title="bbox 1998 4128 2412 4198">
    <p class='ocr_par' dir='ltr' id='par_1_88' title="bbox 1998 4128 2412 4198">
     <span class='ocr_line' id='line_1_90' title="bbox 1998 4128 2412 4198; baseline -0.005 -15"><span class='ocrx_word' id='word_1_601' title='bbox 1998 4128 2346 4198; x_wconf 90' lang='lat' dir='ltr'><strong>primeretur.</strong></span> <span class='ocrx_word' id='word_1_602' title='bbox 2392 4147 2412 4181; x_wconf 74' lang='grc' dir='ltr'><strong>ι</strong></span> 
     </span>
    </p>
   </div>
   <div class='ocr_carea' id='block_1_89' title="bbox 2355 4218 3255 4288">
    <p class='ocr_par' dir='ltr' id='par_1_89' title="bbox 2355 4218 3255 4288">
     <span class='ocr_line' id='line_1_91' title="bbox 2355 4218 3255 4288; baseline 0 -16"><span class='ocrx_word' id='word_1_603' title='bbox 2355 4219 2610 4288; x_wconf 82' lang='lat' dir='ltr'><strong>Ejusdem</strong></span> <span class='ocrx_word' id='word_1_604' title='bbox 2640 4235 2705 4274; x_wconf 79' lang='lat' dir='ltr'><strong>ea:</strong></span> <span class='ocrx_word' id='word_1_605' title='bbox 2739 4219 2874 4273; x_wconf 86' lang='lat' dir='ltr'><strong>libro</strong></span> <span class='ocrx_word' id='word_1_606' title='bbox 2904 4235 2978 4284; x_wconf 77' lang='grc' dir='ltr'><strong>ιν,</strong></span> <span class='ocrx_word' id='word_1_607' title='bbox 3012 4233 3130 4287; x_wconf 82' lang='lat' dir='ltr'><strong>cap.</strong></span> <span class='ocrx_word' id='word_1_608' title='bbox 3163 4218 3255 4274; x_wconf 88' lang='lat'><strong>69.</strong></span> 
     </span>
    </p>
   </div>
   <div class='ocr_carea' id='block_1_90' title="bbox 2076 4307 3582 4380">
    <p class='ocr_par' dir='ltr' id='par_1_90' title="bbox 2076 4307 3582 4380">
     <span class='ocr_line' id='line_1_92' title="bbox 2076 4307 3582 4380; baseline 0.004 -20"><span class='ocrx_word' id='word_1_609' title='bbox 2076 4327 2094 4360; x_wconf 76' lang='grc' dir='ltr'><strong>ι</strong></span> <span class='ocrx_word' id='word_1_610' title='bbox 2130 4307 2235 4376; x_wconf 85' lang='lat' dir='ltr'><strong>Qui</strong></span> <span class='ocrx_word' id='word_1_611' title='bbox 2287 4325 2417 4364; x_wconf 89' lang='lat' dir='ltr'><strong>vero</strong></span> <span class='ocrx_word' id='word_1_612' title='bbox 2459 4312 2653 4366; x_wconf 86' lang='lat' dir='ltr'><strong>urbem</strong></span> <span class='ocrx_word' id='word_1_613' title='bbox 2686 4310 2891 4380; x_wconf 86' lang='lat' dir='ltr'><strong>regiam</strong></span> <span class='ocrx_word' id='word_1_614' title='bbox 2932 4309 3272 4376; x_wconf 86' lang='lat' dir='ltr'><strong>incolebant,</strong></span> <span class='ocrx_word' id='word_1_615' title='bbox 3316 4323 3426 4363; x_wconf 86' lang='lat' dir='ltr'><strong>una</strong></span> <span class='ocrx_word' id='word_1_616' title='bbox 3458 4323 3582 4366; x_wconf 90' lang='lat' dir='ltr'><strong>cum</strong></span> 
     </span>
    </p>
   </div>
   <div class='ocr_carea' id='block_1_91' title="bbox 318 4376 1898 4471">
    <p class='ocr_par' dir='ltr' id='par_1_91' title="bbox 318 4386 1898 4461">
     <span class='ocr_line' id='line_1_93' title="bbox 318 4386 1898 4461; baseline -0.004 -16"><span class='ocrx_word' id='word_1_617' title='bbox 318 4391 506 4461; x_wconf 82' lang='grc' dir='ltr'>κλήτῳ</span> <span class='ocrx_word' id='word_1_618' title='bbox 537 4390 630 4443; x_wconf 72' lang='grc' dir='ltr'>καὶ</span> <span class='ocrx_word' id='word_1_619' title='bbox 660 4389 818 4461; x_wconf 83' lang='grc' dir='ltr'>δήμῳ</span> <span class='ocrx_word' id='word_1_620' title='bbox 871 4388 1156 4458; x_wconf 87' lang='grc' dir='ltr'>Ῥωμαίων</span> <span class='ocrx_word' id='word_1_621' title='bbox 1181 4428 1197 4454; x_wconf 92' lang='grc'><strong>,</strong></span> <span class='ocrx_word' id='word_1_622' title='bbox 1245 4388 1322 4452; x_wconf 90' lang='grc' dir='ltr'><strong>ὡς</strong></span> <span class='ocrx_word' id='word_1_623' title='bbox 1353 4387 1449 4460; x_wconf 82' lang='grc' dir='ltr'>τὴν</span> <span class='ocrx_word' id='word_1_624' title='bbox 1493 4386 1757 4459; x_wconf 81' lang='grc' dir='ltr'>βασιλέως</span> <span class='ocrx_word' id='word_1_625' title='bbox 1801 4389 1898 4440; x_wconf 82' lang='grc' dir='ltr'><strong>ὲπ-</strong></span> 
     </span>
    </p>
   </div>
   <div class='ocr_carea' id='block_1_92' title="bbox 2001 4376 3585 4471">
    <p class='ocr_par' dir='ltr' id='par_1_92' title="bbox 2005 4376 3585 4471">
     <span class='ocr_line' id='line_1_94' title="bbox 2005 4376 3585 4471; baseline 0.001 -16"><span class='ocrx_word' id='word_1_626' title='bbox 2005 4408 2199 4455; x_wconf 90' lang='lat' dir='ltr'><strong>senatu</strong></span> <span class='ocrx_word' id='word_1_627' title='bbox 2229 4401 2543 4471; x_wconf 84' lang='lat' dir='ltr'><strong>populoque</strong></span> <span class='ocrx_word' id='word_1_628' title='bbox 2572 4376 2846 4465; x_wconf 81' lang='lat' dir='ltr'><strong>Romano,</strong></span> <span class='ocrx_word' id='word_1_629' title='bbox 2879 4400 2973 4456; x_wconf 91' lang='lat' dir='ltr'><strong>ubi</strong></span> <span class='ocrx_word' id='word_1_630' title='bbox 3005 4401 3247 4470; x_wconf 89' lang='lat' dir='ltr'><strong>primum</strong></span> <span class='ocrx_word' id='word_1_631' title='bbox 3287 4399 3585 4471; x_wconf 87' lang='lat' dir='ltr'><strong>imperato-</strong></span> 
     </span>
    </p>
   </div>
   <div class='ocr_carea' id='block_1_93' title="bbox 320 4479 1900 4552">
    <p class='ocr_par' dir='ltr' id='par_1_93' title="bbox 320 4479 1900 4552">
     <span class='ocr_line' id='line_1_95' title="bbox 320 4479 1900 4552; baseline -0.003 -16"><span class='ocrx_word' id='word_1_632' title='bbox 320 4483 567 4550; x_wconf 86' lang='grc' dir='ltr'>ἑγνωσαν</span> <span class='ocrx_word' id='word_1_633' title='bbox 589 4480 843 4548; x_wconf 85' lang='grc' dir='ltr'>τελευτὴν</span> <span class='ocrx_word' id='word_1_634' title='bbox 868 4521 884 4548; x_wconf 94' lang='grc'><strong>,</strong></span> <span class='ocrx_word' id='word_1_635' title='bbox 921 4480 1068 4552; x_wconf 83' lang='grc' dir='ltr'>δεινῇ</span> <span class='ocrx_word' id='word_1_636' title='bbox 1113 4479 1210 4534; x_wconf 76' lang='grc' dir='ltr'>καὶ</span> <span class='ocrx_word' id='word_1_637' title='bbox 1255 4482 1434 4551; x_wconf 87' lang='grc' dir='ltr'>πάσης</span> <span class='ocrx_word' id='word_1_638' title='bbox 1480 4480 1766 4551; x_wconf 80' lang='grc' dir='ltr'>συμφορᾶς</span> <span class='ocrx_word' id='word_1_639' title='bbox 1797 4479 1900 4532; x_wconf 78' lang='grc' dir='ltr'><strong>ἐπ-</strong></span> 
     </span>
    </p>
   </div>
   <div class='ocr_carea' id='block_1_94' title="bbox 320 4570 1898 4644">
    <p class='ocr_par' dir='ltr' id='par_1_94' title="bbox 320 4570 1898 4644">
     <span class='ocr_line' id='line_1_96' title="bbox 320 4570 1898 4644; baseline -0.001 -18"><span class='ocrx_word' id='word_1_640' title='bbox 320 4574 505 4629; x_wconf 84' lang='grc' dir='ltr'>έκεινα</span> <span class='ocrx_word' id='word_1_641' title='bbox 531 4576 596 4644; x_wconf 84' lang='grc' dir='ltr'><strong>τῇ</strong></span> <span class='ocrx_word' id='word_1_642' title='bbox 628 4574 765 4644; x_wconf 80' lang='grc' dir='ltr'>ἀκοῇ</span> <span class='ocrx_word' id='word_1_643' title='bbox 796 4572 1092 4644; x_wconf 84' lang='grc' dir='ltr'>δεδεμένοι,</span> <span class='ocrx_word' id='word_1_644' title='bbox 1115 4571 1310 4635; x_wconf 85' lang='grc' dir='ltr'>πένθος</span> <span class='ocrx_word' id='word_1_645' title='bbox 1339 4572 1564 4642; x_wconf 80' lang='grc' dir='ltr'>ἄσχετον</span> <span class='ocrx_word' id='word_1_646' title='bbox 1595 4570 1898 4624; x_wconf 75' lang='grc' dir='ltr'>ἐποιοῦντο.</span> 
     </span>
    </p>
   </div>
   <div class='ocr_carea' id='block_1_95' title="bbox 324 4663 1896 4738">
    <p class='ocr_par' dir='ltr' id='par_1_95' title="bbox 324 4663 1896 4738">
     <span class='ocr_line' id='line_1_97' title="bbox 324 4663 1896 4738; baseline -0.002 -18"><span class='ocrx_word' id='word_1_647' title='bbox 324 4667 538 4738; x_wconf 70' lang='grc' dir='ltr'>Λουτρέι</span> <span class='ocrx_word' id='word_1_648' title='bbox 566 4667 621 4720; x_wconf 85' lang='grc' dir='ltr'>δὲ</span> <span class='ocrx_word' id='word_1_649' title='bbox 647 4666 1001 4720; x_wconf 87' lang='grc' dir='ltr'>ἀπεκλείοντο</span> <span class='ocrx_word' id='word_1_650' title='bbox 1020 4667 1114 4719; x_wconf 76' lang='grc' dir='ltr'>καὶ</span> <span class='ocrx_word' id='word_1_651' title='bbox 1133 4667 1349 4735; x_wconf 77' lang='grc' dir='ltr'>ἀγοραὶ,</span> <span class='ocrx_word' id='word_1_652' title='bbox 1375 4666 1545 4737; x_wconf 86' lang='grc' dir='ltr'>πάνδη</span> <span class='ocrx_word' id='word_1_653' title='bbox 1556 4665 1643 4737; x_wconf 86' lang='grc' dir='ltr'><strong>μοί</strong></span> <span class='ocrx_word' id='word_1_654' title='bbox 1664 4683 1724 4718; x_wconf 92' lang='grc' dir='ltr'><strong>τε</strong></span> <span class='ocrx_word' id='word_1_655' title='bbox 1754 4663 1896 4729; x_wconf 88' lang='grc' dir='ltr'>θέαι,</span> 
     </span>
    </p>
   </div>
   <div class='ocr_carea' id='block_1_96' title="bbox 324 4756 1899 4829">
    <p class='ocr_par' dir='ltr' id='par_1_96' title="bbox 324 4756 1899 4829">
     <span class='ocr_line' id='line_1_98' title="bbox 324 4756 1899 4829; baseline 0 -18"><span class='ocrx_word' id='word_1_656' title='bbox 324 4759 418 4812; x_wconf 74' lang='grc' dir='ltr'>καὶ</span> <span class='ocrx_word' id='word_1_657' title='bbox 455 4758 632 4813; x_wconf 89' lang='grc' dir='ltr'>πάντα</span> <span class='ocrx_word' id='word_1_658' title='bbox 669 4758 770 4812; x_wconf 74' lang='grc' dir='ltr'>ὄσά</span> <span class='ocrx_word' id='word_1_659' title='bbox 801 4758 894 4811; x_wconf 78' lang='grc' dir='ltr'><strong>ἐπὶ</strong></span> <span class='ocrx_word' id='word_1_660' title='bbox 919 4756 1171 4829; x_wconf 77' lang='grc' dir='ltr'>ῥᾳστώνῃ</span> <span class='ocrx_word' id='word_1_661' title='bbox 1199 4758 1315 4827; x_wconf 88' lang='grc' dir='ltr'>βίου</span> <span class='ocrx_word' id='word_1_662' title='bbox 1340 4759 1453 4821; x_wconf 86' lang='grc' dir='ltr'>τοῖς</span> <span class='ocrx_word' id='word_1_663' title='bbox 1473 4757 1899 4829; x_wconf 83' lang='grc' dir='ltr'>εὐθυμουμένοις</span> 
     </span>
    </p>
   </div>
   <div class='ocr_carea' id='block_1_97' title="bbox 323 4845 1892 4921">
    <p class='ocr_par' dir='ltr' id='par_1_97' title="bbox 323 4845 1892 4921">
     <span class='ocr_line' id='line_1_99' title="bbox 323 4845 1892 4921; baseline 0.001 -19"><span class='ocrx_word' id='word_1_664' title='bbox 323 4850 580 4920; x_wconf 86' lang='grc' dir='ltr'>πράττειν</span> <span class='ocrx_word' id='word_1_665' title='bbox 613 4849 734 4914; x_wconf 79' lang='grc' dir='ltr'>ἔθος</span> <span class='ocrx_word' id='word_1_666' title='bbox 768 4845 858 4921; x_wconf 80' lang='grc' dir='ltr'><strong>ἦν.</strong></span> <span class='ocrx_word' id='word_1_667' title='bbox 893 4851 1174 4920; x_wconf 83' lang='grc' dir='ltr'>Κατηφεῖς</span> <span class='ocrx_word' id='word_1_668' title='bbox 1217 4849 1274 4902; x_wconf 80' lang='grc' dir='ltr'>δὲ</span> <span class='ocrx_word' id='word_1_669' title='bbox 1329 4850 1377 4902; x_wconf 92' lang='grc' dir='ltr'>οἰ</span> <span class='ocrx_word' id='word_1_670' title='bbox 1407 4849 1570 4903; x_wconf 89' lang='grc' dir='ltr'>πάλαι</span> <span class='ocrx_word' id='word_1_671' title='bbox 1608 4850 1892 4921; x_wconf 80' lang='grc' dir='ltr'>τρυφηλοὶ,</span> 
     </span>
    </p>
   </div>
   <div class='ocr_carea' id='block_1_98' title="bbox 322 4940 1895 5013">
    <p class='ocr_par' dir='ltr' id='par_1_98' title="bbox 322 4940 1895 5013">
     <span class='ocr_line' id='line_1_100' title="bbox 322 4940 1895 5013; baseline 0.002 -20"><span class='ocrx_word' id='word_1_672' title='bbox 322 4940 421 5003; x_wconf 79' lang='grc' dir='ltr'><strong>τὰς</strong></span> <span class='ocrx_word' id='word_1_673' title='bbox 457 4941 712 5012; x_wconf 87' lang='grc' dir='ltr'>προόδους</span> <span class='ocrx_word' id='word_1_674' title='bbox 745 4942 1025 4996; x_wconf 76' lang='grc' dir='ltr'>ἐποιοῦντο</span> <span class='ocrx_word' id='word_1_675' title='bbox 1045 4957 1058 4971; x_wconf 90' lang='grc'><strong>·</strong></span> <span class='ocrx_word' id='word_1_676' title='bbox 1110 4941 1244 5012; x_wconf 80' lang='grc' dir='ltr'>ὁμοῦ</span> <span class='ocrx_word' id='word_1_677' title='bbox 1268 4960 1326 4996; x_wconf 91' lang='grc' dir='ltr'><strong>τε</strong></span> <span class='ocrx_word' id='word_1_678' title='bbox 1359 4942 1561 5006; x_wconf 83' lang='grc' dir='ltr'>πάντες</span> <span class='ocrx_word' id='word_1_679' title='bbox 1593 4942 1685 4995; x_wconf 78' lang='grc' dir='ltr'>τὸν</span> <span class='ocrx_word' id='word_1_680' title='bbox 1715 4943 1895 5013; x_wconf 87' lang='grc' dir='ltr'>μακά-</span> 
     </span>
    </p>
   </div>
   <div class='ocr_carea' id='block_1_99' title="bbox 324 5032 1896 5105">
    <p class='ocr_par' dir='ltr' id='par_1_99' title="bbox 324 5032 1896 5105">
     <span class='ocr_line' id='line_1_101' title="bbox 324 5032 1896 5105; baseline 0 -19"><span class='ocrx_word' id='word_1_681' title='bbox 324 5049 438 5102; x_wconf 88' lang='grc' dir='ltr'>ριον</span> <span class='ocrx_word' id='word_1_682' title='bbox 485 5033 856 5105; x_wconf 80' lang='grc' dir='ltr'>ἀνευφήμουν,</span> <span class='ocrx_word' id='word_1_683' title='bbox 907 5034 998 5087; x_wconf 78' lang='grc' dir='ltr'><strong>τὸν</strong></span> <span class='ocrx_word' id='word_1_684' title='bbox 1034 5033 1278 5102; x_wconf 81' lang='grc' dir='ltr'>θεοφιλῆ,</span> <span class='ocrx_word' id='word_1_685' title='bbox 1316 5033 1408 5088; x_wconf 80' lang='grc' dir='ltr'>τὸν</span> <span class='ocrx_word' id='word_1_686' title='bbox 1450 5032 1526 5097; x_wconf 84' lang='grc' dir='ltr'><strong>ὡς</strong></span> <span class='ocrx_word' id='word_1_687' title='bbox 1556 5033 1769 5104; x_wconf 84' lang='grc' dir='ltr'>άληθῶς</span> <span class='ocrx_word' id='word_1_688' title='bbox 1798 5033 1896 5102; x_wconf 88' lang='grc' dir='ltr'><strong>τῆς</strong></span> 
     </span>
    </p>
   </div>
   <div class='ocr_carea' id='block_1_100' title="bbox 423 5211 1429 5281">
    <p class='ocr_par' dir='ltr' id='par_1_100' title="bbox 423 5211 1429 5281">
     <span class='ocr_line' id='line_1_102' title="bbox 423 5211 1429 5281; baseline 0.004 -17"><span class='ocrx_word' id='word_1_689' title='bbox 423 5213 469 5244; x_wconf 70' lang='grc'><em>⁸³</em></span> <span class='ocrx_word' id='word_1_690' title='bbox 505 5211 717 5266; x_wconf 83' lang='lat' dir='ltr'><strong>lnvect.</strong></span> <span class='ocrx_word' id='word_1_691' title='bbox 746 5213 964 5281; x_wconf 72' lang='lat'><strong>1.13.93.</strong></span> <span class='ocrx_word' id='word_1_692' title='bbox 1038 5214 1084 5245; x_wconf 79' lang='grc'><strong>⁸³</strong></span> <span class='ocrx_word' id='word_1_693' title='bbox 1111 5212 1213 5268; x_wconf 81' lang='lat' dir='ltr'><strong>Job</strong></span> <span class='ocrx_word' id='word_1_694' title='bbox 1262 5229 1300 5278; x_wconf 86' lang='grc' dir='ltr'><strong>ι,</strong></span> <span class='ocrx_word' id='word_1_695' title='bbox 1339 5213 1429 5268; x_wconf 76' lang='lat'><strong>22.</strong></span> 
     </span>
    </p>
   </div>
   <div class='ocr_carea' id='block_1_101' title="bbox 1999 4491 3585 4562">
    <p class='ocr_par' dir='ltr' id='par_1_101' title="bbox 1999 4491 3585 4562">
     <span class='ocr_line' id='line_1_103' title="bbox 1999 4491 3585 4562; baseline 0.002 -17"><span class='ocrx_word' id='word_1_696' title='bbox 1999 4491 2081 4547; x_wconf 80' lang='lat' dir='ltr'><strong>ris</strong></span> <span class='ocrx_word' id='word_1_697' title='bbox 2119 4492 2330 4546; x_wconf 88' lang='lat' dir='ltr'><strong>obitum</strong></span> <span class='ocrx_word' id='word_1_698' title='bbox 2365 4500 2714 4562; x_wconf 86' lang='lat' dir='ltr'><strong>acceperunt,</strong></span> <span class='ocrx_word' id='word_1_699' title='bbox 2741 4491 2940 4549; x_wconf 89' lang='lat' dir='ltr'><strong>acerbo</strong></span> <span class='ocrx_word' id='word_1_700' title='bbox 2968 4498 3024 4546; x_wconf 87' lang='lat' dir='ltr'><strong>et</strong></span> <span class='ocrx_word' id='word_1_701' title='bbox 3052 4491 3247 4562; x_wconf 75' lang='lat' dir='ltr'><strong>quavis</strong></span> <span class='ocrx_word' id='word_1_702' title='bbox 3271 4491 3585 4549; x_wconf 87' lang='lat' dir='ltr'><strong>calamitate</strong></span> 
     </span>
    </p>
   </div>
   <div class='ocr_carea' id='block_1_102' title="bbox 2001 4582 3581 4655">
    <p class='ocr_par' dir='ltr' id='par_1_102' title="bbox 2001 4582 3581 4655">
     <span class='ocr_line' id='line_1_104' title="bbox 2001 4582 3581 4655; baseline 0.003 -21"><span class='ocrx_word' id='word_1_703' title='bbox 2001 4582 2240 4654; x_wconf 80' lang='lat' dir='ltr'><strong>graviori</strong></span> <span class='ocrx_word' id='word_1_704' title='bbox 2267 4583 2464 4638; x_wconf 91' lang='lat' dir='ltr'><strong>nuntio</strong></span> <span class='ocrx_word' id='word_1_705' title='bbox 2492 4583 2758 4654; x_wconf 88' lang='lat' dir='ltr'><strong>perculsi,</strong></span> <span class='ocrx_word' id='word_1_706' title='bbox 2791 4583 3002 4638; x_wconf 90' lang='lat' dir='ltr'><strong>nullum</strong></span> <span class='ocrx_word' id='word_1_707' title='bbox 3033 4583 3209 4639; x_wconf 90' lang='lat' dir='ltr'><strong>luctui</strong></span> <span class='ocrx_word' id='word_1_708' title='bbox 3233 4584 3454 4639; x_wconf 92' lang='lat' dir='ltr'><strong>modum</strong></span> <span class='ocrx_word' id='word_1_709' title='bbox 3486 4600 3581 4655; x_wconf 86' lang='lat' dir='ltr'><strong>po-</strong></span> 
     </span>
    </p>
   </div>
   <div class='ocr_carea' id='block_1_103' title="bbox 2000 4671 3582 4745">
    <p class='ocr_par' dir='ltr' id='par_1_103' title="bbox 2000 4671 3582 4745">
     <span class='ocr_line' id='line_1_105' title="bbox 2000 4671 3582 4745; baseline 0.001 -19"><span class='ocrx_word' id='word_1_710' title='bbox 2000 4679 2249 4727; x_wconf 88' lang='lat' dir='ltr'><strong>suerunt.</strong></span> <span class='ocrx_word' id='word_1_711' title='bbox 2285 4671 2503 4728; x_wconf 69' lang='lat' dir='ltr'><strong>Balnea:</strong></span> <span class='ocrx_word' id='word_1_712' title='bbox 2545 4680 2600 4728; x_wconf 89' lang='lat' dir='ltr'><strong>et</strong></span> <span class='ocrx_word' id='word_1_713' title='bbox 2632 4673 2751 4727; x_wconf 79' lang='lat' dir='ltr'><strong>{ora</strong></span> <span class='ocrx_word' id='word_1_714' title='bbox 2780 4672 2964 4729; x_wconf 87' lang='lat' dir='ltr'><strong>clausa</strong></span> <span class='ocrx_word' id='word_1_715' title='bbox 3011 4682 3162 4738; x_wconf 87' lang='lat' dir='ltr'><strong>sunt,</strong></span> <span class='ocrx_word' id='word_1_716' title='bbox 3193 4673 3411 4745; x_wconf 90' lang='lat' dir='ltr'><strong>publica</strong></span> <span class='ocrx_word' id='word_1_717' title='bbox 3441 4689 3582 4744; x_wconf 89' lang='lat' dir='ltr'><strong>quo-</strong></span> 
     </span>
    </p>
   </div>
   <div class='ocr_carea' id='block_1_104' title="bbox 1999 4761 3578 4833">
    <p class='ocr_par' dir='ltr' id='par_1_104' title="bbox 1999 4761 3578 4833">
     <span class='ocr_line' id='line_1_106' title="bbox 1999 4761 3578 4833; baseline 0.001 -18"><span class='ocrx_word' id='word_1_718' title='bbox 1999 4775 2109 4831; x_wconf 91' lang='lat' dir='ltr'><strong>que</strong></span> <span class='ocrx_word' id='word_1_719' title='bbox 2150 4761 2489 4830; x_wconf 87' lang='lat' dir='ltr'><strong>spectacula,</strong></span> <span class='ocrx_word' id='word_1_720' title='bbox 2512 4769 2568 4818; x_wconf 90' lang='lat' dir='ltr'><strong>et</strong></span> <span class='ocrx_word' id='word_1_721' title='bbox 2593 4776 2941 4833; x_wconf 61' lang='lat' dir='ltr'><strong>quascunque</strong></span> <span class='ocrx_word' id='word_1_722' title='bbox 2965 4761 3223 4817; x_wconf 88' lang='lat' dir='ltr'><strong>homines</strong></span> <span class='ocrx_word' id='word_1_723' title='bbox 3263 4763 3377 4817; x_wconf 92' lang='lat' dir='ltr'><strong>otio</strong></span> <span class='ocrx_word' id='word_1_724' title='bbox 3406 4761 3578 4818; x_wconf 84' lang='lat' dir='ltr'><strong>dediti</strong></span> 
     </span>
    </p>
   </div>
   <div class='ocr_carea' id='block_1_105' title="bbox 1999 4852 3579 4923">
    <p class='ocr_par' dir='ltr' id='par_1_105' title="bbox 1999 4852 3579 4923">
     <span class='ocr_line' id='line_1_107' title="bbox 1999 4852 3579 4923; baseline 0.001 -17"><span class='ocrx_word' id='word_1_725' title='bbox 1999 4861 2053 4906; x_wconf 90' lang='lat' dir='ltr'><strong>et</strong></span> <span class='ocrx_word' id='word_1_726' title='bbox 2079 4852 2240 4920; x_wconf 85' lang='lat' dir='ltr'><strong>genio</strong></span> <span class='ocrx_word' id='word_1_727' title='bbox 2273 4852 2618 4923; x_wconf 85' lang='lat' dir='ltr'><strong>indulgentes</strong></span> <span class='ocrx_word' id='word_1_728' title='bbox 2653 4855 2964 4908; x_wconf 86' lang='lat' dir='ltr'><strong>consectari</strong></span> <span class='ocrx_word' id='word_1_729' title='bbox 3014 4854 3216 4919; x_wconf 92' lang='lat' dir='ltr'><strong>solent,</strong></span> <span class='ocrx_word' id='word_1_730' title='bbox 3262 4852 3579 4911; x_wconf 83' lang='lat' dir='ltr'><strong>intermissa</strong></span> 
     </span>
    </p>
   </div>
   <div class='ocr_carea' id='block_1_106' title="bbox 2003 4943 3573 5012">
    <p class='ocr_par' dir='ltr' id='par_1_106' title="bbox 2003 4943 3573 5012">
     <span class='ocr_line' id='line_1_108' title="bbox 2003 4943 3573 5012; baseline -0.001 -14"><span class='ocrx_word' id='word_1_731' title='bbox 2003 4953 2151 4998; x_wconf 90' lang='lat' dir='ltr'><strong>sunt.</strong></span> <span class='ocrx_word' id='word_1_732' title='bbox 2190 4943 2297 5009; x_wconf 80' lang='lat' dir='ltr'><strong>Qui</strong></span> <span class='ocrx_word' id='word_1_733' title='bbox 2333 4952 2459 5000; x_wconf 88' lang='lat' dir='ltr'><strong>ante</strong></span> <span class='ocrx_word' id='word_1_734' title='bbox 2507 4946 2562 5000; x_wconf 92' lang='lat' dir='ltr'><strong>in</strong></span> <span class='ocrx_word' id='word_1_735' title='bbox 2613 4945 2826 5002; x_wconf 89' lang='lat' dir='ltr'><strong>deliciis</strong></span> <span class='ocrx_word' id='word_1_736' title='bbox 2875 4945 3257 5012; x_wconf 84' lang='lat' dir='ltr'><strong>versabantur,</strong></span> <span class='ocrx_word' id='word_1_737' title='bbox 3318 4944 3470 4999; x_wconf 89' lang='lat' dir='ltr'><strong>vultu</strong></span> <span class='ocrx_word' id='word_1_738' title='bbox 3519 4944 3573 4997; x_wconf 89' lang='lat' dir='ltr'><strong>in</strong></span> 
     </span>
    </p>
   </div>
   <div class='ocr_carea' id='block_1_107' title="bbox 2002 5033 3574 5111">
    <p class='ocr_par' dir='ltr' id='par_1_107' title="bbox 2002 5033 3574 5111">
     <span class='ocr_line' id='line_1_109' title="bbox 2002 5033 3574 5111; baseline -0.003 -21"><span class='ocrx_word' id='word_1_739' title='bbox 2002 5044 2204 5093; x_wconf 86' lang='lat' dir='ltr'><strong>terram</strong></span> <span class='ocrx_word' id='word_1_740' title='bbox 2239 5037 2478 5094; x_wconf 85' lang='lat' dir='ltr'><strong>demisso</strong></span> <span class='ocrx_word' id='word_1_741' title='bbox 2510 5040 2769 5096; x_wconf 86' lang='lat' dir='ltr'><strong>incedere</strong></span> <span class='ocrx_word' id='word_1_742' title='bbox 2797 5055 3016 5111; x_wconf 89' lang='lat' dir='ltr'><strong>unaque</strong></span> <span class='ocrx_word' id='word_1_743' title='bbox 3048 5052 3238 5096; x_wconf 87' lang='lat' dir='ltr'><strong>omnes</strong></span> <span class='ocrx_word' id='word_1_744' title='bbox 3276 5047 3413 5093; x_wconf 87' lang='lat' dir='ltr'><strong>voce</strong></span> <span class='ocrx_word' id='word_1_745' title='bbox 3444 5033 3574 5088; x_wconf 86' lang='lat' dir='ltr'><strong>bea-</strong></span> 
     </span>
    </p>
   </div>
   <div class='ocr_carea' id='block_1_108' title="bbox 1617 5303 2292 5362">
    <p class='ocr_par' dir='ltr' id='par_1_108' title="bbox 1617 5303 2292 5362">
     <span class='ocr_line' id='line_1_110' title="bbox 1617 5303 2292 5362; baseline 0 0"><span class='ocrx_word' id='word_1_746' title='bbox 1617 5303 1853 5362; x_wconf 64' lang='lat' dir='ltr'><strong>VARIA‘.</strong></span> <span class='ocrx_word' id='word_1_747' title='bbox 1887 5304 2292 5362; x_wconf 78' lang='lat' dir='ltr'><strong>LECTIONES.</strong></span> 
     </span>
    </p>
   </div>
   <div class='ocr_carea' id='block_1_109' title="bbox 396 5418 1814 5494">
    <p class='ocr_par' dir='ltr' id='par_1_109' title="bbox 396 5418 1814 5494">
     <span class='ocr_line' id='line_1_111' title="bbox 396 5418 1814 5494; baseline 0.002 -20"><span class='ocrx_word' id='word_1_748' title='bbox 396 5432 426 5464; x_wconf 71' lang='grc' dir='ltr'><strong>ι</strong></span> <span class='ocrx_word' id='word_1_749' title='bbox 456 5418 620 5477; x_wconf 85' lang='lat' dir='ltr'><strong>Deest</strong></span> <span class='ocrx_word' id='word_1_750' title='bbox 656 5433 762 5474; x_wconf 79' lang='lat' dir='ltr'><strong>vox</strong></span> <span class='ocrx_word' id='word_1_751' title='bbox 788 5418 1086 5490; x_wconf 81' lang='grc' dir='ltr'>διέτρεχεν,</span> <span class='ocrx_word' id='word_1_752' title='bbox 1120 5439 1184 5478; x_wconf 84' lang='lat' dir='ltr'><strong>ex</strong></span> <span class='ocrx_word' id='word_1_753' title='bbox 1216 5422 1455 5480; x_wconf 86' lang='lat' dir='ltr'><strong>Eusebio</strong></span> <span class='ocrx_word' id='word_1_754' title='bbox 1488 5424 1814 5494; x_wconf 84' lang='lat' dir='ltr'><strong>supplenda.</strong></span> 
     </span>
    </p>
   </div>
   <div class='ocr_carea' id='block_1_110' title="bbox 1834 5531 2063 5589">
    <p class='ocr_par' dir='ltr' id='par_1_110' title="bbox 1834 5531 2063 5589">
     <span class='ocr_line' id='line_1_112' title="bbox 1834 5531 2063 5589; baseline 0 -1"><span class='ocrx_word' id='word_1_755' title='bbox 1834 5531 2063 5589; x_wconf 67' lang='lat' dir='ltr'><strong>NOTAE.</strong></span> 
     </span>
    </p>
   </div>
   <div class='ocr_carea' id='block_1_111' title="bbox 399 5645 2838 5726">
    <p class='ocr_par' dir='ltr' id='par_1_111' title="bbox 399 5645 2838 5726">
     <span class='ocr_line' id='line_1_113' title="bbox 399 5645 2838 5726; baseline 0 -22"><span class='ocrx_word' id='word_1_756' title='bbox 399 5650 510 5722; x_wconf 71' lang='lat' dir='ltr'><strong>(Si)</strong></span> <span class='ocrx_word' id='word_1_757' title='bbox 549 5649 606 5706; x_wconf 85' lang='lat' dir='ltr'><strong>S.</strong></span> <span class='ocrx_word' id='word_1_758' title='bbox 661 5648 1041 5720; x_wconf 84' lang='lat' dir='ltr'><strong>Chrysostomi</strong></span> <span class='ocrx_word' id='word_1_759' title='bbox 1100 5654 1480 5710; x_wconf 87' lang='lat' dir='ltr'><strong>commentarii</strong></span> <span class='ocrx_word' id='word_1_760' title='bbox 1515 5654 1571 5708; x_wconf 89' lang='lat' dir='ltr'><strong>in</strong></span> <span class='ocrx_word' id='word_1_761' title='bbox 1631 5652 1732 5710; x_wconf 85' lang='lat' dir='ltr'><strong>Job</strong></span> <span class='ocrx_word' id='word_1_762' title='bbox 1781 5651 2086 5726; x_wconf 80' lang='lat' dir='ltr'><strong>fragmenta</strong></span> <span class='ocrx_word' id='word_1_763' title='bbox 2111 5657 2327 5708; x_wconf 77' lang='lat' dir='ltr'><strong>exstant</strong></span> <span class='ocrx_word' id='word_1_764' title='bbox 2358 5649 2415 5705; x_wconf 90' lang='lat' dir='ltr'><strong>in</strong></span> <span class='ocrx_word' id='word_1_765' title='bbox 2442 5658 2639 5706; x_wconf 84' lang='lat' dir='ltr'><strong>catena</strong></span> <span class='ocrx_word' id='word_1_766' title='bbox 2666 5645 2838 5706; x_wconf 87' lang='lat' dir='ltr'><strong>Junii.</strong></span> 
     </span>
    </p>
   </div>
  </div>
