4074 6146
296 267 430 335 1381

291 357 402 436 Ἐκ
426 397 531 437 του
552 381 874 449 μαρτυρίου
896 379 998 433 τοῦ
1023 371 1200 449 ἀγίρυ
1230 377 1589 444 Εὐσταθιου,
1626 377 1731 431 τοῦ
1773 375 1869 428 καὶ
1900 375 1946 432 Α

922 441 1218 502 Πλακίδα.

370 556 391 593 r
445 538 781 605 Ἐξελθόντος
817 539 980 593 αὐτοῦ
1015 542 1070 595 ἐν
1111 541 1211 611 μιᾷ
1240 539 1424 612 ἡμέρᾳ
1465 539 1606 595 κατὰ
1656 540 1716 592 τὸ
1747 539 1870 592 σύν-

294 631 425 704 ηθες
486 629 577 685 ἐπὶ
610 629 680 684 τὰ
735 631 834 704 ὅρη
869 631 1134 704 θηρεῦσαι
1186 632 1323 703 μετά
1351 632 1444 686 τοῦ
1478 631 1868 703 στρατοπέδου,

294 723 390 778 καὶ
421 722 602 794 πάσης
623 722 723 792 τῆς
746 723 1059 795 θεραπείας,
1092 723 1248 794 ὤφθη
1273 723 1421 794 αὐτῷ
1455 724 1624 797 ἀγέλη
1655 724 1871 793 ἐλάφων

296 814 624 886 βοσκομένη.
651 815 761 868 Καὶ
775 815 1072 884 διαστήσας
1087 816 1229 868 κατὰ
1253 815 1315 868 τὸ
1342 815 1572 886 σύνηθες
1591 817 1684 868 τὸν
1705 832 1870 886 στρα-

291 905 404 970 τὸν,
436 906 672 958 ἐποιεῖτο
699 905 800 975 τὴν
844 905 964 960 κατ’
995 904 1174 959 αὐτῶν
1209 903 1413 970 δίωξιν.
1457 904 1666 968 Παντὸς
1692 904 1747 958 δὲ
1775 905 1870 960 τοῦ

297 993 529 1066 στρατοῦ
555 995 647 1048 ἐπὶ
671 994 771 1066 τὴν
791 993 1054 1065 σύλληψιν
1081 995 1479 1066 ἀσχολουμένου
1504 997 1612 1050 τῶν
1634 995 1870 1064 ἐλάφων,

293 1087 322 1139 ό
347 1085 893 1158 ὖπερμεγεθέστατος
922 1087 1105 1159 πάσης
1134 1089 1233 1160 τῆς
1289 1089 1508 1161 ἀγέλης,
1544 1089 1638 1144 καὶ
1667 1089 1872 1144 εὐειδέ-

293 1195 507 1244 στατος,
538 1178 914 1244 ἀποσπασθεὶς
963 1179 1063 1250 τῆς
1096 1180 1322 1250 ἀγέλης,
1353 1181 1582 1253 ᾣρμησε
1607 1181 1747 1236 κατὰ
1778 1180 1870 1235 τοῦ

292 1269 498 1340 δρυμοῦ
532 1271 590 1323 ἐν
612 1273 723 1333 τοῖς
752 1269 1066 1341 δασυτέροις
1095 1272 1282 1336 τόποις
1311 1273 1410 1342 τῆς
1439 1273 1592 1344 ὕλης,
1635 1273 1729 1328 καὶ
1750 1273 1874 1327 δυσ-

292 1360 480 1424 ϐάτοις
523 1359 763 1430 χωρίοις.
830 1362 928 1414 Ὃν
977 1361 1314 1432 θεασάμενος
1353 1363 1380 1414 ὁ
1429 1363 1722 1430 Πλακίδας,
1777 1370 1874 1420 καὶ

292 1451 645 1520 ἐπιθυμήσας
666 1451 1052 1506 συλλαὸεἴσθαι
1086 1453 1268 1516 αὑτὸν,
1300 1453 1616 1509 καταλιπὼν
1642 1457 1872 1523 πάντας,

297 1541 414 1610 μετ’
436 1537 631 1607 ὀλίγων
669 1539 1019 1611 στρατιωτῶν
1061 1543 1389 1597 κατεδίωκεν
1426 1545 1607 1600 αὐτόν.
1659 1547 1875 1616 Ἀτονη-

295 1633 506 1684 σάντων
534 1631 593 1684 δὲ
641 1631 754 1685 τῶν
811 1631 1103 1696 συνόντων,
1138 1634 1299 1704 μόνος
1339 1635 1772 1706 προσεκαρτέρει
1804 1638 1869 1706 τῇ

1398 267 1496 330 DE
1528 259 1991 328 IMAGINIBUS
2019 259 2301 320 ORATIO
2342 251 2462 317 III.

3417 263 3553 330 1382

2069 369 2148 422 Ea:
2180 366 2436 439 martyrio
2472 365 2647 419 sancti
2674 364 2961 436 Eustalhii,
2987 369 3076 439 qui
3100 380 3150 424 el
3186 369 3455 433 Placidas.

2046 541 2063 575 ι
2101 522 2236 576 Cum
2280 522 2369 578 die
2421 518 2659 591 quodam
2693 561 2708 583 ,
2765 521 2832 576 de
2879 527 3144 576 consueto
3192 536 3369 585 more,
3423 537 3550 578 cum

1969 615 2218 669 exercitu
2291 613 2661 682 universoque
2708 612 3038 667 famulorum
3091 621 3240 668 coetu
3292 624 3549 670 venatum

1969 705 2224 771 exiisset,
2287 719 2580 760 cervorum
2634 705 2977 776 pascentium
3026 705 3379 776 conspicatus
3430 721 3552 778 gre-

1971 815 2114 872 gem,
2146 798 2397 854 exercitu
2431 797 2483 852 in
2521 804 2634 853 tres
2667 805 2872 868 partes,
2907 798 2986 852 uti
3021 798 3254 863 solebat,
3285 799 3552 854 distribu-

1972 901 2052 959 to,
2081 907 2178 948 eos
2205 889 2607 946 insectabatur.
2639 889 2712 943 At
2740 903 2862 943 cum
2898 888 3011 944 illis
3049 888 3331 959 capiendis
3371 889 3553 944 inten-

1972 993 2060 1038 tus
2087 990 2235 1038 esset
2256 981 2556 1045 exercitus,
2593 979 2685 1035 ille
2719 981 2815 1050 qui
2858 980 2911 1034 in
2959 980 3274 1036 universum
3306 995 3549 1052 gregem,

1973 1083 2088 1128 tum
2140 1073 2493 1144 proceritate,
2554 1079 2668 1124 tum
2721 1069 2898 1124 forma
2932 1071 3229 1135 eminebat,
3261 1087 3289 1126 a
3323 1072 3553 1141 reliquis

1971 1165 2282 1230 discedens,
2315 1181 2411 1236 per
2442 1164 2775 1220 densissima
2831 1165 2984 1219 silva:
3019 1171 3404 1237 praeruptaque
3430 1167 3552 1221 loca

1974 1261 2030 1314 in
2061 1275 2256 1315 nemus
2283 1259 2540 1328 prosiliit.
2579 1256 2737 1311 Hunc
2769 1255 3018 1312 Placidas
3062 1259 3367 1324 contuitus,
3398 1259 3550 1328 ejus-

1973 1368 2080 1422 que
2139 1350 2644 1420 comprehendendi
2708 1348 2988 1404 desiderio
3045 1363 3357 1417 accensus,
3423 1364 3553 1405 cum

1973 1443 2238 1498 militibus
2263 1443 2480 1512 paucis,
2519 1441 2738 1496 caeteris
2770 1440 3030 1495 omnibus
3059 1441 3291 1506 relictis,
3334 1442 3554 1498 insecu-

1976 1541 2064 1590 tus
2089 1541 2196 1588 εει.
2223 1529 2343 1586 Jam
2367 1531 2502 1586 socii
2520 1529 2905 1586 deficientibus
2929 1529 3140 1585 viribus
3163 1531 3551 1598 constiterant,

1976 1640 2100 1680 eum
2128 1625 2285 1680 solus
2315 1625 2436 1694 ipse
2473 1621 2857 1694 persequendo
2892 1629 3294 1692 perseveraret,
3332 1622 3553 1677 divina-

291 1721 491 1786 διώξει,
517 1721 659 1775 κατά
689 1723 945 1793 πρόνοιαν
963 1722 1021 1776 δὲ
1047 1722 1202 1787 Θεοῦ,
1235 1724 1373 1796 μήτε
1393 1726 1487 1778 τοῦ
1510 1726 1676 1780 ἵππου
1705 1726 1868 1780 αὐτοῦ

1974 1732 2081 1787 que
2139 1716 2342 1770 factum
2397 1713 2742 1784 providentia
2795 1722 2900 1776 est,
2949 1720 3010 1766 ut
3056 1727 3158 1768 nec
3197 1728 3410 1782 equus,
3449 1728 3553 1769 nec

291 1811 672 1882 ἀτονήσαντος,
707 1814 843 1884 μήτε
874 1814 1039 1867 αὐτοῦ
1090 1816 1226 1886 πρὸς
1276 1816 1376 1888 τὴν
1426 1817 1746 1890 δυσχέρειαν
1775 1819 1869 1872 τοῦ

291 1904 456 1957 τόπου
488 1905 926 1976 ἀποκνήσαντος,
958 1908 1052 1960 ἐπὶ
1086 1908 1222 1961 πολὺ
1250 1908 1622 1978 καταδιώκων,
1651 1913 1868 1982 μακρὰν

292 1995 493 2065 εὑρέθη
523 1995 618 2049 τοῦ
645 1998 1010 2068 στρατοπέδου
1042 1999 1228 2053 αὐτοῦ.
1261 2001 1318 2053 'O
1344 1999 1401 2053 δέ
1425 1999 1622 2070 ἔλαφος
1651 2001 1868 2071 ἔφευγε,

290 2087 498 2151 ἐκεῖνος
531 2088 589 2141 δὲ
638 2087 976 2158 παραλαϐὼν
1009 2089 1322 2161 ἀκρώρειαν
1367 2090 1593 2162 πέτρας,
1645 2091 1870 2162 μηδενὸς

295 2178 546 2242 συνόντος
578 2179 748 2251 αὐτῷ,
779 2179 909 2252 ἔστη
941 2180 1293 2250 περισκοπῶν
1332 2181 1626 2248 πάντοθεν,
1650 2183 1747 2236 καί
1781 2184 1869 2236 ἐν·

293 2269 430 2322 νοῶν
463 2269 600 2340 ποίῳ
631 2271 818 2342 τρόπῳ
846 2270 1081 2342 λάϐηται
1100 2274 1198 2343 τῆς
1241 2272 1442 2343 ἐλάφου
1464 2289 1479 2303 ο
1517 2271 1630 2328 ἀλλ’
1673 2276 1701 2327 ὁ
1737 2273 1870 2327 πάν-

296 2376 457 2427 σοφος
495 2361 591 2412 καὶ
619 2362 918 2432 οἰκτίρμων
939 2363 1090 2428 Θεὸς,
1123 2364 1152 2416 ὁ
1183 2364 1443 2426 παντοίας
1475 2365 1626 2428 όδοὺς
1655 2364 1748 2416 ἐπὶ
1770 2382 1873 2417 σω-

293 2451 458 2522 τηρίᾳ
481 2451 591 2506 τῶν
619 2453 922 2524 ἀνθρώπων
945 2455 1241 2525 ἐπινοήσας
1259 2494 1273 2518 ,
1307 2455 1651 2527 ἁντιθηρεύει
1684 2456 1873 2510 τοῦτον

293 2541 352 2594 ἐν
372 2544 438 2614 τῇ
469 2541 610 2615 θήρᾳ
632 2560 644 2575 ’
681 2544 778 2615 οὐχ
806 2544 878 2609 ὡς
912 2545 1214 2618 Κορνήλιον
1243 2546 1335 2599 διὰ
1365 2546 1594 2618 Πέτρου,
1633 2547 1749 2600 ἀλλ’
1797 2548 1873 2611 ώς

297 2633 506 2686 Παῦλον
527 2633 813 2698 διώκοντα,
831 2634 919 2688 διὰ
936 2635 1034 2704 τῆς
1057 2635 1192 2699 ἰδίας
1215 2637 1558 2706 ἐπιφανείας.
1594 2637 1718 2691 Ἐπὶ
1737 2637 1871 2692 πολὺ

295 2725 352 2777 δὲ
379 2727 612 2788 ἑστῶτος
638 2726 732 2779 τοῦ
764 2726 1025 2794 Πλακίδα,
1057 2729 1522 2794 καΥάτενίζοντος
1557 2729 1656 2801 μὲν
1682 2731 1762 2794 εἰς
1783 2730 1872 2784 τὸν

295 2817 508 2886 ἔλαφον,
535 2815 908 2886 θαυμάζοντος
947 2817 1005 2869 δέ
1037 2818 1201 2872 αὐτοῦ
1234 2818 1296 2872 τὸ
1332 2819 1582 2890 μέγεθος,
1612 2820 1707 2872 καὶ
1731 2820 1875 2890 ἀμη-

295 2909 584 2981 χανοῦντος
613 2908 743 2978 περί
770 2908 869 2978 τὴν
896 2907 1177 2980 σύλληψιν,
1209 2908 1450 2962 δείκνυσι
1480 2911 1684 2981 Κύριος
1712 2911 1875 2982 τερά-

298 3002 445 3055 στιόν
474 3021 527 3056 τι
559 3001 820 3065 τοιοῦτον,
853 3001 956 3054 οὐκ
983 3001 1230 3065 ἀπεικὸς,
1257 3000 1378 3054 οὐδὲ
1405 3002 1734 3072 ὑπερϐαῖνον
1773 3004 1874 3074 τῆς

297 3091 772 3162 αὐτοῦδυνάμεως
797 3063 858 3146 τὸ
902 3091 1133 3160 μέγεθος
1159 3063 1347 3145 (ἀλλ’
1391 3063 1579 3163 ὥσπερ
1633 3093 1726 3144 ἐπί
1777 3063 1871 3146 τοῦ
1898 3063 1942 3124 c

297 3182 529 3253 Βαλαὰμ
549 3181 706 3251 λόγον
734 3181 909 3246 ἐνθεὶς
942 3183 1009 3252 τῇ
1044 3181 1171 3251 ὄνῳ,
1203 3180 1429 3252 ἤλεγξεν
1450 3182 1616 3237 αὐτοῦ
1641 3182 1740 3254 τὴν
1762 3183 1876 3238 διά-

298 3288 470 3336 νοιαν,
505 3270 648 3324 οὕτω
703 3270 799 3325 καὶ
844 3269 1076 3326 ἐνταῦθα
1121 3271 1361 3325 δείκνυσι
1387 3273 1581 3342 τούτῳ.
1620 3271 1746 3326 Ἐπί
1776 3272 1874 3343 μὲν

297 3363 544 3435 κεράτων
566 3360 662 3416 τοῦ
701 3361 905 3431 ἐλάφου
949 3361 1042 3415 τὸν
1086 3363 1257 3414 τύπον
1285 3360 1379 3415 τοῦ
1419 3362 1577 3430 ἁγίου
1613 3364 1871 3435 σταυροῦ,

300 3453 441 3523 ὑπὲρ
471 3453 570 3523 τὴν
602 3453 964 3525 λαμπρότητα
983 3451 1077 3507 τοῦ
1113 3453 1263 3524 ἡλίου
1295 3451 1601 3523 λάμποντα,
1629 3455 1792 3526 μέσον
1816 3456 1874 3510 δὲ

297 3544 405 3600 τῶν
431 3546 678 3614 κεράτων
703 3544 799 3616 τὴν
823 3546 1008 3617 εἰκόνα
1055 3544 1151 3598 τοῦ
1182 3543 1444 3616 θεοφόρου
1499 3544 1771 3617 σώματος,
1810 3542 1872 3603 οῦ

297 3634 386 3687 διὰ
421 3634 522 3704 τὴν
562 3634 840 3705 ἡμετέραν
874 3633 1148 3706 σωτηρίαν
1194 3635 1486 3690 ἀναλαϐεῖν
1526 3637 1870 3706 κατεδέξατο,

301 3726 394 3779 καὶ
421 3725 605 3795 φωνὴν
633 3725 980 3797 ἀνθρωπίνην
1008 3726 1184 3790 ἐνθεὶς
1220 3729 1286 3798 τῇ
1314 3727 1521 3800 ἐλάφῳ,
1544 3729 1874 3800 προσκαλεί-

298 3835 388 3871 ται
415 3815 506 3870 τὸν
544 3817 813 3871 Πλακίδαν
831 3857 847 3884 ,
909 3817 1108 3887 λέγων·
1138 3813 1209 3870 Ὦ
1238 3819 1510 3884 Πλακίδα,
1539 3821 1592 3874 τί
1651 3839 1718 3893 με
1746 3810 1872 3877 διώ-

301 3925 455 3975 κεις;
488 3908 595 3962 ἰδοὺ
630 3908 814 3961 ἕνεκέν
841 3927 934 3962 σου
965 3909 1171 3980 παρῆν,
1208 3909 1303 3962 καὶ
1331 3912 1387 3964 ἐν
1429 3911 1507 3981 τῷ
1542 3911 1665 3984 ζώω
1696 3915 1873 3987 τούτῳ

299 3998 487 4069 ὤφθην
520 4016 622 4054 σοι.
661 3998 804 4068 Ἐγώ
840 4000 958 4070 εἰμι
1001 3999 1209 4071 Ἰησοῦς
1241 4001 1270 4052 ό
1297 4001 1550 4072 Χριστὸς,
1585 4003 1644 4056 ὃν
1663 4006 1873 4075 ἀγνοῶν

302 4089 453 4161 σέϐῃ.
484 4092 551 4142 Αἰ
579 4090 688 4161 γὰρ
720 4090 959 4143 εὐποιίαι
981 4107 1097 4156 σου,
1120 4086 1186 4154 ἃς
1222 4091 1286 4144 σὺ
1310 4095 1484 4157 ποιεῖς
1511 4095 1589 4158 εἰς
1621 4097 1744 4160 τοὺς
1765 4099 1874 4153 δεο-

303 4181 517 4250 μένους,
548 4181 900 4250 παρέστησαν
934 4179 1163 4256 ἐνώπιόν
1197 4199 1300 4253 μου
1320 4223 1334 4248 ,
1372 4185 1464 4237 καὶ
1487 4181 1650 4256 ἦλθον
1697 4189 1874 4258 ἐμφαο

300 4269 446 4322 νίσαι
481 4284 565 4321 σοι
603 4266 840 4337 ἐμαυτὸν
869 4267 956 4320 διὰ
993 4267 1089 4322 τοῦ
1113 4269 1310 4340 ἐλάφου
1341 4271 1555 4338 τούτου,
1579 4273 1672 4326 καὶ
1719 4275 1870 4328 ἀντι-

301 4359 582 4431 ζωγρῆσαί
614 4376 697 4425 σε,
746 4359 840 4412 καὶ
891 4363 1108 4432 συσχείν
1133 4363 1245 4424 τοῖς
1281 4363 1518 4427 δικτύοις
1544 4363 1643 4435 τῆς
1681 4366 1868 4435 φιλαν-
1895 4398 1944 4459 D

301 4449 548 4524 θρωπίας
599 4467 722 4518 μου.
753 4451 826 4504 Ού
861 4453 964 4522 γάρ
997 4453 1113 4506 ἐστι
1149 4453 1378 4519 δίκαιον,
1427 4455 1519 4510 τὸν
1547 4457 1672 4528 ἐμοὶ
1701 4475 1869 4531 προσ-

301 4542 432 4613 φιλῆ
476 4540 564 4595 διὰ
614 4541 723 4594 τῶν
773 4542 994 4611 ἀγαθῶν
1045 4543 1244 4616 ἐργων,
1299 4545 1570 4602 δουλεύειν
1621 4549 1873 4620 δαίμοσιν

301 4631 633 4701 ἀκαθάρτοις
662 4631 755 4685 καὶ
779 4631 1018 4696 εἰδώλοις
1040 4637 1251 4704 νεκροῖς
1276 4635 1372 4689 καὶ
1394 4640 1616 4707 κωφοῖς.
1642 4640 1742 4694 Διά
1764 4642 1873 4714 γὰρ

302 4719 460 4774 τοῦτο
485 4717 647 4793 ἦλθον
680 4723 774 4776 ἐπὶ
800 4723 902 4793 γῆς
931 4727 988 4778 ἐν
1019 4724 1096 4796 τῷ
1123 4725 1254 4780 εῖδει
1283 4729 1476 4799 τούτῳ,
1517 4725 1561 4799 ᾧ
1589 4730 1682 4786 νῦν
1716 4735 1870 4806 ὁρᾷς,

307 4813 474 4870 σῶσαι
505 4815 674 4872 θέλων
705 4818 769 4871 τὸ
795 4817 902 4872 τῶν
926 4819 1230 4890 ἀνθρώπων
1270 4822 1443 4891 γένος.
1495 4843 1515 4876 ι

307 5072 424 5131 Τοῦ
443 5076 616 5147 ἁγίου
637 5080 920 5156 Λεοντίου
939 5082 1301 5156 ⁸ιῖεαςτότλῖειυς
1324 5083 1433 5152 τῆς
1455 5087 1737 5154 Κυπρίων
1765 5089 1866 5156 νή-

582 5163 720 5217 σου,
747 5151 894 5218 πρὸς
939 5152 1289 5221 Ἰουδαίους,
1315 5162 1356 5208 ε’
1383 5151 1590 5227 λόγου,

378 5253 400 5289 ι
443 5235 580 5310 Φέρε
627 5237 691 5310 δὴ
742 5241 946 5305 λοιπὸν,
987 5244 1127 5316 φέρε
1159 5246 1480 5318 προθύμως,
1515 5251 1609 5305 καὶ
1645 5252 1743 5325 τὴν
1773 5254 1871 5326 τῆς

305 5327 664 5391 ἐκτυπώσεως
687 5331 794 5383 τῶν
819 5337 1028 5389 σεπτῶν
1055 5339 1279 5394 εἰκόνων
1304 5341 1599 5413 ἀπολογίαν
1633 5349 1872 5418 ποιησώ-

1972 1809 2206 1880 ipsemet
2243 1807 2540 1878 asperitate
2573 1804 2818 1859 locorbm
2862 1802 3217 1869 fatiscerent;
3249 1811 3303 1858 et
3329 1818 3552 1858 cervum

1973 1901 2184 1955 diutius
2201 1898 2541 1969 adurgendo,
2574 1895 2764 1966 procul
2797 1911 2856 1950 se
2885 1896 2953 1950 ab
2982 1897 3226 1952 exercitu
3252 1897 3553 1953 recessisse

1973 1991 2136 2062 373
2191 1990 2596 2044 animadvertit.
2654 1987 2825 2042 Porro
2874 1987 3116 2058 fugiente
3178 2003 3364 2053 cervo,
3423 2001 3549 2042 cum

1975 2083 2161 2138 nullus
2189 2081 2452 2136 comitum
2498 2079 2740 2145 adesset,
2771 2084 2942 2147 petrae
2979 2077 3241 2133 verticem
3286 2093 3552 2134 conscen-

1973 2174 2074 2239 dit,
2130 2182 2244 2228 tum
2284 2171 2769 2240 cireumaspicerc,
2805 2184 3106 2239 secumque
3151 2170 3414 2240 cegitare,
3440 2185 3552 2239 quo

1973 2265 2193 2322 tandem
2226 2272 2386 2335 pacto
2422 2263 2662 2334 praedam
2697 2271 3054 2331 assequatur.
3091 2260 3161 2316 At
3201 2261 3551 2330 sapientissi-

1973 2373 2098 2413 mus
2146 2356 2724 2424 clementissimusque
2763 2351 2939 2419 Deus,
2975 2351 3068 2422 qui
3099 2351 3278 2408 nullas
3319 2367 3427 2406 non
3457 2368 3550 2408 ex-

1974 2449 2177 2520 cogitat
2224 2451 2362 2513 vias,
2399 2436 2604 2517 quibus
2644 2443 2709 2499 ad
2759 2445 2994 2500 salutem
3041 2442 3296 2498 homines
3346 2443 3548 2508 ducat,

1975 2539 2124 2594 hunc
2174 2539 2229 2592 in
2283 2540 2518 2608 ipsumet
2567 2535 2860 2592 venatione
2917 2541 3149 2588 venatur
3196 2553 3208 2592 :
3252 2548 3363 2588 non
3405 2533 3552 2589 Petri

1975 2644 2169 2701 opera;
2203 2638 2266 2684 ut
2313 2630 2442 2683 olim
2480 2628 2824 2692 Cornelium,
2854 2627 3032 2698 magis
3068 2634 3249 2681 autem
3290 2626 3373 2680 uti
3420 2641 3552 2695 per-

1975 2729 2281 2777 secutorem
2309 2719 2562 2783 Paulum,
2592 2719 2807 2789 objecta
2834 2734 2932 2774 sua
2967 2717 3174 2788 specie.
3205 2715 3393 2787 itaque
3423 2732 3553 2772 con-

1975 2813 2189 2867 sistenti
2223 2812 2314 2865 diu
2342 2811 2595 2877 Placida3,
2621 2813 2882 2880 cervique
2912 2809 3296 2879 proceritatem
3325 2809 3552 2866 intentis

1975 2902 2152 2957 oculis
2183 2900 2498 2964 demirauti,
2535 2915 2660 2955 cum
2696 2900 2846 2955 illius
2881 2899 3134 2970 capiendi
3171 2900 3319 2954 nulla
3344 2902 3430 2955 via
3454 2915 3552 2955 oc-

1977 3003 2246 3058 curreret,
2303 2991 2580 3061 cjusmodi
2641 2996 2959 3061 portentum
3023 2990 3286 3047 Dominus
3358 2991 3552 3059 edidit,

1974 3083 2120 3154 quod
2147 3081 2369 3153 quidem
2403 3082 2539 3136 nihil
2567 3083 2822 3138 absimile
2848 3083 2962 3138 veri
2984 3093 3086 3150 est,
3121 3097 3221 3138 nec
3253 3083 3425 3153 ipsius
3451 3099 3552 3154 po-

1975 3177 2160 3231 tentiae
2191 3175 2624 3245 magnitudinem
2664 3175 2899 3231 evcedit.
2936 3174 3064 3241 Sed,
3088 3178 3552 3245 quemadmodum

1975 3265 2148 3322 asinae
2177 3265 2398 3320 Balaam
2451 3265 2708 3335 loquendi
2763 3266 2935 3320 indita
2967 3264 3226 3320 facultate
3263 3266 3332 3334 ⁸⁸,
3361 3281 3426 3321 ea
3459 3281 3552 3319 ar-

1974 3359 2111 3431 guit,
2147 3373 2267 3429 quae
2296 3366 2452 3414 vates
2482 3359 2668 3414 animo
2699 3360 2977 3425 versabat,
3009 3357 3302 3415 consimile
3342 3358 3550 3430 aliquid

1975 3458 2108 3506 tunc
2133 3451 2296 3505 etiam
2323 3447 2400 3504 illi
2441 3452 2789 3506 monstravit.
2815 3450 2872 3505 In
2895 3451 3041 3506 cervi
3066 3451 3325 3509 cornibus
3347 3461 3552 3509 sanctae

1974 3522 2156 3596 crucis
2191 3540 2312 3609 ipso
2343 3541 2458 3596 sole
2488 3541 2646 3610 longe
2672 3541 3060 3612 fulgentiorem
3101 3542 3354 3613 ﬁguram,
3386 3554 3549 3615 atque

1973 3633 2117 3687 inter
2145 3645 2354 3686 cornua
2386 3631 2556 3686 divini
2597 3632 2683 3687 sui
2719 3633 2998 3702 corporis,
3045 3634 3194 3704 quod
3226 3651 3325 3705 pro
3358 3645 3550 3692 nostra

1973 3723 2154 3778 salute
2185 3737 2408 3778 sumere
2452 3721 2713 3790 dignatus
2743 3730 2848 3789 est,
2891 3723 3119 3795 etligiem
3163 3725 3426 3793 ostendit;
3462 3726 3549 3780 in—

1973 3815 2198 3884 ditaque
2232 3828 2396 3868 cervo
2430 3827 2565 3868 voce
2597 3813 2862 3881 humana,
2908 3814 2994 3870 his
3047 3813 3326 3871 Placidam
3363 3817 3548 3874 verbis

1973 3903 2269 3974 compellat
2309 3921 2323 3958 :
2359 3901 2502 3969 Quid
2553 3918 2639 3959 me
2698 3906 3084 3975 persequeris,
3141 3905 3406 3964 Placide?
3467 3909 3546 3967 En

1973 3996 2053 4050 tui
2082 4011 2252 4051 causa
2283 3996 2528 4060 aderam,
2573 4011 2771 4066 meque
2805 3998 2900 4053 tibi
2937 3998 3039 4053 hoc
3068 3999 3121 4052 in
3158 4000 3379 4055 animali
3411 4016 3546 4056 con-

1974 4089 2313 4160 spiciendum
2348 4088 2574 4158 pra-31nd.
2602 4088 2712 4157 Ego
2739 4105 2859 4145 sum
2893 4089 3055 4147 Jesus
3078 4090 3356 4160 Christus,
3386 4108 3546 4163 quem

1974 4183 2236 4254 ignorans
2267 4182 2422 4237 colis.
2453 4179 2568 4235 Tua
2601 4197 2730 4252 erga
2762 4197 3037 4252 pauperes
3087 4183 3264 4238 otiicia
3311 4199 3547 4254 conspe-

1974 4274 2088 4328 ctui
2154 4288 2277 4329 meo
2311 4274 2605 4344 praesentia
2667 4273 2912 4328 luerunt.
2978 4274 3347 4339 Quamobrem
3402 4275 3548 4332 istuc

1973 4365 2118 4428 veni,
2150 4371 2205 4419 ut
2256 4379 2354 4434 per
2396 4364 2545 4420 hunc
2587 4381 2807 4421 cervum
2856 4381 2942 4420 me
2995 4367 3362 4434 patefacerem
3425 4370 3545 4439 tibi,

1972 4464 2133 4527 teque
2184 4455 2432 4511 vicissim
2488 4463 2689 4510 venatu
2739 4457 3284 4526 comprehenderem,
3333 4469 3387 4517 et
3434 4463 3550 4518 ειυ..

1973 4549 2190 4603 mentite
2228 4563 2362 4603 mete
2387 4549 2641 4618 indagine
2677 4548 2976 4620 cingerem.
3002 4549 3112 4606 Nec
3143 4552 3288 4606 enim
3329 4569 3546 4626 aequum

1972 4637 2160 4704 fuerit,
2197 4645 2256 4693 ut
2284 4653 2444 4708 quem
2473 4639 2542 4694 ob
2581 4649 2731 4695 recte
2767 4640 3044 4711 probeque
3078 4641 3220 4698 facta
3254 4639 3443 4716 diligo,
3499 4648 3547 4705 is

1974 4732 2318 4788 daemonibus
2352 4731 2608 4802 impuris,
2660 4733 3002 4804 mortuisquc
3035 4742 3088 4790 et
3139 4736 3327 4793 surdis
3368 4738 3543 4794 simu-

1976 4824 2142 4880 lacris
2185 4825 2408 4880 serviat.
2457 4822 2667 4878 Idcirco
2712 4824 2919 4896 quippe
2948 4825 3015 4881 ad
3048 4835 3250 4892 terras,
3282 4841 3342 4884 ea
3380 4845 3546 4899 quam

1975 4915 2157 4971 cernis
2208 4915 2390 4985 specie
2440 4914 2589 4982 veni,
2632 4923 2692 4970 ut
2740 4917 2924 4986 generi
2978 4917 3264 4974 hominum
3313 4922 3548 4978 salutem

1976 5007 2248 5064 aﬂ‘errem.
2291 5027 2310 5061 ›

1977 5098 2164 5156 Sancti
2214 5100 2417 5155 Leontii
2464 5099 2800 5176 illeapolisin
2831 5101 3006 5176 Cypro
3032 5104 3216 5176 insula
3245 5103 3547 5176 [episcopi],

2358 5186 2424 5225 ea:
2455 5170 2590 5225 libro
2621 5188 2655 5226 v
2691 5170 2891 5226 Contrd
2911 5170 3167 5230 'Juda'os.

2047 5281 2068 5316 ι
2109 5263 2354 5334 Agedum
2401 5260 2703 5333 deinceps,
2745 5278 2843 5335 age
2871 5263 2985 5332 jam
3019 5279 3177 5334 aequo
3227 5262 3413 5318 animo
3450 5278 3542 5318 ve-

1970 5352 2296 5409 nerabilium
2346 5351 2647 5421 imaginum
2701 5352 3076 5407 defensionem
3131 5351 3540 5422 aggrediamur,

308 5417 644 5514 “EOGCES’ROJ;
679 5421 1034 5514 ἐμφρασθῶσι
1082 5430 1323 5499 στόματα
1366 5432 1604 5505 ἀνόμων,
1645 5417 1869 5492 λαλούν-

1973 5453 2028 5500 ιιι
2062 5445 2425 5501 ob'struautur
2465 5459 2560 5500 ora
2605 5444 2946 5513 loquentium
2983 5443 3197 5514 iniqua.
3244 5442 3361 5500 Non
3395 5442 3545 5498 enim

307 5523 416 5560 των
463 5507 648 5560 ἄδικοί
683 5510 878 5582 νομικὴ
917 5514 1025 5585 γὰρ
1054 5518 1190 5590 αὕτη
1229 5522 1262 5590 ἡ
1293 5525 1610 5594 παράδοσις,
1642 5529 1734 5583 καὶ
1772 5531 1868 5602 οὐχ

381 5631 427 5663 ⁸⁵
444 5643 606 5700 Num.
636 5662 769 5716 χχιι,
801 5649 890 5706 ‘28.

1977 5536 2263 5598 inventum
2307 5545 2554 5592 nostrum
2591 5536 2724 5591 illud
2752 5543 2856 5602 cst,
2893 5536 2985 5592 sed
3015 5537 3147 5606 legis
3177 5536 3360 5606 potius
3387 5535 3549 5592 iusti-
