4074 6146
567 265 705 334 1383

1731 267 1792 328 S.
1832 266 2154 329 JOANNIS
2192 269 2622 333 DAMASCENI

3685 277 3832 344 138-1

566 387 764 434 tutum.
805 375 940 431 Nam
981 374 1152 430 Deum
1191 374 1370 445 ipsum
1414 375 1540 431 audi
1596 374 1766 449 Moysi
1805 379 2130 449 prwcipien-

2244 384 2506 454 ἡμετέρα.
2569 386 2836 438 Ἀκουσον
2873 384 2981 456 γὰρ
3035 383 3200 440 αὑτοῦ
3236 385 3330 440 τοῦ
3369 387 3507 442 Θεοῦ
3570 389 3833 460 λέγοντος

563 480 696 536 tem,
754 477 815 524 ut
865 469 1112 540 geminas
1162 467 1463 523 Cherubim
1528 468 1796 542 imagines
1854 473 2142 542 sculptiles

576 560 993 628 conﬂatilesque
1038 559 1398 627 fabrefaciat,
1451 553 1650 630 quibus
1704 564 2142 632 propitiatorium

565 653 1014 708 obumbraretur.
1055 651 1294 718 Adhaec,
1341 654 1603 723 templum
1670 652 1940 709 Ezeehicli
1995 654 2141 710 Deus

565 744 828 808 ostendit,
883 744 1032 813 quod
1084 758 1114 796 a
1164 744 1476 813 pavimento
1523 744 1588 798 ad
1649 745 1924 814 laquearis
1984 745 2145 800 fasti.

563 838 735 909 gium,
769 836 1059 906 sculptiles
1094 836 1337 904 leonum,
1370 838 1694 906 palmarum,
1719 839 2138 908 hominumque,

563 940 617 988 et
643 930 943 985 Cherubim
974 931 1141 985 facies
1173 930 1437 987 habuisse
1467 931 1621 986 dicit.
1642 931 1934 988 Terribilis
1960 934 2142 1003 reipsa

565 1023 654 1076 hic
702 1037 884 1078 sermo
932 1029 1040 1077 est.
1087 1023 1228 1076 Deus
1275 1023 1371 1091 qui
1421 1022 1609 1076 lsraeli
1665 1023 1925 1092 injunxit,
1959 1039 2028 1079 ne
2064 1023 2142 1079 rei

563 1114 752 1177 ullius.
783 1111 898 1167 sive
927 1127 1049 1180 quae
1084 1113 1138 1165 in
1167 1113 1350 1176 caelis.
1381 1114 1498 1168 sive
1531 1129 1653 1183 quae
1688 1115 1738 1167 in
1774 1121 1921 1168 terra
1948 1115 2140 1180 fuerit,

563 1204 824 1272 sculptile
846 1204 1166 1273 quodpiam,
1201 1211 1297 1258 aut
1327 1203 1621 1273 imaginem
1660 1205 2144 1262 similitudinemve

566 1293 794 1361 faceret,
848 1296 966 1364 ipse
1016 1294 1187 1365 Moysi
1227 1295 1494 1364 praecipit,
1531 1304 1591 1350 ut
1622 1298 1842 1366 sculpta
1889 1297 2142 1352 animan—

565 1387 660 1448 tia,
717 1386 1039 1452 Cberubim,
1093 1387 1341 1455 inquam,
1400 1386 1649 1442 fabricet.
1699 1387 1957 1456 Quinimo
2006 1390 2142 1447 Eze-

562 1477 726 1532 chieli
762 1479 1022 1547 templum
1068 1484 1360 1542 monstrat,
1406 1479 1760 1550 imaginibus,
1807 1482 2144 1553 sculptisque

563 1565 802 1631 leonum,
865 1565 1197 1635 palmarum,
1244 1576 1299 1622 et
1346 1568 1634 1623 hominum
1687 1571 2000 1628 simulacris
2054 1589 2143 1629 re-

565 1653 784 1709 fertum.
841 1655 1099 1711 Salomon
1143 1657 1270 1711 item
1325 1657 1554 1728 ﬁguram
1591 1659 2144 1731 designationemque

559 1761 627 1800 ex
669 1747 786 1816 lege
821 1754 1127 1814 mutuatus,
1164 1749 1336 1804 aeneis
1377 1749 1564 1815 boum,
1596 1751 1930 1820 palmarum,
1957 1759 2011 1806 et
2041 1751 2141 1806 ho-

561 1838 771 1891 minum
838 1838 1149 1894 simulacris
1205 1840 1424 1908 plenum
1507 1842 1767 1911 templum
1826 1844 2142 1898 exstruxit:

560 1945 738 1999 neque
793 1931 864 1986 ob
922 1930 975 1985 id
1035 1947 1264 2001 usquam
1314 1948 1342 1985 a
1401 1932 1511 1988 Deo
1577 1935 1948 2004 reprehensus
2007 1935 2143 1989 fuit.

561 2020 928 2088 Quamobrem
985 2024 1031 2077 si
1096 2038 1184 2078 me
1235 2034 1457 2094 propter
1504 2025 1770 2095 imagines
1811 2027 2143 2082 condemna-

562 2127 623 2166 re
679 2113 786 2177 vis,
849 2113 1018 2168 Deum
1071 2115 1225 2183 prius
1287 2129 1552 2179 accuses,
1605 2118 1701 2186 qui
1758 2117 1875 2173 haec
1937 2119 2145 2174 idcirco

564 2200 680 2256 ﬁeri
706 2203 909 2272 jussit,
937 2211 996 2258 ut
1030 2203 1206 2274 ipsius
1249 2205 1395 2274 apud
1439 2222 1540 2262 nos
1583 2211 1848 2264 memoria
1887 2225 2144 2280 perseve-

563 2302 732 2348 raret.
783 2311 803 2347 ι

880 2386 1047 2460 374
1081 2387 1331 2459 Ejusdem
1356 2406 1420 2445 ea:
1454 2390 1589 2446 libro
1623 2393 1823 2461 quinto.

637 2496 658 2531 ι
699 2475 867 2534 Nobis
917 2496 1134 2536 rursum
1169 2482 1431 2551 illudunt,
1481 2485 1629 2554 quod
1681 2485 1978 2553 pretiosam
2013 2498 2144 2540 cru-

561 2584 678 2623 cem
719 2568 1045 2640 divinasque
1091 2573 1362 2643 imagines
1409 2574 1787 2645 designemus,
1826 2575 2145 2631 adoremus-

562 2675 698 2730 que,
758 2676 971 2732 nosque
1032 2663 1311 2718 idolorum
1374 2679 1438 2719 ac
1491 2666 1794 2736 ligneorum
1851 2667 2141 2723 numinum

562 2751 800 2809 cultores
829 2761 1049 2818 vocant,
1082 2753 1184 2809 viri
1211 2757 1304 2825 qui
1330 2754 1499 2811 Deum
1531 2757 1753 2812 omnino
1777 2773 1882 2813 non
1915 2766 2118 2814 norunt

561 2843 717 2911 Quod
770 2845 843 2910 si,
896 2854 957 2899 ut
992 2847 1220 2914 asseris,
1256 2848 1452 2916 atbee,
1501 2847 1667 2903 Deum
1704 2851 1943 2921 ligneum
1993 2852 2138 2918 colo,

560 2942 710 2989 certe
738 2936 923 3005 plures
958 2951 1180 3007 quoque
1215 2952 1467 2993 veneror.
1497 2936 1555 2992 Si
1591 2939 1802 3008 plures,
1833 2941 2023 3011 utique
2047 2944 2141 2997 d'e-

2247 474 2384 544 πρὸς
2432 475 2702 540 Μωῦσέα,
2750 478 2966 541 εἰκόνας
3001 477 3092 530 δύο
3116 479 3399 550 Χερουϐὶμ
3429 480 3687 548 γλυπτῶν
3730 486 3834 538 καὶ

2244 566 2532 636 χωνευτῶν
2565 567 2996 630 κατασκευάσαι,
3033 569 3364 633 σκιαζόντων
3390 571 3450 623 τὸ
3485 572 3828 646 ἱλαστήριον.

2243 658 2355 713 Kal.
2399 659 2580 726 πάλιν,
2629 659 2719 712 τὸν
2773 661 2897 714 ναὸν
2952 659 3152 726 ἔδειξεν
3189 665 3217 714 ό
3246 661 3379 726 Θεὸς
3416 663 3490 734 τῷ
3527 665 3828 734 Ἰεζεκιὴλ,

2244 750 2458 817 γλυπτὰ
2512 751 2797 822 πρόσωπα,
2847 753 3031 823 φησὶν,
3066 747 3202 823 εἶχε,
3233 753 3481 821 λεόντων,
3517 757 3614 809 καὶ
3652 761 3828 827 φοινί-

2244 857 2375 904 κων,
2409 838 2503 893 καὶ¹
2526 840 2845 911 ἀνθρώπων,
2881 843 2974 894 καὶ
2995 842 3296 913 Χερουϐὶμ,
3328 844 3438 898 ἀπὸ
3472 846 3564 898 τοῦ
3591 848 3826 918 ἐδάφους

2244 930 2410 984 αὐτοῦ
2440 933 2544 995 ἕως
2583 933 2675 984 τοῦ
2701 931 3063 1003 φατνώματος
3099 933 3202 1003 τῆς
3232 935 3452 1004 στέγης,
3485 939 3697 1003 Ὄντως
3721 960 3825 1008 φο-

2243 1019 2400 1089 ϐερὸς
2432 1022 2460 1074 ὁ
2482 1020 2657 1090 λόγος.
2695 1023 2751 1080 ’0
2772 1021 2916 1088 ,Θεὸς
2949 1023 3323 1094 ἐντειλάμενος
3355 1025 3431 1096 τῷ
3491 1029 3709 1100 Ἰσραὴλ
3745 1030 3821 1100 μὴ

2245 1111 2470 1181 ποιῆσαι
2503 1113 2761 1182 γλυπτδν,
2805 1115 2941 1187 μήτε
2975 1115 3183 1182 εἰκόνα,
3223 1119 3362 1188 μήτε
3385 1119 3663 1189 ὁμοίωμα,
3717 1123 3821 1175 ὅσα

2243 1203 2393 1257 ἐστὶν
2415 1205 2473 1259 ὲν
2492 1204 2570 1275 τῷ
2595 1206 2830 1277 οὐρανῷ,
2854 1207 2951 1260 καὶ
2972 1209 3072 1260 ὅσοι
3099 1209 3245 1261 ἐστὶν
3289 1210 3380 1262 ἐπὶ
3422 1213 3525 1280 τῆς
3569 1213 3692 1281 γῆς,
3724 1214 3823 1266 αύ-

2243 1296 2337 1359 τὸς
2398 1299 2730 1367 προστάσσει
2767 1300 2846 1370 τῷ
2899 1301 3105 1371 Μωῦσῇ
3167 1302 3390 1371 ποιῆσαι
3438 1303 3658 1370 γλυπτὰ
3707 1302 3824 1368 ζῶα

2243 1388 2544 1459 Χερουϐίμ·
2571 1390 2666 1443 καὶ
2692 1390 3041 1462 τῷΊεζεκιὴλ
3058 1393 3242 1462 πλήρη
3267 1395 3488 1448 εἰκόνων
3505 1396 3598 1448 καὶ
3629 1395 3824 1466 ὀνομά-

2241 1497 2350 1534 των
2371 1481 2398 1520 ι’
2447 1481 2725 1549 γλυπτῶν,
2756 1483 3006 1547 λεόντων,
3040 1485 3132 1537 καὶ
3169 1485 3448 1553 φοινίκων,
3479 1488 3573 1540 καὶ
3605 1487 3822 1557 ἀνθρώ-

2245 1589 2382 1637 πων,
2413 1572 2655 1626 δείκνυσι
2687 1573 2776 1627 τὸν
2807 1575 2934 1628 ναὸν
2959 1577 2987 1628 ὁ
3015 1576 3175 1639 Θεόςο
3205 1577 3302 1629 καὶ
3343 1577 3612 1646 Σολομὼν,
3644 1581 3709 1631 ἐκ
3729 1583 3830 1635 νό-

2250 1680 2349 1732 μου
2383 1661 2563 1715 λαϐὼν
2609 1663 2671 1716 τὸ
2718 1664 2976 1734 τύπωμα,
3028 1665 3211 1736 πλήρη
3261 1668 3530 1737 πεποίηκε
3568 1669 3657 1721 τὸν
3695 1669 3826 1723 ναὸν

2245 1754 2461 1825 χαλκῶν
2485 1755 2762 1822 γλυπτῶν,
2815 1758 2974 1826 βοῶν,
3015 1759 3110 1812 καὶ
3154 1760 3412 1826 φοινίκων
3439 1802 3454 1826 ,
3487 1761 3581 1813 καὶ
3607 1760 3822 1831 ἀνθρώ-

2246 1863 2383 1911 πων,
2415 1847 2509 1898 καὶ⁹
2533 1845 2593 1898 οὐ
2624 1847 2978 1918 κατεγνώσθη
3023 1849 3127 1900 ὑπὸ
3174 1849 3266 1902 τοῦ
3295 1849 3430 1903 Θεοῦ
3456 1852 3513 1904 ὲν
3535 1853 3728 1919 τούτῳ.
3761 1851 3824 1904 Εἰ

2243 1936 2424 1989 τοίνυν
2471 1935 2606 2006 ἐμοῦ
2665 1936 3101 2005 καταγινώσκειν
3151 1938 3327 2004 θέλεις
3385 1944 3515 2012 περὶ
3575 1943 3821 2009 εἰκόνων,

2245 2029 2664 2099 προκατάγνωθι
2698 2028 2790 2082 τοῦ
2833 2028 2967 2082 Θεοῦ
3013 2029 3190 2083 ταῦτα
3228 2034 3402 2084 ποιεῖν
3442 2032 3820 2099 κελεύσαντος,

2242 2119 2318 2185 ὼς
2346 2120 2652 2192 ὑπόμνησιν
2684 2117 2849 2174 αὑτοῦ
2883 2114 3024 2175 εἰναι
3063 2119 3198 2192 παρ’
3239 2123 3394 2192 ἡμῖν.
3440 2140 3460 2174 ι

2460 2387 2570 2442 Τοῦ
2599 2387 2807 2452 αὐτοῦ,
2847 2388 2916 2442 ἐκ
2943 2389 3052 2444 τοῦ
3088 2388 3362 2458 πέμπτου
3396 2391 3600 2460 λόγου.

2321 2495 2341 2530 ι
2377 2477 2546 2530 Πάλιν
2578 2478 2724 2548 ἡμᾶς
2756 2477 3104 2542 διαπαίζουσι
3133 2481 3262 2551 περὶ
3300 2479 3393 2534 τοῦ
3431 2483 3614 2551 τιμίου
3649 2500 3826 2539 σταυ-

2247 2569 2361 2640 ροῦ,
2394 2570 2488 2623 καὶ
2516 2557 2628 2639 τῆς
2654 2572 2764 2624 τῶν
2811 2569 3166 2625 θεοτυπὼτων
3194 2573 3420 2626 εἰκόνων
3466 2575 3825 2645 σημειώσεὼς

2240 2678 2300 2714 τε
2323 2661 2416 2716 καὶ
2451 2663 2894 2732 προσκυνήσεως,
2937 2661 3326 2732 εἰδωλολάτρας
3357 2664 3501 2732 ἡμᾶς
3535 2665 3626 2717 καὶ
3659 2666 3824 2729 ξυλο-

2243 2751 2398 2815 θέους
2418 2751 2798 2823 ὀνομάζοντες,
2824 2753 2873 2804 οἰ
2903 2751 3186 2806 πανάθεοι.
3218 2753 3281 2805 Εἰ
3310 2753 3368 2805 δὲ
3401 2753 3645 2818 ξυλόθεός
3677 2757 3824 2825 εἰμι,

2241 2845 2317 2908 ὡς
2338 2845 2537 2914 λέγεις,
2561 2845 2710 2909 ᾶθεε,
2746 2843 2841 2898 καὶ
2869 2842 3130 2908 πολύθεος
3178 2843 3412 2908 πάντως.
3453 2847 3514 2898 Εἰ
3557 2846 3614 2899 δὲ
3648 2848 3828 2901 πολύ-

2242 2934 2382 3000 Θεος,
2435 2936 2602 3006 ἐχρῆν
2638 2952 2706 3006 με
2765 2933 2982 2998 πάντως
3016 2935 3258 3005 ὀμνύντα
3299 2936 3510 3005 λέγειν·
3547 2939 3644 2993 Μὰ
3675 2939 3831 3007 τοὺς

554 3025 789 3096 jerando
840 3027 1054 3096 dixero,
1113 3027 1217 3083 Per
1262 3028 1387 3083 deos
1422 3043 1443 3082 :
1477 3031 1939 3099 quemadmodum
1970 3042 2020 3088 et
2053 3041 2134 3101 tu,

2241 3027 2436 3092 θεοὺς,
2489 3025 2740 3096 καθάπερ
2787 3026 2882 3080 καὶ
2935 3027 3000 3078 σὺ
3029 3026 3124 3078 ἕνα
3161 3026 3300 3097 ὁρῶν
3331 3028 3552 3098 μόσχον,
3590 3029 3782 3097 ἔλεγες
3808 3047 3822 3060 ·

559 3118 838 3187 quondam
869 3119 1104 3173 vitulum
1135 3135 1306 3174 unum
1334 3120 1630 3190 aspiciens,
1660 3121 1848 3177 aiebas
1875 3141 1890 3176 :
1919 3121 1990 3176 Hi
2019 3133 2136 3178 sunt

559 3206 638 3261 dii
687 3209 786 3274 tui,
843 3206 1019 3264 Israel
1069 3210 1136 3264 “.
1179 3211 1248 3264 At
1303 3211 1576 3280 ejusmodi
1624 3211 2010 3282 jusjurandum
2071 3231 2140 3272 ex

559 3314 657 3356 ore
711 3301 1153 3359 Christianorum
1205 3315 1262 3361 te
1315 3307 1594 3364 audivisse
1629 3310 1950 3379 neutiquam
1987 3325 2140 3366 asse-

559 3393 790 3449 veraris.
858 3394 1058 3450 Verum
1114 3397 1378 3456 adulterae
1443 3400 1741 3472 Synagogae
1791 3404 2138 3460 consuetudo

560 3493 666 3551 est,
698 3493 758 3538 ut
803 3487 1187 3557 castissimam
1216 3489 1422 3545 Christi
1456 3489 1792 3560 Ecclesiam,
1819 3509 1920 3550 ceu
1955 3510 2137 3552 mere-

563 3575 754 3629 tricem
787 3575 1035 3632 infamet.
1074 3595 1093 3628 ι
1681 3646 1684 3648 γ

635 3665 915 3735 Ejusdem.
955 3687 973 3720 ι
1013 3667 1201 3739 Neque
1227 3672 1372 3727 enim
1396 3682 1710 3746 sanctorum
1741 3674 1966 3743 formas,
2003 3675 2140 3730 ima-

562 3757 716 3830 gines
747 3767 800 3814 et
833 3759 1033 3830 ﬁguras
1079 3764 1159 3816 uti
1193 3764 1330 3821 deos
1391 3768 1707 3824 adoramus.
1753 3767 1886 3822 Nam
1930 3771 1976 3824 si
2017 3776 2140 3824 tan-

562 3864 726 3918 quam
761 3849 930 3904 Deum
961 3851 1196 3923 ligneam
1246 3857 1538 3928 imaginem
1569 3858 1948 3925 adoraremus,
1983 3875 2140 3914 eum-

563 3938 685 3993 dem
717 3938 946 3993 omnino
977 3941 1185 3996 cultum
1231 3946 1465 4015 reliquis
1503 3949 1669 4002 etiam
1705 3948 1872 4017 lignis
1909 3948 2137 4004 exhibe-

561 4045 780 4109 remus,
816 4047 1016 4102 neque,
1046 4043 1104 4090 ut
1133 4051 1280 4106 saepe
1307 4039 1601 4109 contingit,
1636 4040 1930 4110 imaginem
1965 4039 2138 4098 forma

560 4124 734 4180 deleta
783 4126 1258 4183 combureremus.
1300 4128 1366 4182 Et
1399 4145 1641 4196 rursum,
1694 4131 1938 4202 quandiu
1991 4132 2139 4203 ligna

559 4217 742 4274 crucis
806 4227 1060 4289 coaptata
1135 4229 1383 4286 manent,
1453 4220 1685 4276 formam
1760 4223 1910 4277 illam
1965 4225 2136 4280 adoro

558 4321 780 4381 propter
808 4326 932 4367 eum
966 4314 1057 4382 qui
1095 4313 1400 4368 cruciﬁxus
1431 4312 1568 4368 fuit:
1603 4313 1693 4368 ubi
1727 4329 1854 4370 vero
1885 4315 2136 4384 seiuncta

2244 3114 2419 3174 οὗτοι
2455 3119 2511 3170 οὶ
2550 3116 2672 3171 θέοι
2715 3130 2857 3182 σου,
2893 3115 3167 3186 Ἰσραήλ·
3200 3117 3319 3171 ἀλλ’
3375 3119 3475 3172 οὐκ
3527 3118 3827 3191 ἀξιωθείης

2237 3211 2398 3266 τοῦτο
2445 3212 2594 3282 παρὰ
2641 3211 2982 3282 Χριστιανῶν
3034 3213 3320 3281 στομάτων
3359 3212 3595 3267 ἀκοῦσαί
3643 3231 3818 3268 ποτε·

2239 3303 2354 3358 ἀλλ’
2380 3303 2612 3357 εἰθισται
2641 3305 2729 3358 ἀεὶ
2759 3305 2792 3375 ὴ
2825 3302 3074 3374 μοιχαλὶς
3100 3304 3194 3356 καὶ
3221 3303 3450 3367 ἄπιστος
3493 3304 3820 3376 Συναγωγή,

2239 3395 2336 3466 τὴν
2382 3397 2752 3468 πανσὼφρονα
2799 3393 3039 3467 Χριστοῦ
3092 3393 3447 3466 Ἐκκλησίαν,
3481 3392 3558 3458 ὡς
3603 3394 3820 3468 πόρνην

2238 3484 2597 3556 διαγορεύειν.
2630 3503 2651 3537 ι

2313 3665 2424 3721 Τοῦ
2459 3663 2661 3719 αὐτοῦ.
2689 3681 2710 3715 ι
2748 3661 2881 3718 Οὐδὲ
2906 3660 3015 3732 γὰρ
3042 3661 3175 3732 παρ’
3201 3659 3380 3731 ἡμῶν,
3401 3659 3480 3722 ὼς
3506 3658 3620 3713 Θεοὶ
3647 3676 3819 3730 προσ-

2239 3757 2524 3810 κυνοῦνται
2565 3755 2616 3806 οἱ
2664 3753 2773 3805 τῶν
2825 3751 2997 3818 ἁγίων
3035 3747 3400 3819 χαρακτῆρες,
3455 3746 3550 3798 καί
3584 3746 3814 3810 εἰκόνες,

2239 3847 2333 3902 καὶ
2361 3847 2542 3900 τύποι.
2587 3846 2649 3897 Εἰ
2681 3844 2790 3914 γὰρ
2816 3842 2890 3906 ὠς
2922 3841 3042 3912 Θεῷ
3076 3836 3517 3913 προσεκυνοῦμεν
3550 3837 3626 3906 τῷ
3669 3837 3819 3907 ξύλῳ

2237 3938 2338 4009 τῆς
2374 3937 2601 4003 εἰκόνος,
2660 3934 2963 4005 ἐμέλλομεν
3020 3932 3232 3993 πάντως
3288 3929 3378 3981 καὶ
3423 3929 3538 3990 τοῖς
3598 3927 3818 3992 λοιποῖς

2239 4028 2566 4099 προσκυνεῖν
2603 4025 2799 4090 ξύλοις,
2836 4023 2932 4078 καὶ
2951 4023 3050 4094 οὐχ
3080 4023 3154 4086 ὡς
3183 4020 3456 4082 πολλάκις,
3487 4017 3817 4080 λεανθέντος

2236 4117 2330 4172 τοῦ
2365 4116 2745 4188 χαρακτῆρος,
2791 4112 2870 4184 τῷ
2909 4113 3043 4183 πυρί
3074 4112 3172 4181 τὴν
3215 4108 3395 4163 εἰκόνα
3422 4105 3812 4178 κατεκαίομεν.

2238 4211 2349 4266 Καὶ
2378 4209 2562 4276 πάλιν,
2597 4210 2702 4270 ἕως
2738 4207 2838 4278 μὲν
2886 4207 3001 4259 ἐστι
3041 4201 3397 4274 συνδεδεμένα
3435 4201 3504 4253 τὰ
3547 4199 3681 4268 ξύλα
3717 4199 3813 4253 τοῦ

2240 4299 2500 4372 σταυροῦ,
2532 4298 2825 4370 προσκυνῶ
2845 4295 2935 4349 τὸν
2957 4295 3126 4350 τύπον
3153 4293 3241 4347 διὰ
3269 4293 3362 4345 τὸν
3391 4293 3448 4344 ὲν
3472 4291 3621 4360 αὐτῷ
3651 4307 3813 4342 σταυ-

559 4378 785 4469 fuerint,
820 4378 1008 4459 eadem
1047 4405 1249 4477 abjicio
1280 4415 1444 4477 atque
1467 4406 1752 4461 comburo.
1780 4406 1847 4461 Et
1871 4378 2135 4478 quemad-

2241 4390 2481 4464 ρωθέντα
2505 4389 2761 4460 Χριστὸν,
2799 4385 2935 4440 ἐπὰν
2979 4385 3037 4440 δὲ
3061 4381 3409 4455 διαιρεθῶσιν
3447 4381 3508 4446 ἐξ
3543 4379 3811 4478 ἀλλήλων,

560 4496 803 4561 modum,
828 4497 921 4567 qui
955 4497 1308 4569 imperatoris
1333 4497 1573 4556 edictum
1603 4497 1953 4570 obsignatum
1986 4499 2136 4554 acci-

559 4589 659 4658 pit,
694 4586 1043 4656 sigillumque
1075 4590 1383 4656 osculatur,
1413 4589 1460 4644 is
1491 4602 1600 4642 non
1631 4589 1827 4652 lutum,
1857 4587 2137 4642 chartam-

559 4693 646 4738 ve,
685 4683 779 4730 aut
810 4677 1096 4745 plumbum
1122 4686 1442 4745 veneratur,
1477 4679 1572 4734 sed
1609 4677 1924 4748 imperatori
1951 4678 2135 4746 potius

559 4765 825 4820 honorem
860 4762 1041 4819 defert
1074 4773 1130 4820 et
1170 4766 1592 4834 adorationcm;
1629 4767 1712 4824 sic
1759 4781 1863 4823 nos
1911 4781 2133 4837 quoque

557 4853 885 4919 Christiani,
938 4854 1120 4910 crucis
1181 4855 1415 4912 formam
1473 4857 1782 4923 adorando,
1835 4872 1948 4912 non
2003 4856 2136 4928 ligni

558 4947 870 5013 materiam,
931 4947 1029 5002 sed
1093 4951 1269 5022 magis
1319 4952 1692 5021 signaculum,
1751 4950 2013 5005 annulum
2082 4957 2138 5005 et

559 5041 935 5116 characterem
980 5038 1188 5096 Christi
1240 5042 1421 5112 ipsius
1470 5041 1859 5111 respicientes,
1897 5055 1994 5109 per
2044 5055 2138 5096 ca-

556 5131 679 5186 dem
734 5131 886 5187 illum
934 5133 1031 5206 qui
1080 5131 1233 5188 cruci
1287 5129 1481 5186 atlixus
1539 5129 1665 5196 fuit,
1725 5129 2035 5187 salutamus
2082 5140 2140 5188 et

557 5225 874 5283 adoramus.
903 5244 924 5279 ι

629 5440 672 5470 ’⁸
703 5449 872 5505 Exod.
901 5467 1077 5514 χχχιι,
1104 5451 1156 5509 4.

2241 4484 2420 4554 ρἰτω
2470 4479 2614 4534 αὐτὰ
2658 4480 2752 4534 καὶ
2786 4477 3090 4534 κατακαίω.
3145 4475 3259 4529 Καὶ
3289 4473 3481 4546 ῶσπερ
3510 4475 3538 4526 ὁ
3569 4472 3814 4524 κέλευσεν

2239 4575 2505 4649 βασιλέως
2533 4573 2824 4644 δεξάμενος
2848 4569 3318 4642 ὲσφραγισμένην,
3350 4568 3444 4621 καὶ
3489 4564 3817 4633 ἀσπασάμε-

2238 4687 2327 4734 νος
2354 4669 2452 4741 τὴν
2486 4667 2780 4738 σφραγίδα,
2801 4665 2862 4718 οὐ
2881 4663 2971 4717 τὸν
2993 4661 3163 4733 πηλὸν
3180 4661 3458 4732 ἐτίμησεν,
3481 4660 3541 4712 ού
3568 4659 3654 4712 τὸν
3674 4656 3818 4727 χάρ-

2236 4779 2358 4832 την,
2393 4761 2427 4831 ἢ
2476 4758 2567 4812 τὸν
2619 4756 2884 4829 μόλιϐδον,
2918 4753 3054 4808 ἀλλὰ
3104 4752 3180 4824 τῷ
3215 4751 3427 4822 βασιλεί
3459 4752 3721 4817 ἀπένειμε
3751 4747 3820 4800 τὸ

2239 4853 2406 4915 σέϐας
2455 4851 2550 4904 καὶ
2578 4849 2678 4922 τὴν
2717 4847 3089 4920 προσκύνησιν
3113 4861 3127 4877 ο
3173 4843 3317 4898 οὕτω
3348 4841 3440 4896 καί
3472 4839 3822 4911 Χριστιανῶν

2234 4945 2458 5008 παῖδες,
2500 4940 2578 5012 τῷ
2604 4939 2760 5009 τύπῳ
2808 4937 2904 4992 τοῦ
2952 4935 3190 5007 σταυροῦ
3242 4931 3708 5005 προσκυνοῦντες,
3749 4929 3816 4981 οὐ

2233 5037 2333 5106 τὴν
2371 5033 2532 5105 φύσιν
2563 5031 2656 5086 τοῦ
2687 5029 2843 5098 ξύλου
2875 5026 3314 5099 προσκυνοῦμεν,
3353 5023 3491 5079 ἀλλὰ
3521 5020 3820 5092 σφραγῖδα,

2234 5127 2331 5182 καὶ
2356 5123 2664 5187 δακτύλιον,
2695 5122 2790 5176 καὶ
2832 5122 3156 5192 χαρακτῆρα
3191 5115 3428 5188 Χριστοῦ
3482 5111 3648 5167 αὐτοῦ
3706 5111 3826 5181 βλέ-

2243 5234 2456 5284 ποντες,
2481 5216 2548 5270 δι’
2580 5213 2745 5268 αὐτοῦ
2780 5213 2870 5267 τὸν
2890 5216 2948 5267 ὲν
2976 5211 3124 5283 αὐτῷ
3159 5206 3542 5282 σταυρωθέντα
3575 5201 3828 5266 ἀσπαζό-

2247 5308 2389 5380 μεθα
2417 5307 2511 5362 καὶ
2534 5303 2968 5378 προσκυνοῦμεν.
3011 5321 3028 5354 ι

1837 5538 2066 5593 νΛῐὶΙΑΞ
2105 5535 2507 5593 LECTIONES.

631 5671 657 5711 δ
681 5672 828 5745 Lego
853 5679 1234 5748 ὁμοιωμάτων,
1269 5688 1324 5732 ιιι
1361 5676 1529 5732 Zinus
1557 5684 1608 5730 et
1640 5674 1800 5729 Tilm.
1843 5685 1898 5728 et
1927 5673 1980 5727 in
2013 5678 2120 5727 act.
2149 5673 2180 5727 ’1
2219 5684 2342 5742 syn.
