4074 6146
375 264 511 330 1385

1467 267 1565 328 DE
1603 256 2383 331 IMAGINIBUSDRATIO
2414 242 2536 315 III.

3489 256 3624 319 1386

448 370 559 426 Τοῦ
588 367 792 425 αὑτοῦ.
815 385 835 421 ι
857 370 969 424 Kal.
994 368 1083 423 διὰ
1107 363 1274 420 τοῦτο
1309 368 1565 441 Χριστὸν,
1591 372 1687 425 καὶ
1717 371 1789 425 τὰ
1812 373 1948 443 Χρι-

2128 366 2404 435 Ejusdem,
2446 373 2468 408 ι
2503 352 2684 428 Atque
2736 373 2856 415 eam
2915 359 2985 414 ob
3035 371 3260 414 causam
3313 354 3623 424 Christum,

375 461 500 514 στοῦ
532 459 678 531 πάθη
697 497 714 523 ,
744 459 803 512 ὲν
844 459 1186 531 ἐκκλησίαις,
1223 459 1317 512 καὶ
1354 459 1543 524 οἴκοις,
1570 460 1667 517 καὶ
1701 461 1948 530 ἀγοραῖς,

373 554 465 605 καὶ
494 552 553 602 ὲν
576 550 768 615 είκόσι,
809 550 906 603 καλ⁵
925 549 983 601 ὲν
1019 547 1243 616 σινδόνι,
1278 551 1372 603 καὶ
1398 551 1456 604 ὲν
1485 550 1759 622 ταμείοις,
1780 551 1876 605 καὶ
1894 552 1953 605 ὲν

375 641 631 711 ἱματίοις,
664 641 759 695 καὶ
792 642 852 694 ὲν
882 641 1046 693 παντὶ
1076 640 1227 710 τόπῳ
1262 639 1486 693 ὲκτυπῶ
1518 640 1614 694 καὶ
1642 640 1951 712 διαγράφω,

375 734 461 786 ἵνα
490 732 756 799 διηνεκῶς
784 732 926 803 ὁρῶν
952 731 1148 796 ταῦτα,
1174 731 1712 801 ἀναμιμνήσκωμαι,
1751 732 1846 784 καὶ
1879 733 1954 802 μὴ

376 823 745 894 ἐπιλάθωμαι,
799 823 989 893 ὥσπερ
1028 825 1094 878 σὺ
1140 821 1407 876 ἐπελάθου
1454 822 1662 894 Κυρίου
1696 821 1792 876 τοῦ
1818 821 1956 879 Θεοῦ

378 932 473 969 σου
501 914 605 969 ἀεί.
644 915 756 970 Καὶ
783 913 971 987 ὥσπερ
995 915 1060 967 σὺ
1092 912 1415 984 προσκυνῶν
1435 913 1496 967 τὸ
1526 913 1732 984 βιϐλίον
1756 914 1852 968 τοῦ
1872 914 1959 967 νό-

382 1022 509 1075 μου,
539 1006 601 1058 ού
638 1005 739 1074 τὴν
767 1005 929 1073 φύσιν
973 1004 1085 1059 τῶν
1129 1005 1416 1076 δερμάτων
1464 1004 1561 1063 καὶ
1599 1004 1695 1059 τοῦ
1730 1004 1960 1076 μέλανος

381 1097 733 1167 προσκυνεῖς,
767 1094 905 1148 ἀλλά
929 1097 1056 1159 τοὺς
1089 1095 1282 1164 λόγους
1319 1094 1416 1149 τοῦ
1457 1095 1594 1150 Θεοῦ
1627 1097 1755 1159 τοὺς
1776 1098 1961 1166 ἐγκει-

384 1187 580 1258 μένους
609 1187 668 1240 iv
699 1185 869 1257 αὐτῷ,
909 1185 1083 1245 οὕτως
1112 1186 1268 1254 κάγὼ
1292 1189 1358 1258 τῇ
1389 1188 1561 1242 εἰκόνι
1592 1187 1687 1241 τοῦ
1718 1188 1960 1259 Χριστοῦ

382 1275 704 1346 προσκυνῶ,
738 1277 799 1331 οὐ
833 1280 902 1350 τῇ
940 1277 1101 1345 φύσει
1126 1277 1222 1330 τοῦ
1263 1277 1421 1343 ξύλου
1451 1280 1545 1332 καὶ⁵
1578 1280 1689 1333 τῶν
1734 1280 1963 1351 χρωμά-

382 1383 524 1421 των’
561 1367 637 1438 μὴ
668 1367 915 1438 γένοιτοί
962 1367 1078 1423 ἀλλ’
1128 1367 1324 1440 ἀψύχῳ
1371 1370 1680 1440 χαρακτῆρι
1726 1368 1963 1441 Χριστοῦ

386 1456 729 1527 προσκυνῶν,
760 1457 828 1511 δι’
868 1456 1036 1511 αὐτοῦ
1057 1498 1072 1523 ,
1117 1459 1279 1512 αὐτὸν
1312 1459 1547 1531 Χριστὸν
1571 1461 1714 1514 δοκῶ
1747 1462 1965 1531 κρατεῖν

387 1546 480 1601 καὶ
500 1550 848 1619 προσκυνεῖν.
871 1549 982 1604 Καὶ
1008 1548 1198 1621 ὥσπερ
1240 1549 1436 1605 Ἰακὼϐ
1478 1550 1773 1622 δεξάμενος
1815 1550 1967 1621 παρὰ

387 1639 494 1695 τῶν
533 1640 780 1709 ἀδελφῶν
818 1641 915 1694 τοῦ
981 1640 1181 1712 Ἰωσὴφ
1209 1640 1301 1693 τὸν
1330 1640 1533 1711 χιτῶνα
1576 1640 1667 1695 τὸν
1719 1641 1964 1695 ποικίλον

2052 455 2372 523 Christique
2425 448 2739 521 passionem
2787 450 2842 503 in
2890 448 3165 513 ecclesiis,
3199 449 3255 503 in
3305 449 3538 516 aedibus,
3571 451 3625 504 in

2055 547 2216 610 foris,
2268 546 2323 599 in
2374 542 2600 609 tabulis,
2649 542 2703 597 in
2748 542 2966 605 linteis,
3024 541 3078 595 in
3126 541 3411 597 cubilibus
3460 551 3518 598 et
3569 543 3627 597 in

2054 642 2329 704 vestibus,
2371 648 2538 709 atque
2580 638 2635 693 in
2681 637 2832 692 omni
2865 636 2990 691 loco
3014 637 3264 706 exprime
3288 644 3341 692 et
3372 636 3626 707 designo,

2055 742 2117 787 ut
2169 746 2265 802 per
2322 730 2642 785 continuam
2709 728 3234 791 considerationem,
3307 729 3630 784 memoriam

2055 836 2246 879 eorum
2283 819 2670 891 perfricemus,
2706 834 2809 873 nec
2841 833 3082 889 unquam
3117 818 3529 885 obliviscamur,
3574 829 3632 874 ut

2057 921 2116 967 tu
2157 928 2372 982 semper
2424 912 2631 967 oblitus
2683 927 2743 966 es
2808 911 3026 965 Domini
3079 911 3175 967 Dei
3222 911 3323 966 tui.
3373 906 3634 976 Quinimo

2058 1004 2249 1069 veluti,
2285 1018 2411 1058 cum
2447 1003 2699 1057 volumen
2747 1003 2884 1073 legis
2938 1003 3171 1067 adoras,
3218 1018 3327 1057 non
3365 1003 3635 1057 membra—

2061 1111 2256 1150 narum
2286 1105 2342 1151 et
2381 1096 2674 1149 atramenti
2706 1105 2963 1149 naturam
3004 1095 3229 1159 adoras,
3258 1097 3353 1150 sed
3392 1094 3486 1150 Dei
3514 1109 3636 1151 ser-

2064 1205 2255 1246 mones
2307 1191 2402 1259 qui
2454 1191 2511 1245 in
2551 1205 2619 1246 eo
2674 1190 2866 1260 scripti
2920 1198 3083 1257 sunt;
3146 1190 3420 1245 consimili
3474 1188 3638 1243 modo

2062 1279 2269 1336 Christi
2328 1280 2624 1350 imaginem
2679 1279 2873 1342 adoro,
2931 1293 3276 1349 nequaquam
3329 1293 3458 1333 vero
3505 1279 3639 1347 ligni

2064 1372 2386 1426 colorumvc
2420 1380 2713 1437 naturam;
2752 1371 2930 1426 absit!
2965 1370 3062 1426 sed
3098 1369 3399 1424 inanimam
3428 1368 3636 1425 Christi

2067 1460 2297 1529 ﬁguram
2332 1459 2593 1521 adorans,
2638 1473 2734 1528 per
2777 1472 2897 1512 eam
2941 1456 3078 1511 mihi
3128 1457 3321 1512 videor
3348 1456 3643 1528 ipsummet
3701 1496 3703 1499 τ

2067 1550 2349 1606 Christum
2404 1548 2695 1618 complecti
2747 1559 2796 1602 et
2838 1548 3090 1602 adorare.
3140 1550 3210 1600 At
3257 1547 3401 1602 sicut
3446 1546 3640 1609 Iacob.

2068 1654 2194 1694 cum
2228 1656 2258 1692 a
2290 1637 2514 1708 Iosephi
2558 1637 2823 1693 fratribus
2871 1639 2964 1707 qui
3020 1638 3201 1707 ipsum
3252 1637 3638 1703 vendiderant,

389 1730 726 1799 ᾑμαγμένον,
763 1732 853 1785 ὅτε
885 1731 1201 1802 ἑπίπρασαν
1224 1731 1313 1785 τὸν
1349 1730 1549 1803 Ἰωσὴφ
1569 1770 1585 1794 ,
1631 1731 1963 1801 κατεφίλησε

2074 1732 2274 1786 νοτίοιο
2309 1729 2555 1797 ejusdem
2587 1728 2834 1783 tunicam
2869 1728 3138 1799 sanguine
3168 1738 3455 1783 cruentam
3488 1743 3642 1783 recc-

388 1815 603 1881 πάντως
647 1821 737 1872 τὸν
779 1819 984 1891 χιτῶνα
1013 1822 1151 1892 μετά
1183 1820 1458 1891 δακρύων,
1502 1821 1596 1874 καὶ
1624 1823 1734 1884 τοῖς
1765 1821 1965 1890 ὀφθαλ-

389 1907 507 1974 μοῖς
532 1909 645 1970 τοῖς
675 1907 823 1971 ίδίοις
848 1907 1040 1963 τοῦτον
1062 1909 1278 1979 έθηκεν,
1308 1911 1368 1963 ού
1390 1909 1451 1962 τὸ
1483 1909 1700 1979 ἱμάτιον
1726 1908 1963 1979 θρηνῶν,

386 1995 524 2050 ἁλλά
554 1997 621 2049 δι’
648 1998 816 2051 αὑτοῦ
859 1999 951 2052 τὸν
1002 2000 1201 2071 Ἰωσὴφ
1230 2000 1468 2069 νομίζων
1501 2000 1843 2068 καταφιλεῖν,
1874 2001 1969 2054 καὶ

386 2086 446 2139 ἐν
474 2087 660 2156 χερσὶν
690 2088 852 2141 αὑτὸν
873 2089 1149 2160 κατέχειν·
1171 2090 1315 2143 οὕτω
1342 2091 1436 2144 καὶ
1466 2090 1809 2160 Χριστιανῶν
1837 2092 1967 2143 παῖο

386 2177 476 2239 δες
538 2176 725 2230 είκόνα
754 2177 1017 2248 Χριστοῦ,
1042 2178 1075 2249 ἦ
1099 2180 1421 2244 ἀποστόλου,
1445 2180 1478 2251 ἢ
1507 2181 1783 2251 μάρτυρος
1837 2197 1970 2233 κατ’

387 2266 759 2337 ασπαζόμενοι
778 2270 844 2339 τῇ
876 2270 1137 2341 σαρκὶ,τῇ
1153 2271 1300 2342 ψυχῇ
1322 2271 1618 2341 νομίζομεν
1641 2271 1805 2325 αὑτὸν
1831 2272 1972 2324 ἐκεῖ·

387 2370 477 2410 νον
514 2356 605 2409 τὸν
680 2357 937 2428 Χριστὸν,
983 2357 1017 2430 ἢ
1054 2359 1145 2412 τὸν
1186 2360 1443 2431 μάρτυρα
1509 2360 1675 2414 αὐτοῦ
1729 2360 1973 2426 ἀσπάζε-

391 2442 609 2505 σθαιμι.
627 2446 718 2511 Ὠς
737 2446 871 2516 γοῦν
902 2448 1161 2513 πολλάκις
1182 2447 1357 2515 εἷπον,
1380 2452 1409 2502 ό
1436 2451 1638 2515 σκοπὸς
1658 2450 1972 2516 ἐξετάζεται

388 2532 480 2589 ἐπὶ
505 2536 705 2600 παντὸς
725 2537 1042 2610 ἀσπασμοῦ,
1060 2541 1157 2593 καὶ
1182 2541 1276 2593 ἐπὶ
1305 2540 1489 2612 πάσης
1519 2543 1970 2611 προσκυνήσεως.

389 2627 453 2680 Et
475 2626 535 2680 δὲ
571 2628 696 2697 ἐμοὶ
737 2629 1011 2697 ἐγκαλεῖς,
1060 2630 1256 2701 λέγων,
1288 2632 1371 2686 ὃτι
1401 2634 1697 2706 προσκυνῶ
1722 2633 1803 2704 τῷ
1832 2632 1975 2705 ξύλῳ

388 2717 484 2771 τοῦ
518 2718 776 2788 σταυροῦ,
810 2720 900 2775 διὰ
931 2722 985 2774 τί
1028 2723 1130 2776 οὐκ
1151 2724 1400 2792 ἐγκαλεῖς
1441 2724 1517 2795 τῷ
1559 2723 1778 2790 Ἰακὼϐ,
1814 2743 1977 2797 προσ-

392 2810 686 2880 κυνήσαντι
736 2811 830 2862 ἐπὶ
884 2812 945 2863 τὸ
981 2812 1152 2884 ἀκρον
1201 2815 1302 2883 τῆς
1354 2815 1552 2884 ῥάϐδου
1598 2815 1693 2870 τοῦ
1735 2817 1974 2888 Ἰωσήφς

406 2898 568 2953 Ἀλλά
598 2899 885 2971 πρόδηλον,
918 2902 999 2955 ὅτι
1038 2903 1101 2954 ού
1138 2900 1200 2955 τὸ
1230 2903 1385 2969 ξύλον
1421 2906 1598 2976 τιμῶν
1629 2907 1977 2977 προσεκύνη-

396 3006 513 3057 σεν,
545 2990 680 3045 ἀλλὰ
713 2990 805 3044 διά
833 2991 928 3044 τοῦ
981 2991 1139 3058 ξύλου
1173 2993 1250 3064 τῷ
1310 2994 1509 3064 Ἰωσὴφ
1544 2996 1974 3069 προσεκύνησεν,

395 3082 588 3153 ὥσπερ
627 3085 720 3137 καὶ
754 3087 917 3155 ἡμεῖς
946 3086 1034 3137 διά
1057 3084 1153 3138 τοῦ
1188 3087 1424 3158 σταυροῦ
1452 3087 1531 3158 τῷ
1557 3088 1799 3158 Χριστῷ.
1821 3090 1977 3144 Ἐπεὶ

396 3172 490 3224 καὶ
527 3172 777 3244 Ἀϐραὰμ
801 3175 911 3234 τοῖς
950 3172 1268 3243 πωλήσασιν
1297 3174 1449 3246 αύτῷ
1468 3176 1559 3231 τὸν
1581 3176 1753 3244 τάφον
1777 3178 1978 3248 ἀνδρά-

397 3280 483 3317 σιν
507 3265 728 3320 ἀσεϐέσι
756 3267 1158 3337 προσεκύνησε,
1199 3267 1294 3322 καὶ
1324 3266 1454 3335 γόνυ
1480 3266 1727 3337 ἔκαμψεν
1762 3269 1854 3321 ἐπὶ
1880 3272 1979 3339 τὴν

396 3353 524 3425 γῆν,
573 3356 813 3427 ἀλλὀὐχ
845 3358 921 3421 ὡς
963 3358 1119 3420 θεοὺς
1173 3358 1371 3420 αὐτοὺς
1418 3358 1822 3428 προσεκύνησε.
1868 3360 1980 3412 Καὶ

399 3444 582 3511 πάλιν,
625 3447 653 3498 ό
707 3445 901 3499 Ἰακὼϐ
942 3447 1035 3500 τὸν
1081 3445 1279 3516 Φαραὼ
1307 3446 1611 3517 ηύλόγησεν
1634 3489 1649 3513 ,
1678 3448 1851 3518 ἀσεϐῆ
1885 3451 1980 3503 καὶ¹

399 3535 790 3607 είδωλολάτρην
830 3537 977 3602 ὄντα,
1013 3536 1222 3590 καὶτὸν
1267 3537 1438 3591 Ἰισαῦ
1468 3537 1719 3603 ἑπτάκις,
1745 3539 1860 3593 ἀλλ’
1883 3541 1980 3611 οὐχ

398 3626 473 3691 ὡς
495 3627 651 3682 Θεόν.
687 3628 784 3680 Ἰδὲ
813 3629 1010 3691 πόσους
1039 3629 1366 3699 ἀσπασμοὺς
1395 3629 1491 3683 καὶ
1536 3630 1708 3694 πόσας
1738 3648 1978 3701 προσκυ-

399 3717 584 3789 νήσεις
624 3718 879 3785 ἀπέδειξά
933 3737 1037 3779 σοι,
1071 3720 1346 3791 γραφικάς
1395 3737 1455 3773 τε
1494 3721 1589 3773 καὶ
1612 3721 1872 3789 φυσικὰς,
1902 3723 1979 3793 μὴ

399 3808 627 3880 ἐχούσας
661 3811 1032 3880 κατάγνωσιν;
1075 3812 1177 3881 ἐμὲ
1200 3811 1256 3864 δὲ
1289 3812 1428 3865 ὲπάν
1462 3811 1579 3884 ῖδῃς
1619 3813 1807 3867 εἰκόνα
1844 3815 1982 3883 Χρι-

401 3899 549 3962 στοῦ,
580 3899 612 3970 ἢ
643 3902 744 3971 τῆς
777 3902 1053 3970 πανάγνου
1084 3900 1248 3955 αὐτοῦ
1279 3900 1521 3972 Μητρὸς,
1554 3900 1588 3973 ἢ
1616 3902 1773 3971 άγίου
1808 3920 1981 3974 προσ-

401 3990 689 4055 κυνοῦντα,
724 3993 1051 4061 ἀγανακτεῖς
1094 3992 1319 4057 εὐθέως,
1352 3993 1448 4045 καὶ¹
1489 3992 1852 4065 βλασφημεῖς,
1888 3996 1982 4050 καὶ

400 4081 706 4151 ἀποπηδᾷς,
734 4084 829 4136 καὶ
861 4082 1259 4154 είδωλολάτρην
1305 4100 1373 4153 με
1403 4083 1721 4151 ἀποκαλεῖς,
1743 4085 1838 4139 καὶ
1882 4087 1983 4141 οὐκ

401 4173 662 4244 αίσχύνῃ;
691 4175 785 4227 καλ⁸
821 4175 1084 4246 φρίττεις,
1132 4176 1229 4229 καὶ
1271 4176 1554 4247 ἐρυθριᾷς,
1579 4176 1722 4248 όρῶν
1751 4195 1820 4248 με
1857 4180 1982 4232 καθ’

404 4262 641 4331 ἑκάστην
666 4261 878 4332 ἡμέραν
900 4263 957 4315 ὲν
978 4263 1128 4336 πάσῃ
1152 4266 1215 4335 τῇ
1238 4264 1534 4336 οἰκουμένῃ
1559 4265 1721 4329 ναοὺς
1749 4266 1982 4322 εἰδώλων

2068 1824 2259 1893 ρὶςεοι.
2287 1812 2432 1875 hanc
2464 1835 2589 1875 cum
2631 1820 2893 1890 lacrymis
2923 1820 3295 1886 deosculatus,
3326 1819 3503 1874 oculis
3526 1819 3644 1874 suis

2066 1914 2364 1984 apposuit;
2420 1927 2531 1966 non
2584 1911 2744 1981 quasi
2795 1911 3038 1965 tunicam
3096 1911 3188 1966 ille
3242 1910 3488 1976 deﬁeret,
3547 1908 3645 1965 sed

2066 2005 2215 2073 quod
2242 2020 2337 2074 per
2366 2020 2485 2060 eam
2516 2002 2819 2074 Iosephnm
2855 2003 3030 2072 ipsum
3075 2002 3343 2066 osculari,
3377 2011 3433 2057 et
3469 2002 3650 2055 mani-

2068 2096 2172 2151 bus
2199 2094 2492 2164 complccti
2525 2093 2630 2149 sibi
2673 2093 2952 2146 videretur
2982 2092 3026 2124 ⁸⁷
3064 2110 3080 2146 :
3116 2093 3199 2148 sic
3246 2102 3303 2147 et
3349 2107 3451 2148 nos
3479 2090 3647 2147 Cbri-

2070 2186 2236 2242 stiani
2274 2185 2570 2255 imaginem
2611 2184 2846 2254 apostoli
2891 2183 3222 2253 martyrisve
3257 2185 3465 2239 carnali
3494 2200 3649 2241 more

2070 2277 2528 2348 eomplectentes,
2551 2275 2738 2330 animo
2762 2282 3080 2345 reputamus
3111 2291 3232 2340 nos,
3254 2275 3336 2330 vel
3365 2275 3648 2332 Christum

2072 2368 2290 2436 ipsum,
2336 2367 2422 2421 vel
2478 2375 2769 2436 martyrem
2817 2366 2940 2435 ejus
2990 2365 3380 2435 atnplexari....
3446 2366 3652 2432 Quam-

2071 2460 2284 2522 obrem,
2307 2466 2366 2512 ut
2395 2458 2596 2527 saepius
2631 2457 2766 2522 dixi,
2804 2457 2856 2510 in
2886 2457 3033 2512 omni
3069 2458 3398 2513 salutatione
3418 2459 3500 2512 vel
3526 2458 3654 2512 ado-

2072 2547 2287 2602 ratione
2314 2547 2647 2618 disquiritur
2681 2548 2934 2602 intentio.
2963 2546 3121 2613 Quod
3152 2547 3198 2601 si
3227 2548 3361 2602 mihi
3392 2548 3653 2602 crimina—

2075 2639 2173 2704 ris,
2202 2640 2359 2709 quasi
2391 2640 2582 2694 crucis
2613 2639 2840 2709 lignum,
2868 2655 2964 2694 ceu
2999 2638 3166 2694 Deum
3198 2639 3458 2707 adorem;
3481 2656 3654 2710 quare

2076 2746 2187 2786 non
2226 2732 2355 2787 item
2387 2730 2560 2787 Iacob
2582 2746 2834 2795 accusas,
2864 2731 2960 2801 qui
2994 2731 3157 2802 virga:
3176 2729 3399 2801 Iosephi
3426 2730 3656 2785 summi-

2077 2830 2242 2877 tatem
2268 2822 2522 2876 adoravit
2542 2821 2626 2874 "?
2645 2820 2713 2874 At
2743 2822 3096 2876 manifestum
3127 2829 3211 2876 est
3237 2837 3363 2877 eum
3382 2837 3493 2876 non
3522 2822 3652 2893 ligni

2077 2914 2385 2971 honorandi
2418 2928 2586 2968 causa
2624 2913 3006 2966 adurationem
3032 2912 3359 2968 exhibuisse
3381 2954 3396 2979 ,
3427 2912 3524 2968 sed
3552 2929 3653 2983 po-

2078 3008 2189 3062 tius
2215 3021 2310 3077 per
2342 3005 2612 3060 honorem
2650 3004 2799 3074 ligno
2844 3007 3172 3073 praestitum,
3209 3005 3476 3060 adorasse
3504 3004 3657 3059 Iose-

2082 3098 2271 3167 phum,
2325 3094 2488 3166 375
2523 3095 2668 3151 sicut
2713 3094 2769 3148 in
2806 3108 2972 3149 cruce
3001 3093 3284 3151 Christum
3335 3096 3653 3150 adoramus.

2079 3188 2289 3245 Eodem
2310 3189 2488 3257 plane
2521 3184 2685 3241 modo
2709 3199 2822 3254 quo
2855 3185 3134 3240 Abraham
3177 3185 3426 3241 homines
3458 3186 3655 3256 impios

2081 3296 2108 3333 a
2142 3280 2340 3350 quibus
2367 3278 2682 3348 sepulcrum
2713 3277 3080 3341 mercabatur,
3107 3276 3341 3348 genibus
3365 3276 3419 3330 in
3449 3284 3654 3331 terram

2081 3369 2340 3426 demissis
2373 3368 2648 3434 adoravit,
2686 3382 3036 3438 nequaquam
3081 3375 3264 3422 tamen
3315 3366 3560 3427 utideos
3587 3368 3653 3426 ”.

2081 3458 2161 3511 Ad
2188 3459 2324 3525 hcc,
2367 3456 2539 3512 Iacob
2576 3456 2875 3522 Pharaoni,
2913 3455 3083 3525 impio
3116 3456 3242 3511 licet
3270 3456 3658 3526 idolorumque

2082 3550 2303 3614 cultori,
2334 3549 2617 3604 benedixit
2641 3549 2707 3613 δυ,
2733 3558 2894 3617 atque
2925 3550 3127 3616 septies
3160 3550 3300 3603 Esau
3327 3549 3397 3614 ⁶¹,
3421 3547 3517 3604 sed
3549 3563 3655 3603 non

2085 3642 2162 3696 uti
2206 3640 2399 3707 Deum,
2433 3641 2704 3696 adoravit.
2739 3638 2896 3704 Vide,
2940 3649 3076 3709 quot
3119 3640 3219 3695 tibi
3269 3640 3656 3705 salutationes,

2082 3743 2324 3803 quotque
2362 3733 2740 3795 adorationes,
2773 3741 2887 3785 tum
2927 3733 2981 3785 in
3022 3730 3327 3802 Scriptnris
3376 3731 3657 3801 probatas,

2084 3832 2198 3879 tum
2236 3824 2541 3888 naturales,
2576 3823 2711 3878 nulli
2758 3837 2990 3893 prorsus
3038 3823 3450 3892 reprehensioni
3481 3823 3659 3877 obno-

2082 3916 2202 3971 xias
2229 3914 2574 3985 protulerim.
2605 3912 2687 3968 Tu
2729 3928 2883 3978 vero,
2917 3928 3042 3967 cum
3075 3912 3304 3976 Christi,
3340 3922 3436 3968 aut
3460 3914 3660 3969 castis-

2083 4008 2238 4064 simae
2269 4006 2460 4062 Matris
2490 4005 2660 4071 illius,
2702 4014 2798 4060 aut
2834 4006 3014 4062 sancti
3046 4005 3336 4075 cujusdam
3365 4006 3654 4074 imaginem

2082 4113 2186 4155 nos
2212 4098 2366 4153 vides
2394 4097 2647 4164 adorare,
2684 4096 2979 4152 confestim
3034 4095 3489 4166 indignabundus
3520 4095 3574 4149 id
3597 4097 3653 4150 in

2084 4192 2293 4246 crimen
2327 4190 2495 4246 vertis
2518 4230 2533 4256 ,
2561 4187 2908 4258 aufugisque,
2936 4194 2992 4241 et
3039 4201 3124 4240 me
3161 4184 3500 4237 idololatram
3556 4197 3657 4235 nu-

2084 4280 2284 4334 minas.
2319 4277 2439 4334 Non
2467 4288 2519 4333 te
2550 4277 2754 4346 pudet?
2788 4292 2896 4330 non
2944 4272 3354 4344 perhorrescis?
3400 4285 3509 4324 non
3562 4286 3658 4324 ru-

405 4351 760 4418 καταλύοντα,
791 4355 886 4408 καὶ
909 4356 1069 4418 ναοὺς
1099 4357 1391 4428 μαρτύρων
1413 4357 1795 4428 ἀνεγείροντα;
1829 4359 1892 4412 Ei
1914 4359 1973 4416 τὰ

2087 4372 2220 4427 bore
2251 4368 2604 4431 sulfunderis,
2635 4367 2852 4437 quando
2888 4379 2973 4418 me
3009 4363 3159 4417 vides
3188 4361 3242 4415 in
3277 4362 3536 4416 universo
3564 4376 3659 4416 or-

404 4444 601 4497 είδωλα
625 4444 1015 4515 προσεκύνουν,
1047 4447 1190 4500 διατί
1222 4448 1348 4510 τοὺς
1371 4447 1658 4521 μάρτυρας
1682 4449 1828 4520 τιμῶ
1854 4451 1984 4515 τοὺς

406 4532 820 4598 καταλύσαντας
848 4533 917 4587 τά
943 4534 1171 4602 εῖδωλα;
1204 4537 1254 4590 εί
1283 4537 1341 4589 δὲ
1370 4535 1437 4589 τά
1468 4536 1619 4603 ξύλα,
1653 4537 1729 4601 ὡς
1753 4538 1879 4609 φὴς,
1904 4539 1990 4592 δο-

406 4624 573 4693 ξάζω,
602 4625 722 4690 πῶς
746 4627 891 4697 τιμῷ
916 4628 1044 4691 τοὺς
1069 4628 1278 4697 ἁγίους,
1310 4630 1436 4694 τοὺς
1483 4629 1554 4684 τὰ
1598 4629 1783 4695 ξύλινα
1821 4630 1987 4698 ξόανα

405 4715 514 4769 τῶν
534 4715 807 4787 δαιμόνων
836 4718 1322 4785 κατακαύσαντας;
1352 4719 1416 4772 Et
1449 4718 1507 4772 δὲ
1534 4720 1775 4784 καὶτοὺς
1807 4720 1988 4785 λίθους

405 4804 632 4872 δοξάζω,
665 4805 783 4870 πῶς
803 4805 1013 4873 δοξάζω
1035 4809 1163 4871 τοὺς
1185 4808 1536 4873 ἀποστόλους,
1572 4812 1698 4873 τοὺς
1722 4812 1790 4865 τὰ
1812 4811 1989 4865 λίθινα

407 4895 597 4950 εἴδωλα
621 4899 1103 4964 κατακλάσαντας;
1132 4900 1194 4953 Εί
1214 4901 1310 4976 τὰς
1340 4901 1558 4964 εἰκόνας
1581 4901 1688 4954 τῶν
1711 4902 1990 4972 ψευδωνύ-

413 5004 527 5056 μων
551 4988 687 5041 θεῶν
717 4990 882 5053 σέϐω,
924 4990 1043 5054 πῶς
1071 4991 1280 5058 δοξάζω
1301 5031 1317 5057 ,
1343 4994 1436 5047 καὶ
1469 4994 1696 5057 ἐπαινῶ,
1751 4995 1845 5048 καὶ
1871 4996 1988 5064 ὲορ-

409 5077 507 5141 τὰς
559 5081 792 5135 ὲπιτελῶ
836 5082 946 5137 τῶν
995 5083 1220 5144 παιδῶν,
1261 5083 1369 5137 τῶν
1400 5084 1458 5138 ὲν
1491 5082 1767 5139 Βαϐυλῶνι
1820 5085 1989 5158 ἀθλη-

411 5172 641 5239 σάντων,
666 5175 761 5228 καλ⁸
783 5177 850 5245 τῇ
878 5175 1049 5231 εἰκόνι
1078 5178 1144 5247 τῇ
1165 5177 1340 5248 χρυσῇ
1363 5175 1439 5247 μὴ
1466 5177 1984 5249 προσκυνησόωτων,

409 5264 476 5334 τῇ
508 5264 795 5335 είδωλικῇ;
829 5265 970 5319 Ἀλλ’
1004 5267 1173 5331 ὅντως
1219 5266 1389 5338 πολλὴ
1426 5266 1536 5321 τῶν
1557 5269 1775 5339 ἀνόμων
1806 5274 1838 5340 ἡ
1868 5268 1985 5322 πώ-

413 5373 602 5429 ρωσις,
633 5357 802 5430 πολλὴ
823 5357 1117 5429 τύφλωσις.
1148 5357 1221 5412 Ὦ
1264 5362 1514 5428 Ἰουδαῖε,
1556 5363 1727 5435 πολλὴ
1755 5368 1786 5433 ἡ
1828 5362 1984 5418 ἀναί-

531 5533 577 5567 ⁶⁷
606 5532 746 5587 Gen.
781 5548 997 5600 xxxvii,
1040 5533 1110 5603 32
1141 5548 1297 5603 scqq.

413 5600 456 5635 ⁴¹
484 5600 618 5662 Gen.
645 5618 841 5668 χχχιιι,
874 5605 928 5657 3.
1003 5600 1320 5669 “Danﬁtn,
1352 5605 1377 5659 1
1408 5621 1563 5677 seqq.

733 5696 1001 5757 PATROL—
1036 5696 1153 5754 (in.
1199 5697 1394 5756 XCIV.

1392 5536 1440 5569 ⁸⁸
1475 5536 1615 5593 Gen.
1673 5553 1862 5601 sum,
1908 5536 2007 5603 15;
2049 5534 2215 5592 Hebr.
2257 5549 2333 5600 ιι,
2380 5534 2471 5613 21..

2084 4465 2152 4519 be
2226 4461 2497 4517 idolorum
2563 4459 2790 4514 delubra
2850 4454 3282 4518 demolientem,
3349 4457 3662 4525 templaque

2086 4556 2392 4619 martyrum
2455 4546 2651 4600 honori
2715 4542 3132 4598 exstrucntcm?
3194 4542 3344 4612 quod
3402 4543 3449 4598 si
3511 4542 3661 4600 idola

2085 4638 2275 4701 adoro,
2307 4635 2437 4706 quid
2467 4642 2552 4690 est
2595 4648 2697 4689 cur
2740 4639 3011 4702 martyres
3045 4629 3318 4685 idolorum
3370 4646 3662 4687 eversores

2085 4725 2391 4782 honorem?
2419 4723 2565 4794 quod
2618 4723 2666 4778 si
2694 4721 2879 4793 lignis,
2918 4721 2998 4776 uti
3031 4721 3181 4792 loqui
3220 4736 3394 4788 amas,
3428 4722 3662 4793 gloriam

2088 4813 2275 4870 defero
2302 4829 2316 4879 ;
2348 4813 2442 4882 qui
2475 4811 2553 4877 lit,
2599 4820 2658 4867 ut
2688 4812 2896 4865 honore
2926 4810 3181 4867 homines
3213 4821 3439 4868 sanctos
3465 4828 3662 4884 prose-

2087 4920 2247 4976 quar,
2272 4904 2363 4975 qui
2391 4904 2596 4974 ligneas
2621 4904 2929 4958 daemonum
2961 4914 3173 4958 statuas
3201 4905 3664 4962 combusserunt?

2090 4997 2195 5052 Sed
2241 4996 2289 5051 si
2329 4996 2538 5065 lapides
2585 4996 2835 5063 celebro;
2882 5011 2984 5050 cur
3026 4996 3308 5067 apostolos
3365 4998 3535 5069 ipsos,
3564 4997 3662 5068 qui

2089 5085 2303 5157 lapidea
2358 5087 2650 5142 simulacra
2706 5087 3191 5151 comminuerunt,
3252 5087 3662 5143 eelebravero?

2090 5178 2234 5247 quod
2258 5178 2302 5233 si
2320 5177 2548 5255 tandem
2574 5177 2837 5233 falsorum
2859 5177 3086 5233 deorum
3107 5192 3343 5233 veneror
3359 5178 3660 5248 imagines;

2092 5284 2261 5339 quare
2294 5268 2464 5340 igitur
2523 5273 2686 5328 trium
2758 5283 3062 5340 puerorum
3087 5268 3414 5338 “,quia,ne
3440 5281 3661 5323 auream

2093 5363 2223 5417 idoli
2254 5362 2546 5434 imaginem
2577 5360 2893 5426 adorarent,
2911 5358 3187 5431 Babylone
3213 5359 3660 5425 decertavernnt,

2570 5504 2615 5567 δ’
2649 5532 2785 5588 Gen.
2822 5547 2976 5596 χχιιι,
3009 5532 3059 5586 7.
3161 5531 3205 5564 ⁸⁸
3233 5530 3370 5587 Gen.
3409 5548 3577 5599 xavu,
3603 5532 3660 5591 9.

3260 5695 3335 5759 44
