4074 6146
367 313 511 378 1389

1467 319 1567 380 DE
1605 318 2074 380 IMAGINIBUS
2095 318 2381 380 ORATIO
2409 309 2561 393 UL,

3497 331 3630 396 1390

367 441 496 496 ραν,
522 420 704 492 θαῦμα
754 423 983 494 φοϐερὸν
1016 422 1116 478 καλ⁴
1145 423 1386 488 ἐξαίσιον
1409 409 1428 493 ,-
1457 430 1638 484 πᾶσάν
1687 446 1746 481 τε
1781 428 1931 499 άκοὴε

2055 429 2206 482 nium
2247 445 2409 486 aures
2443 433 2699 498 perculit.
2748 436 3028 507 Olympius
3061 439 3206 494 enim
3258 441 3478 510 quidam
3533 463 3635 498 no-

368 515 676 588 άνθρὼπων
727 519 1106 589 καταπλῆττον
1133 521 1450 593 γεγένηται.
1495 523 1796 593 Ὀλύμπιος
1841 524 1950 596 γάρ

371 626 457 671 τις
489 607 749 679 τοῦνομα,
780 610 1056 681 Εύθυμίου
1108 613 1204 666 τοῦ
1256 615 1355 685 τῆς
1393 616 1604 688 Ἀρείου
1652 617 1950 688 θρησκείας

373 700 695 770 ἐξάρχοντος
728 742 743 767 ,
772 701 863 754 τὸν
911 701 1170 772 βαδιστὴν
1207 714 1230 742 α
1280 707 1732 776 παραχορεύοντα
1780 711 1838 762 ἐν
1875 709 1951 780 τῷ

370 789 583 860 λουτρῷ
639 791 732 842 τοῦ
784 792 1049 845 παλατίου
1100 795 1212 848 τῶν
1263 796 1613 864 Ἐλενιανῶν,
1660 802 1952 870 γενόμενος

369 881 514 933 κατὰ
549 881 641 935 τὸν
672 882 1147 952 προμαλάττοντα,
1184 886 1278 939 καὶ
1309 886 1646 958 θεασάμενός
1668 905 1823 955 τινας
1842 893 1950 946 τῶν

367 970 674 1042 λουομένων
719 972 816 1044 τὴν
860 973 954 1026 ’τοῦ
1006 975 1297 1045 ὁμοουσίου
1344 979 1503 1044 δόξαν
1548 983 1949 1053 σεμνύνοντας,

365 1064 497 1134 ἔφη,
523 1065 714 1127 αὑταῖς
745 1064 975 1130 λέξεσιν,
1008 1066 1208 1131 οὕτως⁸
1243 1069 1308 1121 Τί
1341 1072 1450 1141 γάρ
1485 1074 1635 1126 ἐστιν
1667 1075 1700 1144 ἡ
1741 1077 1946 1146 Τρίας;

363 1154 512 1224 Ποίῳ
532 1154 589 1208 δὲ
613 1156 778 1225 τοίχῳ
801 1158 903 1209 οὐκ
935 1158 1343 1230 ἐπιγέγραπται
1364 1178 1379 1228 ;
1404 1163 1514 1216 Καὶ
1535 1167 1815 1238 κρατήσας
1843 1167 1950 1219 τῶν

361 1247 563 1300 ἑαυτοῦ
609 1249 926 1317 ἀναγκαίων
953 1291 968 1316 ,
1012 1252 1144 1323 ἔφης
1185 1253 1318 1320 Ἰδὲ,
1351 1255 1509 1323 κάγὼ
1559 1258 1766 1328 Τριάδα
1818 1258 1948 1329 ἔχω.

364 1337 532 1391 Ὥστε
593 1340 917 1411 κινηθέντας
977 1346 1107 1407 τοὺς
1163 1346 1282 1399 ἐκεῖ
1328 1347 1696 1418 εὑρεθέντας,
1735 1352 1950 1420 μέλλειν

359 1429 530 1483 αὐτὸν
568 1430 1154 1502 διαχειρίζεσθαι,άλλ’
1184 1436 1483 1508 εἴρχθησαν
1516 1440 1622 1494 ὑπό
1652 1458 1798 1505 τινος
1831 1443 1949 1496 Μά-

354 1536 519 1587 γνου,
581 1523 956 1594 πρεσϐιιτέρου
993 1525 1106 1578 τῶν
1151 1527 1350 1596 Ἀγίων
1391 1530 1729 1585 Ἀποστόλων
1775 1534 1833 1586 ἐν
1871 1534 1949 1604 τῷ

349 1613 843 1684 περιτειχίσματι,
881 1615 1172 1686 ἀνθρώπου
1203 1619 1542 1690 θαυμαστοῦ,
1572 1625 1665 1676 καὶ
1695 1624 1787 1679 τὸν
1816 1626 1948 1680 Θεὸν

348 1701 782 1771 θεραπεύοντος,
828 1708 1103 1776 φήσαντος
1153 1710 1293 1780 πρὸς
1348 1713 1586 1778 αὐτοὺς,
1616 1716 1692 1779 ὡς
1731 1718 1832 1770 οὐκ
1877 1716 1944 1772 ἂν

341 1793 591 1868 διαλάθῃ
622 1796 712 1848 τὸν
733 1796 832 1867 τῆς
871 1801 1213 1872 παντεφόρου
1244 1803 1401 1874 δίκης
1441 1804 1740 1876 ὀφθαλμὸν,
1781 1809 1943 1878 άκρι-

341 1888 450 1939 ϐεῖ
478 1886 623 1958 λόγῳ
653 1889 954 1959 γράφοντα.
974 1893 1126 1947 Αἱδοῖ
1152 1894 1208 1947 δὲ
1233 1895 1328 1948 τοῦ
1351 1897 1542 1963 ἀνδρὸς
1570 1898 1668 1966 τῆς
1698 1900 1943 1968 ταραχῆς

344 1983 757 2046 παυσαμένων,
785 1979 1044 2053 ἐξανέστη
1071 1985 1100 2036 ὁ
1137 1984 1455 2054 Ὀλύμπιος,
1492 1986 1584 2038 καὶ
1616 1990 1682 2057 τῇ
1712 1987 1940 2056 ἐμϐάσει

344 2070 468 2121 τῶν
514 2071 734 2141 θερμῶν
779 2072 855 2136 ὡς
905 2073 1025 2137 ἔθος
1082 2078 1450 2148 χρησάμενος,
1480 2078 1678 2146 ἔξεισιν
1710 2080 1803 2136 ἐπὶ
1841 2081 1941 2151 τὴν

349 2162 468 2215 τῶν
494 2161 717 2234 ψυχρῶν
762 2164 970 2218 ὑδάτων
1002 2166 1303 2239 δεξαμενὴν
1327 2209 1341 2234 ,
1400 2169 1522 2239 ἥτις
1561 2171 1829 2242 λαμϐάνει
1871 2173 1942 2226 τὰ

352 2255 530 2310 ὕδατα
555 2259 620 2310 ἐκ
653 2259 836 2327 πηγῆς
865 2261 1195 2331 τικτομένης
1224 2265 1388 2332 μέσον
1407 2263 1502 2317 τοῦ
1529 2268 1727 2318 σεπτοῦ
1751 2266 1940 2319 θυσία·

351 2346 584 2416 στηρίου
613 2346 709 2399 τοῦ
737 2349 971 2416 εύαγοῦς
1002 2349 1152 2404 οἴκου
1190 2351 1284 2404 τοῦ
1313 2354 1780 2424 πρωτομάρτυρος
1807 2357 1938 2408 Στε-

348 2437 552 2504 φάνου,
584 2437 643 2490 ὃν
672 2439 730 2491 ἐν
789 2440 1039 2504 παλαιοῖς
1086 2441 1327 2508 ἔκτισεν,
1361 2443 1663 2513 ἀξιώμασιν
1691 2447 1938 2516 άρχοντι-

345 2532 470 2592 κοῖς
515 2530 844 2602 διαλάμψας,
871 2532 1211 2603 Αύρηλιανός
1230 2550 1245 2564 ο
1269 2534 1480 2588 ἐνθένδε
1510 2537 1752 2608 ἠγοῦμαι
1786 2537 1937 2601 θείας

344 2620 585 2689 ὲποψίας
627 2623 688 2674 τὸ
730 2622 873 2694 ὕδωρ
911 2622 1216 2690 ἀξιοῦσθαι.
1258 2621 1410 2700 Ἐνῇ
1456 2627 1702 2690 καταϐάς
1742 2627 1935 2683 θᾶττον

345 2713 735 2775 ἐπαναϐαίνει,
769 2717 1098 2785 κραυγάζων
1119 2734 1132 2748 ·
1180 2718 1468 2790 Ἐὶεήσατέ
1523 2737 1612 2789 με,
1640 2721 1930 2790 ἐλεήσατεί

343 2803 463 2858 Καὶ
483 2804 696 2876 κνήθων
719 2805 884 2858 αὐτοῦ
904 2807 1003 2869 τὰς
1031 2807 1260 2879 σάρκας,
1277 2809 1386 2862 τῶν
1411 2809 1584 2866 ὀστῶν
1606 2811 1931 2881 ἀπεμέριζε.

344 2899 560 2960 Πάντες
582 2897 639 2950 δὲ
679 2899 808 2969 περὶ
845 2898 1008 2952 αὐτὸν
1051 2900 1370 2970 γενόμενοι,
1404 2903 1500 2955 καὶ
1530 2903 1931 2973 κρατήσαντες,

345 2991 549 3043 σινδόνι
599 2990 1076 3059 περιτυλίξαντες,
1111 2991 1398 3047 άνέκλιναν
1453 2993 1928 3064 ψυχορραγοῦντα.

2055 521 2224 585 mine,
2255 522 2410 591 juxta
2433 538 2640 592 equum
2673 529 3074 587 ambulatorem
3116 531 3398 605 Euthymii
3421 539 3640 593 Ariame

2055 612 2312 669 factionis
2341 617 2594 672 exarchae
2637 621 2946 684 subsultim.
2967 625 3223 681 incedere
3253 627 3472 690 solitus,
3510 646 3635 684 cum

2053 714 2202 760 esset
2235 707 2291 760 in
2331 707 2553 764 lavacro
2579 713 2764 780 palatii
2801 715 3253 786 llelenianorum,
3298 719 3354 774 in
3384 721 3522 776 cella
3554 731 3636 777 te-

2056 797 2267 866 pidaria
2300 803 2596 857 nonnullos
2623 821 2813 860 eorum
2846 809 2942 878 qui
2986 809 3338 880 lavabantur,
3390 816 3637 870 consub-

2053 891 2334 946 stantialis
2381 892 2538 947 tidem
2596 897 2942 954 celebrantes
2993 902 3372 971 conspicatus,
3413 904 3498 960 his
3540 921 3638 961 eos

2055 982 2241 1036 verbis
2293 983 2568 1040 allocutus
2609 996 2736 1041 est:
2771 988 2983 1058 Ecquid
3033 994 3177 1049 enim
3224 1003 3310 1048 est
3345 995 3638 1052 Trinitas?

2055 1081 2152 1124 aut
2194 1088 2302 1141 quo
2336 1075 2387 1126 in
2419 1076 2628 1144 pariete
2674 1079 2946 1147 inscripta
2978 1096 3086 1135 non
3141 1084 3270 1137 est?
3301 1084 3638 1156 ‘Statimqne

2056 1163 2312 1221 virilibus
2371 1182 2535 1220 manu
2595 1168 3001 1237 apprehensis:
3048 1173 3215 1241 Ecce,
3275 1177 3472 1246 inquit,
3532 1194 3637 1248 ego

2053 1269 2274 1323 quoque
2327 1256 2654 1312 Trinitatem
2703 1259 2904 1316 habeo.
2946 1262 3083 1318 Eam
3143 1267 3214 1320 ob
3261 1283 3375 1322 rem
3425 1271 3503 1323 illi
3539 1272 3633 1340 qui

2054 1346 2284 1401 aderant
2331 1348 2530 1402 animis
2569 1350 2870 1418 concitati,
2920 1369 3046 1408 eum
3084 1357 3275 1413 statim
3319 1360 3633 1417 interfecis-

2052 1446 2197 1504 sent,
2236 1439 2347 1494 nisi
2376 1455 2472 1494 eos
2507 1440 2590 1494 vir
2617 1444 2841 1511 quidam
2887 1447 3237 1505 admirabilis
3261 1489 3275 1514 ,
3310 1467 3374 1507 ac
3407 1453 3632 1525 religio-

2051 1546 2149 1586 sus
2183 1530 2498 1594 Deicultor,
2525 1531 2757 1602 Magnus
2787 1538 3633 1614 nomine,SanctorumAposto-

2053 1620 2232 1673 lorum
2267 1623 2520 1686 ecclesias
2553 1623 2695 1678 intra
2731 1628 2875 1681 muri
2916 1630 3184 1686 ambitum
3211 1637 3632 1706 presbyter,re-

2051 1713 2368 1780 pressisset,
2401 1712 2702 1780 aﬂirmans,
2729 1717 2781 1771 id
2810 1717 3045 1786 justitiae
3077 1732 3278 1778 cuncta
3320 1729 3630 1794 spectantis

2046 1801 2270 1854 oculum
2327 1802 2498 1858 latere
2555 1819 2667 1859 non
2717 1822 2902 1876 posse,
2940 1810 3033 1880 qui
3068 1813 3287 1882 singula
3334 1815 3630 1886 diligenter

2047 1889 2392 1946 conscribat.
2451 1893 2588 1947 Cum
2645 1895 2816 1966 igitur
2844 1909 3068 1969 propter
3099 1903 3201 1956 viri
3262 1907 3628 1961 reverentiam

2045 1982 2206 2036 turba
2257 1983 2586 2053 quievisset,
2640 1989 2888 2045 surrexit
2945 1991 3254 2064 Olympius,
3286 2005 3340 2052 et
3376 1998 3624 2056 thermas

2045 2071 2353 2142 ingressus,
2403 2076 2572 2146 inque
2619 2081 2783 2150 aquis
2817 2082 3020 2139 calidis
3063 2083 3131 2139 de
3163 2101 3316 2142 more
3353 2088 3524 2155 lotus,
3557 2089 3627 2144 ad

2043 2165 2370 2237 frigidarum
2432 2171 2706 2238 piscinam
2759 2172 2949 2240 vadit;
2989 2191 3112 2245 quae
3167 2178 3392 2246 quidem
3449 2195 3626 2252 aquas

2040 2258 2269 2327 excipit,
2305 2275 2334 2314 e
2365 2261 2546 2315 medio
2581 2263 2741 2318 altari
2774 2275 2984 2320 sanctae
3020 2268 3273 2324 ecclesiae
3309 2280 3625 2340 protomar-

2043 2349 2180 2418 tyris
2220 2347 2511 2419 Stephani,
2544 2353 2674 2407 olim
2710 2354 2781 2410 ab
2814 2355 3121 2413 Aureliano
3160 2359 3507 2428 praefecturae
3537 2364 3622 2417 di-

2039 2438 2367 2507 gnitatibns'
2399 2441 2606 2497 illustri
2639 2455 2998 2508 constructze,
3039 2450 3434 2507 scaturientes.
3476 2451 3620 2508 llinc

2037 2530 2200 2598 plane
2241 2546 2439 2600 aquam
2478 2533 2626 2587 illam
2678 2535 2903 2606 dignam
2938 2538 3110 2594 fuisse
3144 2540 3409 2605 arbitror,
3453 2559 3620 2612 quam

2039 2621 2184 2678 Deus
2216 2624 2332 2691 ipse
2363 2631 2662 2693 spectaret.
2689 2624 2748 2681 In
2777 2627 2918 2683 hanc
2940 2629 3031 2682 ille
3053 2644 3180 2684 cum
3212 2631 3616 2698 descendisset,

2035 2712 2186 2768 dicto
2210 2715 2366 2770 ocius
2400 2717 2685 2782 remeavit,
2716 2733 2842 2773 cum
2881 2717 3093 2790 ejulatu
3125 2721 3416 2780 clamans:
3449 2723 3617 2780 Mise-

2036 2805 2234 2860 remini
2277 2807 2407 2871 mei,
2443 2808 2785 2865 miseremini
2832 2812 2935 2866 mei
2964 2813 2977 2866 ί
3010 2811 3075 2867 Ει
3124 2828 3321 2871 carnes
3352 2804 3485 2872 suas
3515 2833 3617 2871 un-

2034 2896 2240 2965 guibus
2291 2897 2574 2967 scalpens,
2624 2901 2694 2954 ab
2741 2886 2970 2959 ossibus
3004 2905 3322 2962 divellebat.
3358 2908 3514 2966 Tunc
3546 2912 3614 2968 ad

2035 2985 2215 3055 ipsum
2247 3001 2439 3074 orn-nes
2465 3003 2825 3057 concurrere,
2862 2995 3265 3063 apprehensum
3312 2999 3483 3056 linteo
3531 3003 3616 3058 in-

355 3081 695 3151 Ἐπηρώτων
729 3082 807 3144 δὲ,
835 3083 890 3134 τί
935 3083 1001 3136 ἂν
1049 3083 1136 3154 εἴη
1195 3083 1258 3136 τὸ
1308 3084 1542 3156 συμϐὰν,
1569 3085 1663 3138 καί
1699 3102 1866 3156 φησιν
1904 3087 1931 3138 ὁ

2037 3077 2278 3140 volvere,
2306 3094 2368 3132 ac
2402 3095 2515 3148 pra:
2547 3081 2752 3152 frigore
2782 3085 3131 3143 deﬁcientem
3163 3093 3459 3150 reclinare.
3504 3094 3616 3149 Ro-

354 3173 658 3243 Ὀλύμπιος
679 3190 691 3203 ·
731 3174 935 3246 ’Ἄνδρα
979 3175 1228 3228 κατεῖδον
1280 3174 1734 3246 λευχειμονοῦντα
1757 3215 1771 3237 ,
1804 3179 1927 3228 ἐπι-

339 3264 517 3317 ϐάντα
555 3281 645 3334 μοι
677 3263 820 3318 κατά
863 3266 961 3334 τῆς
993 3265 1319 3339 νεροφόρου,
1364 3267 1460 3321 καὶ
1515 3269 1664 3338 τρεῖς
1697 3265 1926 3331 σίκλαςά

336 3354 552 3425 θερμοῦ
607 3355 937 3426 περιχέαντά
975 3373 1086 3426 μοι,
1117 3359 1212 3410 καὶ
1265 3357 1496 3426 λέγοντά
1530 3373 1653 3428 μοι’
1678 3358 1770 3428 Μὴ
1801 3358 1928 3411 δυσ-

335 3443 536 3512 φήμει.
569 3443 841 3506 Λαϐόντες
872 3445 930 3497 δὲ
970 3445 1133 3497 αὐτὸν
1163 3447 1366 3518 φορείῳ
1393 3448 1442 3500 οἱ
1467 3447 1616 3518 αὐτῷ
1645 3448 1926 3517 διαφέρονο

330 3547 473 3594 τες,
509 3531 874 3601 μετεκόμισαν
932 3535 990 3586 ἐν
1053 3534 1228 3606 ἑτέρῳ
1284 3534 1493 3606 λουτρῷ
1545 3538 1925 3607 προσκειμένῳ

330 3625 408 3692 τῇ
456 3623 566 3675 τῶν
625 3624 921 3693 Ἀρειανῶν
957 3625 1244 3696 ἐκκλησίᾳ.
1297 3627 1573 3681 Θελόντων
1624 3627 1681 3680 δὲ
1735 3628 1918 3682 αὐτῶν

327 3712 666 3778 ἁποτυλίξαι
698 3713 796 3784 τὴν
855 3715 1071 3769 σινδόνα
1113 3717 1209 3769 ἀπ’
1243 3717 1407 3771 αὑτοῦ
1430 3759 1445 3784 ,
1477 3717 1870 3790 συνεξέπαιρον
1896 3730 1920 3759 ο

325 3806 524 3869 πάσας
568 3808 668 3869 τὰς
719 3807 928 3876 σάρκας
977 3807 1142 3861 αὑτοῦ
1176 3849 1190 3872 ,
1226 3811 1322 3863 καί⁵
1372 3809 1549 3874 οὕτως
1600 3811 1917 3882 νεκρωθεὶς,

322 3899 589 3954 ἀπέδωκε
607 3898 670 3950 τὸ
697 3899 931 3970 πνεῦμα.
966 3901 1209 3956 Γνωστὸν
1236 3903 1294 3956 δὲ
1322 3903 1536 3970 ἐγένετο
1559 3903 1716 3957 τοῦτο
1733 3905 1918 3974 σχεδὸν

321 3989 459 4043 καθ’
486 3988 615 4059 ὅλης
648 3989 749 4059 τῆς
805 3991 1096 4060 βασιλίδος.
1137 3995 1436 4064 Ἐφήμιςον
1484 3995 1541 4048 δέ
1587 4013 1734 4059 τινες
1786 3997 1917 4067 περ)⁴

318 4079 430 4134 τοῦ
463 4079 815 4142 πεπονθότος,
847 4081 922 4144 ὼς
953 4083 1165 4152 χρόνοις
1192 4084 1355 4150 τισὶν,
1382 4084 1490 4137 ἀπὸ
1517 4086 1618 4155 τῆς
1645 4087 1704 4139 τὸ
1722 4088 1917 4156 ὀμοού-

319 4187 452 4224 σιον
498 4169 829 4238 δοξαζούσης
898 4171 1194 4242 θρησκείας
1245 4175 1326 4238 είς
1371 4175 1471 4244 τὴν
1524 4177 1733 4246 Ἀρείου
1787 4194 1915 4246 μετ-

319 4260 670 4316 εϐαπτίσατο
702 4260 976 4330 λατρείαν.
1025 4264 1240 4336 Ἐπειδὴ
1273 4265 1329 4318 δὲ
1361 4269 1422 4318 τὸ
1451 4267 1795 4337 συμϐεϐηκὸς
1818 4271 1913 4322 καὶ

316 4353 526 4413 ἀκοαῖς
581 4351 846 4420 βασιλέων
885 4353 1256 4423 ἐπλησίασεν·
1301 4357 1652 4422 ’Λναστάσιος
1695 4359 1753 4412 δὲ
1797 4356 1904 4431 ἦν’

2038 3169 2295 3236 gantibns
2324 3180 2509 3226 autem
2541 3175 2806 3242 quidnam
2837 3178 2887 3232 ei
2922 3180 3274 3250 contigisset,
3316 3187 3616 3255 respondet

2037 3255 2364 3329 Olympius:
2404 3259 2696 3319 Hominem
2750 3267 3005 3324 candidis
3056 3270 3315 3325 indutum
3367 3275 3614 3330 vestibus

2034 3349 2172 3414 vidi,
2205 3353 2299 3422 qui
2326 3353 2489 3422 juxta
2541 3355 2758 3411 labrum
2803 3357 3071 3415 incedens
3095 3401 3110 3426 ,
3145 3369 3256 3416 tres
3289 3363 3423 3418 mihi
3456 3381 3613 3436 aqua:

2035 3440 2226 3497 calidae
2248 3445 2450 3499 situlas
2476 3445 2678 3502 infudit
2707 3448 2904 3505 dicens
2936 3469 2951 3506 :
2983 3450 3063 3508 Ne
3087 3453 3445 3522 blaSphemus
3466 3465 3608 3512 esto.

2035 3531 2175 3588 Tum
2209 3537 2306 3604 qui
2338 3535 2413 3590 illi
2441 3539 2848 3597 necessitudine
2872 3543 3156 3612 conjuncti
3190 3556 3373 3612 erant,
3399 3547 3610 3604 ferculo

2030 3640 2156 3680 eum
2190 3627 2470 3695 tollentes,
2491 3631 2546 3684 in
2579 3631 2732 3686 aliud
2775 3633 3030 3689 balneum
3064 3637 3398 3692 Arianorum
3430 3641 3607 3695 eccle-

2031 3715 2128 3770 sia:
2159 3717 2403 3771 vicinum
2433 3719 2801 3776 transferunt.
2831 3721 2939 3779 Sed
2965 3739 3091 3780 cum
3132 3727 3366 3782 linteum
3398 3731 3606 3786 vellent

2028 3806 2330 3876 explicare,
2366 3823 2561 3865 omnes
2582 3810 2701 3880 ejus
2722 3826 2920 3869 carnes
2943 3814 3278 3880 lacerarunt,
3307 3826 3474 3888 atque
3499 3821 3603 3876 hoc

2026 3901 2192 3952 modo
2251 3909 2541 3964 enecatus,
2601 3903 2854 3969 spiritum
2905 3907 3165 3963 reddidit.
3221 3908 3325 3976 Qui
3379 3912 3602 3981 quidem

2024 4001 2256 4046 eventus
2288 4009 2384 4062 per
2433 3997 2755 4052 universum
2790 3996 2905 4054 fere
2939 3999 3232 4070 imperium
3280 4005 3601 4075 divulgatus

2023 4093 2127 4137 est.
2163 4083 2423 4140 Nonnulli
2457 4085 2708 4142 ferebant
2737 4087 3072 4162 Olympium,
3107 4095 3201 4164 qui
3239 4096 3367 4150 talia
3399 4112 3598 4166 passus

2021 4184 2126 4238 est,
2167 4177 2359 4246 aliquo
2388 4192 2455 4231 ex
2483 4187 2732 4249 tempore
2765 4181 2836 4237 ab
2873 4197 2940 4238 ea
2983 4185 3271 4254 religione,
3304 4201 3427 4255 quae
3458 4203 3596 4243 con-

2020 4265 2441 4320 substantialem
2471 4265 2792 4324 Trinitatem
2817 4271 3082 4333 celebrat,
3110 4271 3174 4323 ad
3202 4273 3462 4326 Arianam
3488 4276 3596 4330 hae-

2018 4356 2180 4410 resim
2239 4359 2486 4413 secundo
2545 4359 2880 4430 baptismate
2915 4362 3226 4416 transiisse.
3279 4363 3442 4434 377
3489 4365 3590 4422 Ubi

317 4441 638 4510 ἐπέτρεψεν
657 4441 828 4492 είκόνι
859 4444 1239 4513 χρωματισθέν
1265 4445 1328 4498 τὸ
1366 4448 1670 4517 τεράστιον,
1707 4449 1910 4520 ὕπερθε

2035 4461 2148 4501 tero
2193 4464 2280 4502 res
2334 4449 2440 4502 ista
2492 4450 2557 4503 ad
2603 4451 2954 4519 imperatoris
3018 4468 3180 4507 aures
3223 4457 3474 4523 pervenit
3519 4459 3591 4526 (is

311 4535 431 4606 τῆς
447 4533 746 4604 νεροφόρου
784 4537 1194 4607 καταπαγῆναι.
1238 4538 1490 4610 Ἰωάννης
1521 4541 1579 4595 δέ
1607 4559 1691 4606 τις
1727 4542 1913 4596 διάκο-

310 4642 442 4688 νος,
466 4625 561 4676 καὶ
593 4624 806 4688 ἔκδικος
856 4626 958 4696 τῆς
1002 4627 1098 4680 τοῦ
1141 4629 1534 4699 προλεχθέντος
1575 4633 1805 4702 εύαγοῦς
1836 4635 1914 4688 οῖ-

223 4783 236 4788 _
309 4734 426 4772 κου
476 4717 749 4785 Στεφάνου
789 4719 885 4771 τοῦ
917 4719 1024 4772 τῶν
1061 4721 1356 4793 μαρτύρων
1395 4724 1612 4794 πρώτου
1635 4765 1651 4790 ,
1686 4727 1827 4796 ἀνὴρ
1861 4728 1916 4780 ετ

307 4824 406 4869 τις
444 4804 604 4868 ἄλλος
654 4805 818 4876 ζῆλον
858 4808 1000 4879 ὑπὲρ
1029 4809 1124 4862 τοῦ
1171 4813 1456 4881 ὁμοουσίου
1479 4815 1748 4885 δόγματος
1777 4819 1908 4870 ἑκά-

308 4910 485 4948 στοτε
515 4894 948 4965 ἐνδεικνύμενος,
983 4899 1078 4951 καὶ
1112 4901 1274 4964 αὐτὸς
1305 4903 1488 4955 ἐἰκόνι
1533 4906 1903 4976 κατέγραψεν,

305 4984 442 5039 ἀλλ’
466 4987 563 5054 οὐχ
595 4986 809 5050 ἁπλῶςο
837 4988 943 5042 τῶν
972 4991 1081 5060 γὰρ
1107 4993 1286 5045 ἐκεῖσε
1317 4993 1625 5064 λουομένων
1652 4999 1746 5050 καί¹
1777 4997 1907 5050 θεα-

305 5076 581 5145 σαμένων
613 5077 851 5149 ὀνόματα
895 5082 1234 5154 κατέγραψε,
1263 5085 1359 5137 καὶ
1389 5084 1518 5138 ἔνθα
1549 5086 1634 5158 εἴη
1675 5087 1906 5151 ἔκαστος

301 5165 512 5228 οἰκῶν,
548 5166 628 5220 ἔτι
675 5185 735 5220 τε
788 5170 881 5222 καί
928 5171 1036 5224 τῶν
1087 5173 1200 5236 τοῖς
1232 5172 1417 5228 ὕδασιν
1461 5175 1902 5247 ὑπηρετούντων.

2011 4553 2182 4608 porro
2211 4539 2541 4594 Anastasius
2569 4541 2730 4610 erat),
2759 4541 2930 4610 jussit
2959 4543 3359 4600 utmiraculum
3390 4551 3586 4604 colori-

2014 4632 2119 4685 bus
2170 4631 2226 4683 in
2261 4631 2451 4685 tabula
2501 4631 2778 4702 depictum
2819 4633 2876 4687 in
2928 4635 3200 4704 superiori
3255 4639 3396 4693 labri
3433 4653 3588 4710 parte

2011 4720 2345 4791 aﬂigeretur.
2390 4720 2567 4777 Porro
2617 4721 2858 4781 Joannes
2905 4727 3133 4796 quidam
3179 4729 3474 4796 diaconus,
3531 4745 3586 4790 et

2008 4821 2215 4866 sancta:
2260 4811 2410 4867 illius
2451 4814 2716 4876 ecclesiae.
2765 4816 2930 4886 cujus
2989 4833 3156 4889 supra
3207 4822 3582 4883 meminimus.

2006 4903 2272 4973 Stephani
2310 4905 2477 4974 primi
2508 4904 2767 4977 Martyris
2798 4912 3023 4966 nomine
3062 4911 3262 4969 dicata:
3294 4914 3578 4978 defensor,

2004 4996 2110 5059 vir,
2137 4995 2181 5049 si
2213 4995 2339 5064 quis
2362 4996 2522 5063 alius,
2559 4998 2738 5053 zelum
2776 5015 2877 5070 pro
2908 5001 3164 5074 dogmate
3210 5007 3581 5061 consubstan-

2005 5087 2156 5142 tialis
2196 5087 2401 5143 tuendo
2433 5104 2703 5160 nusquam
2739 5106 2850 5146 non
2896 5107 3187 5158 exserens,
3219 5096 3338 5164 ipse
3363 5111 3581 5165 quoque

2003 5193 2114 5233 non
2145 5178 2478 5250 pingendam
2510 5181 2697 5246 modo,
2727 5185 2823 5239 sed
2853 5190 2907 5238 et
2935 5199 3128 5240 eorum
3155 5186 3249 5254 qui
3282 5186 3393 5240 illic
3427 5186 3578 5239 lava-

1613 5395 1849 5453 VARIIE
1882 5395 2290 5458 LECTIONES.

390 5555 420 5584 ο
460 5545 924 5636 Billinslemendat
977 5549 1219 5636 κρλέσας
1236 5553 1328 5605 τὸν
1357 5552 1650 5635 βαδιστήν..
1674 5552 1924 5636 yalesius
1956 5571 2087 5636 vero
2127 5558 2218 5636 ea),
2258 5555 2516 5636 βαδιοτὴν
2547 5554 2964 5636 παραχορεύων,
2978 5555 3140 5622 juxta
3165 5573 3352 5636 equum
3385 5559 3573 5636 ambu-

297 5619 546 5673 latorem
579 5616 856 5670 subsultim
884 5616 1146 5674 incedens.

289 5686 423 5754 επῇ
437 5701 548 5754 ρον.

1179 5625 1310 5687 Quae
1369 5622 1819 5679 verior‘videtur
1870 5626 2050 5683 lectio.
2126 5622 2305 5697 dLeg.
2345 5622 2549 5687 σίτλας.
2591 5622 2786 5679 Latine
2827 5624 3044 5681 situlus.
3122 5638 3146 5667 ο

3228 5639 3344 5684 orte
3384 5629 3543 5695 συνιξ
3569 5646 3572 5648 ⁷
