4074 6146
498 237 595 303 39-1

1620 249 1693 308 .S.
1735 249 1975 309 JOANN
1986 250 2055 309 IS
2095 252 2526 316 DAMASCENI

3585 258 3725 326 1392

465 358 670 412 bantur
703 359 948 423 nomina,
980 367 1034 415 et
1060 361 1150 415 ubi
1187 361 1436 430 ipsorum
1477 358 1715 430 quisque
1743 361 2036 427 habitaret,

2154 366 2426 439 .Vlatprdpet
2457 369 2514 422 δὲ
2562 371 2595 440 ή
2645 370 2808 424 εἰκὼν
2848 372 2974 442 ἄχρι
3001 368 3096 424 τοῦ
3125 369 3393 441 παρόντος
3447 376 3727 443 πεπηγυῖα

463 449 848 504 ascribeudum
879 451 1093 505 curavit
1121 469 1134 514 ;
1163 453 1392 522 insuper
1423 462 1478 507 et
1510 453 1730 506 illorum
1754 453 1850 522 qui
1872 467 2045 523 aquas

463 544 880 609 ministrabant,
913 545 1143 600 nomina
1177 548 1441 618 subjecit.
1474 547 1640 617 Atqui
1667 547 1784 602 haec
1821 547 2042 616 quidem

463 635 646 704 imago
685 635 750 688 ad
783 635 888 690 hoc
919 653 1096 707 usque
1123 645 1340 708 tempus
1377 639 1456 693 rei
1499 647 1668 708 gestae
1695 638 1853 694 fidem
1887 637 2044 704 facit,

462 725 520 780 in
553 725 790 795 ipsomet
819 728 1052 784 introitu
1081 739 1294 800 quarta:
1327 732 1578 800 porticus
1609 732 1722 800 jam
1765 731 2047 785 multoties

464 816 731 872 nominati
767 821 997 874 oratorii
1031 823 1307 892 apposita.
1347 820 1546 876 Verum
1594 819 2046 892 quandoquidem

467 911 794 964 miraculum
837 912 993 980 illud,
1029 914 1357 968 miraculum
1391 912 1534 968 aliud
1559 913 1918 969 subsecutum
1941 922 2046 974 est,

469 1003 570 1058 hoc
592 1004 1013 1074 praetermittere
1037 1005 1193 1061 nefas
1215 1014 1385 1073 esset,
1419 1007 1620 1076 quippe
1642 1021 1770 1060 eum
1801 1005 2046 1076 ejusdem

469 1094 541 1146 sit
568 1097 898 1165 argumenti.
935 1097 1001 1150 Et
1035 1097 1290 1166 quamvis
1318 1105 1480 1152 aetate
1513 1096 1792 1152 recentius
1831 1096 1924 1160 sit,
1959 1095 2050 1149 hic

471 1195 653 1242 tamen
688 1188 823 1242 illud
868 1202 1306 1245 commemorare
1343 1205 1453 1244 non
1489 1190 1718 1260 pigebit.
1754 1188 2049 1243 Enimvero

471 1294 594 1331 cum
635 1279 709 1332 illi
762 1281 855 1348 qui
897 1281 1015 1334 Arii
1069 1281 1322 1351 partibus
1351 1281 1672 1343 studebant,
1707 1279 2046 1350 triumphum

472 1386 596 1425 esse
628 1387 927 1441 perennem
955 1383 1270 1438 cernerent,
1304 1372 1449 1443 apud
1484 1387 1608 1427 eum
1652 1371 1743 1426 cui
1790 1371 2050 1427 Ilelenia—

473 1465 888 1534 norum‘palatii
926 1479 1061 1518 cura
1093 1465 1392 1519 commissa
1423 1471 1566 1526 erat,
1603 1463 1846 1518 assiduis
1867 1462 2048 1532 preci-

473 1555 575 1610 bus
615 1565 890 1624 egerunt,
929 1565 989 1610 ut
1037 1565 1303 1626 tanquam
1343 1557 1522 1610 balnei
1573 1553 2048 1609 administrationi

474 1648 782 1713 praefectus,
835 1647 1129 1719 imaginem
1183 1647 1427 1703 auferret
1474 1655 1528 1702 et
1578 1645 1965 1702 absconderet.
2000 1643 2048 1700 Is

474 1740 617 1794 facili
675 1749 965 1809 praetextu,
1021 1740 1282 1794 nimirum
1315 1753 1583 1810 aquarum
1622 1739 1852 1794 humore
1901 1737 2045 1792 labe-

474 1833 663 1886 factari
698 1833 1013 1902 imaginem,
1053 1831 1284 1901 ejusque
1311 1832 1795 1886 conservationem
1839 1829 2050 1884 instau-

474 1925 812 1978 rationemve
842 1933 1136 1989 causatus,
1183 1939 1304 1978 eam
1353 1923 1585 1978 sustulit
1630 1933 1685 1978 et
1727 1921 2045 1977 occultavit.

477 2011 676 2067 Verum
709 2028 834 2067 cum
885 2014 1187 2082 imperator
1217 2013 1476 2069 universa
1512 2015 1661 2085 regia
1700 2015 1819 2068 loca
1867 2013 2051 2083 perlu-

471 2113 694 2168 straret,
724 2104 790 2157 ad
840 2103 987 2157 hunc
1022 2118 1243 2172 quoque
1279 2105 1531 2168 veniens,
1567 2104 1858 2174 imaginem
1905 2118 2054 2174 quaa-

469 2196 623 2261 sivit,
661 2210 965 2265 rursusque
998 2194 1320 2263 alligcndam
1362 2196 1556 2266 parieti
1581 2195 1861 2265 praecepit.
1883 2195 2054 2249 Porro

475 2287 876 2358 Eutychianum
908 2288 1006 2358 (ita
1037 2287 1232 2342 aedium
1261 2288 1556 2357 praefectus
1584 2288 1674 2343 ille
1709 2287 2026 2362 vocabatur)

457 2380 655 2433 .divina
687 2379 934 2450 quaedam
971 2379 1160 2434 statim
1198 2379 1746 2450 invasitindignatio,
1773 2390 1830 2434 ut
1862 2379 2052 2434 dexter

473 2475 671 2531 oculus
698 2475 750 2532 ei
788 2475 1088 2537 dimueret,
1131 2483 1188 2530 et
1235 2487 1431 2530 caetera
1481 2476 1609 2530 item
1645 2477 1887 2530 membra
1927 2490 2052 2544 pes-

475 2567 615 2621 simo
653 2575 805 2621 motu
844 2575 1243 2636 quaterentur;
1277 2567 1422 2636 quod
1459 2566 1514 2620 in
1549 2581 1721 2621 causa
1755 2565 1860 2620 fuit
1895 2574 1954 2620 ut
1987 2565 2054 2620 ad

476 2673 696 2712 sacrum
741 2658 1072 2722 oratorium,
1109 2657 1161 2710 in
1196 2672 1307 2726 quo
1363 2657 1648 2712 beatorum
1701 2655 2056 2713 Pantaleonis

477 2757 529 2801 et
571 2747 763 2800 Marini
817 2747 1173 2816 reliquiarum
1220 2747 1405 2817 portio
1443 2754 1783 2812 asservatur,
1824 2747 2056 2803 accede-

481 2845 590 2890 ret.
637 2836 787 2890 Istud
816 2851 979 2905 porro
1010 2838 1313 2890 oratorium
1340 2835 1639 2890 Homonaea
1675 2837 1730 2892 id
1779 2843 1886 2902 est,
1923 2853 2056 2892 con-

477 2929 664 2982 cordia
696 2929 1034 2992 nominatur,
1069 2929 1329 2998 quoniam
1369 2928 1500 2983 illuc
1547 2937 1768 2984 centum
1806 2937 1861 2984 et
1890 2931 2056 3000 quin-

2144 460 2200 508 ἐν
2238 458 2316 529 τῷ
2347 459 2564 532 ἐμϐόλῳ
2585 461 2680 516 τοῦ
2713 462 3061 534 τετραστόου,
3083 463 3177 514 τοῦ
3206 462 3468 526 πολλάκις
3495 464 3732 534 εἰρημέ-

2145 565 2238 601 νου
2273 550 2586 622 εύκτηρίου.
2629 552 2847 622 Ἐπειδὴ
2894 554 2952 608 δὲ
2996 553 3074 623 τῷ
3127 552 3370 622 θαύματι
3400 552 3586 624 θαῦμα
3632 555 3735 607 έπ-

2114 642 2514 713 κηκολούθησεν
2537 686 2552 710 ,
2595 645 2692 716 οὐχ
2739 646 2886 700 ὃσιον
2935 646 3183 717 παριδεῖν
3206 685 3221 708 ,
3247 648 3348 716 τῆς
3394 647 3562 716 αὐτῆς
3591 647 3734 701 ὑπο·

2148 732 2348 796 θέσεως
2374 737 2641 805 τυγχάνον
2666 752 2679 766 ·
2708 739 2866 808 ὅπερ,
2912 739 2962 790 εί
2989 738 3084 791 καὶ
3120 736 3214 790 τὸν
3241 736 3489 807 παρόντα
3536 736 3734 807 καιρὸν

2151 826 2443 896 ύπερῆλοε,
2471 827 2654 896 λέγειν
2693 830 2793 882 οὐκ
2847 829 3082 898 ὀκνήσω.
3133 828 3482 898 Θεασάμενοι
3530 828 3640 898 γὰρ
3677 829 3732 882 ol

2148 919 2246 988 τῆς
2279 920 2486 991 Ἀρείου
2517 921 2828 994 συμμορίας
2859 919 3264 991 ἐπικρατοῦντα
3297 919 3583 991 θρίαμϐον,
3618 920 3734 974 ἑλι-

2152 1011 2410 1081 πάρησαν
2447 1011 2540 1064 τὸν
2570 1015 2666 1064 τοῦ
2697 1010 2960 1066 παλατίου
3006 1009 3324 1063 Ἐλενιανῶν
3345 1009 3448 1080 τὴν
3477 1010 3737 1080 φροντίδα

2155 1105 2610 1174 πεπιστευμένον,
2654 1103 2731 1165 ὡς
2772 1103 3072 1175 ἐξάρχοντα
3101 1104 3196 1156 καὶ
3232 1103 3330 1171 τῆς
3371 1101 3467 1154 τοῦ
3507 1103 3736 1174 λουτροῦ

2148 1194 2466 1266 διοικήσεως
2505 1195 2803 1250 καθελόντα
2855 1193 3206 1265 κατακρύψαι
3246 1191 3346 1262 τὴν
3396 1192 3603 1246 εἰκόνα.
3639 1194 3740 1256 ’ος

2151 1287 2430 1355 πρόφασιν
2481 1287 2791 1356 εὐμήχανον
2817 1286 3138 1357 εὑράμενος,
3169 1283 3268 1354 τὴν
3295 1285 3361 1336 ὲκ
3388 1283 3498 1335 τῶν
3526 1283 3740 1338 ὑδάτων

2153 1377 2591 1447 προσγινομένην
2651 1377 2831 1430 νοτίδα
2858 1413 2873 1439 ,
2903 1377 2978 1438 ὼς
3027 1373 3351 1428 σκυλθεῖσαν
3401 1372 3498 1443 τὴν
3552 1373 3740 1425 εἰκόνα

2154 1467 2508 1536 ἀφελόμενος,
2541 1469 2706 1537 φησὶν
2729 1509 2744 1530 ,
2773 1467 2869 1520 ἐπὶ
2911 1463 3196 1536 διορθώσει
3242 1463 3606 1543 κατέκρυψεν.
3629 1459 3740 1516 Ἦν

2153 1559 2181 1610 6
2211 1557 2463 1628 βασιλεὺς
2489 1557 2816 1625 ἐγκυκλίους
2854 1555 3152 1626 ἐπιδημίας
3177 1555 3348 1608 τελῶν
3387 1557 3470 1616 είς
3505 1554 3740 1607 ἕκαστον

2082 1684 2130 1745 Β
2156 1650 2317 1702 τόπον
2343 1648 2640 1718 βασιλικὸν,
2675 1649 3123 1720 παραγενόμενος
3151 1648 3399 1709 κάκεῖσε,
3429 1645 3528 1715 τὴν
3553 1646 3742 1699 εἰκόνα

2157 1743 2444 1812 ὲπεζήτει’
2499 1741 2596 1794 καὶ
2635 1741 2811 1804 οὕτως
2867 1735 3024 1803 αὖθις
3076 1739 3153 1810 τῷ
3199 1738 3368 1808 τοίχῳ
3426 1735 3738 1804 κατεπάγη.

2154 1835 2312 1906 Παρὰ
2342 1830 2507 1898 πόδας
2544 1833 2600 1886 δὲ
2628 1833 2721 1886 τὸν
2755 1832 3083 1902 Εὑτυχιανόν
3107 1846 3122 1860 ο
3148 1829 3307 1884 τοῦτο
3337 1829 3447 1899 γάρ
3473 1824 3542 1899 ἦν
3568 1827 3741 1897 ὄνομα

2153 1926 2228 1996 τῷ
2256 1925 2572 1996 διαιταρίῳο
2605 1925 2742 1996 ὀργή
2799 1941 2881 1988 τις
2929 1923 3270 1986 θεοδίκαστος
3324 1919 3741 1993 παραλαϐοῦσα,

2154 2019 2243 2071 τὸν
2280 2020 2378 2088 μὲν
2411 2017 2584 2082 δεξιὸν
2621 2015 2900 2087 ὀφθαλμὸν
2932 2015 3254 2087 διαρῤεὖσαι
3300 2014 3575 2082 πεποίηκε
3597 2055 3613 2077 ,
3643 2027 3744 2064 κα-

2155 2112 2357 2175 κίστως
2387 2110 2444 2163 δὲ
2502 2111 2596 2163 καὶ⁵
2638 2109 2707 2162 τά
2739 2109 2901 2162 λοιπὰ
2949 2107 3307 2178 περισείουσα
3367 2105 3509 2176 μέλη
3531 2145 3544 2167 ,
3569 2119 3743 2174 προσ-

2156 2200 2390 2253 πελάσαι
2425 2198 2809 2270 παρεσκεύασε
2836 2197 2914 2268 τῷ
2945 2198 3130 2266 εύαγεί
3147 2196 3456 2268 εὐκτηρίῳ,
3488 2193 3616 2247 ἔνθα
3644 2208 3742 2246 πε-

2156 2292 2443 2344 πίστευται
2474 2290 2854 2344 ἀναπαύεσθαι
2909 2289 3073 2361 μέρος
3127 2289 3290 2360 ἱερῶν
3331 2286 3604 2357 λειψάνων
3630 2284 3742 2339 τῶν

2157 2382 2459 2436 θεσπεσίων
2505 2381 2898 2445 Παντολέοντος
2947 2381 3045 2434 καὶ
3074 2381 3342 2448 Μαρίνου,
3387 2375 3743 2447 ὲπικαλουμέυ

2157 2492 2248 2526 νου
2299 2473 2394 2526 τοῦ
2441 2473 2632 2540 τόπου,
2664 2472 2955 2542 Ὀμόνοια,
2996 2472 3061 2526 ἐκ
3100 2471 3194 2525 τοῦ
3240 2472 3358 2524 ἐκεῖ
3389 2469 3742 2532 συνελθόντας

2157 2566 2284 2627 τοὺς
2334 2563 2529 2616 ἑκατὸν
2577 2564 2916 2634 πεντήκοντα
2949 2563 3284 2624 ἐπισκόπους
3314 2561 3410 2614 ἐπὶ
3457 2559 3741 2614 Θεοδοσίου

2156 2655 2249 2708 τοῦ
2283 2655 2525 2726 μεγάλου
2568 2655 2853 2726 βασιλέως,
2888 2659 3074 2726 κοινήν
3095 2670 3220 2707 τινα
3249 2654 3343 2706 καὶ
3374 2669 3742 2724 συμπεφωνη-

2163 2748 2331 2819 μένην
2353 2747 2709 2801 διδασκαλίαν
2739 2746 2834 2801 τοῦ
2859 2765 2919 2800 τε
2953 2746 3238 2818 ὁμοουσίου
3271 2746 3370 2816 τῆς
3396 2745 3548 2807 θείας
3577 2744 3746 2815 Τριά-

2157 2840 2244 2903 δος
2276 2839 2634 2910 ποιήσασθαι,
2669 2839 2884 2908 καὶτῆς
2914 2839 3390 2909 ὲνανθρωπήσεως
3415 2837 3473 2889 δὲ
3501 2835 3596 2889 τοῦ
3627 2837 3744 2890 Κυο

2164 2931 2278 3002 ρίου
2311 2929 2593 3002 τρανῶσαι
2625 2931 2724 3002 τὴν
2755 2933 2820 2983 ὲκ
2858 2929 3138 3001 Παρθένου
3183 2927 3508 3001 πρόσληψιν,
3533 2927 3737 2996 ταύτηο

477 3021 740 3092 quaginta
783 3021 1052 3090 episcopi,
1101 3019 1415 3076 Theodosio
1466 3035 1665 3092 magno
1693 3021 2047 3092 imperatore,

2157 3019 2255 3090 τὴν
2297 3021 2622 3091 ἐπωνυμίαν
2662 3019 3054 3090 τεκτήνασθαι.
3102 3019 3347 3090 Ἡμέρας
3387 3019 3445 3072 δὲ
3477 3019 3602 3090 περί
3637 3034 3743 3071 που

477 3114 894 3177 convenientes,
927 3113 1173 3168 unanimi
1203 3113 1576 3182 concordique
1602 3113 1878 3168 sententia
1911 3111 2056 3168 divi-

479 3222 559 3260 nae
586 3204 868 3259 Trinitatis
916 3203 1550 3260 eonsubstantialitatem
1583 3211 1963 3267 asseruerunt,
2004 3211 2060 3257 et

480 3299 778 3353 lionnuieze
836 3297 1200 3352 humanitatis
1249 3310 1315 3350 ex
1367 3294 1591 3365 Virgine
1639 3295 2057 3364 susceptionem

479 3391 850 3444 declararunt.
883 3389 978 3443 llle
1017 3395 1198 3447 autem
1247 3396 1453 3456 septem
1501 3385 1724 3440 circiter
1761 3385 1879 3441 dies
1941 3385 2057 3440 illic

479 3487 876 3544 contmoratus,
909 3495 1030 3534 cum
1064 3479 1199 3534 nihil
1225 3477 1512 3534 levaminis
1541 3477 1844 3548 acciperet,
1891 3477 2056 3548 quin-

485 3572 591 3625 imo
611 3573 898 3627 tesuculus
935 3583 1162 3641 uterque
1191 3573 1604 3636 corroderetur,
1635 3584 1795 3627 nocte
1814 3571 2048 3641 quadam

483 3664 664 3717 media
711 3664 1110 3729 subdiaconus,
1146 3666 1231 3718 cui
1276 3682 1374 3736 pI'O
1409 3681 1509 3721 sua
1559 3666 1678 3720 vice
1713 3665 1827 3719 illic
1856 3679 2057 3735 perno-

479 3753 741 3808 ctandum
772 3764 914 3820 erat,
947 3757 1000 3810 in
1035 3757 1245 3811 somnis
1277 3759 1427 3812 videt
1451 3765 1726 3812 astantem
1763 3757 2054 3826 quemdam

482 3859 692 3914 regem,
754 3847 849 3914 qui
912 3858 1176 3916 aegrotum
1245 3865 1408 3902 manu
1486 3849 1762 3913 indicans,
1823 3849 2052 3902 aiebat:

482 3939 667 4001 Quare
695 3937 839 3992 hunc
865 3941 1170 4007 excepisti?
1193 3940 1396 4010 Ecquis
1425 3958 1550 3996 eum
1586 3944 1730 3997 iStuc
1779 3941 2008 3996 adduxit
2033 3942 2056 3995 ’ἰ

484 4029 580 4084 llic
610 4045 670 4085 se
698 4029 808 4085 illis
832 4030 1037 4100 junxit,
1079 4033 1171 4100 qui
1206 4033 1276 4087 de
1323 4049 1409 4088 me
1453 4036 1691 4103 pessime
1727 4035 2051 4103 loquuntur.

481 4129 586 4179 .ste
611 4129 696 4180 est
726 4122 819 4192 qui
859 4123 1058 4191 patrati
1093 4123 1340 4178 miraculi
1393 4125 1685 4179 abscondit
1735 4125 2049 4194 imaginem.

479 4213 726 4267 Clericus
757 4213 946 4283 itaque
986 4229 1244 4284 surgens,
1281 4216 1427 4284 quod
1479 4215 1535 4268 in
1583 4215 1772 4284 quiete
1805 4215 2050 4279 vidisset,

479 4308 699 4370 recitat,
738 4307 854 4361 fieri
881 4321 1046 4376 posse
1095 4322 1305 4376 negans
1333 4316 1396 4361 ut
1427 4308 1516 4362 ille
1543 4308 1611 4361 ab
1641 4307 1742 4362 hac
1773 4309 1930 4378 plaga
1960 4324 2052 4361 sa-

481 4406 662 4454 netur.
705 4398 975 4454 Cazterum
1023 4398 1424 4469 Eutychianus,
1458 4413 1555 4453 ceu
1594 4399 1645 4451 vi
1682 4398 1937 4452 dolorum
1995 4400 2050 4453 in

480 4503 730 4543 somnum
771 4501 928 4543 actus
956 4497 1125 4553 esset,
1162 4489 1566 4544 adolescentem
1608 4487 1898 4557 quemdam
1956 4504 2054 4543 eu-

480 4588 744 4646 nuchum,
774 4583 1004 4654 fulgenti
1044 4592 1193 4638 veste
1225 4583 1476 4637 indutum
1509 4582 1681 4648 videt,
1714 4581 1800 4635 his
1830 4596 1889 4636 se
1931 4596 2054 4635 ver-

478 4678 561 4730 bis
580 4677 946 4746 alloquentem
974 4693 987 4728 :
1015 4674 1155 4742 Quid
1187 4675 1546 4730 habes?tjum
1582 4675 1674 4728 ille
1714 4673 2050 4742 reposuisset

479 4782 537 4819 se
570 4767 694 4820 tabe
731 4767 931 4836 perire,
970 4781 1069 4820 nec
1101 4766 1267 4820 ullum
1301 4766 1600 4820 remedium
1630 4765 1899 4828 invenire,
1927 4779 2050 4818 eum

478 4857 690 4910 audivit
711 4857 981 4911 dicentem
1009 4874 1023 4911 ι
1047 4854 1222 4911 Nemo
1247 4856 1344 4908 tibi
1380 4865 1560 4926 potest
1582 4857 1841 4925 opitulari
1873 4871 2053 4926 :quo-

479 4949 626 5002 niam
656 4963 750 5002 rex
797 4948 958 5004 valde
1007 4949 1105 5004 tibi
1151 4949 1431 5004 irascitur.
1466 4948 1604 5002 Tum
1637 4948 2051 5019 :egeeruemz

479 5041 780 5108 uam,inlit,
801 5040 1182 5111 interpellabo,
1208 5051 1300 5094 aut
1325 5040 1456 5108 quid
1496 5040 1691 5110 agam?
1732 5041 1834 5094 llic
1870 5056 2000 5096 vero
2037 5062 2052 5096 :

479 5133 536 5188 Si
578 5135 684 5198 vis,
725 5133 928 5204 inquit,
972 5135 1220 5188 levamen
1253 5132 1526 5197 obtinere,
1578 5134 1643 5184 ad
1689 5133 1857 5203 378
1890 5131 2055 5189 Hele-

477 5225 768 5281 nianorum
834 5225 1056 5280 balneas
1118 5221 1454 5292 quantocius
1504 5236 1691 5290 perge,
1763 5231 1817 5278 et
1883 5239 2053 5293 prope

475 5317 654 5372 adusti
702 5317 889 5372 Ariani
944 5315 1235 5384 imaginem
1289 5312 1536 5381 quiesce.
1595 5311 1716 5366 Mox
1780 5328 2047 5386 erperge-

2165 3111 2306 3165 έπτὰ
2329 3111 2894 3184 προσκαρτεροῦντος,
2914 3110 3011 3164 καὶ
3029 3109 3277 3173 ὀνοῦντος
3297 3109 3470 3174 οὐδὲν,
3488 3109 3623 3164 ἀλλὰ
3648 3113 3743 3164 καὶ

2161 3203 2576 3275 διαϐρωθέντων
2633 3203 2786 3274 αύτῷ
2835 3205 2930 3257 καὶ
2984 3205 3092 3256 τῶν
3157 3202 3436 3273 διδύμων,
3473 3203 3740 3273 μεσούσης

2165 3301 2292 3368 μιᾶς
2324 3299 2433 3350 τῶν
2473 3298 2706 3362 νυκτῶν,
2740 3301 2768 3350 6
2797 3297 2976 3367 λαχὼν
3011 3297 3360 3359 ὑποδιάκονος
3408 3297 3506 3365 τὴν
3535 3295 3738 3349 παννύ⁶

2161 3409 2278 3462 χιον
2315 3392 2483 3463 ἔχειν,
2517 3394 2623 3462 ὁρᾷ
2677 3391 2794 3444 κατ’
2838 3391 2969 3461 ὄναρ
3031 3390 3258 3460 βασιλέα
3305 3389 3427 3442 τινὰ
3477 3389 3568 3440 τὸν
3619 3388 3739 3439 ἑπι-

2163 3485 2390 3549 στάντα,
2423 3484 2517 3536 καὶ
2543 3485 2686 3553 χειρὶ
2717 3482 3108 3535 ὑποδεικνύντα
3137 3482 3227 3534 τὸν
3255 3480 3485 3550 ἀσθενῆ,
3519 3480 3694 3548 λέγειν
3720 3495 3735 3509 °

2163 3576 2286 3639 Πῶς
2333 3575 2576 3640 ὑπεδέξω
2629 3574 2858 3639 τοῦτον;
2889 3573 2985 3636 Τίς
3031 3572 3089 3624 δὲ
3123 3574 3151 3623 6
3198 3571 3435 3624 ἐνταῦθα
3476 3572 3737 3641 ἀγαγών;

2161 3661 2333 3730 Οὗτος
2361 3669 2388 3720 6
2440 3667 2578 3736 μετὰ
2611 3664 2720 3718 τῶν
2777 3665 2856 3726 εἰς
2903 3664 3002 3734 ἐμὲ
3031 3663 3460 3734 δυσφημούντων
3489 3680 3741 3734 συμφρα-

2162 3758 2413 3830 ξάμενος.
2457 3752 2676 3820 Οὗτοςὸ
2705 3755 3060 3827 κατακρύψας
3105 3755 3204 3824 τὴν
3253 3755 3438 3807 εἰκόνα
3470 3755 3564 3806 τοῦ
3606 3755 3739 3809 θαύ-

2163 3867 2350 3921 ματος.
2389 3847 2691 3911 Διαναστὰς
2711 3847 2767 3900 δὲ
2793 3849 2822 3900 ὁ
2843 3847 3123 3916 κληρικδς,
3151 3847 3208 3897 τὸ
3226 3845 3385 3912 όφθὲν
3407 3845 3738 3915 διηγήσατο,

2160 3944 2358 4012 φήσας,
2392 3940 2499 3994 τῶν
2545 3939 2824 3992 ἀδυνάτων
2850 3939 3143 4008 τυγχάνειν
3177 3937 3382 4006 ἰαθῆναι
3408 3935 3598 3990 τοῦτον
3629 3941 3739 4010 τῆς

2163 4035 2450 4102 μάστιγος.
2484 4034 2563 4104 Τῇ
2607 4033 2662 4086 δὲ
2697 4033 2834 4103 αὐτῇ
2889 4032 3066 4096 νυκτὶ,
3094 4034 3122 4085 6
3150 4030 3474 4100 Εὑτυχιανδς
3498 4072 3514 4096 ,
3538 4030 3739 4102 ὥσπερ

2159 4128 2240 4190 εἰς
2269 4125 2437 4180 ῢπνον
2467 4129 2530 4178 ὲκ
2559 4125 2668 4178 τῶν
2701 4125 2905 4178 ὀδυνῶν
2932 4123 3221 4194 ὑπαχθεὶς,
3248 4125 3349 4194 ὁρᾷ
3370 4141 3492 4177 τινα
3515 4125 3738 4180 νεανίαν

2157 4216 2410 4288 εὐνοῦχον
2432 4217 2584 4288 παρὰ
2609 4217 2882 4288 τλάμπρῳ
2902 4217 3297 4288 ἠμφιεσμένον,
3321 4218 3551 4287 λέγοντα
3566 4219 3734 4290 αὐτῷ,

2160 4307 2226 4360 Τί
2252 4307 2426 4377 ἐχεις;
2469 4307 2557 4369 Ὣς
2591 4307 2670 4369 δὲ,
2711 4307 3083 4376 Ἀποθνήσκω,
3117 4307 3244 4377 ἔφη,
3274 4309 3734 4379 κατατηκόμενος,

2162 4399 2254 4451 καὶ
2289 4397 2584 4468 θεραπείας
2635 4398 2711 4468 μὴ
2755 4399 3036 4468 τυγχάνων
3059 4439 3075 4463 ,
3107 4400 3275 4469 ἡκουε
3335 4399 3620 4468 λέγοντος·
3645 4401 3732 4463 Ὦς

2160 4491 2333 4553 οὐδείς
2355 4507 2439 4544 σοι
2472 4489 2694 4542 δύναται
2724 4490 2990 4560 βοηθῆσαι
3010 4504 3024 4518 ⁸
3055 4491 3084 4543 ὁ
3116 4491 3226 4561 γὰρ
3269 4491 3523 4560 βασιλεὺς
3547 4492 3735 4556 δεινῶς

2160 4583 2440 4653 ὀργίζεται
2490 4582 2634 4636 κατὰ
2677 4582 2794 4636 σοῦ.
2856 4581 3156 4635 Ἡντισόλει
3212 4576 3389 4648 οὗτος,
3424 4583 3520 4634 καί
3566 4596 3733 4651 φησιο

2161 4674 2282 4726 τίνα
2337 4674 2544 4743 κινήσω
2566 4714 2582 4739 ,
2612 4673 2646 4743 ἢ
2680 4672 2732 4725 τί
2765 4672 3012 4743 ποιήσω;
3043 4673 3070 4726 6
3102 4671 3158 4724 δέ
3212 4688 3380 4742 φησιν
3417 4687 3433 4702 ο
3463 4672 3524 4724 Et
3559 4669 3737 4735 θέλεις

2157 4765 2435 4834 ἀνεθῆναι,
2465 4767 2619 4821 ἄπιθι
2650 4765 2929 4836 συντόμως
2952 4765 3009 4818 έν
3034 4764 3110 4835 τῷ
3146 4765 3354 4834 λουτρῷ
3393 4764 3736 4830 Ἐλενιανῶν,

2157 4860 2252 4912 καὶ
2292 4859 2522 4927 ἐγγύθεν
2565 4859 2664 4929 τῆς
2712 4858 2919 4922 εἰκόνος
2966 4857 3062 4910 τοῦ
3107 4858 3405 4922 καυθέντος
3452 4859 3506 4911 Ἀ
3518 4858 3740 4929 ρειανοῦ

2157 4948 2524 5020 ἁναπαύθητι.
2569 4950 2832 5020 Παραυτὰ
2859 4949 2916 5002 δὲ
2945 4948 3250 5012 διυπνίσας,
3277 4949 3373 5002 ἕνα
3417 4949 3526 5001 τῶν
3553 4949 3739 5018 ὑπηρ-

2157 5041 2418 5095 ετούντων
2453 5042 2672 5111 ἐφώνει.
2718 5040 3126 5111 Ἑξεπλάγησαν
3149 5041 3230 5093 δέ·
3261 5039 3430 5110 τριῶν
3457 5040 3566 5111 γὰρ
3598 5043 3741 5110 ἡμε-

2159 5134 2268 5206 ρῶν
2303 5133 2402 5204 ἤδη
2438 5133 2846 5205 παρελθουσῶν,
2877 5133 3093 5204 ἀφωνία
3112 5133 3409 5204 συνείχετο.
3459 5133 3571 5188 Καί
3601 5150 3672 5204 φη
3686 5151 3738 5188 τι

2157 5227 2292 5298 πρὸς
2324 5225 2523 5290 αὐτοὺς
2548 5265 2563 5289 ,
2595 5226 2829 5295 ἀπάγειν
2867 5224 3029 5278 αὐτὸν
3051 5263 3067 5288 ,
3095 5225 3238 5279 κατὰ
3276 5226 3338 5278 τὸ
3373 5210 3738 5298 ’προσταχθὲν

2159 5316 2554 5371 διεκελεύσατο.
2599 5316 2816 5378 Φθάσας
2851 5313 2909 5368 δὲ
2956 5315 3049 5368 τὸν
3095 5315 3260 5368 τόπον
3302 5316 3398 5369 καὶ
3451 5315 3588 5387 πρὸς
3632 5314 3740 5386 τὴν

1778 5491 2009 5548 VARII‘E
2047 5492 2454 5550 LECTIONES.

553 5589 571 5627 ε
605 5588 1172 5662 Valesiuslegendum
1201 5597 1359 5662 putat
1381 5589 1745 5662 napayajast.
1776 5587 2122 5662 Paragaudis
2159 5591 2306 5646 enim
2347 5605 2524 5662 genus
2564 5591 2878 5648 vestimenti
2919 5598 3040 5646 erat
3087 5587 3254 5661 cujus
3300 5589 3509 5648 Chron.
3571 5590 3732 5650 Alex.

471 5659 750 5712 meminit.
781 5659 916 5714 Vide
947 5659 1264 5715 Casauboni
1295 5659 1472 5714 notas
1492 5661 1557 5712 ad
1586 5660 1832 5715 Trebell.
1865 5659 2112 5716 Pollion.
