4074 6146
363 383 500 448 1393

1449 385 1548 446 DE
1583 383 2045 445 IMAGINIBUS
2086 383 2368 442 ORATIO
2413 380 2527 442 III.

3479 377 3575 442 139
3585 382 3621 438 5..

356 494 544 550 εἰκόνα
578 492 779 559 τεθεὶς,
809 492 1040 558 ἐξέπνει.
1069 490 1182 563 τὴν
1219 495 1329 566 γὰρ
1367 497 1476 551 ἀπὸ
1525 497 1777 568 σώματος
1825 495 1934 548 διόι⁴

2039 496 2216 551 l'actus
2270 495 2383 558 ille,
2441 493 2844 548 ministromm‘
2870 490 3212 562 quempiam
3236 493 3496 548 accersit.
3519 533 3521 536 ‹
3548 492 3632 548 Ηίτ

358 604 546 641 στασιν
571 587 671 657 τῆς
704 586 903 658 ψυχῆς,
922 587 1238 655 ἐλευθερίαν
1274 590 1512 654 ἀνέσεως
1537 591 1565 642 ὁ
1590 590 1778 660 ὀφθεὶς
1802 590 1932 657 ἁγο-

357 674 534 746 ρεύων
563 675 884 746 ὴλήθευσεν.
930 693 950 728 ι

2039 593 2222 641 autem
2257 583 2668 654 obstupescere,
2701 583 2828 653 quia
2874 583 2986 652 jam
3027 583 3270 658 triduum
3318 584 3436 638 sine
3482 599 3633 640 voce.

2042 686 2251 749 egerat.
2287 675 2356 731 At
2403 676 2496 730 ille
2543 691 2625 740 se,
2675 682 2736 728 ut
2797 677 2978 731 luerat
3033 675 3383 745 imperatum,
3447 676 3616 743 jussit

355 768 661 836 asportari.
683 765 791 823 Sed
816 768 911 824 ubi
937 767 1004 822 ad
1034 768 1217 824 locum
1251 773 1422 836 venit,
1450 772 1612 841 juxta
1643 773 1938 844 imaginem
1979 771 2194 843 positus
2223 770 2547 840 exspiravit.
2578 767 2713 822 Nam
2750 771 2847 839 qui
2874 769 3024 824 visus
3056 768 3254 836 fuerat,
3327 767 3544 823 animae
3584 782 3644 822 a'

353 874 589 929 corpore
619 859 1047 929 sejunctionem,
1076 876 1175 931 per
1206 862 1386 917 morbi
1426 864 1821 919 relaxationevn
1853 865 1994 919 citra
2029 863 2378 919 mendacium
2411 859 2770 931 signiﬁcaret.
2819 880 2836 910 ›

362 951 472 1006 Τοῦ
506 951 681 1020 ἁγίου
734 952 1160 1022 Ἀναστασίου,
1198 954 1306 1009 τοῦ
1355 956 1527 1025 ἁγίου
1563 956 1741 1025 ὄρους
1768 955 1933 1012 Emi.

431 1059 450 1092 ι
500 1040 634 1093 Ἀπὸ
663 1042 946 1112 τεσσάρων
988 1042 1183 1114 μιλίων
1211 1045 1528 1116 Δαμασκοῦ,
1566 1046 1765 1116 χώριόν
1789 1049 1938 1101 ἐστιν

353 1131 744 1202 ἐπιλεγόμενον
767 1135 1067 1206 Καρσάτας
1089 1145 1106 1166 ⁸
1137 1138 1196 1191 ἐν
1225 1131 1270 1206 ᾧ
1306 1139 1493 1210 χωρίῳ
1515 1139 1641 1203 ναός
1687 1141 1806 1194 ἐστι
1839 1140 1934 1194 τοῦ

353 1223 514 1291 ἁγίου
541 1225 837 1298 Θεοδώρου.
887 1229 974 1280 Ἐν
1007 1227 1180 1299 τούτῳ
1211 1229 1289 1299 τῷ
1327 1229 1440 1300 ναῷ
1474 1231 1807 1294 εἰσελθόντες
1833 1233 1936 1285 Σα-

356 1316 585 1384 ρακηνοὶ
629 1316 981 1389 κατῴκησαν,
1013 1318 1194 1372 πάντα
1227 1318 1398 1390 ῥύπον
1446 1319 1540 1373 καὶ
1586 1320 1934 1390 ἀκαθαρσίαν

352 1407 424 1460 ἐκ
476 1409 750 1474 γυναικῶν
802 1410 900 1463 καὶ
946 1411 1154 1464 παίδων
1184 1411 1280 1464 καὶ
1322 1409 1532 1479 ἀλόγων
1584 1412 1932 1481 ποιήσαντες.

367 1496 459 1549 Ἐν
490 1499 590 1566 μιᾷ
621 1493 719 1551 οὖν
753 1499 859 1552 τῶν
885 1499 1109 1571 ἡμερῶν
1139 1500 1520 1570 καθεζομένων
1549 1499 1810 1552 πλειόνων
1831 1501 1930 1554 αὐ-

351 1585 488 1650 τῶν,
512 1587 608 1642 καὶ
640 1591 1139 1660 συντυγχανόντων,
1169 1590 1391 1662 ἔρριψεν
1417 1586 1498 1653 εἷς
1528 1591 1586 1657 ἐξ
1630 1590 1810 1644 αὐτῶν
1837 1609 1932 1644 σα-

349 1677 516 1744 γίταν
559 1679 700 1733 κατὰ
747 1681 848 1751 τῆς
898 1679 1107 1744 εἰκόνος
1157 1679 1250 1733 τοῦ
1292 1679 1447 1747 ἁγίου
1491 1679 1803 1750 Θεοδώρου,
1839 1681 1934 1733 καὶ

347 1768 620 1836 ἔκρουσεν
661 1773 740 1834 εἰς
781 1772 872 1824 τὸν
925 1772 1098 1836 δεξιὸν
1154 1767 1302 1841 ὦμον
1339 1771 1506 1823 αὑτοῦ
1537 1811 1552 1835 ,
1585 1771 1680 1824 καὶ
1732 1771 1934 1833 εὐθέως

345 1857 580 1926 ἐξῆλθεν
608 1855 769 1931 αἷμα,
793 1861 888 1914 καὶ
939 1860 1209 1931 κατῆλθεν
1237 1860 1342 1922 ἕως
1379 1860 1529 1912 κάτω
1579 1861 1678 1927 τῆς
1706 1859 1932 1925 εἰκόνος,

345 1952 578 2005 πάντων
609 1952 956 2023 θεωρούντων
985 1955 1046 2007 τὸ
1095 1955 1387 2024 γενόμενον
1419 1953 1643 2021 σημεῖον
1663 1990 1677 2014 ,
1713 1950 1805 2004 καὶ
1835 1950 1935 2020 τὴν

348 2043 590 2111 σαγίταν
627 2046 989 2116 πεπηγμένην
1018 2047 1098 2109 εἰς
1129 2045 1222 2098 τὸν
1240 2038 1388 2114 ὦμον
1417 2042 1510 2095 τοῦ
1544 2043 1722 2108 ἁγίου,
1752 2042 1848 2095 καὶ
1877 2041 1937 2094 τὸ

343 2130 498 2205 αἷμα
522 2136 942 2206 κατερχόμενον.
971 2137 1079 2189 Καὶ
1106 2136 1212 2207 μὴν
1239 2137 1464 2206 σημεῖον
1489 2133 1726 2188 τοιοῦτον
1757 2132 1938 2202 παρά-

340 2224 508 2290 δοξον
545 2225 838 2295 γενόμενον
873 2225 1242 2296 θεασάμενοι,
1272 2223 1373 2277 οὐκ
1423 2219 1589 2293 ἦλθον
1621 2223 1702 2286 εἰς
1757 2224 1938 2276 συναί-

344 2316 573 2386 σθησιν.
633 2318 708 2370 Οὐ
761 2318 1089 2389 μετενόησεν
1117 2317 1145 2369 ὁ
1186 2315 1284 2388 τὴν
1335 2315 1562 2384 σαγίταν
1609 2313 1807 2384 ῥίψας·
1838 2315 1938 2367 οὐκ

341 2406 622 2477 ἐτάραξεν
650 2409 842 2462 ἑαυτὸν
863 2402 941 2471 εἷς
976 2410 1036 2474 ἐξ
1058 2407 1238 2462 αὐτῶν
1258 2423 1272 2436 θ
1308 2407 1408 2460 οὐκ
1454 2403 1811 2476 ἀνεχώρησαν
1839 2403 1936 2458 τοῦ

342 2497 515 2553 ναοῦ·
542 2500 642 2554 ούκ
676 2499 986 2554 ἐπαύσαντο
1041 2497 1343 2570 ρυποῦντες
1374 2497 1538 2552 αὐτόν
1561 2513 1575 2526 ·
1613 2497 1708 2550 καὶ
1755 2496 1935 2566 μέντοι

347 2605 420 2657 γε
457 2588 558 2659 τὴν
604 2590 840 2660 ἐσχάτην
887 2589 1096 2643 ἔδωκαν
1139 2587 1434 2659 τιμωρίαν.
1470 2586 1936 2656 Είκοσιτεσσάρων

350 2681 470 2752 γὰρ
508 2680 674 2734 οἴκων
701 2681 1059 2752 ὑπαρχόντων
1093 2681 1152 2746 ἐξ
1185 2679 1367 2734 αὐτῶν
1390 2680 1500 2733 τῶν
1535 2678 1937 2732 κατοικούντων

351 2775 417 2825 ἐν
460 2769 540 2842 τῷ
586 2769 721 2841 ναῷ,
754 2771 903 2834 ἐντὸς
936 2771 1134 2838 ὀλίγων
1174 2770 1396 2841 ἡμερῶν
1456 2769 1696 2832 ἅπαντες
1751 2768 1937 2839 πικρῷ

351 2861 578 2933 θανάτῳ
620 2860 1043 2931 ἐξηλείφθησαν,
1080 2860 1306 2932 μηδενὸς
1337 2861 1543 2914 τούτων
1581 2860 1938 2930 τελευτήσαν-

349 2970 452 3017 τος
481 2953 538 3006 ὲν
564 2951 643 3024 τῷ
673 2951 822 3022 αύτῷ
845 2952 1060 3023 χωρίῳ,
1092 2952 1142 3004 εί
1172 2950 1246 3020 μὴ
1277 2950 1458 3003 αὐτῶν
1486 2949 1595 3002 τῶν
1624 2949 1938 3004 κατοικούν-

348 3063 470 3100 των
504 3048 562 3100 sv
583 3045 660 3115 τῷ
694 3043 809 3114 ναῷ
849 3046 905 3097 ἐν
930 3046 1049 3108 ταῖς
1092 3043 1285 3106 αὐταῖς
1314 3040 1574 3111 ἡμέραις.
1615 3039 1762 3111 Αὕτη
1788 3037 1934 3110 οὖνὴ

2252 954 2440 1010 Sancti
2467 952 2740 1006 Anastasii
2771 969 2802 1006 a
2835 961 3017 1005 sancto
3051 961 3222 1005 mmzte
3251 950 3400 1005 Sina.

2114 1065 2133 1097 ι
2173 1046 2420 1113 Quatuor
2458 1043 2728 1100 milliariis
2754 1043 3020 1098 Damasco
3058 1044 3270 1099 viculus
3304 1045 3489 1108 distat,
3520 1044 3618 1112 qui

2036 1135 2292 1190 Carsatas
2316 1135 2650 1200 nominatur,
2669 1135 2724 1188 in
2742 1148 2852 1204 quo
2869 1134 3123 1203 templum
3148 1143 3234 1188 est
3247 1134 3420 1190 sancti
3437 1132 3616 1188 Theo-

2036 1226 2178 1281 dori.
2212 1226 2369 1291 Quod
2403 1240 2527 1279 cum
2564 1225 2794 1294 ingressi
2837 1233 3025 1279 essent
3072 1226 3328 1279 Saraceni
3353 1265 3366 1286 ,
3411 1226 3612 1278 ibidmn

2037 1326 2452 1378 commorautes,
2468 1325 2576 1370 tam
2593 1315 2866 1371 fcminaru
2877 1332 2924 1370 m
2945 1327 2996 1371 et
3019 1331 3332 1385 puerorum,
3347 1331 3507 1384 quam
3528 1317 3585 1384 ju
3599 1345 3624 1356 -~

2037 1416 2341 1462 mentorum
2377 1407 2634 1461 sordibus
2661 1414 2715 1462 et
2740 1407 3102 1461 immunditiis
3137 1408 3312 1460 locum
3343 1423 3613 1476 conspur-

2035 1507 2250 1553 carunt.
2284 1498 2527 1566 Quadam
2569 1501 2738 1568 igitur
2769 1500 2878 1562 die,
2909 1501 3097 1555 multis
3120 1515 3309 1554 eorum
3348 1513 3455 1553 una
3485 1515 3617 1554 con-

2038 1589 2352 1645 sidentibus
2403 1598 2457 1644 et
2508 1590 3030 1656 confabulantibus,
3083 1607 3227 1645 unus
3273 1593 3524 1660 sagittam
3560 1591 3612 1644 in

2038 1678 2217 1733 sancti
2273 1677 2549 1732 Theodori
2603 1679 2898 1747 imaginem
2953 1678 3260 1743 contorsit,
3296 1677 3459 1746 cujus
3514 1677 3616 1730 hu-

2041 1784 2253 1822 merum
2317 1769 2574 1823 dextrum
2647 1769 2968 1839 perforavit.
3025 1768 3336 1838 Statimque
3389 1767 3616 1836 sanguis

2040 1860 2376 1926 scaturiens,
2406 1860 2474 1914 ad
2522 1861 2687 1914 imam
2720 1869 2929 1930 partem
2958 1859 3197 1925 decidit,
3236 1860 3453 1914 cunctis
3485 1874 3616 1928 pro-

2039 1951 2246 2021 digium
2297 1953 2400 2007 hoc
2425 1951 2575 2022 quod
2623 1952 2924 2018 acciderat,
2961 1952 3330 2023 sagittamque
3379 1953 3609 2005 humero

2039 2042 2220 2097 sancti
2274 2041 2498 2096 inﬁxam
2530 2053 2584 2098 et
2625 2057 2878 2098 cruorem
2935 2052 3247 2096 manantem
3301 2027 3617 2096 contuenti-

2039 2133 2165 2189 bus.
2195 2131 2308 2188 Nec
2344 2141 2526 2188 tamen
2558 2133 2829 2203 inopinati
2867 2133 3240 2202 stupendique
3285 2132 3421 2186 adeo
3471 2133 3616 2202 signi

2038 2233 2092 2281 et
2144 2225 2400 2280 miraculi
2469 2225 2811 2294 spectatione
2868 2224 3238 2294 resipuerunt.
3287 2222 3405 2278 Non
3460 2207 3625 2277 illum-

2041 2317 2297 2388 pmnituit
2325 2317 2419 2387 qui
2467 2317 2722 2388 sagittam
2767 2316 2998 2386 jecerat.
3043 2313 3244 2371 Nullus
3277 2331 3466 2370 eorum
3506 2326 3616 2368 tor—

2039 2408 2183 2463 ritus
2235 2406 2362 2462 fuit.
2394 2408 2472 2461 Ex
2519 2408 2723 2477 templo
2748 2422 2859 2461 non
2889 2414 3276 2472 recesserunt,
3313 2423 3412 2462 nec
3451 2407 3519 2462 ab
3548 2421 3617 2461 eo

2040 2497 2380 2553 sordidando
2427 2499 2705 2554 ullatenus
2751 2500 3168 2554 abstinuerunt.
3223 2497 3378 2554 Unde
3428 2508 3614 2553 extre-

2039 2603 2157 2644 mas
2184 2591 2450 2646 scelerum
2472 2606 2698 2646 suorum
2730 2606 2921 2660 poenas
2954 2593 3181 2647 ultrices
3213 2592 3454 2646 luerunt.
3474 2591 3611 2648 Cum

2036 2680 2183 2735 enim
2212 2680 2404 2752 viginti
2440 2689 2674 2752 quatuor
2697 2690 2884 2739 essent
2910 2698 3098 2738 eorum
3133 2682 3373 2750 familiai,
3407 2698 3530 2753 quae
3561 2685 3611 2736 in

2039 2771 2298 2842 templum
2356 2773 2746 2842 divertebant,
2804 2776 2949 2830 intra
2997 2776 3114 2832 dies
3165 2791 3371 2848 paucos
3417 2778 3617 2833 acerba

2039 2871 2214 2917 morte
2241 2877 2434 2920 omnes
2467 2868 2796 2936 consumpti
2835 2875 3005 2922 sunt:
3038 2883 3160 2922 cum
3195 2869 3380 2923 nullus
3413 2868 3518 2922 hoc
3558 2869 3610 2921 in

2038 2953 2244 3023 oppido
2293 2955 2604 3020 interierit,
2642 2967 2841 3026 praeter
2891 2959 3015 3016 illos
3043 2961 3137 3029 qui
3174 2961 3228 3014 in
3262 2960 3462 3030 templo
3495 2977 3611 3015 ωο-

2047 3044 2151 3097 rati
2184 3043 2424 3099 fuerant.
2459 3045 2582 3100 llaec
2616 3047 2784 3118 igitur
2805 3048 2984 3120 imago
3015 3067 3135 3120 quae
3164 3051 3364 3121 sagitta
3395 3054 3610 3106 conﬁxa

349 3135 524 3190 εἰκὼν
555 3137 589 3206 ἡ
626 3135 940 3200 τοξευθείσα
994 3133 1076 3186 ἔτι
1127 3133 1396 3203 πάρεστιν
1446 3129 1645 3200 ἔχουσα
1692 3131 1787 3183 καὶ
1834 3130 1934 3202 τὴν

2040 3133 2177 3200 fuit,
2209 3137 2391 3192 adhuc
2446 3147 2736 3208 superest,
2785 3156 2849 3196 ac
2900 3142 3100 3198 vulnus
3154 3146 3366 3214 sagitta:
3396 3155 3450 3199 et
3480 3159 3608 3198 san-

347 3228 575 3300 πληγὴν
607 3229 708 3300 τῆς
761 3227 1030 3297 σαγίτας,
1063 3225 1157 3279 καὶ
1198 3224 1288 3277 τδν
1316 3222 1485 3277 τύπον
1527 3221 1622 3274 τοῦ
1683 3222 1933 3291 αἵματος.

351 3319 550 3374 Πολλοὶ
594 3319 652 3373 δὲ
696 3318 832 3384 ζῶσι
888 3319 997 3372 τῶν
1049 3315 1436 3386 θεασαμένων,
1469 3313 1566 3367 καὶ⁵
1605 3312 1939 3384 εὑρεθέντων

341 3412 479 3466 τότε
501 3451 516 3476 ,
543 3413 632 3466 ὅτε
655 3411 718 3464 τὸ
741 3409 1044 3481 παράδοξον
1086 3406 1246 3462 τοῦτο
1292 3405 1503 3475 γέγονε.
1535 3405 1704 3475 Κάγὼ
1735 3405 1791 3459 δὲ
1818 3449 1832 3470 ,
1863 3406 1938 3472 ὡς

343 3503 696 3574 θεασάμενος
747 3503 847 3572 τὴν
904 3500 1070 3554 αὑτοῦ
1110 3500 1316 3563 εἰκόνα,
1365 3497 1463 3552 καὶ⁹
1518 3497 1939 3569 θεασάμενος,ὃ

343 3592 678 3663 ἐθεασάμην
706 3590 940 3662 ἔγραψα.
972 3610 990 3641 ι

355 3689 466 3740 Ἐκ
507 3683 614 3738 τοῦ
644 3682 790 3747 ,ϐίου
829 3681 934 3736 τοῦ
974 3681 1146 3750 ἁγίου
1186 3679 1502 3750 Συμεῶνος
1531 3680 1637 3734 τοῦ
1677 3684 1934 3750 θαυματ-

419 3752 646 3840 ουρτοῦ
701 3751 832 3840 ,ςῗξῖὴ
863 3791 876 3814 ,
945 3749 1236 3840 ἐςήῖησιε
1301 3749 1612 3840 Ἀρκαρίου
1676 3749 1938 3840 ἀρχιδ-αξι-

407 3819 655 3880 (rx-ditat!
692 3819 952 3890 Κύπρου,
981 3819 1177 3891 θαῦμα
1207 3819 1539 3874 ἑκατοστὸν
1586 3821 1940 3888 τριακοστὸν

422 3894 728 3961 δεύτερον.

435 4007 456 4039 α
499 3983 705 4051 Συνέϐη
741 3982 799 4036 δέ
828 3984 888 4036 ἐν
911 3984 1034 4042 ταῖς
1061 3980 1299 4051 ἡμέραις
1323 3981 1561 4043 ἐκείναις
1581 4019 1596 4046 ,
1627 3981 1797 4052 ἄνδρα
1818 3983 1940 4036 τινὰ

337 4074 620 4142 ἀγοραῖον
648 4071 747 4138 τῆς
777 4070 990 4131 πόλεως
1035 4067 1368 4139 Ἀντιοχείας
1403 4071 1600 4138 συνοχῇ
1629 4068 1772 4140 δεινῇ
1813 4087 1941 4123 κατ-

335 4163 583 4238 έχεσθαι
610 4161 717 4214 ὑπὸ
749 4159 1000 4228 δαίμονος
1047 4155 1318 4228 πονηροῦ,
1351 4157 1448 4211 καὶ
1481 4159 1937 4227 στενοχωρεῖσθαι

333 4259 443 4313 ἐπὶ
474 4252 738 4325 χρόνους,
761 4249 904 4303 ὥστε
954 4247 1391 4328 καταπνίγεσθαι
1426 4248 1590 4301 αύτδν
1625 4249 1716 4301 ὑπ’
1749 4249 1934 4316 αὑτοῦ,

339 4340 748 4416 σφιγγομένων
797 4337 905 4391 τῶν
960 4337 1201 4392 πνοϊκῶν
1254 4335 1455 4390 αὐτοῦ·
1485 4330 1638 4401 οὗτος
1695 4337 1936 4393 ἀνελθὼν

338 4437 500 4510 πρὸς
527 4433 620 4487 τὸν
649 4433 866 4500 Ἀγιον,
893 4429 990 4482 καὶ
1010 4428 1188 4500 τυχὼν
1219 4429 1413 4494 ἰάσεως
1438 4432 1560 4493 ταῖς
1600 4429 1770 4484 αὐτοῦ
1798 4448 1934 4501 πρε-

333 4527 589 4588 σϐείαις.
621 4523 715 4576 καὶ
754 4521 1045 4592 γενόμενος
1078 4521 1154 4584 ὼς
1201 4521 1368 4591 μηδὲν
1405 4521 1692 4586 πεπονθὼς
1741 4521 1932 4588 κακὸν,

329 4622 442 4677 καὶ
484 4613 800 4670 ἐπανελθὼν
820 4615 900 4676 εἰς
926 4613 1019 4667 τὸν
1054 4613 1187 4666 ῐδιον
1219 4607 1371 4672 οἷκον
1390 4654 1406 4679 ,
1431 4615 1552 4666 κατ’
1582 4615 1936 4686 εὐχαριστίαν

329 4715 660 4781 ἀνέστησεν
697 4706 846 4776 αὐτῷ
875 4706 1060 4760 εἰκόνα
1087 4707 1147 4761 ἐν
1165 4705 1412 4777 δημοσίῳ
1442 4706 1538 4760 καὶ
1575 4707 1808 4777 ἐμφανεί
1837 4707 1937 4778 τῆς

331 4805 570 4865 πόλεως
628 4798 802 4870 τόπῳ,
836 4795 1022 4851 ἐπάνω
1051 4797 1161 4850 τῶν
1209 4797 1390 4868 θυρῶν
1431 4797 1526 4851 τοῦ
1569 4798 1934 4869 ἐργαστηρίου

327 4893 544 4953 αὑτοῦ.
592 4889 813 4953 Ἰδόντες
837 4888 894 4942 δὲ
920 4888 1094 4959 αὐτήν
1120 4905 1267 4951 τινες
1307 4889 1418 4942 τῶν
1468 4889 1735 4954 ἀπίστων,
1757 4889 1934 4955 οὕτως

328 4987 595 5057 ἐντίμως
655 4982 794 5054 μετὰ
848 4979 1046 5050 φώτων
1083 4981 1178 5034 καὶ
1209 4979 1388 5051 βήλων
1416 4979 1803 5053 δοξαζομένην,
1841 4984 1938 5037 καὶ

329 5075 689 5148 πλησθέντες
721 5072 909 5142 ζήλου,
938 5070 1312 5142 συνετάραξαν
1346 5072 1474 5134 τοὺς
1504 5071 1723 5141 ὁμοίους
1755 5073 1937 5126 αὐτῶν

325 5171 628 5229 ἀτάκτους
682 5164 1002 5235 ἀνθρώπους
1023 5204 1037 5229 ,
1074 5161 1216 5216 ὥστε
1268 5162 1546 5216 συνελθεῖν
1593 5162 1798 5233 πλῆθος
1841 5164 1937 5216 καί⁵

2041 3225 2222 3296 guinis
2251 3227 2481 3300 vestigia
2528 3240 2840 3287 conservat.
2872 3231 3026 3287 Multi
3059 3240 3240 3287 autem
3285 3250 3472 3289 eorum
3517 3234 3610 3303 qui

2045 3330 2158 3370 rem
2191 3316 2486 3387 viderunt,
2522 3335 2698 3391 eoque
2747 3332 2992 3393 tempore
3030 3321 3361 3389 adfuerunt,
3392 3326 3616 3395 quando

2041 3405 2369 3464 miraculum
2423 3411 2570 3468 istud
2616 3414 2878 3484 contigit,
2917 3416 2970 3471 in
3029 3417 3169 3472 vivis
3210 3417 3371 3472 hodie
3415 3432 3611 3488 super-

2041 3495 2199 3552 stites
2238 3508 2387 3556 sunt.
2440 3503 2585 3568 Quin
2632 3519 2734 3574 ego
2768 3505 2885 3576 ipse
2937 3509 3228 3578 imaginem
3261 3509 3405 3572 vidi,
3456 3519 3512 3564 et
3553 3525 3621 3564 re

2039 3588 2385 3644 considerata
2406 3629 2421 3656 ,
2456 3592 2597 3647 hanc
2629 3595 2686 3648 in
2721 3598 2944 3668 scriptis
2976 3600 3161 3654 retuli.
3196 3619 3214 3650 ι

2040 3677 2123 3731 Ex
2163 3681 2494 3763 uitalsan‘cti
2528 3683 2826 3763 Sgtireonis
2867 3689 3249 3763 miraculorum
3299 3692 3561 3763 e/fcctoris
3591 3734 3606 3756 .

2108 3753 2619 3876 ﬁga‘tige.Arcadii
2678 3758 3052 3827 archiepiscopi
3107 3761 3266 3830 Cypri
3307 3753 3610 3825 finirach

2115 3995 2133 4026 ι
2160 3975 2403 4046 Contigit
2417 3986 2596 4036 autem
2629 3980 2737 4035 illis
2762 3945 2977 4046 diebus,
2994 3992 3051 4036 ut
3067 3984 3150 4037 vir
3177 3985 3398 4054 quidam
3423 3986 3610 4040 Antio-

2038 4069 2174 4123 chiae
2214 4070 2452 4126 civitatis
2492 4080 2770 4127 mercator
2812 4087 3019 4143 angore
3060 4078 3211 4145 gravi
3259 4076 3326 4129 ab
3361 4076 3614 4144 improbo

2038 4160 2287 4216 daemone
2346 4173 2639 4218 vexaretur
2672 4203 2688 4229 ,
2723 4179 2899 4234 eoque
2947 4181 3044 4234 per
3105 4167 3310 4219 multos
3361 4165 3479 4220 dies
3521 4181 3610 4219 ar-

2038 4258 2280 4306 ctaretur
2297 4292 2312 4317 ,
2335 4252 2408 4306 ita
2434 4260 2492 4308 ut
2514 4253 2812 4310 interclusa
2838 4256 3200 4326 respiratione
3223 4256 3604 4312 suffocaretur.

2036 4343 2089 4399 ls
2128 4343 2408 4413 profectus
2450 4345 2516 4400 ad
2561 4347 2861 4412 Sanctum,
2893 4348 3126 4416 ejusque
3159 4349 3414 4417 precibus
3454 4352 3607 4406 sani-

2040 4443 2204 4490 tatem
2240 4444 2548 4499 assecutus,
2583 4444 2645 4490 ut
2691 4436 2829 4490 nihil
2871 4438 3107 4492 subinde
3138 4439 3264 4492 mali
3301 4446 3602 4508 pateretur,

2036 4539 2158 4579 cum
2189 4525 2410 4580 domum
2439 4525 2730 4590 rediisset,
2765 4526 2819 4580 in
2871 4529 3011 4598 grati
3056 4529 3224 4582 animi
3275 4545 3606 4588 monumen-

2035 4624 2149 4671 tum
2172 4655 2187 4680 ,
2221 4615 2277 4670 in
2316 4616 2540 4686 publico
2579 4617 2994 4689 conspicuoque
3028 4620 3266 4678 civitatis
3308 4624 3430 4677 loco
3453 4666 3466 4689 ,
3509 4642 3606 4680 su-

2035 4721 2133 4776 pra
2185 4706 2416 4762 oﬂicinae
2463 4723 2577 4764 suae
2615 4708 2839 4776 ianuam
2883 4711 3171 4782 imaginem
3237 4715 3358 4784 ejus
3404 4721 3602 4774 erexit.

2033 4795 2190 4853 Hanc
2251 4796 2552 4852 inﬁdelium
2621 4799 2844 4870 quidam
2917 4803 3249 4873 conspicati,
3307 4805 3608 4863 luminibus

2032 4887 2278 4957 velisque
2325 4888 2555 4944 honoris
2607 4905 2739 4961 ergo
2789 4891 3138 4959 decoratam,
3195 4897 3383 4966 repleti
3447 4901 3604 4961 zelo,

2032 4978 2242 5035 similes
2271 4979 2357 5034 sui
2387 4979 2631 5038 nefarios
2656 4982 2907 5042 homines
2931 4988 3320 5054 concitarunt,
3359 4998 3418 5045 ut
3445 4991 3613 5045 turba-

2033 5070 2368 5127 conveniens
2419 5074 2760 5130 tumultuose
2817 5078 3240 5134 succlamaverit
3281 5097 3295 5133 :
3338 5079 3380 5133 E
3425 5079 3607 5135 medio

2035 5161 2266 5218 tollatur
2312 5164 2405 5220 ille
2451 5165 2546 5235 qui
2593 5167 2708 5223 haec
2763 5167 2926 5237 fecit,
2966 5181 3021 5226 et
3062 5172 3243 5242 imago
3289 5170 3602 5239 dejiciatur.

1870 5341 2095 5400 NOTrE.

417 5455 549 5530 (3.5)
585 5455 1170 5530 Tovﬂavpatovproﬁ
1191 5493 1207 5516 ,
1241 5455 1622 5530 miraculorum
1649 5457 1928 5530 effector-is.

417 5469 549 5530 (2)3)
585 5469 696 5507 που
721 5469 1170 5576 θαυματουρέου
1191 5493 1207 5516 ,
1241 5469 1622 5510 miraculorum
1649 5469 1928 5525 emetat-is.

333 5526 673 5584 motionem
697 5520 838 5595 hanc
862 5532 1048 5574 mutan
1092 5537 1176 5576 am
1200 5537 1320 5595 n_ou_
1333 5526 1555 5595 censui,
1576 5534 1796 5595 propter
1818 5527 1932 5581 hunc

334 5597 697 5664 verbaquzu
751 5590 1185 5664 subsequuntur,
1222 5591 1406 5664 θαῦμα
1443 5590 1592 5664 ρλβ’,
1616 5590 1934 5651 miraculum

335 5659 706 5725 centesimqu
749 5660 1070 5733 tricesimum
1121 5659 1567 5733 gegnddmeéd
1602 5677 1707 5720 act.
1733 5667 1766 5718 4
1791 5682 1920 5733 syn-

335 5736 438 5794 odi
501 5745 582 5784 vn
622 5731 1090 5800 cognominatur:
1131 5729 1235 5782 Τοῦ
1286 5731 1611 5801 Θαυμαστοῦ
1662 5729 1842 5806 ὅρους,
1894 5755 1926 5790 a

2037 5475 2209 5516 monte
2230 5463 2584 5536 Thaumasto:
2604 5465 3084 5536 quinempeijuxta
3098 5465 3443 5536 Antiochiam
3461 5481 3603 5536 erat,

2036 5543 2090 5606 et
2129 5548 2297 5606 supra
2324 5550 2483 5606 quem
2518 5534 2878 5606 in_column_a
2911 5535 3422 5606 δγιῃβοηίάσκησιν
3467 5534 3601 5606 egit,

2037 5556 2090 5586 l'l
2129 5556 2292 5601 θυμω
2324 5556 2483 5602 11110111
2518 5556 2571 5586 ΙΙΙ
2623 5556 2878 5588 (ΣυΙυΙΙΙΙΙᾺ
2911 5556 3148 5604 Dymcon
3189 5556 3422 5606 ασκησιν
3467 5556 3497 5594 θ
3538 5556 3601 5604 ΙΙ,

2037 5601 2253 5680 iustitio
2279 5604 2530 5680 juniore,
2567 5601 2786 5680 Tiberio
2833 5602 2875 5657 ll
2911 5613 2965 5658 et
2987 5603 3258 5680 Ablauritio
3302 5605 3470 5680 impp.
3500 5556 3610 5667 ’δι’

2025 5672 2169 5728 desis
2210 5671 2400 5743 Evagr.
2440 5674 2530 5726 lih.
2559 5689 2607 5727 vi
2641 5672 2804 5739 llist.,
2829 5688 2950 5744 cap.
2983 5673 3072 5730 22.
