4074 6146
461 360 597 427 1395
1608 365 1665 424 S.
1697 361 2016 424 JOANNIS
2049 361 2481 422 DAMASCENI
3565 346 3710 411 1396

457 475 657 529 Verum
686 471 873 528 divina
905 471 1250 544 providentia
1281 471 1483 527 factum
1521 481 1605 528 est
1625 514 1640 540 ,
1671 481 1732 528 ut
1757 474 1840 528 vir
1863 472 2028 528 domo

2146 471 2442 542 ινταράχως
2476 467 2698 540 κράζειν
2721 484 2732 497 ·
2761 461 2892 535 Αἶρε
2920 461 3015 517 τοῦ
3038 464 3140 533 ζῇν
3167 460 3258 515 τδν
3290 460 3450 515 τοῦτο
3475 477 3708 529 πεποιη-

454 567 697 623 abesset.
727 563 1051 630 Vehementi
1085 564 1290 634 quippe
1321 562 1507 619 furore
1555 564 1750 634 perciti
1782 570 1941 621 erant
1971 571 2031 618 ut

2146 565 2289 628 κότα,
2335 563 2430 616 καὶ
2477 562 2510 631 ἡ
2560 558 2725 614 εἰκὼν
2774 555 3194 626 καταϐληθὴτω.
3222 553 3431 624 Συνέϐη
3477 553 3534 606 δὲ
3583 553 3711 606 κατ’

455 658 612 711 illum
634 654 1029 719 interﬁcerent,
1063 657 1211 710 inter
1244 657 1360 712 haec
1390 656 1516 712 aliis
1545 657 1654 712 alia
1677 655 2030 713 vociferanti-

453 749 580 802 bus.
601 746 768 801 Multa
781 747 946 817 3'79
959 746 1227 818 siquidem
1249 757 1303 802 et
1314 746 1473 802 valde
1490 762 1689 819 magna
1702 756 1822 803 erat
1839 763 2028 804 eorum

458 839 703 908 nequitia
745 839 801 894 in
853 847 1156 908 conspectu
1199 838 1329 907 Dei,
1362 855 1468 896 nec
1507 856 1617 896 non
1653 841 1910 897 immanis
1961 841 2031 896 li-

455 946 575 992 vor,
608 946 716 1000 qua
745 930 966 1000 quidem
999 931 1214 1002 abrepti
1242 932 1384 988 istuc
1408 942 1804 996 conveneram,
1832 949 2031 1004 oppor-

454 1029 649 1076 tunum
684 1021 878 1077 adesse
906 1029 1125 1093 tempus
1159 1024 1304 1087 rati,
1348 1023 1618 1080 adversus
1659 1031 1914 1080 sanctum
1949 1026 2032 1080 vi-

456 1127 578 1166 rum
610 1111 934 1182 insurgendi
957 1151 974 1178 ,
1010 1127 1249 1183 cumque
1275 1114 1628 1170 contumeliis
1655 1117 1983 1186 aspergendi
2012 1132 2026 1170 :

456 1201 586 1272 quia
633 1199 954 1272 frequenter
999 1202 1285 1270 gentilium
1334 1203 1682 1259 malesanam
1741 1205 1900 1262 ﬁdem
1943 1221 2033 1262 er-

456 1306 753 1362 roremque
801 1291 1178 1364 redarguerat.
1231 1293 1364 1348 Cum
1409 1294 1578 1365 igitur
1639 1297 1774 1352 tanti
1827 1296 2031 1355 furoris

456 1381 788 1452 impotentes
826 1392 1044 1447 essent,
1073 1383 1311 1437 militum
1353 1385 1591 1455 cuipiam
1617 1387 1936 1456 jusserunt,
1973 1399 2032 1442 ut

459 1473 782 1527 conscensis
852 1472 1116 1542 gradibus
1172 1474 1468 1545 imaginem
1527 1476 1888 1533 disturbaret.
1932 1480 2030 1534 Hic

459 1577 584 1617 cum
657 1564 1050 1628 ascendisset,
1111 1579 1421 1636 manusque
1466 1566 1622 1638 jussa
1687 1571 2032 1638 perfecturus

460 1653 816 1719 extenderet,
866 1670 896 1709 e
945 1657 1233 1724 superiore
1279 1657 1465 1713 statim
1523 1659 1648 1714 loco
1701 1661 1851 1716 humi
1907 1679 2032 1719 cor-

463 1759 632 1798 ruens
687 1743 897 1800 l‘ractus
951 1746 1055 1800 fuit
1098 1765 1112 1800 :
1161 1748 1308 1804 unde
1366 1764 1597 1822 magnus
1651 1754 1702 1807 in
1739 1756 1900 1810 turba
1945 1765 2033 1810 tu-

463 1835 673 1888 multus
709 1845 866 1892 ortus
894 1846 996 1892 est.
1029 1836 1110 1892 Illi
1153 1839 1512 1897 nihilominus
1537 1846 1788 1901 accensis
1833 1847 2034 1903 animis

465 1923 819 1995 adjecerunt,
860 1937 920 1982 ut
950 1930 1180 1984 alterum
1219 1946 1286 1986 eo
1332 1932 1642 2002 adigerent;
1670 1936 1764 2006 qui
1818 1937 2036 2007 quidem

465 2017 810 2084 exporrectis
846 2017 974 2072 item
1009 2019 1260 2073 manibus
1283 2035 1393 2088 quo
1434 2021 1728 2093 imaginem
1782 2025 2037 2082 detrahe-

467 2112 586 2170 ret,
619 2106 672 2160 in
707 2114 910 2162 terram
957 2109 1163 2177 pariter
1196 2109 1390 2165 allisus
1435 2122 1553 2166 est:
1585 2128 1650 2167 ex
1683 2129 1792 2183 quo
1847 2130 2038 2172 omnes

465 2206 610 2250 metu
645 2197 916 2266 perculsi,
957 2199 1140 2254 crucis
1199 2200 1358 2270 signo
1403 2217 1526 2256 sese
1586 2205 1803 2260 munire
1858 2221 2042 2277 cmpe-

469 2299 620 2342 runt.
677 2288 877 2344 Verum
941 2291 1199 2348 infideles
1250 2291 1498 2350 furentes
1552 2295 1771 2365 adhuc,
1817 2302 2038 2354 tertium

472 2394 700 2450 quoque
731 2380 921 2437 eodem
959 2383 1358 2448 admoverunt,
1398 2385 1490 2455 qui
1537 2401 1661 2441 cum
1693 2403 1887 2446 manus
1917 2406 2040 2444 rur-

471 2487 592 2526 sum
676 2476 1046 2543 protendisset
1078 2517 1094 2542 ,
1183 2484 1246 2531 ut
1320 2477 1612 2548 imaginem
1694 2481 2039 2548 demitteret,

473 2564 592 2633 ipse
640 2565 806 2620 etiam
878 2565 1043 2620 simili
1098 2565 1208 2621 fato
1271 2568 1535 2622 deorsum
1605 2569 1826 2626 cecidit.
1886 2571 2044 2626 Tunc

473 2671 666 2713 omnes
703 2658 798 2728 qui
839 2659 1067 2714 aderant
1096 2659 1285 2715 ﬁdeles
1334 2661 1527 2732 ingens
1573 2663 1772 2718 horror
1806 2664 2045 2733 invasit,

477 2757 640 2820 atque
716 2747 1050 2830 inﬁdelium,
1093 2751 1404 2806 caecitatem
1464 2751 1860 2825 audaciamque
1933 2757 2048 2811 mi-

479 2843 624 2906 rati,
691 2840 920 2897 adorata
988 2829 1270 2913 imagine,
1323 2842 1574 2914 fusisque
1627 2844 1881 2912 precibus
1936 2847 2062 2902 dis-.

479 2941 786 2987 cesserunt.
829 2951 847 2983 ι

2131 654 2444 724 οἰκονομίαν
2470 650 2606 705 Θεοῦ
2633 649 2724 704 τὸν
2751 648 2920 718 ἀνδρα
2950 647 3024 718 μὴ
3055 644 3347 716 εὑρεθῆναι
3379 644 3500 698 τότε
3536 645 3598 696 ἐν
3627 644 3712 713 τῷ

2131 748 2267 818 οἴκῳ
2287 745 2474 800 αὐτοῦ.
2493 742 2907 816 Προεθυμοῦντο
2932 742 3042 810 γὰρ
3059 734 3496 808 διαχειρίσασθαι
3522 733 3706 794 αὐτὸν,

2131 839 2304 894 ἄλλων
2336 837 2471 892 ἄλλα
2495 835 2827 907 κραζόντων.
2872 833 2937 884 Ἦ
2960 831 3068 901 γὰρ
3106 828 3277 883 κακία
3319 825 3500 880 αὐτῶν
3537 824 3709 893 πολλὴ

2133 929 2226 981 καὶ
2256 925 2473 998 μεγάλη
2499 919 2568 995 ἦν
2607 921 2837 977 ἐνώπιον
2864 919 2960 972 τοῦ
2983 917 3119 971 Θεοῦ
3148 915 3375 985 σφόδρα,
3406 914 3499 967 καὶ
3521 914 3550 965 ὁ
3575 913 3709 981 φθό-

2131 1036 2220 1082 νος
2241 1018 2500 1088 ἀμετρος,
2524 1017 2616 1085 ὑφ’
2637 1005 2700 1068 οὗ
2727 1011 2822 1067 καὶ
2851 1007 3073 1082 ἐνεργού
3083 1024 3255 1077 μενοι,
3278 1006 3360 1067 εἰς
3392 1002 3550 1056 τοῦτο
3585 1019 3710 1054 συν-

2132 1110 2505 1182 εληλύθεισαν,
2536 1108 2727 1178 καιρὸν
2747 1104 3071 1176 νομίσαντες
3112 1101 3292 1171 εὑρεῖν
3329 1093 3708 1150 καταστασιάο

2135 1221 2225 1258 σαι
2250 1203 2343 1258 καὶ
2371 1200 2699 1272 καθυϐρίσαι
2720 1199 2810 1254 τὸν
2837 1195 3098 1266 ἆγιον,ὼς
3123 1191 3383 1253 πολλάκις
3409 1187 3712 1256 ἐλέγξαντα

2131 1297 2230 1366 τὴν
2259 1294 2618 1348 κακοπιστίαν
2673 1289 2768 1344 καὶ
2797 1287 3006 1358 πλάνην
3033 1284 3142 1338 τῶν
3175 1285 3233 1337 ἐν
3283 1281 3468 1343 αὐτοῖς
3497 1279 3712 1366 ἑλληνι-

2134 1365 2354 1448 ζόντων.
2398 1381 2486 1444 Ὠς
2511 1379 2604 1434 οὖν
2631 1379 2732 1431 οὐκ
2762 1375 3025 1445 ἠδύναντο
3072 1372 3261 1443 φέρειν
3293 1369 3391 1438 τὴν
3439 1365 3712 1432 τοσαύτην

2137 1473 2357 1544 μανίαν,
2392 1469 2700 1540 ἐπέτρεψαν
2753 1468 2833 1519 ἐνὶ
2882 1466 2992 1518 τῶν
3043 1460 3432 1534 στρατιωτῶν,
3463 1457 3712 1511 ἀνελθεῖν

2134 1567 2192 1618 ἐν
2229 1563 2560 1632 ἀναϐαθμοῖς
2585 1601 2600 1625 ,
2651 1561 2746 1614 καὶ
2796 1557 2948 1629 ῥίψαι
2998 1556 3097 1625 τὴν
3145 1553 3329 1606 εἰκόνα
3350 1567 3363 1580 ’
3393 1547 3629 1603 ἀνελθὼν
3651 1547 3711 1599 δὲ

2135 1658 2374 1718 ἐκεῖνος,
2408 1653 2504 1706 καί
2556 1651 2804 1712 ἐκτείνας
2844 1650 2943 1710 τὰς
2997 1647 3189 1716 χεῖρας
3240 1640 3336 1694 τοῦ
3394 1637 3618 1706 ποιῆσαι
3648 1635 3714 1699 τὸ

2136 1744 2500 1818 προσταχθὲν,
2528 1743 2732 1805 εὐθέως
2761 1738 3054 1811 ἀπεῤῥάγη
3103 1732 3313 1789 ἀνωθεν
3356 1730 3510 1784 κάτω
3539 1743 3713 1818 κατα·

2139 1816 2318 1891 πεσὼν
2345 1836 2437 1888 ἐπὶ
2483 1834 2584 1902 τὴν
2605 1833 2730 1901 γῆν,
2759 1831 2855 1884 καλ⁵
2888 1829 3105 1897 ἐγένετο
3154 1821 3379 1894 θόρυϐος
3421 1818 3596 1889 μέγας
3631 1816 3714 1876 είς

2137 1927 2228 1982 τὸν
2258 1926 2432 1997 ὄχλον.
2460 1925 2570 1978 Καὶ
2615 1921 2941 1994 προσέθεντο
2986 1915 3311 1986 ἐξαφθέντες
3333 1909 3532 2005 ,ἀλλον
3581 1907 3713 2005 ἀναέ

2139 2019 2331 2089 γαγεῖν
2358 2017 2500 2084 ,καὶ
2555 2015 2802 2076 ἐκτείνας
2855 2011 3106 2070 κάκεῖνος
3150 2005 3250 2068 τὰς
3300 2003 3490 2074 χεῖρας
3547 1997 3713 2052 αὐτοῦ

2140 2109 2446 2182 κατασῦραι
2494 2108 2682 2178 αὐτὴν,
2708 2103 2970 2166 ὡσαύτως
3001 2098 3294 2170 ἀπερῤάγη
3329 2094 3421 2147 ἐπὶ
3462 2091 3561 2160 τὴν
3585 2089 3710 2157 γῆν.

2141 2210 2254 2263 Καὶ
2289 2207 2481 2260 τούτου
2512 2202 2802 2274 γενομένου
2824 2241 2841 2267 ,
2865 2196 3194 2271 φοϐηθέντες
3224 2193 3448 2256 πάντες,
3479 2185 3713 2258 ἡρξαντο

2141 2301 2242 2372 τὴν
2289 2298 2558 2371 σφραγῖδα
2585 2295 2681 2350 τοῦ
2713 2292 2948 2364 σταυροῦ
2982 2288 3305 2360 περιάπτειν
3334 2275 3712 2372 ἐαυτοῖςῖἜπὶ

2145 2369 2308 2447 πλέον
2335 2369 2392 2444 δέ
2434 2388 2737 2462 μεμηνότες
2777 2387 2829 2439 οἱ
2861 2384 3082 2438 ἄπιστοι
3116 2380 3317 2434 ἐκεῖνοι
3338 2414 3354 2439 ,
3386 2369 3715 2462 προσέθεντο

2145 2486 2238 2538 καὶ
2287 2460 2467 2554 τρίτον
2513 2477 2802 2545 ἀνενέγκαι
2841 2475 2934 2528 ἐπὶ
2977 2472 3152 2541 τούτῳ
3174 2509 3189 2534 ,
3221 2467 3316 2522 καὶ
3367 2465 3444 2527 ὼς
3483 2460 3713 2554 ἐξέτεινε

2147 2577 2242 2630 καὶ
2271 2550 2432 2635 αύτδς
2461 2570 2560 2632 τὰς
2592 2571 2777 2640 χεῖρας
2814 2565 2908 2618 τοῦ
2945 2563 3100 2634 ῥίψαι
3132 2561 3232 2630 τὴν
3266 2556 3487 2618 εἰκόνα,
3517 2550 3717 2640 ὁμοίως

2148 2665 2243 2719 καὶ
2272 2662 2430 2724 αὐτὸς
2453 2638 2766 2730 κατερράγη
2792 2655 2888 2708 ἐπὶ
2909 2653 3005 2724 τὴν
3032 2651 3159 2720 γῆν.
3191 2648 3327 2744 ’ξότε
3356 2642 3521 2714 φόϐος
3545 2638 3717 2744 μέγας

2149 2755 2380 2825 ἐπῆλθεν
2402 2753 2494 2806 ἐπὶ
2546 2725 2765 2812 πάντας*
2799 2746 2926 2808 τοὺς
2977 2739 3351 2813 περιεστῶτας
3383 2725 3721 2830 πιστούςοοοῑ

2151 2849 2247 2902 καὶ
2293 2842 2720 2913 ἐκπληττόμενοι
2772 2838 2862 2890 ἐπὶ
2903 2837 2969 2906 τῇ
3002 2831 3259 2902 πωρώσει
3293 2827 3385 2881 καὶ
3405 2825 3577 2891 τόλμῃ
3612 2825 3724 2920 τῶν

2153 2941 2398 2994 ἀπίστων
2427 2936 2521 2988 καὶ
2557 2930 2785 2985 ἀνοσίων
2809 2927 3033 2982 ἐκείνων
3072 2920 3312 2993 ἀνδρῶν,
3351 2924 3722 2986 προσκυνούν-

2155 3047 2244 3094 τες
2281 3029 2424 3099 ’μετά
2457 3021 2770 3094 προσευχῆς
2800 3021 2866 3089 τῇ
2901 3015 3092 3078 εἰκόνι,
3129 3009 3457 3082 ἀνεχώρουν.
3487 3023 3506 3055 ι

482 3107 678 3188 Sancti
698 3109 926 3188 Joannis
957 3109 1322 3188 Chrysostomi
1345 3155 1360 3178 ,
1393 3129 1458 3167 ea:
1487 3115 1738 3188 oratione
1768 3116 1822 3168 in
1853 3115 1988 3188 illud
2023 3133 2040 3168 .-

2155 3121 2265 3177 Τοῦ
2289 3086 2302 3099 ’
2318 3118 2491 3188 ἀγίου
2531 3113 2804 3188 ἰωᾴζνου
2849 3107 2957 3161 τοῦ
3000 3099 3450 3188 Χουσοστόέιου,
3473 3086 3725 3188 -ἐέμι

557 3197 576 3230 ι
623 3177 846 3235 Noveris
879 3183 1006 3235 tein
1035 3177 1206 3235 niedio
1249 3177 1557 3252 laqueorum
1587 3182 1824 3238 incedere
1846 3186 1914 3238 ⁸⁸.
1954 3204 1972 3237 ι

560 3358 578 3391 ι
620 3338 978 3410 Nequaquam
1036 3339 1223 3410 igitur,
1263 3341 1897 3409 dilectissimi,mmrore
1917 3357 2053 3398 con-

487 3431 760 3496 ﬁciantur,
801 3446 936 3485 neve
965 3431 1018 3485 in
1058 3433 1316 3500 praesenti
1349 3433 1659 3489 calamitate
1687 3434 1888 3490 animis
1917 3450 2056 3489 con-

485 3521 764 3587 cidamus;
798 3522 930 3592 quin
974 3521 1178 3576 divina:
1205 3523 1382 3594 magis
1413 3524 1718 3580 clementiae
1760 3526 2054 3580 consilium

487 3612 848 3668 admiremur.
882 3611 1015 3666 Nam
1067 3628 1166 3683 per
1197 3629 1319 3684 quae
1354 3613 1607 3671 diabolus
1639 3617 1914 3672 civitatem
1953 3631 2052 3670 no-

489 3716 659 3759 stram
710 3720 772 3759 se
823 3703 1076 3760 funditus
1117 3720 1443 3762 eversurum
1482 3707 1760 3776 speravit,
1811 3723 1909 3777 per
1942 3707 2060 3761 haec

491 3797 666 3864 ipsam
703 3796 879 3850 erexit
929 3795 1112 3861 Deus,
1173 3797 1563 3868 excitavitque.
1602 3795 1872 3868 [mprobis
1915 3798 2059 3852 enim

492 3883 822 3953 quibusdam
888 3886 1205 3943 hominibus
1256 3895 1608 3959 suggesserat
1671 3889 1959 3951 diabolus,
2005 3894 2064 3941 ut

494 3976 896 4044 imperatorum
950 3984 1163 4032 statuas
1235 3978 1528 4033 inhoneste
1577 3979 1884 4044 haberent;
1955 3994 2066 4050 quo

495 4065 716 4121 tandem
753 4065 1038 4133 ipsummet
1077 4066 1321 4122 civitatis
1351 4068 1529 4122 solum
1562 4077 1853 4124 everteret.

2223 3159 3018 3260 idﬁtivz‘loﬁrtjis‘a'l'j'rdw'at,
3039 3159 3144 3227 ’ὅτι
3172 3172 3242 3225 ἐν
3263 3159 3443 3240 μέσῳ
3466 3159 3726 3231 ,κατιδων

2224 3257 2567 3320 διαϐαίνεις.
2599 3271 2618 3304 ο

2231 3371 2250 3404 ι
2277 3349 2372 3418 Μὴ
2399 3317 2580 3400 τοίνυν
2607 3340 2883 3409 ἀλγῶμεν,
2910 3329 3207 3402 ἀγαπητοὶ,
3232 3324 3364 3418 μηδέ
3387 3317 3729 3418 nefa-nimo):

2161 3459 2260 3515 μεν
2303 3405 2396 3493 ὲτὲι
2438 3439 2504 3508 τῇ
2556 3405 2802 3504 παράύσξι
2849 3426 3045 3522 θλίψει,
3078 3405 3731 3522 ἀλλὰιθαμμάιξωμενρτὸ

2159 3501 2466 3604 εὐμήχανον
2479 3501 2611 3594 ’,τῆς
2635 3501 2752 3574 -τοῦ
2774 3501 2918 3572 *Θεοῦ
2967 3512 3179 3608 σοφίας.
3195 3507 3291 3608 -Δι’
3317 3501 3391 3558 ῶν
3423 3501 3532 3608 γὰρ
3563 3511 3730 3608 πριζσζ

2161 3588 2418 3694 ἐδόκησεν
2445 3621 2473 3673 ὁ
2499 3588 2743 3676 διάϐολος
2775 3609 2874 3680 τὴν
2908 3607 3062 3659 πόλιν
3103 3601 3264 3694 ἡμῶν
3295 3592 3621 3694 καταϐἀλαι,
3647 3588 3736 3694 Et?

2160 3681 2364 3770 τούτῶν
2409 3707 2576 3778 αὐτὴν
2623 3707 2652 3758 ὁ
2695 3701 2827 3763 Θεὸς
2871 3698 3138 3785 ἀνέστησε
3183 3690 3277 3744 καὶ
3318 3681 3738 3785 ἀνώρθωσενῖὉ

2169 3807 2268 3878 μὲν
2317 3803 2426 3873 γὰρ
2471 3771 2734 3859 διάϐολος,
2768 3771 3063 3846 ἐνέπνευσέ
3108 3800 3218 3878 τισι
3255 3777 3594 3878 παρανόμοις
3638 3771 3738 3824 ἀν-

2167 3865 2426 3968 θρώποις,
2460 3888 2696 3950 καὶτοὺς
2715 3885 2822 3938 τῶν
2853 3878 3117 3954 βασιλέων
3147 3875 3367 3968 ὕϐρισαν
3389 3865 3740 3935 ἀνδρίαντας,

2167 3963 2255 4041 ἵνα
2285 3985 2380 4038 καὶ
2407 3981 2538 4036 αὐτὸ
2565 3979 2665 4049 τῆς
2689 3976 2897 4038 πόλεως
2925 3971 3162 4041 ἀφανίσῃ
3188 3965 3244 4019 τὺ
3272 3963 3482 4030 ἔδαφος.
3511 3975 3530 4008 ι

570 4159 844 4230 Ejusdem.
874 4179 891 4211 ι
913 4159 1216 4229 Postquam
1245 4165 1428 4214 autem
1462 4161 1758 4214 temerario
1791 4176 1928 4216 ausu
1953 4162 2045 4217 han

2246 4165 2359 4221 Τοῦ
2394 4159 2600 4217 αὐτοῦ.
2648 4179 2666 4208 ι
2689 4154 2906 4225 Ἐπειδὴ
2935 4153 2993 4206 δὲ
3022 4147 3222 4214 συνέϐη
3267 4143 3338 4197 τά
3384 4137 3746 4209 τολμηθέντα,

499 4257 716 4320 patrata
752 4259 913 4312 sunt,
947 4264 1011 4303 ac
1067 4248 1481 4305 sceleratissimi
1527 4248 1784 4318 quidam,
1832 4250 2042 4322 ﬂagitio

2169 4259 2266 4314 καί
2303 4273 2448 4318 τινες
2495 4249 2681 4322 μιαροὶ
2712 4248 2808 4301 καὶ
2839 4243 3154 4315 παμμίαροι
3192 4238 3319 4300 τοὺς
3348 4233 3547 4303 νόμους
3579 4245 3748 4322 xum-

501 4319 824 4413 sissimique
856 4341 1137 4396 hominum
1158 4379 1173 4406 ,
1206 4341 1544 4410 proculcatis
1569 4341 1819 4412 legibus,
1856 4319 2040 4398 statua

2171 4319 2540 4420 πατήσαντες,
2567 4319 2690 4404 τοὺς
2724 4336 3048 4410 ἀνδριάντας
3079 4329 3353 4424 καθεῖλον,
3385 4324 3481 4378 κοιλ⁴
3509 4323 3604 4424 τὸν
3620 4319 3748 4414 περὶ

501 4432 897 4497 deturbantes,
934 4441 1160 4488 caeteros
1212 4447 1409 4489 omnes
1472 4439 1724 4489 extremo
1774 4443 1938 4503 atque
1970 4434 2042 4488 im

2146 4476 2151 4502 .
2176 4440 2285 4494 τῶν
2309 4417 2560 4490 ἐκάστων
2592 4430 2758 4483 πᾶσιν
2787 4422 3176 4494 ἐπεκρέμασαν
3206 4417 3454 4470 κίνδυνον
3474 4429 3487 4442 ·
3523 4417 3616 4464 καὶ
3653 4423 3748 4457 νυν

2701 4519 2707 4521 Α
2760 4517 2786 4521 _
2859 4515 2880 4521 _
2917 4513 2940 4521 λ
2981 4512 2992 4521 ,
3321 4506 3373 4521 ,η
3523 4520 3534 4521 7
3561 4519 3570 4521 ᾼ
3599 4500 3715 4521 D___

503 4525 730 4580 minenti
754 4526 996 4596 periculo
1026 4524 1420 4596 subiecerunt;
1453 4525 1684 4588 quando
1714 4500 1862 4580 irato
1889 4526 2045 4596 impe«

2146 4500 2308 4602 ,ὑπὲρ
2345 4527 2445 4596 τῆς
2477 4521 2623 4591 ζωῆς
2653 4517 2825 4586 αὐτῆς
2856 4512 3172 4602 δεδοίκαμεν
3206 4506 3571 4602 προξύναντες
3598 4500 3749 4602 βαοσι-

505 4624 684 4671 ratore
714 4630 812 4685 pro
840 4616 953 4669 vita
984 4615 1103 4684 ipsa
1145 4614 1255 4684 jam
1295 4614 1784 4683 pertimescimus,
1816 4629 1925 4669 non
1966 4629 2045 4668 no:

2169 4589 2290 4684 λέα,
2323 4589 2510 4672 οὐκέτι
2537 4589 2724 4665 λοιπὸν
2757 4609 2792 4678 ὴ
2820 4606 2931 4660 τῶν
2975 4601 3276 4674 χρημάτων
3320 4597 3505 4651 δάκνει
3540 4589 3707 4685 ζημία
3732 4627 3749 4651 ,

506 4706 660 4774 angit
689 4683 926 4774 ainplius
962 4683 1282 4758 facultatum
1305 4704 1560 4774 jactura;
1603 4703 1724 4768 sed,
1750 4704 1818 4759 iis
1844 4704 2045 4774 postha

2172 4711 2287 4770 ἀλλ’
2319 4710 2482 4779 ἕτερα
2533 4702 2647 4757 ἀντ’
2687 4699 2944 4763 ἐκείνων,
2969 4694 3197 4782 πάντων
3218 4688 3407 4743 ἀκούω
3443 4683 3715 4782 λεγόντωῖ
3737 4695 3753 4710 ’

506 4773 670 4862 bitis,
703 4773 898 4852 omnes
949 4795 1152 4864 passim
1207 4773 1459 4851 dicentes
1505 4794 1671 4850 audio
1705 4811 1721 4848 :
1763 4773 2044 4850 Facultate

2174 4773 2531 4866 [λαϐέτω-τὴν
2567 4791 2754 4846 οὐσίαν
2782 4789 2811 4841 ὁ
2841 4783 3092 4857 βασιλεὺς
3111 4821 3125 4846 ,
3177 4773 3599 4870 ἀποστησόμειθα

510 4859 748 4956 accipiat
786 4859 1104 4955 imperator,
1136 4884 1262 4940 foro
1280 4886 1601 4955 aedibusque
1638 4884 1844 4940 nostris
1877 4893 2045 4955 spent:

2176 4859 2394 4962 ἀγορῶν
2422 4859 2517 4940 κοὶι
2552 4883 2660 4935 τῶν
2701 4875 2888 4932 οίκιῶν
2922 4869 3250 4962 ἀγαπητῶς·
3285 4867 3448 4962 μόνον
3491 4862 3552 4915 τὸ
3591 4859 3762 4962 σῶμά

509 4977 799 5039 cedemus,
837 4975 982 5029 nuda
1016 4974 1393 5031 tantummodo
1417 4989 1649 5045 corpora
1675 4973 1946 5030 servanda
1981 4973 2054 5026 ali

2179 4946 2262 5048 τίς
2288 4946 2422 5052 ἶὴμϊν
2447 4975 2651 5046 γυμνὸν
2677 4969 2983 5038 ὑπόσχηται
3005 4959 3533 5052 διασώζεινῖρσπερ
3559 4946 3764 5052 οὖν-ἐν-

515 5067 638 5137 ηυίε
672 5065 1018 5140 polliceatur.
1049 5043 1735 5135 Quemadmodumigitur,
1765 5078 1890 5118 cum
1919 5064 2045 5118 time

2181 5043 2373 5138 ταύθα,
2410 5043 2540 5140 πρὶν
2570 5064 2606 5135 ἢ
2636 5063 2728 5116 τὸν
2760 5059 2866 5113 ὑπὸ
2895 5055 2990 5110 τοῦ
3030 5053 3263 5108 θανάτου
3290 5047 3456 5117 φόϐον
3485 5043 3775 5140 ἡμῖν-ἐπιζ-

518 5160 713 5215 mortis
746 5159 990 5215 nondum
1023 5158 1374 5223 immineret,
1408 5157 1770 5226 pecuniarum
1794 5171 1896 5212 nos
1940 5157 2085 5211 mul-

2185 5129 2398 5238 στῆναί,
2433 5129 2622 5213 ἔδακεν
2659 5155 2694 5225 ἡ
2744 5149 2916 5222 ζημία
2943 5147 3053 5201 τῶν
3082 5141 3383 5238 χρημάτων
3409 5154 3422 5168 ·
3459 5133 3662 5238 ’ἐπειδὴ
3701 5129 3773 5238 .δέ

517 5264 569 5306 ta
635 5253 934 5322 carpebat;
972 5253 1051 5306 sic
1107 5249 1198 5303 ubi
1247 5249 1362 5303 haec
1415 5256 1610 5303 contra
1669 5248 1814 5318 leges
1846 5248 2045 5303 admiss

2187 5226 2464 5326 ἐτολμήθη
2493 5249 2564 5303 τά
2595 5245 2910 5316 παράνομα,
2940 5235 3293 5297 ἐπεισελθὼν,
3317 5231 3417 5302 τὴν
3448 5229 3642 5296 ὀδύνην
3665 5226 3768 5294 τῆς

517 5351 688 5405 sunt,
721 5341 918 5396 mortis
971 5348 1151 5393 metus
1191 5336 1520 5407 pecuniariae
1565 5336 1796 5406 jacturae
1837 5337 2081 5393 dolorem

666 5436 746 5489 lit.
787 5461 806 5488 ι

666 5444 701 5489 ii
733 5475 746 5488 .
787 5461 806 5488 ι

520 5444 867 5594 νθῐὲἒιιέάεηι,
927 5547 946 5578 ε
984 5525 1140 5592 Quod
1195 5527 1239 5580 si
1290 5524 1562 5596 quispiam
1601 5523 1654 5578 in
1704 5523 1932 5579 latronis
1962 5538 2086 5594 spe-

526 5615 691 5671 .‘unca
753 5620 1235 5687 deprehendatur,
1273 5618 1574 5688 quamlibet
1629 5617 1744 5686 ipse
1793 5613 2080 5671 latrocinia

601 5750 647 5787 ⁸⁵
686 5747 838 5802 Orat.
873 5750 940 5802 15
985 5750 1058 5804 De
1096 5753 1305 5808 statuis.

2197 5351 2224 5414 ζ
2270 5348 2394 5420 μίας
2422 5341 2729 5409 ἀπώθησεν.
2761 5355 2778 5387 ι

2275 5519 2381 5575 Τοῦ
2415 5515 2620 5571 αὐτοῦ.
2670 5531 2690 5563 θ
2719 5512 2832 5564 Ούκ
2875 5505 3041 5568 οἶδας,
3077 5503 3188 5558 κᾶν
3216 5502 3290 5574 μὴ
3320 5495 3556 5572 λῃστεύῃ
3578 5511 3682 5556 τις,
3714 5494 3774 5544 ὲν

2197 5616 2253 5669 δὲ
2286 5612 2362 5682 τῷ
2394 5609 2502 5665 τῶν
2530 5604 2738 5675 λῃστῶν
2785 5598 3032 5671 σπηλαίῳ
3063 5597 3226 5666 φανῇ,
3256 5593 3359 5663 τὴν
3411 5589 3580 5659 αὐτὴν
3627 5582 3778 5637 ἐκεί-
