4074 6146
371 348 503 414 139'!
1453 354 1555 416 DE
1594 357 2051 420 IMAGINIBUS
2080 359 2360 421 ORATIO
2394 361 2507 421 ΠΙ.
3480 365 3622 430 1338

363 482 473 528 νοις
519 464 699 518 δίδωσι
750 464 942 537 δίκηνς
988 465 1099 522 Καὶ
1147 469 1200 522 τί
1248 470 1392 540 λέγω
1433 473 1503 528 τὰ
1546 476 1656 530 τῶν
1701 476 1941 546 λῃστῶν;

2051 491 2156 529 non
2191 478 2526 546 exercuerit,
2554 494 2622 533 an
2657 479 2881 548 ignoras
2919 494 3040 534 eum
3070 480 3213 536 idem
3241 495 3364 538 cum
3390 483 3620 538 latroni-

363 556 476 606 ἴστε
503 555 674 624 δήπου
708 555 927 620 πάντες,
963 559 1054 610 καὶ
1082 558 1382 630 μέμνησθε,
1419 564 1506 616 ὅτε
1543 567 1669 629 τοὺς
1694 565 1941 636 ἀνδριάν-

2046 566 2144 621 bus
2209 567 2398 622 subire
2430 569 2811 639 supplicium?
2865 568 2967 624 Sed
3027 571 3162 641 quid
3217 588 3320 642 ego
3369 589 3494 643 quae
3545 575 3625 627 la-

359 661 458 707 τας
493 645 740 699 καθεῖλον
770 651 903 718 παρ’
930 651 1064 720 ἡμῖν
1102 652 1288 722 μιαροί
1339 671 1484 717 τινες
1527 656 1804 726 ἄνθρωποι
1851 658 1941 711 καὶ

2046 663 2263 710 tronum
2335 667 2468 712 sunt
2535 662 2950 715 commemoro?
3002 677 3100 716 vos
3169 663 3360 732 utique
3435 678 3629 718 oumes

359 735 554 805 γόητες
577 753 592 769 ο
619 738 734 791 ἀλλ’
767 740 881 792 ὅσοι
928 743 1193 811 παρόντες
1230 743 1420 808 ἁπλῶς
1463 748 1578 810 τοῖς
1627 748 1941 815 γενομένοις

2046 748 2256 813 nostis,
2298 757 2354 804 et
2401 750 2770 815 meministis,
2811 751 3036 820 quando
3093 752 3343 822 llagitiosi
3403 753 3625 822 quidam

359 826 656 897 ἐφάνησαν,
683 833 763 893 εἰς
794 831 1142 903 δικαστήριον
1176 835 1548 902 ἁρπασθέντες
1580 837 1676 890 καὶ
1708 855 1941 893 συνανα-

2046 837 2300 894 homines
2348 840 2896 910 praestigiatoresque
2931 842 3074 912 apud
3128 858 3229 897 nos
3282 851 3496 901 statuas
3530 845 3628 899 de-

357 918 640 986 σχεθέντες
659 923 684 961 ε
709 923 938 984 ἐκείνοις
964 924 1062 989 τὴν
1092 925 1329 996 ἐσχάτην
1355 927 1561 981 ἔδωκαν
1587 928 1762 1000 δίκην.
1797 947 1816 981 ι

2046 930 2462 995 turbavissent,
2517 947 2627 986 non
2677 932 2832 1003 ipsos
2886 934 3082 998 modo,
3128 935 3222 989 sed
3281 950 3378 992 eos
3425 936 3625 1000 etiam,

357 1009 453 1075 qui
493 1009 722 1064 facinori
767 1013 1036 1068 duntaxat
1083 1016 1483 1087 interfuerant,
1515 1035 1625 1075 una
1662 1035 1786 1075 cum
1823 1020 1936 1076 illis
1975 1021 2042 1075 ad
2077 1021 2374 1077 tribunalia
2407 1030 2594 1094 raptos
2643 1032 2700 1079 et
2735 1023 3043 1092 adductos,
3112 1033 3388 1083 extrenzas
3459 1029 3628 1082 luisse

358 1115 572 1168 poenas.
615 1121 634 1154 ι

359 1191 738 1272 Θεοδωρήτου
784 1195 1123 1272 ἐπισκόπου
1158 1202 1378 1272 Κύρου,
1421 1204 1491 1258 ἐκ
1515 1202 1622 1272 τῆς
1649 1205 1933 1260 Φιλοθέου

496 1265 784 1331 ἱστορίας,
826 1269 960 1334 περὶ
1007 1265 1384 1326 Μακεδοπίου
1437 1265 1790 1329 Ἀσιαὶοίτου.
1883 1298 1892 1306 ·

433 1351 693 1405 «Ἃλλοτε
735 1354 793 1406 δέ
829 1356 926 1425 τῆς
974 1358 1182 1422 πόλεως
1217 1360 1325 1414 ἀπό
1358 1379 1502 1426 τινος
1535 1362 1775 1434 πονηροῦ
1823 1361 1939 1416 δαί-

359 1459 519 1510 μονος
548 1443 962 1514 βακχευθείσης,
1003 1448 1078 1511 ῶς
1124 1450 1284 1519 δῆθεν
1327 1452 1480 1506 νόσον
1526 1455 1842 1520 ἀποδιῶξαι,
1871 1456 1936 1525 τῇ

2041 1199 2207 1270 380
2234 1196 2784 1270 Theodoretiegisropi
2811 1197 2958 1270 Cyri,
2979 1213 3043 1270 ea;
3071 1199 3312 1270 Historia
3337 1201 3618 1270 religiosa,

2471 1266 2534 1319 de
2567 1266 2883 1320 Macedonio
2917 1269 3188 1323 Asianita.

2121 1375 2140 1409 ι
2186 1355 2432 1425 Contigit
2477 1362 2658 1409 autem
2694 1356 3025 1424 aliquando,
3057 1363 3116 1409 ut
3162 1372 3190 1409 a
3225 1337 3471 1424 pessimo
3505 1360 3625 1412 dm-

2048 1461 2206 1502 moue
2235 1447 2432 1499 civitas
2474 1444 2524 1497 in
2559 1444 2728 1499 furias
2761 1453 3036 1514 ageretur,
3084 1448 3155 1499 ita
3193 1457 3273 1507 ut,
3305 1462 3369 1499 ae
3401 1449 3443 1500 si
3479 1464 3626 1501 mor-

361 1532 529 1603 μανίᾳ
552 1533 694 1587 κατὰ
727 1534 836 1588 τῶν
873 1536 1166 1606 βασιλικῶν
1200 1541 1503 1610 ἐχρήσαντο
1545 1543 1754 1611 στηλῶν
1788 1542 1941 1612 ἀνοή-

2049 1539 2152 1594 bus
2201 1536 2424 1606 quidam
2474 1533 2776 1604 abigendus
2828 1535 3060 1601 fuisset,
3117 1535 3170 1588 iu
3229 1537 3631 1606 imperatorum

356 1637 486 1684 τως.
516 1643 535 1674 ι

367 1713 475 1790 Ἐκ
539 1713 654 1790 τῆς.
708 1715 1227 1786 ἐκκλησιαστικαῖς
1281 1722 1572 1789 Ἱστορίας
1639 1721 1936 1790 Θεοδώρου

428 1783 818 1860 ἀκαγνὼσ-τογυ
864 1783 1577 1860 Κωνσταντινουπόλεως,
1607 1792 1741 1860 περί
1775 1783 1940 1858 τίνος

430 1856 729 1921 αἱρετικοῦ
763 1858 1114 1912 Παλλαδίου
1147 1861 1279 1929 (54).

438 1965 456 1996 ι
479 1945 535 1997 ’0
565 1945 622 1998 δέ
649 1946 749 2014 τῆς
771 1947 1101 2018 Ἀντιοχείας
1135 1951 1438 2016 ἐπίσκοπος
1475 1951 1770 2015 Παλλάδιος
1804 1951 1940 2022 πρὸς

353 2036 522 2106 χάριν
553 2035 815 2104 βασιλέως
856 2038 1339 2112 διαπραττόμενος,
1369 2043 1496 2106 τοὺς
1541 2045 1651 2106 τοῖς
1704 2044 1762 2095 ἐν
1794 2043 1940 2096 Χαλ-

353 2124 549 2192 κηδόνι
586 2124 762 2193 ἁγίοις
808 2128 1071 2198 δόγμασιν
1119 2131 1419 2201 ἑπομένους
1463 2132 1800 2200 ἐμυσάττετο
1847 2133 1940 2187 καὶ

351 2214 460 2272 τὰς
491 2211 599 2264 τῶν
623 2213 796 2279 ἁγίων
829 2216 1090 2286 Πατέρων
1113 2219 1327 2283 εἰκόνας
1361 2220 1632 2276 καθεῖλεν.
1668 2243 1687 2274 ι

363 2393 472 2444 Ἐκ
507 2388 612 2442 τοῦ
644 2389 788 2442 Βίου
817 2393 921 2445 τοῦ
949 2394 1121 2464 αγίου
1149 2397 1607 2449 Κωνσταντίνου
1633 2437 1648 2461 ,
1685 2396 1791 2451 τοῦ
1820 2397 1940 2464 τρί-

811 2479 920 2515 του
947 2463 1192 2526 ,ϐιϐλίου
1213 2506 1228 2527 ,
1259 2481 1383 2532 κεφ.
1417 2465 1479 2518 δ’.

428 2571 454 2604 4
483 2553 564 2607 Τὰ
599 2554 698 2624 μὲν
725 2549 817 2608 οὖν
848 2552 1000 2623 αὐτῷ
1023 2554 1377 2624 καταθυμίως
1400 2556 1760 2607 συνετελεῖτο’
1793 2554 1860 2607 τὰ
1883 2554 1940 2607 δὲ

345 2645 458 2713 τῆς
509 2641 602 2696 τοῦ
650 2644 843 2711 φθόνου
893 2643 1215 2714 βασκανίας,
1264 2643 1452 2707 δεινῶς
1502 2643 1604 2708 τὰς
1651 2643 1793 2697 κατὰ
1841 2645 1940 2714 τὴν

362 2733 781 2805 ’Δλεξανδρείαν
828 2733 1162 2804 Ἐκκλησίας
1231 2735 1634 2806 ἐκταράττοντα
1662 2775 1676 2798 ,
1725 2735 1817 2788 καὶ
1873 2736 1943 2787 τὰ

352 2826 615 2897 Θηόαίων
662 2844 722 2878 τε
775 2827 870 2880 καὶ
921 2828 1239 2896 Αἰγυπτίων
1267 2829 1542 2899 σχίσματα
1579 2829 1817 2894 ἐποίουν,
1849 2829 1944 2882 καὶ

351 2919 499 2973 ἄλλα
537 2918 684 2972 κακά
729 2919 789 2972 οὐ
829 2919 1058 2990 σμικρὰ,
1085 2919 1267 2972 αὐτῶν
1312 2920 1538 2973 ἐκείνων
1593 2937 1943 2991 προσρηγνυ-

354 3009 542 3078 μένων
591 3008 714 3062 καθ’
742 3009 984 3078 ἑκάστην
1031 3009 1207 3073 πόλιν,
1236 3009 1550 3063 ἐπισκόπων
1603 3011 1942 3074 ἐπισκόποις,

346 3101 546 3170 δήμων
570 3116 628 3152 τε
658 3100 851 3170 δήμοις
879 3100 1325 3170 ἐπανισταμένων
1343 3116 1357 3131 ·
1388 3102 1482 3154 καὶ
1501 3103 1784 3172 μονονουχὶ
1808 3119 1945 3171 συμ-

349 3189 634 3258 πληγάδες
654 3191 707 3255 h,
762 3191 1219 3245 κατακοπτόντων
1277 3191 1558 3263 ἀλλήλους.
1581 3193 1744 3245 Ὥστε
1795 3195 1942 3260 ἰδεῖν,

345 3281 576 3352 φρενῶν
610 3282 886 3347 ἐκστάσει,
926 3282 1164 3346 ἀνοσίοις
1196 3283 1487 3354 ἐγχειρεῖν,
1518 3283 1614 3336 καὶ
1645 3282 1745 3347 τὰς
1789 3283 1944 3354 βασι-

346 3373 500 3426 λέων
530 3370 783 3441 ἀφρόνως
814 3371 1056 3441 ὐὸρίζειν
1086 3371 1323 3434 εἰκόνας.
1357 3390 1375 3423 ι

428 3539 550 3609 Τῆς
574 3540 1092 3608 ἐκκλησιαστικῆς
1125 3540 1409 3608 Ἱστορίας
1433 3542 1474 3605 ίι,
1506 3537 1638 3608 περὶ
1662 3537 1782 3592 τῶν
1803 3539 1874 3592 τὰ

767 3611 1094 3678 Διοσκόρου
1129 3612 1534 3680 φρονούντων.
1836 3617 1844 3625 “

427 3724 448 3754 ί
488 3703 582 3766 Εἰς
609 3702 864 3756 τοσοῦτον
893 3703 1001 3770 γὰρ
1034 3701 1286 3771 ἐληλύθει
1308 3704 1405 3772 τῆς
1434 3701 1660 3773 τόλμης,
1685 3702 1822 3755 ὥστε
1851 3703 1944 3756 καὶ

336 3799 413 3850 τὰ
440 3793 557 3848 τῶν
589 3790 710 3847 ἐκεῖ
737 3794 1042 3862 γεγονότων
1085 3795 1376 3866 μακαρίων
1402 3795 1677 3863 ποιμένων
1701 3795 1943 3863 ὀνόματα

333 3889 460 3941 τῶν
507 3887 670 3957 ἱερῶν
697 3886 973 3957 διπτύχων
1011 3887 1208 3950 ἀνεῖλε,
1251 3886 1472 3951 καὶτὰς
1505 3886 1684 3941 αὐτῶν
1728 3888 1944 3953 εἰκόνας

337 3977 604 4039 καθεῖλε,
634 3977 983 4039 κατακαύσας
1004 3978 1360 4046 τυραννικῶς.
1392 3995 1412 4027 ι

338 4068 474 4135 Τῆς
513 4067 707 4134 αὐτῆς
736 4068 1031 4133 ἱστορίας,
1061 4067 1192 4133 περὶ
1233 4066 1341 4120 τοῦ
1373 4066 1800 4136 διαδεξαμένου
1837 4067 1943 4121 τὸν

414 4139 679 4210 θρόνον-
708 4135 1404 4210 Κωνστᾳντινουπόλεως
1463 4135 1621 4207 μετὰ
1673 4137 1940 4191 Μακεδό-

413 4223 585 4267 mor,
619 4206 945 4270 aipstmdri
964 4244 977 4257 .

421 4317 443 4348 ι
482 4288 658 4357 Οὗτος
708 4295 737 4346 ό
789 4293 1023 4359 ἀνόσιος,
1069 4294 1129 4347 ἐν
1166 4297 1286 4357 ταῖς
1323 4295 1605 4362 συνάξεσιν
1634 4296 1945 4368 ἁπερχόμε-

325 4402 455 4449 νος,
492 4382 627 4444 τοὺς
657 4399 718 4433 σε
731 4384 892 4446 πτοὺς
932 4383 1114 4446 οἴκους
1153 4383 1580 4454 ἀναθεωρεῖσθαι
1606 4387 1866 4452 κελεύων,
1897 4390 1951 4442 εἴ

322 4491 449 4527 ⁸που
488 4470 885 4540 γεγραμμένον
910 4472 968 4522 ἐν
991 4472 1160 4525 εἰκόνι
1193 4472 1416 4542 εὕρισκε
1443 4475 1794 4543 Μακεδόνιον,
1811 4477 1943 4531 ταύ-

315 4583 442 4638 την
475 4563 537 4618 εί
573 4562 648 4633 μὴ
679 4562 950 4627 καθεῖλεν,
981 4563 1081 4616 οὐκ
1117 4564 1183 4618 ἂν
1212 4563 1564 4636 ἐλειτούργει.
1600 4585 1618 4618 ι

2047 1638 2258 1685 statuas
2293 1625 2533 1679 furorem
2576 1625 2981 1679 inconsiderate
3012 1634 3339 1681 verterent.»

2048 1719 2131 1773 Ex
2173 1719 2413 1773 Historia
2471 1716 2835 1770 ecclesiastica
2896 1716 3156 1771 Theodori
3209 1717 3419 1771 lectoris
3485 1718 3625 1772 Con-

2113 1787 2611 1872 stantinopolitani,
2685 1787 2748 1841 de
2829 1785 3082 1841 Palladio
3163 1789 3390 1857 quodam
3459 1789 3627 1842 Incre-

2119 1869 2244 1912 “00.

2121 1965 2141 2000 ι
2191 1948 2260 2001 At
2285 1960 2580 2017 episcopus
2610 1943 2917 1998 Antioehim
2953 1943 3253 2007 Palladius,
3277 1942 3626 2011 imperatoris

2047 2039 2481 2094 benevolentiam
2529 2051 2856 2105 aucupans,
2911 2051 3008 2090 eos
3044 2036 3136 2104 qui
3177 2044 3366 2090 sancta
3395 2036 3626 2089 Chalce-

2046 2125 2308 2181 donensis
2357 2124 2555 2196 synodi
2605 2123 2825 2178 decreta
2871 2124 3376 2192 amplectebantur,
3424 2129 3624 2177 exhor-

2047 2215 2202 2268 rebat
2251 2231 2264 2268 :
2308 2214 2442 2284 quin
2491 2213 2660 2268 etiam
2714 2220 3033 2268 sanctorum
3083 2211 3309 2266 Patrum
3358 2213 3626 2282 imagines

2049 2303 2290 2359 sustulit.
2331 2321 2349 2354 ι

2153 2393 2237 2450 Ex
2276 2393 2397 2447 Vita
2427 2395 2601 2448 sancti
2631 2394 3006 2463 Constantini,
3045 2395 3144 2449 lib.
3176 2410 3236 2449 ιιι
3263 2439 3277 2460 ,
3307 2411 3426 2464 cap.
3462 2397 3515 2449 4.

2125 2567 2143 2598 ‹
2194 2545 2545 2618 Quapropter
2575 2547 2729 2602 illine
2761 2548 2985 2618 quidem
3019 2564 3109 2604 res
3141 2563 3212 2603 eo
3244 2563 3358 2617 quo
3403 2547 3629 2616 optabat

2049 2637 2198 2691 exitu
2233 2636 2647 2692 succedebant:
2685 2637 2814 2690 hinc
2848 2651 2980 2691 vero
3016 2637 3334 2691 invidentia:
3369 2637 3506 2690 livor
3527 2636 3626 2690 Ec-

2049 2726 2251 2781 elesias
2297 2725 2392 2780 Dei
2433 2726 2780 2781 Alexandriae
2822 2727 3205 2795 perturbahat,
3246 2735 3302 2782 et
3335 2726 3628 2783 Thebanos

2052 2819 2192 2872 inter
2242 2832 2307 2872 ac
2357 2814 2680 2888 Egyptios,
2729 2825 2842 2870 tum
2897 2817 3176 2880 schisma,
3215 2828 3328 2871 tum
3381 2818 3485 2870 alia
3525 2833 3626 2873 nec

2048 2905 2454 2963 contemnenda
2489 2906 2632 2959 mala
2664 2906 3004 2969 concitabat,
3036 2908 3501 2977 consurgenlibus
3530 2923 3626 2977 per

2047 2998 2300 3052 civitates
2367 2993 2612 3065 singulas
2667 2994 2724 3048 in
2788 2997 3081 3066 epise0pos
3128 2997 3437 3067 episcopis,
3483 2998 3626 3052 etin

2048 3088 2277 3160 populos
2313 3086 2560 3158 populis,
2597 3095 2919 3156 tantumque
2959 3102 3067 3142 non
3123 3089 3576 3143 conﬂictantibus
3603 3130 3618 3152 ,

2046 3190 2099 3236 et
2129 3178 2196 3234 ad
2231 3177 2667 3235 internecionem
2724 3193 2899 3250 usque
2946 3179 3329 3233 saevientibus.
3372 3177 3630 3233 Vidisses

2047 3271 2297 3326 homines
2359 3277 2542 3324 mente
2600 3278 2791 3340 captos
2855 3269 3090 3324 nefanda
3147 3269 3361 3338 negotia
3419 3269 3638 3335 moliri,

2047 3373 2102 3418 et
2188 3361 2584 3432 imperatorum
2668 3361 2934 3431 imagines
3008 3359 3360 3415 contumeliis
3433 3375 3626 3430 asper~

2045 3468 2191 3522 gere.
2256 3471 2275 3504 ι

2047 3542 2133 3597 Ea:
2160 3541 2524 3597 ecclesiastica
2556 3541 2822 3622 Historia,
2846 3547 2921 3663 (ita
2961 3543 3024 3594 iis
3068 3545 3168 3611 qui
3199 3558 3317 3595 cum
3368 3531 3654 3595 Dioscorus

2679 3622 2841 3663 sentie
2879 3621 2989 3663 aut.

2679 3621 2989 3666 sentiebant.

2121 3722 2140 3756 ι
2176 3702 2252 3759 Eo
2284 3704 2483 3774 quippe
2513 3712 2864 3774 processerat
2893 3701 3139 3756 audacia:
3160 3741 3174 3764 ,
3211 3709 3270 3754 ut
3304 3704 3626 3762 beatorum,

2046 3795 2138 3862 qui
2173 3795 2285 3850 illic
2315 3795 2566 3862 fuerant,
2599 3803 2884 3866 pastorum
2917 3793 3194 3848 nominum»:
3237 3794 3411 3848 sacris
3447 3793 3618 3862 dipty-

2044 3887 2166 3943 chis
2210 3887 2446 3954 raderet,
2474 3903 2796 3958 eorumque,
2823 3901 2961 3958 quas
2991 3887 3312 3948 sustulerat,
3353 3885 3618 3954 imagines

2044 3979 2410 4034 combureret.
2462 3998 2481 4031 ι

2049 4069 2131 4123 Ex
2169 4073 2352 4126 eadem
2399 4072 2622 4126 historia
2645 4109 2660 4133 ,
2710 4071 2773 4124 de
2815 4069 3059 4124 hrcrelico
3097 4070 3187 4138 qui
3216 4067 3527 4122 Macedonio
3562 4068 3628 4121 ine

2303 4141 2901 4211 Constantinopolitano
2931 4140 3057 4194 sede
3079 4139 3351 4192 successit.

2122 4309 2140 4342 ι
2209 4291 2518 4347 Scelestus.
2560 4292 2652 4346 ille
2695 4292 2762 4345 ad
2832 4303 3020 4343 sacros
3087 4295 3395 4341 conventus
3457 4301 3621 4341 acce-

2044 4383 2219 4448 dens,
2291 4384 2509 4439 divinas
2565 4383 2710 4436 aedes
2771 4390 2897 4435 ante
2971 4378 3292 4448 perlustrari
3352 4377 3616 4446 jubebat;

2042 4481 2096 4527 et
2142 4474 2319 4544 sicubi
2367 4473 2421 4527 iu
2477 4472 2714 4542 imagine
2757 4471 3032 4539 depictum
3099 4468 3478 4524 Macedoniam
3536 4469 3614 4522 ιη-

2042 4567 2288 4630 veniret,
2342 4580 2454 4620 non
2505 4564 2659 4636 prius
2687 4577 2857 4621 sacra
2905 4561 3234 4632 peragebat,
3277 4577 3441 4632 quam
3495 4577 3632 4617 eam.

2045 4656 2354 4727 dejeeisset.
2394 4676 2412 4710 ι

1631 4873 1866 4928 νΑιιιλΕ
1902 4875 2303 4934 LECTIONES.

401 5054 431 5092 ε
481 5046 684 5104 Forte,
712 5042 1154 5119 συναναχθέντες.
1238 5018 1280 5119 Th
1315 5037 1472 5106 Apud
1523 5036 1721 5119 Euseb:
1756 5039 2384 5119 cepalqyaow~a,_t'ecte.

2495 5040 2509 5115 ξ
2543 5042 2642 5111 τῆς
2676 5041 3138 5115 ἐκκλησιαστικῇς
3175 5041 3455 5115 ξΙστορέᾳςο
3489 5040 3615 5115 "13‘?

305 5135 372 5179 ιιι
419 5119 552 5173 alia
591 5129 712 5183 qua:
743 5105 1189 5182 subsequuntur,
1233 5105 1495 5183 tauquam
1528 5105 1803 5183 Theodori
1828 5105 2110 5183 lectoris
2156 5110 2290 5173 sint,
2329 5105 2608 5183 Valesius:
2625 5112 2799 5166 edidit
2833 5105 2977 5183 feum
3033 5105 3279 5182 ejusdem
3313 5105 3609 5183 :Theodori

309 5176 692 5258 tragmeu'tjs
716 5176 1184 5258 quaensupersuut.
1253 5179 1276 5258 _i
1311 5176 1454 5246 Lego
1501 5176 2118 5258 atpectxoﬁ,_Ti_uiot_hei
2155 5195 2372 5258 nempe,
2417 5183 2509 5249 qui
2560 5180 2884 5258 ﬂacetlonio
2923 5176 3286 5258 successerat.
3318 5179 3434 5233 Non
3461 5181 3624 5258 enim.-.

305 5247 389 5317 Ἀθ
417 5247 784 5314 Macedonio
823 5247 1327 5306 Pneumatomaeho
1357 5261 1538 5302 sermo
1588 5255 1696 5310 est,
1739 5247 1837 5302 sed
1894 5249 1962 5304 de
1993 5249 2088 5302 illo

2120 5263 2285 5321 quem
2320 5250 2647 5321 Anastasius
2674 5253 2807 5321 imp.
2836 5253 2905 5306 ob
2940 5259 3146 5321 rectam
3173 5251 3406 5302 duarum
3445 5256 3616 5301 natu-

304 5316 544 5389 rarum
591 5321 752 5374 fidem
778 5319 1366 5392 exagitavittsull‘ecto
1401 5316 1456 5370 in
1488 5317 1610 5386 ejus
1659 5318 1845 5392 locum
1877 5318 2051 5385 impio
2085 5316 2376 5392 Timotheo
2407 5316 2874 5379 Chalcedonensis
2907 5321 3106 5392 synodi
3136 5319 3310 5384 hoste,
3337 5332 3626 5391 quemque»

301 5387 713 5456 Theodorus,
741 5387 1083 5460 subindeque
1109 5391 1506 5453 Damascenus,
1550 5402 1654 5442 ceu
1694 5387 1873 5441 virum
1906 5400 2151 5445 sanctum
2182 5390 2423 5446 coluere.

1878 5564 2114 5623 NOTIE.

383 5726 456 5785 (3
477 5729 529 5792 ι)
573 5717 860 5775 Palladius
883 5719 988 5776 iste
1017 5720 1182 5778 Petro
1213 5688 1437 5778 Pulloni
1459 5729 1834 5780 successerat.
