4074 6146
461 278 480 333 Ι
494 277 598 341 403

1641 277 1700 340 S.
1739 277 2061 342 JOANNIS
2101 277 2531 341 DAMASCENI

3568 277 3598 342 1'
3604 277 3713 343 404

533 392 617 450 Ea:
645 395 780 450 libro
815 392 1043 465 septimo
1083 387 1506 465 Strontateornm
1539 395 1882 451 vetustissimi
1907 396 2028 452 Cle-

2150 396 2246 450 Γοῦ
2307 395 2699 465 ἀρχαιοτάτου
2765 395 3180 465 Κλήμεντος,
3216 393 3368 465 πρὸς
3430 393 3712 458 Ἀλέξαν-

883 462 1070 516 mentis
1098 461 1166 513 ad
1193 460 1582 516 Alexandrum.

540 639 560 673 ι
577 621 766 689 itaque
784 631 893 672 non
911 631 974 672 ea
997 616 1344 672 solummodo
1360 615 1548 671 laudat
1567 632 1689 686 quae
1711 616 1854 672 bona
1878 624 2028 682 sunt,

463 711 558 768 sed
582 711 697 781 ipse
715 723 931 778 quoque
953 710 1129 763 bonus
1150 722 1272 763 esse
1295 706 1580 761 adnititur.
1602 707 1782 776 Atque
1801 723 1866 762 ex
1887 708 2030 762 bono

465 801 718 869 fidelique
739 814 899 856 servo
925 814 1020 868 per
1047 797 1370 852 charitatem
1401 796 1615 852 amicus
1638 797 1840 861 evadit,
1869 813 2034 867 prop-

464 897 546 942 ter
569 887 786 942 habitus
810 886 1202 955 perfectionem
1227 899 1390 954 quam
1414 900 1478 939 ex
1506 900 1628 939 vera
1665 886 1954 956 disciplina
1977 895 2034 942 et

463 978 855 1032 exercitatione
886 976 1161 1046 frequenti
1195 978 1409 1031 sincere
1437 978 1835 1046 consequitur;
1868 977 1939 1031 ita
1974 985 2034 1032 ut

468 1070 599 1123 nihil
656 1084 759 1120 oon
811 1074 1050 1128 moveat,
1111 1081 1219 1134 quo
1254 1067 1544 1134 perveniat
1601 1069 1669 1121 ad
1701 1068 2034 1137 cognitionis

468 1161 766 1229 fastigium.
805 1159 943 1212 Tum
977 1158 1306 1214 exornandis
1335 1159 1578 1214 moribus
1607 1159 1894 1225 incumbit,
1922 1161 2036 1216 oris

467 1263 680 1323 gestum
717 1253 1028 1320 componit,
1072 1251 1366 1322 omniaque
1409 1251 1500 1305 illa
1555 1267 1676 1321 qua:
1723 1251 2034 1322 gnosticum

468 1359 658 1399 verum
714 1343 930 1406 decent,
963 1350 1289 1396 ornamenta
1318 1349 1372 1396 et
1401 1341 1559 1396 dotes
1602 1350 1888 1410 Comparat
1911 1360 1926 1409 ;
1951 1342 2034 1396 id-

470 1450 578 1504 que
649 1433 1193 1504 speciosissimarum
1247 1432 1548 1502 imaginum
1593 1432 1819 1486 assidua
1853 1433 2038 1503 inspe-

472 1528 689 1587 ctione,
756 1533 884 1594 puta
945 1525 1306 1592 plurimorum
1374 1525 1592 1578 illorum
1650 1525 1741 1594 qui
1794 1533 1923 1578 ante
1979 1539 2041 1580 se

476 1616 701 1687 perfecti
731 1617 972 1671 fuerunt.
1003 1615 1377 1679 Patriarcltas,
1409 1616 1723 1685 complures
1756 1615 1883 1670 item
1909 1629 2042 1686 pro-

478 1707 687 1774 phetas,
707 1705 1250 1774 innumerabilesque
1275 1706 1498 1774 angelos
1527 1705 1879 1772 considerat;
1909 1704 2041 1774 quin

475 1806 528 1850 et
559 1797 712 1851 illum
748 1796 923 1864 ipsum
948 1796 1041 1866 qui
1083 1811 1252 1865 super
1273 1795 1458 1850 omnia
1493 1795 1754 1851 Dominus
1780 1803 1886 1861 est,
1911 1796 2039 1866 qui-

475 1901 583 1955 que
607 1886 792 1940 docuit
830 1894 884 1941 et
911 1887 1134 1956 planum
1169 1883 1322 1947 fecit,
1356 1885 1693 1953 impossibile
1720 1887 2040 1955 neutiquam

477 1992 620 2040 esse,
659 1977 790 2046 quin
817 1977 1007 2031 eadem
1058 1991 1182 2030 cum
1222 1975 1656 2032 celsitudinibus
1687 1977 1801 2032 illis
1824 1975 2042 2032 vivendi

477 2081 726 2120 normam
751 2081 1133 2134 assequamur.
1177 2083 1197 2117 ι

692 2153 876 2208 Sancti
915 2155 1177 2211 Theodori
1207 2149 1436 2227 episcopi
1487 2155 1816 2225 Pentapolis.

556 2261 575 2294 ι
617 2241 855 2296 Rursum
885 2243 966 2298 vir
1001 2244 1224 2316 quidam
1256 2254 1372 2300 erat
1390 2261 1455 2299 ex
1486 2245 1729 2314 regionis
1763 2245 1912 2300 illius
1936 2245 2047 2314 pri-

478 2335 749 2402 moribus,
777 2337 1001 2391 nomine
1037 2335 1199 2402 Dion,
1225 2338 1321 2408 qui
1355 2339 1544 2393 multis
1589 2337 1838 2393 donariis
1870 2338 2044 2394 sancti

480 2425 740 2498 martyris
766 2428 1030 2496 templum
1065 2436 1452 2496 exornaverat,
1485 2430 1718 2498 ejusque
1747 2430 1922 2483 altare
1947 2443 2047 2482 ar-

478 2524 642 2586 gento
673 2519 956 2572 vestierat.
992 2517 1148 2573 Unus
1178 2527 1360 2572 autem
1411 2535 1478 2573 ex
1509 2519 1684 2574 servis
1710 2519 1908 2588 ipsius,
1938 2534 2047 2573 non

479 2609 733 2677 exiguam
790 2608 1038 2676 pecuniae
1086 2623 1358 2662 summam
1419 2608 1746 2672 suﬂ‘uratus,
1813 2608 2046 2679 aufugit.

481 2696 618 2751 Dion
657 2713 787 2752 vero
835 2712 961 2751 eum
1013 2697 1301 2752 insecutus
1357 2705 1609 2764 nonest,
1665 2697 1762 2752 sed
1788 2699 1854 2752 ad
1888 2698 2049 2768 383

479 2787 776 2858 imaginem
803 2803 1059 2858 pergens,
1095 2787 1353 2857 imaginis
1385 2789 1537 2843 illius
1571 2789 1799 2858 liguram
1831 2803 2052 2843 ceream

480 2876 708 2941 elﬁnxit,
740 2892 957 2947 quaque
996 2876 1052 2931 in
1086 2886 1338 2932 sanctum
1364 2885 1657 2947 martyrem
1683 2877 1880 2932 fiducia
1910 2886 2050 2943 erat,

484 2969 680 3023 domus
711 2982 823 3022 suae
863 2967 1038 3021 limini
1077 2981 1194 3021 eam
1222 2967 1498 3036 apposuit.
1522 2965 1832 3036 Statimque
1858 2981 2052 3022 servus

2199 466 2341 588 δΞον
2359 463 2493 538 (36),
2510 466 2579 519 ἐκ
2605 465 2712 520 τοῦ
2735 465 2987 534 ἑϐδόμου
3011 464 3257 528 βιϐλίου
3287 463 3410 516 τῶν
3435 466 3714 532 Στρωμα-

2203 552 2233 587 τ
2268 550 2368 588 ων.

2203 550 2368 589 τεων.

2206 645 2226 674 ‹
2255 623 2486 693 Οὐκοῦν,
2523 625 2584 678 οὗ
2633 627 2794 694 μόνος
2836 624 3053 677 ἐπαινεῖ
3076 621 3145 676 τὰ
3187 621 3349 686 κσλά,
3377 622 3508 677 ἀλλά
3538 622 3714 684 αὐτὸς

2135 717 2379 787 βιάζεται
2412 715 2507 770 τοῦ
2542 711 2684 771 εἶναι
2717 714 2898 778 καλὸς,
2930 717 2995 768 ὲκ
3024 713 3121 768 τοῦ
3148 714 3354 784 ἀγαθοῦ
3389 715 3484 767 καὶ
3513 713 3712 767 πιστοῦ

2132 807 2322 861 δούλου
2355 807 2700 877 μεταϐαίνων
2728 805 2795 858 δι’
2827 805 3047 874 ἀγάπης
3089 805 3376 873 εἰςφίλον,
3402 805 3489 856 διά
3529 804 3590 857 τὸ
3615 804 3711 856 τέ-

2133 899 2272 952 λειον
2313 899 2412 967 τῆς
2451 897 2636 961 ἕξεως,
2677 895 2706 948 ὃ
2751 895 2815 948 ὲκ
2860 895 3152 966 μαθήσεως
3186 893 3418 964 ἀληθοῦς
3451 894 3543 946 καὶ
3583 909 3700 946 συνο

2136 991 2420 1060 ασκήσεως
2464 987 2667 1055 πολλῆς
2706 985 2964 1054 καθαρῶς
2989 986 3276 1056 ἐκτήσατο.
3302 986 3390 1048 Ὦς
3416 984 3483 1037 ἂν
3502 979 3594 1037 οὖν
3619 983 3711 1036 ἐπ’

2135 1079 2302 1151 ἀκρον
2334 1078 2588 1146 γνώσεως
2633 1076 2765 1147 ἥκῃ,
2804 1075 3126 1144 βιαζόμενος
3143 1075 3223 1146 τῷ
3249 1075 3395 1146 qam,
3434 1075 3529 1128 xui
3553 1091 3712 1128 κεκο-

2138 1183 2250 1237 σμη
2257 1165 2436 1236 μένος,
2458 1165 2535 1235 τῷ
2563 1165 2807 1235 σχήματι
2837 1164 3300 1234 κατεσταλμένος,
3323 1164 3503 1216 πάντα
3526 1165 3712 1215 ἐκεῖνα

2136 1257 2297 1328 ἔχων,
2323 1257 2422 1309 ὅσα
2465 1253 2912 1324 πλεονεκτήματά
2957 1254 3075 1305 ἐστι
3120 1251 3216 1304 τοῦ
3261 1250 3404 1305 κατά
3452 1250 3714 1321 ἀλήθειαν

2138 1345 2470 1417 γνωστικοῦ,
2497 1346 2577 1408 είς
2601 1343 2701 1407 τὰς
2730 1343 2944 1405 εἰκόνας
2984 1340 3204 1411 ἀφορῶν
3228 1341 3326 1404 τὰς
3354 1341 3545 1404 καλὰς,
3579 1340 3712 1392 πολ-

2137 1443 2264 1506 λοὺς
2307 1440 2406 1512 μὲν
2448 1439 2575 1502 τοὺς
2621 1435 3056 1507 κατωρθωκότας
3083 1434 3190 1505 πρὸ
3229 1433 3398 1488 αὐτοῦ
3444 1436 3715 1504 πατριάρ-

2139 1551 2260 1606 χας,
2289 1530 2643 1603 παμπόλλους
2688 1529 2746 1582 δὲ
2789 1528 3094 1598 προφήτας,
3141 1526 3404 1595 ἀπείρους
3453 1526 3510 1579 δὲ
3555 1527 3717 1586 ὅσους

2141 1626 2271 1694 ἡμῖν
2315 1620 2534 1692 ἀριθμῷ
2576 1617 2922 1687 λογιζόμενος
2973 1614 3238 1682 ἀγγέλους
3263 1655 3279 1675 ,
3334 1615 3430 1666 καὶ
3479 1613 3568 1666 τὸν
3621 1611 3718 1664 ἐπὶ

2073 1733 2116 1788 Β
2147 1715 2282 1768 πᾶσι
2311 1712 2537 1782 Κύριον,
2565 1709 2658 1763 τὸν
2697 1707 2988 1771 διδάξαντα
3018 1705 3112 1758 καὶ
3147 1706 3596 1775 παραστήσαντα,
3625 1701 3719 1755 δυ-

2142 1803 2301 1860 νατὸν
2369 1797 2509 1856 εἶναι
2575 1799 2684 1854 τῶν
2747 1796 3064 1870 κορυφαίων
3121 1795 3344 1850 ὲκείνων
3407 1793 3718 1865 κτήσασθαι

2145 1895 2278 1968 βίον.
2309 1912 2328 1948 s

2185 2156 2298 2214 Τοῦ
2330 2156 2504 2226 ἁγίου
2539 2155 2842 2226 Θεοδώρου
2866 2156 3204 2210 ἐπισκόπου
3234 2154 3674 2217 Πενταπόλεως.

2226 2269 2246 2302 ι
2275 2250 2444 2305 Πάλιν
2484 2267 2568 2314 τις
2598 2249 2760 2321 ἀνὴρ,
2809 2249 2918 2304 τῶν
2964 2247 3195 2320 πρώτων
3225 2248 3326 2318 τῆς
3357 2247 3542 2316 χώρας
3573 2244 3718 2298 ὲκεί-

2146 2361 2266 2412 νης,
2298 2343 2435 2396 Δίων
2469 2340 2727 2412 τοῦνομα,
2771 2341 2831 2405 ὃς
2881 2340 3097 2403 πολλοῖς
3142 2338 3449 2409 ἀναθέμασι
3494 2337 3719 2390 κατεκό-

2149 2449 2328 2502 σμησε
2375 2432 2470 2486 τὸν
2514 2431 2644 2485 ναὸν
2675 2431 2770 2485 τοῦ
2795 2432 2952 2500 ἁγίου
2989 2433 3288 2501 μάρτυρος,
3318 2428 3413 2482 καὶ⁸
3441 2428 3501 2481 τὸ
3529 2427 3718 2480 Θυσια-

2149 2529 2368 2598 στήριον
2410 2525 2576 2578 αὑτοῦ
2623 2523 3019 2596 ἀργυρένδυτον
3064 2523 3303 2593 ἐποίησε.
3343 2519 3455 2574 Καί
3495 2536 3575 2582 τις
3611 2518 3720 2570 τῶν

2147 2617 2372 2672 οἰκετῶν
2419 2615 2606 2680 αὐτοῦ,
2657 2615 2862 2683 κλέψας
2911 2612 2969 2678 ἐξ
3012 2611 3178 2665 αὐτοῦ
3225 2612 3486 2682 χρήματα
3530 2607 3719 2665 πολλὰ.

2148 2709 2378 2778 ἀπέδρα.
2395 2705 2454 2759 Ὁ
2481 2706 2539 2760 δὲ
2571 2706 2729 2772 Δίων,
2759 2706 2821 2758 ού
2846 2703 3168 2770 κατεδίωξεν
3192 2703 3369 2756 ὀπίσω
3396 2700 3580 2764 αὑτοῦ,
3606 2700 3721 2753 ἀλλ’

2149 2799 2228 2860 είς
2273 2798 2372 2868 τὴν
2422 2795 2517 2850 τοῦ
2560 2797 2836 2867 μάρτυρος
2881 2796 3067 2849 εἰκόνα
3119 2794 3391 2860 ἀπελθὼν,
3427 2791 3582 2863 κηρῷ
3628 2791 3722 2845 τὸν

2149 2889 2316 2942 τύπον
2337 2888 2437 2958 τῆς
2461 2887 2664 2952 εἰκόνος
2689 2887 2853 2940 αὑτοῦ
2889 2885 3126 2956 ἀνέμαξε
3147 2927 3161 2951 ,
3194 2887 3290 2940 καὶ
3319 2887 3386 2956 τῇ
3416 2885 3596 2936 πίστει
3629 2881 3724 2935 τοῦ

2151 2979 2307 3048 ἁγίου
2351 2979 2624 3050 μάρτυρος
2656 2980 2714 3031 ὲν
2753 2979 2833 3046 τῷ
2878 2977 3114 3030 πυλεῶνι
3148 2977 3212 3028 ὲκ
3246 2975 3341 3028 τοῦ
3370 2975 3516 3028 οῐκου
3559 2971 3726 3026 αὑτοῦ

483 3059 640 3128 quasi
675 3074 706 3112 a
739 3059 995 3128 quopiam
1051 3057 1446 3128 impelleretur,
1497 3059 1562 3111 ad
1588 3073 1649 3112 se
1699 3058 1938 3118 rediens,
1981 3056 2048 3110 ad

2152 3069 2402 3140 ὲνέπηξε.
2432 3069 2539 3121 Καὶ
2583 3068 2694 3131 Oet;
2721 3066 2762 3132 1,
2793 3068 2821 3119 ὁ
2861 3069 2988 3130 παῖς
3035 3067 3229 3120 ἑαυτὸν
3273 3065 3605 3136 ἐπέστρεφεν
3649 3063 3724 3121 ὡς

487 3153 679 3205 lterum
740 3165 902 3205 suum
955 3164 1240 3219 regressus
1289 3159 1408 3216 est;
1440 3151 1571 3219 quin
1624 3163 1724 3203 nec
1750 3149 2052 3218 quidquam

483 3256 673 3297 eorum
697 3256 817 3310 quae
843 3241 1221 3312 subripuerat,
1241 3240 1440 3296 defuit.
1468 3241 1580 3296 Hoc
1611 3256 1733 3295 cum
1762 3239 1908 3310 apud
1931 3255 2051 3294 om-

487 3349 585 3390 nes
608 3332 959 3396 innotuisset,
989 3347 1162 3402 usque
1187 3332 1241 3385 in
1271 3333 1410 3387 diem
1433 3331 1754 3387 hodiernum
1778 3331 1920 3386 idem
1951 3331 2054 3385 ob-

487 3431 710 3480 servant
742 3423 979 3493 regionis
1012 3422 1175 3480 istius
1224 3423 1419 3478 incolm
1450 3430 1644 3477 contra
1691 3435 1879 3478 servos
1910 3421 2058 3491 fugi-

488 3517 653 3569 tivos.
681 3531 703 3566 ι

561 3602 744 3660 Sancti
797 3604 1076 3660 Athanasii
1108 3603 1558 3728 Agxandrini,”
1587 3603 1722 3659 libro
1747 3619 1810 3665 ut
1859 3603 2061 3659 Contra

1208 3691 1413 3728 rtanos.

1208 3691 1413 3729 rtanos.

566 3787 585 3818 ι
621 3769 684 3820 At
707 3782 836 3822 vero
869 3766 1069 3834 Filius,
1099 3767 1229 3837 quia
1257 3767 1584 3822 substantiae
1614 3765 1795 3822 Patris
1830 3781 2057 3837 germen

495 3857 777 3925 proprium
809 3865 916 3921 est,
946 3865 1318 3912 consentanea
1354 3858 1515 3926 plane
1564 3859 1799 3922 ratione,
1839 3873 1903 3910 ea
1940 3872 2063 3927 quae

495 3947 673 4001 Patris
732 3954 881 4011 sunt,
931 3963 1032 4002 sua
1088 3963 1214 4001 esse
1263 3949 1423 4002 dicit.
1451 3948 1634 4014 Quare
1658 3965 1780 4004 cum
1808 3949 2062 4018 praefatus

482 4038 732 4112 fuisset:
763 4036 872 4108 Ego
926 4046 976 4090 et
1023 4035 1186 4090 Pater
1234 4053 1395 4090 unum
1442 4054 1624 4092 sumus
1642 4039 1710 4104 ⁸⁸,
1750 4037 1876 4108 jure
1909 4048 1963 4093 ct
1995 4055 2063 4095 ex

491 4130 852 4202 consequenti
911 4129 1147 4200 subjecit
1179 4147 1196 4185 :
1236 4128 1304 4182 Ut
1333 4131 1516 4184 sciatis
1565 4133 1692 4201 quia
1733 4147 1826 4203 ego
1857 4147 1975 4186 sum
2009 4136 2064 4185 in

499 4224 680 4288 Patre,
708 4233 756 4280 et
786 4223 944 4278 Pater
977 4225 1032 4277 in
1062 4239 1141 4284 me
1170 4231 1247 4278 est
1274 4224 1338 4278 6’.
1377 4223 1568 4279 Itidem
1621 4232 1749 4280 ante
1797 4225 2008 4279 dixerat
2046 4245 2060 4281 :

2155 3161 2260 3213 ὑπό
2303 3176 2446 3222 τινος
2480 3146 2854 3226 ἐλαυνόμενος,
2885 3155 2977 3208 καὶ
3010 3151 3141 3224 ἦλθε
3173 3155 3312 3224 πρὸς
3353 3155 3443 3207 τὸν
3485 3153 3611 3206 ίδιον
3637 3152 3724 3204 δε-

2157 3249 2382 3318 σπότην,
2414 3247 2581 3319 μηδὲν
2630 3245 2690 3310 ἐξ
2733 3240 2807 3299 ὧν
2852 3245 3090 3298 ὲσύλωσε
3121 3245 3412 3306 σπανίσας.
3441 3243 3607 3294 Τοῦτο
3632 3235 3724 3293 οὖν

2156 3340 2356 3402 πάντες
2406 3337 2692 3408 μαθόντες,
2749 3337 2853 3400 ἓως
2909 3337 3008 3405 τῆς
3065 3337 3304 3405 σήμερον
3353 3334 3565 3404 ἡμέρας
3613 3332 3724 3394 τοῖς

2157 3429 2643 3502 ἀποδιδράσκουσιν
2700 3425 3044 3480 ἐπιτελοῦσιν
3087 3427 3137 3478 οἱ
3195 3426 3296 3496 τῆς
3347 3423 3531 3495 χώρας
3579 3421 3728 3474 ὲκεί-

2157 3540 2276 3592 νης.
2305 3540 2324 3574 ι

2164 3614 2275 3669 Τοῦ
2294 3613 2466 3682 ἁγίου
2499 3610 2871 3682 Ἀθανασίου-
2889 3607 3360 3682 Ἀᾀεξανδρείαφ
3394 3608 3463 3660 ἐκ
3490 3604 3593 3660 τοῦ
3616 3607 3731 3658 Κα-

2490 3679 2564 3734 τὰ
2607 3677 3173 3747 Ἀρειοινῶνβιϐλίου
3203 3680 3418 3746 τρίτου.

2238 3793 2256 3825 ι
2277 3773 2390 3842 Τῆς
2408 3773 2465 3826 δὲ
2485 3770 2670 3833 οὐσίας
2686 3768 2780 3822 τοῦ
2802 3767 3015 3838 Πατρδς
3041 3768 3168 3821 ἴδιον
3185 3769 3256 3821 ὢν
3272 3769 3510 3838 γέννημα
3531 3770 3558 3822 ὁ
3580 3769 3729 3831 mg,

2162 3862 2385 3923 εἰκότως
2409 3860 2503 3914 καὶ
2533 3859 2601 3912 τὰ
2622 3858 2714 3912 τοῦ
2746 3856 2959 3927 Πατρδς
2983 3857 3130 3924 λέγει
3156 3856 3341 3910 ἑαυτοῦ
3371 3852 3533 3910 εἶναι.
3561 3858 3732 3910 Ὅθεν

2163 3952 2480 4018 πρεπόντως
2517 3950 2609 4003 καὶ⁴
2637 3947 2975 4011 ἀκολούθως,
3009 3948 3088 4017 τῷ
3128 3948 3337 4016 λέγειν,
3378 3947 3521 4017 Ἐγὼ
3561 3949 3658 4001 καὶ
3699 3952 3738 4002 ό

2163 4041 2365 4109 Πατὴρ
2394 4039 2463 4093 ἓν
2497 4039 2702 4108 ἐσμεν,
2741 4039 3045 4108 ἐπήγαγεν·
3084 4037 3209 4090 Ἵνα
3257 4035 3473 4105 γνῶτε,
3495 4036 3584 4090 ὅτι
3619 4037 3737 4107 ἐγὼ

2163 4136 2232 4189 ἐν
2263 4135 2342 4200 τῷ
2379 4133 2558 4203 Πατρὶ
2590 4132 2687 4186 καὶ
2715 4133 2748 4185 ό
2779 4129 2978 4199 Πατὴρ
3008 4131 3079 4184 ἐν
3104 4131 3253 4200 ἐμοί.
3290 4131 3462 4184 Τοῦτο
3493 4133 3549 4185 δὲ
3578 4133 3737 4187 πάλιν

2165 4225 2494 4297 προείρηκεν
2514 4239 2528 4255 ·
2555 4225 2637 4277 ὅτι
2677 4221 2732 4274 Ὁ
2754 4222 3027 4289 ἑωρακὼς
3054 4221 3158 4290 ἐμὲ
3185 4222 3410 4290 ἑώρακε
3435 4223 3540 4275 τὸν
3564 4223 3738 4277 Πατέ-

486 4317 602 4382 Qui
657 4316 784 4369 vidit
845 4331 944 4381 me,
976 4315 1105 4369 vidit
1137 4324 1187 4368 et
1228 4313 1448 4368 Patrem
1469 4316 1538 4368 "°.
1579 4315 1760 4384 Atque
1799 4315 2050 4370 horumce

2159 4332 2262 4384 pa.
2291 4316 2400 4368 Καὶ
2421 4313 2566 4366 ἔστιν
2590 4309 2670 4376 εἷς
2699 4313 2794 4365 καὶ
2813 4305 2967 4375 οὗτος
2997 4312 3120 4374 νοῦς
3145 4313 3202 4364 ὲν
3229 4315 3343 4374 τοῖς
3362 4315 3510 4382 τρισὶ
3539 4314 3736 4383 ῥητοῖς.

498 4408 661 4461 trium
695 4409 939 4460 locorum
969 4421 1111 4460 unus
1137 4404 1392 4476 idemque
1433 4421 1633 4462 sensus
1656 4415 1759 4462 est.
1787 4405 1922 4461 Nam
1973 4424 2042 4476 qu

2183 4406 2240 4459 Ὀ
2273 4403 2376 4475 γὰρ
2395 4403 2563 4466 οὕτως
2601 4401 2873 4470 ἐγνωκὼς,
2907 4401 2986 4453 ὅτι
3013 4399 3070 4452 ἓν
3096 4401 3233 4452 εἰσιν
3254 4402 3282 4454 ὁ
3300 4400 3428 4462 Υἱὸς
3459 4403 3549 4454 καὶ
3576 4403 3604 4453 ό
3633 4404 3735 4454 Πα-

499 4501 718 4559 noverit
749 4500 948 4555 Filium
984 4507 1038 4555 et
1067 4498 1286 4554 Patrem
1320 4514 1488 4554 unum
1541 4515 1690 4566 esse,
1727 4501 1773 4557 is
1802 4501 1954 4556 novit
1980 4500 2068 4555 Fi-

502 4590 632 4643 lium
662 4588 716 4643 in
768 4586 934 4642 Patre
962 4603 1106 4653 esse,
1136 4595 1188 4643 et
1216 4586 1435 4643 Patrem
1483 4587 1538 4642 in
1579 4587 1746 4643 Filio.
1773 4587 1907 4644 Nam
1940 4589 2065 4644 Filii

499 4678 764 4733 divinitas
832 4677 1014 4732 Patris
1062 4685 1168 4743 est,
1212 4691 1406 4750 estque
1449 4680 1505 4734 in
1541 4678 1700 4736 Filio.
1742 4679 1810 4734 Et
1838 4681 1932 4750 qui
1964 4681 2069 4736 hoc

499 4767 756 4822 distincte
782 4768 1050 4837 percepit,
1084 4768 1140 4828 is,
1163 4773 1447 4840 cognoscit
1476 4787 1601 4826 eum
1637 4773 1730 4842 qui
1758 4772 1956 4827 Filium
1993 4773 2076 4826 vi—

501 4859 606 4921 dit,
639 4856 857 4911 Patrem
912 4873 1131 4928 quoque
1169 4862 1396 4918 vidisse.
1441 4861 1500 4917 In
1531 4862 1676 4918 Filio
1699 4863 1902 4934 quippe
1935 4863 2073 4918 divi-

506 4950 649 5003 nitas
686 4947 863 5002 Patris
894 4950 1230 5018 agnoscitur.
1283 4950 1438 5017 Quod
1480 4952 1704 5023 quidem
1741 4953 1906 5022 regiaa
1935 4952 2074 5006 ima—

505 5041 650 5109 ginis
686 5040 938 5110 exemplo
990 5035 1308 5100 accuratius
1336 5044 1568 5114 intelligi
1600 5052 1803 5114 potest.
1843 5045 1980 5100 Nam
2019 5048 2074 5101 in

575 5152 794 5209 "‘Joan.
833 5171 884 5220 x,
909 5154 999 5210 50.
1076 5157 1120 5188 ⁶⁹
1150 5154 1308 5212 Joan.
1340 5173 1454 5224 xw,
1491 5157 1574 5210 il.
1651 5158 1697 5188 "°
1725 5156 1857 5211 ibid.
1898 5157 1948 5211 9-

2172 4495 2296 4565 τὴρ,
2336 4489 2476 4547 οἶδεν
2506 4494 2587 4546 ὅτι
2607 4493 2767 4554 αὐτὸς
2790 4493 2848 4544 έν
2869 4491 2947 4560 τῷ
2967 4490 3141 4561 Πατρί
3171 4492 3343 4557 ἐστιν,
3369 4493 3466 4544 καὶ
3499 4495 3527 4546 ό
3552 4492 3736 4561 Πατὴρ

2174 4588 2232 4638 ὲν
2248 4583 2326 4655 τῷ
2361 4583 2494 4654 Υἱῷ·
2521 4584 2554 4653 ἡ
2583 4582 2690 4653 γάρ
2716 4580 2848 4636 Υἱοῦ
2871 4581 3080 4652 Θεότης,
3107 4580 3202 4634 τοῦ
3239 4581 3454 4652 Πατρός
3484 4583 3616 4643 ἐστι,
3650 4581 3745 4633 καὶ

2174 4677 2310 4748 αὐτὴ
2345 4679 2402 4730 ἐν
2431 4674 2507 4746 τῷ
2551 4674 2662 4746 Υἱῷ
2679 4676 2814 4728 ἐστι.
2844 4673 2955 4729 Καὶ
2981 4671 3180 4727 ότοῢτο
3202 4672 3260 4726 δὲ
3286 4672 3602 4726 καταλαϐὼν
3621 4674 3747 4727 ὲπὶα

2177 4785 2389 4832 σταται,
2421 4768 2502 4820 ὅτι
2529 4768 2557 4820 ὁ
2577 4765 2834 4836 ἑωρακὼς
2862 4765 2952 4818 τὸν
2969 4763 3114 4828 Υἱὺν,
3141 4763 3355 4835 ἑώρακε
3384 4764 3473 4819 τὸν
3495 4762 3711 4832 Πατέρα
3731 4779 3747 4795 ο

2176 4863 2234 4915 ἐν
2262 4861 2371 4930 γὰρ
2405 4860 2484 4930 τῷ
2538 4859 2653 4929 Υἱῷ
2695 4861 2728 4930 ἡ
2769 4858 2862 4912 τοῦ
2925 4857 3138 4926 Πατρός
3199 4855 3389 4927 θεότης
3439 4856 3745 4927 θεωρεῖται.

2177 4953 2347 5006 Τοῦτο
2374 4953 2430 5005 δὲ
2479 4952 2573 5004 καὶ
2603 4950 2822 5004 ἀπὸτοῦ
2880 4950 3322 5020 παραδείγματος
3378 4949 3477 5017 τῆς
3539 4949 3751 5012 εἰκόνος

2177 5039 2271 5093 τοῦ
2287 5039 2571 5110 βασιλέως,
2587 5037 3014 5110 προσεχέστερόν
3044 5053 3124 5098 τις
3145 5035 3479 5106 κατανοῆσαι
3499 5035 3744 5090 δύναται.

1781 5245 2014 5301 VARIE
2054 5242 2453 5301 LECTIONES.

587 5311 603 5354 ¹
639 5313 800 5386 Lege,
835 5317 932 5369 καὶ
955 5315 1131 5379 αὖθις.

2022 5401 2250 5457 NOTAE.

586 5497 699 5573 (56)
741 5503 895 5571 Πρὸς
926 5501 1344 5573 Ἀλέξανδρον.
1381 5500 1524 5556 Sane
1545 5499 1801 5573 Clemens
1840 5500 2075 5573 Alexan-

515 5571 713 5642 drinus
741 5574 1050 5626 Alexandro
1076 5571 1570 5642 l‘lierosolyn‘titano
1587 5572 1862 5626 Canonem
1895 5571 2071 5642 ecclef

520 5641 805 5698 siasticutn
855 5650 1044 5696 contra
1078 5640 1429 5697 Judaizaritcs
1479 5643 1813 5710 nuncupavit
1844 5640 2073 5711 :quidni

2183 5499 2351 5570 libros
2381 5498 2547 5570 etiam
2607 5496 3110 5570 StromateiiNam
3188 5499 3520 5570 principium
3551 5500 3754 5555 borum

2219 5569 2362 5647 eri_it.
2385 5568 2617 5647 _Alioqu_i
2649 5569 3058 5647 emendandum
3083 5568 3226 5647 foret
3253 5568 3572 5647 Κλήμεντος
3595 5570 3750 5624 Ἀλε-

2219 5584 2362 5622 erm.
2403 5584 2523 5622 AIIO
2565 5585 2617 5622 ut
2649 5584 3058 5624 emendandum
3086 5584 3222 5623 Ioret

2182 5584 2462 5708 ἓανδρείας
2482 5654 2494 5668 ’
2527 5585 2814 5694 ίἓῗίιεηιινιιιὶι
2851 5639 3222 5696 Alexandrini.
