4074 6146
321 343 456 408 1405

1407 344 1506 405 DE
1544 341 2007 404 IMAGINIBUS
2042 339 2323 401 ORATIO
2359 341 2473 401 III.

3426 321 3569 387 1406

331 461 418 512 Ἑν
451 460 560 530 γὰρ
615 461 681 530 τῇ
726 459 893 514 εἰκόνι
936 456 1031 512 τοῦ
1081 455 1363 526 βασιλέως,
1428 456 1490 509 τὸ
1526 451 1664 519 εἶδος
1713 453 1808 508 καὶ
1855 453 1890 521 ὴ

2018 455 2230 522 maginc
2255 453 2470 523 species
2488 459 2543 504 et
2573 449 2749 504 forma
2775 453 2862 503 est
2885 441 3260 516 imperatoris,
3294 445 3349 494 et
3383 437 3438 491 in
3464 452 3568 530 rm-

323 551 504 620 μορφή
530 529 661 604 ίὲστι
687 568 701 582 ·
738 551 836 604 καί
860 551 918 608 ὲν
943 549 1020 618 τῷ
1061 548 1269 618 βασιλεί
1299 547 1375 611 δὲ,
1407 546 1471 600 τὸ
1515 548 1575 600 ὲν
1608 547 1674 616 τῇ
1723 543 1891 597 εἰκόνι

2010 553 2249 612 ieratore
2279 544 2492 614 species
2522 540 2802 610 imaginis.
2842 537 3202 593 Dissentanea
3238 531 3295 584 in
3331 529 3571 596 imagine

320 637 458 702 εἶδός
495 641 665 694 ἐστιν.
721 638 1165 710 Ἀπαράλλακτός
1205 639 1351 690 ἐστιν
1383 639 1440 690 ὲν
1467 639 1534 707 τῇ
1598 635 1764 688 εἰκόνι
1799 632 1891 687 τοῦ

323 729 643 800 βασιλέωςή
686 731 960 800 ὁμοιότης,
1009 730 1086 792 ὡς
1120 729 1210 781 τὸν
1268 728 1480 797 ὁρῶντα
1529 726 1628 797 τὴν
1687 727 1892 788 εἰκόνα,

1996 649 2102 688 non
2137 640 2224 689 est
2262 632 2612 702 imperatoris
2648 628 3000 694 similitudo;
3035 627 3108 679 ita
3148 631 3206 678 ut
3237 621 3331 692 qui
3389 618 3572 672 videat

1996 725 2311 794 imaginem,
2364 725 2420 776 in
2448 722 2566 791 ipsa
2598 734 2820 791 quoque
2851 720 3238 789 imperatorem
3269 709 3530 779 inspiciat
3557 727 3569 760 :

319 822 452 891 όρᾷν
478 821 569 874 τὸν
619 820 840 890 βασιλέα
869 825 926 878 ὲν
955 822 1116 892 αὐτῇ,
1134 820 1230 873 καὶ
1253 818 1344 872 τὸν
1367 817 1530 871 πάλιν
1558 817 1770 886 ὁρῶντα
1802 815 1894 870 τὸν

2010 829 2056 873 3t
2101 828 2346 874 rursum,
2401 812 2494 881 qui
2547 811 2933 880 imperatorem
2983 807 3189 868 videat,
3230 804 3378 856 hunc
3418 800 3570 852 illum

227 929 230 932 ’
327 912 572 980 βασιλέα,
608 913 993 980 ἐπιγινώσκειν
1045 915 1128 966 ὅτι
1184 905 1339 973 οὗτός
1368 910 1515 964 ἐστιν
1546 911 1576 962 ό
1604 910 1662 962 ὲν
1693 911 1759 978 τῇ
1815 907 1895 960 εἰ-

321 1003 462 1054 κόνι.
503 1001 600 1055 Ἐκ
619 1002 674 1055 δὲ
696 1002 790 1056 τοῦ
824 1004 898 1073 μὴ
942 1003 1273 1058 διαλλάττειν
1309 1001 1408 1071 τὴν
1453 1000 1770 1071 ὁμοιότητα,
1817 997 1896 1069 τῷ

325 1097 530 1150 θέλοντι
563 1096 700 1166 μετὰ
726 1097 824 1166 τὴν
859 1097 1044 1152 εἰκόνα
1063 1097 1154 1150 τὸν
1177 1094 1404 1166 βασιλέα
1427 1093 1724 1164 θεωρῆσαι,
1755 1092 1896 1145 εἴποι

321 1187 388 1239 ἂν
418 1186 644 1256 τούτῳὴ
681 1185 866 1240 εἰκών·
913 1187 1051 1256 Ἐγὼ
1081 1186 1176 1241 καὶ
1199 1189 1228 1239 ὁ
1253 1184 1504 1256 βασιλεὺς
1539 1183 1598 1236 ἓν
1621 1181 1673 1236 τί
1706 1184 1898 1252 ὲσμεν.

338 1277 478 1345 Ἐγὼ
515 1278 623 1347 γὰρ
659 1278 718 1330 ὲν
747 1278 941 1349 ἐκείνῳ
980 1278 1118 1346 εἰμί,
1155 1279 1409 1339 κάκεῖνος
1443 1276 1501 1329 ὲν
1538 1274 1660 1345 ἐμοί
1689 1289 1704 1304 ο
1753 1272 1848 1326 καί
1872 1273 1900 1326 ὃ

321 1367 459 1438 ὁρᾷς
509 1369 566 1420 ὲν
591 1367 735 1437 ἐμοὶ,
765 1368 924 1421 τοῦτο
957 1370 1016 1420 ὲν
1048 1369 1241 1437 ἐκείνῳ
1285 1367 1526 1439 βλέπεις,
1556 1366 1649 1419 καὶ
1669 1365 1697 1418 ὂ
1728 1364 1900 1435 ἐώρα-

325 1472 432 1518 κας
464 1457 522 1510 ὲν
554 1456 769 1525 ἐκείνῳ,
795 1458 1013 1528 βλέπεις
1041 1457 1198 1512 τοῦτο
1229 1461 1287 1511 ὲν
1331 1457 1452 1528 ἐμοί
1489 1473 1503 1487 ο
1533 1459 1562 1509 ό
1598 1455 1707 1527 γὰρ
1736 1473 1903 1526 προσ-

324 1545 506 1599 κυνῶν
527 1547 627 1614 τὴν
654 1547 861 1612 εἰκόνα,
894 1549 952 1600 ὲν
972 1548 1108 1618 αὐτῇ
1132 1549 1428 1619 προσκυνεῖ
1442 1547 1533 1600 τὸν
1551 1545 1794 1615 βασιλέα.
1837 1546 1903 1598 Ἦ

322 1633 432 1707 γὰρ
478 1636 685 1689 ἐκείνου
734 1637 914 1708 μορφὴ
956 1638 1052 1691 καὶ
1099 1637 1160 1690 τὸ
1209 1635 1348 1702 εἶδος
1401 1637 1589 1702 αὐτοῦ,
1649 1635 1800 1690 ἐστὶν
1867 1635 1902 1704 ἡ

321 1723 513 1780 εἰκών.
554 1744 573 1779 ι
808 1743 813 1748 ’

503 1817 613 1870 Τοῦ
641 1815 848 1883 αὑτοῦ,
891 1818 1041 1886 πρὸς
1090 1817 1400 1886 Ἀντίοχον
1445 1816 1724 1884 ἄρχοντα.

404 1925 423 1956 ι
463 1906 529 1960 Τί
555 1923 688 1977 φασι
712 1908 850 1978 πρὸς
875 1908 1051 1961 ταῦτα
1078 1909 1126 1960 οἰ
1151 1908 1640 1979 ἀποστρεφόμενοι,
1663 1908 1758 1959 καὶ
1785 1907 1903 1959 ὲπιο

321 1997 617 2066 τρέποντες
635 1997 712 2068 μὴ
728 2000 1053 2068 προσκυνεῖν
1065 1999 1189 2061 τοὺς
1213 1997 1459 2067 χαρακτῆ
1468 2014 1564 2066 ρας
1580 1997 1688 2048 τῶν
1706 1995 1900 2064 ἁγίων,

319 2086 525 2150 οἵτινες
563 2087 630 2141 δι’
661 2088 974 2158 ὑπόμνησιν
998 2088 1128 2158 παρ’
1163 2088 1320 2158 ἡμῶν
1345 2087 1726 2153 ὲκτυποῦνται;
1774 2105 1791 2137 ι

337 2179 696 2249 Ἀμϐροσίου
738 2178 1078 2249 ἐπισκόπου
1120 2178 1504 2249 Μεδιολάνων
1539 2181 1556 2249 (
1578 2179 1643 2232 '57
1680 2181 1720 2247 ),
1753 2179 1904 2247 πρὸς

402 2247 735 2316 Γρατιανόν
785 2248 892 2302 τὸν
917 2247 1199 2313 βασιλέα,
1245 2248 1379 2316 περὶ
1435 2247 1555 2316 τῆς(
1600 2248 1905 2316 ἑνσάρκου

401 2318 744 2386 οἰκονομίας
769 2317 874 2371 τοῦ
905 2317 1053 2371 Θεοῦ
1090 2319 1305 2386 Λόγου.

407 2427 431 2463 s
467 2407 600 2471 Θεὸς
629 2409 736 2479 πρὸ
761 2409 862 2478 τῆς
890 2410 1116 2479 σαρκὸς,
1150 2410 1244 2461 καὶ
1271 2409 1402 2472 Θεὸς
1433 2411 1490 2462 ὲν
1518 2409 1701 2480 σαρκί.
1747 2409 1906 2462 Ἀλλὰ

333 2497 520 2564 φόϐος,
566 2499 721 2567 φησί,
755 2499 828 2568 μὴ
886 2498 979 2551 δύο
1012 2499 1333 2570 ήγεμονικὰ,
1383 2499 1416 2568 ἢ
1476 2499 1666 2568 σοφίαν
1729 2498 1912 2569 διττὴν

334 2589 704 2658 ἀπονέμοντες
759 2590 1000 2658 Χριστῷ,
1060 2591 1303 2661 μερίζειν
1364 2589 1602 2659 δόξωμεν
1653 2591 1909 2660 Χριστόν.

335 2675 486 2750 Ἀρα
521 2675 632 2744 οὖν,
672 2681 745 2750 μὴ
770 2681 933 2734 ὁπότε
964 2681 1059 2735 καὶ
1083 2682 1181 2751 τὴν
1208 2681 1439 2752 θεότητα
1491 2681 1655 2734 αὐτοῦ
1687 2682 1782 2734 καὶ
1814 2680 1912 2751 τὴν

341 2769 521 2839 σάρκα
549 2769 981 2840 προσκυνοῦμεν,
1014 2771 1309 2840 μερίζομεν
1337 2771 1429 2824 τὸν
1452 2771 1689 2841 Χριστόν
1717 2787 1733 2836 ;
1760 2771 1792 2840 ἢ
1823 2771 1912 2824 ὅτε

339 2864 400 2914 ἐν
419 2860 498 2932 τῷ
515 2862 686 2930 αὐτῷ,
716 2860 809 2913 καὶ
833 2860 930 2930 τὴν
957 2861 1050 2913 τοῦ
1085 2861 1220 2915 Θεοῦ
1253 2862 1438 2915 εἰκόνα
1476 2862 1573 2915 καὶ
1615 2863 1706 2914 τὸν
1747 2880 1912 2915 σταυ-

342 2949 438 3020 ρὸν
498 2947 933 3021 προσκυνοῦμεν,
995 2945 1307 3020 διαιροῦμεν
1374 2951 1580 3017 αὑτὸν;
1644 2951 1738 3022 Μὴ
1823 2954 1915 3020 γέ-

341 3055 486 3090 νοιτο
509 3050 548 3076 ω
569 3038 582 3089 l
630 3056 649 3089 ι

1994 919 2118 963 esse
2160 900 2432 968 intelligat
2485 898 2577 968 qui
2635 896 2689 950 in
2743 895 2979 965 imagine
3033 895 3106 945 sit
3150 903 3466 961 expressus.
3499 884 3572 936 Et

1998 1005 2108 1059 quo
2158 999 2341 1045 autem
2373 1005 2484 1043 non
2515 987 2700 1043 dill‘ert
2747 985 3080 1048 similitudo,
3115 982 3316 1037 exhinc
3341 993 3573 1047 conspe-

1998 1087 2085 1136 cta
2117 1080 2379 1149 imagine,
2411 1076 2617 1131 volenti
2676 1076 3066 1145 imperatorem
3097 1074 3277 1142 ipsum
3333 1067 3571 1130 intueri,

2000 1173 2179 1244 imago
2215 1173 2404 1242 utique
2435 1171 2638 1227 dixerit
2667 1186 2680 1222 :
2707 1170 2823 1240 Ego
2865 1179 2917 1224 et
2950 1171 3246 1238 imperator
3277 1180 3447 1219 unum
3484 1177 3578 1216 su—

2005 1280 2152 1320 mus.
2214 1265 2327 1334 Ego
2381 1265 2584 1333 quippe
2617 1263 2672 1316 in
2711 1261 2805 1316 illo
2853 1275 3000 1324 sum,
3034 1268 3090 1314 et
3123 1259 3215 1312 ille
3244 1258 3300 1310 in
3351 1270 3440 1309 me
3474 1273 3489 1308 :
3521 1260 3576 1306 et

2002 1353 2149 1422 quod
2190 1353 2248 1408 in
2305 1368 2392 1408 me
2436 1354 2617 1419 vides,
2663 1352 2766 1406 hoc
2795 1352 2935 1406 idem
2969 1351 3024 1404 in
3051 1363 3118 1403 eo
3174 1346 3474 1417 perspicis;
3524 1349 3579 1396 et

2002 1443 2150 1514 quod
2214 1444 2272 1498 in
2327 1443 2423 1498 illo
2485 1442 2860 1513 perspexeris,
2906 1440 2960 1496 id
2993 1440 3049 1494 in
3104 1455 3190 1492 me
3221 1436 3450 1492 cernis:
3483 1433 3578 1500 qui

2003 1537 2148 1591 enim
2205 1534 2398 1588 adorat
2452 1533 2768 1604 imaginem,
2808 1532 2900 1586 ille
2939 1531 3332 1600 imperatorem
3364 1525 3576 1580 adorat.

2006 1626 2138 1682 Nam
2168 1627 2349 1695 imago
2372 1633 2455 1680 est
2487 1625 2663 1679 forma
2695 1630 2752 1679 et
2783 1623 2996 1692 species
3021 1620 3197 1675 illius.
3237 1637 3257 1670 ι

2217 1821 2494 1890 Ejusdem,
2529 1819 2597 1873 ad
2629 1819 2940 1874 Antiochum
2964 1817 3272 1886 prwfectum
3302 1815 3369 1870 '“.

2080 1930 2100 1962 ι
2123 1911 2268 1978 Quid
2301 1912 2368 1966 ad
2395 1912 2508 1967 haec
2533 1913 2609 1966 illi
2637 1911 3068 1981 quisanctorum
3096 1909 3298 1977 ﬁguras
3317 1915 3580 1957 aversan-

2007 2010 2093 2056 tur
2143 2003 2566 2070 adoraudasque
2620 2011 2844 2072 negant,
2906 2015 3026 2070 qua:
3078 1998 3133 2052 in
3180 1993 3580 2050 monimentum

2007 2093 2147 2163 apud
2181 2109 2284 2149 nos
2313 2093 2684 2164 emnguntur?
2714 2112 2732 2144 ι

2011 2187 2272 2242 Ambrosii
2318 2187 2542 2253 episcopi
2565 2181 2974 2238 Mediolanensis
3035 2179 3102 2253 qd
3139 2176 3454 2253 Gratianum
3479 2173 3583 2224 im-

2191 2245 2505 2326 peratorem,
2537 2255 2600 2307 de
2651 2253 3015 2306 incarnatione
3055 2247 3204 2302 Verbi
3234 2245 3425 2298 divini.

2084 2429 2104 2462 ι
2140 2409 2283 2466 Deus
2321 2418 2447 2465 ante
2476 2424 2746 2476 carnem;
2778 2407 2923 2461 Deus
2973 2406 3026 2458 in
3055 2417 3311 2457 carne....
3356 2397 3462 2452 Sed
3498 2409 3587 2450 ve-

2012 2500 2270 2564 rendum,
2328 2499 2538 2570 inquis,
2595 2515 2663 2554 ne
2691 2498 2738 2553 si
2773 2498 2914 2552 duos
2973 2491 3311 2565 principales
3358 2499 3580 2548 sensus,

2012 2597 2106 2642 aut
2169 2590 2442 2659 geminam
2479 2589 2808 2658 sapientiam
2836 2585 3062 2641 Chrism
3087 2575 3586 2641 tribuimus,Chri-

2013 2687 2156 2733 stum
2188 2677 2516 2733 dividamus.
2551 2675 2822 2747 Numquid
2865 2691 2989 2730 cum
3016 2683 3070 2728 et
3101 2670 3438 2726 divinitatem
3468 2666 3588 2734 ejus

2013 2769 2308 2824 adoramus
2333 2777 2388 2822 et
2424 2782 2672 2833 carnem,
2723 2767 3004 2822 Christum
3035 2759 3379 2819 dividimus?
3415 2756 3588 2812 Num-

2015 2856 2143 2926 quid
2193 2873 2315 2911 cum
2359 2857 2414 2910 in
2447 2873 2514 2911 eo
2542 2857 2837 2925 imaginem
2865 2855 2956 2909 Dei
2991 2865 3320 2922 crucemque
3355 2861 3590 2904 venera-

2019 2963 2158 3011 mur,
2189 2945 2490 3003 dividimus
2521 2962 2644 3001 eum
2669 2947 2692 2999 ?
2716 2946 2912 3000 Absitl
2952 2964 2972 2998 ι

340 3127 646 3196 Κυριλλου
693 3127 1059 3199 πατριάρχου
1120 3129 1574 3199 Ἰεροσολύμων,
1624 3130 1735 3199 τῆς
1802 3133 1909 3187 δω-

2091 3123 2284 3194 Cyrilli
2341 3123 2830 3199 Hierosolymorum
2876 3125 3228 3199 patriarcha,
3276 3139 3342 3178 ea:
3380 3121 3585 3176 duode-

787 3195 1043 3263 δεκάτης
1073 3195 1480 3266 κατηχήσεωζ.

418 3301 439 3336 s
469 3285 533 3338 Εἰ
556 3284 734 3338 τοίνυν
757 3285 937 3355 ζητεῖς
953 3286 1047 3355 τῆς
1066 3286 1301 3356 Χριστοῦ
1327 3289 1625 3358 παρουσίας
1647 3289 1706 3342 τὸ
1721 3291 1912 3358 αἴτιον,

340 3375 620 3446 ἁνάδραμε
662 3376 755 3428 ἐπὶ
800 3375 861 3430 τὸ
899 3376 1114 3448 πρῶτον
1156 3377 1266 3430 τῶν
1292 3378 1527 3449 Γραφῶν
1557 3379 1779 3450 βιϐλίον.
1827 3383 1916 3435 Ἐν

340 3467 402 3530 ἒξ
437 3465 671 3536 ἡμέραις
696 3465 950 3536 ἐποίησεν
975 3469 1002 3519 ὁ
1032 3465 1165 3529 Θεὸς
1193 3467 1283 3520 τὸν
1310 3469 1535 3539 κόσμον,
1589 3469 1704 3522 ἀλλ’
1745 3471 1773 3523 ό
1827 3471 1918 3525 κό-

343 3571 499 3624 σμος,
525 3553 612 3607 διὰ
630 3554 722 3608 τὸν
746 3554 1029 3626 ἄνθρωπον
1055 3572 1069 3586 ο
1096 3556 1244 3626 ἥλιος
1268 3557 1366 3626 μὲν
1381 3557 1490 3628 γὰρ
1505 3558 1907 3629 λαμπρότατος,

341 3647 538 3716 αὐγαῖς
567 3646 928 3714 ἀποστίλόων,
954 3647 1088 3700 ἀλλὰ
1124 3647 1210 3700 διὰ
1242 3647 1334 3700 τὸν
1360 3648 1669 3719 ἄνθρωπον,
1709 3653 1914 3723 φαμὲν,

341 3739 580 3806 ἐγένετο.
609 3740 722 3792 Καὶ
747 3739 928 3793 πάντα
956 3739 1024 3791 τὰ.
1060 3737 1173 3804 ζῶα
1217 3739 1304 3794 διὰ
1346 3739 1407 3794 τὸ
1459 3740 1730 3797 δουλεύειν
1787 3745 1918 3814 ἡμῖν

343 3828 619 3898 κατέστηο
664 3827 886 3898 βοτάναι
925 3829 1019 3881 καὶ
1069 3827 1300 3898 δένδρα.
1364 3828 1451 3882 διὰ
1495 3829 1594 3900 τὴν
1647 3831 1918 3902 ἡμετέραν

343 3920 664 3974 ἀπόλαυσιν.
710 3920 966 3988 Ἐκτίσθη
994 3919 1170 3972 πάντα
1187 3920 1326 3972 καλὰ
1351 3919 1419 3973 τὰ
1439 3920 1916 3993 δημιουργήματα,

343 4013 461 4068 ἀλλ’
495 4013 650 4066 οὐδὲν
678 4013 883 4065 τούτων
908 4010 1070 4064 εἰκὼν
1095 4009 1190 4064 τοῦ
1221 4009 1380 4074 Θεοῦ,
1419 4012 1579 4077 μόνος
1619 4013 1676 4065 δὲ
1707 4013 1918 4084 ἄνθρω-

345 4121 469 4164 πος.
510 4102 701 4163 ’Ἥλιος
732 4101 1114 4170 προστάγματι
1166 4099 1332 4170 μόνῳ,
1364 4100 1649 4170 ἄνθρωπος
1677 4102 1733 4155 δὲ
1763 4105 1920 4174 χερσί

345 4191 518 4254 θείαις
545 4191 790 4260 ἐπλάσθη
823 4207 837 4222 ο
870 4210 888 4242 ι
928 4190 1277 4260 Ποιήσωμεν
1298 4189 1407 4261 γὰρ
1441 4191 1752 4259 ἄνθρωπον
1791 4194 1919 4248 κατ’

344 4284 552 4335 εἰκόνα
573 4279 884 4349 ἡμετέραν,
924 4282 1022 4335 καί
1054 4281 1185 4336 καθ’
1252 4280 1540 4350 ὁμοίωσιν
1566 4299 1581 4313 ο
1621 4283 1783 4336 εἰκὼν
1831 4283 1920 4348 ξυ-

2583 3197 2722 3249 cima
2756 3195 3031 3248 ratechesi.

2088 3285 2145 3339 Si
2197 3301 2328 3357 ergo
2378 3286 2646 3341 adventus
2699 3284 2903 3341 Christi
2962 3299 3188 3340 causam
3238 3279 3464 3352 quaeris,
3521 3280 3593 3335 ad

2016 3375 2181 3446 384
2208 3377 2444 3445 primum
2490 3376 2793 3446 Scriptura:
2839 3375 3042 3430 librum
3073 3388 3318 3430 recurre.
3350 3371 3454 3426 Sex
3479 3371 3593 3426 die-

2018 3483 2139 3520 rum
2203 3466 2382 3535 spatio
2440 3467 2708 3521 mundum
2767 3468 2977 3522 creavit
3018 3467 3284 3521 Deuszat
3351 3462 3594 3518 mundus

2020 3569 2239 3628 propter
2262 3559 2538 3614 hominem
2575 3560 2751 3615 factus
2787 3569 2891 3616 est.
2922 3559 3216 3614 Enimvero
3274 3557 3356 3614 sol
3413 3556 3594 3626 splen-

2018 3649 2361 3716 didissimus,
2383 3651 2662 3720 radiisque
2688 3651 2924 3722 fulgens,
2952 3660 3009 3706 ut
3040 3651 3203 3706 modo
3238 3650 3586 3710 dicebamus.

2020 3741 2256 3797 hominis
2293 3756 2457 3798 causa
2489 3741 2664 3797 factus
2687 3752 2792 3798 est.
2836 3742 3031 3798 Omnia
3067 3758 3289 3812 quoque
3324 3741 3585 3795 animan-

2023 3839 2094 3892 tia
2118 3838 2327 3894 idcirco
2358 3837 2582 3893 condita
2615 3847 2772 3904 sunt,
2797 3847 2857 3893 ut
2903 3839 3147 3893 serviant
3173 3836 3365 3900 nobis;
3391 3834 3596 3906 grami-

2020 3947 2087 3985 na
2140 3932 2266 3986 item
2301 3941 2356 3986 et
2379 3932 2636 3996 arbores,
2676 3939 2736 3986 ut
2762 3931 2872 3986 illis
2896 3929 3168 3984 fruamur.
3205 3927 3469 3983 Universa
3496 3925 3589 3980 Dei

2018 4037 2188 4092 opera
2209 4023 2352 4077 bona
2379 4023 2535 4078 valde
2557 4033 2707 4086 sunt,
2749 4022 2843 4078 sed
2882 4023 3101 4077 nullum
3120 4036 3336 4084 eorum,
3364 4019 3589 4086 dempto

2023 4112 2269 4178 homine,
2328 4112 2508 4183 imago
2552 4113 2645 4166 Dei
2676 4120 2779 4167 est.
2816 4111 2910 4165 Sol
2961 4110 3220 4166 mandato
3247 4109 3389 4170 solo,
3435 4107 3596 4157 homo

2022 4218 2152 4258 vero
2180 4202 2272 4259 Dei
2306 4205 2560 4260 manibus
2598 4203 2868 4258 formatus
2895 4202 3020 4257 fuit.
3044 4195 3597 4257 Aiteuim":Facia-

2022 4303 2137 4341 mus
2159 4286 2419 4341 hominem
2446 4288 2515 4340 ad
2539 4289 2822 4357 imaginem
2838 4295 2887 4339 et
2907 4283 3310 4340 similitudinem
3331 4290 3594 4335 nostram.

345 4370 468 4440 λίνη
514 4370 754 4437 ἐπιγείου
808 4372 1071 4442 βασιλέως
1119 4373 1365 4442 τιμᾶται,
1400 4373 1552 4442 πόσῳ
1602 4392 1666 4442 γε
1716 4377 1909 4444 μᾶλλοι

2026 4377 2378 4446 Imperatoris
2424 4385 2630 4431 terreni
2659 4376 2950 4444 imaginem
2987 4375 3219 4441 ligneam
3247 4384 3596 4436 veneramur,

347 4462 515 4514 εἰκὼν
539 4461 730 4529 λογικὴ
763 4463 932 4529 Θεοῦ;
971 4481 992 4514 ›

353 4551 465 4607 Τοῦ
493 4551 664 4622 ἁγίου
695 4554 1016 4607 Βασιλείου
1043 4553 1192 4621 πρὸς
1219 4553 1328 4607 τὸν
1353 4553 1524 4622 ἅγιον
1561 4557 1918 4622 Φλαϐιανόν,

456 4682 458 4685 ι
773 4622 908 4690 περί
937 4622 1048 4691 τῆς
1076 4624 1515 4692 Σαμαρείτιδος.

423 4728 446 4764 ι
499 4712 589 4766 Ἐν
613 4712 764 4782 τόπῳ
792 4710 930 4767 εἶναι
966 4714 1066 4784 τὴν
1091 4715 1460 4785 προσκύνησιν
1502 4718 1567 4770 ὲκ
1595 4717 1696 4788 τῆς
1747 4721 1922 4789 ὲγχω-

352 4800 470 4869 ρίου
505 4801 794 4873 συνηθείας
823 4803 1201 4874 ἡπατημένην,
1231 4805 1259 4857 ὁ
1285 4806 1484 4877 Κύριος
1507 4807 1661 4876 ἡμῶν
1701 4808 1920 4876 μεταδι-

351 4891 586 4947 δάσκωνο
617 4894 720 4948 Ἐν
735 4895 1025 4964 πνεύματι
1043 4894 1140 4949 καὶ
1153 4896 1403 4964 ἀληθείᾳ
1415 4897 1510 4950 δεῖ
1525 4899 1914 4966 προσκυνεῖν,

354 4983 539 5050 φησὶν,
569 4985 762 5040 ἑαυτὸν
787 4985 960 5054 λέγων
988 4986 1188 5058 δηλαδὴ
1225 4987 1323 5058 τὴν
1379 4989 1658 5058 ἀλήθειαν.
1709 4990 1919 5061 Ὥσπερ

354 5073 411 5124 ὲν
439 5073 514 5145 τῷ
546 5075 662 5147 Υἱῷ
716 5080 1043 5148 προσκυνεῖν
1087 5077 1318 5149 λέγομεν
1367 5079 1458 5132 τὸν
1495 5079 1731 5150 Πατέρα,
1753 5079 1829 5145 ὡς
1858 5082 1916 5134 ὲν

1957 4443 1998 4496 D
2027 4443 2236 4538 quanto
2267 4468 2468 4538 potiori
2495 4468 2619 4536 jure
2652 4465 2974 4520 rationalem
3001 4461 3297 4532 imaginem
3329 4460 3472 4515 Dei?
3503 4480 3522 4511 ο

2090 4560 2277 4616 Sancti
2311 4550 2508 4613 Basilii
2535 4559 2602 4611 ad
2663 4567 2904 4611 sanctum
2963 4553 3302 4620 Flavianum,
3323 4552 3387 4606 de
3410 4550 3596 4607 Sama-

2580 4627 2760 4680 ritana
2789 4624 3028 4679 muliere.

2097 4738 2115 4770 ι
2153 4718 2388 4773 Gentilis
2436 4733 2550 4773 smn
2606 4715 3028 4771 consuetudinis
3085 4726 3279 4768 errore
3327 4712 3382 4766 in
3445 4717 3598 4765 certo

2017 4811 2138 4864 loco
2197 4810 2571 4864 adorationem
2629 4808 2828 4862 debere
2885 4807 3000 4862 ﬁeri
3037 4804 3374 4866 credentem,
3416 4800 3598 4856 Domi-

2025 4917 2130 4955 nus
2176 4910 2364 4955 noster
2407 4901 2626 4954 erudit:
2662 4900 2900 4966 Oportet,
2969 4897 3171 4968 inquit,
3233 4897 3292 4950 in
3324 4894 3514 4964 spiritu
3547 4899 3598 4945 δι

2026 4992 2241 5046 ueritate
2267 4991 2585 5060 adorare";
2622 5000 2678 5046 ut
2712 4992 2950 5062 seipsum
3005 4991 3291 5054 nimirum,
3325 4988 3417 5057 qui
3448 4985 3596 5039 veri-

2039 5095 2122 5140 tas
2143 5091 2250 5150 est,
2279 5084 2568 5143 indicaret.
2615 5084 3084 5154 Quemadmodum
3111 5084 3172 5140 in
3210 5081 3350 5138 Filio
3377 5079 3599 5133 Patrem

437 5207 482 5238 τ’
516 5205 724 5272 Quaest.
750 5210 937 5271 39,ubi
971 5227 1157 5282 supra.
1234 5212 1279 5243 '"
1307 5211 1444 5269 Gen.
1477 5226 1517 5279 ι,
1548 5213 1639 5268 26.
1715 5212 1757 5245 ⁷³
1787 5210 1945 5270 Joan.
1988 5230 2060 5282 Ι-ν,
2086 5217 2175 5274 24.

1632 5326 1870 5382 νΑΒΙΙΕ
1925 5328 2324 5393 LECTlONES.

433 5427 474 5452 "
509 5420 694 5490 Deest,
723 5420 891 5483 Absit,
931 5421 1006 5492 μὴ
1047 5423 1276 5490 γένοιτο,
1327 5422 1484 5494 apud
1505 5422 1875 5478 Ambrosium.

1851 5542 2083 5599 NOTAE.

373 5628 545 5707 “(53)
574 5631 847 5707 Ambrosii
883 5631 1075 5688 Latina
1104 5635 1383 5702 describo,
1430 5653 1492 5692 ex
1538 5637 1817 5707 ejuslibro
1855 5636 1932 5690 De
1949 5635 2341 5707 incarnationis
2386 5633 2674 5690 Dominicis
2701 5641 3050 5699 sacramento,
3086 5647 3202 5702 cap.
3246 5633 3298 5699 7,
3343 5634 3507 5691 11.70
3540 5642 3602 5692 et

381 5697 456 5751 35.
484 5697 593 5764 Qui
626 5703 768 5758 liher
807 5712 1052 5772 tempore
1083 5707 1278 5773 synodi
1323 5697 1615 5776 Ephesium
1647 5707 1840 5763 Graece
1867 5706 2113 5762 redditus
2139 5704 2336 5760 fuerat.
