  <div class='ocr_page' id='page_1' title='image "/cluster/home/n/w/nwhite01/storage/ocr_20150623/94/mdp.39015008918610/711.png"; bbox 0 0 3980 6140; ppageno 0'>
   <div class='ocr_carea' id='block_1_1' title="bbox 476 290 613 358">
    <p class='ocr_par' dir='ltr' id='par_1_1' title="bbox 476 290 613 358">
     <span class='ocr_line' id='line_1_1' title="bbox 476 290 613 358; baseline 0.015 -2"><span class='ocrx_word' id='word_1_1' title='bbox 476 290 613 358; x_wconf 70' lang='grc'><strong>1407</strong></span> 
     </span>
    </p>
   </div>
   <div class='ocr_carea' id='block_1_2' title="bbox 467 493 2046 578">
    <p class='ocr_par' dir='ltr' id='par_1_2' title="bbox 467 493 2046 578">
     <span class='ocr_line' id='line_1_2' title="bbox 467 493 2046 578; baseline 0.013 -29"><span class='ocrx_word' id='word_1_2' title='bbox 467 493 548 549; x_wconf 77' lang='lat' dir='ltr'><strong>sic</strong></span> <span class='ocrx_word' id='word_1_3' title='bbox 574 495 700 549; x_wconf 99' lang='lat' dir='ltr'><strong>etin</strong></span> <span class='ocrx_word' id='word_1_4' title='bbox 734 495 966 564; x_wconf 88' lang='lat' dir='ltr'><strong>Spiritu,</strong></span> <span class='ocrx_word' id='word_1_5' title='bbox 998 499 1200 569; x_wconf 89' lang='lat' dir='ltr'><strong>quippe</strong></span> <span class='ocrx_word' id='word_1_6' title='bbox 1232 505 1322 572; x_wconf 88' lang='lat' dir='ltr'><strong>qui</strong></span> <span class='ocrx_word' id='word_1_7' title='bbox 1358 505 1412 558; x_wconf 92' lang='lat' dir='ltr'><strong>in</strong></span> <span class='ocrx_word' id='word_1_8' title='bbox 1441 507 1628 578; x_wconf 87' lang='lat' dir='ltr'><strong>seipso</strong></span> <span class='ocrx_word' id='word_1_9' title='bbox 1670 511 1885 567; x_wconf 88' lang='lat' dir='ltr'><strong>Domini</strong></span> <span class='ocrx_word' id='word_1_10' title='bbox 1908 513 2046 567; x_wconf 85' lang='lat' dir='ltr'><strong>divi-</strong></span> 
     </span>
    </p>
   </div>
   <div class='ocr_carea' id='block_1_3' title="bbox 469 585 1048 640">
    <p class='ocr_par' dir='ltr' id='par_1_3' title="bbox 469 585 1048 640">
     <span class='ocr_line' id='line_1_3' title="bbox 469 585 1048 640; baseline 0 0"><span class='ocrx_word' id='word_1_11' title='bbox 469 585 693 640; x_wconf 81' lang='lat' dir='ltr'><strong>nitatem</strong></span> <span class='ocrx_word' id='word_1_12' title='bbox 730 590 987 640; x_wconf 78' lang='lat' dir='ltr'><strong>Ostendit.</strong></span> <span class='ocrx_word' id='word_1_13' title='bbox 1029 608 1048 640; x_wconf 72' lang='grc' dir='ltr'><strong>ι</strong></span> 
     </span>
    </p>
   </div>
   <div class='ocr_carea' id='block_1_4' title="bbox 573 676 1868 760">
    <p class='ocr_par' dir='ltr' id='par_1_4' title="bbox 573 676 1868 760">
     <span class='ocr_line' id='line_1_4' title="bbox 573 676 1868 760; baseline 0.012 -28"><span class='ocrx_word' id='word_1_14' title='bbox 573 676 762 732; x_wconf 81' lang='lat' dir='ltr'><strong>Sancti</strong></span> <span class='ocrx_word' id='word_1_15' title='bbox 785 679 1028 749; x_wconf 80' lang='lat' dir='ltr'><strong>Gregorii</strong></span> <span class='ocrx_word' id='word_1_16' title='bbox 1059 681 1414 752; x_wconf 62' lang='lat' dir='ltr'><strong>NaZiauzeni,</strong></span> <span class='ocrx_word' id='word_1_17' title='bbox 1451 689 1507 742; x_wconf 86' lang='lat' dir='ltr'><strong>in</strong></span> <span class='ocrx_word' id='word_1_18' title='bbox 1527 689 1868 760; x_wconf 76' lang='lat' dir='ltr'><strong>baptismum.</strong></span> 
     </span>
    </p>
   </div>
   <div class='ocr_carea' id='block_1_5' title="bbox 538 765 2052 844">
    <p class='ocr_par' dir='ltr' id='par_1_5' title="bbox 538 765 2052 844">
     <span class='ocr_line' id='line_1_5' title="bbox 538 765 2052 844; baseline 0.015 -24"><span class='ocrx_word' id='word_1_19' title='bbox 538 765 598 821; x_wconf 90' lang='lat' dir='ltr'><strong>Si</strong></span> <span class='ocrx_word' id='word_1_20' title='bbox 630 774 681 822; x_wconf 91' lang='lat' dir='ltr'><strong>te</strong></span> <span class='ocrx_word' id='word_1_21' title='bbox 703 777 824 835; x_wconf 90' lang='lat' dir='ltr'><strong>post</strong></span> <span class='ocrx_word' id='word_1_22' title='bbox 847 770 1180 840; x_wconf 78' lang='lat' dir='ltr'><strong>baptismum</strong></span> <span class='ocrx_word' id='word_1_23' title='bbox 1204 776 1346 834; x_wconf 90' lang='lat' dir='ltr'><strong>lucis</strong></span> <span class='ocrx_word' id='word_1_24' title='bbox 1369 781 1717 839; x_wconf 87' lang='lat' dir='ltr'><strong>adversarius</strong></span> <span class='ocrx_word' id='word_1_25' title='bbox 1740 784 2052 844; x_wconf 84' lang='lat' dir='ltr'><strong>adoriatur:</strong></span> 
     </span>
    </p>
   </div>
   <div class='ocr_carea' id='block_1_6' title="bbox 470 861 2049 944">
    <p class='ocr_par' dir='ltr' id='par_1_6' title="bbox 470 861 2049 944">
     <span class='ocr_line' id='line_1_6' title="bbox 470 861 2049 944; baseline 0.013 -31"><span class='ocrx_word' id='word_1_26' title='bbox 470 861 772 929; x_wconf 88' lang='lat' dir='ltr'><strong>(adorietur</strong></span> <span class='ocrx_word' id='word_1_27' title='bbox 797 864 1016 936; x_wconf 82' lang='lat' dir='ltr'><strong>utiquel;</strong></span> <span class='ocrx_word' id='word_1_28' title='bbox 1046 881 1170 920; x_wconf 92' lang='lat' dir='ltr'><strong>nam</strong></span> <span class='ocrx_word' id='word_1_29' title='bbox 1211 867 1392 937; x_wconf 90' lang='lat' dir='ltr'><strong>ipsum</strong></span> <span class='ocrx_word' id='word_1_30' title='bbox 1447 888 1666 943; x_wconf 87' lang='lat' dir='ltr'><strong>quoque</strong></span> <span class='ocrx_word' id='word_1_31' title='bbox 1694 874 1962 944; x_wconf 86' lang='lat' dir='ltr'><strong>Verbum,</strong></span> <span class='ocrx_word' id='word_1_32' title='bbox 1991 887 2049 933; x_wconf 85' lang='lat' dir='ltr'><strong>et</strong></span> 
     </span>
    </p>
   </div>
   <div class='ocr_carea' id='block_1_7' title="bbox 473 946 2047 1032">
    <p class='ocr_par' dir='ltr' id='par_1_7' title="bbox 473 946 2047 1032">
     <span class='ocr_line' id='line_1_7' title="bbox 473 946 2047 1032; baseline 0.015 -32"><span class='ocrx_word' id='word_1_33' title='bbox 473 946 642 1002; x_wconf 80' lang='lat' dir='ltr'><strong>Deum</strong></span> <span class='ocrx_word' id='word_1_34' title='bbox 707 967 910 1016; x_wconf 91' lang='lat' dir='ltr'><strong>meum,</strong></span> <span class='ocrx_word' id='word_1_35' title='bbox 977 955 1156 1012; x_wconf 85' lang='lat' dir='ltr'><strong>lucem</strong></span> <span class='ocrx_word' id='word_1_36' title='bbox 1205 959 1356 1013; x_wconf 87' lang='lat' dir='ltr'><strong>illam</strong></span> <span class='ocrx_word' id='word_1_37' title='bbox 1402 963 1805 1032; x_wconf 87' lang='lat' dir='ltr'><strong>absconditam,</strong></span> <span class='ocrx_word' id='word_1_38' title='bbox 1840 970 2047 1023; x_wconf 82' lang='lat' dir='ltr'><strong>adoriri</strong></span> 
     </span>
    </p>
   </div>
   <div class='ocr_carea' id='block_1_8' title="bbox 472 1042 2048 1128">
    <p class='ocr_par' dir='ltr' id='par_1_8' title="bbox 472 1042 2048 1128">
     <span class='ocr_line' id='line_1_8' title="bbox 472 1042 2048 1128; baseline 0.016 -37"><span class='ocrx_word' id='word_1_39' title='bbox 472 1055 581 1093; x_wconf 91' lang='lat' dir='ltr'><strong>non</strong></span> <span class='ocrx_word' id='word_1_40' title='bbox 611 1042 882 1098; x_wconf 85' lang='lat' dir='ltr'><strong>dubitavit</strong></span> <span class='ocrx_word' id='word_1_41' title='bbox 929 1063 1023 1116; x_wconf 87' lang='lat' dir='ltr'><strong>per</strong></span> <span class='ocrx_word' id='word_1_42' title='bbox 1069 1050 1117 1102; x_wconf 91' lang='lat' dir='ltr'><strong>id</strong></span> <span class='ocrx_word' id='word_1_43' title='bbox 1143 1052 1287 1119; x_wconf 88' lang='lat' dir='ltr'><strong>quod</strong></span> <span class='ocrx_word' id='word_1_44' title='bbox 1316 1056 1655 1122; x_wconf 88' lang='lat' dir='ltr'><strong>aspectabile</strong></span> <span class='ocrx_word' id='word_1_45' title='bbox 1675 1060 1816 1128; x_wconf 89' lang='lat' dir='ltr'><strong>erat)</strong></span> <span class='ocrx_word' id='word_1_46' title='bbox 1843 1077 1859 1125; x_wconf 89' lang='lat'>;</span> <span class='ocrx_word' id='word_1_47' title='bbox 1883 1061 2048 1117; x_wconf 87' lang='lat' dir='ltr'><strong>habes</strong></span> 
     </span>
    </p>
   </div>
   <div class='ocr_carea' id='block_1_9' title="bbox 472 1134 2045 1222">
    <p class='ocr_par' dir='ltr' id='par_1_9' title="bbox 472 1134 2045 1222">
     <span class='ocr_line' id='line_1_9' title="bbox 472 1134 2045 1222; baseline 0.015 -39"><span class='ocrx_word' id='word_1_48' title='bbox 472 1146 583 1200; x_wconf 87' lang='lat' dir='ltr'><strong>quo</strong></span> <span class='ocrx_word' id='word_1_49' title='bbox 613 1134 804 1190; x_wconf 90' lang='lat' dir='ltr'><strong>vincas</strong></span> <span class='ocrx_word' id='word_1_50' title='bbox 837 1153 851 1200; x_wconf 87' lang='lat'><strong>;</strong></span> <span class='ocrx_word' id='word_1_51' title='bbox 882 1155 950 1193; x_wconf 88' lang='lat' dir='ltr'><strong>ne</strong></span> <span class='ocrx_word' id='word_1_52' title='bbox 981 1139 1247 1198; x_wconf 82' lang='lat' dir='ltr'><strong>formides</strong></span> <span class='ocrx_word' id='word_1_53' title='bbox 1304 1154 1603 1202; x_wconf 87' lang='lat' dir='ltr'><strong>certamen.</strong></span> <span class='ocrx_word' id='word_1_54' title='bbox 1642 1147 1909 1219; x_wconf 88' lang='lat' dir='ltr'><strong>Spiritum</strong></span> <span class='ocrx_word' id='word_1_55' title='bbox 1947 1168 2045 1222; x_wconf 82' lang='lat' dir='ltr'><strong>op—</strong></span> 
     </span>
    </p>
   </div>
   <div class='ocr_carea' id='block_1_10' title="bbox 471 1231 2044 1314">
    <p class='ocr_par' dir='ltr' id='par_1_10' title="bbox 471 1231 2044 1314">
     <span class='ocr_line' id='line_1_10' title="bbox 471 1231 2044 1314; baseline 0.011 -36"><span class='ocrx_word' id='word_1_56' title='bbox 471 1239 636 1294; x_wconf 87' lang='lat' dir='ltr'><strong>pone,</strong></span> <span class='ocrx_word' id='word_1_57' title='bbox 668 1242 864 1296; x_wconf 89' lang='lat' dir='ltr'><strong>aquam</strong></span> <span class='ocrx_word' id='word_1_58' title='bbox 893 1231 1092 1300; x_wconf 88' lang='lat' dir='ltr'><strong>objice.</strong></span> <span class='ocrx_word' id='word_1_59' title='bbox 1129 1253 1147 1284; x_wconf 72' lang='grc' dir='ltr'><strong>ι</strong></span> <span class='ocrx_word' id='word_1_60' title='bbox 1182 1237 1244 1287; x_wconf 80' lang='lat' dir='ltr'><strong>Et</strong></span> <span class='ocrx_word' id='word_1_61' title='bbox 1277 1246 1392 1302; x_wconf 85' lang='lat' dir='ltr'><strong>post</strong></span> <span class='ocrx_word' id='word_1_62' title='bbox 1425 1254 1597 1306; x_wconf 80' lang='lat' dir='ltr'><strong>pauca</strong></span> <span class='ocrx_word' id='word_1_63' title='bbox 1632 1258 1650 1296; x_wconf 88' lang='lat'><strong><em>:</em></strong></span> <span class='ocrx_word' id='word_1_64' title='bbox 1685 1262 1703 1292; x_wconf 86' lang='grc'><strong>‹</strong></span> <span class='ocrx_word' id='word_1_65' title='bbox 1738 1242 2044 1314; x_wconf 71' lang='lat' dir='ltr'><strong>Signat:qu</strong></span> 
     </span>
    </p>
   </div>
   <div class='ocr_carea' id='block_1_11' title="bbox 470 1318 2046 1404">
    <p class='ocr_par' dir='ltr' id='par_1_11' title="bbox 470 1318 2046 1404">
     <span class='ocr_line' id='line_1_11' title="bbox 470 1318 2046 1404; baseline 0.012 -35"><span class='ocrx_word' id='word_1_66' title='bbox 470 1318 714 1374; x_wconf 79' lang='lat' dir='ltr'><strong>confisus</strong></span> <span class='ocrx_word' id='word_1_67' title='bbox 738 1321 908 1376; x_wconf 82' lang='lat' dir='ltr'><strong>dicito</strong></span> <span class='ocrx_word' id='word_1_68' title='bbox 939 1339 952 1375; x_wconf 88' lang='lat'>:</span> <span class='ocrx_word' id='word_1_69' title='bbox 992 1323 1173 1394; x_wconf 81' lang='lat' dir='ltr'><strong>Imago</strong></span> <span class='ocrx_word' id='word_1_70' title='bbox 1209 1327 1298 1380; x_wconf 85' lang='lat' dir='ltr'><strong>Dei</strong></span> <span class='ocrx_word' id='word_1_71' title='bbox 1332 1345 1475 1382; x_wconf 89' lang='lat' dir='ltr'><strong>sum.</strong></span> <span class='ocrx_word' id='word_1_72' title='bbox 1518 1330 1594 1384; x_wconf 85' lang='lat' dir='ltr'><strong>Ex</strong></span> <span class='ocrx_word' id='word_1_73' title='bbox 1626 1334 1832 1388; x_wconf 67' lang='lat' dir='ltr'><strong>caelesti</strong></span> <span class='ocrx_word' id='word_1_74' title='bbox 1874 1335 2046 1404; x_wconf 82' lang='lat' dir='ltr'><strong>gloria</strong></span> 
     </span>
    </p>
   </div>
   <div class='ocr_carea' id='block_1_12' title="bbox 472 1410 2044 1484">
    <p class='ocr_par' dir='ltr' id='par_1_12' title="bbox 472 1410 2044 1484">
     <span class='ocr_line' id='line_1_12' title="bbox 472 1410 2044 1484; baseline 0.013 -23"><span class='ocrx_word' id='word_1_75' title='bbox 472 1410 700 1477; x_wconf 81' lang='lat' dir='ltr'><strong>perinde</strong></span> <span class='ocrx_word' id='word_1_76' title='bbox 737 1421 904 1478; x_wconf 88' lang='lat' dir='ltr'><strong>actu,</strong></span> <span class='ocrx_word' id='word_1_77' title='bbox 936 1416 1184 1484; x_wconf 88' lang='lat' dir='ltr'><strong>dejectus</strong></span> <span class='ocrx_word' id='word_1_78' title='bbox 1219 1433 1326 1472; x_wconf 93' lang='lat' dir='ltr'><strong>non</strong></span> <span class='ocrx_word' id='word_1_79' title='bbox 1357 1435 1503 1475; x_wconf 92' lang='lat' dir='ltr'><strong>sum.</strong></span> <span class='ocrx_word' id='word_1_80' title='bbox 1537 1424 1816 1479; x_wconf 84' lang='lat' dir='ltr'><strong>Christum</strong></span> <span class='ocrx_word' id='word_1_81' title='bbox 1851 1427 2001 1480; x_wconf 74' lang='lat' dir='ltr'><strong>indui</strong></span> <span class='ocrx_word' id='word_1_82' title='bbox 2031 1445 2044 1481; x_wconf 93' lang='lat'>:</span> 
     </span>
    </p>
   </div>
   <div class='ocr_carea' id='block_1_13' title="bbox 473 1499 2046 1576">
    <p class='ocr_par' dir='ltr' id='par_1_13' title="bbox 473 1499 2046 1576">
     <span class='ocr_line' id='line_1_13' title="bbox 473 1499 2046 1576; baseline 0.013 -26"><span class='ocrx_word' id='word_1_83' title='bbox 473 1513 558 1552; x_wconf 88' lang='lat' dir='ltr'><strong>me</strong></span> <span class='ocrx_word' id='word_1_84' title='bbox 587 1499 639 1552; x_wconf 91' lang='lat' dir='ltr'><strong>in</strong></span> <span class='ocrx_word' id='word_1_85' title='bbox 669 1499 948 1556; x_wconf 84' lang='lat' dir='ltr'><strong>Christum</strong></span> <span class='ocrx_word' id='word_1_86' title='bbox 995 1521 1089 1574; x_wconf 89' lang='lat' dir='ltr'><strong>per</strong></span> <span class='ocrx_word' id='word_1_87' title='bbox 1123 1506 1450 1576; x_wconf 82' lang='lat' dir='ltr'><strong>baptismum</strong></span> <span class='ocrx_word' id='word_1_88' title='bbox 1495 1514 1901 1570; x_wconf 83' lang='lat' dir='ltr'><strong>transformavi.</strong></span> <span class='ocrx_word' id='word_1_89' title='bbox 1966 1516 2046 1571; x_wconf 91' lang='lat' dir='ltr'><strong>Tu</strong></span> 
     </span>
    </p>
   </div>
   <div class='ocr_carea' id='block_1_14' title="bbox 473 1592 1111 1658">
    <p class='ocr_par' dir='ltr' id='par_1_14' title="bbox 473 1592 1111 1658">
     <span class='ocr_line' id='line_1_14' title="bbox 473 1592 1111 1658; baseline 0.009 -18"><span class='ocrx_word' id='word_1_90' title='bbox 473 1601 558 1642; x_wconf 89' lang='lat' dir='ltr'><strong>me</strong></span> <span class='ocrx_word' id='word_1_91' title='bbox 592 1593 768 1658; x_wconf 85' lang='lat' dir='ltr'><strong>magis</strong></span> <span class='ocrx_word' id='word_1_92' title='bbox 803 1592 1056 1649; x_wconf 87' lang='lat' dir='ltr'><strong>adorato.</strong></span> <span class='ocrx_word' id='word_1_93' title='bbox 1093 1615 1111 1646; x_wconf 73' lang='grc' dir='ltr'><strong>ι</strong></span> 
     </span>
    </p>
   </div>
   <div class='ocr_carea' id='block_1_15' title="bbox 577 1678 1885 1756">
    <p class='ocr_par' dir='ltr' id='par_1_15' title="bbox 577 1678 1885 1756">
     <span class='ocr_line' id='line_1_15' title="bbox 577 1678 1885 1756; baseline 0.013 -23"><span class='ocrx_word' id='word_1_94' title='bbox 577 1678 762 1735; x_wconf 79' lang='lat' dir='ltr'><strong>Sancti</strong></span> <span class='ocrx_word' id='word_1_95' title='bbox 781 1682 1006 1740; x_wconf 81' lang='lat' dir='ltr'><strong>Joannis</strong></span> <span class='ocrx_word' id='word_1_96' title='bbox 1032 1687 1396 1756; x_wconf 81' lang='lat' dir='ltr'><strong>Chrysostomi</strong></span> <span class='ocrx_word' id='word_1_97' title='bbox 1454 1693 1507 1747; x_wconf 85' lang='lat' dir='ltr'><strong>in</strong></span> <span class='ocrx_word' id='word_1_98' title='bbox 1535 1692 1885 1750; x_wconf 74' lang='lat' dir='ltr'><strong>Maccabwos.</strong></span> 
     </span>
    </p>
   </div>
   <div class='ocr_carea' id='block_1_16' title="bbox 545 1835 2045 1918">
    <p class='ocr_par' dir='ltr' id='par_1_16' title="bbox 545 1835 2045 1918">
     <span class='ocr_line' id='line_1_16' title="bbox 545 1835 2045 1918; baseline 0.013 -32"><span class='ocrx_word' id='word_1_99' title='bbox 545 1853 562 1885; x_wconf 76' lang='grc' dir='ltr'><strong>ι</strong></span> <span class='ocrx_word' id='word_1_100' title='bbox 613 1835 966 1906; x_wconf 88' lang='lat' dir='ltr'><strong>Imperatoris</strong></span> <span class='ocrx_word' id='word_1_101' title='bbox 989 1857 1268 1910; x_wconf 67' lang='lat' dir='ltr'><strong>expressae</strong></span> <span class='ocrx_word' id='word_1_102' title='bbox 1301 1847 1510 1918; x_wconf 62' lang='lat' dir='ltr'><strong>figurae,</strong></span> <span class='ocrx_word' id='word_1_103' title='bbox 1540 1865 1648 1904; x_wconf 91' lang='lat' dir='ltr'><strong>non</strong></span> <span class='ocrx_word' id='word_1_104' title='bbox 1676 1865 1811 1905; x_wconf 89' lang='lat' dir='ltr'><strong>auro</strong></span> <span class='ocrx_word' id='word_1_105' title='bbox 1835 1859 2045 1906; x_wconf 86' lang='lat' dir='ltr'><strong>tantum</strong></span> 
     </span>
    </p>
   </div>
   <div class='ocr_carea' id='block_1_17' title="bbox 470 1932 2049 2012">
    <p class='ocr_par' dir='ltr' id='par_1_17' title="bbox 470 1932 2049 2012">
     <span class='ocr_line' id='line_1_17' title="bbox 470 1932 2049 2012; baseline 0.011 -31"><span class='ocrx_word' id='word_1_106' title='bbox 470 1938 566 1981; x_wconf 88' lang='lat' dir='ltr'><strong>aut</strong></span> <span class='ocrx_word' id='word_1_107' title='bbox 620 1939 870 2000; x_wconf 85' lang='lat' dir='ltr'><strong>argento,</strong></span> <span class='ocrx_word' id='word_1_108' title='bbox 904 1932 1082 1988; x_wconf 86' lang='lat' dir='ltr'><strong>aliave</strong></span> <span class='ocrx_word' id='word_1_109' title='bbox 1116 1938 1356 2006; x_wconf 78' lang='lat' dir='ltr'><strong>pretiosa</strong></span> <span class='ocrx_word' id='word_1_110' title='bbox 1385 1940 1615 1993; x_wconf 85' lang='lat' dir='ltr'><strong>materia</strong></span> <span class='ocrx_word' id='word_1_111' title='bbox 1661 1940 1934 2012; x_wconf 81' lang='lat' dir='ltr'><strong>fulgentes</strong></span> <span class='ocrx_word' id='word_1_112' title='bbox 1962 1959 2049 1998; x_wconf 79' lang='lat' dir='ltr'><strong>rc-</strong></span> 
     </span>
    </p>
   </div>
   <div class='ocr_carea' id='block_1_18' title="bbox 471 2019 2049 2087">
    <p class='ocr_par' dir='ltr' id='par_1_18' title="bbox 471 2019 2049 2087">
     <span class='ocr_line' id='line_1_18' title="bbox 471 2019 2049 2087; baseline 0.01 -16"><span class='ocrx_word' id='word_1_113' title='bbox 471 2019 785 2087; x_wconf 88' lang='lat' dir='ltr'><strong>periuntur,</strong></span> <span class='ocrx_word' id='word_1_114' title='bbox 817 2037 1010 2078; x_wconf 85' lang='lat' dir='ltr'><strong>verum</strong></span> <span class='ocrx_word' id='word_1_115' title='bbox 1040 2026 1207 2080; x_wconf 88' lang='lat' dir='ltr'><strong>etiam</strong></span> <span class='ocrx_word' id='word_1_116' title='bbox 1238 2043 1303 2081; x_wconf 82' lang='lat' dir='ltr'><strong>ex</strong></span> <span class='ocrx_word' id='word_1_117' title='bbox 1323 2044 1431 2084; x_wconf 72' lang='lat' dir='ltr'><strong>mre</strong></span> <span class='ocrx_word' id='word_1_118' title='bbox 1463 2030 1781 2086; x_wconf 71' lang='lat' dir='ltr'><strong>fabrefacta:</strong></span> <span class='ocrx_word' id='word_1_119' title='bbox 1819 2033 2049 2087; x_wconf 89' lang='lat' dir='ltr'><strong>formam</strong></span> 
     </span>
    </p>
   </div>
   <div class='ocr_carea' id='block_1_19' title="bbox 469 2111 2049 2189">
    <p class='ocr_par' dir='ltr' id='par_1_19' title="bbox 469 2111 2049 2189">
     <span class='ocr_line' id='line_1_19' title="bbox 469 2111 2049 2189; baseline 0.01 -27"><span class='ocrx_word' id='word_1_120' title='bbox 469 2111 715 2163; x_wconf 81' lang='lat' dir='ltr'><strong>eamdem</strong></span> <span class='ocrx_word' id='word_1_121' title='bbox 751 2113 1076 2180; x_wconf 85' lang='lat' dir='ltr'><strong>impressam</strong></span> <span class='ocrx_word' id='word_1_122' title='bbox 1109 2117 1334 2172; x_wconf 85' lang='lat' dir='ltr'><strong>habent.</strong></span> <span class='ocrx_word' id='word_1_123' title='bbox 1368 2121 1548 2189; x_wconf 82' lang='lat' dir='ltr'><strong>Atque</strong></span> <span class='ocrx_word' id='word_1_124' title='bbox 1577 2124 1822 2178; x_wconf 74' lang='lat' dir='ltr'><strong>materiae</strong></span> <span class='ocrx_word' id='word_1_125' title='bbox 1851 2124 2049 2180; x_wconf 88' lang='lat' dir='ltr'><strong>discri-</strong></span> 
     </span>
    </p>
   </div>
   <div class='ocr_carea' id='block_1_20' title="bbox 472 2201 2051 2284">
    <p class='ocr_par' dir='ltr' id='par_1_20' title="bbox 472 2201 2051 2284">
     <span class='ocr_line' id='line_1_20' title="bbox 472 2201 2051 2284; baseline 0.011 -32"><span class='ocrx_word' id='word_1_126' title='bbox 472 2215 596 2253; x_wconf 90' lang='lat' dir='ltr'><strong>men</strong></span> <span class='ocrx_word' id='word_1_127' title='bbox 635 2201 769 2254; x_wconf 89' lang='lat' dir='ltr'><strong>nihil</strong></span> <span class='ocrx_word' id='word_1_128' title='bbox 790 2202 1044 2273; x_wconf 81' lang='lat' dir='ltr'><strong>imaginis</strong></span> <span class='ocrx_word' id='word_1_129' title='bbox 1076 2206 1243 2261; x_wconf 79' lang='lat' dir='ltr'><strong>ofﬁcit</strong></span> <span class='ocrx_word' id='word_1_130' title='bbox 1271 2209 1526 2280; x_wconf 87' lang='lat' dir='ltr'><strong>dignitati</strong></span> <span class='ocrx_word' id='word_1_131' title='bbox 1563 2227 1576 2262; x_wconf 91' lang='lat'>:</span> <span class='ocrx_word' id='word_1_132' title='bbox 1613 2229 1791 2281; x_wconf 88' lang='lat' dir='ltr'><strong>neque</strong></span> <span class='ocrx_word' id='word_1_133' title='bbox 1819 2229 1884 2268; x_wconf 88' lang='lat' dir='ltr'><strong>eo</strong></span> <span class='ocrx_word' id='word_1_134' title='bbox 1905 2215 2051 2284; x_wconf 89' lang='lat' dir='ltr'><strong>quod</strong></span> 
     </span>
    </p>
   </div>
   <div class='ocr_carea' id='block_1_21' title="bbox 473 2289 2050 2379">
    <p class='ocr_par' dir='ltr' id='par_1_21' title="bbox 473 2289 2050 2379">
     <span class='ocr_line' id='line_1_21' title="bbox 473 2289 2050 2379; baseline 0.013 -36"><span class='ocrx_word' id='word_1_135' title='bbox 473 2289 562 2343; x_wconf 91' lang='lat' dir='ltr'><strong>illa</strong></span> <span class='ocrx_word' id='word_1_136' title='bbox 595 2291 824 2360; x_wconf 84' lang='lat' dir='ltr'><strong>majoris</strong></span> <span class='ocrx_word' id='word_1_137' title='bbox 850 2298 1009 2365; x_wconf 90' lang='lat' dir='ltr'><strong>pretii</strong></span> <span class='ocrx_word' id='word_1_138' title='bbox 1038 2301 1268 2354; x_wconf 86' lang='lat' dir='ltr'><strong>materia</strong></span> <span class='ocrx_word' id='word_1_139' title='bbox 1317 2311 1552 2370; x_wconf 86' lang='lat' dir='ltr'><strong>constat,</strong></span> <span class='ocrx_word' id='word_1_140' title='bbox 1586 2306 1812 2361; x_wconf 89' lang='lat' dir='ltr'><strong>alterius</strong></span> <span class='ocrx_word' id='word_1_141' title='bbox 1842 2324 1962 2379; x_wconf 65' lang='lat' dir='ltr'><strong>qua:</strong></span> <span class='ocrx_word' id='word_1_142' title='bbox 1983 2325 2050 2363; x_wconf 81' lang='lat' dir='ltr'><strong>ex</strong></span> 
     </span>
    </p>
   </div>
   <div class='ocr_carea' id='block_1_22' title="bbox 474 2381 2049 2467">
    <p class='ocr_par' dir='ltr' id='par_1_22' title="bbox 474 2381 2049 2467">
     <span class='ocr_line' id='line_1_22' title="bbox 474 2381 2049 2467; baseline 0.015 -34"><span class='ocrx_word' id='word_1_143' title='bbox 474 2381 804 2451; x_wconf 86' lang='lat' dir='ltr'><strong>ignobiliore</strong></span> <span class='ocrx_word' id='word_1_144' title='bbox 853 2388 1104 2445; x_wconf 87' lang='lat' dir='ltr'><strong>confecta</strong></span> <span class='ocrx_word' id='word_1_145' title='bbox 1159 2393 1230 2446; x_wconf 88' lang='lat' dir='ltr'><strong>sit</strong></span> <span class='ocrx_word' id='word_1_146' title='bbox 1291 2397 1526 2464; x_wconf 87' lang='lat' dir='ltr'><strong>pretium</strong></span> <span class='ocrx_word' id='word_1_147' title='bbox 1564 2399 1850 2454; x_wconf 89' lang='lat' dir='ltr'><strong>minuitur.</strong></span> <span class='ocrx_word' id='word_1_148' title='bbox 1904 2402 2049 2467; x_wconf 69' lang='lat' dir='ltr'><strong>Quin</strong></span> 
     </span>
    </p>
   </div>
   <div class='ocr_carea' id='block_1_23' title="bbox 473 2476 2053 2564">
    <p class='ocr_par' dir='ltr' id='par_1_23' title="bbox 473 2476 2053 2564">
     <span class='ocr_line' id='line_1_23' title="bbox 473 2476 2053 2564; baseline 0.015 -38"><span class='ocrx_word' id='word_1_149' title='bbox 473 2476 655 2543; x_wconf 84' lang='lat' dir='ltr'><strong>potius</strong></span> <span class='ocrx_word' id='word_1_150' title='bbox 690 2492 884 2533; x_wconf 82' lang='lat' dir='ltr'><strong>oumes</strong></span> <span class='ocrx_word' id='word_1_151' title='bbox 915 2485 1264 2538; x_wconf 51' lang='lat' dir='ltr'><strong>colun‘iendat</strong></span> <span class='ocrx_word' id='word_1_152' title='bbox 1299 2486 1650 2554; x_wconf 87' lang='lat' dir='ltr'><strong>imperatoris</strong></span> <span class='ocrx_word' id='word_1_153' title='bbox 1678 2491 1878 2556; x_wconf 87' lang='lat' dir='ltr'><strong>forma,</strong></span> <span class='ocrx_word' id='word_1_154' title='bbox 1910 2495 2053 2564; x_wconf 86' lang='lat' dir='ltr'><strong>ipsa-</strong></span> 
     </span>
    </p>
   </div>
   <div class='ocr_carea' id='block_1_24' title="bbox 470 2564 2053 2645">
    <p class='ocr_par' dir='ltr' id='par_1_24' title="bbox 470 2564 2053 2645">
     <span class='ocr_line' id='line_1_24' title="bbox 470 2564 2053 2645; baseline 0.014 -29"><span class='ocrx_word' id='word_1_155' title='bbox 470 2578 580 2631; x_wconf 86' lang='lat' dir='ltr'><strong>que</strong></span> <span class='ocrx_word' id='word_1_156' title='bbox 615 2564 754 2618; x_wconf 90' lang='lat' dir='ltr'><strong>nihil</strong></span> <span class='ocrx_word' id='word_1_157' title='bbox 787 2583 853 2622; x_wconf 81' lang='lat' dir='ltr'><strong>ex</strong></span> <span class='ocrx_word' id='word_1_158' title='bbox 889 2573 1137 2627; x_wconf 80' lang='lat' dir='ltr'><strong>materiae</strong></span> <span class='ocrx_word' id='word_1_159' title='bbox 1181 2575 1388 2630; x_wconf 87' lang='lat' dir='ltr'><strong>vilitate</strong></span> <span class='ocrx_word' id='word_1_160' title='bbox 1436 2578 1747 2645; x_wconf 90' lang='lat' dir='ltr'><strong>imminuta,</strong></span> <span class='ocrx_word' id='word_1_161' title='bbox 1779 2582 1927 2639; x_wconf 92' lang='lat' dir='ltr'><strong>illius</strong></span> <span class='ocrx_word' id='word_1_162' title='bbox 1955 2599 2053 2638; x_wconf 86' lang='lat' dir='ltr'><strong>au-</strong></span> 
     </span>
    </p>
   </div>
   <div class='ocr_carea' id='block_1_25' title="bbox 472 2658 1906 2741">
    <p class='ocr_par' dir='ltr' id='par_1_25' title="bbox 472 2658 1906 2741">
     <span class='ocr_line' id='line_1_25' title="bbox 472 2658 1906 2741; baseline 0.015 -36"><span class='ocrx_word' id='word_1_163' title='bbox 472 2662 560 2725; x_wconf 72' lang='lat' dir='ltr'><strong>get</strong></span> <span class='ocrx_word' id='word_1_164' title='bbox 585 2658 846 2724; x_wconf 86' lang='lat' dir='ltr'><strong>pretium,</strong></span> <span class='ocrx_word' id='word_1_165' title='bbox 870 2663 998 2730; x_wconf 87' lang='lat' dir='ltr'><strong>quia</strong></span> <span class='ocrx_word' id='word_1_166' title='bbox 1028 2665 1234 2733; x_wconf 80' lang='lat' dir='ltr'><strong>regiam</strong></span> <span class='ocrx_word' id='word_1_167' title='bbox 1265 2670 1480 2738; x_wconf 73' lang='lat' dir='ltr'><strong>excepit</strong></span> <span class='ocrx_word' id='word_1_168' title='bbox 1521 2671 1836 2741; x_wconf 85' lang='lat' dir='ltr'><strong>imaginem.</strong></span> <span class='ocrx_word' id='word_1_169' title='bbox 1885 2693 1906 2727; x_wconf 71' lang='grc' dir='ltr'><strong>ι</strong></span> 
     </span>
    </p>
   </div>
   <div class='ocr_carea' id='block_1_26' title="bbox 563 2744 1970 2839">
    <p class='ocr_par' dir='ltr' id='par_1_26' title="bbox 563 2744 1970 2839">
     <span class='ocr_line' id='line_1_26' title="bbox 563 2744 1970 2839; baseline 0.016 -41"><span class='ocrx_word' id='word_1_170' title='bbox 563 2744 836 2815; x_wconf 81' lang='lat' dir='ltr'><strong>Ejusdem,</strong></span> <span class='ocrx_word' id='word_1_171' title='bbox 888 2767 954 2805; x_wconf 76' lang='lat' dir='ltr'><strong>ea:</strong></span> <span class='ocrx_word' id='word_1_172' title='bbox 1009 2755 1162 2838; x_wconf 48' lang='lat' dir='ltr'><strong>libro.</strong></span> <span class='ocrx_word' id='word_1_173' title='bbox 1203 2758 1372 2839; x_wconf 67' lang='lat' dir='ltr'><strong>primo</strong></span> <span class='ocrx_word' id='word_1_174' title='bbox 1433 2759 1634 2817; x_wconf 85' lang='lat' dir='ltr'><strong>Contra</strong></span> <span class='ocrx_word' id='word_1_175' title='bbox 1690 2762 1970 2819; x_wconf 78' lang='lat' dir='ltr'><strong>lulianum</strong></span> 
     </span>
    </p>
   </div>
   <div class='ocr_carea' id='block_1_27' title="bbox 1141 2842 1383 2894">
    <p class='ocr_par' dir='ltr' id='par_1_27' title="bbox 1141 2842 1383 2894">
     <span class='ocr_line' id='line_1_27' title="bbox 1141 2842 1383 2894; baseline 0.025 -16"><span class='ocrx_word' id='word_1_176' title='bbox 1141 2842 1383 2894; x_wconf 71' lang='lat' dir='ltr'><strong>mimum.</strong></span> 
     </span>
    </p>
   </div>
   <div class='ocr_carea' id='block_1_28' title="bbox 547 2906 2046 2983">
    <p class='ocr_par' dir='ltr' id='par_1_28' title="bbox 547 2906 2046 2983">
     <span class='ocr_line' id='line_1_28' title="bbox 547 2906 2046 2983; baseline 0.017 -24"><span class='ocrx_word' id='word_1_177' title='bbox 547 2925 566 2959; x_wconf 78' lang='grc' dir='ltr'><strong>ι</strong></span> <span class='ocrx_word' id='word_1_178' title='bbox 606 2906 746 2973; x_wconf 86' lang='lat' dir='ltr'><strong>Quid</strong></span> <span class='ocrx_word' id='word_1_179' title='bbox 801 2919 982 2966; x_wconf 85' lang='lat' dir='ltr'><strong>autem</strong></span> <span class='ocrx_word' id='word_1_180' title='bbox 1040 2929 1215 2972; x_wconf 88' lang='lat' dir='ltr'><strong>novus</strong></span> <span class='ocrx_word' id='word_1_181' title='bbox 1245 2919 1336 2975; x_wconf 88' lang='lat' dir='ltr'><strong>ille</strong></span> <span class='ocrx_word' id='word_1_182' title='bbox 1362 2919 1872 2982; x_wconf 86' lang='lat' dir='ltr'><strong>Nabuchodonosor</strong></span> <span class='ocrx_word' id='word_1_183' title='bbox 1898 2925 1923 2982; x_wconf 72' lang='lat' dir='ltr'><strong>i</strong></span> <span class='ocrx_word' id='word_1_184' title='bbox 1954 2928 2046 2983; x_wconf 85' lang='lat' dir='ltr'><strong>Ni-</strong></span> 
     </span>
    </p>
   </div>
   <div class='ocr_carea' id='block_1_29' title="bbox 472 2995 2048 3088">
    <p class='ocr_par' dir='ltr' id='par_1_29' title="bbox 472 2995 2048 3088">
     <span class='ocr_line' id='line_1_29' title="bbox 472 2995 2048 3088; baseline 0.015 -38"><span class='ocrx_word' id='word_1_185' title='bbox 472 2995 548 3050; x_wconf 91' lang='lat' dir='ltr'><strong>hil</strong></span> <span class='ocrx_word' id='word_1_186' title='bbox 612 2999 762 3055; x_wconf 88' lang='lat' dir='ltr'><strong>enim</strong></span> <span class='ocrx_word' id='word_1_187' title='bbox 811 3001 1110 3063; x_wconf 85' lang='lat' dir='ltr'><strong>humanius</strong></span> <span class='ocrx_word' id='word_1_188' title='bbox 1175 3009 1276 3065; x_wconf 87' lang='lat' dir='ltr'><strong>iste</strong></span> <span class='ocrx_word' id='word_1_189' title='bbox 1303 3027 1431 3082; x_wconf 86' lang='lat' dir='ltr'><strong>erga</strong></span> <span class='ocrx_word' id='word_1_190' title='bbox 1468 3030 1592 3081; x_wconf 91' lang='lat' dir='ltr'><strong>nos,</strong></span> <span class='ocrx_word' id='word_1_191' title='bbox 1625 3032 1786 3085; x_wconf 87' lang='lat' dir='ltr'><strong>quam</strong></span> <span class='ocrx_word' id='word_1_192' title='bbox 1832 3019 2048 3088; x_wconf 84' lang='lat' dir='ltr'><strong>priscus</strong></span> 
     </span>
    </p>
   </div>
   <div class='ocr_carea' id='block_1_30' title="bbox 1659 311 2539 385">
    <p class='ocr_par' dir='ltr' id='par_1_30' title="bbox 1659 311 2539 385">
     <span class='ocr_line' id='line_1_30' title="bbox 1659 311 2539 385; baseline 0.018 -15"><span class='ocrx_word' id='word_1_193' title='bbox 1659 311 1718 372; x_wconf 94' lang='lat' dir='ltr'><strong>S.</strong></span> <span class='ocrx_word' id='word_1_194' title='bbox 1741 311 1929 372; x_wconf 83' lang='lat' dir='ltr'><strong>JOAN</strong></span> <span class='ocrx_word' id='word_1_195' title='bbox 1937 313 2062 373; x_wconf 90' lang='lat' dir='ltr'><strong>NIS</strong></span> <span class='ocrx_word' id='word_1_196' title='bbox 2103 314 2504 385; x_wconf 88' lang='lat' dir='ltr'><strong>DAMASCEN</strong></span> <span class='ocrx_word' id='word_1_197' title='bbox 2509 325 2539 384; x_wconf 93' lang='grc' dir='ltr'>Ι</span> 
     </span>
    </p>
   </div>
   <div class='ocr_carea' id='block_1_31' title="bbox 467 401 2118 492">
    <p class='ocr_par' dir='ltr' id='par_1_31' title="bbox 467 401 2118 492">
     <span class='ocr_line' id='line_1_31' title="bbox 467 401 2118 492; baseline 0.012 -34"><span class='ocrx_word' id='word_1_198' title='bbox 467 401 706 458; x_wconf 72' lang='lat' dir='ltr'><strong>dicimus</strong></span> <span class='ocrx_word' id='word_1_199' title='bbox 761 402 1004 468; x_wconf 82' lang='lat' dir='ltr'><strong>adorari,</strong></span> <span class='ocrx_word' id='word_1_200' title='bbox 1062 415 1327 479; x_wconf 86' lang='lat' dir='ltr'><strong>tanquam</strong></span> <span class='ocrx_word' id='word_1_201' title='bbox 1366 413 1420 468; x_wconf 92' lang='lat' dir='ltr'><strong>in</strong></span> <span class='ocrx_word' id='word_1_202' title='bbox 1446 413 1540 471; x_wconf 85' lang='lat' dir='ltr'><strong>Dei</strong></span> <span class='ocrx_word' id='word_1_203' title='bbox 1574 416 1754 476; x_wconf 86' lang='lat' dir='ltr'><strong>Patris</strong></span> <span class='ocrx_word' id='word_1_204' title='bbox 1783 422 2044 492; x_wconf 78' lang='lat' dir='ltr'><strong>imagine,</strong></span> <span class='ocrx_word' id='word_1_205' title='bbox 2076 427 2118 484; x_wconf 78' lang='grc' dir='ltr'><strong>Δ</strong></span> 
     </span>
    </p>
   </div>
   <div class='ocr_carea' id='block_1_32' title="bbox 3583 337 3726 403">
    <p class='ocr_par' dir='ltr' id='par_1_32' title="bbox 3583 337 3726 403">
     <span class='ocr_line' id='line_1_32' title="bbox 3583 337 3726 403; baseline 0.014 -2"><span class='ocrx_word' id='word_1_206' title='bbox 3583 337 3726 403; x_wconf 75' lang='grc'><strong>1408</strong></span> 
     </span>
    </p>
   </div>
   <div class='ocr_carea' id='block_1_33' title="bbox 2149 429 3727 518">
    <p class='ocr_par' dir='ltr' id='par_1_33' title="bbox 2149 429 3727 518">
     <span class='ocr_line' id='line_1_33' title="bbox 2149 429 3727 518; baseline 0.015 -37"><span class='ocrx_word' id='word_1_207' title='bbox 2149 429 2317 485; x_wconf 75' lang='grc' dir='ltr'>εικόνι</span> <span class='ocrx_word' id='word_1_208' title='bbox 2339 433 2474 488; x_wconf 82' lang='grc' dir='ltr'>Θεοῦ</span> <span class='ocrx_word' id='word_1_209' title='bbox 2506 438 2741 508; x_wconf 65' lang='grc' dir='ltr'>Πατρός,</span> <span class='ocrx_word' id='word_1_210' title='bbox 2778 437 2924 494; x_wconf 82' lang='grc' dir='ltr'>οὕτω</span> <span class='ocrx_word' id='word_1_211' title='bbox 2957 441 3052 496; x_wconf 67' lang='grc' dir='ltr'>καὶ</span> <span class='ocrx_word' id='word_1_212' title='bbox 3108 437 3256 516; x_wconf 72' lang='grc' dir='ltr'><strong>ἔντῷ</strong></span> <span class='ocrx_word' id='word_1_213' title='bbox 3297 447 3599 518; x_wconf 82' lang='grc' dir='ltr'>Πνεύματι,</span> <span class='ocrx_word' id='word_1_214' title='bbox 3648 451 3727 514; x_wconf 83' lang='grc' dir='ltr'>ὡς</span> 
     </span>
    </p>
   </div>
   <div class='ocr_carea' id='block_1_34' title="bbox 2147 523 3527 607">
    <p class='ocr_par' dir='ltr' id='par_1_34' title="bbox 2147 523 3527 607">
     <span class='ocr_line' id='line_1_34' title="bbox 2147 523 3527 607; baseline 0.014 -33"><span class='ocrx_word' id='word_1_215' title='bbox 2147 523 2207 576; x_wconf 71' lang='grc' dir='ltr'>ἐν</span> <span class='ocrx_word' id='word_1_216' title='bbox 2231 524 2408 595; x_wconf 79' lang='grc' dir='ltr'>ἐαυτῷ</span> <span class='ocrx_word' id='word_1_217' title='bbox 2441 527 2708 582; x_wconf 84' lang='grc' dir='ltr'><strong>δεικνύντι</strong></span> <span class='ocrx_word' id='word_1_218' title='bbox 2736 531 2835 602; x_wconf 76' lang='grc' dir='ltr'>τὴν</span> <span class='ocrx_word' id='word_1_219' title='bbox 2864 532 2958 585; x_wconf 84' lang='grc' dir='ltr'><strong>τοῦ</strong></span> <span class='ocrx_word' id='word_1_220' title='bbox 2990 534 3192 607; x_wconf 84' lang='grc' dir='ltr'><strong>Κυρίου</strong></span> <span class='ocrx_word' id='word_1_221' title='bbox 3223 535 3470 607; x_wconf 85' lang='grc' dir='ltr'>Θεότητα.</span> <span class='ocrx_word' id='word_1_222' title='bbox 3506 559 3527 592; x_wconf 76' lang='grc' dir='ltr'><strong>ι</strong></span> 
     </span>
    </p>
   </div>
   <div class='ocr_carea' id='block_1_35' title="bbox 2153 697 3729 785">
    <p class='ocr_par' dir='ltr' id='par_1_35' title="bbox 2153 697 3729 785">
     <span class='ocr_line' id='line_1_35' title="bbox 2153 697 3729 785; baseline 0.012 -34"><span class='ocrx_word' id='word_1_223' title='bbox 2153 697 2264 752; x_wconf 87' lang='grc' dir='ltr'><strong>Τοῦ</strong></span> <span class='ocrx_word' id='word_1_224' title='bbox 2289 699 2464 768; x_wconf 77' lang='grc' dir='ltr'>ἁγίου</span> <span class='ocrx_word' id='word_1_225' title='bbox 2489 704 2819 772; x_wconf 78' lang='grc' dir='ltr'>Γρηγορίου</span> <span class='ocrx_word' id='word_1_226' title='bbox 2842 705 3182 776; x_wconf 78' lang='grc' dir='ltr'>Ναζὶανζοῦ,</span> <span class='ocrx_word' id='word_1_227' title='bbox 3205 712 3292 776; x_wconf 79' lang='grc' dir='ltr'>εις</span> <span class='ocrx_word' id='word_1_228' title='bbox 3312 711 3376 765; x_wconf 85' lang='grc' dir='ltr'>τὸ</span> <span class='ocrx_word' id='word_1_229' title='bbox 3385 713 3729 785; x_wconf 76' lang='grc' dir='ltr'><strong>βάπτισμα.</strong></span> 
     </span>
    </p>
   </div>
   <div class='ocr_carea' id='block_1_36' title="bbox 2223 790 3729 872">
    <p class='ocr_par' dir='ltr' id='par_1_36' title="bbox 2223 790 3729 872">
     <span class='ocr_line' id='line_1_36' title="bbox 2223 790 3729 872; baseline 0.011 -30"><span class='ocrx_word' id='word_1_230' title='bbox 2223 807 2242 841; x_wconf 75' lang='grc' dir='ltr'><strong>ι</strong></span> <span class='ocrx_word' id='word_1_231' title='bbox 2265 790 2390 844; x_wconf 85' lang='grc' dir='ltr'>Ἐάν</span> <span class='ocrx_word' id='word_1_232' title='bbox 2413 809 2494 846; x_wconf 89' lang='grc' dir='ltr'><strong>σοι</strong></span> <span class='ocrx_word' id='word_1_233' title='bbox 2518 794 2798 866; x_wconf 81' lang='grc' dir='ltr'>προσϐάλῃ</span> <span class='ocrx_word' id='word_1_234' title='bbox 2826 799 2962 866; x_wconf 85' lang='grc' dir='ltr'>μετὰ</span> <span class='ocrx_word' id='word_1_235' title='bbox 2982 798 3042 852; x_wconf 82' lang='grc' dir='ltr'><strong>τὺ</strong></span> <span class='ocrx_word' id='word_1_236' title='bbox 3063 799 3348 871; x_wconf 82' lang='grc' dir='ltr'><strong>βάπτισμα</strong></span> <span class='ocrx_word' id='word_1_237' title='bbox 3372 802 3402 853; x_wconf 78' lang='grc' dir='ltr'><strong>ὁ</strong></span> <span class='ocrx_word' id='word_1_238' title='bbox 3423 804 3517 858; x_wconf 83' lang='grc' dir='ltr'><strong>τοῦ</strong></span> <span class='ocrx_word' id='word_1_239' title='bbox 3548 807 3729 872; x_wconf 73' lang='grc' dir='ltr'>φωτὸς</span> 
     </span>
    </p>
   </div>
   <div class='ocr_carea' id='block_1_37' title="bbox 2147 879 3728 965">
    <p class='ocr_par' dir='ltr' id='par_1_37' title="bbox 2147 879 3728 965">
     <span class='ocr_line' id='line_1_37' title="bbox 2147 879 3728 965; baseline 0.009 -32"><span class='ocrx_word' id='word_1_240' title='bbox 2147 879 2382 952; x_wconf 82' lang='grc' dir='ltr'>διωκτής</span> <span class='ocrx_word' id='word_1_241' title='bbox 2413 897 2427 912; x_wconf 89' lang='grc'>·</span> <span class='ocrx_word' id='word_1_242' title='bbox 2453 883 2753 953; x_wconf 85' lang='grc' dir='ltr'>προσϐαλεί</span> <span class='ocrx_word' id='word_1_243' title='bbox 2785 886 2841 939; x_wconf 83' lang='grc' dir='ltr'><strong>δέ</strong></span> <span class='ocrx_word' id='word_1_244' title='bbox 2877 902 2891 917; x_wconf 91' lang='grc'><strong>·</strong></span> <span class='ocrx_word' id='word_1_245' title='bbox 2925 889 3022 941; x_wconf 77' lang='grc' dir='ltr'>καὶ</span> <span class='ocrx_word' id='word_1_246' title='bbox 3049 890 3156 960; x_wconf 85' lang='grc' dir='ltr'><strong>γὰρ</strong></span> <span class='ocrx_word' id='word_1_247' title='bbox 3186 890 3266 960; x_wconf 84' lang='grc' dir='ltr'>τῷ</span> <span class='ocrx_word' id='word_1_248' title='bbox 3300 891 3459 963; x_wconf 80' lang='grc' dir='ltr'><strong>Λόγῳ</strong></span> <span class='ocrx_word' id='word_1_249' title='bbox 3494 895 3590 947; x_wconf 76' lang='grc' dir='ltr'>καὶ</span> <span class='ocrx_word' id='word_1_250' title='bbox 3605 895 3728 965; x_wconf 80' lang='grc' dir='ltr'>Θεῷ</span> 
     </span>
    </p>
   </div>
   <div class='ocr_carea' id='block_1_38' title="bbox 2151 973 3730 1057">
    <p class='ocr_par' dir='ltr' id='par_1_38' title="bbox 2151 973 3730 1057">
     <span class='ocr_line' id='line_1_38' title="bbox 2151 973 3730 1057; baseline 0.009 -32"><span class='ocrx_word' id='word_1_251' title='bbox 2151 989 2254 1041; x_wconf 87' lang='grc' dir='ltr'><strong>μου</strong></span> <span class='ocrx_word' id='word_1_252' title='bbox 2286 973 2606 1044; x_wconf 79' lang='grc' dir='ltr'>προσέϐαλε,</span> <span class='ocrx_word' id='word_1_253' title='bbox 2652 977 2731 1045; x_wconf 86' lang='grc' dir='ltr'>τῷ</span> <span class='ocrx_word' id='word_1_254' title='bbox 2763 978 2992 1049; x_wconf 79' lang='grc' dir='ltr'>κρυπτῷ</span> <span class='ocrx_word' id='word_1_255' title='bbox 3024 981 3164 1050; x_wconf 72' lang='grc' dir='ltr'>φωτὶ</span> <span class='ocrx_word' id='word_1_256' title='bbox 3211 983 3299 1036; x_wconf 71' lang='grc' dir='ltr'><strong>διὰ</strong></span> <span class='ocrx_word' id='word_1_257' title='bbox 3349 983 3411 1036; x_wconf 83' lang='grc' dir='ltr'>τὸ</span> <span class='ocrx_word' id='word_1_258' title='bbox 3464 989 3730 1057; x_wconf 83' lang='grc' dir='ltr'>φαινόμε-</span> 
     </span>
    </p>
   </div>
   <div class='ocr_carea' id='block_1_39' title="bbox 2148 1058 3730 1147">
    <p class='ocr_par' dir='ltr' id='par_1_39' title="bbox 2148 1058 3730 1147">
     <span class='ocr_line' id='line_1_39' title="bbox 2148 1058 3730 1147; baseline 0.01 -32"><span class='ocrx_word' id='word_1_259' title='bbox 2148 1080 2238 1115; x_wconf 88' lang='grc' dir='ltr'><strong>νον</strong></span> <span class='ocrx_word' id='word_1_260' title='bbox 2263 1079 2278 1092; x_wconf 83' lang='lat'>&#39;</span> <span class='ocrx_word' id='word_1_261' title='bbox 2306 1064 2448 1135; x_wconf 80' lang='grc' dir='ltr'>ἔχεις</span> <span class='ocrx_word' id='word_1_262' title='bbox 2476 1058 2796 1136; x_wconf 84' lang='grc' dir='ltr'>ᾧνικήσεις·</span> <span class='ocrx_word' id='word_1_263' title='bbox 2825 1068 2900 1138; x_wconf 79' lang='grc' dir='ltr'>μὴ</span> <span class='ocrx_word' id='word_1_264' title='bbox 2933 1069 3176 1141; x_wconf 83' lang='grc' dir='ltr'>φοϐηθῇς</span> <span class='ocrx_word' id='word_1_265' title='bbox 3202 1072 3294 1126; x_wconf 85' lang='grc' dir='ltr'>τὸν</span> <span class='ocrx_word' id='word_1_266' title='bbox 3317 1073 3504 1142; x_wconf 82' lang='grc' dir='ltr'>ἀγῶνα</span> <span class='ocrx_word' id='word_1_267' title='bbox 3541 1091 3557 1103; x_wconf 84' lang='grc'><em>’</em></span> <span class='ocrx_word' id='word_1_268' title='bbox 3593 1095 3730 1147; x_wconf 85' lang='grc' dir='ltr'>προ-</span> 
     </span>
    </p>
   </div>
   <div class='ocr_carea' id='block_1_40' title="bbox 2150 1153 3728 1236">
    <p class='ocr_par' dir='ltr' id='par_1_40' title="bbox 2150 1153 3728 1236">
     <span class='ocr_line' id='line_1_40' title="bbox 2150 1153 3728 1236; baseline 0.009 -29"><span class='ocrx_word' id='word_1_269' title='bbox 2150 1155 2315 1208; x_wconf 83' lang='grc' dir='ltr'>ϐαλοῦ</span> <span class='ocrx_word' id='word_1_270' title='bbox 2359 1157 2421 1210; x_wconf 81' lang='grc' dir='ltr'>τὸ</span> <span class='ocrx_word' id='word_1_271' title='bbox 2479 1157 2702 1229; x_wconf 81' lang='grc' dir='ltr'><strong>Πνεῦμα</strong></span> <span class='ocrx_word' id='word_1_272' title='bbox 2741 1175 2752 1188; x_wconf 92' lang='grc'>·</span> <span class='ocrx_word' id='word_1_273' title='bbox 2786 1153 3059 1231; x_wconf 77' lang='grc' dir='ltr'>προϐαλοῦ</span> <span class='ocrx_word' id='word_1_274' title='bbox 3092 1162 3152 1213; x_wconf 83' lang='grc' dir='ltr'>τὸ</span> <span class='ocrx_word' id='word_1_275' title='bbox 3183 1163 3327 1234; x_wconf 70' lang='grc' dir='ltr'>ὕδωρ</span> <span class='ocrx_word' id='word_1_276' title='bbox 3365 1204 3380 1216; x_wconf 96' lang='grc'><strong><em>.</em></strong></span> <span class='ocrx_word' id='word_1_277' title='bbox 3426 1183 3445 1216; x_wconf 73' lang='grc' dir='ltr'><strong>ι</strong></span> <span class='ocrx_word' id='word_1_278' title='bbox 3474 1167 3581 1219; x_wconf 79' lang='grc' dir='ltr'><strong>Καὶ</strong></span> <span class='ocrx_word' id='word_1_279' title='bbox 3596 1170 3728 1236; x_wconf 81' lang='grc' dir='ltr'>μετ’</span> 
     </span>
    </p>
   </div>
   <div class='ocr_carea' id='block_1_41' title="bbox 2149 1237 3729 1330">
    <p class='ocr_par' dir='ltr' id='par_1_41' title="bbox 2149 1237 3729 1330">
     <span class='ocr_line' id='line_1_41' title="bbox 2149 1237 3729 1330; baseline 0.009 -33"><span class='ocrx_word' id='word_1_280' title='bbox 2149 1237 2323 1314; x_wconf 71' lang='grc' dir='ltr'>ὀλίγα</span> <span class='ocrx_word' id='word_1_281' title='bbox 2354 1263 2368 1278; x_wconf 88' lang='grc'><strong>·</strong></span> <span class='ocrx_word' id='word_1_282' title='bbox 2405 1265 2424 1297; x_wconf 85' lang='grc'>‹</span> <span class='ocrx_word' id='word_1_283' title='bbox 2463 1249 2598 1300; x_wconf 77' lang='grc' dir='ltr'><strong>Εἰπὲ</strong></span> <span class='ocrx_word' id='word_1_284' title='bbox 2632 1253 2696 1320; x_wconf 83' lang='grc' dir='ltr'><strong>τῇ</strong></span> <span class='ocrx_word' id='word_1_285' title='bbox 2734 1252 2991 1321; x_wconf 79' lang='grc' dir='ltr'>σφραγίδι</span> <span class='ocrx_word' id='word_1_286' title='bbox 3032 1251 3339 1324; x_wconf 72' lang='grc' dir='ltr'>Θαρρήσαςο</span> <span class='ocrx_word' id='word_1_287' title='bbox 3375 1256 3558 1310; x_wconf 86' lang='grc' dir='ltr'>Είκών</span> <span class='ocrx_word' id='word_1_288' title='bbox 3608 1260 3729 1330; x_wconf 87' lang='grc' dir='ltr'>είμι</span> 
     </span>
    </p>
   </div>
   <div class='ocr_carea' id='block_1_42' title="bbox 2149 1338 3727 1419">
    <p class='ocr_par' dir='ltr' id='par_1_42' title="bbox 2149 1338 3727 1419">
     <span class='ocr_line' id='line_1_42' title="bbox 2149 1338 3727 1419; baseline 0.008 -29"><span class='ocrx_word' id='word_1_289' title='bbox 2149 1338 2306 1397; x_wconf 79' lang='grc' dir='ltr'>Θεοῦ.</span> <span class='ocrx_word' id='word_1_290' title='bbox 2340 1339 2440 1406; x_wconf 83' lang='grc' dir='ltr'>τῆς</span> <span class='ocrx_word' id='word_1_291' title='bbox 2469 1341 2581 1395; x_wconf 81' lang='grc' dir='ltr'>ἄνω</span> <span class='ocrx_word' id='word_1_292' title='bbox 2601 1341 2777 1412; x_wconf 82' lang='grc' dir='ltr'>δόξης.</span> <span class='ocrx_word' id='word_1_293' title='bbox 2811 1342 2967 1397; x_wconf 83' lang='grc' dir='ltr'><strong>Οὕτω</strong></span> <span class='ocrx_word' id='word_1_294' title='bbox 3015 1344 3082 1397; x_wconf 89' lang='grc' dir='ltr'><strong>δι’</strong></span> <span class='ocrx_word' id='word_1_295' title='bbox 3127 1346 3361 1416; x_wconf 79' lang='grc' dir='ltr'><strong>ἔπαρσιν</strong></span> <span class='ocrx_word' id='word_1_296' title='bbox 3400 1346 3592 1419; x_wconf 85' lang='grc' dir='ltr'>ὥσπερ</span> <span class='ocrx_word' id='word_1_297' title='bbox 3659 1351 3727 1402; x_wconf 78' lang='grc' dir='ltr'>σὺ</span> 
     </span>
    </p>
   </div>
   <div class='ocr_carea' id='block_1_43' title="bbox 2152 1428 3726 1508">
    <p class='ocr_par' dir='ltr' id='par_1_43' title="bbox 2152 1428 3726 1508">
     <span class='ocr_line' id='line_1_43' title="bbox 2152 1428 3726 1508; baseline 0.007 -28"><span class='ocrx_word' id='word_1_298' title='bbox 2152 1428 2589 1500; x_wconf 81' lang='grc' dir='ltr'>καταϐέϐλημαι.</span> <span class='ocrx_word' id='word_1_299' title='bbox 2637 1431 2873 1501; x_wconf 81' lang='grc' dir='ltr'>Χριστὸν</span> <span class='ocrx_word' id='word_1_300' title='bbox 2899 1432 3190 1504; x_wconf 76' lang='grc' dir='ltr'>ἐνδέδυμαι</span> <span class='ocrx_word' id='word_1_301' title='bbox 3216 1451 3230 1464; x_wconf 88' lang='grc'><strong>·</strong></span> <span class='ocrx_word' id='word_1_302' title='bbox 3284 1436 3523 1506; x_wconf 80' lang='grc' dir='ltr'>Χριστὸν</span> <span class='ocrx_word' id='word_1_303' title='bbox 3555 1454 3726 1508; x_wconf 79' lang='grc' dir='ltr'>μεταο</span> 
     </span>
    </p>
   </div>
   <div class='ocr_carea' id='block_1_44' title="bbox 2150 1522 3686 1601">
    <p class='ocr_par' dir='ltr' id='par_1_44' title="bbox 2150 1522 3686 1601">
     <span class='ocr_line' id='line_1_44' title="bbox 2150 1522 3686 1601; baseline 0.005 -28"><span class='ocrx_word' id='word_1_304' title='bbox 2150 1522 2455 1593; x_wconf 84' lang='grc' dir='ltr'>πεποίημαι</span> <span class='ocrx_word' id='word_1_305' title='bbox 2489 1523 2566 1593; x_wconf 84' lang='grc' dir='ltr'>τῷ</span> <span class='ocrx_word' id='word_1_306' title='bbox 2597 1522 2936 1594; x_wconf 86' lang='grc' dir='ltr'><strong>βαπτίσματι</strong></span> <span class='ocrx_word' id='word_1_307' title='bbox 2972 1540 2988 1557; x_wconf 80' lang='grc' dir='ltr'><strong><em>ο</em></strong></span> <span class='ocrx_word' id='word_1_308' title='bbox 3019 1525 3082 1578; x_wconf 89' lang='grc' dir='ltr'><strong>σύ</strong></span> <span class='ocrx_word' id='word_1_309' title='bbox 3117 1543 3185 1596; x_wconf 83' lang='grc' dir='ltr'><strong>με</strong></span> <span class='ocrx_word' id='word_1_310' title='bbox 3225 1528 3622 1601; x_wconf 83' lang='grc' dir='ltr'>προσκύνησον.</span> <span class='ocrx_word' id='word_1_311' title='bbox 3666 1548 3686 1580; x_wconf 73' lang='grc' dir='ltr'><strong>ι</strong></span> 
     </span>
    </p>
   </div>
   <div class='ocr_carea' id='block_1_45' title="bbox 2158 1699 3731 1773">
    <p class='ocr_par' dir='ltr' id='par_1_45' title="bbox 2158 1699 3731 1773">
     <span class='ocr_line' id='line_1_45' title="bbox 2158 1699 3731 1773; baseline 0.004 -19"><span class='ocrx_word' id='word_1_312' title='bbox 2158 1699 2266 1754; x_wconf 87' lang='grc' dir='ltr'><strong>Τοῦ</strong></span> <span class='ocrx_word' id='word_1_313' title='bbox 2303 1699 2477 1769; x_wconf 76' lang='grc' dir='ltr'>ἁγίου</span> <span class='ocrx_word' id='word_1_314' title='bbox 2521 1699 2801 1754; x_wconf 79' lang='grc' dir='ltr'>Ἰωάννου</span> <span class='ocrx_word' id='word_1_315' title='bbox 2848 1701 2955 1754; x_wconf 85' lang='grc' dir='ltr'><strong>τοῦ</strong></span> <span class='ocrx_word' id='word_1_316' title='bbox 2988 1704 3419 1773; x_wconf 83' lang='grc' dir='ltr'>Χρυσοστόμου</span> <span class='ocrx_word' id='word_1_317' title='bbox 3447 1706 3535 1771; x_wconf 77' lang='grc' dir='ltr'><strong>είς</strong></span> <span class='ocrx_word' id='word_1_318' title='bbox 3585 1705 3731 1772; x_wconf 80' lang='grc' dir='ltr'>τοὺς</span> 
     </span>
    </p>
   </div>
   <div class='ocr_carea' id='block_1_46' title="bbox 2720 1772 3162 1838">
    <p class='ocr_par' dir='ltr' id='par_1_46' title="bbox 2720 1772 3162 1838">
     <span class='ocr_line' id='line_1_46' title="bbox 2720 1772 3162 1838; baseline 0.005 -14"><span class='ocrx_word' id='word_1_319' title='bbox 2720 1772 3031 1824; x_wconf 80' lang='grc' dir='ltr'>Μακκαὸαί</span> <span class='ocrx_word' id='word_1_320' title='bbox 3033 1790 3162 1838; x_wconf 87' lang='grc' dir='ltr'>ους.</span> 
     </span>
    </p>
   </div>
   <div class='ocr_carea' id='block_1_47' title="bbox 2227 1859 3729 1935">
    <p class='ocr_par' dir='ltr' id='par_1_47' title="bbox 2227 1859 3729 1935">
     <span class='ocr_line' id='line_1_47' title="bbox 2227 1859 3729 1935; baseline 0.003 -22"><span class='ocrx_word' id='word_1_321' title='bbox 2227 1879 2246 1912; x_wconf 71' lang='grc' dir='ltr'><strong>ι</strong></span> <span class='ocrx_word' id='word_1_322' title='bbox 2286 1860 2368 1914; x_wconf 86' lang='grc' dir='ltr'>Τὰ</span> <span class='ocrx_word' id='word_1_323' title='bbox 2390 1859 2498 1914; x_wconf 85' lang='grc' dir='ltr'><strong>τῶν</strong></span> <span class='ocrx_word' id='word_1_324' title='bbox 2524 1859 2819 1930; x_wconf 83' lang='grc' dir='ltr'>βασιλικῶν</span> <span class='ocrx_word' id='word_1_325' title='bbox 2852 1861 3223 1933; x_wconf 81' lang='grc' dir='ltr'>ἐκτυπώματα</span> <span class='ocrx_word' id='word_1_326' title='bbox 3248 1865 3633 1935; x_wconf 82' lang='grc' dir='ltr'>χαρακτήρων,</span> <span class='ocrx_word' id='word_1_327' title='bbox 3664 1865 3729 1918; x_wconf 86' lang='grc' dir='ltr'>οὐ</span> 
     </span>
    </p>
   </div>
   <div class='ocr_carea' id='block_1_48' title="bbox 2155 1947 3730 2026">
    <p class='ocr_par' dir='ltr' id='par_1_48' title="bbox 2155 1947 3730 2026">
     <span class='ocr_line' id='line_1_48' title="bbox 2155 1947 3730 2026; baseline 0.003 -22"><span class='ocrx_word' id='word_1_328' title='bbox 2155 1951 2315 2022; x_wconf 86' lang='grc' dir='ltr'>μόνον</span> <span class='ocrx_word' id='word_1_329' title='bbox 2344 1953 2404 2004; x_wconf 83' lang='grc' dir='ltr'>ἐν</span> <span class='ocrx_word' id='word_1_330' title='bbox 2430 1951 2616 2023; x_wconf 87' lang='grc' dir='ltr'>χρυσῷ</span> <span class='ocrx_word' id='word_1_331' title='bbox 2656 1954 2750 2007; x_wconf 79' lang='grc' dir='ltr'>καὶ</span> <span class='ocrx_word' id='word_1_332' title='bbox 2796 1953 3044 2024; x_wconf 81' lang='grc' dir='ltr'>ἀργύρῳ,</span> <span class='ocrx_word' id='word_1_333' title='bbox 3079 1955 3172 2007; x_wconf 80' lang='grc' dir='ltr'>καὶ</span> <span class='ocrx_word' id='word_1_334' title='bbox 3199 1957 3320 2017; x_wconf 83' lang='grc' dir='ltr'>ταῖς</span> <span class='ocrx_word' id='word_1_335' title='bbox 3369 1947 3730 2026; x_wconf 76' lang='grc' dir='ltr'>τιμιωτέραίς</span> 
     </span>
    </p>
   </div>
   <div class='ocr_carea' id='block_1_49' title="bbox 2153 2042 3728 2116">
    <p class='ocr_par' dir='ltr' id='par_1_49' title="bbox 2153 2042 3728 2116">
     <span class='ocr_line' id='line_1_49' title="bbox 2153 2042 3728 2116; baseline 0.003 -21"><span class='ocrx_word' id='word_1_336' title='bbox 2153 2042 2307 2106; x_wconf 76' lang='grc' dir='ltr'>ὕλαις</span> <span class='ocrx_word' id='word_1_337' title='bbox 2351 2042 2503 2115; x_wconf 78' lang='grc' dir='ltr'>εὖροι</span> <span class='ocrx_word' id='word_1_338' title='bbox 2559 2062 2642 2107; x_wconf 83' lang='grc' dir='ltr'><strong>τις</strong></span> <span class='ocrx_word' id='word_1_339' title='bbox 2701 2045 2766 2098; x_wconf 86' lang='grc' dir='ltr'>ἂν</span> <span class='ocrx_word' id='word_1_340' title='bbox 2796 2045 3193 2115; x_wconf 82' lang='grc' dir='ltr'>διαλάμποντα,</span> <span class='ocrx_word' id='word_1_341' title='bbox 3225 2046 3341 2098; x_wconf 83' lang='grc' dir='ltr'>ἀλλ’</span> <span class='ocrx_word' id='word_1_342' title='bbox 3373 2047 3477 2116; x_wconf 78' lang='grc' dir='ltr'>ήδη</span> <span class='ocrx_word' id='word_1_343' title='bbox 3521 2047 3615 2099; x_wconf 75' lang='grc' dir='ltr'>καὶ</span> <span class='ocrx_word' id='word_1_344' title='bbox 3667 2048 3728 2100; x_wconf 82' lang='grc' dir='ltr'>ἐν</span> 
     </span>
    </p>
   </div>
   <div class='ocr_carea' id='block_1_50' title="bbox 2151 2132 3725 2206">
    <p class='ocr_par' dir='ltr' id='par_1_50' title="bbox 2151 2132 3725 2206">
     <span class='ocr_line' id='line_1_50' title="bbox 2151 2132 3725 2206; baseline 0.001 -20"><span class='ocrx_word' id='word_1_345' title='bbox 2151 2133 2337 2203; x_wconf 85' lang='grc' dir='ltr'>χαλκῷ</span> <span class='ocrx_word' id='word_1_346' title='bbox 2354 2133 2454 2205; x_wconf 81' lang='grc' dir='ltr'>τὴν</span> <span class='ocrx_word' id='word_1_347' title='bbox 2485 2133 2655 2204; x_wconf 86' lang='grc' dir='ltr'>αὐτὴν</span> <span class='ocrx_word' id='word_1_348' title='bbox 2695 2132 2841 2186; x_wconf 78' lang='grc' dir='ltr'>ἐστιν</span> <span class='ocrx_word' id='word_1_349' title='bbox 2862 2133 2989 2186; x_wconf 79' lang='grc' dir='ltr'>ἰδεῖν</span> <span class='ocrx_word' id='word_1_350' title='bbox 3017 2135 3435 2204; x_wconf 83' lang='grc' dir='ltr'>χαραττομένην</span> <span class='ocrx_word' id='word_1_351' title='bbox 3486 2133 3725 2206; x_wconf 77' lang='grc' dir='ltr'>μορφήν.</span> 
     </span>
    </p>
   </div>
   <div class='ocr_carea' id='block_1_51' title="bbox 2153 2223 3726 2296">
    <p class='ocr_par' dir='ltr' id='par_1_51' title="bbox 2153 2223 3726 2296">
     <span class='ocr_line' id='line_1_51' title="bbox 2153 2223 3726 2296; baseline 0.001 -20"><span class='ocrx_word' id='word_1_352' title='bbox 2153 2225 2263 2276; x_wconf 72' lang='grc' dir='ltr'><strong>Καὶ</strong></span> <span class='ocrx_word' id='word_1_353' title='bbox 2293 2225 2324 2294; x_wconf 82' lang='grc' dir='ltr'>ἡ</span> <span class='ocrx_word' id='word_1_354' title='bbox 2352 2223 2586 2293; x_wconf 84' lang='grc' dir='ltr'>διαφορὰ</span> <span class='ocrx_word' id='word_1_355' title='bbox 2604 2223 2714 2277; x_wconf 90' lang='grc' dir='ltr'><strong>τῶν</strong></span> <span class='ocrx_word' id='word_1_356' title='bbox 2736 2224 2876 2277; x_wconf 82' lang='grc' dir='ltr'>ὑλῶν</span> <span class='ocrx_word' id='word_1_357' title='bbox 2905 2225 2964 2277; x_wconf 84' lang='grc' dir='ltr'>οὺ</span> <span class='ocrx_word' id='word_1_358' title='bbox 2991 2224 3314 2295; x_wconf 80' lang='grc' dir='ltr'>λυμαίνεται</span> <span class='ocrx_word' id='word_1_359' title='bbox 3347 2224 3425 2295; x_wconf 84' lang='grc' dir='ltr'>τῷ</span> <span class='ocrx_word' id='word_1_360' title='bbox 3451 2225 3726 2296; x_wconf 80' lang='grc' dir='ltr'>ἀξιώματι</span> 
     </span>
    </p>
   </div>
   <div class='ocr_carea' id='block_1_52' title="bbox 2149 2315 3728 2388">
    <p class='ocr_par' dir='ltr' id='par_1_52' title="bbox 2149 2315 3728 2388">
     <span class='ocr_line' id='line_1_52' title="bbox 2149 2315 3728 2388; baseline 0.002 -21"><span class='ocrx_word' id='word_1_361' title='bbox 2149 2315 2243 2368; x_wconf 82' lang='grc' dir='ltr'><strong>τοῦ</strong></span> <span class='ocrx_word' id='word_1_362' title='bbox 2273 2315 2638 2387; x_wconf 85' lang='grc' dir='ltr'>χαρακτῆρος,</span> <span class='ocrx_word' id='word_1_363' title='bbox 2673 2316 2794 2370; x_wconf 82' lang='grc' dir='ltr'>οὐδὲ</span> <span class='ocrx_word' id='word_1_364' title='bbox 2828 2316 3094 2385; x_wconf 83' lang='grc' dir='ltr'>ἀμϐλύνει</span> <span class='ocrx_word' id='word_1_365' title='bbox 3124 2319 3221 2388; x_wconf 81' lang='grc' dir='ltr'>τὴν</span> <span class='ocrx_word' id='word_1_366' title='bbox 3255 2317 3365 2371; x_wconf 75' lang='grc' dir='ltr'><strong>ἀπὸ</strong></span> <span class='ocrx_word' id='word_1_367' title='bbox 3404 2317 3513 2370; x_wconf 88' lang='grc' dir='ltr'><strong>τῶν</strong></span> <span class='ocrx_word' id='word_1_368' title='bbox 3540 2335 3728 2388; x_wconf 85' lang='grc' dir='ltr'>κρειτ-</span> 
     </span>
    </p>
   </div>
   <div class='ocr_carea' id='block_1_53' title="bbox 2150 2404 3731 2476">
    <p class='ocr_par' dir='ltr' id='par_1_53' title="bbox 2150 2404 3731 2476">
     <span class='ocr_line' id='line_1_53' title="bbox 2150 2404 3731 2476; baseline 0.001 -19"><span class='ocrx_word' id='word_1_369' title='bbox 2150 2405 2319 2458; x_wconf 86' lang='grc' dir='ltr'>τόνων</span> <span class='ocrx_word' id='word_1_370' title='bbox 2357 2404 2586 2475; x_wconf 81' lang='grc' dir='ltr'>τιμὴνὴ</span> <span class='ocrx_word' id='word_1_371' title='bbox 2633 2405 2732 2476; x_wconf 84' lang='grc' dir='ltr'>τῆς</span> <span class='ocrx_word' id='word_1_372' title='bbox 2774 2405 3059 2468; x_wconf 80' lang='grc' dir='ltr'>ἐλάττονος</span> <span class='ocrx_word' id='word_1_373' title='bbox 3108 2407 3330 2475; x_wconf 83' lang='grc' dir='ltr'>μετοχὴ,</span> <span class='ocrx_word' id='word_1_374' title='bbox 3376 2405 3511 2458; x_wconf 76' lang='grc' dir='ltr'>ἀλλὰ</span> <span class='ocrx_word' id='word_1_375' title='bbox 3547 2406 3731 2468; x_wconf 78' lang='grc' dir='ltr'>πάσας</span> 
     </span>
    </p>
   </div>
   <div class='ocr_carea' id='block_1_54' title="bbox 2151 2495 3730 2566">
    <p class='ocr_par' dir='ltr' id='par_1_54' title="bbox 2151 2495 3730 2566">
     <span class='ocr_line' id='line_1_54' title="bbox 2151 2495 3730 2566; baseline -0.001 -18"><span class='ocrx_word' id='word_1_376' title='bbox 2151 2497 2350 2565; x_wconf 84' lang='grc' dir='ltr'>ὁμοίως</span> <span class='ocrx_word' id='word_1_377' title='bbox 2366 2497 2393 2548; x_wconf 88' lang='grc' dir='ltr'><strong>ὁ</strong></span> <span class='ocrx_word' id='word_1_378' title='bbox 2412 2495 2688 2565; x_wconf 77' lang='grc' dir='ltr'>βασιλικὸς</span> <span class='ocrx_word' id='word_1_379' title='bbox 2716 2495 2884 2561; x_wconf 84' lang='grc' dir='ltr'>τύπος</span> <span class='ocrx_word' id='word_1_380' title='bbox 2911 2497 3186 2566; x_wconf 85' lang='grc' dir='ltr'>σεμνύνει,</span> <span class='ocrx_word' id='word_1_381' title='bbox 3208 2499 3301 2550; x_wconf 73' lang='grc' dir='ltr'><strong>καὶ</strong></span> <span class='ocrx_word' id='word_1_382' title='bbox 3318 2498 3474 2550; x_wconf 82' lang='grc' dir='ltr'>οὐδὲν</span> <span class='ocrx_word' id='word_1_383' title='bbox 3500 2496 3604 2550; x_wconf 84' lang='grc' dir='ltr'><strong>ἀπὸ</strong></span> <span class='ocrx_word' id='word_1_384' title='bbox 3625 2497 3730 2565; x_wconf 81' lang='grc' dir='ltr'>τῆς</span> 
     </span>
    </p>
   </div>
   <div class='ocr_carea' id='block_1_55' title="bbox 2153 2585 3731 2659">
    <p class='ocr_par' dir='ltr' id='par_1_55' title="bbox 2153 2585 3731 2659">
     <span class='ocr_line' id='line_1_55' title="bbox 2153 2585 3731 2659; baseline 0.001 -22"><span class='ocrx_word' id='word_1_385' title='bbox 2153 2585 2708 2656; x_wconf 81' lang='grc' dir='ltr'>ὖληςὲλαττούμενος,</span> <span class='ocrx_word' id='word_1_386' title='bbox 2735 2588 3066 2659; x_wconf 85' lang='grc' dir='ltr'>τιμιωτέραν</span> <span class='ocrx_word' id='word_1_387' title='bbox 3099 2587 3198 2657; x_wconf 83' lang='grc' dir='ltr'>τὴν</span> <span class='ocrx_word' id='word_1_388' title='bbox 3231 2587 3526 2658; x_wconf 81' lang='grc' dir='ltr'>δεχομένην</span> <span class='ocrx_word' id='word_1_389' title='bbox 3562 2586 3731 2657; x_wconf 80' lang='grc' dir='ltr'>ἐργά-</span> 
     </span>
    </p>
   </div>
   <div class='ocr_carea' id='block_1_56' title="bbox 2154 2676 2394 2740">
    <p class='ocr_par' dir='ltr' id='par_1_56' title="bbox 2154 2676 2394 2740">
     <span class='ocr_line' id='line_1_56' title="bbox 2154 2676 2394 2740; baseline -0.004 -12"><span class='ocrx_word' id='word_1_390' title='bbox 2154 2676 2327 2740; x_wconf 81' lang='grc' dir='ltr'>ζεται.</span> <span class='ocrx_word' id='word_1_391' title='bbox 2377 2695 2394 2727; x_wconf 72' lang='grc' dir='ltr'><strong><em>ο</em></strong></span> 
     </span>
    </p>
   </div>
   <div class='ocr_carea' id='block_1_57' title="bbox 2251 2766 3632 2837">
    <p class='ocr_par' dir='ltr' id='par_1_57' title="bbox 2251 2766 3632 2837">
     <span class='ocr_line' id='line_1_57' title="bbox 2251 2766 3632 2837; baseline 0.001 -15"><span class='ocrx_word' id='word_1_392' title='bbox 2251 2768 2361 2823; x_wconf 86' lang='grc' dir='ltr'><strong>Τοῦ</strong></span> <span class='ocrx_word' id='word_1_393' title='bbox 2387 2767 2596 2837; x_wconf 82' lang='grc' dir='ltr'>αὐτοῦ,</span> <span class='ocrx_word' id='word_1_394' title='bbox 2622 2768 2785 2824; x_wconf 75' lang='grc' dir='ltr'>Κατὰ</span> <span class='ocrx_word' id='word_1_395' title='bbox 2823 2768 3148 2823; x_wconf 69' lang='grc' dir='ltr'>Ἰουλιανοῦ</span> <span class='ocrx_word' id='word_1_396' title='bbox 3176 2767 3283 2824; x_wconf 83' lang='grc' dir='ltr'><strong>τοῦ</strong></span> <span class='ocrx_word' id='word_1_397' title='bbox 3321 2767 3531 2836; x_wconf 74' lang='grc' dir='ltr'>ἀθέου,</span> <span class='ocrx_word' id='word_1_398' title='bbox 3562 2766 3632 2824; x_wconf 74' lang='grc' dir='ltr'>ἐκ</span> 
     </span>
    </p>
   </div>
   <div class='ocr_carea' id='block_1_58' title="bbox 2703 2839 3180 2908">
    <p class='ocr_par' dir='ltr' id='par_1_58' title="bbox 2703 2839 3180 2908">
     <span class='ocr_line' id='line_1_58' title="bbox 2703 2839 3180 2908; baseline 0 -16"><span class='ocrx_word' id='word_1_399' title='bbox 2703 2839 2936 2907; x_wconf 80' lang='grc' dir='ltr'>πρώτου</span> <span class='ocrx_word' id='word_1_400' title='bbox 2972 2840 3180 2908; x_wconf 79' lang='grc' dir='ltr'>λόγου.</span> 
     </span>
    </p>
   </div>
   <div class='ocr_carea' id='block_1_59' title="bbox 2230 2921 3733 3011">
    <p class='ocr_par' dir='ltr' id='par_1_59' title="bbox 2230 2921 3733 3011">
     <span class='ocr_line' id='line_1_59' title="bbox 2230 2921 3733 3011; baseline -0.001 -28"><span class='ocrx_word' id='word_1_401' title='bbox 2230 2951 2246 2983; x_wconf 76' lang='grc' dir='ltr'><strong>ι</strong></span> <span class='ocrx_word' id='word_1_402' title='bbox 2269 2931 2333 2984; x_wconf 89' lang='grc' dir='ltr'>Τί</span> <span class='ocrx_word' id='word_1_403' title='bbox 2355 2931 2412 2985; x_wconf 84' lang='grc' dir='ltr'>δὲ</span> <span class='ocrx_word' id='word_1_404' title='bbox 2437 2932 2464 2984; x_wconf 89' lang='grc' dir='ltr'><strong>ό</strong></span> <span class='ocrx_word' id='word_1_405' title='bbox 2487 2932 2603 2996; x_wconf 83' lang='grc' dir='ltr'>νέος</span> <span class='ocrx_word' id='word_1_406' title='bbox 2621 2931 3120 3011; x_wconf 53' lang='grc' dir='ltr'>Ναϐουχοδονόζορὲ</span> <span class='ocrx_word' id='word_1_407' title='bbox 3146 2932 3310 2984; x_wconf 82' lang='grc' dir='ltr'>Οὐδὲν</span> <span class='ocrx_word' id='word_1_408' title='bbox 3335 2930 3442 3001; x_wconf 83' lang='grc' dir='ltr'><strong>γὰρ</strong></span> <span class='ocrx_word' id='word_1_409' title='bbox 3466 2921 3619 2990; x_wconf 75' lang='grc' dir='ltr'>οὗτος</span> <span class='ocrx_word' id='word_1_410' title='bbox 3647 2930 3733 2992; x_wconf 83' lang='grc' dir='ltr'><strong>είς</strong></span> 
     </span>
    </p>
   </div>
   <div class='ocr_carea' id='block_1_60' title="bbox 2154 3014 3730 3094">
    <p class='ocr_par' dir='ltr' id='par_1_60' title="bbox 2154 3014 3730 3094">
     <span class='ocr_line' id='line_1_60' title="bbox 2154 3014 3730 3094; baseline -0.002 -18"><span class='ocrx_word' id='word_1_411' title='bbox 2154 3023 2304 3093; x_wconf 82' lang='grc' dir='ltr'>ἡμᾶς</span> <span class='ocrx_word' id='word_1_412' title='bbox 2333 3022 2426 3074; x_wconf 83' lang='grc' dir='ltr'><strong>τοῦ</strong></span> <span class='ocrx_word' id='word_1_413' title='bbox 2468 3023 2634 3075; x_wconf 87' lang='grc' dir='ltr'>πάλαι</span> <span class='ocrx_word' id='word_1_414' title='bbox 2668 3023 3185 3094; x_wconf 79' lang='grc' dir='ltr'>φιλανθρωπότερον</span> <span class='ocrx_word' id='word_1_415' title='bbox 3211 3022 3543 3086; x_wconf 76' lang='grc' dir='ltr'>ἐπεδείξατο,</span> <span class='ocrx_word' id='word_1_416' title='bbox 3567 3014 3629 3074; x_wconf 71' lang='grc' dir='ltr'><strong>οὗ</strong></span> <span class='ocrx_word' id='word_1_417' title='bbox 3675 3020 3730 3073; x_wconf 83' lang='grc' dir='ltr'>οἱ</span> 
     </span>
    </p>
   </div>
   <div class='ocr_carea' id='block_1_61' title="bbox 472 3088 2049 3184">
    <p class='ocr_par' dir='ltr' id='par_1_61' title="bbox 472 3088 2046 3166">
     <span class='ocr_line' id='line_1_61' title="bbox 472 3088 2046 3166; baseline 0.014 -26"><span class='ocrx_word' id='word_1_418' title='bbox 472 3088 582 3152; x_wconf 85' lang='lat' dir='ltr'><strong>ille,</strong></span> <span class='ocrx_word' id='word_1_419' title='bbox 621 3105 680 3144; x_wconf 91' lang='lat' dir='ltr'><strong>se</strong></span> <span class='ocrx_word' id='word_1_420' title='bbox 704 3093 874 3161; x_wconf 83' lang='lat' dir='ltr'><strong>gessit</strong></span> <span class='ocrx_word' id='word_1_421' title='bbox 906 3112 918 3148; x_wconf 91' lang='lat'><strong>:</strong></span> <span class='ocrx_word' id='word_1_422' title='bbox 955 3095 1116 3166; x_wconf 87' lang='lat' dir='ltr'><strong>cujus</strong></span> <span class='ocrx_word' id='word_1_423' title='bbox 1146 3100 1437 3163; x_wconf 88' lang='lat' dir='ltr'><strong>carbones,</strong></span> <span class='ocrx_word' id='word_1_424' title='bbox 1465 3105 1569 3158; x_wconf 89' lang='lat' dir='ltr'><strong>etsi</strong></span> <span class='ocrx_word' id='word_1_425' title='bbox 1605 3105 1877 3160; x_wconf 86' lang='lat' dir='ltr'><strong>ﬂammam</strong></span> <span class='ocrx_word' id='word_1_426' title='bbox 1907 3108 2046 3162; x_wconf 64' lang='lat' dir='ltr'><strong>cliu-</strong></span> 
     </span>
    </p>
   </div>
   <div class='ocr_carea' id='block_1_62' title="bbox 2161 3088 3733 3184">
    <p class='ocr_par' dir='ltr' id='par_1_62' title="bbox 2161 3088 3733 3184">
     <span class='ocr_line' id='line_1_62' title="bbox 2161 3088 3733 3184; baseline -0.002 -18"><span class='ocrx_word' id='word_1_427' title='bbox 2161 3088 2424 3184; x_wconf 57' lang='grc' dir='ltr'>ίνθρακες</span> <span class='ocrx_word' id='word_1_428' title='bbox 2449 3115 2597 3183; x_wconf 80' lang='grc' dir='ltr'>ἡμᾶς</span> <span class='ocrx_word' id='word_1_429' title='bbox 2631 3088 2712 3165; x_wconf 74' lang='grc' dir='ltr'><strong>ἔτι</strong></span> <span class='ocrx_word' id='word_1_430' title='bbox 2741 3088 3132 3176; x_wconf 84' lang='grc' dir='ltr'>διαθλίϐουσιν,</span> <span class='ocrx_word' id='word_1_431' title='bbox 3163 3112 3260 3166; x_wconf 76' lang='grc' dir='ltr'>καὶ</span> <span class='ocrx_word' id='word_1_432' title='bbox 3291 3112 3390 3183; x_wconf 79' lang='grc' dir='ltr'>τὴν</span> <span class='ocrx_word' id='word_1_433' title='bbox 3407 3112 3578 3181; x_wconf 87' lang='grc' dir='ltr'>φλόγα</span> <span class='ocrx_word' id='word_1_434' title='bbox 3607 3113 3733 3164; x_wconf 70' lang='grc' dir='ltr'>διαι</span> 
     </span>
    </p>
   </div>
   <div class='ocr_carea' id='block_1_63' title="bbox 470 3182 2048 3268">
    <p class='ocr_par' dir='ltr' id='par_1_63' title="bbox 470 3182 2048 3268">
     <span class='ocr_line' id='line_1_63' title="bbox 470 3182 2048 3268; baseline 0.014 -36"><span class='ocrx_word' id='word_1_435' title='bbox 470 3182 673 3250; x_wconf 78' lang='lat' dir='ltr'><strong>gimus,</strong></span> <span class='ocrx_word' id='word_1_436' title='bbox 725 3198 829 3238; x_wconf 92' lang='lat' dir='ltr'><strong>nos</strong></span> <span class='ocrx_word' id='word_1_437' title='bbox 892 3192 1074 3242; x_wconf 89' lang='lat' dir='ltr'><strong>tamen</strong></span> <span class='ocrx_word' id='word_1_438' title='bbox 1150 3191 1328 3245; x_wconf 87' lang='lat' dir='ltr'><strong>adhuc</strong></span> <span class='ocrx_word' id='word_1_439' title='bbox 1374 3193 1640 3262; x_wconf 81' lang='lat' dir='ltr'><strong>affligunt.</strong></span> <span class='ocrx_word' id='word_1_440' title='bbox 1689 3195 1882 3252; x_wconf 83' lang='lat' dir='ltr'><strong>Nonne</strong></span> <span class='ocrx_word' id='word_1_441' title='bbox 1931 3200 2048 3268; x_wconf 90' lang='lat' dir='ltr'><strong>ipsa</strong></span> 
     </span>
    </p>
   </div>
   <div class='ocr_carea' id='block_1_64' title="bbox 467 3273 2054 3350">
    <p class='ocr_par' dir='ltr' id='par_1_64' title="bbox 467 3273 2054 3350">
     <span class='ocr_line' id='line_1_64' title="bbox 467 3273 2054 3350; baseline 0.013 -27"><span class='ocrx_word' id='word_1_442' title='bbox 467 3286 684 3342; x_wconf 84' lang='lat' dir='ltr'><strong>quoque</strong></span> <span class='ocrx_word' id='word_1_443' title='bbox 741 3273 969 3330; x_wconf 89' lang='lat' dir='ltr'><strong>donaria</strong></span> <span class='ocrx_word' id='word_1_444' title='bbox 1006 3281 1213 3335; x_wconf 88' lang='lat' dir='ltr'><strong>sanctis</strong></span> <span class='ocrx_word' id='word_1_445' title='bbox 1248 3294 1588 3350; x_wconf 72' lang='lat' dir='ltr'><strong>consecrata,</strong></span> <span class='ocrx_word' id='word_1_446' title='bbox 1621 3295 1676 3341; x_wconf 88' lang='lat' dir='ltr'><strong>et</strong></span> <span class='ocrx_word' id='word_1_447' title='bbox 1713 3286 1768 3342; x_wconf 89' lang='lat' dir='ltr'><strong>in</strong></span> <span class='ocrx_word' id='word_1_448' title='bbox 1803 3289 2054 3344; x_wconf 82' lang='lat' dir='ltr'><strong>ecclesiis</strong></span> 
     </span>
    </p>
   </div>
   <div class='ocr_carea' id='block_1_65' title="bbox 469 3364 2051 3449">
    <p class='ocr_par' dir='ltr' id='par_1_65' title="bbox 469 3364 2051 3449">
     <span class='ocr_line' id='line_1_65' title="bbox 469 3364 2051 3449; baseline 0.013 -35"><span class='ocrx_word' id='word_1_449' title='bbox 469 3364 645 3431; x_wconf 88' lang='lat' dir='ltr'><strong>palam</strong></span> <span class='ocrx_word' id='word_1_450' title='bbox 706 3365 944 3420; x_wconf 78' lang='lat' dir='ltr'><strong>ﬁdelium</strong></span> <span class='ocrx_word' id='word_1_451' title='bbox 978 3369 1283 3428; x_wconf 86' lang='lat' dir='ltr'><strong>adorationi</strong></span> <span class='ocrx_word' id='word_1_452' title='bbox 1338 3376 1633 3445; x_wconf 81' lang='lat' dir='ltr'><strong>proposita,</strong></span> <span class='ocrx_word' id='word_1_453' title='bbox 1679 3380 1927 3449; x_wconf 84' lang='lat' dir='ltr'><strong>corporis</strong></span> <span class='ocrx_word' id='word_1_454' title='bbox 1972 3381 2051 3434; x_wconf 88' lang='lat' dir='ltr'><strong>la-</strong></span> 
     </span>
    </p>
   </div>
   <div class='ocr_carea' id='block_1_66' title="bbox 470 3452 1002 3512">
    <p class='ocr_par' dir='ltr' id='par_1_66' title="bbox 470 3452 1002 3512">
     <span class='ocr_line' id='line_1_66' title="bbox 470 3452 1002 3512; baseline 0.009 -8"><span class='ocrx_word' id='word_1_455' title='bbox 470 3452 590 3506; x_wconf 88' lang='lat' dir='ltr'><strong>bem</strong></span> <span class='ocrx_word' id='word_1_456' title='bbox 620 3454 904 3511; x_wconf 86' lang='lat' dir='ltr'><strong>declarant</strong></span> <span class='ocrx_word' id='word_1_457' title='bbox 931 3460 954 3512; x_wconf 87' lang='lat'><strong>?</strong></span> <span class='ocrx_word' id='word_1_458' title='bbox 983 3479 1002 3509; x_wconf 72' lang='grc' dir='ltr'><strong>ι</strong></span> 
     </span>
    </p>
   </div>
   <div class='ocr_carea' id='block_1_67' title="bbox 963 3551 1536 3623">
    <p class='ocr_par' dir='ltr' id='par_1_67' title="bbox 963 3551 1536 3623">
     <span class='ocr_line' id='line_1_67' title="bbox 963 3551 1536 3623; baseline 0.009 -19"><span class='ocrx_word' id='word_1_459' title='bbox 963 3551 1217 3620; x_wconf 84' lang='lat' dir='ltr'><strong>Ejusdem</strong></span> <span class='ocrx_word' id='word_1_460' title='bbox 1239 3555 1293 3608; x_wconf 86' lang='lat' dir='ltr'><strong>in</strong></span> <span class='ocrx_word' id='word_1_461' title='bbox 1323 3557 1536 3623; x_wconf 82' lang='lat' dir='ltr'><strong>pelvim.</strong></span> 
     </span>
    </p>
   </div>
   <div class='ocr_carea' id='block_1_68' title="bbox 546 3634 2052 3727">
    <p class='ocr_par' dir='ltr' id='par_1_68' title="bbox 546 3634 2052 3727">
     <span class='ocr_line' id='line_1_68' title="bbox 546 3634 2052 3727; baseline 0.016 -41"><span class='ocrx_word' id='word_1_462' title='bbox 546 3653 564 3686; x_wconf 72' lang='grc' dir='ltr'><strong>ι</strong></span> <span class='ocrx_word' id='word_1_463' title='bbox 607 3634 693 3690; x_wconf 85' lang='lat' dir='ltr'><strong>Uti</strong></span> <span class='ocrx_word' id='word_1_464' title='bbox 748 3641 914 3707; x_wconf 91' lang='lat' dir='ltr'><strong>enim,</strong></span> <span class='ocrx_word' id='word_1_465' title='bbox 949 3659 1072 3696; x_wconf 90' lang='lat' dir='ltr'><strong>cum</strong></span> <span class='ocrx_word' id='word_1_466' title='bbox 1108 3645 1497 3715; x_wconf 86' lang='lat' dir='ltr'><strong>imperatorum</strong></span> <span class='ocrx_word' id='word_1_467' title='bbox 1537 3650 1722 3719; x_wconf 71' lang='lat' dir='ltr'><strong>figurae</strong></span> <span class='ocrx_word' id='word_1_468' title='bbox 1771 3661 1826 3708; x_wconf 90' lang='lat' dir='ltr'><strong>et</strong></span> <span class='ocrx_word' id='word_1_469' title='bbox 1859 3655 2052 3727; x_wconf 84' lang='lat' dir='ltr'><strong>imagi-</strong></span> 
     </span>
    </p>
   </div>
   <div class='ocr_carea' id='block_1_69' title="bbox 472 3728 2049 3815">
    <p class='ocr_par' dir='ltr' id='par_1_69' title="bbox 472 3728 2049 3815">
     <span class='ocr_line' id='line_1_69' title="bbox 472 3728 2049 3815; baseline 0.015 -38"><span class='ocrx_word' id='word_1_470' title='bbox 472 3741 568 3779; x_wconf 87' lang='lat' dir='ltr'><strong>nes</strong></span> <span class='ocrx_word' id='word_1_471' title='bbox 605 3728 656 3779; x_wconf 92' lang='lat' dir='ltr'><strong>in</strong></span> <span class='ocrx_word' id='word_1_472' title='bbox 689 3729 963 3787; x_wconf 87' lang='lat' dir='ltr'><strong>civitatem</strong></span> <span class='ocrx_word' id='word_1_473' title='bbox 997 3735 1286 3792; x_wconf 84' lang='lat' dir='ltr'><strong>mittuntur</strong></span> <span class='ocrx_word' id='word_1_474' title='bbox 1313 3748 1366 3794; x_wconf 92' lang='lat' dir='ltr'><strong>et</strong></span> <span class='ocrx_word' id='word_1_475' title='bbox 1396 3740 1727 3808; x_wconf 85' lang='lat' dir='ltr'><strong>inferuntur,</strong></span> <span class='ocrx_word' id='word_1_476' title='bbox 1758 3745 2049 3815; x_wconf 85' lang='lat' dir='ltr'><strong>magistra-</strong></span> 
     </span>
    </p>
   </div>
   <div class='ocr_carea' id='block_1_70' title="bbox 470 3823 2055 3892">
    <p class='ocr_par' dir='ltr' id='par_1_70' title="bbox 470 3823 2055 3892">
     <span class='ocr_line' id='line_1_70' title="bbox 470 3823 2055 3892; baseline 0.015 -25"><span class='ocrx_word' id='word_1_477' title='bbox 470 3823 559 3868; x_wconf 86' lang='lat' dir='ltr'><strong>tus</strong></span> <span class='ocrx_word' id='word_1_478' title='bbox 585 3824 638 3870; x_wconf 93' lang='lat' dir='ltr'><strong>et</strong></span> <span class='ocrx_word' id='word_1_479' title='bbox 663 3823 844 3888; x_wconf 91' lang='lat' dir='ltr'><strong>populi</strong></span> <span class='ocrx_word' id='word_1_480' title='bbox 868 3840 990 3878; x_wconf 89' lang='lat' dir='ltr'><strong>cum</strong></span> <span class='ocrx_word' id='word_1_481' title='bbox 1019 3827 1214 3884; x_wconf 83' lang='lat' dir='ltr'><strong>faustis</strong></span> <span class='ocrx_word' id='word_1_482' title='bbox 1245 3831 1731 3890; x_wconf 89' lang='lat' dir='ltr'><strong>acclamationibus</strong></span> <span class='ocrx_word' id='word_1_483' title='bbox 1753 3844 1807 3890; x_wconf 91' lang='lat' dir='ltr'><strong>et</strong></span> <span class='ocrx_word' id='word_1_484' title='bbox 1827 3853 2055 3892; x_wconf 87' lang='lat' dir='ltr'><strong>venera-</strong></span> 
     </span>
    </p>
   </div>
   <div class='ocr_carea' id='block_1_71' title="bbox 470 3906 2052 3994">
    <p class='ocr_par' dir='ltr' id='par_1_71' title="bbox 470 3906 2052 3994">
     <span class='ocr_line' id='line_1_71' title="bbox 470 3906 2052 3994; baseline 0.016 -35"><span class='ocrx_word' id='word_1_485' title='bbox 470 3906 618 3961; x_wconf 90' lang='lat' dir='ltr'><strong>tione</strong></span> <span class='ocrx_word' id='word_1_486' title='bbox 637 3910 852 3966; x_wconf 84' lang='lat' dir='ltr'><strong>obviam</strong></span> <span class='ocrx_word' id='word_1_487' title='bbox 892 3925 1042 3982; x_wconf 89' lang='lat' dir='ltr'><strong>eunt,</strong></span> <span class='ocrx_word' id='word_1_488' title='bbox 1076 3935 1184 3973; x_wconf 91' lang='lat' dir='ltr'><strong>non</strong></span> <span class='ocrx_word' id='word_1_489' title='bbox 1229 3922 1440 3977; x_wconf 88' lang='lat' dir='ltr'><strong>tabulas</strong></span> <span class='ocrx_word' id='word_1_490' title='bbox 1465 3925 1681 3992; x_wconf 87' lang='lat' dir='ltr'><strong>quidem</strong></span> <span class='ocrx_word' id='word_1_491' title='bbox 1702 3927 2052 3994; x_wconf 85' lang='lat' dir='ltr'><strong>honorantes,</strong></span> 
     </span>
    </p>
   </div>
   <div class='ocr_carea' id='block_1_72' title="bbox 470 4001 2050 4083">
    <p class='ocr_par' dir='ltr' id='par_1_72' title="bbox 470 4001 2050 4083">
     <span class='ocr_line' id='line_1_72' title="bbox 470 4001 2050 4083; baseline 0.013 -33"><span class='ocrx_word' id='word_1_492' title='bbox 470 4013 726 4053; x_wconf 86' lang='lat' dir='ltr'><strong>cereasve</strong></span> <span class='ocrx_word' id='word_1_493' title='bbox 743 4001 1002 4071; x_wconf 85' lang='lat' dir='ltr'><strong>picturas,</strong></span> <span class='ocrx_word' id='word_1_494' title='bbox 1024 4008 1116 4062; x_wconf 87' lang='lat' dir='ltr'><strong>sed</strong></span> <span class='ocrx_word' id='word_1_495' title='bbox 1135 4008 1481 4078; x_wconf 88' lang='lat' dir='ltr'><strong>imperatoris</strong></span> <span class='ocrx_word' id='word_1_496' title='bbox 1498 4013 1724 4083; x_wconf 86' lang='lat' dir='ltr'><strong>effigiem</strong></span> <span class='ocrx_word' id='word_1_497' title='bbox 1750 4033 1763 4069; x_wconf 92' lang='lat'><strong>:</strong></span> <span class='ocrx_word' id='word_1_498' title='bbox 1789 4015 1865 4070; x_wconf 90' lang='lat' dir='ltr'><strong>sic</strong></span> <span class='ocrx_word' id='word_1_499' title='bbox 1889 4018 2050 4071; x_wconf 83' lang='lat' dir='ltr'><strong>etiam</strong></span> 
     </span>
    </p>
   </div>
   <div class='ocr_carea' id='block_1_73' title="bbox 472 4099 1006 4152">
    <p class='ocr_par' dir='ltr' id='par_1_73' title="bbox 472 4099 1006 4152">
     <span class='ocr_line' id='line_1_73' title="bbox 472 4099 1006 4152; baseline 0.009 -13"><span class='ocrx_word' id='word_1_500' title='bbox 472 4102 560 4140; x_wconf 73' lang='lat' dir='ltr'><strong>res</strong></span> <span class='ocrx_word' id='word_1_501' title='bbox 590 4099 808 4152; x_wconf 81' lang='lat' dir='ltr'><strong>creatae,</strong></span> <span class='ocrx_word' id='word_1_502' title='bbox 843 4108 862 4142; x_wconf 75' lang='grc' dir='ltr'><strong>ι</strong></span> <span class='ocrx_word' id='word_1_503' title='bbox 899 4100 1006 4146; x_wconf 87' lang='lat' dir='ltr'><strong>etc.</strong></span> 
     </span>
    </p>
   </div>
   <div class='ocr_carea' id='block_1_74' title="bbox 471 4177 2054 4254">
    <p class='ocr_par' dir='ltr' id='par_1_74' title="bbox 471 4177 2054 4254">
     <span class='ocr_line' id='line_1_74' title="bbox 471 4177 2054 4254; baseline 0.012 -24"><span class='ocrx_word' id='word_1_504' title='bbox 471 4177 633 4248; x_wconf 79' lang='lat'><strong>385</strong></span> <span class='ocrx_word' id='word_1_505' title='bbox 676 4178 760 4232; x_wconf 77' lang='lat' dir='ltr'><strong>Ea:</strong></span> <span class='ocrx_word' id='word_1_506' title='bbox 793 4183 1032 4238; x_wconf 79' lang='lat' dir='ltr'><strong>oratione</strong></span> <span class='ocrx_word' id='word_1_507' title='bbox 1077 4194 1269 4254; x_wconf 83' lang='lat' dir='ltr'><strong>quarta</strong></span> <span class='ocrx_word' id='word_1_508' title='bbox 1316 4184 1589 4242; x_wconf 77' lang='lat' dir='ltr'><strong>Seueriani</strong></span> <span class='ocrx_word' id='word_1_509' title='bbox 1631 4187 1955 4246; x_wconf 81' lang='lat' dir='ltr'><strong>Gabalorum</strong></span> <span class='ocrx_word' id='word_1_510' title='bbox 1997 4195 2054 4250; x_wconf 86' lang='lat' dir='ltr'><strong>in</strong></span> 
     </span>
    </p>
   </div>
   <div class='ocr_carea' id='block_1_75' title="bbox 1011 4265 1518 4310">
    <p class='ocr_par' dir='ltr' id='par_1_75' title="bbox 1011 4265 1518 4310">
     <span class='ocr_line' id='line_1_75' title="bbox 1011 4265 1518 4310; baseline 0.004 -2"><span class='ocrx_word' id='word_1_511' title='bbox 1011 4265 1251 4308; x_wconf 76' lang='lat' dir='ltr'><strong>sanctam</strong></span> <span class='ocrx_word' id='word_1_512' title='bbox 1291 4273 1518 4310; x_wconf 79' lang='lat' dir='ltr'><strong>crucem.</strong></span> 
     </span>
    </p>
   </div>
   <div class='ocr_carea' id='block_1_76' title="bbox 547 4337 2042 4420">
    <p class='ocr_par' dir='ltr' id='par_1_76' title="bbox 547 4337 2042 4420">
     <span class='ocr_line' id='line_1_76' title="bbox 547 4337 2042 4420; baseline 0.015 -31"><span class='ocrx_word' id='word_1_513' title='bbox 547 4357 565 4389; x_wconf 85' lang='grc'><em>‹</em></span> <span class='ocrx_word' id='word_1_514' title='bbox 614 4337 881 4396; x_wconf 77' lang='lat' dir='ltr'><strong>Percussit</strong></span> <span class='ocrx_word' id='word_1_515' title='bbox 916 4343 1124 4416; x_wconf 80' lang='lat' dir='ltr'><strong>Moyses</strong></span> <span class='ocrx_word' id='word_1_516' title='bbox 1152 4357 1356 4416; x_wconf 85' lang='lat' dir='ltr'><strong>petram</strong></span> <span class='ocrx_word' id='word_1_517' title='bbox 1386 4351 1544 4404; x_wconf 73' lang='lat' dir='ltr'><strong>semel</strong></span> <span class='ocrx_word' id='word_1_518' title='bbox 1575 4361 1733 4420; x_wconf 83' lang='lat' dir='ltr'><strong>atque</strong></span> <span class='ocrx_word' id='word_1_519' title='bbox 1764 4353 1955 4408; x_wconf 82' lang='lat' dir='ltr'><strong>iterum</strong></span> <span class='ocrx_word' id='word_1_520' title='bbox 1973 4355 2042 4411; x_wconf 70' lang='lat'><strong>7&quot;.</strong></span> 
     </span>
    </p>
   </div>
   <div class='ocr_carea' id='block_1_77' title="bbox 2153 3204 3730 3276">
    <p class='ocr_par' dir='ltr' id='par_1_77' title="bbox 2153 3204 3730 3276">
     <span class='ocr_line' id='line_1_77' title="bbox 2153 3204 3730 3276; baseline 0 -20"><span class='ocrx_word' id='word_1_521' title='bbox 2153 3204 2525 3274; x_wconf 83' lang='grc' dir='ltr'>πεφεύγαμεν.</span> <span class='ocrx_word' id='word_1_522' title='bbox 2564 3205 2698 3275; x_wconf 65' lang='grc' dir='ltr'>Οὐχὶ</span> <span class='ocrx_word' id='word_1_523' title='bbox 2717 3207 2813 3258; x_wconf 72' lang='grc' dir='ltr'>καὶ</span> <span class='ocrx_word' id='word_1_524' title='bbox 2844 3205 2910 3258; x_wconf 81' lang='grc' dir='ltr'>τὰ</span> <span class='ocrx_word' id='word_1_525' title='bbox 2938 3205 3269 3276; x_wconf 82' lang='grc' dir='ltr'>ἀναθήματα</span> <span class='ocrx_word' id='word_1_526' title='bbox 3293 3205 3403 3258; x_wconf 90' lang='grc' dir='ltr'><strong>τῶν</strong></span> <span class='ocrx_word' id='word_1_527' title='bbox 3435 3205 3602 3274; x_wconf 83' lang='grc' dir='ltr'>ἁγίων</span> <span class='ocrx_word' id='word_1_528' title='bbox 3634 3205 3730 3256; x_wconf 81' lang='grc' dir='ltr'><strong>ἐπ’</strong></span> 
     </span>
    </p>
   </div>
   <div class='ocr_carea' id='block_1_78' title="bbox 2152 3293 3726 3366">
    <p class='ocr_par' dir='ltr' id='par_1_78' title="bbox 2152 3293 3726 3366">
     <span class='ocr_line' id='line_1_78' title="bbox 2152 3293 3726 3366; baseline -0.001 -20"><span class='ocrx_word' id='word_1_529' title='bbox 2152 3293 2466 3364; x_wconf 75' lang='grc' dir='ltr'>ἐκκλησίαις</span> <span class='ocrx_word' id='word_1_530' title='bbox 2493 3295 2739 3364; x_wconf 83' lang='grc' dir='ltr'>κείμενα</span> <span class='ocrx_word' id='word_1_531' title='bbox 2774 3295 2855 3358; x_wconf 85' lang='grc' dir='ltr'><strong>είς</strong></span> <span class='ocrx_word' id='word_1_532' title='bbox 2921 3295 3298 3366; x_wconf 86' lang='grc' dir='ltr'>προσκύνησιν</span> <span class='ocrx_word' id='word_1_533' title='bbox 3338 3295 3449 3349; x_wconf 83' lang='grc' dir='ltr'><strong>τῶν</strong></span> <span class='ocrx_word' id='word_1_534' title='bbox 3493 3293 3726 3358; x_wconf 83' lang='grc' dir='ltr'>πιστῶν,</span> 
     </span>
    </p>
   </div>
   <div class='ocr_carea' id='block_1_79' title="bbox 2151 3383 3178 3458">
    <p class='ocr_par' dir='ltr' id='par_1_79' title="bbox 2151 3383 3178 3458">
     <span class='ocr_line' id='line_1_79' title="bbox 2151 3383 3178 3458; baseline 0 -19"><span class='ocrx_word' id='word_1_535' title='bbox 2151 3386 2369 3457; x_wconf 83' lang='grc' dir='ltr'>δηλοῦσι</span> <span class='ocrx_word' id='word_1_536' title='bbox 2396 3387 2494 3456; x_wconf 83' lang='grc' dir='ltr'><strong>τὴν</strong></span> <span class='ocrx_word' id='word_1_537' title='bbox 2511 3386 2692 3457; x_wconf 80' lang='grc' dir='ltr'>λώϐην</span> <span class='ocrx_word' id='word_1_538' title='bbox 2721 3383 2816 3440; x_wconf 82' lang='grc' dir='ltr'><strong>τοῦ</strong></span> <span class='ocrx_word' id='word_1_539' title='bbox 2841 3386 3091 3458; x_wconf 85' lang='grc' dir='ltr'>σώματος</span> <span class='ocrx_word' id='word_1_540' title='bbox 3115 3403 3130 3452; x_wconf 92' lang='lat'><strong>;</strong></span> <span class='ocrx_word' id='word_1_541' title='bbox 3157 3405 3178 3439; x_wconf 75' lang='grc' dir='ltr'><strong>ι</strong></span> 
     </span>
    </p>
   </div>
   <div class='ocr_carea' id='block_1_80' title="bbox 2488 3558 3376 3630">
    <p class='ocr_par' dir='ltr' id='par_1_80' title="bbox 2488 3558 3376 3630">
     <span class='ocr_line' id='line_1_80' title="bbox 2488 3558 3376 3630; baseline -0.002 -14"><span class='ocrx_word' id='word_1_542' title='bbox 2488 3558 2599 3618; x_wconf 87' lang='grc' dir='ltr'>Τοῦ</span> <span class='ocrx_word' id='word_1_543' title='bbox 2636 3563 2823 3616; x_wconf 83' lang='grc' dir='ltr'>αὐτοῦ</span> <span class='ocrx_word' id='word_1_544' title='bbox 2851 3565 2938 3628; x_wconf 82' lang='grc' dir='ltr'><strong>είς</strong></span> <span class='ocrx_word' id='word_1_545' title='bbox 2964 3562 3070 3615; x_wconf 78' lang='grc' dir='ltr'><strong>τὸν</strong></span> <span class='ocrx_word' id='word_1_546' title='bbox 3098 3561 3376 3630; x_wconf 73' lang='grc' dir='ltr'>νιπτῆρα.</span> 
     </span>
    </p>
   </div>
   <div class='ocr_carea' id='block_1_81' title="bbox 2229 3652 3732 3724">
    <p class='ocr_par' dir='ltr' id='par_1_81' title="bbox 2229 3652 3732 3724">
     <span class='ocr_line' id='line_1_81' title="bbox 2229 3652 3732 3724; baseline -0.002 -17"><span class='ocrx_word' id='word_1_547' title='bbox 2229 3673 2247 3706; x_wconf 79' lang='grc' dir='ltr'><strong>ι</strong></span> <span class='ocrx_word' id='word_1_548' title='bbox 2291 3654 2502 3724; x_wconf 80' lang='grc' dir='ltr'>Ὠσπερ</span> <span class='ocrx_word' id='word_1_549' title='bbox 2545 3652 2682 3723; x_wconf 81' lang='grc' dir='ltr'>γὰρ,</span> <span class='ocrx_word' id='word_1_550' title='bbox 2719 3653 2846 3706; x_wconf 87' lang='grc' dir='ltr'>ὅταν</span> <span class='ocrx_word' id='word_1_551' title='bbox 2900 3653 3168 3722; x_wconf 82' lang='grc' dir='ltr'>βασιλικοὶ</span> <span class='ocrx_word' id='word_1_552' title='bbox 3227 3653 3582 3723; x_wconf 84' lang='grc' dir='ltr'>χαρακτῆρες¹</span> <span class='ocrx_word' id='word_1_553' title='bbox 3631 3652 3732 3704; x_wconf 74' lang='grc' dir='ltr'>καὶ</span> 
     </span>
    </p>
   </div>
   <div class='ocr_carea' id='block_1_82' title="bbox 2151 3743 3730 3814">
    <p class='ocr_par' dir='ltr' id='par_1_82' title="bbox 2151 3743 3730 3814">
     <span class='ocr_line' id='line_1_82' title="bbox 2151 3743 3730 3814; baseline -0.003 -16"><span class='ocrx_word' id='word_1_554' title='bbox 2151 3745 2357 3807; x_wconf 72' lang='grc' dir='ltr'>εἰκόνες</span> <span class='ocrx_word' id='word_1_555' title='bbox 2395 3746 2475 3806; x_wconf 84' lang='grc' dir='ltr'><strong>είς</strong></span> <span class='ocrx_word' id='word_1_556' title='bbox 2503 3743 2656 3797; x_wconf 79' lang='grc' dir='ltr'>πόλιν</span> <span class='ocrx_word' id='word_1_557' title='bbox 2694 3744 3186 3814; x_wconf 81' lang='grc' dir='ltr'>καταπέμπωνται,</span> <span class='ocrx_word' id='word_1_558' title='bbox 3215 3744 3307 3797; x_wconf 84' lang='grc' dir='ltr'>καὶ</span> <span class='ocrx_word' id='word_1_559' title='bbox 3334 3743 3730 3811; x_wconf 80' lang='grc' dir='ltr'>εἰσφέρωνται,</span> 
     </span>
    </p>
   </div>
   <div class='ocr_carea' id='block_1_83' title="bbox 2152 3822 3735 3906">
    <p class='ocr_par' dir='ltr' id='par_1_83' title="bbox 2152 3822 3735 3906">
     <span class='ocr_line' id='line_1_83' title="bbox 2152 3822 3735 3906; baseline -0.004 -15"><span class='ocrx_word' id='word_1_560' title='bbox 2152 3836 2460 3891; x_wconf 84' lang='grc' dir='ltr'>ὑπαντῶσιν</span> <span class='ocrx_word' id='word_1_561' title='bbox 2498 3834 2754 3906; x_wconf 77' lang='grc' dir='ltr'>ἄρχοντες</span> <span class='ocrx_word' id='word_1_562' title='bbox 2799 3822 2892 3888; x_wconf 72' lang='grc' dir='ltr'>καὶ</span> <span class='ocrx_word' id='word_1_563' title='bbox 2940 3835 3101 3906; x_wconf 85' lang='grc' dir='ltr'>δῆμοι</span> <span class='ocrx_word' id='word_1_564' title='bbox 3141 3834 3253 3904; x_wconf 85' lang='grc' dir='ltr'>μετ’</span> <span class='ocrx_word' id='word_1_565' title='bbox 3299 3834 3577 3902; x_wconf 82' lang='grc' dir='ltr'>εὐφημίας</span> <span class='ocrx_word' id='word_1_566' title='bbox 3629 3834 3735 3885; x_wconf 73' lang='grc' dir='ltr'>καὶ</span> 
     </span>
    </p>
   </div>
   <div class='ocr_carea' id='block_1_84' title="bbox 2152 3921 3734 3996">
    <p class='ocr_par' dir='ltr' id='par_1_84' title="bbox 2152 3921 3734 3996">
     <span class='ocr_line' id='line_1_84' title="bbox 2152 3921 3734 3996; baseline -0.003 -17"><span class='ocrx_word' id='word_1_567' title='bbox 2152 3926 2338 3996; x_wconf 82' lang='grc' dir='ltr'>φόϐου,</span> <span class='ocrx_word' id='word_1_568' title='bbox 2372 3927 2433 3978; x_wconf 79' lang='grc' dir='ltr'>οὐ</span> <span class='ocrx_word' id='word_1_569' title='bbox 2465 3925 2652 3978; x_wconf 77' lang='grc' dir='ltr'>σανίδα</span> <span class='ocrx_word' id='word_1_570' title='bbox 2674 3925 2962 3994; x_wconf 83' lang='grc' dir='ltr'>τιμῶντες,</span> <span class='ocrx_word' id='word_1_571' title='bbox 2997 3929 3058 3978; x_wconf 82' lang='grc' dir='ltr'><strong>ού</strong></span> <span class='ocrx_word' id='word_1_572' title='bbox 3105 3925 3198 3995; x_wconf 83' lang='grc' dir='ltr'>τὴν</span> <span class='ocrx_word' id='word_1_573' title='bbox 3231 3921 3530 3993; x_wconf 85' lang='grc' dir='ltr'>χηρόχυτον</span> <span class='ocrx_word' id='word_1_574' title='bbox 3580 3939 3734 3993; x_wconf 80' lang='grc' dir='ltr'>γρα-</span> 
     </span>
    </p>
   </div>
   <div class='ocr_carea' id='block_1_85' title="bbox 2152 4011 3735 4086">
    <p class='ocr_par' dir='ltr' id='par_1_85' title="bbox 2152 4011 3735 4086">
     <span class='ocr_line' id='line_1_85' title="bbox 2152 4011 3735 4086; baseline -0.004 -17"><span class='ocrx_word' id='word_1_575' title='bbox 2152 4017 2278 4086; x_wconf 81' lang='grc' dir='ltr'>φὴν,</span> <span class='ocrx_word' id='word_1_576' title='bbox 2336 4014 2470 4068; x_wconf 77' lang='grc' dir='ltr'>ἀλλὰ</span> <span class='ocrx_word' id='word_1_577' title='bbox 2515 4015 2606 4067; x_wconf 82' lang='grc' dir='ltr'>τὸν</span> <span class='ocrx_word' id='word_1_578' title='bbox 2664 4016 2992 4086; x_wconf 81' lang='grc' dir='ltr'>χαρακτῆρα</span> <span class='ocrx_word' id='word_1_579' title='bbox 3045 4015 3139 4068; x_wconf 81' lang='grc' dir='ltr'><strong>τοῦ</strong></span> <span class='ocrx_word' id='word_1_580' title='bbox 3207 4013 3464 4086; x_wconf 80' lang='grc' dir='ltr'>βασιλέως</span> <span class='ocrx_word' id='word_1_581' title='bbox 3506 4029 3520 4043; x_wconf 90' lang='grc'><strong>·</strong></span> <span class='ocrx_word' id='word_1_582' title='bbox 3552 4011 3735 4073; x_wconf 74' lang='grc' dir='ltr'>οὕτως</span> 
     </span>
    </p>
   </div>
   <div class='ocr_carea' id='block_1_86' title="bbox 2151 4105 2594 4175">
    <p class='ocr_par' dir='ltr' id='par_1_86' title="bbox 2151 4105 2594 4175">
     <span class='ocr_line' id='line_1_86' title="bbox 2151 4105 2594 4175; baseline -0.009 -17"><span class='ocrx_word' id='word_1_583' title='bbox 2151 4106 2243 4159; x_wconf 74' lang='grc' dir='ltr'>καὶ</span> <span class='ocrx_word' id='word_1_584' title='bbox 2275 4107 2307 4175; x_wconf 85' lang='grc' dir='ltr'>ή</span> <span class='ocrx_word' id='word_1_585' title='bbox 2337 4105 2530 4166; x_wconf 81' lang='grc' dir='ltr'>κτίσις.</span> <span class='ocrx_word' id='word_1_586' title='bbox 2577 4122 2594 4154; x_wconf 73' lang='grc' dir='ltr'><strong>ι</strong></span> 
     </span>
    </p>
   </div>
   <div class='ocr_carea' id='block_1_87' title="bbox 2153 4193 3728 4266">
    <p class='ocr_par' dir='ltr' id='par_1_87' title="bbox 2153 4193 3728 4266">
     <span class='ocr_line' id='line_1_87' title="bbox 2153 4193 3728 4266; baseline -0.004 -14"><span class='ocrx_word' id='word_1_587' title='bbox 2153 4195 2516 4266; x_wconf 84' lang='grc' dir='ltr'>Σευηριανοῦ</span> <span class='ocrx_word' id='word_1_588' title='bbox 2547 4194 2838 4250; x_wconf 68' lang='grc' dir='ltr'>Γαϐάλων</span> <span class='ocrx_word' id='word_1_589' title='bbox 2859 4195 2996 4266; x_wconf 73' lang='lat'><strong>(58),</strong></span> <span class='ocrx_word' id='word_1_590' title='bbox 3030 4197 3118 4260; x_wconf 78' lang='grc' dir='ltr'>εις</span> <span class='ocrx_word' id='word_1_591' title='bbox 3153 4195 3261 4249; x_wconf 86' lang='grc' dir='ltr'><strong>τὸν</strong></span> <span class='ocrx_word' id='word_1_592' title='bbox 3293 4194 3580 4263; x_wconf 75' lang='grc' dir='ltr'>σταυρὸν,</span> <span class='ocrx_word' id='word_1_593' title='bbox 3621 4193 3728 4246; x_wconf 69' lang='lat' dir='ltr'><strong>1d-</strong></span> 
     </span>
    </p>
   </div>
   <div class='ocr_carea' id='block_1_88' title="bbox 2705 4265 3153 4333">
    <p class='ocr_par' dir='ltr' id='par_1_88' title="bbox 2705 4265 3153 4333">
     <span class='ocr_line' id='line_1_88' title="bbox 2705 4265 3153 4333; baseline 0 -15"><span class='ocrx_word' id='word_1_594' title='bbox 2705 4282 2816 4333; x_wconf 74' lang='grc' dir='ltr'>του</span> <span class='ocrx_word' id='word_1_595' title='bbox 2854 4265 3153 4332; x_wconf 78' lang='grc' dir='ltr'>τετάρτου.</span> 
     </span>
    </p>
   </div>
   <div class='ocr_carea' id='block_1_89' title="bbox 2230 4353 3726 4422">
    <p class='ocr_par' dir='ltr' id='par_1_89' title="bbox 2230 4353 3726 4422">
     <span class='ocr_line' id='line_1_89' title="bbox 2230 4353 3726 4422; baseline -0.001 -14"><span class='ocrx_word' id='word_1_596' title='bbox 2230 4377 2248 4408; x_wconf 73' lang='grc' dir='ltr'><strong>ι</strong></span> <span class='ocrx_word' id='word_1_597' title='bbox 2297 4355 2580 4419; x_wconf 77' lang='grc' dir='ltr'>Ἑπάταξε</span> <span class='ocrx_word' id='word_1_598' title='bbox 2603 4353 2862 4422; x_wconf 83' lang='grc' dir='ltr'>Μωῦσῆς</span> <span class='ocrx_word' id='word_1_599' title='bbox 2893 4354 3006 4422; x_wconf 76' lang='grc' dir='ltr'><strong>τὴν</strong></span> <span class='ocrx_word' id='word_1_600' title='bbox 3031 4354 3277 4420; x_wconf 79' lang='grc' dir='ltr'>πέτραν,</span> <span class='ocrx_word' id='word_1_601' title='bbox 3309 4354 3409 4407; x_wconf 73' lang='grc' dir='ltr'>καὶ</span> <span class='ocrx_word' id='word_1_602' title='bbox 3439 4354 3600 4418; x_wconf 78' lang='grc' dir='ltr'>ἅπαξ</span> <span class='ocrx_word' id='word_1_603' title='bbox 3624 4353 3726 4407; x_wconf 73' lang='grc' dir='ltr'>καὶ</span> 
     </span>
    </p>
   </div>
   <div class='ocr_carea' id='block_1_90' title="bbox 472 4429 2049 4515">
    <p class='ocr_par' dir='ltr' id='par_1_90' title="bbox 472 4429 2036 4514">
     <span class='ocr_line' id='line_1_90' title="bbox 472 4429 2036 4514; baseline 0.013 -31"><span class='ocrx_word' id='word_1_604' title='bbox 472 4429 585 4484; x_wconf 87' lang='lat' dir='ltr'><strong>Cur</strong></span> <span class='ocrx_word' id='word_1_605' title='bbox 615 4443 794 4488; x_wconf 84' lang='lat' dir='ltr'><strong>autem</strong></span> <span class='ocrx_word' id='word_1_606' title='bbox 833 4438 1002 4491; x_wconf 91' lang='lat' dir='ltr'><strong>semel</strong></span> <span class='ocrx_word' id='word_1_607' title='bbox 1051 4448 1216 4509; x_wconf 88' lang='lat' dir='ltr'><strong>atque</strong></span> <span class='ocrx_word' id='word_1_608' title='bbox 1264 4441 1508 4496; x_wconf 85' lang='lat' dir='ltr'><strong>iterum?</strong></span> <span class='ocrx_word' id='word_1_609' title='bbox 1555 4443 1601 4498; x_wconf 93' lang='lat' dir='ltr'><strong>si</strong></span> <span class='ocrx_word' id='word_1_610' title='bbox 1637 4443 1726 4498; x_wconf 88' lang='lat' dir='ltr'><strong>Dei</strong></span> <span class='ocrx_word' id='word_1_611' title='bbox 1779 4448 2036 4514; x_wconf 69' lang='lat' dir='ltr'><strong>potentiae</strong></span> 
     </span>
    </p>
   </div>
   <div class='ocr_carea' id='block_1_91' title="bbox 2161 4429 3726 4515">
    <p class='ocr_par' dir='ltr' id='par_1_91' title="bbox 2161 4445 3726 4515">
     <span class='ocr_line' id='line_1_91' title="bbox 2161 4445 3726 4515; baseline -0.002 -15"><span class='ocrx_word' id='word_1_612' title='bbox 2161 4448 2269 4513; x_wconf 83' lang='grc' dir='ltr'>δίς.</span> <span class='ocrx_word' id='word_1_613' title='bbox 2306 4448 2402 4500; x_wconf 75' lang='grc' dir='ltr'><strong>Διὰ</strong></span> <span class='ocrx_word' id='word_1_614' title='bbox 2447 4447 2502 4499; x_wconf 86' lang='grc' dir='ltr'><strong>τί</strong></span> <span class='ocrx_word' id='word_1_615' title='bbox 2559 4447 2704 4512; x_wconf 82' lang='grc' dir='ltr'>ἆπαξ</span> <span class='ocrx_word' id='word_1_616' title='bbox 2745 4447 2840 4498; x_wconf 68' lang='grc' dir='ltr'><strong>καὶ</strong></span> <span class='ocrx_word' id='word_1_617' title='bbox 2877 4447 2985 4509; x_wconf 86' lang='grc' dir='ltr'>δίς;</span> <span class='ocrx_word' id='word_1_618' title='bbox 3034 4445 3095 4498; x_wconf 86' lang='grc' dir='ltr'><strong>Εἰ</strong></span> <span class='ocrx_word' id='word_1_619' title='bbox 3143 4446 3376 4515; x_wconf 84' lang='grc' dir='ltr'>δυνάμει</span> <span class='ocrx_word' id='word_1_620' title='bbox 3430 4446 3563 4499; x_wconf 79' lang='grc' dir='ltr'>Θεοῦ</span> <span class='ocrx_word' id='word_1_621' title='bbox 3612 4447 3726 4498; x_wconf 82' lang='grc' dir='ltr'><strong>ὑπ-</strong></span> 
     </span>
    </p>
   </div>
   <div class='ocr_carea' id='block_1_92' title="bbox 471 4524 2050 4606">
    <p class='ocr_par' dir='ltr' id='par_1_92' title="bbox 471 4524 2050 4606">
     <span class='ocr_line' id='line_1_92' title="bbox 471 4524 2050 4606; baseline 0.014 -33"><span class='ocrx_word' id='word_1_622' title='bbox 471 4524 816 4592; x_wconf 86' lang='lat' dir='ltr'><strong>ohsequitur,</strong></span> <span class='ocrx_word' id='word_1_623' title='bbox 840 4528 972 4596; x_wconf 90' lang='lat' dir='ltr'><strong>quid</strong></span> <span class='ocrx_word' id='word_1_624' title='bbox 1001 4544 1224 4586; x_wconf 86' lang='lat' dir='ltr'><strong>necesse</strong></span> <span class='ocrx_word' id='word_1_625' title='bbox 1257 4531 1422 4587; x_wconf 89' lang='lat' dir='ltr'><strong>fuerit</strong></span> <span class='ocrx_word' id='word_1_626' title='bbox 1452 4535 1695 4590; x_wconf 88' lang='lat' dir='ltr'><strong>secundo</strong></span> <span class='ocrx_word' id='word_1_627' title='bbox 1719 4541 2050 4606; x_wconf 85' lang='lat' dir='ltr'><strong>percutere?</strong></span> 
     </span>
    </p>
   </div>
   <div class='ocr_carea' id='block_1_93' title="bbox 474 4611 2042 4695">
    <p class='ocr_par' dir='ltr' id='par_1_93' title="bbox 474 4611 2042 4695">
     <span class='ocr_line' id='line_1_93' title="bbox 474 4611 2042 4695; baseline 0.015 -32"><span class='ocrx_word' id='word_1_628' title='bbox 474 4611 570 4665; x_wconf 91' lang='lat' dir='ltr'><strong>Sin</strong></span> <span class='ocrx_word' id='word_1_629' title='bbox 615 4623 794 4668; x_wconf 90' lang='lat' dir='ltr'><strong>autem</strong></span> <span class='ocrx_word' id='word_1_630' title='bbox 828 4617 948 4670; x_wconf 87' lang='lat' dir='ltr'><strong>sine</strong></span> <span class='ocrx_word' id='word_1_631' title='bbox 980 4620 1182 4675; x_wconf 83' lang='lat' dir='ltr'><strong>virtute</strong></span> <span class='ocrx_word' id='word_1_632' title='bbox 1210 4621 1304 4677; x_wconf 86' lang='lat' dir='ltr'><strong>Dei</strong></span> <span class='ocrx_word' id='word_1_633' title='bbox 1345 4625 1608 4694; x_wconf 89' lang='lat' dir='ltr'><strong>percutit,</strong></span> <span class='ocrx_word' id='word_1_634' title='bbox 1646 4643 1747 4682; x_wconf 89' lang='lat' dir='ltr'><strong>nec</strong></span> <span class='ocrx_word' id='word_1_635' title='bbox 1777 4633 2042 4695; x_wconf 87' lang='lat' dir='ltr'><strong>secunda,</strong></span> 
     </span>
    </p>
   </div>
   <div class='ocr_carea' id='block_1_94' title="bbox 478 4703 2048 4784">
    <p class='ocr_par' dir='ltr' id='par_1_94' title="bbox 478 4703 2048 4784">
     <span class='ocr_line' id='line_1_94' title="bbox 478 4703 2048 4784; baseline 0.015 -30"><span class='ocrx_word' id='word_1_636' title='bbox 478 4717 580 4756; x_wconf 83' lang='lat' dir='ltr'><strong>nec</strong></span> <span class='ocrx_word' id='word_1_637' title='bbox 630 4703 862 4770; x_wconf 88' lang='lat' dir='ltr'><strong>decima,</strong></span> <span class='ocrx_word' id='word_1_638' title='bbox 913 4721 1014 4762; x_wconf 91' lang='lat' dir='ltr'><strong>nec</strong></span> <span class='ocrx_word' id='word_1_639' title='bbox 1059 4713 1359 4767; x_wconf 87' lang='lat' dir='ltr'><strong>centesima</strong></span> <span class='ocrx_word' id='word_1_640' title='bbox 1418 4718 1705 4784; x_wconf 90' lang='lat' dir='ltr'><strong>percussio</strong></span> <span class='ocrx_word' id='word_1_641' title='bbox 1739 4718 2048 4776; x_wconf 72' lang='lat' dir='ltr'><strong>infecundae</strong></span> 
     </span>
    </p>
   </div>
   <div class='ocr_carea' id='block_1_95' title="bbox 476 4793 2047 4884">
    <p class='ocr_par' dir='ltr' id='par_1_95' title="bbox 476 4793 2047 4884">
     <span class='ocr_line' id='line_1_95' title="bbox 476 4793 2047 4884; baseline 0.016 -41"><span class='ocrx_word' id='word_1_642' title='bbox 476 4799 688 4847; x_wconf 69' lang='lat' dir='ltr'><strong>natura:</strong></span> <span class='ocrx_word' id='word_1_643' title='bbox 724 4793 1114 4854; x_wconf 86' lang='lat' dir='ltr'><strong>fecunditatem</strong></span> <span class='ocrx_word' id='word_1_644' title='bbox 1151 4804 1329 4870; x_wconf 92' lang='lat' dir='ltr'><strong>possit</strong></span> <span class='ocrx_word' id='word_1_645' title='bbox 1358 4805 1569 4862; x_wconf 89' lang='lat' dir='ltr'><strong>indere.</strong></span> <span class='ocrx_word' id='word_1_646' title='bbox 1601 4807 1889 4879; x_wconf 90' lang='lat' dir='ltr'><strong>Siquidem</strong></span> <span class='ocrx_word' id='word_1_647' title='bbox 1914 4828 2047 4884; x_wconf 82' lang='lat' dir='ltr'><strong>ergo</strong></span> 
     </span>
    </p>
   </div>
   <div class='ocr_carea' id='block_1_96' title="bbox 475 4886 2048 4969">
    <p class='ocr_par' dir='ltr' id='par_1_96' title="bbox 475 4886 2048 4969">
     <span class='ocr_line' id='line_1_96' title="bbox 475 4886 2048 4969; baseline 0.015 -33"><span class='ocrx_word' id='word_1_648' title='bbox 475 4897 683 4938; x_wconf 86' lang='lat' dir='ltr'><strong>merum</strong></span> <span class='ocrx_word' id='word_1_649' title='bbox 717 4887 806 4940; x_wconf 91' lang='lat' dir='ltr'><strong>Dei</strong></span> <span class='ocrx_word' id='word_1_650' title='bbox 837 4886 1089 4944; x_wconf 79' lang='lat' dir='ltr'><strong>eﬂ&#39;ectum</strong></span> <span class='ocrx_word' id='word_1_651' title='bbox 1136 4891 1260 4959; x_wconf 87' lang='lat' dir='ltr'><strong>fuit,</strong></span> <span class='ocrx_word' id='word_1_652' title='bbox 1295 4911 1398 4951; x_wconf 89' lang='lat' dir='ltr'><strong>nec</strong></span> <span class='ocrx_word' id='word_1_653' title='bbox 1439 4901 1758 4969; x_wconf 86' lang='lat' dir='ltr'><strong>mysterium</strong></span> <span class='ocrx_word' id='word_1_654' title='bbox 1801 4905 2048 4959; x_wconf 85' lang='lat' dir='ltr'><strong>contine-</strong></span> 
     </span>
    </p>
   </div>
   <div class='ocr_carea' id='block_1_97' title="bbox 475 4974 2043 5065">
    <p class='ocr_par' dir='ltr' id='par_1_97' title="bbox 475 4974 2043 5065">
     <span class='ocr_line' id='line_1_97' title="bbox 475 4974 2043 5065; baseline 0.016 -38"><span class='ocrx_word' id='word_1_655' title='bbox 475 4974 586 5038; x_wconf 83' lang='lat' dir='ltr'><strong>hat,</strong></span> <span class='ocrx_word' id='word_1_656' title='bbox 624 4978 791 5032; x_wconf 86' lang='lat' dir='ltr'><strong>semel</strong></span> <span class='ocrx_word' id='word_1_657' title='bbox 841 4983 1188 5050; x_wconf 88' lang='lat' dir='ltr'><strong>percussisse</strong></span> <span class='ocrx_word' id='word_1_658' title='bbox 1246 4996 1332 5042; x_wconf 86' lang='lat' dir='ltr'><strong>sat</strong></span> <span class='ocrx_word' id='word_1_659' title='bbox 1384 4999 1520 5055; x_wconf 90' lang='lat' dir='ltr'><strong>erat,</strong></span> <span class='ocrx_word' id='word_1_660' title='bbox 1575 4991 1802 5062; x_wconf 79' lang='lat' dir='ltr'><strong>simplex</strong></span> <span class='ocrx_word' id='word_1_661' title='bbox 1856 5005 2043 5065; x_wconf 89' lang='lat' dir='ltr'><strong>nutus,</strong></span> 
     </span>
    </p>
   </div>
   <div class='ocr_carea' id='block_1_98' title="bbox 474 5067 2046 5155">
    <p class='ocr_par' dir='ltr' id='par_1_98' title="bbox 474 5067 2046 5155">
     <span class='ocr_line' id='line_1_98' title="bbox 474 5067 2046 5155; baseline 0.016 -39"><span class='ocrx_word' id='word_1_662' title='bbox 474 5067 700 5120; x_wconf 82' lang='lat' dir='ltr'><strong>verbum</strong></span> <span class='ocrx_word' id='word_1_663' title='bbox 742 5085 910 5124; x_wconf 91' lang='lat' dir='ltr'><strong>unum</strong></span> <span class='ocrx_word' id='word_1_664' title='bbox 944 5073 1273 5132; x_wconf 75' lang='lat' dir='ltr'><strong>sufﬁciebat.</strong></span> <span class='ocrx_word' id='word_1_665' title='bbox 1313 5079 1462 5134; x_wconf 91' lang='lat' dir='ltr'><strong>lstud</strong></span> <span class='ocrx_word' id='word_1_666' title='bbox 1500 5082 1658 5150; x_wconf 89' lang='lat' dir='ltr'><strong>plane</strong></span> <span class='ocrx_word' id='word_1_667' title='bbox 1688 5085 1954 5155; x_wconf 86' lang='lat' dir='ltr'><strong>contigit,</strong></span> <span class='ocrx_word' id='word_1_668' title='bbox 1985 5096 2046 5143; x_wconf 91' lang='lat' dir='ltr'><strong>ut</strong></span> 
     </span>
    </p>
   </div>
   <div class='ocr_carea' id='block_1_99' title="bbox 475 5155 2044 5246">
    <p class='ocr_par' dir='ltr' id='par_1_99' title="bbox 475 5155 2044 5246">
     <span class='ocr_line' id='line_1_99' title="bbox 475 5155 2044 5246; baseline 0.018 -41"><span class='ocrx_word' id='word_1_669' title='bbox 475 5155 658 5210; x_wconf 80' lang='lat' dir='ltr'><strong>crucis</strong></span> <span class='ocrx_word' id='word_1_670' title='bbox 719 5155 1010 5228; x_wconf 84' lang='lat' dir='ltr'><strong>imaginem</strong></span> <span class='ocrx_word' id='word_1_671' title='bbox 1071 5167 1450 5236; x_wconf 63' lang='lat' dir='ltr'><strong>prtesignaret.</strong></span> <span class='ocrx_word' id='word_1_672' title='bbox 1505 5170 1800 5237; x_wconf 82' lang='lat' dir='ltr'><strong>Percussit,</strong></span> <span class='ocrx_word' id='word_1_673' title='bbox 1848 5175 2044 5246; x_wconf 92' lang='lat' dir='ltr'><strong>inquit,</strong></span> 
     </span>
    </p>
   </div>
   <div class='ocr_carea' id='block_1_100' title="bbox 475 5247 2044 5325">
    <p class='ocr_par' dir='ltr' id='par_1_100' title="bbox 475 5247 2044 5325">
     <span class='ocr_line' id='line_1_100' title="bbox 475 5247 2044 5325; baseline 0.016 -29"><span class='ocrx_word' id='word_1_674' title='bbox 475 5247 634 5299; x_wconf 77' lang='lat' dir='ltr'><strong>semel</strong></span> <span class='ocrx_word' id='word_1_675' title='bbox 661 5256 712 5302; x_wconf 77' lang='lat' dir='ltr'><strong>et</strong></span> <span class='ocrx_word' id='word_1_676' title='bbox 736 5247 842 5316; x_wconf 83' lang='lat' dir='ltr'><strong>bis,</strong></span> <span class='ocrx_word' id='word_1_677' title='bbox 884 5269 990 5308; x_wconf 90' lang='lat' dir='ltr'><strong>non</strong></span> <span class='ocrx_word' id='word_1_678' title='bbox 1031 5256 1221 5310; x_wconf 89' lang='lat' dir='ltr'><strong>eodem</strong></span> <span class='ocrx_word' id='word_1_679' title='bbox 1267 5257 1455 5325; x_wconf 90' lang='lat' dir='ltr'><strong>ductu,</strong></span> <span class='ocrx_word' id='word_1_680' title='bbox 1503 5262 1596 5316; x_wconf 89' lang='lat' dir='ltr'><strong>sed</strong></span> <span class='ocrx_word' id='word_1_681' title='bbox 1630 5270 1690 5316; x_wconf 91' lang='lat' dir='ltr'><strong>ut</strong></span> <span class='ocrx_word' id='word_1_682' title='bbox 1717 5265 1904 5321; x_wconf 88' lang='lat' dir='ltr'><strong>crucis</strong></span> <span class='ocrx_word' id='word_1_683' title='bbox 1932 5265 2044 5320; x_wconf 87' lang='lat' dir='ltr'><strong>for-</strong></span> 
     </span>
    </p>
   </div>
   <div class='ocr_carea' id='block_1_101' title="bbox 545 5422 1033 5491">
    <p class='ocr_par' dir='ltr' id='par_1_101' title="bbox 545 5422 1033 5491">
     <span class='ocr_line' id='line_1_101' title="bbox 545 5422 1033 5491; baseline 0.025 -17"><span class='ocrx_word' id='word_1_684' title='bbox 545 5422 592 5454; x_wconf 72' lang='lat'><em>“</em></span> <span class='ocrx_word' id='word_1_685' title='bbox 629 5422 790 5479; x_wconf 85' lang='lat' dir='ltr'><strong>Num.</strong></span> <span class='ocrx_word' id='word_1_686' title='bbox 828 5445 918 5491; x_wconf 80' lang='lat' dir='ltr'><strong>xx,</strong></span> <span class='ocrx_word' id='word_1_687' title='bbox 947 5430 1033 5487; x_wconf 79' lang='grc' dir='ltr'><strong>Μ.</strong></span> 
     </span>
    </p>
   </div>
   <div class='ocr_carea' id='block_1_102' title="bbox 2155 4533 3729 4604">
    <p class='ocr_par' dir='ltr' id='par_1_102' title="bbox 2155 4533 3729 4604">
     <span class='ocr_line' id='line_1_102' title="bbox 2155 4533 3729 4604; baseline -0.003 -14"><span class='ocrx_word' id='word_1_688' title='bbox 2155 4537 2364 4598; x_wconf 89' lang='grc' dir='ltr'>ακούει,</span> <span class='ocrx_word' id='word_1_689' title='bbox 2398 4534 2481 4597; x_wconf 89' lang='grc' dir='ltr'><strong>τίς</strong></span> <span class='ocrx_word' id='word_1_690' title='bbox 2537 4533 2695 4604; x_wconf 87' lang='grc' dir='ltr'>χρεία</span> <span class='ocrx_word' id='word_1_691' title='bbox 2741 4534 3004 4604; x_wconf 83' lang='grc' dir='ltr'>δευτέρας</span> <span class='ocrx_word' id='word_1_692' title='bbox 3053 4533 3308 4604; x_wconf 81' lang='grc' dir='ltr'>πληγῆς;</span> <span class='ocrx_word' id='word_1_693' title='bbox 3361 4535 3425 4586; x_wconf 76' lang='lat' dir='ltr'><strong>Ei</strong></span> <span class='ocrx_word' id='word_1_694' title='bbox 3471 4534 3530 4587; x_wconf 83' lang='grc' dir='ltr'>δὲ</span> <span class='ocrx_word' id='word_1_695' title='bbox 3569 4533 3729 4596; x_wconf 71' lang='grc' dir='ltr'>ἐκτὸς</span> 
     </span>
    </p>
   </div>
   <div class='ocr_carea' id='block_1_103' title="bbox 2155 4620 3729 4696">
    <p class='ocr_par' dir='ltr' id='par_1_103' title="bbox 2155 4620 3729 4696">
     <span class='ocr_line' id='line_1_103' title="bbox 2155 4620 3729 4696; baseline -0.001 -17"><span class='ocrx_word' id='word_1_696' title='bbox 2155 4625 2434 4696; x_wconf 82' lang='grc' dir='ltr'>δυνάμεως</span> <span class='ocrx_word' id='word_1_697' title='bbox 2464 4620 2594 4678; x_wconf 83' lang='grc' dir='ltr'>Θεοῦ</span> <span class='ocrx_word' id='word_1_698' title='bbox 2635 4623 2844 4688; x_wconf 84' lang='grc' dir='ltr'>τύπτει,</span> <span class='ocrx_word' id='word_1_699' title='bbox 2879 4625 2941 4676; x_wconf 83' lang='grc' dir='ltr'><strong>ού</strong></span> <span class='ocrx_word' id='word_1_700' title='bbox 2970 4624 3222 4687; x_wconf 84' lang='grc' dir='ltr'>δευτέρα,</span> <span class='ocrx_word' id='word_1_701' title='bbox 3261 4625 3324 4677; x_wconf 85' lang='grc' dir='ltr'><strong>ού</strong></span> <span class='ocrx_word' id='word_1_702' title='bbox 3351 4625 3572 4692; x_wconf 82' lang='grc' dir='ltr'>δεκάτη,</span> <span class='ocrx_word' id='word_1_703' title='bbox 3601 4624 3729 4678; x_wconf 78' lang='grc' dir='ltr'>οὐδὲ</span> 
     </span>
    </p>
   </div>
   <div class='ocr_carea' id='block_1_104' title="bbox 2155 4713 3730 4786">
    <p class='ocr_par' dir='ltr' id='par_1_104' title="bbox 2155 4713 3730 4786">
     <span class='ocr_line' id='line_1_104' title="bbox 2155 4713 3730 4786; baseline -0.003 -16"><span class='ocrx_word' id='word_1_704' title='bbox 2155 4715 2420 4786; x_wconf 79' lang='grc' dir='ltr'>ὲκατοστὴ</span> <span class='ocrx_word' id='word_1_705' title='bbox 2458 4714 2638 4785; x_wconf 81' lang='grc' dir='ltr'>πληγὴ</span> <span class='ocrx_word' id='word_1_706' title='bbox 2662 4714 2948 4786; x_wconf 84' lang='grc' dir='ltr'>δυνήσεται</span> <span class='ocrx_word' id='word_1_707' title='bbox 2990 4713 3266 4768; x_wconf 72' lang='grc' dir='ltr'>ἐπιθεῖναι</span> <span class='ocrx_word' id='word_1_708' title='bbox 3297 4717 3364 4786; x_wconf 80' lang='grc' dir='ltr'>τῇ</span> <span class='ocrx_word' id='word_1_709' title='bbox 3405 4715 3583 4784; x_wconf 83' lang='grc' dir='ltr'>ἁτόνῳ</span> <span class='ocrx_word' id='word_1_710' title='bbox 3616 4714 3730 4782; x_wconf 80' lang='grc' dir='ltr'>φύ-</span> 
     </span>
    </p>
   </div>
   <div class='ocr_carea' id='block_1_105' title="bbox 2156 4801 3732 4879">
    <p class='ocr_par' dir='ltr' id='par_1_105' title="bbox 2156 4801 3732 4879">
     <span class='ocr_line' id='line_1_105' title="bbox 2156 4801 3732 4879; baseline -0.003 -18"><span class='ocrx_word' id='word_1_711' title='bbox 2156 4826 2239 4861; x_wconf 86' lang='grc' dir='ltr'><strong>σει</strong></span> <span class='ocrx_word' id='word_1_712' title='bbox 2265 4809 2489 4878; x_wconf 84' lang='grc' dir='ltr'>γόνιμον</span> <span class='ocrx_word' id='word_1_713' title='bbox 2521 4805 2700 4876; x_wconf 78' lang='grc' dir='ltr'>φύσιν.</span> <span class='ocrx_word' id='word_1_714' title='bbox 2731 4807 2793 4860; x_wconf 88' lang='grc' dir='ltr'>Εί</span> <span class='ocrx_word' id='word_1_715' title='bbox 2827 4807 2925 4879; x_wconf 80' lang='grc' dir='ltr'>μὲν</span> <span class='ocrx_word' id='word_1_716' title='bbox 2945 4801 3038 4860; x_wconf 81' lang='grc' dir='ltr'>οὖν</span> <span class='ocrx_word' id='word_1_717' title='bbox 3068 4805 3206 4859; x_wconf 78' lang='grc' dir='ltr'>Θεοῦ</span> <span class='ocrx_word' id='word_1_718' title='bbox 3241 4807 3303 4860; x_wconf 86' lang='grc' dir='ltr'>τὸ</span> <span class='ocrx_word' id='word_1_719' title='bbox 3327 4806 3487 4878; x_wconf 76' lang='grc' dir='ltr'>ἔργον</span> <span class='ocrx_word' id='word_1_720' title='bbox 3514 4805 3732 4870; x_wconf 79' lang='grc' dir='ltr'>ἁπλῶς,</span> 
     </span>
    </p>
   </div>
   <div class='ocr_carea' id='block_1_106' title="bbox 2153 4897 3734 4969">
    <p class='ocr_par' dir='ltr' id='par_1_106' title="bbox 2153 4897 3734 4969">
     <span class='ocr_line' id='line_1_106' title="bbox 2153 4897 3734 4969; baseline -0.002 -17"><span class='ocrx_word' id='word_1_721' title='bbox 2153 4899 2247 4954; x_wconf 77' lang='grc' dir='ltr'>καὶ</span> <span class='ocrx_word' id='word_1_722' title='bbox 2277 4899 2403 4953; x_wconf 77' lang='grc' dir='ltr'>ἄνευ</span> <span class='ocrx_word' id='word_1_723' title='bbox 2440 4897 2737 4968; x_wconf 86' lang='grc' dir='ltr'>μυστηρίου</span> <span class='ocrx_word' id='word_1_724' title='bbox 2775 4897 3033 4968; x_wconf 84' lang='grc' dir='ltr'>σταυροῦ,</span> <span class='ocrx_word' id='word_1_725' title='bbox 3074 4898 3240 4969; x_wconf 73' lang='grc' dir='ltr'>ἢρκει</span> <span class='ocrx_word' id='word_1_726' title='bbox 3277 4898 3338 4950; x_wconf 79' lang='grc' dir='ltr'>τὸ</span> <span class='ocrx_word' id='word_1_727' title='bbox 3368 4897 3534 4962; x_wconf 69' lang='grc' dir='ltr'>ἅπαξ,</span> <span class='ocrx_word' id='word_1_728' title='bbox 3564 4897 3734 4966; x_wconf 68' lang='grc' dir='ltr'>ἤρκει</span> 
     </span>
    </p>
   </div>
   <div class='ocr_carea' id='block_1_107' title="bbox 2152 4987 3734 5061">
    <p class='ocr_par' dir='ltr' id='par_1_107' title="bbox 2152 4987 3734 5061">
     <span class='ocr_line' id='line_1_107' title="bbox 2152 4987 3734 5061; baseline -0.003 -16"><span class='ocrx_word' id='word_1_729' title='bbox 2152 4991 2245 5045; x_wconf 81' lang='grc' dir='ltr'>καὶ</span> <span class='ocrx_word' id='word_1_730' title='bbox 2275 4988 2472 5060; x_wconf 82' lang='grc' dir='ltr'>νεῦμα,</span> <span class='ocrx_word' id='word_1_731' title='bbox 2494 4989 2654 5061; x_wconf 71' lang='grc' dir='ltr'>ἤρκει</span> <span class='ocrx_word' id='word_1_732' title='bbox 2680 4988 2775 5042; x_wconf 71' lang='grc' dir='ltr'>καὶ</span> <span class='ocrx_word' id='word_1_733' title='bbox 2800 4987 2976 5056; x_wconf 85' lang='grc' dir='ltr'>λόγος.</span> <span class='ocrx_word' id='word_1_734' title='bbox 3009 4988 3152 5041; x_wconf 82' lang='grc' dir='ltr'>Ἀλλ’</span> <span class='ocrx_word' id='word_1_735' title='bbox 3182 4988 3270 5042; x_wconf 79' lang='grc' dir='ltr'>ἵνα</span> <span class='ocrx_word' id='word_1_736' title='bbox 3297 4988 3396 5059; x_wconf 80' lang='grc' dir='ltr'><strong>τὴν</strong></span> <span class='ocrx_word' id='word_1_737' title='bbox 3421 4989 3606 5042; x_wconf 77' lang='grc' dir='ltr'>εἰκόνα</span> <span class='ocrx_word' id='word_1_738' title='bbox 3628 4987 3734 5040; x_wconf 80' lang='grc' dir='ltr'><strong>τοῦ</strong></span> 
     </span>
    </p>
   </div>
   <div class='ocr_carea' id='block_1_108' title="bbox 2153 5076 3732 5151">
    <p class='ocr_par' dir='ltr' id='par_1_108' title="bbox 2153 5076 3732 5151">
     <span class='ocr_line' id='line_1_108' title="bbox 2153 5076 3732 5151; baseline -0.002 -18"><span class='ocrx_word' id='word_1_739' title='bbox 2153 5080 2389 5151; x_wconf 89' lang='grc' dir='ltr'>σταυροῦ</span> <span class='ocrx_word' id='word_1_740' title='bbox 2443 5077 2820 5150; x_wconf 77' lang='grc' dir='ltr'>προτυπώσῃ,</span> <span class='ocrx_word' id='word_1_741' title='bbox 2870 5078 3027 5132; x_wconf 86' lang='grc' dir='ltr'>τοῦτο</span> <span class='ocrx_word' id='word_1_742' title='bbox 3085 5078 3319 5146; x_wconf 86' lang='grc' dir='ltr'>γίνεται.</span> <span class='ocrx_word' id='word_1_743' title='bbox 3388 5076 3732 5140; x_wconf 76' lang='grc' dir='ltr'>Ἐπάταξδ,</span> 
     </span>
    </p>
   </div>
   <div class='ocr_carea' id='block_1_109' title="bbox 2151 5169 3736 5242">
    <p class='ocr_par' dir='ltr' id='par_1_109' title="bbox 2151 5169 3736 5242">
     <span class='ocr_line' id='line_1_109' title="bbox 2151 5169 3736 5242; baseline -0.001 -17"><span class='ocrx_word' id='word_1_744' title='bbox 2151 5173 2306 5242; x_wconf 76' lang='grc' dir='ltr'>φησὶ,</span> <span class='ocrx_word' id='word_1_745' title='bbox 2334 5169 2596 5238; x_wconf 71' lang='grc' dir='ltr'>Μωῦονῆς</span> <span class='ocrx_word' id='word_1_746' title='bbox 2623 5169 2723 5224; x_wconf 80' lang='grc' dir='ltr'>καὶ</span> <span class='ocrx_word' id='word_1_747' title='bbox 2751 5171 2914 5238; x_wconf 79' lang='grc' dir='ltr'><strong>ἅπαξ</strong></span> <span class='ocrx_word' id='word_1_748' title='bbox 2949 5170 3048 5225; x_wconf 72' lang='grc' dir='ltr'><strong>καί</strong></span> <span class='ocrx_word' id='word_1_749' title='bbox 3072 5170 3186 5239; x_wconf 71' lang='grc' dir='ltr'>δὶς,</span> <span class='ocrx_word' id='word_1_750' title='bbox 3215 5172 3276 5226; x_wconf 81' lang='grc' dir='ltr'>οὐ</span> <span class='ocrx_word' id='word_1_751' title='bbox 3316 5170 3461 5225; x_wconf 80' lang='grc' dir='ltr'>κατὰ</span> <span class='ocrx_word' id='word_1_752' title='bbox 3492 5170 3556 5223; x_wconf 83' lang='grc' dir='ltr'>τὸ</span> <span class='ocrx_word' id='word_1_753' title='bbox 3590 5169 3736 5223; x_wconf 74' lang='grc' dir='ltr'>αὐτὸ</span> 
     </span>
    </p>
   </div>
   <div class='ocr_carea' id='block_1_110' title="bbox 2154 5260 3734 5334">
    <p class='ocr_par' dir='ltr' id='par_1_110' title="bbox 2154 5260 3734 5334">
     <span class='ocr_line' id='line_1_110' title="bbox 2154 5260 3734 5334; baseline -0.002 -18"><span class='ocrx_word' id='word_1_754' title='bbox 2154 5264 2362 5334; x_wconf 82' lang='grc' dir='ltr'>σχῆμα,</span> <span class='ocrx_word' id='word_1_755' title='bbox 2383 5261 2518 5316; x_wconf 77' lang='grc' dir='ltr'>ἀλλὰ</span> <span class='ocrx_word' id='word_1_756' title='bbox 2539 5260 2929 5334; x_wconf 84' lang='grc' dir='ltr'>σταυροτύπως</span> <span class='ocrx_word' id='word_1_757' title='bbox 2948 5263 3199 5334; x_wconf 82' lang='grc' dir='ltr'>γράφων,</span> <span class='ocrx_word' id='word_1_758' title='bbox 3218 5263 3306 5317; x_wconf 77' lang='grc' dir='ltr'>ἵνα</span> <span class='ocrx_word' id='word_1_759' title='bbox 3327 5262 3424 5317; x_wconf 77' lang='grc' dir='ltr'>καὶ</span> <span class='ocrx_word' id='word_1_760' title='bbox 3455 5264 3490 5334; x_wconf 81' lang='grc' dir='ltr'>ή</span> <span class='ocrx_word' id='word_1_761' title='bbox 3519 5260 3734 5332; x_wconf 75' lang='grc' dir='ltr'>ἄψυχος</span> 
     </span>
    </p>
   </div>
   <div class='ocr_carea' id='block_1_111' title="bbox 1983 5564 2211 5626">
    <p class='ocr_par' dir='ltr' id='par_1_111' title="bbox 1983 5564 2211 5626">
     <span class='ocr_line' id='line_1_111' title="bbox 1983 5564 2211 5626; baseline 0.022 -5"><span class='ocrx_word' id='word_1_762' title='bbox 1983 5564 2211 5626; x_wconf 71' lang='grc' dir='ltr'><strong>ΝΟΤιλΕ.</strong></span> 
     </span>
    </p>
   </div>
   <div class='ocr_carea' id='block_1_112' title="bbox 551 5663 3635 5762">
    <p class='ocr_par' dir='ltr' id='par_1_112' title="bbox 551 5663 3635 5762">
     <span class='ocr_line' id='line_1_112' title="bbox 551 5663 3635 5762; baseline 0.008 -44"><span class='ocrx_word' id='word_1_763' title='bbox 551 5663 667 5737; x_wconf 77' lang='lat'><strong>(38)</strong></span> <span class='ocrx_word' id='word_1_764' title='bbox 715 5668 1071 5730; x_wconf 75' lang='lat' dir='ltr'><strong>Conibctisius</strong></span> <span class='ocrx_word' id='word_1_765' title='bbox 1107 5675 1246 5730; x_wconf 87' lang='lat' dir='ltr'><strong>hanc</strong></span> <span class='ocrx_word' id='word_1_766' title='bbox 1278 5676 1445 5732; x_wconf 86' lang='lat' dir='ltr'><strong>edidit</strong></span> <span class='ocrx_word' id='word_1_767' title='bbox 1482 5681 1782 5739; x_wconf 89' lang='lat' dir='ltr'><strong>orationem</strong></span> <span class='ocrx_word' id='word_1_768' title='bbox 1818 5693 1941 5756; x_wconf 89' lang='lat' dir='ltr'><strong>post</strong></span> <span class='ocrx_word' id='word_1_769' title='bbox 1978 5685 2184 5757; x_wconf 91' lang='lat' dir='ltr'><strong>aliquot</strong></span> <span class='ocrx_word' id='word_1_770' title='bbox 2215 5688 2476 5759; x_wconf 87' lang='lat' dir='ltr'><strong>opuscula</strong></span> <span class='ocrx_word' id='word_1_771' title='bbox 2513 5690 2688 5748; x_wconf 86' lang='lat' dir='ltr'><strong>sancti</strong></span> <span class='ocrx_word' id='word_1_772' title='bbox 2718 5690 3268 5762; x_wconf 85' lang='lat' dir='ltr'><strong>Chrysostomi&#39;in-8,</strong></span> <span class='ocrx_word' id='word_1_773' title='bbox 3299 5703 3445 5745; x_wconf 83' lang='lat' dir='ltr'><strong>anno</strong></span> <span class='ocrx_word' id='word_1_774' title='bbox 3475 5683 3635 5743; x_wconf 79' lang='lat' dir='ltr'><strong>l65’6.</strong></span> 
     </span>
    </p>
   </div>
  </div>
