3950 6154
440 228 578 295 1411
1639 223 1707 293 Si.
1747 231 1990 294 JOANN

2102 233 2532 300 DAMASCENI
3592 259 3618 313 Ι
3636 261 3655 322 l
3671 262 3732 327 l2

434 345 705 415 imagines
717 358 941 414 quoque
959 343 1278 405 adoramus.
1298 341 1366 399 iis
1382 345 1754 401 accensendos
1783 345 1921 412 fore,
1940 362 1990 417 qi

2102 347 2361 412 ,είκόνας
2405 352 2856 422 προσκυνοῦντες,
2897 358 2970 423 ὡς
3011 362 3236 433 ἀψύχοις
3287 372 3727 441 προσευχόμενοι

433 433 752 490 simulacris
782 435 1046 488 inanimis
1073 435 1412 504 supplicant.
1447 434 1606 491 Absit
1643 438 1853 508 itaque,
1883 449 1945 493 ιιι
1973 439 2024 492 id

434 541 538 580 nos
567 525 1006 580 committamus.
1031 525 1168 578 Nam
1197 527 1467 596 quidquid
1495 537 1664 598 agunt
1697 529 2023 592 Christiani,

442 615 548 668 lide
580 623 862 683 pensatur,
894 623 948 668 et
974 612 1136 678 Deus,
1174 614 1268 684 qui
1300 615 1532 670 mendax
1568 631 1675 669 non
1703 627 1813 679 est,
1843 619 2024 672 virtu-

430 714 515 759 tes
561 711 848 772 operatur.
901 702 1022 757 Non
1049 705 1200 758 enim
1252 706 1306 758 in
1359 706 1690 774 quibusdam
1743 709 2024 765 coloribus

428 809 731 857 moramur.
762 793 882 860 sed,
915 795 1082 849 veluti
1121 795 1395 865 contingit
1428 796 1484 850 in
1527 801 2024 866 repraseutatione

428 887 643 951 litterae,
667 903 776 957 qua
807 887 952 942 aliud
993 887 1368 956 significatur,
1407 888 1560 941 illum
1589 891 1682 960 qui
1723 890 2021 948 invisibilis

425 986 531 1044 est,
564 978 619 1031 in
659 979 875 1048 pictura
910 976 1344 1046 conspicientes,
1381 986 1643 1047 tanquam
1687 989 2017 1048 praesentem

426 1069 742 1125 laudamus.
769 1069 883 1124 Nec
912 1069 962 1124 ei
997 1069 1300 1132 credimus,
1339 1069 1435 1137 qui
1472 1069 1617 1127 Deus
1652 1085 1762 1125 non
1797 1073 1891 1137 sit,
1923 1073 2017 1130 sed

425 1158 522 1227 qui
551 1174 680 1214 vere
722 1159 958 1214 exsistat
1003 1157 1144 1213 Deus
1175 1177 1188 1212 :
1225 1174 1408 1228 neque
1458 1160 1587 1214 item
1641 1164 1874 1229 sanctis,
1923 1165 2016 1234 qui

425 1253 605 1305 sancti
641 1267 750 1305 non
782 1252 915 1315 sint,
952 1250 1046 1306 sed
1076 1250 1170 1320 qui
1203 1253 1342 1304 tales
1389 1251 1552 1320 plane
1583 1254 1714 1321 sint,
1741 1263 1794 1310 et
1830 1259 2018 1311 vivant

425 1343 568 1411 apud
603 1342 800 1409 Deum;
833 1357 960 1396 cum
994 1341 1163 1396 etiam
1213 1341 1443 1410 spiritus
1472 1358 1663 1398 eorum
1697 1345 1768 1400 ob
1805 1350 2012 1403 sancti-

2133 434 2383 501 εἰδώλοις
2414 439 2872 514 λογισθησόμεθα.
2902 450 2991 520 Μὴ
3015 448 3112 506 οῦν
3143 434 3353 521 γένοιτο
3378 434 3536 530 ἡμᾶς
3562 434 3726 518 τοῦτο

2131 531 2329 585 ποιεῖν.
2363 533 2443 586 Τά
2470 535 2580 606 γάρ
2622 537 2731 589 τῶν
2781 541 3124 611 Χριστιανῶν
3164 549 3347 612 πιστίς
3383 553 3533 615 ἐστι,
3567 557 3667 608 καὶ
3694 557 3724 608 6

2129 619 2370 694 ἀψευδὴς
2407 626 2565 696 ἡμῶν
2598 628 2731 693 Θεὸς
2774 633 2992 704 ἐνεργεῖ
3031 637 3132 700 τὰς
3170 639 3450 710 δυνάμεις.
3487 646 3566 697 Ού
3611 648 3720 717 γὰρ

2128 712 2383 782 χροῖδίοις
2405 723 2454 778 η,
2488 716 2626 772 ἀλλά
2654 720 2712 772 ἐν
2742 721 3049 794 ὑπομνήσει
3079 727 3172 780 τοῦ
3203 732 3505 785 ἀντιτύπου
3533 712 3718 806 γράμ-

2129 821 2322 873 ματος,
2352 807 2591 878 ὁρῶντες
2614 810 2705 863 τὸν
2733 813 2965 883 ἀόρατον
2991 817 3078 871 διὰ
3117 821 3216 889 τῆς
3248 823 3541 895 ὀρωμένης
3575 845 3714 897 γρα-

2122 895 2249 964 φῆς,
2290 897 2368 961 ὡς
2406 901 2652 970 παρόντα
2707 903 3021 978 δοξάζομεν,
3053 911 3152 981 οὐχ
3193 911 3270 976 ὼς
3311 913 3389 984 μὴ
3433 915 3550 969 ὄντι
3593 895 3712 988 Θεῴ

2119 987 2474 1054 πιστεύοντες
2496 1007 2510 1021 ⁸
2543 993 2658 1046 ἀλλ’
2682 995 2758 1059 ὡς
2795 996 2907 1050 δντι
2934 999 3173 1070 ἀληθῶς,
3203 1001 3328 1056 οὔτε
3365 1008 3481 1070 τοῖς
3508 987 3706 1076 ἀγίοις,

2117 1079 2194 1144 ὡς
2227 1081 2303 1153 μὴ
2351 1080 2527 1150 οὖσιν,
2553 1085 2670 1139 ἀλλ’
2694 1088 2770 1152 ὡς
2799 1085 2936 1154 οὖσι,
2968 1093 3061 1146 καὶ
3091 1094 3227 1159 ζῶσι
3257 1097 3411 1167 παρά
3447 1099 3529 1170 τῷ
3562 1099 3702 1171 Θεῷ,

2117 1170 2210 1223 καὶ
2254 1173 2363 1224 τῶν
2413 1177 2742 1246 πνευμάτων
2775 1179 2979 1245 αὐτῶν,
3012 1184 3182 1252 ἁγίων
3211 1185 3381 1240 ὄντων
3415 1192 3512 1242 καὶ
3541 1191 3703 1245 δυνά-

2118 1277 2211 1331 μει
2237 1261 2376 1316 Θεοῦ
2410 1264 2753 1337 βοηθούντων
2788 1275 2900 1336 τοῖς
2946 1274 3140 1338 ἀξίοις,
3174 1277 3251 1341 ὡς
3280 1277 3559 1350 δεομένοις
3599 1284 3700 1336 αύο

2114 1369 2290 1408 των.»

424 1438 590 1484 tatem
625 1446 809 1498 suam,
842 1445 949 1502 qua
980 1431 1161 1486 divina
1210 1431 1415 1488 virtute
1458 1434 1685 1503 pollent,
1744 1437 1858 1496 illis
1908 1443 2002 1512 qui
2045 1444 2199 1518 digni
2229 1455 2362 1502 sunt
2387 1448 2748 1518 opitulentur,
2783 1462 2970 1524 utpote
3033 1459 3127 1527 qui
3168 1460 3412 1530 ipsorum
3486 1467 3696 1522 auxilio

423 1525 716 1594 indigeant.
763 1543 782 1577 ι

427 1615 1990 1714 A"‘"‘“"i-ﬁi€ﬁi€?§‘£‘i’ii-ﬁ'ﬁl§f’"ﬁff’%-Ef‘..Symm

2126 1630 2530 1714 ,Αζαστᾳσιρυ
2553 1631 3060 1714 ,ἀρχιεπιςκρπου
3112 1637 3490 1714 Ἀζτιρχείᾳςο
3539 1647 3694 1714 πρὸς

682 1687 983 1753 episcopum
1013 1687 1356 1752 Bostrorum,
1387 1688 1463 1743 De
1486 1687 1743 1749 Sabbata.

496 1894 513 1926 ι
538 1874 1008 1940 Quemadmodum
1033 1879 1179 1933 enim
1207 1881 1428 1938 absente
1454 1884 1808 1956 imperatore,
1833 1891 2006 1960 ipsius

420 1968 604 2038 imago
634 1967 923 2034 adoratur,
965 1981 1234 2040 praesente
1273 1988 1401 2029 vero
1433 1977 1734 2034 absurdum
1769 1998 2002 2053 prorsus

413 2066 520 2122 est,
567 2059 868 2128 exemplari
896 2062 1236 2129 posthabito,
1266 2063 1559 2135 imaginem
1596 2070 1866 2137 adorare;
1902 2090 2002 2130 nec

413 2159 618 2213 tamen,
673 2164 739 2204 eo
785 2150 934 2219 quod
985 2152 1076 2205 ille
1120 2168 1367 2222 praesens
1418 2158 1507 2221 sit,
1569 2171 1793 2231 propter
1837 2181 1998 2234 quem

411 2241 594 2310 imago
632 2241 856 2305 colitur,
907 2242 1117 2298 idcirco
1161 2245 1458 2316 imaginem
1506 2250 1680 2321 ipsam
1724 2254 1878 2309 nihili
1913 2257 1997 2310 l‘a-

409 2343 535 2384 cere
564 2343 1002 2387 consentaneum
1051 2333 1238 2390 fuerit.
1267 2334 1399 2393 Tale
1425 2340 1556 2409 quid
1591 2344 1841 2400 evenisse
1873 2361 1998 2400 reor

409 2419 559 2472 circa
592 2421 728 2489 legis
763 2423 1012 2476 umbram
1061 2424 1179 2479 sive
1215 2425 1456 2482 litteram
1506 2431 1671 2500 (hanc
1697 2435 1842 2487 enim
1874 2452 1994 2488 unt-

409 2509 560 2563 bram
595 2513 841 2566 nominat
877 2513 1221 2586 Apostolus).
1265 2519 1524 2584 Quandiu
1556 2523 1704 2576 enim
1737 2528 1989 2583 veritatis

405 2600 587 2667 gratia
629 2600 1094 2668 abscondebatur,
1143 2606 1347 2674 liguras
1401 2609 1579 2662 sancti
1625 2613 1988 2679 premebant;

403 2691 608 2759 quippe
639 2690 734 2760 qui
769 2691 1053 2745 veritatem
1083 2703 1347 2764 tanquam
1393 2698 1450 2752 in
1482 2701 1712 2768 speculo
1741 2714 1990 2758 contem-

403 2783 719 2852 plabautur.
753 2783 851 2838 Αει
877 2783 967 2837 ubi
993 2785 1194 2841 veritas
1224 2787 1452 2856 prodiit.
1483 2805 1699 2859 aequum
1735 2808 1840 2846 non
1865 2809 1988 2849 esse

401 2882 758 2936 censuerunt,
799 2881 860 2928 ut
887 2878 1193 2930 secundum
1233 2878 1437 2947 ﬁguras
1472 2883 1805 2948 viveremus,
1843 2901 1984 2954 quas

2182 1699 2432 1770 Συμεὼν
2459 1699 2800 1756 ἐπίσκοπον
2827 1705 3132 1775 Βόστρων,
3159 1699 3693 1777 ΠερΐτοῐίΣικέΒᾶἰ

2179 1787 2308 1826 του.

2185 1880 2205 1913 ι
2235 1862 2446 1934 Ὥσπερ
2475 1862 2606 1934 γὰρ,
2639 1864 2871 1928 ἀπόντος
2903 1871 3004 1936 μὶν
3034 1867 3314 1938 βασιλέως,
3340 1875 3374 1944 ὴ
3405 1875 3569 1930 εἰκὼν
3591 1880 3688 1932 αύ-

2103 1950 2202 2004 τοῦ
2249 1957 2684 2022 προσκυνεῖται,
2740 1956 3010 2026 παρόντος
3056 1958 3136 2024 δὲ,
3196 1960 3382 2017 λοιπὸν
3433 1972 3686 2038 περιττὸν

2102 2042 2476 2096 καταλιπόντα
2507 2045 2601 2097 τὸν
2628 2047 2990 2116 πρωτότυπον
3019 2057 3348 2120 προσκυνεῖν
3375 2059 3442 2127 τῇ
3470 2059 3644 2112 εἰκόνι
3668 2078 3681 2090 ·

2099 2133 2162 2186 ού
2202 2134 2330 2205 μὴν,
2373 2136 2500 2189 ἐπεὶ
2533 2139 2594 2191 ού
2637 2142 3026 2209 προσκυνεῖται
3056 2142 3146 2198 διά
3183 2146 3242 2198 τὸ
3276 2151 3532 2218 παρεῖναι
3567 2152 3684 2212 τὸν,

2096 2222 2166 2276 δι’
2185 2225 2246 2278 ὂν
2273 2231 2686 2296 προσκυνεῖται,
2709 2231 3078 2300 ἀτιμάζεσθαι
3097 2235 3267 2307 αὐτὴν
3291 2238 3371 2291 δεῖ
3394 2256 3408 2269 ·
3438 2242 3680 2295 τοιοῦτὺν
3705 2315 3713 2321 .

2094 2333 2148 2370 τι
2173 2318 2378 2388 νομίζω
2413 2321 2689 2392 συμϐῆναι
2723 2322 2854 2394 περὶ
2882 2323 2981 2394 τὴν
3011 2325 3107 2379 τοῦ
3148 2327 3314 2398 νόμου
3348 2331 3529 2396 σκιὰν,
3556 2335 3680 2404 ἤτοι

2093 2409 2156 2462 τὸ
2185 2411 2421 2481 γράμμα
2465 2414 2671 2482 (σκιὰν
2730 2414 2838 2486 γάρ
2882 2416 3044 2469 αὑτὸν
3069 2419 3225 2472 καλεῖ
3248 2421 3277 2472 6
3313 2422 3678 2496 Ἀπόστολος),

2107 2497 2222 2568 Ἐφ’
2249 2501 2372 2555 ὅσον
2397 2502 2506 2573 γὰρ
2551 2504 2876 2574 ἑταμιεύετο
2920 2507 3012 2560 τὸν
3043 2508 3238 2579 καιρὸν
3279 2512 3380 2582 τῆς
3418 2514 3681 2585 ἀληθείας

2089 2592 2123 2662 ή
2148 2592 2328 2663 χάρις,
2357 2594 2484 2657 τοὺς
2508 2595 2714 2660 τύπους
2744 2599 3009 2669 προεῖπον
3033 2607 3058 2635 ο
3080 2603 3129 2653 oi
3154 2601 3318 2670 ἅγιοι,
3343 2603 3677 2675 θεωροῦντες

2087 2685 2164 2748 ώς
2198 2687 2256 2738 ἐν
2291 2685 2542 2756 ἐσόπτρῳ
2571 2687 2670 2757 τὴν
2707 2689 3001 2759 ἀλήθειαν..
3019 2690 3311 2765 Ἐλθούσης
3336 2696 3392 2749 δέ
3421 2697 3520 2769 τῆς
3541 2699 3674 2773 ἀλη.

2087 2774 2259 2840 θείας,
2290 2776 2392 2846 ζῇν
2416 2779 2514 2846 μὲν
2545 2779 2688 2832 κατά
2722 2781 2848 2844 τοὺς
2871 2780 3075 2846 τύπους
3103 2785 3204 2837 ούκ
3246 2786 3499 2856 ἐνόμιζον
3533 2785 3676 2846 εἶναι

2086 2866 2272 2929 καλὸν,
2318 2868 2412 2919 καὶ
2456 2868 2668 2932 τούτοις
2710 2870 3024 2926 ἀκολουθεῖν
3069 2873 3172 2929 ἐτι.
3221 2876 3518 2945 Παρόντων
3561 2881 3675 2952 γὰρ

401 2964 666 3034 deinceps
692 2981 1068 3034 sequeremur.
1108 2968 1310 3023 Rerum
1341 2971 1488 3025 enim
1511 2977 1866 3041 praesentium
1890 2993 1984 3031 su-

2102 2953 2195 3006 εῶν
2230 2956 2597 3025 πραγμάτων,
2631 2958 2892 3026 παρέλκει
2916 2960 3102 3016 λοιπὸν
3122 2961 3150 3013 6
3169 2962 3337 3026 τύπος
3364 2965 3459 3018 τοῦ
3494 2969 3677 3039 πράγ-

399 3068 753 3122 pervacaueze
782 3067 910 3110 sunt
945 3057 1156 3127 ﬁgurae.
1189 3058 1298 3113 Nec
1341 3069 1526 3116 tamen
1591 3063 1796 3134 ﬁguras
1825 3067 1985 3122 inho-

398 3151 553 3198 neste
605 3145 938 3209 habuerunt,
991 3159 1086 3202 aut
1135 3158 1612 3220 contempserunt,
1646 3159 1778 3224 quin
1816 3160 1988 3213 bono.—

395 3241 590 3290 rarunt
606 3235 814 3304 potius,
839 3246 893 3290 et
921 3254 1037 3305 eos,
1057 3241 1150 3310 qui
1169 3247 1525 3300 contumeliis
1556 3249 1706 3316 ipsas
1734 3264 1984 3319 asperge-

395 3323 547 3389 bant,
597 3324 795 3394 impios
846 3342 970 3383 esse
1021 3330 1373 3400 judicarunt,
1421 3345 1476 3389 et
1523 3338 1736 3394 acerba:
1781 3342 1983 3396 mortis

397 3415 675 3484 supplicio
702 3415 921 3486 dignos.
967 3439 986 3471 ι

747 3505 1026 3577 Ejusdem,
1061 3527 1127 3566 ex
1159 3517 1402 3572 oratione
1435 3520 1612 3575 tertia.

471 3615 490 3647 ι
532 3595 694 3651 Velut
719 3598 766 3652 si
789 3600 916 3669 quis
943 3613 1164 3672 propter
1207 3607 1472 3663 honorem
1506 3614 1601 3679 qui
1626 3611 1856 3669 debetur
1879 3616 1979 3670 im-

393 3686 659 3754 peratori,
683 3687 802 3754 ejus
828 3691 1019 3746 adoret
1050 3694 1372 3766 imaginem,
1404 3702 1708 3768 quamlibet
1737 3719 1804 3760 ex
1845 3722 1972 3762 cera

391 3779 448 3826 et
481 3773 767 3829 coloribus
797 3788 1166 3835 constantem.
1218 3803 1237 3835 ι

391 3860 580 3916 Sancti
640 3874 690 3917 et
761 3871 1064 3946 mcumeuici
1141 3875 1357 3946 concilii
1414 3880 1589 3946 quinti
1661 3883 1975 3942 anathema-

899 3940 1083 3992 tismus
1117 3940 1475 4000 duodecima}.

469 4041 489 4074 ι
532 4021 588 4076 Si
632 4025 757 4094 quis
805 4027 1032 4097 impium
1077 4029 1426 4090 Theodorum
1484 4039 1972 4111 Mopsuestiensem

398 4112 692 4181 defendat,
736 4117 830 4188 qui
867 4121 1004 4174 dicit
1052 4123 1219 4177 alium
1250 4141 1372 4183 esse
1402 4128 1574 4187 Deum
1605 4132 1844 4192 Verbum
1872 4180 1887 4204 ,
1918 4150 1972 4196 et

389 4203 560 4259 alium
593 4223 715 4263 esse
753 4209 1059 4280 Christum,
1094 4216 1428 4277 animalibus
1460 4203 1967 4292 perturbationibus

2093 3058 2281 3111 ματος.
2313 3043 2456 3114 Πλὴν
2487 3046 2582 3104 καὶ
2617 3044 2788 3109 οὕτως
2818 3047 2918 3101 οὐκ
2941 3049 3240 3120 ἠτίμαζον,
3279 3052 3401 3106 οὐδὲ
3440 3057 3671 3124 παρεῖλ-

2091 3150 2208 3197 κον,
2239 3133 2354 3187 ἀλλ’
2385 3135 2589 3205 ἐτίμων
2616 3138 2705 3188 τὸν
2737 3137 2927 3202 τύπον,
2963 3143 3205 3206 καὶτοὺς
3229 3143 3521 3214 ἀτιμάζειν
3546 3149 3671 3201 ἐπι-

2086 3225 2424 3295 χειροῦντας,
2464 3226 2683 3290 ἀσεϐεῖς
2708 3228 2943 3298 ἔκρινον,
2984 3231 3078 3284 καὶ
3107 3233 3339 3287 θανάτου
3377 3235 3465 3290 διὰ
3494 3238 3664 3294 κολά-

2087 3331 2227 3378 σεως
2255 3319 2457 3386 πικρᾶς
2487 3315 2691 3381 ἀξίους.
2723 3338 2741 3370 ι

2475 3513 2585 3565 Τοῦ
2613 3513 2817 3577 αὐτοῦ,
2851 3516 3039 3583 λόγου
3070 3517 3294 3584 τρίτου.

2158 3615 2177 3650 t
2205 3599 2418 3670 ’Ὥσπερ
2455 3601 2520 3654 ἂν
2551 3605 2603 3655 εί
2629 3620 2712 3664 τις
2760 3605 2947 3657 εἰκόνα
2980 3606 3267 3675 βασιλέως,
3297 3610 3386 3666 διά
3412 3613 3477 3667 τὸ
3523 3616 3663 3669 καθο

2080 3689 2214 3759 ἧκον
2257 3695 2357 3761 τῆς
2409 3692 2536 3758 περὶ
2565 3692 2655 3744 τὸν
2704 3694 2931 3761 βασιλέα
2960 3705 3261 3767 προσκυνεῖ
3291 3704 3478 3774 τιμῆς,
3506 3706 3664 3760 οὐδὲν

2078 3779 2264 3844 οὖσαν,
2296 3783 2327 3852 ἦ
2367 3781 2535 3850 κηρὸν
2569 3784 2663 3835 καὶ
2694 3785 2982 3854 χρώματα.
3019 3807 3036 3839 ι

2083 3872 2197 3940 Τῆς
2227 3872 2400 3942 ἁγίας
2435 3873 2534 3926 καί
2575 3875 2995 3957 οἰκουμενικῆς
3040 3880 3317 3957 πέμπτης
3355 3887 3659 3957 συνόδου,

2557 3944 3031 4014 ἀναθεματισμὸς
3062 3944 3158 4013 ιβθ.

2152 4053 2169 4085 ι
2201 4033 2267 4086 Et
2289 4050 2373 4096 τις
2414 4034 2780 4088 ἀντιποιεῖται
2819 4038 3097 4109 Θεοδώρου
3136 4038 3232 4093 τοῦ
3278 4043 3516 4111 ἀσεϐοῦς
3553 4049 3657 4119 τῆς

2073 4125 2457 4194 Μοψσυστείας
2485 4125 2580 4178 τοῦ
2611 4127 2884 4191 εἰπόντος,
2927 4130 3085 4184 ἄλλον
3107 4128 3246 4187 εἶναι
3272 4135 3365 4189 τὸν
3390 4139 3523 4192 Θεὸν
3547 4141 3656 4194 Λό-

2073 4234 2188 4285 γον,
2214 4219 2309 4270 καί⁷
2344 4217 2501 4271 ἄλλον
2527 4218 2619 4271 τὸν
2648 4219 2906 4291 Χριστὸν,
2932 4223 3038 4276 ὑπὸ
3067 4225 3258 4280 παθῶν
3280 4228 3528 4310 ψυχικῶν
3555 4235 3650 4288 καὶ

391 4303 447 4348 ει
474 4299 658 4353 carnis
700 4302 1098 4371 cupiditatibus
1129 4309 1452 4377 obnoxium,
1483 4323 1536 4369 et
1577 4331 1645 4372 ex
1672 4320 1961 4376 deteriori-

2104 4307 2178 4358 ῶν
2233 4308 2333 4378 τῆς
2368 4309 2570 4379 σαρκὸς
2617 4311 2925 4382 ἐπιθυμιῶν
2955 4299 3492 4388 ἐνοχλούμενονξκαὶ
3539 4326 3646 4378 τῶν

385 4385 489 4440 bus
520 4390 784 4456 paulatim
839 4411 1218 4467 progressum,
1271 4410 1330 4456 ut
1383 4406 1660 4461 actionum
1714 4412 1957 4478 profectu

383 4478 580 4532 melior
633 4481 833 4552 factus,
881 4497 932 4541 et
981 4491 1052 4545 ob
1091 4495 1567 4552 conversationem
1620 4500 1956 4571 inculpatam

383 4571 802 4639 statuminatus,
845 4585 1105 4649 tanquam
1143 4597 1314 4651 purus
1364 4584 1525 4640 homo
1554 4589 1860 4656 baptizatus
1883 4592 1956 4646 sit

383 4658 438 4708 in
474 4661 694 4717 nomine
723 4663 905 4722 Patris
936 4677 989 4723 et
1021 4668 1146 4725 Filii
1196 4681 1248 4724 et
1289 4670 1529 4741 Spiritus
1568 4681 1765 4744 sancti,
1800 4695 1958 4736 acce-

382 4756 585 4839 ptaque
637 4767 731 4820 per
792 4759 1124 4826 baptismum
1197 4761 1432 4832 Spiritus
1490 4770 1668 4823 sancti
1732 4772 1954 4839 gratia,

381 4833 674 4903 adoptione
719 4841 884 4898 fuerit
929 4850 1232 4918 dignatus;
1286 4867 1506 4909 necnon
1559 4833 1958 4926 regim'iustar

379 4921 653 4992 imaginis,
710 4936 969 5000 tauquam
1011 4937 1103 4991 Dei
1153 4954 1445 5008 personam
1500 4955 1782 5014 gerentem
1827 4964 1954 5005 eum

378 5011 596 5067 adorari
620 5033 634 5070 :
665 5020 951 5075 anathema
969 5025 1093 5079 sit.»

455 5184 500 5217 ’⁵
520 5187 679 5247 Hebr.
714 5209 771 5258 χ,
804 5195 851 5250 l.
917 5227 929 5244 .

2069 4399 2330 4467 χειρόνων
2355 4400 2496 4452 κατά
2545 4401 2740 4470 μικρὸν
2792 4406 3180 4477 χωριζόμενον,
3237 4413 3333 4464 καὶ
3374 4413 3542 4477 οὕτως
3578 4417 3643 4470 ἐκ

2066 4490 2354 4558 προκοπῆς
2415 4489 2596 4561 ἔργων
2653 4493 3048 4563 βελτιωθέντα,
3105 4501 3199 4553 καὶ
3259 4503 3324 4555 ἐκ
3367 4505 3639 4569 πολιτείας

2064 4575 2298 4645 ἀμώμου
2339 4587 2365 4626 P
2403 4581 2766 4645 καταστάντα,
2805 4582 2880 4646 ὡς
2927 4584 3083 4654 ψιλὸν
3126 4586 3411 4658 ἄνθρωπον
3443 4591 3636 4661 βαπτι-

2066 4667 2282 4735 σθῆναι,
2323 4672 2402 4733 είς
2435 4670 2606 4742 ὄνομα
2644 4673 2738 4725 τοῦ
2768 4677 3002 4746 Πατρὸς,
3037 4678 3129 4731 καὶ
3162 4679 3314 4745 Υίοῦ,
3355 4683 3446 4735 καὶ
3479 4684 3633 4750 ἁγίου

2067 4759 2410 4829 Πνεύματος,
2448 4764 2544 4817 καὶ
2581 4765 2671 4817 διά
2694 4765 2789 4816 τοῦ
2821 4767 3198 4838 βαπτίσματος
3229 4773 3322 4842 τὴν
3350 4773 3510 4843 χάριν
3539 4777 3633 4829 τοῦ

2062 4848 2219 4917 ἁγίου
2254 4852 2572 4922 Πνεύματος
2601 4855 2854 4920 λαϐόντα,
2891 4861 2986 4912 καὶ
3017 4863 3286 4926 υἱοθεσίας
3314 4862 3632 4935 ἀξιωθῆναι,

2063 4941 2158 4993 καὶ
2201 4941 2341 4994 κατά
2395 4944 2615 5016 ἰσότητα
2651 4948 2934 5020 βασιλικῆς
2967 4954 3196 5018 εἰκόνος,
3239 4957 3316 5017 εἰς
3344 4955 3632 5025 πρόσωπον

2061 5031 2156 5085 τοῦ
2178 5030 2313 5084 Θεοῦ
2352 5035 2527 5101 Λόγου
2559 5042 3005 5110 προσκυνεῖσθαι,
3031 5045 3280 5115 ἀνάθεμα
3309 5045 3467 5101 ἔστω.
3499 5077 3520 5100 1

1686 5337 1920 5397 νΑΙὶΙᾸΞ
1955 5345 2352 5402 LECTIONES.

379 5471 444 5509 im
478 5415 507 5441 ¹¹
546 5407 858 5477 ῘλθΒθηιΙυηὶ
921 5429 1077 5488 putat
1144 5419 1381 5498 Βίηῖειεν
1443 5424 1552 5484 τοῖς
1613 5429 1870 5495 χροῖδεοις
1936 5437 2370 5509 ὲναπομένομεν·
2408 5437 2564 5506 quasi
2630 5441 2829 5499 dicat:
2876 5445 3000 5500 Non
3048 5450 3184 5502 enim
3256 5454 3308 5504 in
3353 5453 3614 5509 coloribus

454 5489 720 5509 ,πω-πω..-
771 5494 856 5509 ,...
1479 5499 1501 5509 -
1530 5492 1642 5509 ......
1932 5503 1945 5509 -

1942 5485 2102 5490 --ν----
2139 5485 2235 5488 --η
2277 5485 2340 5488 ν--
2450 5485 2564 5491 -----
2632 5485 2778 5497 νυν-ιι-
2819 5488 2829 5499 .
2876 5485 3000 5500 ινυσο
3048 5485 3184 5502 νιοσσιι
3257 5485 3308 5504 In
3353 5485 3610 5509 νυιυιιυιιδ

373 5485 738 5549 immoramur,
770 5494 863 5539 aut
892 5485 1067 5544 simile
1094 5490 1404 5560 quidpiam.
1479 5499 1501 5521 °
1527 5485 1718 5550 Billius
1749 5485 2028 5566 emendat,
2060 5485 2368 5574 περιεῖπον,
2395 5485 2870 5572 ἀήιρίεειεὸαηιιιν.
2945 5526 2973 5566 P
2994 5516 3137 5587 Lego
3165 5519 3417 5602 ἄμωμον,
3447 5533 3508 5577 ut
3559 5526 3610 5579 iu

373 5546 514 5592 acns
545 5543 577 5593 5
601 5552 815 5604 δΥηοάί.
841 5557 991 5604 Alias
1022 5575 1146 5604 num
1181 5559 1343 5604 Billin
1382 5563 1702 5604 vnrlmninm
1738 5581 1884 5604 ιιεαοι
1907 5587 1919 5599 ο
1958 5572 2235 5604 1.....Ι..ηιη
2265 5576 2469 5604 puum...
2487 5577 2726 5604 ..:..-...1:.
2761 5599 2862 5604 _-_
2921 5594 2974 5604 υ.
3008 5580 3063 5604 da
3256 5588 3290 5604 η
3356 5592 3406 5604 ...
3533 5595 3544 5604 .

470 5543 480 5549 _
727 5543 733 5545 _
780 5554 788 5564 '
913 5563 918 5570 _
1051 5543 1057 5544 ,
1102 5543 1124 5560 ἶ
1227 5543 1251 5569 .,
1291 5559 1301 5569 .
1396 5543 1399 5544 ν
1529 5543 1545 5544 κ
1575 5543 1717 5550 ηπ-..
1752 5543 2028 5566 ,μην-νη...
2068 5543 2370 5586 ..-νυνι-νυ,
2395 5543 2870 5592 ..ιιιμτιιιουμιιηιιο
2945 5543 2973 5566 r
2994 5543 3137 5597 Latagi)
3165 5543 3417 5603 αμωξιίξν,
3448 5543 3508 5577 ur.
3533 5543 3610 5604 .III

373 5543 815 5650 ἷξιὲῗυξηῖςηοὼ.
841 5557 991 5613 Alias
1022 5575 1146 5613 cum
1181 5560 1343 5612 Btllto
1382 5563 1702 5617 vertendum
1738 5581 1919 5624 esset:
1949 5572 2236 5642 Inculpata
2265 5583 2469 5630 ratione
2487 5581 2726 5644 vivendi;
2758 5599 2892 5650 non,
2921 5594 2981 5641 ut
3008 5580 3179 5645 Ztnus
3212 5607 3224 5642 :
3250 5588 3406 5644 Cwm
3437 5604 3610 5649 ratio-

372 5618 437 5659 κδ
459 5618 682 5667 vivendi.

3939 249 3950 292 4
