3950 6154
345 279 484 343 1413

408 462 478 530 ἐκ
501 459 612 530 τῆς
639 459 1156 527 ἐκκλτισιαστικῆς
1195 460 1502 528 Ἱστορίας,
1531 463 1665 530 περὶ
1685 463 1913 516 Γεννα-

406 529 540 582 δίου
571 528 1044 597 ἀρχιεπισκόπου
1077 528 1791 597 Κωνσταντινουπόλεως.

417 639 436 672 ι
465 620 673 690 Ἕτερα
719 618 773 672 δὲ
823 619 986 672 αὑτοῦ
1046 621 1472 692 παραθήσομαι,
1519 620 1913 690 καταπλήξεως

341 708 518 779 μεστά
537 725 551 738 ο
578 707 872 779 ζωγράφος
895 726 1001 772 τις,
1031 709 1129 778 τὴν
1154 711 1341 763 είκόνα
1369 711 1462 764 τοῦ
1489 713 1757 764 Δεσπότου
1778 711 1913 779 Χρι-

337 797 464 852 στοῦ
499 799 751 868 γράφων,
783 799 861 852 τὼ
894 803 1043 869 χεῖρε
1077 799 1380 867 ἀπέψυκτο.
1415 801 1524 853 Kal
1569 801 1786 870 ἐλέγετο
1833 801 1910 865 ὡς

335 888 444 942 ὑπὸ
465 888 726 958 Ἐλληνός
755 905 901 951 τινος
931 891 993 942 τὸ
1025 889 1186 960 ἔργον
1234 891 1496 959 ἐπιταγὲν
1535 891 1636 962 τῆς
1680 891 1908 957 εἰκόνος,

335 981 394 1032 ἐν
424 977 502 1049 τῷ
535 978 888 1048 προσχήματι
939 977 1034 1031 τοῦ
1064 979 1330 1047 ὀνόματος
1375 978 1472 1032 τοῦ
1515 979 1787 1049 Σωτῆρος,
1822 997 1912 1049 γε-

335 1069 642 1140 γράφηκεν,
675 1068 733 1134 ἐξ
776 1069 1036 1138 ἐκατέρου
1073 1070 1176 1134 τὰς
1215 1071 1411 1142 τρίχας
1437 1071 1530 1125 ἐπὶ
1562 1072 1803 1144 κεφαλῆς
1834 1073 1912 1125 δι-

336 1159 581 1222 εστώσας
603 1157 680 1221 ὡς
715 1158 790 1230 μὴ
822 1158 892 1210 τὰ
921 1158 1074 1228 ὅψεις
1113 1159 1506 1213 καλύπτεσθαι.
1535 1160 1776 1232 Τοιούτῳ
1801 1162 1911 1233 γὰρ

340 1252 576 1319 σχήματι
612 1248 882 1319 Ἐλλήνων
911 1251 1102 1314 παῖδες
1122 1251 1214 1303 τὸν
1240 1251 1337 1305 Δία
1361 1251 1653 1321 γράφουσι,
1686 1252 1822 1323 πρὸς
1851 1252 1911 1304 τὸ

333 1343 461 1405 τοὺς
493 1340 734 1412 ὁρῶντας
763 1341 1029 1410 νομίζειν,
1056 1341 1135 1413 τῷ
1157 1343 1371 1414 Σωτῆρι
1400 1344 1498 1414 τὴν
1537 1342 1908 1413 προσκύνησιν

334 1431 708 1502 άπονέμεσθαι
733 1432 868 1504 (42).
895 1451 915 1484 ι

339 1520 450 1573 Τοῦ
474 1518 624 1574 ἀϐϐᾶ
647 1520 940 1587 Μαξίμου,
965 1521 1059 1573 καὶ
1088 1521 1412 1574 Θεοδοσίου
1431 1521 1787 1584 ἐπισκόπου,
1809 1521 1908 1573 καὶ

411 1587 528 1642 τῶν
573 1590 914 1658 ἀρχόντων,
950 1588 1069 1642 τῶν·
1101 1591 1575 1644 ἀποσταλέντων
1607 1589 1768 1659 παρὰ
1798 1591 1906 1643 τοῦ

394 1659 724 1724 βασιλέως.
1114 1693 1124 1711 ς
1428 1684 1432 1690 ·
1879 1721 1885 1724 _

1437 279 1531 342 DE
1563 277 2025 342 IMAGINIBUS
2058 280 2338 344 ORATIO
2380 287 2470 347 IIl

340 389 661 460 Θεοδώρου,
695 389 1150 460 ίστοριοῃοάςοου
1195 393 1914 455 Κωνσταντινουπόλεως,
1945 395 1990 448 Α
2022 391 2282 450 Theodori

3457 296 3591 360 1414

2355 397 2768 471 histmiOgraphi
2841 400 3450 471 Constantinovolitani,
3525 426 3590 464 ιιι

2090 463 2332 548 ilistoria
2357 463 2716 548 ecclesiastica
2742 511 2757 535 ,
2786 472 2850 526 de
2888 471 3163 528 Gennadio
3193 463 3590 548 archiepiscopo

2092 531 2706 607 Constantinopolitano.

2089 642 2109 675 ι
2158 625 2252 681 His
2293 629 2397 682 alia
2443 632 2708 700 stupenda
2752 648 2976 701 prorsus
3021 635 3090 690 de
3129 649 3194 690 eo
3241 637 3587 693 subnectam.

2011 715 2175 787 387
2205 715 2408 774 Pictori
2449 722 2687 786 cuidam,
2722 724 2814 793 qui
2855 723 3055 780 Christi
3088 725 3303 780 Domini
3337 729 3588 796 pinxerat

2011 807 2323 878 imaginem,
2358 824 2550 865 manus
2577 812 2749 865 amba:
2775 822 3128 867 exaruerunt.
3165 813 3463 870 Ferebatur
3487 833 3584 872 au-

2011 904 2118 951 tem
2162 897 2384 965 gentilis
2429 897 2733 968 cujuspiam
2784 900 3024 958 hominis
3065 903 3224 973 jussu
3273 904 3376 959 hoc
3411 921 3583 976 opus,

2011 987 2116 1042 sub
2147 987 2388 1042 nominis
2426 987 2735 1045 Salvatoris
2782 995 2960 1059 specie
2997 995 3070 1047 ita
3104 995 3368 1063 pinxisse,
3399 1008 3458 1052 ut
3488 1014 3583 1052 ea-

2012 1079 2160 1148 pillis
2182 1093 2249 1133 ex
2282 1089 2513 1149 utraque
2544 1081 2662 1135 oris
2699 1089 2855 1150 parte
2883 1083 3163 1150 discretis,
3199 1086 3366 1142 facies
3404 1089 3581 1142 nulla-

2013 1178 2173 1226 tenus
2196 1178 2468 1241 tegeretur
2497 1172 2581 1240 (ea
2617 1165 2809 1249 utiqpe
2838 1172 3010 1227 forma
3040 1192 3142 1244 qua
3175 1181 3364 1250 pagani
3390 1180 3578 1235 Jovem

2012 1261 2289 1330 pingunt),
2325 1271 2385 1314 ut
2430 1261 2597 1316 abiis
2634 1263 2730 1331 qui
2767 1263 2943 1332 ipsum
2976 1267 3258 1332 viderent,
3311 1270 3577 1326 Salvatori

2010 1351 2385 1404 adorationem
2415 1350 2612 1407 olfcrt‘e
2638 1353 3068 1410 existimaretur.
3104 1375 3123 1408 ι

2011 1502 2240 1556 Maximi
2274 1503 2503 1578 abbatis.
2524 1513 2585 1578 _ct
2625 1503 2908 1560 Theodosii
2934 1509 3167 1576 episcopi
3195 1525 3256 1562 ac
3282 1525 3574 1578 procerum,

2286 1575 2376 1642 qui
2406 1573 2470 1626 ab
2517 1575 2836 1644 imperatore
2875 1573 3027 1632 missi
3055 1573 3295 1647 fuerant;

411 1767 428 1800 ι
473 1751 531 1802 '0
560 1721 705 1812 ὅσιος
727 1749 979 1820 Μάξιμος
1007 1745 1192 1803 εἶπεν·
1225 1769 1244 1802 ι
1281 1751 1455 1804 Ἐπὰν
1485 1751 1542 1803 δὲ
1566 1749 1710 1814 ἔδοξε
1732 1721 1897 1804 ταῦτα

2082 1741 2100 1774 ι
2149 1723 2389 1778 Sanctus
2412 1723 2685 1778 Maximus
2711 1726 2853 1780 dixit
2898 1746 2911 1781 :
2957 1745 2976 1777 ι
3021 1727 3256 1794 Quando
3301 1729 3417 1783 hinc
3460 1729 3575 1783 ﬁeri

340 1858 362 1893 ι
399 1840 678 1909 γενέσθαι,
704 1839 931 1903 ἔκϐασις
960 1841 1172 1910 γένοιτο
1201 1840 1310 1896 τῶν
1343 1842 1632 1908 δοξάντων,
1655 1841 1750 1894 καὶ
1772 1843 1904 1894 ὅπου

337 1951 356 1983 ι
397 1931 648 1984 κελεύετε
677 1971 691 1994 ,
733 1930 1014 1984 άκολουθῶ
1055 1933 1207 2002 ἡμῖν.
1235 1951 1252 1984 ι
1287 1933 1398 1986 Καὶ
1432 1932 1523 1984 ἐπὶ
1571 1931 1784 1994 τούτοις
1815 1934 1909 1984 ἀν-

333 2023 568 2092 έστησαν
585 2022 808 2088 πάντες,
826 2022 919 2074 καὶ
943 2022 1081 2092 μετὰ
1101 2022 1353 2093 δακρύων
1379 2023 1573 2076 ἔϐαλον
1595 2023 1904 2094 μετάνοιαν,

335 2113 430 2165 καὶ
463 2111 597 2182 εὐχὴ
631 2111 856 2180 γέγονε·
890 2114 986 2166 καὶ
1030 2112 1260 2176 ἕκαστος
1298 2113 1481 2167 αὐτῶν
1524 2115 1592 2167 τὰ
1625 2114 1758 2182 ἅγια
1802 2115 1907 2167 Εὐ-

335 2200 588 2270 αγγέλια,
619 2203 716 2254 καὶ
742 2201 835 2254 τὸν
856 2202 1036 2273 τίμιον
1067 2202 1323 2273 σταυρὸν,
1356 2207 1451 2256 καὶ
1477 2205 1577 2273 τὴν
1599 2205 1785 2258 εἰκόνα
1809 2205 1903 2258 τοῦ

337 2291 590 2362 Σωτῆρος
635 2291 794 2362 ἡμῶν
840 2292 1016 2360 Ἰησοῦ
1060 2293 1330 2363 Χριστοῦ,
1368 2295 1595 2362 καὶτῆς
1640 2295 1906 2365 τεκούσης

335 2381 497 2434 αὑτὸν
532 2383 691 2450 ἁγίας
720 2382 1005 2447 Θεοτόκου,
1047 2385 1365 2453 ἠσπάσαντο
1387 2426 1403 2451 ,
1469 2385 1776 2450 τεθεικότες
1809 2388 1905 2442 καὶ

328 2468 428 2531 τὰς
455 2471 645 2539 χεῖρας
670 2471 760 2522 ἐπὶ
800 2454 1086 2539 βεϐαιώσει
1108 2471 1218 2525 τῶν
1241 2472 1604 2542 λαληθέντων.
1645 2493 1663 2526 ι

334 2643 448 2699 Τοῦ
500 2645 672 2715 ἁγίου
725 2647 1102 2715 Σωφρονίου,
1147 2649 1216 2701 ἐκ
1264 2648 1384 2702 τῶν
1426 2649 1742 2718 θαυμάτων
1787 2650 1906 2705 τῶν

401 2717 586 2785 ἁγίων
612 2718 928 2784 μαρτύρων
950 2719 1144 2784 Κύρου
1183 2721 1281 2770 καί
1314 2717 1614 2780 Ἰωάννου,
1637 2723 1724 2785 εἰς
1765 2723 1904 2774 Θεό-

398 2784 591 2851 δωρον
618 2786 725 2837 τὸν
754 2785 1161 2840 ὑποδιάχονον
1189 2787 1648 2856 ποδαποίοῦγτιι.

401 2891 419 2923 ι
458 2871 717 2942 Λέξωμεν
745 2870 802 2926 δὲ
828 2873 1013 2927 λοιπὸν
1035 2875 1127 2926 καὶ
1160 2875 1258 2946 τὴν
1296 2877 1466 2946 ῥῶσιν
1497 2878 1592 2929 τοῦ
1623 2877 1897 2948 σώματος,

321 2964 389 3017 δι’
443 2963 639 3033 ὀλίγων
689 2965 781 3018 τὸν
835 2965 992 3033 λόγον
1045 2966 1385 3037 ποιούμενοι.
1415 2969 1552 3021 Μετ’
1605 2969 1793 3039 ὀλίγας
1840 2972 1899 3024 δὲ

2013 1839 2031 1870 ι
2070 1820 2396 1874 conclusum
2460 1831 2566 1883 est,
2623 1835 2814 1874 eorum
2866 1836 2989 1890 qua:
3049 1823 3162 1876 visa
3220 1833 3375 1882 sunt,
3442 1822 3576 1875 faxit

2013 1930 2031 1962 ι
2073 1911 2214 1966 Deus
2243 1920 2301 1965 ut
2333 1913 2622 1982 contingat
2647 1914 2830 1967 exitus
2857 1932 2870 1968 :
2895 1916 3194 1985 statimque
3238 1931 3577 1985 quocunque

2011 2021 2029 2056 ι
2065 2003 2299 2073 iubetis,
2327 2018 2548 2074 sequor.
2591 2023 2609 2056 ι
2651 2003 2893 2060 Posthac
2934 2021 3132 2062 omnes
3170 2014 3573 2072 surrexerunt,

2005 2095 2317 2165 positisque
2364 2097 2602 2166 genibus
2655 2107 2998 2160 oraverunt,
3040 2109 3345 2168 sanctaque
3393 2098 3575 2152 Evan-

2004 2187 2166 2257 gelia,
2203 2187 2511 2258 pretiosam
2538 2202 2789 2252 crucem,
2825 2197 2878 2242 et
2908 2186 3038 2242 Jesu
3072 2191 3282 2244 Christi
3318 2191 3574 2244 Salvato-

2005 2278 2103 2341 ris,
2133 2283 2342 2331 sanctae
2377 2290 2600 2346 quoque
2634 2274 2730 2330 Dei
2762 2274 3083 2341 Genitricis,
3120 2294 3240 2348 qua:
3271 2280 3458 2350 ipsum
3484 2295 3573 2350 pe-

2004 2365 2168 2436 perit,
2204 2365 2505 2434 imaginem
2559 2365 2766 2436 singuli
2795 2366 3106 2422 deosculati
3144 2381 3294 2434 sunt,
3334 2371 3576 2426 admotis

2004 2459 2286 2523 manibus,
2316 2473 2416 2528 pro
2449 2458 2695 2524 illorum,
2723 2475 2849 2529 quae
2881 2461 3198 2516 interlocuti
3229 2471 3412 2528 erant,
3441 2477 3567 2517 cono

2005 2554 2339 2608 ﬁrmatione.
2377 2574 2395 2606 ι

2003 2645 2186 2698 Sancti
2215 2646 2514 2710 Sep/tronii,
2544 2647 2615 2701 De
2640 2648 2910 2700 miraculis
2935 2657 3240 2701 sanctorum
3276 2657 3573 2710 martyrum

2072 2714 2201 2835 figi
2230 2729 2277 2768 et
2304 2715 2568 2780 Joannis;
2597 2717 2660 2770 de
2691 2717 2964 2771 Theodoro
2991 2716 3314 2772 subdiacono
3338 2714 3572 2787 podagra

2093 2804 2124 2837 a
2164 2796 2366 2837 orante.

2093 2803 2366 2838 aoorante.

2075 2893 2093 2926 ι
2136 2875 2399 2945 Deinceps
2425 2884 2635 2938 autem,
2668 2891 2776 2944 qua
2811 2876 3026 2930 ratione
3052 2876 3316 2930 valetudo
3347 2877 3569 2946 corpori

1999 2981 2264 3021 concessa
2307 2967 2513 3030 fuerit,
2575 2967 2817 3021 dicimus
2865 2967 3082 3035 paucis.
3136 2969 3363 3037 Aliquot
3413 2966 3571 3022 hisce

321 3055 529 3119 ταύτας
553 3057 654 3119 τὰς
684 3056 896 3127 ἡμέρας
926 3056 1206 3123 ἐκάθευδε,
1227 3058 1322 3110 καὶ
1349 3059 1513 3112 πάλιν
1543 3061 1896 3131 παρεστῶτας

2006 3058 2295 3112 transactis
2315 3057 2535 3119 diebus,
2564 3070 2691 3109 cum
2727 3055 2819 3108 ille
2849 3055 3142 3122 dormiret,
3173 3064 3420 3110 astantes
3448 3069 3572 3109 rur-

324 3146 510 3216 βλέπει
550 3147 677 3210 τοὺς
726 3149 1031 3220 μάρτυρας,
1075 3149 1172 3202 καὶ
1213 3149 1520 3203 συνοδεύειν
1549 3151 1732 3216 αὐτοῖς
1771 3154 1893 3205 ἐπι-

323 3237 634 3302 τάττοντας.
678 3239 738 3292 '0
766 3239 823 3293 δὲ
875 3240 1027 3308 σφίσι
1060 3240 1468 3312 προθυμότερον
1498 3242 1704 3296 εἵπετο.
1741 3243 1894 3314 ’ῌδει

321 3331 432 3399 γὰρ
460 3329 561 3381 οὐκ
586 3328 817 3399 ἀκερδὲς
843 3331 908 3381 τὸ
944 3330 1057 3392 τοῖς
1080 3331 1258 3399 ἁγίοις
1290 3330 1636 3385 συνέπεσθαι.
1681 3332 1894 3385 Ἐλθόν-

317 3437 413 3483 τες
446 3419 540 3472 οὖν
564 3421 644 3482 είς
670 3421 797 3472 ναὸν
829 3419 1121 3490 Ἑλλήνων,
1149 3420 1226 3490 τῷ
1256 3421 1354 3490 μὲν
1387 3421 1514 3474 εἴδει
1545 3421 1777 3492 φοϐερὸν
1802 3423 1894 3476 καὶ

321 3510 742 3582 ὑπέρλαμπρον,
776 3510 856 3581 τῷ
892 3510 952 3563 δέ
988 3509 1112 3580 ὕψει
1153 3511 1263 3563 τῶν
1302 3512 1556 3581 οὐρανῶν
1584 3513 1764 3566 αὐτῶν
1793 3514 1892 3582 ἐφ-

321 3602 658 3670 απτόμενονο
713 3603 807 3653 καὶ
862 3601 993 3654 εἴσω
1049 3600 1240 3654 τούτου
1283 3602 1600 3673 γενόμενοι,
1631 3604 1894 3674 μεγίστην

322 3693 509 3745 εἰκόνα
566 3692 664 3744 καὶ
721 3691 1030 3760 θαυμασίαν
1080 3691 1420 3764 ἐϐλέπομεν,
1465 3696 1630 3764 μέσον
1673 3696 1750 3758 δὲ,
1802 3696 1894 3748 τὸν

321 3782 596 3851 Δεσπότην
625 3783 859 3852 Χριστὸν
894 3785 1279 3854 γεγραμμένον
1311 3784 1598 3855 χρώμασιν
1643 3786 1892 3857 ἔχουσαν,

321 3873 419 3942 τὴν
449 3872 745 3927 Δέσποιναν
765 3873 1026 3928 Θεοτὸκον
1054 3876 1223 3928 εύώνυ
1233 3893 1351 3946 μον,
1375 3877 1469 3930 καὶ
1495 3877 1689 3944 δεξιὸν,
1718 3879 1896 3933 Ἰωάν-

323 3982 419 4036 νην
448 3965 538 4020 τδν
569 3965 908 4037 Βαπτιστὴν,
938 3965 1028 4020 τὸν
1059 3969 1123 4020 ὲκ
1150 3967 1358 4030 κοιλίας
1393 3970 1761 4037 σκιρτήμασιν
1793 3970 1894 4023 αὑ-

319 4058 408 4111 τὸν
449 4057 905 4130 ίπρομηνύσαντα,
940 4058 1085 4122 ἐπεὶ,
1127 4059 1221 4110 καὶ
1252 4057 1426 4110 λαλῶν
1469 4058 1617 4112 ένδον
1655 4059 1753 4126 ῶν,
1793 4063 1894 4114 οὐκ

319 4148 548 4215 ἠκούετο
566 4165 580 4178 ο
599 4148 692 4201 καί
716 4166 867 4210 τινας
893 4149 988 4201 τοῦ
1012 4149 1118 4204 τῶν
1139 4149 1454 4203 ἀποστόλων
1476 4150 1572 4203 καὶ
1599 4152 1894 4221 προφητῶν

318 4237 530 4301 ἐνδόξου
561 4237 747 4307 χοροῦ,
777 4239 871 4290 καὶ
891 4239 990 4309 τῆς
1019 4238 1362 4308 μαρτυρικῆς
1393 4238 1739 4310 όμηγύρεως,
1772 4240 1890 4310 μεθ’

316 4321 391 4380 ὧν
413 4329 681 4397 ἐτύγχανε
727 4329 908 4400 Κύρος
960 4331 1058 4382 καὶ
1092 4329 1346 4398 Ἰωάννης
1391 4331 1440 4381 οἱ
1489 4329 1785 4400 μάρτυρες,
1838 4332 1888 4383 οἱ

318 4417 426 4487 πρὸ
473 4417 576 4486 τῆς
628 4417 838 4481 εἰκόνος
879 4419 1181 4488 ἱστάμενοι,
1225 4417 1302 4475 τῶ
1333 4419 1579 4492 Δεσπότῃ
1624 4421 1887 4489 προσέπι-
1921 4400 1964 4454 Ῐ)

319 4525 472 4573 πτον,
491 4508 694 4575 γόνατα
734 4509 1098 4578 κάμπτοντες,
1131 4509 1225 4562 καὶ
1257 4509 1356 4572 τὰς
1383 4509 1626 4578 κεφαλὰς
1661 4511 1742 4573 είς
1767 4510 1888 4563 ἔδα-

318 4614 416 4666 φος
457 4595 774 4661 τύπτοντες,
821 4599 916 4650 καὶ
965 4600 1094 4669 περὶ
1145 4599 1246 4667 τῆς
1301 4599 1396 4652 τοῦ
1424 4598 1546 4651 νέου
1592 4599 1887 4670 θεραπείας

319 4687 732 4758 πρεσϐεύοντες.
775 4687 962 4742 Ταῦτα
986 4688 1042 4741 δέ
1065 4685 1134 4759 ἦν
1162 4691 1231 4742 τὰ
1255 4690 1352 4759 τῆς
1382 4689 1678 4760 πρεσϐείας
1709 4693 1885 4765 ῥήμα-

318 4796 410 4833 τα·
441 4779 725 4833 «Δέσποτα
758 4779 1131 4848 φιλάνθρωπε,
1169 4781 1412 4843 κελεύεις
1439 4780 1618 4850 δῶμεν
1650 4783 1746 4840 καὶ
1764 4782 1886 4835 τού-

314 4887 392 4941 τῳ
415 4869 513 4940 τὴν
550 4867 723 4924 ἴασιν·
763 4890 781 4923 ι
823 4871 886 4924 Οί
915 4869 991 4936 δὲ,
1033 4871 1295 4935 πολλάκις
1323 4872 1404 4933 εἰς
1444 4870 1548 4940 γῆν
1577 4873 1888 4943 προσκυνή-

1999 3161 2119 3202 sum
2147 3154 2417 3217 martyres
2453 3145 2620 3210 videt,
2649 3145 2744 3214 qui
2778 3145 2885 3200 sibi
2920 3153 2978 3199 ut
3027 3155 3355 3214 sequeretur
3391 3147 3566 3216 impe-

1999 3238 2220 3292 rabant.
2276 3237 2373 3291 Ille
2428 3251 2559 3291 vero
2624 3245 2820 3306 sponte
2896 3236 3254 3305 sequebatur.
3325 3235 3567 3290 Noverat

1997 3332 2144 3386 enim
2179 3339 2446 3400 quantum
2483 3330 2621 3384 lucri
2651 3338 2874 3383 sanctos
2912 3327 3229 3381 comitando
3275 3334 3562 3395 perceptu-

1999 3437 2093 3476 rus
2121 3429 2294 3476 esset.
2328 3419 2618 3489 Templum
2641 3434 2772 3487 ergo
2795 3419 3107 3489 gentilium,
3134 3420 3318 3486 specie
3340 3417 3562 3486 quidem

1997 3509 2450 3577 augustissimum
2485 3507 3142 3577 splcndidissimumque,
3181 3506 3562 3574 magnitudine

1994 3615 2126 3654 vero
2156 3600 2224 3653 ad
2255 3600 2426 3654 cmlos
2474 3600 2819 3669 pertingens,
2849 3599 3116 3652 adeuntes
3153 3608 3206 3652 et
3255 3597 3561 3668 ingredien-

1995 3699 2099 3754 tes,
2143 3703 2424 3760 proceraln
2455 3701 2511 3744 et
2541 3690 2925 3744 admirabilem
2958 3690 3326 3742 cernebamus
3369 3687 3564 3756 imagi-

1995 3795 2143 3843 nem,
2212 3794 2334 3848 quae
2390 3779 2632 3833 medium
2695 3779 2917 3848 quidem
2954 3778 3241 3832 Christum
3287 3777 3566 3832 coloribus

1995 3870 2360 3926 deformatum
2389 3869 2714 3934 exhiberet;
2745 3869 3135 3924 sinistrorsum
3165 3881 3346 3924 autem
3380 3867 3568 3923 Domi-

1995 3977 2120 4016 nam
2161 3961 2254 4014 Dei
2292 3959 2669 4029 Genitricem;
2720 3961 3077 4015 dextrorsum
3113 3975 3246 4015 vero
3295 3958 3566 4014 Joannem

1995 4053 2329 4123 Baptistam,
2361 4052 2457 4122 qui
2508 4052 2562 4106 in
2620 4061 2778 4107 utero
2830 4055 3027 4107 matris
3057 4053 3346 4109 exsultans
3384 4053 3564 4121 ipsum

1994 4143 2358 4208 indicaverat,
2385 4157 2514 4196 cum
2553 4157 2654 4196 vox
2693 4140 2869 4211 ipsius
2899 4143 3051 4196 intus
3083 4131 3359 4211 loquentis’
3393 4155 3565 4193 exau-

1993 4235 2099 4290 diri
2151 4250 2260 4288 non
2313 4243 2545 4305 posset:
2581 4235 2878 4288 nonnullos
2920 4241 3186 4302 praeterea
3225 4247 3289 4285 ex
3323 4230 3562 4299 glorioso

1996 4332 2374 4401 apostolorum
2436 4338 2489 4385 et
2529 4330 2920 4398 prephetarum
2968 4327 3138 4380 choro
3168 4365 3182 4386 ,
3235 4339 3446 4378 net-non
3496 4340 3562 4379 ex

1993 4430 2137 4478 caetu
2163 4427 2489 4485 martyrum,
2517 4419 2661 4472 inter
2688 4431 2827 4486 quos
2849 4424 3011 4469 erant
3039 4415 3218 4486 Cyrus
3241 4425 3294 4470 et
3320 4414 3563 4470 Joannes

1994 4519 2288 4580 martyres.
2329 4508 2396 4563 Hi
2425 4522 2611 4563 coram
2645 4508 2882 4576 imagine
2911 4516 3181 4570 astantes,
3214 4507 3369 4562 ﬂexis
3400 4507 3561 4578 geni-

1993 4601 2120 4662 bus,
2153 4599 2204 4651 in
2240 4597 2435 4653 faciem
2479 4612 2668 4651 coram
2724 4596 2955 4652 Domino
2988 4598 3142 4652 humi
3177 4599 3562 4668 prociderunt,

1993 4707 2094 4762 pro
2120 4689 2338 4758 juvenis
2361 4689 2677 4744 valetudine
2719 4687 3122 4757 supplicantes.
3159 4689 3218 4743 In
3252 4689 3368 4745 haec
3397 4705 3562 4759 porro

1993 4782 2160 4836 verba
2190 4779 2430 4835 orabant
2459 4798 2472 4832 :
2519 4796 2539 4830 ι
2572 4777 3021 4834 Clementissime
3060 4778 3315 4845 Domine,
3358 4782 3563 4835 annuis

2001 4881 2059 4927 ut
2110 4871 2238 4926 huic
2296 4885 2515 4942 quoque
2571 4871 2865 4926 sanitatem
2910 4871 3246 4942 largiamur?
3284 4891 3303 4925 ι
3336 4873 3406 4928 At
3435 4889 3562 4930 cum

1823 5067 2054 5124 ΝΟΤΛΕ.

385 5158 498 5230 (t2)
522 5156 903 5230 Sarrauonem
931 5158 1075 5216 hanc
1107 5159 1374 5230 integram
1407 5160 1562 5214 habet
1594 5159 1717 5214 cod.
1753 5161 1884 5229 Reg.

311 5229 473 5290 2951,
513 5229 606 5300 fol.
640 5229 1039 5300 2647additque
1069 5251 1081 5286 :
1123 5231 1196 5283 Τὸ
1221 5232 1278 5285 δὲ
1304 5230 1673 5300 ἀληθέστερον
1703 5230 1884 5300 ὑπάρ-

311 5315 427 5371 χειν
485 5298 640 5371 ούλὸν
685 5299 782 5371 καὶ
839 5299 1175 5371 πολύτριχα·
1215 5300 1406 5371 τούτου
1441 5298 1760 5368 γενομένου,
1791 5298 1886 5371 x‘a}

309 5368 410 5437 τῆς
446 5368 626 5442 uitia;
672 5368 1158 5442 θριαμϐευθείσης,
1186 5371 1312 5442 γὺπὸ
1355 5369 1455 5442 τῆς
1496 5371 1744 5442 άνάγκης
1787 5368 1883 5442 τοῦ

311 5437 590 5504 γεγονότος
615 5437 827 5514 ’πάθους
859 5437 1373 5514 συντόμως-ἤγαγον
1399 5437 1558 5514 αὑτὸν
1594 5437 1731 5514 πρὸς
1763 5440 1884 5514 ἐπίς

313 5523 532 5590 σκοπον,
573 5505 870 5597 αἰτοῦντες,
1113 5505 1224 5579 τὴν
1264 5505 1550 5597 συμφορὰν
1592 5505 1777 5597 λῦπαι.
1820 5509 1881 5597 :0

311 5577 418 5636 τοῖς
457 5575 703 5648 συνοῦσιν
745 5575 1093 5648 ,ἐπιτρέψας
1115 5575 1542 5648 προσεύξασθαι,
1589 5580 1724 5648 μετὰ
1780 5578 1881 5646 τὴν

312 5644 618 5714 προσευχὴν
658 5642 927 5711 ἐπέθηκεν
953 5642 1104 5716 αὐτῷ
1131 5642 1198 5700 τ’ὀι
1247 5642 1368 5700 θεῖα
1415 5642 1746 5714 Εὐαγγέλια,
1783 5642 1878 5700 καὶ

1998 5163 2128 5236 παρ’
2174 5162 2319 5216 αὐτὰ
2359 5163 2459 5233 τῆς
2489 5164 2690 5236 ίάσεως
2732 5165 2956 5235 ἔτυχεν·
2996 5163 3155 5236 Cum_
3179 5165 3346 5218 verius
3389 5167 3562 5236 crispa

1998 5233 2262 5302 densaque
2289 5251 2437 5288 coma
2469 5235 2649 5303 fuerit.
2709 5233 2970 5289 ﬂoccum
3018 5234 3339 5303 contigisset,
3387 5233 3562 5288 divul-

1991 5301 2217 5372 gulaque
2249 5321 2434 5365 causa,
2469 5301 2530 5356 ob
2565 5305 2824 5373 inﬂictam
2867 5307 3102 5373 plagam,
3136 5301 3317 5373 statim
3349 5307 3559 5372 adept-

1993 5371 2208 5440 scopam
2240 5375 2548 5428 necessitate
2589 5371 2845 5441 compulsi
2868 5371 3035 5426 illum
3075 5371 3431 5441 adduxerunt.
3477 5371 3558 5426 ro-

1988 5453 2174 5510 gantes
2215 5453 2272 5495 ut
2317 5446 2553 5511 precibus
2601 5439 2712 5497 suis
2742 5443 3033 5495 calamitati
3077 5439 3390 5511 mederetur.
3455 5444 3560 5507 Qui

1989 5509 2076 5564 eos
2118 5514 2208 5580 qui
2237 5509 2410 5565 secum
2435 5513 2659 5565 aderant
2697 5512 2914 5579 fundere
2952 5526 3123 5575 preces
3168 5509 3385 5576 jubens,
3435 5524 3554 5579 post

1989 5583 2281 5633 orationem
2330 5581 2728 5648 Evangeliorum
2763 5581 2990 5635 codicem
3024 5580 3068 5631 ci
3109 5580 3381 5648 imposuit.
3409 5597 3558 5636 niax-

1986 5665 2084 5718 quc
2110 5649 2272 5704 saluti
2294 5651 2570 5704 restitutus
2597 5651 2717 5718 fuit.
