3950 6154
425 172 574 232 1415'

1600 164 1668 223 S.
1701 159 2023 222 JOANNIS
2054 159 2485 222 DAMASCENI

3548 152 3686 217 1416

417 285 633 343 diutius
657 285 713 340 in
737 292 938 340 terram
967 280 1126 352 proni
1153 280 1506 343 adorassout,
1527 279 1813 350 supplices
1831 290 1998 332 voces

2113 291 2316 338 παντες,
2362 275 2456 327 καὶ
2487 275 2614 336 τοὺς
2644 272 2740 341 τῆς
2783 269 2993 338 ἱκεσίας
3025 272 3220 340 λόγους
3266 269 3690 340 ἐκπέμψαντες,

421 376 732 438 fundendo,
762 388 863 428 nec
901 371 1170 426 Dominus
1200 370 1458 426 Christus
1489 378 1782 435 annuerat,
1805 369 1874 422 ab
1899 369 1998 422 in—

420 465 761 535 terpellando
797 464 1216 527 abstinuerunt;
1271 473 1327 516 et
1381 463 1592 526 tristes,
1638 463 1996 531 demisseque

421 559 600 618 vultu,
648 554 714 608 ad
770 569 874 614 me.
917 553 1118 622 inquit,
1150 553 1357 607 reversi
1395 561 1526 606 sunt
1551 593 1564 613 ,
1606 553 1700 621 qui
1737 550 1882 604 haud
1909 552 1994 606 ita

422 646 613 717 procul
663 644 733 698 ab
785 643 1026 712 imagine
1061 641 1448 696 constiteram.
1502 642 1750 709 Cumque
1789 640 1855 693 ad
1911 653 1997 692 me

420 737 646 805 propius
698 733 1115 786 accessissent:
1155 748 1174 781 ‹
1217 728 1381 783 Vides
1412 772 1427 793 ,
1500 730 1798 798 inquiunt,
1849 727 1996 796 quod

421 844 445 876 ί
485 825 775 880 sanitatem
804 821 903 876 tibi
935 819 1244 874 concedere
1263 819 1530 874 Dominus
1557 818 1776 872 renuit?
1797 816 1996 871 Verum

423 935 444 967 α
488 932 556 970 ne
584 912 935 984 despondeas
989 911 1257 966 animum.
1297 910 1436 964 Nam
1483 925 1612 980 erga
1661 920 1710 963 te
1745 924 1995 979 prorsus,

426 1027 444 1060 ι
489 1009 568 1063 uti
597 1022 727 1078 erga
755 1019 949 1060 omnes
979 1020 1040 1060 se
1072 1004 1366 1075 benignum
1417 1002 1705 1074 praebebit.
1747 1021 1764 1052 ι
1811 999 1999 1069 Itaque

421 1101 580 1171 quasi
642 1097 935 1153 semihorae
973 1096 1164 1165 elapso
1219 1094 1423 1163 spatio,
1463 1102 1759 1162 surgentes
1799 1093 1997 1146 iterum

421 1194 729 1253 redierunt,
763 1188 1336 1258 supplicaveruntque
1365 1225 1379 1249 ,
1411 1184 1508 1238 sed
1546 1199 1766 1238 rursum
1799 1191 1999 1236 mwsto

421 1283 745 1354 dejectoque
794 1278 973 1344 vultu,
1018 1285 1076 1330 ut
1125 1283 1288 1337 ante,
1336 1289 1398 1328 re
1432 1272 1640 1328 inlecta
1691 1273 1996 1334 redierunt,

421 1375 658 1430 Domino
701 1384 1050 1440 nequaquam
1096 1367 1469 1432 concedente;
1517 1366 1868 1436 regressique
1905 1381 1997 1418 ea-

419 1465 546 1522 dem
581 1463 746 1534 388
778 1459 1122 1516 renuntiant.
1162 1455 1348 1511 Tertio
1375 1471 1504 1510 vero
1536 1454 1996 1525 proﬁciscentes:

429 1577 448 1608 ‹
491 1556 665 1615 Βοιιο,
706 1551 986 1621 inquiunt,
1029 1549 1217 1602 animo
1265 1555 1409 1602 esto.
1465 1546 1626 1601 Modo
1675 1547 1822 1601 enim
1871 1561 2001 1616 gra-

427 1665 446 1699 ι
485 1649 616 1700 tiam
669 1641 1126 1712 impetrabimus;
1181 1638 1280 1694 sed
1324 1647 1379 1692 tu
1413 1633 1661 1708 quoque,
1704 1638 1850 1692 sicut
1901 1653 2002 1692 nos

428 1755 446 1788 ι
486 1737 852 1805 deprecantes
881 1731 1088 1795 cernis,
1123 1730 1415 1785 nobiseum
1467 1729 1653 1783 itidem
1684 1727 2001 1798 procidens,

425 1847 446 1879 ι
491 1827 787 1880 Dominum
817 1823 1051 1892 supplex
1091 1823 1305 1877 invoca.
1350 1841 1368 1873 ι
1413 1819 1604 1875 Tertio
1649 1820 1891 1889 denique
1937 1819 2002 1873 ad

421 1917 720 1986 imaginem
784 1911 1136 1978 accedentes,
1193 1911 1384 1966 eodem
1448 1911 1634 1965 habitu
1695 1910 2004 1979 iisdemque

421 2007 608 2061 verbis
639 2013 967 2058 oraverunt.
998 2003 1246 2071 Cumque
1277 2000 1373 2054 diu
1407 2000 1819 2071 supplicassem
1846 2041 1860 2063 ,
1901 2000 2003 2053 hu-

422 2097 608 2165 mique
641 2095 905 2164 prostrati
927 2094 1032 2148 hoc
1064 2091 1414 2147 solummodo
1447 2092 1772 2154 clamarent,
1797 2111 1814 2142 ι
1844 2090 2001 2156 Jube,

422 2187 676 2250 Domine,
712 2205 730 2237 ι
771 2185 1032 2242 Christus
1061 2185 1282 2240 tandem
1313 2185 1675 2239 miseratione
1718 2191 1904 2238 motus
1937 2200 2005 2238 ex

423 2279 666 2349 imagine
703 2277 844 2332 dixit
883 2297 898 2332 :
953 2294 971 2328 ι
1019 2276 1085 2330 Et
1126 2275 1230 2344 ipsi
1267 2290 1489 2346 quoque
1522 2274 1768 2329 tribuite.
1809 2293 1828 2326 ι
1865 2273 2003 2328 Tum

423 2377 696 2440 martyres
758 2383 789 2422 a
849 2375 997 2423 terra
1063 2375 1392 2437 surgentes,
1460 2366 1703 2436 primum
1777 2365 2003 2436 quidem

422 2455 648 2512 Christo
676 2456 882 2526 gratias
913 2466 1169 2527 egerunt,
1207 2455 1355 2525 quod
1383 2457 1819 2526 postulationem
1849 2469 2003 2511 suam

423 2546 825 2603 exaudivisset.
877 2565 896 2599 ι

425 2657 612 2712 Sancti
648 2659 921 2711 Anastasii
950 2675 982 2711 a
1025 2666 1208 2711 sancto
1261 2657 1446 2712 Monte
1493 2657 1648 2722 Sina,
1701 2658 1758 2710 in
1813 2672 2005 2712 novam

640 2727 977 2780 Dominicam
1010 2737 1059 2781 et
1093 2728 1148 2780 in
1183 2727 1440 2781 Thomam
1474 2728 1798 2797 apostolum.

503 2878 657 2949 ηοω
681 2878 968 2934 Christum
1002 2880 1056 2934 in
1093 2895 1257 2934 aarne
1291 2881 1726 2944 contuebantur,
1764 2879 2006 2950 prophec

425 2979 539 3024 tam
569 2972 721 3025 illum
754 2986 876 3027 esse
905 2973 1336 3027 existimabant:
1367 2989 1468 3027 nos
1498 2981 1685 3027 autem
1709 2973 1802 3042 qui
1827 2973 2005 3042 ipsum

426 3074 537 3114 non
569 3060 859 3125 videmus,
897 3077 1022 3112 mox
1054 3077 1082 3113 a
1115 3063 1327 3117 teneris
1365 3063 1650 3132 unguibus
1683 3061 1843 3132 pueri
1875 3062 2009 3116 ado-

425 3153 832 3222 lescentulique
868 3151 1066 3215 Deum,
1100 3151 1418 3217 Dominum,
1460 3155 1924 3222 otnnipotentem,
1953 3160 2009 3207 et

427 3246 752 3298 saeculorum
784 3242 1125 3311 eﬂ‘ectorem,
1145 3244 1617 3314 splendoremque
1637 3244 1816 3297 Patris
1852 3259 2008 3298 eum-

425 3341 548 3393 dem
577 3355 700 3393 esse
731 3340 1078 3395 conﬁtemur.
1111 3339 1203 3396 Sic
1228 3343 1376 3396 enim
1424 3341 1719 3411 Evangelia
1746 3357 1870 3396 cum
1906 3341 2008 3397 ﬁde

427 3431 830 3494 auscultamus,
866 3447 930 3486 ac
959 3435 1004 3487 si
1039 3433 1338 3501 ipsummet
1368 3433 1654 3488 Christum
1685 3435 2003 3504 loquentem

427 3535 805 3574 cerneremus.
856 3519 1276 3574 lmmaculatam
1333 3523 1460 3576 item
1511 3521 1768 3590 corporis
1829 3520 2005 3589 ipsius

428 3609 789 3678 margaritam
819 3619 1125 3673 sumentes,
1180 3611 1332 3664 illum
1368 3611 1550 3680 ipsum
1583 3610 1865 3664 Christum
1903 3622 2005 3663 nos

427 3708 648 3768 gestare
679 3701 1084 3755 existimamus.
1121 3701 1268 3766 Quin
1299 3702 1464 3754 etiam
1511 3701 1556 3754 si
1607 3701 1855 3754 divinam
1885 3698 2006 3768 ejus

432 3788 644 3855 pit-tura
676 3789 1061 3842 tantummodo
1097 3788 1464 3843 deformatam
1503 3788 1733 3857 elligiem
1786 3789 2007 3856 conspi-

429 3877 662 3939 ciamus,
696 3885 957 3946 tanquam
993 3881 1105 3947 ipse
1142 3896 1242 3934 nos
1277 3897 1306 3933 e
1339 3881 1486 3934 caelo
1513 3881 1820 3943 intueatur,
1857 3879 2005 3932 arbi—

429 3977 666 4028 tramur,
690 3975 853 4036 atque
883 3967 1241 4036 procidentes
1288 3971 1607 4022 adoramus.
1637 3966 1832 4036 Magna
1857 3982 2005 4022 nunc

427 4071 511 4114 est
547 4059 678 4114 ﬁdes
713 4059 948 4114 Christi.
991 4077 1010 4110 ι

432 4172 519 4226 Ea:
593 4173 710 4227 Vita
778 4174 953 4227 sancti
1017 4171 1222 4225 abbatis
1279 4171 1561 4237 .Dam'elis,
1623 4169 1703 4226 De

1100 4243 1354 4312 lapicida.

507 4351 528 4385 ε
563 4333 718 4388 Tune
747 4351 984 4390 inserens
1015 4335 1105 4388 ille
1151 4335 1436 4399 discessit,
1481 4349 1652 4404 seque
1686 4349 1873 4387 coram
1910 4333 2000 4386 Dei

429 4427 734 4480 Celmi-iris
772 4428 1010 4497 imagine
1043 4435 1426 4496 prosternens,
1454 4441 1579 4480 cum
1617 4426 1826 4494 eiulatu
1858 4425 2002 4478 diee-

431 4519 525 4572 bat
575 4536 588 4571 :
650 4519 899 4584 Domine,
968 4518 1120 4590 quod
1175 4519 1387 4573 homini
1436 4518 1529 4573 isti
1582 4518 1877 4588 spopondi,
1919 4517 2003 4569 l'ac

433 4609 662 4662 solvam.
713 4630 731 4660 ι

712 4701 796 4752 Ea:
839 4701 956 4754 Vita
981 4715 1178 4756 sancta!
1206 4701 1400 4755 Maria:
1429 4700 1718 4770 IEgyptiw.

505 4806 524 4838 ι
561 4787 698 4842 Cum
737 4792 901 4860 igitur
933 4794 1195 4861 lugerem,
1224 4807 1393 4862 supra
1425 4793 1608 4845 locum
1640 4792 1693 4844 in
1725 4804 1836 4859 quo
1871 4803 2004 4843 con-

432 4879 682 4931 stiterant
711 4917 725 4941 ,
761 4889 967 4933 sancta:
1006 4881 1097 4935 Dei
1142 4882 1441 4934 Genitricis
1493 4881 1788 4950 imaginem
1834 4881 2004 4935 collo-

431 4977 612 5023 catam
662 4973 982 5040 conspicio,
1028 4973 1232 5039 hisque
1262 4988 1382 5025 eam
1419 4972 1690 5039 compello
1722 4973 2005 5025 sermoni-

433 5065 618 5117 buszt
660 5061 829 5132 Virgo
861 5062 956 5117 Dei
1009 5063 1284 5127 Genitrix,
1338 5061 1591 5122 Domina,
1644 5077 1768 5129 qua:
1832 5062 2002 5118 Deum

435 5172 456 5206 ς
501 5151 734 5207 Verbum
784 5155 839 5206 in
892 5168 1058 5206 carne
1097 5152 1392 5221 peperisti,
1435 5149 1549 5202 scio
1578 5151 1850 5219 equidem,
1891 5155 2006 5207 seio

435 5263 456 5297 ι
499 5260 718 5315 aequum
751 5226 1296 5312 consentaneumque
1330 5256 1440 5295 non
1474 5256 1617 5299 esse.
1673 5251 1734 5296 ut
1786 5244 2004 5313 impura

435 5352 457 5382 ο
500 5351 624 5404 ego,
667 5338 949 5407 nullisque
979 5353 1087 5391 non
1140 5336 1374 5388 luxuriae
1415 5333 1676 5387 sordibus
1719 5336 2002 5400 squalens,

437 5441 458 5472 ‹
502 5425 798 5496 imaginem
832 5437 980 5482 tuam
1015 5431 1250 5488 intuear,
1288 5426 1496 5495 quippe
1527 5439 1649 5492 qum
1675 5425 1832 5491 virgo
1861 5439 2000 5476 sem-

444 5529 461 5560 ι
503 5523 600 5573 per
627 5516 906 5572 exstiteris
942 5535 956 5572 :
995 5518 1129 5587 quin
1171 5531 1270 5583 par
1301 5524 1407 5578 est,
1438 5523 1496 5568 ut
1528 5528 1742 5566 summa
1784 5513 1874 5564 illa
1912 5522 2002 5566 tua

1779 4170 2003 4241 Eulogio

2039 4255 2089 4316 Ι)

2098 366 2175 429 ὡς
2192 368 2220 418 ό
2245 366 2521 436 Δεσπότης
2545 365 2780 434 Χριστὸς
2798 365 2897 418 οὐκ
2923 365 3209 430 ἐπένευσε,
3229 364 3325 416 τοῦ
3350 362 3692 432 πρεσσεύειν

2100 457 2464 524 παυσάμενοι,
2492 457 2760 526 κατηφεῖς
2784 455 2880 508 καὶ
2905 453 3182 524 ὀλίγωροι,
3208 453 3347 524 πρὸς
3373 452 3500 522 ἐμὲ,
3526 453 3689 523 φησὶ,

2099 547 2515 616 παραγίνονται,
2549 548 2610 600 ού
2650 547 2865 617 μακρὰν
2898 546 3034 599 πολὺ
3066 545 3164 614 τῆς
3201 543 3413 607 εἰκόνος
3446 543 3685 615 ἱστάμε-

2100 657 2207 693 νον.
2240 640 2351 692 Καὶ
2392 639 2623 709 πλησίον
2655 639 2966 708 γενόμενοι,
3011 656 3030 688 ι
3069 638 3255 709 Ὁρᾷς,
3294 638 3454 706 φησὶ,
3487 637 3610 703 πῶς
3661 641 3692 692 ό

2105 753 2122 784 ι
2157 734 2437 803 Δεσπότης
2478 734 2540 786 ού
2569 733 2824 804 βούλεταί
2854 751 2938 785 σοι
2969 733 3154 786 δοῦναι
3191 733 3290 804 τὴν
3320 734 3509 800 τασιν;
3547 733 3690 786 ἀλλὰ

2105 841 2122 873 ι
2165 824 2331 893 μηδὲν
2379 824 2691 896 ἀθυμήσῃς.
2751 825 2977 887 Πάντως
3023 824 3133 894 γὰρ
3178 823 3273 877 καὶ
3315 824 3452 893 πρὸς
3512 826 3574 877 σὲ
3609 825 3685 888 ὡς

2107 933 2124 964 ι
2163 916 2299 986 πρὸς
2328 919 2536 978 πάντας
2557 916 3106 986 χρηστεύεται.»Καὶ
3134 916 3527 980 διαναστάντες
3553 917 3681 969 ὡσεὶ

2102 1003 2300 1074 μικρὸν
2333 1004 2632 1075 ἡμιὼριον,
2680 1007 2778 1059 καὶ
2825 1006 2988 1060 πάλιν
3041 1005 3398 1070 ἀπελθόντες,
3449 1006 3673 1060 ἐδέοντο.

2100 1099 2211 1151 Καὶ
2238 1093 2397 1150 πάλιν
2427 1099 2721 1168 ἄπρακτοι,
2749 1097 2937 1167 φησὶν,
2961 1097 3386 1166 ἀνακάμπτουσι
3417 1100 3674 1168 κατηφεῖς

2101 1187 2198 1240 καὶ
2219 1187 2500 1258 ὀλίγωροι,
2534 1188 2609 1252 ὡς
2633 1188 2693 1240 τὸ
2717 1180 2984 1259 πρότερον
3006 1187 3101 1240 τοῦ
3134 1189 3406 1241 Δεσπότου
3442 1189 3682 1258 Χριστοῐι

2104 1283 2179 1354 μὴ
2209 1282 2586 1342 κελεύσαντος.
2637 1280 2751 1333 Kal.
2779 1278 2957 1332 ταῦτά
3003 1294 3093 1347 μοι
3121 1277 3284 1331 πάλιν
3326 1277 3579 1340 ἐλθόντες
3607 1278 3687 1329 εί·

2105 1373 2355 1444 ρήκασιν.
2389 1371 2463 1423 Τὸ
2488 1370 2673 1438 τρίτον
2693 1369 2752 1422 δὲ
2782 1367 3161 1438 πορευόμενον
3199 1384 3217 1416 ι
3247 1365 3473 1436 Θάρρει,
3502 1364 3688 1432 λέγου-

2107 1481 2126 1514 ‹
2163 1479 2275 1516 σιν·
2303 1461 2398 1514 νῦν
2424 1461 2535 1531 γὰρ
2564 1461 2666 1530 τὴν
2696 1460 2854 1529 χάριν
2887 1459 3108 1520 πάντως
3139 1455 3517 1526 λαμϐάνομενο
3546 1454 3688 1508 ἀλλά

2109 1573 2128 1604 ί
2162 1555 2257 1607 καὶ
2291 1554 2378 1616 σὺ,
2413 1552 2603 1620 ὥσπερ
2644 1553 2791 1620 ἡμᾶς
2820 1551 2953 1621 ὁρᾷς
3000 1546 3368 1609 ἱκετεύοντας,
3409 1546 3508 1598 σὺν
3549 1547 3687 1616 ἡμῖν

2111 1665 2130 1697 ‹
2164 1645 2356 1708 ὲλθὼν,
2391 1646 2481 1697 τὸν
2510 1641 2793 1710 Δεσπότην
2827 1642 3064 1694 ἱκέτευε.
3109 1657 3128 1690 ι
3161 1638 3272 1692 Καὶ
3297 1638 3437 1710 πρὸς
3477 1638 3577 1708 τὴν
3606 1639 3687 1690 εί-

2109 1738 2242 1790 κόνα
2268 1736 2329 1788 τὸ
2353 1735 2537 1806 τρίτον
2576 1734 2864 1803 γενόμενοι
2905 1734 3022 1794 τοῖς
3069 1729 3405 1801 προλαϐοῦσι
3459 1731 3685 1799 τρόποις

2105 1828 2346 1899 ἐχρῶντο
2372 1827 2467 1879 καὶ
2505 1826 2740 1896 ῥήμασι.
2771 1823 2882 1876 Kal.
2912 1823 2987 1886 ὡς
3027 1822 3178 1892 ὥραν
3218 1819 3420 1890 πολλὴν
3459 1819 3687 1889 ἐδεήθηο

2107 1938 2236 1984 σαν,
2270 1920 2365 1972 καὶ
2399 1919 2549 1973 κάτω
2581 1918 2845 1987 κείμενοι,
2878 1915 2960 1978 τὺ,
2998 1933 3015 1966 ι
3053 1913 3332 1978 Κελεύεις,
3363 1913 3630 1972 Δέσποτα,
3661 1930 3681 1962 ι

2109 2015 2270 2083 μόνον
2300 1995 2604 2080 ἀνέκραζον
2627 2049 2641 2073 ,
2667 2009 2788 2061 τότε
2821 2009 2849 2060 ό
2875 2006 3109 2076 Χριστὸς
3143 2003 3589 2074 σπλαγχνισθεὶς,
3609 2003 3688 2067 ὡς

2105 2103 2430 2173 οἰκτίρμων,
2465 2119 2484 2151 ¢
2529 2099 2638 2153 Καὶ
2690 2099 2809 2152 δότε
2868 2094 3038 2164 αὐτῷ,
3075 2113 3096 2146 ι
3137 2095 3276 2167 πρὸς
3326 2094 3426 2162 τῆς
3478 2094 3688 2156 εἰκόνος

2108 2193 2507 2262 ἀπεφθέγξατο.
2544 2191 2653 2243 Ka‘t
2676 2187 2922 2259 χαμόθεν
2949 2185 3281 2248 ἀναστάντες
3301 2187 3352 2238 οἱ
3388 2185 3686 2255 μάρτυρες,

2107 2285 2322 2355 πρῶτον
2349 2285 2448 2354 μὲν
2481 2282 2850 2352 ηὐχαρίστουν
2879 2279 3106 2350 Χριστῷ
3136 2278 3216 2350 τῷ
3253 2277 3373 2349 Θεῷ
3399 2276 3580 2349 ήμῶν,
3604 2277 3684 2338 ὼς

2105 2376 2204 2445 τῆς
2230 2375 2468 2445 δεήσεως
2504 2373 2684 2427 αὐτῶν
2714 2370 3106 2425 ἔπακούσαντι.
3147 2389 3166 2422 ι

2113 2666 2224 2722 Τοῦ
2247 2665 2418 2736 ἁγίου
2442 2663 2846 2736 ’ᾼναστασίοο
2871 2660 2976 2714 τοῦ
3003 2659 3178 2736 άγίου
3203 2659 3384 2736 ὄρους
3408 2655 3574 2736 amt.
3593 2657 3687 2736 sic

2179 2728 2306 2803 τὴν·⁷
2333 2733 2554 2801 καινὴν
2581 2731 2913 2800 Κυριακὴν,
2947 2731 3044 2785 καὶ
3083 2732 3170 2795 είς
3203 2728 3311 2782 τὸν
3341 2728 3689 2782 ἀπόστολον

2181 2803 2414 2874 Θωμᾶν.

2185 2916 2204 2948 ‹
2242 2899 2305 2949 Οἱ
2341 2894 2648 2966 ἑωρακότες
2680 2891 2915 2964 Χριστὸν
2947 2893 3004 2944 ὲν
3049 2890 3232 2960 σαρκὶ,
3279 2889 3354 2951 ὡς
3391 2888 3690 2958 προφήτην

2110 2988 2272 3041 αὐτὸν
2322 2984 2504 3056 εἶχον·
2553 2987 2602 3038 oi
2647 2984 2721 3055 μὴ
2771 2982 3080 3054 ἑωρακότες
3125 2982 3326 3051 ἡμεῖς,
3371 2978 3595 3041 εὐθέως,
3631 2977 3689 3039 ἐξ

2112 3078 2339 3134 ἁπαλῶν
2365 3079 2594 3147 ὀνύχων,
2629 3077 2837 3141 παῖδες,
2881 3075 2976 3128 καὶ⁹
3012 3072 3310 3136 νεανίσκοι,
3331 3070 3464 3123 Θεὸν
3495 3069 3682 3131 αὑτὸν,

2111 3170 2490 3241 ὲξουσιαστὴν,
2537 3169 2633 3223 καὶ
2668 3166 3111 3237 παντοκράτορα,
3163 3165 3260 3216 καὶ
3311 3160 3422 3214 τῶν
3475 3159 3691 3214 αἰώνων

2110 3262 2362 3333 ποιητὴν,
2392 3262 2736 3328 ἀπαύγασμα
2768 3258 2862 3311 τοῦ
2905 3255 3121 3327 Πατρός
3163 3252 3558 3325 ὁμολογοῦμεν.
3599 3250 3690 3311 Ὠς

2107 3351 2216 3420 γὰρ
2251 3352 2414 3403 αὑτὸν
2446 3353 2652 3402 ἐκεῖνον
2694 3349 2980 3418 βλέποντες
3010 3344 3247 3414 Χριστὸν
3277 3343 3565 3401 λαλοῦντα,
3597 3337 3689 3392 οὓς

2106 3459 2216 3502 τως
2245 3440 2352 3492 τῶν
2386 3440 2549 3492 αὐτοῦ
2573 3437 2918 3506 Εύαγγελίων
2949 3435 3085 3504 μετᾶ
3117 3435 3351 3496 πίστεως
3378 3432 3650 3501 ἀκούομεν
3672 3447 3685 3459 ·

2109 3530 2202 3582 καὶ
2248 3530 2339 3580 τὸν
2370 3528 2635 3598 ἄχραντον
2689 3524 3034 3594 μαργαρίτην
3088 3524 3184 3575 τοῦ
3225 3522 3393 3577 αὐτοῦ
3435 3520 3692 3589 σώματος

2107 3620 2413 3690 δεχόμενοι,
2451 3617 2617 3669 αὐτὸν
2641 3617 2850 3667 ἐκεῖνον
2881 3614 3176 3683 βαστάζειν
3204 3616 3296 3666 τὸν
3328 3613 3569 3680 Χριστὸν
3599 3627 3690 3662 νο-

2111 3710 2357 3782 μίζομεν.
2391 3707 2508 3761 Κᾶν
2533 3706 2693 3776 μόνον
2727 3703 2890 3756 αὑτοῦ
2933 3704 3073 3756 θεῖον
3108 3703 3436 3773 χαρακτῆρα
3472 3704 3690 3768 ἐξεικοο

2107 3801 2360 3870 νισμένον
2407 3797 2628 3866 ἴδωμεν,
2683 3794 2757 3857 ὡς
2796 3793 2856 3857 ἐξ
2906 3792 3135 3864 ούρανοῦ
3181 3794 3313 3861 ἡμῖν
3365 3793 3692 3854 ἀτενίζοντα

2109 3891 2428 3961 νομίζομεν,
2476 3885 2918 3955 προσκυνοῦμεν,
2977 3882 3418 3954 προσπίπτομεν.
3450 3881 3688 3951 Μεγάλη

2108 3981 2203 4033 νῦν
2235 3983 2269 4050 ή
2297 3981 2480 4041 πίστις
2511 3976 2607 4029 τοῦ
2633 3975 2891 4047 Χριστοῦ.
2920 3993 2937 4026 ι

2121 4182 2223 4233 Ἐκ
2262 4176 2369 4231 τοῦ
2405 4175 2551 4241 ,ϐίου
2589 4174 2698 4228 τοῦ
2738 4172 2889 4228 ὰϐϐᾶ
2930 4170 3176 4239 Δανιὴλ,
3206 4170 3345 4237 Περὶ
3387 4168 3682 4238 Εὑλογίου

2373 4263 2376 4268 ·
2679 4245 2786 4298 τοῦ
2832 4245 3117 4311 λατόμου.

2186 4363 2203 4392 ί
2239 4341 2376 4394 Τότε
2427 4338 2776 4410 ὀλιγωρήσας
2823 4333 3067 4404 ἀπῆλθε,
3119 4333 3214 4385 καὶ
3271 4332 3435 4401 ῥίψας
3487 4331 3680 4384 ἑαυτὸν

2107 4429 2417 4502 ἔμπροσθεν
2441 4427 2540 4498 τῆς
2565 4428 2774 4488 εἰκόνος
2803 4426 2902 4495 τῆς
2928 4425 3219 4485 Θεοτόκου,
3243 4422 3380 4492 μετὰ
3405 4420 3683 4491 κλαυθμοῦ

2107 4523 2262 4589 ἔλεγε
2283 4536 2299 4552 ο
2335 4520 2532 4587 Κύριε,
2563 4518 2725 4570 λύσον
2754 4519 2852 4587 τὴν
2883 4515 3085 4585 ἐγγύην
3112 4514 3206 4568 τοῦ
3245 4513 3532 4584 ἀνθρώπου
3560 4511 3684 4565 τού-

2108 4631 2202 4667 του
2231 4613 2325 4665 ἀπ’
2357 4610 2512 4681 ἐμοῦ.
2546 4628 2564 4662 ι

2292 4704 2392 4757 Ἐκ
2423 4701 2529 4756 τοῦ
2564 4701 2712 4765 ,βίου
2753 4702 2983 4769 Μαρίας
3019 4700 3132 4768 τῆς
3160 4699 3501 4770 Αιγυπτίας.

2181 4813 2200 4845 ί
2234 4794 2514 4847 κλαίουσα
2554 4795 2768 4856 τοίνυν,
2805 4793 2914 4862 όρῶ
2949 4792 3134 4845 ἐπάνω
3180 4790 3275 4843 τοῦ
3323 4791 3490 4842 τόπου
3549 4791 3610 4843 ὲν
3639 4785 3687 4861 ᾧ

2109 4883 2368 4952 ἱστάμην,
2407 4881 2504 4952 τὴν
2551 4882 2737 4934 εἰκόνα
2770 4882 2869 4948 τῆς
2908 4880 3069 4948 ἁγίας
3098 4879 3360 4932 Θεοτόκου
3409 4877 3682 4944 ἑστῶσαν,

2106 4976 2201 5027 καί
2225 4991 2370 5043 φημι
2397 4973 2534 5043 πρὸς
2561 4973 2735 5042 αὑτήν
2757 4988 2770 5000 ·
2805 4990 2823 5022 ‹
2849 4970 3114 5040 Παρθένε,
3139 4970 3366 5022 Θεοτόκε
3391 4969 3683 5030 Δέσποινα.

2114 5086 2131 5117 ι
2165 5068 2198 5135 ή
2241 5065 2333 5116 τὸν
2379 5065 2516 5117 Θεὸν
2558 5065 2732 5130 Λόγον
2773 5064 2912 5116 κατά
2960 5062 3139 5132 σάρκα
3176 5063 3515 5130 γεννήσασα,
3564 5056 3684 5116 οἶδα

2117 5179 2130 5207 ι
2173 5157 2291 5226 μὲν,
2336 5152 2476 5219 οἶδα,
2511 5156 2588 5218 ὡς
2622 5156 2721 5208 οὑκ
2769 5154 2919 5207 ἔστιν
2961 5153 3258 5222 εὐπρεπὲς,
3287 5153 3408 5205 οὐδὲ
3438 5152 3680 5220 εὔλογον,

2114 5271 2130 5299 ‹
2166 5233 2264 5316 τῆν
2297 5246 2440 5298 οὕτω
2476 5247 2751 5317 ῥυπαρὰν,
2786 5245 2888 5316 τὴν
2925 5244 3070 5298 οὓτω
3111 5244 3448 5305 πανάσωτον,
3475 5244 3574 5314 τὴν
3606 5245 3684 5297 εί-

2115 5360 2130 5385 c
2174 5338 2305 5390 κόνα
2330 5337 2570 5405 καθορᾷν
2607 5354 2723 5402 σου,
2746 5339 2846 5406 τῆς
2877 5336 3286 5407 Ἀειπαρθένου,
3317 5335 3452 5388 ἀλλὰ
3477 5335 3683 5389 δίκαιόν

2113 5447 2129 5476 ι
2168 5427 2339 5488 ἐστιν,
2367 5425 2468 5494 ἐμὲ
2493 5425 2598 5477 ὑπὸ
2630 5427 2728 5495 τῆς
2758 5426 2858 5496 σῆς
2883 5425 3256 5496 καθαρότητος
3282 5423 3556 5495 μισεῖσθαι
3588 5427 3681 5479 καὶ

2114 5538 2130 5566 ι
2171 5514 2571 5585 βδελύττεσθαι.
2622 5517 2768 5588 Πλὴν
2819 5518 3049 5590 ἐπείπερ
3093 5518 3180 5572 διὰ
3214 5517 3373 5572 τοῦτο
3399 5518 3622 5587 γέγονεν
3649 5519 3682 5573 ὁ
