3980 6140
373 333 505 405 1417

1459 329 1558 392 DE
1596 300 2057 391 IMAGINIDUS
2091 326 2192 388 on
2206 320 2376 385 mo
2415 313 2529 379 III.

3474 315 3609 380 H18

375 466 397 502 ι
433 451 500 502 ὲκ
527 444 621 501 σοῦ
643 444 856 517 τεχθεὶς
889 442 1043 509 Θεὸς,
1068 441 1380 516 ἄνθρωπος,
1409 444 1557 507 ὅπως
1578 442 1786 515 καλέσῃ
1808 442 1935 505 τοὺς

2045 458 2064 491 ι
2101 439 2329 509 ‘purilas
2376 447 2466 490 me
2525 438 2788 504 tanquam
2848 432 3243 490 exsecrabilem
3298 421 3612 488 aversetur.

374 554 397 590 ι
434 535 794 607 ἁμαρτωλοὺς
817 536 897 599 είς
925 533 1238 604 μετάνοιαν,
1269 533 1539 605 βοήθησόν
1562 550 1673 604 μοι,
1699 535 1764 603 τῇ
1801 531 1937 600 μόνῃ

374 642 398 677 ε
435 625 509 696 μὴ
536 624 735 697 ἐχούσῃ
763 625 886 679 τινὰ
907 623 1181 695 βοήθειαν.
1212 623 1497 690 Ἐπίταξον
1525 624 1695 693 κάμοὶ
1723 638 1938 692 συγχω-

373 730 397 768 α
433 713 670 787 ρηθῆναι
704 715 805 786 τὴν
848 717 1088 771 εἴσοδον·
1130 716 1204 788 μὴ
1256 717 1527 786 στερήσῃς
1578 731 1644 784 με
1683 715 1745 768 τὸ
1785 713 1940 778 ξύλον

376 824 398 859 ι
438 807 586 871 ἰδεῖν,
617 808 675 861 ὲν
701 800 747 875 ᾧ
777 807 920 862 κατὰ
950 807 1130 879 σάρκα
1168 806 1496 878 προσεπάγη
1535 808 1563 859 ὁ
1587 805 1717 869 Θεὸς
1744 805 1937 874 Λόγος,

377 916 398 952 ι
431 898 491 953 ὃν
515 899 839 971 ἐγέννησας·
872 899 932 963 ὃς
958 899 1020 952 τὺ
1053 894 1198 967 αἷμα
1217 898 1280 952 τὸ
1313 897 1444 950 ἴδιον
1477 899 1619 969 ὑπὲρ
1647 896 1782 968 ἐμοῦ
1812 897 1942 952 ἔδω-

377 1006 397 1042 (
433 1006 529 1044 κεν
549 989 887 1058 ἀντίλυτρον.
924 988 1231 1054 Ἔπίταξον,
1255 983 1300 1043 ὦ
1329 990 1615 1053 Δέσποινα,
1641 988 1810 1059 κάμοὶ
1841 989 1941 1059 τὴν

373 1095 396 1132 t
430 1078 600 1150 θύραν
633 1078 949 1149 ἀνοιχθῆναι
975 1078 1075 1148 τῆς
1118 1077 1271 1142 θείας
1296 1076 1390 1132 τοῦ
1423 1077 1659 1149 σταυροῦ
1702 1094 1941 1145 προσκυο

375 1187 395 1221 ι
428 1169 659 1240 νήσεως.
697 1168 812 1221 Καί
839 1185 900 1222 σε
938 1168 1133 1238 δίδωμι
1174 1167 1253 1232 τῷ
1296 1169 1363 1222 ὲκ
1394 1168 1489 1222 σοῦ
1531 1167 1779 1240 τεχθέντι
1821 1168 1942 1239 Θεῷ

374 1276 395 1312 ι
431 1257 710 1330 ἐγγυητὴν
741 1256 1060 1329 ἀξιόχρεων,
1086 1259 1163 1322 ὡς
1186 1258 1374 1313 ούκέτι
1396 1259 1498 1330 τὴν
1529 1260 1711 1330 σάρκα
1738 1259 1941 1330 ταύτην

372 1367 395 1402 ι
432 1348 705 1420 ὲξυϐρίσω
743 1349 813 1402 δι’
859 1350 1092 1421 αἰσχρᾶς
1136 1349 1458 1421 οἱασδήποτε
1518 1350 1741 1420 μίξεως.
1800 1349 1941 1404 Ἀλλ’

375 1458 396 1494 ι
431 1442 595 1512 ἡνίκα
623 1440 685 1493 τὸ
714 1440 870 1506 ξύλον
903 1440 997 1495 τοῦ
1037 1440 1271 1514 σταυροῦ
1303 1440 1398 1495 τοῦ
1431 1440 1564 1496 Υἱοῦ
1596 1458 1691 1495 σου
1734 1441 1942 1496 θεάσω-

374 1547 396 1583 t
433 1548 553 1602 μαι,
582 1530 773 1602 κόσμῳ
809 1532 904 1585 καὶ
928 1534 1044 1596 τοῖς
1066 1534 1123 1584 ὲν
1152 1531 1342 1604 κόσμῳ
1376 1535 1541 1589 πᾶσιν
1580 1532 1783 1598 εὐθέως
1808 1535 1943 1588 ἁπο-

2044 547 2065 581 σ
2111 529 2337 594 Verum,
2372 524 2594 597 quando
2621 522 2789 590 Deus,
2827 527 2920 597 qui
2954 539 3177 579 carnem
3209 538 3277 578 ex
3316 532 3370 579 te
3418 537 3616 579 susce-

2045 637 2063 671 ι
2112 620 2215 690 pit,
2255 619 2465 674 idcirco
2496 618 2678 674 factus
2727 627 2813 673 est
2864 618 3060 680 homo,
3096 624 3156 669 ut
3185 622 3506 685 peccatores
3542 612 3607 668 ad

2046 729 2066 763 ι
2113 712 2500 782 pmnitentiam
2530 718 2775 777 vocaret,
2812 709 3014 778 adjuva
3057 723 3164 772 me,
3221 721 3433 777 quaeso,
3489 719 3612 775 quae

2045 821 2066 855 ι
2110 803 2227 859 sola
2247 817 2391 870 sum,
2415 802 2567 857 aliud
2592 811 2791 872 praeter
2815 808 2868 857 te
2890 800 3207 871 praesidium
3232 813 3344 854 non
3376 799 3607 854 habens.

2046 916 2066 949 ι
2114 896 2277 959 Jube,
2313 905 2372 951 ut
2397 895 2526 950 mihi
2557 910 2784 966 quoque
2815 895 3104 965 ingressus
3138 900 3357 964 pateat;
3388 906 3491 947 nec
3524 906 3614 948 me

2047 1007 2067 1041 ι
2111 995 2414 1059 conspectu
2448 988 2635 1058 prives
2672 986 2806 1057 ligni
2838 986 3009 1048 illius,
3048 985 3104 1041 in
3142 999 3253 1055 quo
3304 980 3610 1039 secundum

2046 1097 2066 1129 ι
2109 1092 2335 1133 carnem
2368 1075 2559 1132 allixus
2590 1082 2674 1130 est
2704 1073 2850 1129 Deus
2879 1072 3148 1140 Verbum,
3182 1088 3345 1144 quem
3368 1081 3426 1126 tn
3453 1086 3616 1143 pepe-

2048 1190 2064 1222 ε
2113 1169 2255 1236 risti,
2294 1168 2503 1239 quique
2531 1166 2815 1239 proprium
2853 1166 3251 1236 sanguinemin
3279 1164 3645 1233 redemptio-1

2047 1281 2066 1315 ‹
2109 1265 2196 1319 nis
2228 1277 2362 1319 mea
2400 1265 2636 1333 pretium
2673 1260 2843 1316 dedit.
2878 1259 3049 1325 Jube,
3094 1256 3348 1322 Domina,
3384 1267 3442 1310 ut
3478 1256 3614 1310 mihi

2047 1373 2065 1406 ι
2109 1355 2339 1426 perinde
2375 1355 2441 1408 ad
2470 1353 2668 1408 divinae
2697 1351 2884 1407 crucis
2912 1350 3299 1406 adorationem
3342 1349 3492 1403 fores
3519 1362 3617 1416 pa-

2047 1464 2066 1498 ι
2113 1454 2289 1502 team.
2320 1443 2578 1516 Teipsam
2617 1444 2726 1499 Deo
2754 1458 2817 1498 ex
2854 1450 2906 1498 te
2934 1442 3143 1513 genito,
3180 1449 3231 1496 te
3270 1441 3324 1493 in
3363 1439 3615 1508 locuple-

2048 1553 2067 1587 ι
2112 1535 2387 1591 tissimam
2444 1533 2681 1604 praedem
2732 1530 2916 1598 trado,
2959 1546 3047 1586 me
3094 1530 3359 1599 deinceps
3391 1541 3613 1583 carnem

372 1641 393 1676 ‹
427 1624 727 1694 τάσσομαι,
773 1624 871 1678 καὶ
915 1624 1119 1679 αὐτίκα
1154 1624 1474 1695 ἐξέρχομαι,
1521 1626 1655 1679 ὅπου
1707 1625 1773 1680 ἂν
1802 1626 1939 1697 αὑτὴ

2048 1644 2068 1678 ι
2113 1625 2260 1680 hanc
2302 1624 2459 1679 nullo
2509 1639 2742 1694 prorsus
2779 1624 2995 1692 impuro
3024 1623 3172 1676 coitu
3206 1635 3448 1690 unquam
3492 1633 3613 1673 ma-

373 1732 394 1767 r
429 1713 506 1779 ὡς
551 1714 831 1787 ἐγγυητὴς
866 1713 1066 1787 ὑπόθῃ,
1109 1715 1205 1769 καὶ
1257 1715 1531 1787 όδηγήσῃς
1560 1732 1650 1787 με.
1694 1732 1713 1768 ι
1755 1716 1939 1770 Ταῦτα

2048 1735 2068 1769 ι
2114 1717 2448 1773 culaturam.
2485 1715 2745 1782 Quinimo
2785 1714 2877 1770 ubi
2911 1714 3099 1769 crucis
3131 1710 3256 1768 Filii
3289 1712 3367 1765 tui
3405 1712 3612 1781 lignum

365 1778 746 1871 εἰποῦσα,κῶ
782 1778 974 1878 ὧσπερ
1000 1778 1124 1861 τινὰ
1172 1778 1573 1877 πληροφορίαν·
1596 1804 1840 1860 λαϐοῦσα
1879 1805 1939 1859 τὸ

2047 1827 2067 1862 ι
2113 1821 2486 1878 conspexero,
2535 1804 2742 1863 mundo
2789 1807 2977 1863 statim
3023 1814 3077 1860 et
3107 1804 3368 1860 omnibus
3402 1818 3525 1873 quae
3554 1802 3613 1857 in

367 1893 468 1965 τῆς
495 1895 732 1960 πίστεως
760 1895 1029 1968 ἔμπυρον,
1050 1899 1117 1968 τῇ
1144 1895 1519 1966 εὐσπλαγχνίᾳ
1547 1896 1649 1967 τῆς
1673 1895 1938 1949 Θεοτόκου

368 1982 712 2056 θαρρήσασα,
745 1985 879 2040 κινῶ
914 1987 1163 2056 ἐμαυτὴν
1194 1984 1253 2052 ἐξ
1296 1985 1506 2039 ἐκείνου
1536 1984 1631 2038 τοῦ
1659 1984 1847 2050 τόπου,
1881 1986 1940 2039 έν

365 2068 412 2142 ᾧ
443 2075 658 2129 ἑστῶσα
691 2076 999 2149 ἐποιούμην
1014 2076 1113 2147 τὴν
1141 2076 1347 2148 δέησιν,
1374 2076 1468 2130 καὶ
1492 2074 1724 2148 ἔρχομαι
1755 2076 1937 2142 πάλιν,

367 2167 467 2221 καὶ
501 2169 615 2232 τοῖς
651 2167 915 2221 εἰσιοῦσιν
966 2168 1213 2239 ἐμαυτὴν
1244 2167 1604 2239 ὲγκατέμιξα.
1657 2167 1771 2222 Καὶ
1811 2168 1942 2222 οὑκ-

366 2258 451 2312 έτι
474 2253 543 2330 ἦν
565 2258 772 2314 ὁώθῶν
833 2277 924 2331 με,
960 2260 1056 2317 καὶ
1094 2260 1525 2332 άντωθούμενος,
1555 2261 1650 2315 καὶ
1690 2260 1866 2325 οὐδεὶς
1910 2260 1939 2312 ό

366 2348 594 2405 κωλύων
619 2347 713 2403 τοῦ
734 2349 961 2421 πλησίον
981 2351 1232 2420 γενέσθαι
1252 2369 1320 2422 με
1342 2352 1442 2423 τῆς
1464 2351 1655 2423 θύρας,
1682 2351 1749 2406 δι’
1768 2347 1837 2424 ἦς
1860 2354 1942 2418 είς

364 2437 459 2494 τὸν
493 2435 640 2494 οἷκον
661 2440 932 2513 εἰσῄεσαν.
964 2441 1195 2497 Ἔλαϐεν
1217 2441 1311 2496 οὖν
1345 2459 1413 2512 με
1433 2442 1600 2514 φρίκη
1626 2443 1720 2496 καὶ⁵
1743 2441 1940 2497 ἐκστα-

368 2546 457 2594 σις
472 2531 568 2585 καὶ
595 2530 690 2602 ὅλη
718 2530 786 2586 δι’
804 2531 926 2585 ὅλου
953 2523 1414 2603 ὲκλονούμην,καὶ
1443 2532 1941 2606 έτρεμον.Ῥίψασα

365 2620 550 2674 τοίνυν
588 2620 834 2692 ἐμαυτὴν
877 2621 971 2675 ἐπὶ
1007 2620 1107 2693 τῆς
1136 2621 1261 2691 γῆς,
1311 2620 1408 2677 καὶ
1456 2620 1519 2676 τὸ
1566 2622 1720 2692 ἅγιον
1764 2623 1942 2676 έκεῖνο

367 2712 798 2783 προσκυνήσασα
835 2709 1062 2783 ἔδαφος,
1109 2710 1331 2783 ἔτρεχον
1369 2711 1622 2777 ἐξιοῦσα,
1658 2714 1753 2767 καὶ
1805 2713 1942 2785 πρὸς

366 2803 470 2873 τὴν
515 2802 934 2873 έγγυησαμένην
968 2803 1226 2872 γενέσθαι
1273 2804 1674 2870 σπουδάζουσα.
1710 2806 1940 2878 Γίνομαι

366 2893 551 2949 τοίνυν
581 2896 639 2949 ὲν
665 2894 859 2966 ἐκείνῳ
878 2884 957 2966 τῷ
988 2895 1163 2965 τόπῳ,
1190 2896 1248 2948 ὲν
1272 2890 1318 2965 ᾧ
1349 2896 1451 2966 τῆς
1470 2896 1677 2968 ἐγγύης
1701 2899 1942 2969 ἐπεγρά-

366 3006 445 3059 φη
496 2987 879 3059 χειρόγραφον,
914 2986 1011 3041 καὶ
1051 2987 1178 3056 γόνυ
1218 2987 1449 3041 κλίνασα
1495 2988 1803 3059 ἔμπροσθεν
1843 2991 1942 3060 τῆς

2044 1919 2066 1954 1
2111 1900 2318 1955 mundo
2350 1906 2483 1955 sunt
2526 1899 2877 1964 renuntiabo,
2912 1898 3166 1968 nihilque
3199 1907 3437 1964 morata,
3479 1897 3614 1950 illuc

2046 2010 2066 2043 ι
2108 1990 2455 2062 proﬁciscar,
2509 2005 2620 2061 quo
2673 1996 2732 2044 tu
2785 1990 2925 2060 ipsa,
2967 2004 3132 2059 quam
3173 1988 3229 2043 in
3285 2004 3610 2059 sponsorem

2045 2097 2065 2132 ι
2111 2095 2293 2146 sumo,
2325 2080 2591 2151 iusseris,
2626 2087 2793 2152 atque
2819 2081 3065 2136 duxeris.
3108 2099 3128 2135 ι
3161 2078 3258 2136 His
3283 2082 3612 2150 pronuntia-

2042 2171 2135 2239 tis,
2168 2187 2236 2229 ex
2266 2170 2393 2229 ﬁdei
2415 2170 2615 2227 ardore
2640 2171 2846 2228 certior
2870 2170 3275 2240 quodammodo
3300 2172 3535 2237 reddita,
3559 2179 3614 2226 ct

2041 2261 2099 2317 in
2131 2261 2231 2318 Dei
2282 2261 2580 2320 Genitricis
2616 2263 2908 2320 clementia
2959 2264 3119 2319 ﬁdem
3160 2278 3393 2336 ponens,
3441 2279 3508 2319 cx
3551 2280 3616 2320 eo

2040 2353 2163 2409 loco
2189 2355 2242 2409 in
2266 2369 2376 2426 quo
2397 2364 2652 2411 steteram
2686 2362 3018 2425 precataque
3043 2354 3275 2421 fueram,
3305 2353 3615 2419 discedens,

2042 2443 2112 2501 iis
2140 2444 2234 2515 qui
2265 2445 2714 2517 ingrediebantur
2742 2446 2907 2518 389
2934 2463 3021 2503 me
3044 2462 3264 2504 rursum
3293 2447 3480 2518 jungo,
3517 2465 3617 2502 nec
3718 2502 3731 2517 ί

2042 2534 2303 2643 deinceps
2331 2536 2620 2607 quisquam
2656 2536 2757 2592 fuit
2778 2541 2870 2610 qui
2902 2554 2987 2594 me
3015 2539 3321 2610 repelleret,
3339 2540 3499 2594 etcui
3530 2555 3618 2594 re-

2041 2626 2281 2697 pellenti‘
2301 2626 2643 2683 resisterem.
2670 2626 2868 2685 Nullus
2895 2646 3121 2701 prorsus
3145 2630 3239 2701 qui
3280 2646 3367 2686 me
3400 2630 3618 2687 foribus

2043 2723 2279 2784 arceret,
2328 2733 2427 2789 per
2470 2732 2610 2790 quas
2657 2718 2712 2774 in
2760 2721 2932 2776 aedem
2974 2736 3192 2775 sacram
3231 2721 3414 2776 aditus
3473 2731 3616 2778 erat.

2042 2806 2254 2865 llorror
2279 2809 2464 2865 statim
2498 2818 2552 2864 et
2591 2819 2789 2881 stupor
2835 2827 2923 2866 me
2954 2811 3190 2879 invadit,
3221 2820 3450 2886 totoque
3487 2832 3616 2872 cor-

2044 2914 2177 2970 pore
2208 2902 2431 2970 quatior
2465 2908 2523 2954 et
2554 2900 2967 2956 contremisco:
3003 2919 3244 2975 cumque
3294 2906 3446 2962 humi
3485 2924 3613 2979 pro-

2044 2995 2241 3053 Strata,
2281 2995 2533 3042 sanctum
2566 2986 2705 3041 illud
2749 2987 2930 3042 solum
2959 2989 3307 3055 adorasscm,
3335 2995 3614 3064 egredior,

380 3076 775 3149 Ἀειπαρθένου
819 3076 912 3130 καὶ
938 3076 1223 3143 Θεοτόκου,
1244 3076 1455 3141 τούτοις
1479 3078 1801 3149 ἐχρησάμην
1827 3080 1939 3141 τοῖς

2045 3093 2327 3150 cursuque
2360 3079 2426 3134 ad
2460 3094 2581 3134 eam
2617 3093 2738 3149 quae
2774 3094 2873 3148 pro
2919 3095 3005 3135 me
3053 3085 3451 3153 speponderat,
3488 3103 3617 3159 pro-

367 3169 611 3240 ῥήμασιν
631 3184 646 3200 ·
682 3188 702 3221 ‹
733 3168 807 3222 Σὺ
857 3168 978 3239 μὲν,
1013 3167 1277 3238 φιλάγαθε
1308 3169 1604 3236 Δέσποινα,
1635 3169 1698 3221 τὸ
1725 3168 1815 3223 σὺν
1852 3168 1939 3225 ἐπ’

2044 3186 2203 3242 pero,
2240 3178 2406 3241 atque
2435 3170 2488 3224 in
2522 3185 2587 3225 eo
2616 3170 2739 3225 loco
2769 3164 3105 3237 consistens,
3143 3175 3197 3227 in
3230 3190 3335 3243 quo
3365 3180 3616 3245 sponsiu-

371 3278 393 3311 ι
434 3261 562 3330 ἐμοὶ
599 3260 847 3326 ἐνεδείξω
878 3260 1286 3333 φιλάνθρωπον,
1331 3263 1396 3315 σὺ
1446 3262 1544 3333 τῆς
1578 3260 1803 3326 ἀναξίας
1842 3260 1939 3315 οὐκ

2044 3262 2133 3320 nis
2160 3261 2591 3333 chirographum
2631 3270 2922 3317 exaratum
2974 3271 3114 3325 erat,
3163 3266 3397 3336 genibus
3430 3283 3617 3321 coram

369 3371 393 3404 s
431 3352 702 3419 ιὸδελύξω
731 3354 830 3424 τὴν
857 3352 1062 3425 δέησιν.
1096 3347 1252 3405 Εἶδον
1276 3351 1457 3419 δόξαν,
1485 3352 1563 3423 ἣν
1587 3348 1816 3416 δικαίως
1842 3352 1939 3422 οὐκ

2050 3355 2144 3410 Dei
2181 3353 2480 3410 Genitricis
2530 3353 2771 3424 imagine
2820 3354 3037 3424 positis,
3087 3355 3176 3411 hic
3227 3357 3377 3410 illam
3435 3360 3619 3413 verbis

375 3462 398 3497 σ
436 3445 653 3516 ὁρῶμεν
681 3447 732 3498 οἱ
757 3446 992 3500 ἄσωτοι·
1021 3444 1149 3509 δόξα
1178 3444 1257 3515 τῷ
1284 3442 1424 3514 Θεῷ,
1443 3442 1523 3511 τῷ
1555 3444 1642 3498 διὰ
1672 3443 1767 3497 σοῦ
1792 3444 1939 3513 δεχο-

2044 3444 2358 3514 compello:
2407 3462 2426 3496 ι
2464 3443 2548 3497 Tu
2599 3443 2845 3515 quidem,
2906 3446 3302 3501 amabilissima
3361 3449 3619 3519 bonaque

366 3552 391 3589 ε
435 3536 581 3604 μένῳ
595 3535 702 3589 τῶν
724 3535 1065 3607 ἁμαρτωλῶν
1085 3535 1183 3606 τὴν
1204 3535 1521 3606 μετάνοιαν·
1548 3555 1566 3587 ι
1594 3536 1774 3588 καὶτὰ
1790 3533 1939 3605 ἐξῆς.

2051 3554 2071 3589 ι
2118 3535 2376 3601 Domina,
2415 3543 2564 3589 tuam
2607 3550 2735 3606 erga
2765 3551 2853 3591 me
2892 3536 3294 3593 humanitatem
3333 3555 3620 3594 common-

372 3644 395 3680 τ
442 3630 629 3683 strasti
660 3638 752 3685 :tu
781 3631 1022 3699 indignae
1045 3644 1238 3700 preces
1270 3632 1592 3699 neutiquam
1619 3629 1936 3700 despexisti.
1979 3626 2222 3683 Gloriam
2265 3626 2418 3681 illam
2467 3626 2599 3691 vidi,
2650 3626 2815 3694 cujus
2849 3635 3152 3697 conspectu
3202 3645 3305 3683 nos
3352 3631 3615 3700 impudici

369 3741 393 3776 ι
437 3721 590 3794 digni
655 3738 766 3777 non
797 3736 1041 3777 eramus.
1107 3719 1192 3774 Sit
1232 3720 1343 3775 Deo
1404 3721 1601 3790 gloria,
1658 3720 1752 3790 qui
1789 3726 2143 3791 peccatorum
2173 3716 2557 3787 paenitentiam
2599 3730 2693 3784 per
2730 3722 2782 3770 te
2817 3715 3079 3785 suscipit,
3126 3735 3144 3767 ι
3177 3725 3284 3771 etc.

592 3814 694 3868 Ἐκ
719 3813 825 3868 τοῦ
843 3814 989 3877 ,Βίου
1012 3811 1119 3881 τῆς
1143 3814 1316 3883 ἁγίας
1358 3811 1722 3879 Εὐπραξιάς.

2425 3805 2507 3860 Ea:
2545 3806 2662 3861 Vita
2685 3814 2881 3861 sancta:
2917 3805 3222 3875 Eupraxiw.

442 3921 462 3954 ι
495 3903 655 3972 Λέγει
683 3904 717 3973 ἡ
746 3902 993 3966 διάκονος
1024 3902 1104 3973 τῷ
1128 3901 1400 3971 κορασίῳ·
1432 3919 1453 3951 ι
1497 3901 1747 3969 Ὕπαγε,
1773 3898 1937 3971 κυρία

2121 3918 2142 3953 ι
2186 3899 2507 3955 Diaconissa
2530 3913 2659 3954 vero
2684 3898 2751 3953 ad
2781 3899 3017 3968 puellam
3048 3900 3123 3952 ait
3155 3917 3167 3952 :
3207 3919 3225 3952 ‹
3256 3901 3356 3955 Abi
3388 3901 3614 3959 dmuum

361 4011 384 4043 ε
432 4007 557 4061 μου,
593 3994 672 4054 εἰς
694 3992 784 4045 τὸν
813 3986 962 4044 οἶκόν
1016 4006 1130 4053 σου,
1170 3991 1249 4042 ὅτι
1275 3990 1337 4042 ού
1376 3988 1603 4043 δύνασαι
1632 3984 1734 4042 ὧδε
1759 4005 1938 4056 παρα-

2049 4010 2071 4045 ι
2115 4000 2299 4057 tuam,
2345 3992 2564 4047 domina
2623 4005 2781 4058 mea;
2834 4005 3010 4059 neque
3070 3994 3214 4046 enim
3261 3993 3348 4045 hic
3397 4010 3619 4050 manere

357 4104 385 4138 ι
430 4087 634 4154 μεῖναι.
714 4083 849 4136 Οὐδὲ
900 4082 1011 4152 γὰρ
1070 4081 1293 4136 δύναταί
1354 4099 1438 4143 τις
1490 4075 1592 4135 ὧδε
1667 4082 1938 4153 παραμεῖ-

2051 4103 2070 4136 ι
2117 4092 2293 4155 potes.
2348 4083 2498 4140 Nulli
2552 4084 2754 4154 quippe
2815 4083 2939 4136 istic
2997 4085 3325 4137 commorari
3384 4086 3465 4140 fas
3505 4095 3613 4151 est,

356 4193 384 4226 ι
430 4190 540 4237 ναι,
582 4172 675 4225 ἐὰν
741 4173 816 4241 μὴ
866 4171 1190 4241 συντάξηται
1256 4171 1335 4239 τῷ
1401 4171 1639 4243 Χριστῷ.
1698 4190 1718 4222 ι
1775 4172 1939 4239 Λέγει

2048 4193 2067 4227 ι
2113 4175 2225 4231 nisi
2251 4175 2473 4231 Christo
2506 4174 2859 4243 adjungatnr.
2894 4194 2910 4225 ι
2944 4172 3128 4227 Puella
3169 4183 3348 4227 autem
3379 4193 3395 4237 :
3428 4196 3447 4229 ‹
3485 4176 3617 4232 Ubi-

347 4264 503 4335 αὖτῇ
543 4262 604 4316 τὸ
650 4263 940 4334 κοράσιον·
993 4282 1013 4316 ι
1054 4263 1164 4317 Ποῦ
1217 4266 1365 4317 ἐστιν
1420 4266 1449 4318 ὁ
1490 4263 1763 4335 Χριστός;
1796 4283 1817 4314 ι
1876 4264 1939 4317 Ἦ

2045 4281 2066 4316 ι
2109 4280 2261 4329 nam,
2310 4265 2510 4336 inquit,
2542 4263 2799 4319 Christus
2830 4264 2954 4317 est?
2992 4282 3011 4313 ν
3061 4262 3315 4317 Ostendit
3345 4266 3439 4319 illa
3476 4267 3617 4322 ima-

345 4357 611 4419 διάκονος
638 4356 909 4423 ἐπέδειξεν
939 4356 1077 4428 αὐτῇ
1108 4357 1200 4412 τὸν
1235 4357 1562 4411 Δεσποτικὺν
1587 4357 1939 4428 χαρακτῆρα⁹

2046 4373 2066 4406 ι
2113 4355 2294 4424 ginem
2316 4354 2558 4420 Christi;
2585 4354 2649 4406 ad
2674 4369 2836 4422 quam
2863 4353 3042 4421 puella
3065 4367 3331 4406 conversa
3356 4373 3369 4408 :
3402 4375 3420 4406 ‹
3457 4356 3611 4422 Vere,

347 4449 463 4503 καὶ
491 4450 814 4516 στραφεῖσα,
861 4447 1008 4515 λέγει
1047 4450 1111 4518 τῇ
1146 4448 1410 4519 διακόνῳ·
1446 4467 1464 4499 ι
1505 4449 1747 4519 Ἀληθῶς
1781 4450 1939 4516 κάγὼ

2047 4462 2067 4497 ι
2114 4444 2318 4515 inquit,
2354 4459 2456 4514 ego
2483 4458 2705 4513 quoque
2732 4443 2956 4497 Christo
3003 4444 3324 4513 conjuugor,
3366 4462 3464 4500 nec
3495 4465 3615 4501 um-

354 4559 379 4592 α
431 4537 510 4608 τῷ
539 4538 756 4609 Χριστῷ
813 4538 1202 4608 συντάσσομαι,
1250 4539 1344 4591 καὶ
1394 4537 1578 4592 οὐκέτι
1624 4538 1937 4609 ἀπέρχομαι

2046 4553 2066 4586 ι
2112 4534 2261 4604 plius
2290 4548 2413 4588 cum
2448 4535 2668 4587 domina
2697 4549 2812 4589 mea
2846 4533 3149 4587 discedam.
3194 4553 3211 4585 ι
3263 4534 3616 4609 Rursumque

2042 4640 2382 4696 consurgens
2439 4623 2735 4693 Enpraxia,
2785 4625 3063 4694 liliumque
3104 4640 3258 4679 suam
3311 4631 3617 4698 apprehen-

2042 4715 2201 4781 dens,
2234 4714 2535 4771 Dominicae
2565 4729 2685 4769 eam
2733 4714 2976 4769 admovit
3036 4716 3277 4787 imagini,
3328 4722 3615 4781 manibus-

2044 4822 2154 4878 que
2198 4807 2268 4861 ad
2300 4807 2501 4861 caelum
2543 4805 2800 4870 sublatis,
2848 4820 2973 4859 cum
3034 4806 3295 4878 lacrymis
3341 4813 3617 4870 exclama-

2041 4899 2162 4953 vit:
2203 4918 2223 4950 ι
2266 4897 2489 4953 Domine
2535 4896 2664 4953 Jesu
2717 4898 2955 4965 Christe,
2993 4900 3184 4969 puella:
3232 4902 3393 4971 liuius
3425 4922 3613 4960 curam

2049 5008 2067 5041 ι
2117 4990 2338 5054 habeto,
2384 4989 2514 5059 quia
2552 4997 2605 5043 te
2635 4990 2976 5060 concupivit,
3008 5005 3071 5044 ac
3105 4993 3343 5061 seipsam
3383 4995 3478 5048 tibi
3520 4997 3612 5051 de-

2049 5100 2069 5132 «
2114 5081 2271 5136 didit.
2311 5101 2330 5133 ι

2112 5172 2327 5228 Sancta:
2356 5174 2548 5245 synodi
2574 5173 2888 5296 quinisbexue
2932 5173 3027 5227 sub
3058 5171 3373 5228 Iustiniano
3406 5173 3543 5227 cele-

2772 5254 2923 5296 ratw.

2772 5254 2923 5298 ναίω.

348 4649 377 4683 ‹
427 4628 571 4700 μετὰ
584 4629 683 4699 τῆς
710 4629 906 4700 κυρίας
931 4647 1053 4699 μου.
1091 4631 1230 4684 »Καὶ
1274 4629 1437 4683 πάλιν
1459 4631 1741 4683 ἀναστᾶσα
1766 4630 1801 4701 ἡ
1832 4627 1938 4681 Εὐο

341 4718 592 4791 πραξία,
654 4718 748 4772 καὶ
792 4717 1032 4772 λαϐοῦσα
1071 4719 1169 4790 τὴν
1222 4718 1498 4790 θυγατέρα
1539 4720 1761 4790 ἑαυτῆς,
1793 4735 1936 4789 παρ-

337 4832 364 4868 ε
381 4830 592 4883 στησεν
605 4815 684 4877 είς
697 4812 788 4866 τὸν
814 4812 1142 4866 Δεσποτικὸν
1167 4812 1513 4884 χαρακτῆρα,
1540 4811 1634 4865 καὶ
1652 4810 1937 4866 ἐκτείνασα

334 4905 461 4969 τὰς
479 4907 668 4976 χεῖρας
683 4906 854 4976 αὐτῆς
876 4906 956 4968 είς
977 4905 1067 4958 τὸν
1091 4905 1339 4975 ούρανὺν,
1367 4903 1559 4974 ὲόόησε
1579 4903 1717 4972 μετὰ
1736 4901 1939 4958 κλαυθ-

339 4994 471 5065 μοῦ
492 5010 507 5025 ο
536 4996 737 5068 «Κύριε
755 4994 929 5066 Ἰησοῦ
964 4995 1189 5066 Χριστὲ,
1214 4994 1296 5047 σοὶ
1315 4990 1536 5064 μελήσει
1551 4994 1680 5064 περὶ
1694 4993 1788 5046 τοῦ
1807 5009 1937 5045 παι-

338 5105 368 5140 (
422 5085 565 5152 δίου,
598 5087 680 5140 ὅτι
706 5086 766 5140 σὲ
794 5086 1084 5156 ἐπόθησεν,
1115 5085 1209 5139 καὶ
1244 5086 1326 5138 σοὶ
1354 5084 1625 5155 παρέθετο
1645 5084 1866 5153 ἑαυτήν.
1911 5104 1931 5135 ι

337 5173 481 5244 Τῆς
498 5176 668 5242 ἁγίας
683 5175 860 5242 ἕκτης
878 5176 1146 5231 συνόδου
1176 5176 1286 5245 (45)
1316 5173 1426 5243 τῆς
1455 5174 1551 5228 ἐπὶ
1590 5176 1935 5245 Ἰουστινια-

521 5245 654 5308 νοῦ,
694 5245 828 5313 ,περὶ
852 5246 963 5315 τῆς
979 5247 1152 5314 ἁγίας
1185 5244 1458 5313 πέμπτης
1479 5244 1769 5299 συνόδου.

428 5351 457 5385 ε
492 5335 589 5388 Ἐν
625 5353 737 5389 τισι
771 5336 882 5389 τῶν
932 5337 1147 5390 σεπτῶν
1194 5336 1419 5390 εἰκόνων
1469 5337 1710 5405 γραφαῖς
1743 5335 1937 5406 ’Δμνδς

2119 5353 2137 5386 ε
2185 5334 2242 5389 ln
2282 5335 2616 5405 quibusdam
2661 5334 3059 5389 venerabilium
3096 5333 3394 5403 imaginum
3429 5334 3614 5402 pictu—

316 5423 608 5495 δακτύλῳ
633 5424 728 5480 τοῦ
761 5428 1068 5499 προδρόμου
1116 5427 1465 5499 δεικνύμενος
1505 5428 1934 5498 ἐγχαράττεται,

2044 5427 2120 5481 ris
2149 5426 2337 5498 Agnus
2363 5427 2537 5497 digito
2574 5426 2937 5497 praecursoria
2969 5433 3313 5480 monstratus
3363 5427 3615 5497 depingi-

1833 5542 2058 5599 NOTAE.

410 5633 542 5704 (43)
574 5637 668 5690 Ἐκ
703 5633 812 5704 τῆς
838 5634 1010 5703 ἁγίας
1038 5635 1216 5702 ἕκτης
1269 5637 1559 5690 συνόδου.
1594 5634 1693 5689 llic
1731 5635 1925 5691 titulus

2044 5643 2093 5689 ut
2130 5649 2255 5689 eum
2314 5631 2508 5690 Latine
2556 5634 2790 5690 reddidi.
2847 5633 2981 5688 Nam
3018 5650 3196 5691 canon
3253 5636 3358 5691 iste
3391 5642 3612 5703 octoge'

309 5707 648 5776 multiplici
680 5707 812 5759 vitio
844 5706 1075 5770 laborat,
1112 5707 1204 5774 qui
1249 5709 1331 5762 sic
1394 5705 1779 5777 intelligendus
1824 5715 1929 5774 cst,
2043 5708 2216 5759 simus
2239 5704 2516 5763 secundus
2551 5715 2656 5773 est,
2683 5721 2789 5760 non
2817 5706 3041 5775 quintae,
3071 5723 3166 5763 nec
3197 5716 3362 5763 sextae
3397 5705 3612 5778 synodi,

640 5800 906 5859 Parnm”
938 5802 1053 5859 Gn.
1084 5799 1288 5861 XCIV.

2460 5825 2468 5832 ·
3202 5800 3285 5862 ίι5
