3980 6140
421 245 562 311 1423

1610 251 1673 312 8.
1705 251 2025 323 JOANNIS
2061 255 2494 327 DAMASCENI

3539 266 3667 331 1421

417 358 477 413 in
518 356 713 411 'trihus
769 354 1161 428 hypostasibus
1196 355 1581 423 exsistentem,
1647 362 1986 432 principium

2102 364 2277 436 ἀρχὴν
2314 366 2569 438 ἄναρχον,
2606 366 2733 439 μίαν
2762 367 2999 440 θέλησιν,
3041 368 3168 440 μίαν
3205 368 3511 442 ἐνέργειαν,
3545 376 3665 444 μίαν

418 462 590 503 unum
640 446 760 501 sine
812 445 1112 515 principio,
1169 461 1334 500 unam
1394 449 1759 516 voluntatem,
1829 469 1996 507 unam

411 538 815 609 operationem,
868 550 1032 591 unam
1106 547 1455 607 potestatem,
1515 556 1682 595 unum
1747 543 1997 597 domina-

417 637 559 693 tum,
615 642 785 680 unum
838 641 1089 696 regnum,
1124 628 1452 698 hypostases
1506 639 1619 687 tres
1666 633 1819 685 nulla
1853 634 1908 687 in
1938 648 1996 687 re

412 718 715 777 discrimen
762 716 1049 781 habentes,
1082 720 1190 775 nisi
1231 719 1286 772 in
1319 733 1385 773 eo
1421 718 1574 789 quod
1614 720 1720 776 alia
1753 722 1995 793 ingenita

409 818 519 876 est,
551 809 658 863 alia
691 809 896 879 genita,
937 815 993 863 et
1044 809 1150 863 alia
1187 810 1442 879 procedit
1472 831 1485 866 :
1517 810 1739 868 Patrem
1774 815 1991 884 ingeni-

408 910 529 956 tum
577 916 678 956 nec
727 910 1071 973 generatum,
1122 901 1321 955 Filium
1379 904 1652 971 genitum,
1727 921 1825 960 nec
1880 906 1992 961 ullo

412 1005 573 1066 pacto
603 994 933 1065 ingenitum,
963 991 1232 1061 Spiritum
1281 1001 1536 1049 sanctum
1573 995 1989 1065 procedentem,

409 1088 508 1157 qui
551 1101 653 1141 nec
686 1099 881 1150 causa,
941 1099 1041 1138 nec
1072 1084 1292 1153 genitus
1325 1091 1428 1139 cst.
1478 1083 1611 1140 Nam
1646 1084 1863 1141 Patrem
1905 1087 1990 1143 sui

409 1194 635 1237 causam
685 1185 740 1234 et
786 1176 991 1241 fontem
1042 1177 1229 1241 habet,
1296 1183 1484 1247 utpote
1531 1180 1625 1249 qui
1660 1193 1727 1233 ex
1766 1193 1831 1234 eo
1861 1194 1992 1250 pro-

408 1273 682 1341 greditur,
772 1285 884 1325 non
938 1268 1316 1339 generationis
1370 1269 1557 1332 modo,
1609 1270 1704 1339 sed
1759 1283 1987 1338 proces-

408 1363 605 1429 sionis,
653 1369 715 1415 ut
766 1374 910 1414 unus
939 1356 1103 1414 Pater
1142 1359 1234 1422 sit,
1280 1373 1425 1412 unus
1462 1356 1655 1424 Filius,
1692 1375 1837 1416 unus
1870 1359 1989 1430 Spi-

374 1511 380 1520 ,
410 1455 550 1508 ritus
582 1459 828 1507 sanctus.
864 1448 1033 1503 Deum
1057 1447 1359 1519 perfectum
1388 1446 1629 1513 Patrem,
1659 1449 1831 1506 Deum
1864 1464 1988 1521 per-

372 1525 615 1602 :fectum
666 1543 891 1609 Filium,
961 1542 1122 1597 deum
1158 1535 1473 1612 perfectum
1526 1540 1792 1612 Spiritum
1856 1557 1987 1598 san-

411 1648 586 1705 ctum,
615 1653 725 1693 non
759 1634 924 1699 duos,
960 1649 1141 1705 neque
1188 1642 1300 1689 tres
1358 1632 1519 1698 Deos,
1567 1635 1662 1689 sed
1704 1633 1809 1688 tria
1865 1635 1984 1690 hate

2098 455 2367 521 ἐξουσίαν,
2430 458 2557 528 μίαν
2623 458 2942 530 κυριότητα,
2996 459 3124 530 μίαν
3176 460 3472 530 βασιλείαν,
3521 471 3667 537 τρεῖς

2100 546 2430 610 ὑποστάσεις
2458 550 2516 601 ὲν
2537 549 2712 602 οὐδενὶ
2743 549 2804 602 τὸ
2836 551 3093 627 διάφορον
3134 552 3384 621 ἐχούσας,
3425 558 3473 608 εί
3511 557 3591 627 μὴ
3620 560 3666 612 ἐν

2097 638 2175 708 τῷ
2203 640 2486 710 ἀγεννήτῳ
2528 642 2620 695 καὶ
2660 640 2903 712 γεννητῷ
2932 642 3027 695 κα)¹
3066 626 3411 713 ἓκπορευτῷ·
3450 626 3665 718 Πατέρα

2096 730 2411 799 ἀγέννητον,
2449 732 2541 786 καὶ
2600 733 2659 785 ού
2685 732 2944 805 γεννητόν
2969 748 2983 763 ο
3011 733 3141 787 Υίὸν
3169 734 3427 805 γεννητὸν
3455 736 3554 790 καὶ
3579 738 3670 790 οὐκ

2097 813 2389 885 ἀγέννητον
2416 834 2424 846 ·
2480 818 2703 889 Πνεῦμα
2732 819 2885 887 ἅγιον
2915 821 3266 892 ἐκπορευτὸν,
3303 824 3393 877 καὶ
3430 825 3557 878 οὔτε
3589 827 3668 880 αἰ-

2082 920 2230 967 ητιον,
2254 903 2378 958 οὔτε
2435 907 2753 981 ἀγέννητον.
2811 911 2964 979 Ἔχει
3002 911 3111 981 γὰρ
3152 911 3332 967 αἰτίαν
3361 916 3457 969 καὶ
3487 916 3668 988 πηγὴν

2093 991 2186 1046 τὸν
2216 994 2453 1066 Πατέρα,
2488 996 2546 1061 ἐξ
2583 998 2745 1051 αὐτοῦ
2800 1001 3220 1070 προερχόμενον,
3270 1004 3329 1056 οὐ
3372 1005 3667 1075 γεννητῶς,

2094 1082 2208 1135 ἀλλ’
2231 1085 2586 1155 ’ἑκπορευτῶς
2610 1104 2622 1119 ο
2684 1088 2771 1141 ἵνα
2812 1091 2895 1160 εἴη
2946 1085 3026 1153 εἷς
3064 1090 3276 1162 Πατὴρ,
3312 1087 3393 1156 εἷς
3428 1092 3584 1158 Υίὸς,
3617 1093 3668 1148 ἒν

2093 1172 2318 1245 Πνεῦμα
2347 1175 2500 1245 ἆγιον
2521 1193 2535 1207 ο
2568 1176 2701 1232 Θεὸν
2731 1180 2822 1233 τὸν
2880 1181 3101 1252 Πατέρα
3146 1183 3378 1250 τέλειον,
3411 1184 3551 1239 Θεὸν
3588 1185 3668 1239 τὸν

2092 1264 2221 1319 Υἱὸν
2246 1264 2472 1333 τέλειον,
2494 1267 2626 1322 Θεὸν
2644 1270 2706 1323 τὸ
2740 1269 2965 1342 Πνεῦμα
2994 1273 3056 1325 τὸ
3086 1273 3258 1342 ἆγιον,
3277 1275 3339 1329 οὐ
3366 1275 3458 1328 δύο
3485 1276 3664 1343 θεοὺς,

2090 1356 2211 1410 οὐδὲ
2242 1359 2413 1427 τρεῖς,
2437 1358 2552 1411 ἀλλ’
2568 1359 2666 1414 ἕνα
2707 1360 2777 1414 τὰ
2809 1363 2938 1433 τρία
2966 1362 3121 1423 Θεόν.
3176 1364 3315 1419 Οῦτε
3341 1366 3451 1437 γὰρ
3488 1369 3666 1440 χρόνῳ

2087 1448 2369 1518 τέμνεται,
2402 1448 2464 1502 οὐ
2493 1450 2701 1522 τρόπῳ,
2736 1452 2797 1505 οὐ
2841 1453 3072 1525 δυνάμει
3107 1456 3411 1526 μερίζεται,
3462 1458 3588 1512 ἀλλ’
3613 1461 3667 1513 ὲν

2089 1536 2339 1608 ἀλλήλοις
2364 1538 2464 1611 τὴν
2495 1541 2870 1614 περιχώρησιν
2928 1544 3115 1615 ἔχουσι
3147 1547 3269 1617 δίχα
3299 1548 3483 1619 πάσης
3542 1566 3664 1605 συν-

2089 1630 2321 1703 αλοιφῆς
2351 1631 2446 1685 καὶ
2472 1634 2810 1705 συγχύσεως.
2845 1637 3118 1707 Δυνάμεις
3156 1640 3265 1713 γάρ
3300 1641 3407 1693 εἱσι
3430 1640 3529 1694 τοῦ
3565 1643 3668 1696 Πα-

409 1731 582 1788 Deum
610 1744 800 1785 unum.
852 1726 1041 1797 Neque
1082 1725 1231 1780 enim
1269 1734 1512 1796 tempore
1554 1725 1850 1793 scinditur,
1878 1741 1986 1781 non

2091 1721 2219 1794 τρὸς
2244 1722 2272 1774 ὁ
2304 1722 2475 1791 Λόγος
2506 1722 2601 1776 καλ⁵
2627 1723 2687 1777 τὸ
2707 1724 2863 1794 ἅγιον
2879 1725 3125 1797 Πνεῦμα,
3160 1727 3241 1780 διὸ
3270 1729 3363 1783 καὶ
3392 1723 3473 1792 εἷς
3499 1729 3633 1795 Θεός
3651 1748 3665 1761 ·

412 1825 567 1890 loco,
613 1837 724 1877 non
773 1821 977 1874 virtute
1033 1817 1297 1873 dividitur
1340 1835 1353 1872 :
1394 1817 1490 1873 sed
1540 1817 1595 1871 in
1642 1832 1702 1873 se
1750 1817 1986 1872 invicem

409 1913 996 1972 circumincessionem
1017 1910 1242 1973 habent,
1258 1909 1396 1964 citra
1420 1909 1773 1965 coalitionem
1792 1918 1845 1965 et
1862 1923 1990 1964 con-

408 2008 705 2063 fusionem.
758 2002 942 2057 Patris
1001 2000 1209 2071 quippe
1262 2002 1501 2057 virtutes
1545 2007 1676 2057 sunt
1706 1998 1881 2056 Filius
1932 2008 1988 2056 et

409 2076 660 2168 Spiritus
708 2103 971 2154 sanctus,
1006 2091 1367 2161 quamobrem
1414 2097 1471 2145 et
1519 2103 1663 2145 unus
1701 2087 1848 2146 Deus
1876 2100 1982 2146 est.

408 2185 528 2243 Etsi
580 2196 712 2240 vero
766 2181 1002 2235 virtutes
1043 2184 1195 2244 sunt,
1235 2192 1344 2231 non
1390 2184 1573 2231 tamen
1612 2190 1734 2247 quae
1760 2176 1986 2231 minime

408 2277 738 2335 subsistant.
785 2272 1138 2342 Unaquaeque
1169 2269 1315 2325 enim
1368 2266 1614 2339 perfecta
1665 2267 1983 2338 bypostasis

407 2376 514 2433 est,
546 2382 616 2423 ne
645 2371 845 2422 natura
885 2362 1076 2418 divina
1125 2359 1433 2428 composita
1470 2358 1544 2414 sit
1572 2372 1640 2413 ex
1660 2358 1905 2413 essentia
1930 2367 1986 2412 et

405 2459 708 2533 potentiis:
749 2460 1084 2526 quapropter
1137 2465 1482 2521 unaquaeque
1521 2463 1758 2521 persona
1783 2463 1983 2504 secun-

406 2554 539 2609 dum
573 2565 634 2607 se
662 2547 1014 2604 considerata
1050 2542 1196 2598 Deus
1251 2540 1533 2611 perfectus
1586 2548 1694 2605 est,
1738 2539 1977 2609 perfecta

404 2641 744 2716 hypostasis.
804 2636 962 2692 Unus
1016 2641 1202 2690 autem
1254 2632 1421 2700 Deus,
1466 2634 1571 2686 tria
1617 2632 1733 2686 haec
1791 2646 1977 2687 secum

405 2743 601 2794 mutuo
661 2742 715 2789 et
764 2732 820 2786 in
870 2744 930 2786 se
982 2728 1222 2783 invicem
1279 2726 1576 2782 intellecta.
1634 2725 1813 2795 Atque
1873 2723 1980 2778 hoc

404 2827 588 2885 modis
620 2821 877 2881 omnibus
907 2818 1190 2891 singulare
1226 2824 1334 2882 est,
1368 2830 1431 2871 ac
1464 2815 1575 2872 Deo
1631 2815 1979 2873 solummodo

403 2915 689 2974 convenit.
734 2911 894 2968 Unus
942 2924 1074 2981 ergo
1128 2906 1276 2964 Deus
1306 2915 1394 2963 est
1442 2906 1600 2962 Pater
1629 2914 1683 2961 et
1714 2904 1891 2961 Filius
1927 2914 1984 2960 et

407 3008 648 3082 Spiritus
714 3010 959 3060 sanctus.
1026 2999 1183 3056 Unus
1233 2998 1362 3054 οεοιί
1390 3004 1446 3053 et
1494 3004 1657 3053 terras
1703 2994 1977 3081 conditor,

2092 1812 2207 1867 ἀλλ’
2232 1814 2281 1867 εί
2306 1812 2403 1868 καὶ
2426 1814 2704 1885 δυνάμεις,
2732 1818 2833 1870 οὐκ
2860 1817 3244 1875 ἀνυπόστατοι.
3297 1819 3542 1889 Ἐκάστη
3565 1822 3668 1891 γὰρ

2087 1906 2270 1959 τελεία
2293 1906 2613 1971 ὑπόστασις,
2669 1907 2759 1963 ῐνα
2785 1908 2859 1980 μὴ
2885 1908 3142 1974 σύνθετος
3165 1910 3226 1975 ἐξ
3255 1911 3443 1975 οὐσίας
3480 1914 3519 1983 ἡ
3552 1912 3667 1969 θεία

2088 1995 2252 2065 φύσις
2272 1996 2359 2068 εἴη
2388 1999 2480 2052 καὶ
2504 1999 2805 2073 δυνάμεων,
2859 2000 2927 2054 δι’
2956 1995 3018 2055 οὗ
3050 2002 3284 2055 ἑκάστου
3319 2001 3445 2057 καθ’
3474 2004 3668 2057 ἑαυτὸν

2088 2085 2465 2159 θεωρούμενον
2516 2101 2545 2132 ι
2599 2091 2804 2156 τέλειος
2848 2092 3001 2158 Θεὸς,
3031 2092 3213 2155 τελεία
3238 2094 3560 2161 ὑπόστασις,
3591 2090 3663 2159 εἷς

2085 2174 2141 2228 δὲ
2164 2175 2230 2229 τά
2260 2177 2386 2244 τρία
2406 2176 2538 2242 Θεὸς
2593 2180 2691 2233 σὺν
2723 2178 2975 2249 ἀλλήλοις
3003 2181 3098 2234 καὶ
3132 2183 3190 2234 ὲν
3235 2181 3485 2252 ἀλλήλοις
3523 2182 3670 2235 νοούο

2089 2283 2249 2337 μενά.
2280 2269 2387 2322 Καὶ
2416 2268 2567 2336 ξένον
2613 2271 2773 2325 τοῦτο
2816 2272 3156 2339 παντάπασι,
3211 2275 3306 2328 καὶ
3350 2273 3513 2344 μόνον
3551 2272 3667 2343 Θεῷ

2086 2358 2316 2429 πρέπον.
2353 2355 2449 2424 Εἷς
2472 2362 2656 2415 τοίνυν
2688 2361 2821 2426 Θεὸς
2839 2364 2868 2416 ὁ
2896 2364 3106 2434 Πατὴρ,
3135 2364 3273 2418 καὶὸ
3310 2364 3457 2426 Υἱὸς.
3484 2365 3585 2418 καλ⁵
3606 2363 3669 2417 τὸ

2087 2446 2311 2519 Πνεῦμα
2334 2447 2395 2501 τὸ
2414 2449 2600 2518 άγιον⁸
2631 2444 2713 2514 εἷς
2752 2452 2991 2525 Ποιητὴς
3032 2452 3266 2524 ούρανοῦ
3293 2454 3387 2507 καὶ
3414 2454 3515 2521 τῆς
3540 2454 3662 2523 γῆς,

2088 2539 2181 2591 καὶ
2206 2539 2386 2610 πάσης
2413 2541 2665 2608 κτίσεως,
2709 2544 2916 2616 ὁρατῆς
2943 2563 3005 2599 τε
3035 2546 3133 2599 καὶ
3187 2545 3443 2617 ἀοράτου,
3476 2546 3547 2600 ὲκ
3570 2544 3665 2598 τοῦ

2091 2627 2166 2697 μὴ
2198 2627 2351 2692 ἐντος
2380 2631 2460 2693 εἰς
2491 2630 2551 2683 τὸ
2584 2627 2722 2686 εἶναι
2756 2634 3101 2706 παραγαγὼν
3126 2635 3196 2690 τὰ
3226 2635 3547 2706 σύμπαντα,
3564 2635 3665 2688 οὐκ

2088 2719 2153 2770 ὲκ
2182 2721 2662 2793 προϋποκειμένης
2724 2721 2880 2795 ὕλης.
2934 2720 3031 2789 Εἷς
3078 2724 3232 2793 Θεὸς,
3283 2726 3378 2779 καὶ
3420 2725 3523 2797 μία
3558 2722 3666 2778 τῶν

2087 2809 2344 2871 ἁπάντων
2404 2811 2567 2883 ἀρχὴ,
2619 2813 2713 2867 καὶ
2745 2815 2807 2869 οὐ
2833 2814 2928 2869 δύο
2947 2832 2963 2848 ο
3012 2817 3111 2887 μία
3144 2816 3348 2889 Θεότης
3373 2817 3666 2890 ὐπέρθεος,

2089 2903 2188 2972 μία
2222 2903 2545 2975 ὓπερούσιος
2580 2906 2760 2973 οὐσία,
2793 2906 3141 2979 ύπεράγαθος
3197 2908 3489 2979 ἀγαθότης,
3558 2907 3667 2960 πέ-

2085 2993 2248 3063 λαγος
2309 2996 2503 3061 οὐσίας
2581 2998 2812 3070 ἀπείρου
2875 2998 2971 3053 καὶ
3032 2999 3454 3071 ἀπεριορίστου,
3512 2998 3671 3053 αἰτία

404 3070 699 3168 omnisque
724 3095 803 3151 rei
831 3100 1055 3158 creatae,
1085 3100 1199 3145 tum
1221 3087 1483 3151 visibilis,
1508 3094 1623 3141 tum
1656 3073 1977 3151 invisibilis,

2090 3084 2306 3140 πάντων
2329 3084 2438 3140 τῶν
2477 3087 2718 3157 ἀγαθῶν,
2747 3089 3074 3153 οὐσιωποιὸς
3114 3070 3368 3162 δύναμις,
3403 3091 3666 3160 ἄναρχος,

405 3187 501 3260 qui
543 3201 611 3244 ex
658 3184 833 3240 nihilo
861 3183 1048 3238 omnia
1101 3177 1367 3250 produxit
1419 3183 1478 3232 ut
1512 3182 1723 3240 essent,
1769 3190 1881 3231 non
1908 3190 1977 3230 ex

2090 3175 2410 3248 ἀνώλεθρος,
2462 3178 2713 3246 αἰώνιος,
2756 3181 2852 3236 καὶ
2913 3181 3347 3253 ἀπερίγραπτος.
3408 3181 3669 3234 ’Λὲνναον

404 3286 535 3335 ante
568 3277 818 3346 subjecta
867 3272 1123 3329 materia.
1155 3269 1314 3326 Unus
1347 3268 1516 3333 Deus,
1541 3282 1820 3338 unumque
1852 3267 1977 3322 uni-

2090 3264 2199 3334 φῶς
2218 3265 2536 3337 τριφεγγὲς,
2566 3268 3020 3340 τρισυπόστατον,
3051 3266 3431 3341 ἀκαταληψίας
3475 3275 3671 3343 γνόφῳ

400 3380 690 3424 versorum
723 3363 1075 3435 principium,
1133 3373 1244 3415 una
1295 3358 1482 3415 Deitas
1544 3370 1714 3431 super
1756 3371 1979 3413 omnem

2090 3356 2519 3430 καλυπτόμενον.
2899 3370 2909 3378 ·

403 3458 770 3521 divinitatem,
804 3453 1048 3511 essentia
1081 3465 1191 3507 una
1219 3465 1386 3522 supra
1406 3463 1625 3505 omnem
1683 3447 2007 3516 essentiam,
2081 3447 2303 3505 bonitas
2365 3450 2516 3506 omni
2576 3451 2823 3509 bonitate
2891 3453 3170 3522 superior,
3234 3452 3460 3508 inﬁnita:
3529 3454 3670 3508 nul-

402 3552 581 3622 lisque
639 3547 907 3603 limitibus
969 3545 1275 3602 terminatae
1317 3543 1576 3601 essentiae
1615 3557 1680 3598 ac
1704 3541 2037 3599 substantia
2074 3543 2335 3616 pelagus,
2385 3544 2660 3601 bonorum
2726 3545 2974 3602 omnium
3026 3561 3218 3611 causa,
3283 3547 3460 3602 virtus
3533 3548 3678 3603 sub.

403 3643 735 3699 stantiarum
781 3637 1054 3706 effectrix,
1125 3638 1246 3694 sine
1300 3635 1601 3709 principio,
1652 3635 1792 3690 nulli
1862 3633 2115 3690 interitui
2169 3637 2431 3705 obnoxia,
2484 3639 2819 3709 sempiterna
2881 3647 2938 3694 et
3004 3639 3159 3694 nulla
3212 3644 3367 3710 parte
3421 3638 3681 3694 circum-

404 3736 633 3806 scripta.
686 3732 804 3787 Lux
859 3731 1116 3804 perennis
1176 3730 1387 3804 triplici
1442 3730 1760 3809 splendore,
1829 3738 1986 3786 terna
2017 3728 2328 3799 hypostasi,
2380 3732 3066 3805 incomprehensibilitatis
3128 3732 3357 3805 caligine
3432 3733 3682 3790 abstru-

405 3840 467 3882 sa
499 3831 554 3881 et
585 3822 821 3878 occulta.
3251 3863 3258 3869 ε

472 3917 530 3972 2.
561 3914 791 3984 Insuper
819 3913 986 3969 credo
1018 3913 1367 3986 unigenitum
1401 3913 1600 3970 Filium
1649 3922 1704 3970 et
1733 3912 1979 3970 Verbum

2153 3910 2219 3983 β’.
2258 3911 2379 3964 Ἔτι
2412 3910 2675 3979 πιστεύω,
2699 3911 2782 3966 ὅτι
2809 3912 2839 3964 ὁ
2870 3910 3163 3981 μονογενὴς
3184 3907 3310 3972 Υίὸς
3340 3907 3436 3961 καὶ
3474 3908 3691 3977 Λόγος

405 4007 526 4076 Dei,
554 4006 650 4079 qui
681 4014 808 4061 ante
850 4005 1051 4061 saecula
1095 4005 1331 4071 exstitit,
1380 4007 1478 4075 qui
1532 4006 1834 4069 increatus,
1883 4002 1980 4073 qui

2090 4003 2173 4058 τοῦ
2200 4001 2362 4070 Θεοῦ,
2392 4004 2794 4072 όπροαιὼνιος,
2824 4004 2853 4056 ὁ
2877 4002 3151 4066 άκτιστος,
3190 4002 3217 4055 ό
3254 3998 3562 4071 ὸμοούσιος
3595 4000 3692 4072 τῷ

404 4098 869 4159 consubtantialis
916 4105 1004 4153 est
1059 4094 1206 4151 Patri
1251 4104 1308 4152 et
1347 4094 1577 4167 Spiritui
1630 4104 1846 4157 sancto,
1883 4094 1980 4165 qui

2090 4091 2403 4163 Πατρὶνκαὶ
2434 4091 2511 4162 τῷ
2545 4091 2685 4162 ἀγίῳ
2715 4092 3017 4163 Πνεύματι,
3047 4095 3077 4146 ό
3101 4087 3182 4155 εἷς
3195 4091 3290 4163 τῆς
3306 4090 3468 4160 ἁγίας
3493 4092 3695 4163 Τριά-

403 4206 553 4247 unus
585 4199 671 4246 est
700 4205 768 4244 ex
799 4194 990 4244 sancta
1021 4184 1318 4252 Trinitate,
1349 4184 1565 4240 inﬁnita
1596 4199 1697 4240 sua
1728 4185 1979 4240 bonitate

2090 4183 2187 4247 50;,
2224 4182 2439 4253 ἀπείρῳ
2492 4182 2808 4254 ἀγαθότητι,
2864 4184 2961 4237 καὶ
3014 4184 3207 4254 ἀφάτῳ
3248 4182 3689 4255 φιλανθρωπίᾳ,

402 4291 573 4355 atque
603 4279 965 4338 inenarrabili
1003 4278 1368 4343 humanitate,
1403 4275 1746 4347 bencplacito
1772 4274 1975 4343 Patris,

2090 4270 2300 4343 εύδοκίᾳ
2327 4270 2421 4324 τοῦ
2442 4272 2676 4345 Πατρὸς,
2711 4271 3001 4344 ὲσαρκώθη
3024 4274 3281 4342 ἀσπόρως
3312 4274 3375 4324 ὲκ
3398 4271 3695 4343 Πνεῦμαο

402 4370 567 4441 392
598 4369 952 4423 incarnatum
997 4381 1121 4423 esse
1153 4365 1361 4438 absque
1407 4366 1615 4421 semine
1668 4363 1737 4420 de
1768 4363 1975 4435 Spiritu

2090 4378 2173 4427 τος
2196 4363 2375 4431 ἁγίου,
2422 4362 2518 4417 καὶ
2549 4363 2770 4434 Μαρίας
2807 4363 2908 4433 τῆς
2937 4365 3098 4432 ἀγίας
3139 4362 3554 4437 Ἀειπαρθένου
3592 4366 3696 4418 καὶ

404 4442 622 4527 sancto,
646 4468 703 4514 et
726 4472 795 4513 ex
825 4456 995 4512 Maria
1020 4464 1212 4512 sancta
1245 4462 1620 4527 perpetuaque
1656 4452 1890 4525 Virgine
1920 4462 1976 4510 et

2090 4454 2368 4521 Βεοτόκου,
2397 4453 2484 4507 ἐπ’
2517 4455 2761 4526 ἐσχάτων
2782 4455 2889 4509 τῶν
2923 4456 3132 4527 χρόνων
3171 4455 3238 4509 δι’
3258 4457 3410 4526 ἡμᾶς
3438 4456 3558 4511 καὶ
3586 4457 3698 4526 τὴν

403 4546 657 4619 Deipara,
692 4546 748 4601 in
778 4546 1077 4618 postremis
1126 4526 1488 4617 temporibus,
1538 4552 1764 4615 propter
1794 4558 1896 4599 nos
1919 4554 1973 4597 et

2090 4545 2354 4617 ἡμετέραν
2390 4544 2685 4616 σωτηρίαν,
2744 4526 2934 4616 μείνας
2975 4545 3005 4599 ὃ
3040 4541 3132 4617 ἦν,
3175 4545 3309 4608 Θεὸς
3329 4544 3557 4610 τέλειος
3591 4548 3698 4600 καὶ

376 4652 625 4711 propter
666 4650 910 4696 nostram
965 4638 1225 4703 salutem,
1275 4651 1406 4692 eum
1441 4643 1691 4691 maneret
1742 4635 1795 4690 id
1830 4634 1977 4706 quod

2090 4634 2156 4705 τῷ
2206 4635 2383 4707 Πατρὶ
2431 4635 2736 4706 ὁμοούσιος,
2787 4637 3079 4706 γενόμενος
3107 4637 3137 4690 ὃ
3170 4637 3273 4690 οὐκ
3318 4633 3411 4708 ἦν,
3456 4638 3700 4703 τέλειος

401 4740 546 4800 erat,
574 4731 718 4788 Deus
746 4731 1030 4802 perfectus
1069 4739 1124 4786 et
1151 4728 1648 4785 consubstantialis
1693 4725 1848 4781 Patri
1892 4725 1978 4781 fa-

2090 4724 2385 4796 Ξνθρωπος,
2415 4728 2481 4798 τῇ
2503 4727 2688 4799 Μητρὶ
2719 4728 2812 4783 καὶ
2836 4730 2967 4800 ἡμῖν
2998 4727 3305 4800 ὀμοούσιος,
3340 4728 3493 4800 σὰρξ
3552 4732 3705 4800 ἐψυ-

404 4832 556 4879 ctum
597 4838 721 4880 esse
753 4821 808 4878 id
843 4821 989 4893 quod
1015 4836 1130 4876 non
1160 4828 1303 4888 erat,
1328 4819 1639 4892 perfectum
1670 4817 1975 4884 hominem,

2090 4816 2297 4889 (ωμένη
2324 4817 2469 4888 ψυχῇ
2494 4818 2683 4890 λογικῇ
2725 4821 2819 4874 καὶ
2849 4822 3032 4892 νοερᾷ.
3070 4821 3182 4874 Καὶ
3216 4820 3367 4874 ἔστιν
3400 4815 3501 4886 εἷς
3544 4823 3706 4894 Χρι-

398 4929 528 4970 cum
564 4912 748 4978 Matri,
794 4920 912 4968 tum
940 4911 1102 4968 nobis
1148 4910 1710 4974 consubstantialem,
1746 4922 1974 4964 carnem

2090 4907 2222 4973 πὸς,
2277 4901 2358 4971 εἷς
2404 4911 2630 4980 Κύριος,
2657 4905 2738 4974 εἷς
2783 4911 2910 4975 Υἱὸς
2931 4910 3068 4965 Θεοῦ
3103 4912 3202 4966 καὶ
3234 4910 3552 4983 ἄνθρωπος
3580 4916 3638 4979 δ,
3672 4917 3706 4968 ὁ

401 5002 704 5058 animatam
755 5003 939 5057 anima
986 5002 1221 5058 rationis
1275 5008 1331 5056 et
1363 4999 1744 5071 intelligentia:
1804 4999 1974 5069 parti-

2090 4996 2237 5060 ιύτὸς
2256 4996 2392 5060 Θεὸς
2403 4997 2609 5061 τέλειος
2629 4999 2724 5052 καὶ
2739 4997 2834 5053 ἄνθ
2843 5016 3024 5069 ρωπος
3039 4999 3266 5065 τέλειος,
3283 5000 3385 5069 μία
3415 4999 3708 5056 ὑπόστασ-

400 5094 540 5165 cipe.
577 5092 866 5165 Unumque
890 5093 1033 5148 adeo
1063 5108 1189 5149 esse
1219 5091 1529 5156 Christum,
1570 5106 1742 5144 unum
1784 5088 1970 5145 Domi-

2090 5103 2160 5149 ιις
2196 5086 2452 5152 σύνθετος
2476 5090 2540 5142 ὲκ
2568 5089 2822 5159 θεότητος
2856 5091 2950 5144 καὶ
2990 5090 3444 5161 ἀνθρωπότητος,
3486 5093 3567 5146 ὲκ
3602 5093 3711 5147 δύο

399 5202 558 5253 num,
588 5203 755 5242 unum
786 5187 988 5242 Filiqu
1020 5184 1111 5240 Dei
1142 5193 1197 5241 et
1227 5183 1491 5248 hominis,
1528 5183 1623 5253 qui
1658 5182 1801 5237 idem
1850 5184 1972 5252 ipse

2090 5177 2309 5247 ρύσεων,
2331 5178 2427 5232 καὶ
2454 5177 2552 5233 δύο
2583 5179 2773 5250 φύσεις
2825 5183 2854 5233 ό
2892 5182 3053 5245 αὐτὸς
3090 5183 3187 5236 καὶ
3230 5185 3288 5237 ὲν
3307 5183 3443 5236 δυσὶ
3475 5185 3709 5253 φύσεσι

400 5277 544 5335 Deus
580 5277 863 5350 perfectus
914 5283 1022 5341 est,
1053 5283 1110 5331 et
1158 5278 1322 5328 homo
1370 5274 1672 5346 perfectus,
1706 5272 1969 5344 hyposta-

2090 5267 2313 5333 τελείαις
2338 5268 2596 5340 ἐχούσαις
2616 5272 2757 5326 κατά
2778 5271 2869 5325 τὸν
2900 5272 3105 5344 ἑκάστῃ
3134 5273 3426 5344 πρέποντα
3458 5276 3616 5345 ερον
3641 5292 3710 5330 τε

398 5365 477 5422 sis
537 5382 646 5421 una
701 5367 1040 5437 composita,
1091 5379 1158 5418 ex
1225 5361 1447 5417 Deitate
1480 5370 1534 5417 et
1598 5362 1965 5426 humanitate,

2090 5364 2170 5417 ιαὶ
2195 5364 2376 5433 λόγον.
2402 5366 2533 5430 Υἱὸς
2554 5366 2689 5420 Θεοῦ
2718 5368 2856 5422 κατὰ
2890 5369 2986 5439 τὴν
3010 5367 3335 5440 προαιάΜον
3358 5370 3436 5422 ἐκ
3457 5369 3713 5444 [ἰατρὸς

1660 5527 1898 5584 VARUE
1936 5527 2340 5587 LECTIONES.

470 5677 498 5706 ι
531 5662 696 5719 Forte
725 5666 940 5736 legend.
964 5668 1045 5721 διὸ
1065 5668 1294 5724 ’ἑκαστον
1331 5669 1453 5723 καθ’
1482 5669 1641 5723 ἑαυτὸ
1671 5667 2065 5741 θεωρούμενον.
2147 5670 2174 5710 b
2203 5668 2372 5739 Lego,
2413 5666 2721 5739 ἀνθρώπου.
