3980 6140
467 433 489 498 1
502 434 606 497 425

1519 436 1615 493 DE
1659 434 1898 494 RECTA
1939 429 2364 491 SENTENTIA
2400 428 2653 492 LIBER.

3566 441 3700 510 1426

465 545 752 615 ἀσώματον
797 543 1069 612 γέννησιν,
1117 540 1246 602 Υἱὸς
1299 544 1585 616 ἀνθρώπου
1619 547 1647 600 6
1680 547 1840 609 αὑτὸς
1896 545 2034 598 κατὰ

2138 562 2202 601 ex
2236 548 2450 602 naturis
2483 547 2720 615 duabus,
2764 555 2818 602 et
2867 547 2990 604 duae
3039 557 3251 605 natura:
3286 552 3402 621 ipse
3454 553 3620 620 idem,
3649 566 3701 611 et

465 637 564 706 τὴν
597 634 686 688 ἐπ’
717 636 958 704 ἐσχάτων
1015 641 1281 704 σωτήριον
1327 635 1601 706 σάρκωσίν
1646 653 1704 688 τε
1739 639 1833 692 καὶ
1863 637 2033 706 πρόσ-

465 725 627 794 ληψιν
647 739 662 755 ⁶
695 725 925 797 ἀμήτωρ
949 723 1011 776 τὸ
1036 725 1250 793 πρῶτον
1270 727 1333 778 ὲκ
1353 726 1584 796 Πατρδς,
1610 727 1685 790 ὡς
1717 728 1868 791 Θεὸς,
1892 727 2036 781 ἁπά-

466 831 580 886 τωρ
611 816 674 868 τὸ
709 815 959 884 δεύτερον
984 816 1011 866 6
1045 815 1207 878 αὑτὸς
1236 815 1312 876 ὡς
1345 815 1628 886 ἄνθρωπος
1675 821 1739 872 ἐκ
1771 819 1994 890 Μητρός
2016 836 2032 851 ο

467 906 560 978 δύο
589 906 779 976 φύσεις
824 907 918 958 καὶ
966 907 1064 976 μία
1109 906 1424 972 ὑπόστασις.
1456 910 1517 962 Ei
1547 910 1656 980 γὰρ
1688 910 1780 963 δύο
1809 911 2038 965 ὑποστά-

471 1015 606 1065 σεις,
625 999 724 1068 οὑχ
750 993 831 1062 εἷς
858 999 1008 1062 Υἱὸς,
1042 997 1179 1054 ἀλλὰ
1208 1000 1302 1054 καὶ
1339 1002 1558 1073 τετράδι
1589 1001 1945 1074 λατρεύομεν.
1974 1001 2035 1056 Εἰ

470 1089 580 1160 γὰρ
613 1089 776 1159 ἑτέρα
799 1089 1096 1155 ὑπόστασις
1122 1091 1218 1145 τοῦ
1253 1094 1575 1162 μονογενοῦς
1598 1095 1728 1148 Υίοῦ
1750 1095 1845 1148 τοῦ
1876 1095 2033 1162 Θεοῦ,

471 1179 566 1232 καὶ
605 1179 768 1250 ἑτέρα
819 1181 913 1234 τοῦ
967 1180 1095 1234 Υἱοῦ
1129 1183 1232 1252 τῆς
1281 1184 1580 1254 Παρθένου,
1615 1187 1772 1247 ἄλλος
1803 1186 1916 1249 υίὸς
1946 1187 2036 1239 καὶ

471 1268 652 1334 ἇὶλος,
697 1272 790 1324 καὶ
845 1272 943 1342 οὑχ
987 1268 1068 1336 εἷς
1112 1274 1258 1338 Υἱὸς,
1295 1275 1432 1328 ἀλλὰ
1477 1277 1570 1329 καὶ
1595 1277 1689 1330 δύο
1720 1293 1734 1307 ·
1789 1276 1882 1330 δύο
1927 1276 2037 1346 γὰρ

471 1360 799 1424 ὑποστάσεις
831 1357 910 1425 εἷς
936 1363 1058 1427 Υἱὸς
1078 1365 1178 1417 οὑκ
1209 1365 1275 1418 ἂν
1308 1361 1438 1419 εἶεν.
1471 1368 1582 1420 Καὶ.
1617 1367 1802 1430 πάλιν,
1828 1369 1876 1419 εί
1902 1367 2034 1436 ἄλλη

471 1451 769 1516 ὑπόστασις
796 1453 890 1505 τοῦ
919 1455 1239 1524 μονογενοῦς
1280 1457 1410 1510 Υἱοῦ
1451 1457 1544 1510 τοῦ
1584 1458 1741 1522 Θεοῦ,
1778 1459 1872 1510 καὶ
1901 1456 2034 1527 ἄλλη

471 1542 566 1596 τοῦ
590 1544 690 1614 τῆς
713 1545 1013 1614 Παρθένου.
1047 1545 1081 1616 ἢ
1127 1546 1336 1617 ἐξώσθη
1390 1549 1417 1600 6
1458 1548 1750 1619 μονογενὴς
1790 1548 1917 1610 Υἱὸς
1941 1546 2036 1601 τοῦ

472 1633 610 1687 Θεοῦ
642 1635 735 1688 καὶ
757 1636 1084 1707 άντεισήχθη
1112 1638 1140 1689 6
1186 1639 1285 1708 τῆς
1309 1638 1606 1708 Παρθένου,
1629 1639 1663 1709 ἢ
1684 1641 1880 1709 τετρὰς
1909 1639 2038 1692 κάθ-

470 1742 602 1795 ηται
653 1728 746 1780 ἐπὶ
787 1726 880 1780 τοῦ
929 1728 1140 1798 θρόνου,
1178 1731 1270 1782 καὶ
1314 1731 1529 1801 τετράδι
1562 1732 1894 1804 λατρεύομεν
1942 1731 2037 1785 τοῦ

2135 642 2190 695 in
2220 639 2440 695 duabus
2473 641 2688 696 naturis
2721 640 3004 712 perfectis,
3049 657 3171 712 quae
3204 644 3430 714 propria
3473 661 3570 700 sua
3606 646 3702 700 ha-

2136 731 2265 787 bent
2300 730 2605 786 secundum
2649 742 3047 802 congruentem
3079 735 3296 804 utrique
3323 735 3701 792 definitionem

2135 828 2190 877 et
2219 823 2541 876 rationem:
2598 821 2696 876 Dei
2749 821 2951 884 Filium
3013 831 3240 894 propter
3295 827 3702 897 incorporalem

2135 925 2293 966 suam
2333 922 2388 966 et
2415 911 2631 966 sacculis
2671 914 3006 969 anteriorem
3042 915 3458 983 generationem
3495 934 3561 972 ex
3597 919 3704 971 Pa-

2138 1011 2240 1068 tre,
2273 1003 2526 1059 eumdem
2557 1011 2611 1059 et
2640 1000 2848 1058 Filium
2878 1005 3119 1062 hominis
3151 1018 3376 1078 propter
3403 1009 3702 1065 salutarem

2136 1093 2320 1149 carnis
2348 1099 2673 1162 naturaeque
2704 1103 2908 1148 nostrae
2954 1098 3418 1166 assumptionem,
3457 1113 3576 1168 qua:
3601 1115 3703 1152 no-

2135 1181 2384 1237 vissimis
2432 1182 2773 1251 temporibus
2828 1179 2973 1236 facta
3032 1191 3150 1238 est:
3209 1184 3447 1253 primum
3480 1185 3703 1254 quidem

2136 1270 2257 1325 sine
2279 1278 2455 1326 matre
2483 1285 2551 1326 ex
2579 1269 2738 1326 Patre
2768 1279 3032 1341 tanquam
3051 1270 3242 1339 Deum,
3291 1272 3544 1328 eumdem
3573 1287 3705 1328 vero

2137 1363 2260 1420 sine
2292 1371 2448 1433 patre
2493 1377 2558 1418 ex
2588 1361 2768 1418 Matre
2812 1370 3077 1433 tanquam
3125 1363 3403 1419 hominem
3433 1383 3446 1430 ;
3476 1372 3706 1418 naturas

2138 1455 2299 1520 duas,
2337 1453 2685 1526 hypostasim
2735 1468 2924 1507 unam.
2962 1452 3098 1508 Nam
3144 1454 3190 1510 si
3230 1457 3350 1509 duae
3380 1454 3706 1524 hypostascs

2136 1551 2346 1609 essent,
2377 1559 2488 1598 non
2515 1555 2674 1599 unus
2695 1542 2839 1599 ﬁlius
2870 1551 3044 1610 esset,
3093 1545 3228 1614 quin
3261 1545 3447 1614 potius
3479 1554 3706 1614 quater-

2138 1635 2368 1690 nitatem
2399 1635 2687 1705 religionis
2719 1634 2998 1704 obsequio
3046 1636 3379 1691 coleremus.
3413 1635 3626 1691 Etenim
3661 1635 3706 1691 si

2137 1726 2246 1779 alia
2281 1733 2368 1780 est
2396 1725 2668 1796 unigeniti
2701 1725 2826 1780 Filii
2852 1726 2948 1780 Dei
2973 1725 3316 1797 hypostasis,
3356 1732 3411 1780 et
3444 1725 3536 1779 ﬁlii
3580 1725 3707 1780 Vir-

470 1816 632 1881 Θεοῦ,
656 1820 848 1891 Πατρὶ,
890 1822 984 1874 καὶ
1017 1821 1153 1891 Υῐῷ,
1183 1823 1275 1876 καὶ
1307 1823 1446 1893 ἁγίῳ
1475 1824 1775 1894 Πνεύματι,
1814 1826 1908 1877 καὶ
1922 1824 2036 1896 Υἱῷ

2142 1817 2288 1888 ginis
2319 1818 2450 1884 alia,
2485 1827 2580 1872 aut
2615 1819 2935 1888 unigenitus
2959 1817 3056 1874 Dei
3087 1816 3261 1873 Filius
3297 1817 3552 1873 exsulare
3587 1816 3709 1885 jus-

469 1907 572 1975 τῆς
604 1908 898 1978 Παρθένου.
935 1909 1096 1963 Ἀλλὰ
1145 1911 1218 1980 μὴ
1271 1911 1355 1980 εἵη
1411 1911 1571 1964 τοῦτο
1611 1914 1828 1980 φρονεῖν
1866 1914 2033 1982 ἡμᾶς,

469 1996 609 2049 ἀλλὰ
639 1999 768 2068 μίαν
791 1999 883 2052 τοῦ
913 2000 1048 2054 Θεοῦ
1083 2002 1279 2069 Λόγου,
1302 2001 1394 2054 τοῦ
1417 2001 1740 2070 μονογενοῦς
1769 2001 1898 2056 Υἱοῦ
1939 2003 2035 2057 τοῦ

467 2090 608 2143 Θεοῦ
652 2094 790 2160 μετὰ
820 2092 918 2162 τῆς
968 2094 1168 2162 σαρκὸς
1217 2092 1382 2147 αὑτοῦ
1429 2094 1684 2147 σύνθετον
1739 2095 2038 2150 ὑπόστασιν

469 2184 539 2236 ὲκ
575 2183 668 2237 δύο
701 2184 937 2253 φύσεων,
963 2186 1057 2238 καὶ
1088 2187 1147 2238 ὲν
1172 2185 1292 2238 δυσὶ
1339 2186 1570 2249 τελείαις
1615 2189 1734 2250 ταῖς
1775 2187 2036 2258 φύσεσιν·

467 2277 587 2330 ἀλλ’
632 2277 980 2349 άδιαιρέτοις,
1024 2278 1372 2348 ἀσυγχύτοις,
1407 2279 1529 2332 καθ’
1556 2281 1849 2334 ὑπόστασιν
1891 2281 2045 2335 ἀδιασ

469 2370 731 2432 σπάστως
749 2371 1076 2441 ἡνωμέναις.
1126 2372 1200 2424 Οὐ
1233 2371 1374 2439 λέγω
1416 2371 1539 2442 μίαν
1570 2372 1730 2441 φύσιν
1762 2374 2037 2440 σύνθετον,

465 2461 648 2532 ἵναμὴ
675 2462 940 2533 ἑτεροφυῆ
989 2464 1088 2516 καὶ
1133 2463 1470 2532 ἑτεροούσιον
1522 2464 1615 2517 τοῦ
1680 2465 1892 2535 Πατρὸς
1945 2465 2038 2519 τὸν

464 2543 600 2605 Ῡίὸν
629 2547 1032 2622 βλασφημήσθη
1065 2563 1112 2604 ο.
1159 2552 1359 2621 ’Λπλῆς
1386 2553 1514 2623 γὰρ,
1552 2553 1648 2606 καὶ
1686 2555 1752 2606 o6
1780 2555 2038 2608 συνθέτου

465 2641 686 2709 φύσεως
704 2643 732 2695 6
757 2644 943 2714 Πατήρ
962 2659 975 2672 ·
996 2642 1133 2696 ἀλλὰ
1145 2642 1285 2711 λέγω
1298 2644 1592 2698 ὑπόστασιν
1617 2644 1742 2715 μίαν
1759 2644 2035 2712 σύνθετον,

469 2733 561 2785 ἵνα
597 2731 730 2801 μηδὲ
755 2732 962 2801 γυμνδν
999 2733 1138 2786 εἴπω
1173 2732 1328 2797 Θεὸν,
1362 2733 1498 2804 μηδὲ
1539 2733 1825 2806 ἄνθρωπον
1854 2733 2034 2803 ψιλὸν,

473 2821 611 2892 μηδὲ
623 2821 886 2891 τετάρτην
902 2823 968 2891 τῇ
991 2822 1179 2892 Τριάδι
1193 2824 1602 2893 παρεισενέγκω
1622 2823 1939 2877 ὑπόστασιν.
1974 2824 2038 2877 Εἰ

467 2910 799 2980 γάρτέλειός
817 2911 965 2964 ἐστιν
981 2911 1038 2963 ὲν
1052 2910 1284 2981 θεότητι,
1303 2911 1504 2975 τέλειος
1531 2914 1586 2964 ὲν
1602 2911 1982 2983 άνθρωπότητι
2009 2913 2040 2964 6

466 3003 635 3067 αὐτὸς
684 3003 819 3074 μετὰ
850 3003 948 3074 τὴν
985 3003 1197 3057 ἕνωσιν.
1230 3004 1345 3072 Πρὸ
1365 3003 1472 3074 γὰρ
1492 3003 1591 3072 τῆς
1609 3003 1852 3065 ἑνώσεως
1879 3003 2040 3057 παντὶ

465 3093 649 3160 δῆλον,
679 3094 758 3146 ὅτι
795 3093 852 3145 ὲν
886 3094 986 3162 μιᾷ
1029 3092 1127 3159 τῆς
1165 3092 1415 3163 θεότητος
1464 3092 1620 3160 φύσει
1641 3089 1710 3163 ἦν
1733 3095 1762 3146 ὁ
1787 3091 1917 3155 Υἱὸς
1945 3095 2038 3147 τοῦ

2142 1924 2239 1965 sus
2267 1917 2371 1976 est,
2399 1909 2645 1979 atquein
2676 1909 2797 1979 ejus
2834 1909 3015 1964 locum
3044 1909 3380 1980 subrogatus
3413 1907 3555 1963 ﬁlius
3583 1907 3709 1961 Vir-

2139 1998 2306 2070 ginis,
2333 2004 2428 2053 aut
2457 1997 2801 2069 quaternitas
2835 1998 2890 2052 in
2933 1999 3136 2052 throno
3172 1997 3347 2063 sedet,
3380 2006 3433 2051 et
3473 1995 3708 2066 proinde

2139 2089 2566 2159 quaternitatem
2590 2086 2846 2144 Numinis
2871 2088 3128 2153 colimus,
3163 2085 3382 2141 Patrem
3417 2096 3471 2140 et
3502 2085 3704 2139 Filium

2139 2189 2196 2235 et
2231 2178 2499 2250 Spiritum
2547 2186 2824 2244 sanctum,
2854 2185 2908 2234 et
2949 2176 3148 2233 Filium
3199 2177 3463 2247 Virginis.
3501 2173 3706 2231 Verum

2140 2271 2304 2338 absit,
2364 2278 2426 2325 ut
2478 2271 2553 2326 ita
2610 2271 2942 2335 sentiamus,
2985 2270 3084 2325 sed
3137 2283 3304 2324 unam
3351 2266 3709 2337 agnoscimus

2139 2361 2234 2418 Dei
2275 2361 2464 2426 Verbi,
2501 2362 2771 2432 unigeniti
2828 2361 2953 2416 Filii
3004 2361 3100 2417 Dei
3143 2376 3268 2416 cum
3329 2373 3498 2415 carne
3531 2357 3710 2429 ipsius

2140 2453 2483 2525 hypostasim
2511 2453 2881 2524 compositam
2921 2467 2988 2508 ex
3015 2452 3231 2507 naturis
3265 2451 3508 2514 duabus,
3538 2448 3708 2518 inque

2139 2546 2357 2602 duabus
2391 2528 2670 2617 perfectis
2725 2546 2968 2611 naturis,
3021 2545 3300 2601 distinctis
3347 2552 3552 2608 tamen,
3605 2541 3710 2596 mi-

2139 2639 2288 2694 nime
2335 2637 2609 2702 confusis,
2655 2637 2931 2693 indivulse
2981 2637 3151 2692 unitis
3197 2636 3503 2692 secundum
3536 2633 3709 2702 hypo-

2141 2731 2361 2787 s‘tasim.
2392 2729 2513 2786 Non
2573 2743 2738 2783 unam
2775 2728 3030 2784 naturam
3063 2725 3429 2797 compositam
3458 2724 3606 2789 dico,
3638 2737 3711 2778 ne

2140 2821 2314 2878 ﬁlium
2345 2820 2531 2876 Patris
2566 2820 2800 2874 alterius
2842 2827 3056 2874 naturae
3097 2825 3151 2873 et
3182 2815 3510 2873 substantiae
3541 2813 3710 2883 impie

2138 2912 2512 2983 pronuntiem.
2551 2911 2715 2965 Pater
2756 2910 3027 2979 siquidem
3068 2908 3342 2978 simplicis
3373 2919 3478 2961 nec
3511 2905 3710 2959 ullate-

2141 3020 2246 3061 nus
2272 3004 2594 3074 compositze
2622 3012 2833 3057 natura:
2878 3010 2978 3058 est.
3031 3000 3137 3056 Sed
3167 2993 3509 3071 hypostasim
3541 3009 3709 3051 unam

2142 3094 2506 3164 compositam
2561 3091 2791 3158 atlirmo,
2833 3099 2894 3145 ut
2940 3105 3009 3145 ne
3054 3090 3227 3145 Deum
3260 3090 3466 3143 nudum
3503 3085 3708 3149 dicam,

463 3180 630 3247 Θεοῦ,
649 3182 740 3235 καὶ
753 3183 912 3251 μόνον
935 3181 1064 3244 Θεὸς
1083 3182 1296 3252 ὑπῆρχε
1331 3182 1471 3235 καθά
1499 3183 1592 3235 καὶ
1618 3184 1646 3235 6
1665 3184 1854 3254 Πατὴρ
1868 3184 1963 3237 καὶ
1981 3183 2036 3236 τὸ

2145 3200 2322 3254 neque
2355 3199 2567 3239 merum
2598 3177 2900 3247 hominem,
2942 3196 3044 3237 nec
3069 3181 3123 3234 in
3155 3177 3430 3234 Trinitate
3458 3184 3710 3246 quartam

463 3271 700 3342 Πνεῦμα
714 3271 776 3324 τδ
799 3271 971 3340 ἆγιον.
1005 3271 1168 3326 Ὅθεν
1195 3271 1250 3325 δὲ
1276 3272 1342 3325 δι’
1374 3272 1578 3340 ἄφατον
1604 3273 1915 3343 ἅγαθὸτητα
1942 3276 2042 3347 τὴν

458 3369 495 3437 ἡ
505 3366 628 3436 μῶν
655 3363 1020 3434 προσελάϐετο
1036 3362 1218 3432 φύσιν,
1247 3364 1343 3417 καὶ
1370 3364 1552 3434 ὴνώθη
1573 3367 1704 3435 ἡμῖν
1724 3367 2039 3436 γενόμενος,

456 3456 620 3510 ἐστὶν
642 3453 669 3492 ἀ
699 3457 756 3508 ὲν
791 3454 1005 3525 θεότητι
1025 3455 1232 3517 τέλειος
1280 3453 1566 3525 ἄνθρωπος
1595 3455 1714 3509 καθ’
1745 3457 2042 3529 ὁμοιότητα

455 3545 630 3616 ἡμῶν
657 3545 824 3615 χωρὶς
850 3545 1145 3614 ἁμαρτίας,
1177 3543 1301 3597 τότε
1341 3545 1529 3616 ὡράθη
1561 3548 1618 3599 ἐν
1647 3547 1766 3600 δυσὶ
1790 3548 2036 3617 φύσεσιν.

455 3635 531 3689 Et
566 3635 676 3705 γὰρ
693 3634 898 3697 τέλειός
933 3636 1079 3688 ἐστιν
1135 3636 1194 3687 ὲν
1245 3634 1461 3706 θεότητι
1517 3637 1654 3706 μετὰ
1695 3639 1794 3706 τὴν
1823 3639 2038 3704 ἕνωσιν,

451 3728 563 3782 καὶ
609 3726 814 3790 τέλειος
866 3728 924 3780 ὲν
961 3725 1342 3797 ἀνθρωπότητι
1388 3728 1417 3779 6
1464 3727 1644 3793 αὐτὸς,
1711 3729 1928 3792 πάντως
1981 3731 2040 3784 ὲν

443 3821 620 3873 δυσὶν
642 3818 794 3872 ἔσται
832 3818 1066 3880 τελείαις
1111 3819 1230 3880 ταῖς
1274 3816 1468 3886 φύσεσι
1493 3832 1507 3848 ⁶
1557 3817 1750 3888 θεότης
1792 3819 1902 3890 γὰρ
1941 3819 2039 3872 καὶ

444 3910 849 3982 ἀνθρωπότης,
873 3908 966 3962 δύο
990 3909 1209 3977 φύσεις,
1247 3908 1342 3961 καὶ
1384 3908 1445 3960 οὑ
1486 3907 1604 3977 μία.
1644 3910 1779 3963 Οὐδὲ
1818 3910 1924 3981 γὰρ
1975 3910 2039 3964 τὸ

439 4003 686 4060 κτιστὸν
717 4003 810 4055 καὶ
839 4001 902 4052 τὸ
927 4001 1180 4054 ἄκτιστον
1215 4001 1314 4069 μία
1343 4000 1534 4069 φύσιςο
1566 4002 1688 4054 οὐδὲ
1707 4001 1768 4055 τὸ
1795 4002 2038 4074 παθητὸν

2143 3277 2490 3350 hypostasim
2543 3275 2861 3344 subjiciam.
2915 3271 2989 3326 Ut
3023 3271 3169 3327 enim
3222 3269 3504 3340 perfectus
3545 3266 3712 3322 estin

2143 3369 2370 3431 deitate,
2401 3368 2482 3422 sic
2524 3365 2666 3420 idem
2697 3366 2816 3434 ipse
2866 3362 3143 3434 perfectus
3175 3369 3260 3416 est
3289 3361 3344 3414 in
3369 3358 3714 3412 humanitate

2142 3469 2268 3530 post
2305 3458 2640 3512 unitionem.
2671 3454 2806 3508 Nam
2854 3462 2980 3509 ante
3012 3452 3317 3507 unitionem
3365 3447 3570 3503 nemini
3607 3444 3713 3500 du-

2141 3551 2295 3606 bium
2323 3557 2436 3615 est,
2467 3547 2598 3618 quin
2635 3545 2729 3601 Dei
2781 3544 2955 3600 Filius
2998 3545 3054 3599 in
3103 3557 3211 3597 una
3247 3539 3471 3596 deitatis
3510 3544 3711 3591 natura

2141 3653 2311 3711 esset,
2348 3644 2639 3711 solumque
2684 3641 2829 3696 Deus
2863 3641 3179 3703 exsisteret,
3227 3636 3394 3693 veluti
3442 3634 3601 3688 Pater
3657 3639 3713 3686 et

2143 3737 2384 3806 Spiritus
2433 3743 2686 3790 sanctus.
2738 3733 3034 3802 Postquam
3072 3741 3253 3786 autem
3299 3744 3401 3799 pro
3447 3725 3711 3782 inetl‘abili

2138 3845 2237 3886 sua
2265 3829 2511 3884 bonitate
2561 3834 2817 3880 naturam
2871 3832 3114 3880 nostram
3157 3821 3484 3892 assumpsit,
3516 3818 3708 3873 nobis-

2139 3937 2244 3991 que
2275 3921 2567 3990 copulatus
2612 3925 2714 3984 est,
2766 3925 2826 3972 ut
2878 3914 3342 3987 quemadmodum
3384 3920 3469 3968 est
3508 3913 3561 3966 in
3594 3911 3709 3966 dei-

2141 4021 2255 4068 tate
2285 4012 2590 4082 perfectus,
2627 4010 2793 4063 homo
2828 4022 3054 4078 quoque
3095 4005 3274 4060 factus
3305 4005 3376 4059 sit
3409 4003 3476 4057 ad
3511 4003 3708 4057 simili-

434 4093 555 4147 καὶ
587 4091 653 4143 τὸ
695 4090 906 4152 ἀπαθὲς
965 4089 1064 4159 μία
1097 4089 1281 4158 φύσις.
1323 4091 1385 4142 ΕΞ
1441 4091 1550 4160 γάρ
1587 4092 1687 4160 μία
1740 4091 1902 4160 φύσις
1939 4093 2037 4164 τῆς

430 4182 724 4250 Θεότητος
751 4179 845 4231 τοῦ
875 4178 1112 4245 Χριστοῦ
1170 4179 1267 4232 καὶ
1301 4181 1396 4249 τῆς
1427 4181 1846 4252 ἀνθρωπότητος
1873 4185 2048 4237 αὑτοῦ.

431 4267 746 4332 σύνθετος,
804 4265 1006 4319 ἔπαθεν
1046 4267 1101 4320 δὲ
1134 4268 1163 4319 6
1191 4269 1443 4337 Χριστὸς,
1494 4272 1526 4340 ἡ
1555 4271 1654 4340 μία
1678 4273 1844 4326 αὑτοῦ
1876 4274 2038 4342 φύσις

419 4358 696 4421 ἔπαθεν,
744 4358 1024 4411 τουτέστιν
1076 4359 1110 4428 ἡ
1150 4359 1502 4430 ἀνθρωπότης
1533 4361 1722 4417 αὑτοῦ.
1753 4365 1817 4416 Ei
1848 4364 1904 4417 δὲ
1941 4365 2035 4418 δύο

415 4451 718 4523 φήσομεν
746 4449 847 4513 τὰς
878 4449 972 4503 τοῦ
1026 4450 1266 4521 Χριστοῦ
1295 4451 1506 4520 φύσεις,
1545 4453 1674 4523 μίαν
1703 4454 1911 4524 ἀπαθῆ,
1939 4454 2036 4508 καὶ

410 4549 587 4620 μίαν
619 4542 897 4612 παθητὴν,
929 4542 1128 4612 πάσχει
1158 4553 1181 4582 ο
1207 4543 1269 4595 τὸ
1292 4541 1536 4612 παθητὸν
1559 4542 1741 4611 φύσει,
1766 4542 1859 4595 καὶ
1887 4544 2034 4596 άπα-

403 4643 528 4705 θὲς
568 4635 742 4708 μένει
765 4635 827 4687 τὸ
860 4635 1087 4699 ἀπαθές.
1143 4633 1268 4697 Πῶς
1313 4633 1371 4686 δὲ
1405 4633 1497 4686 καὶ
1531 4636 1661 4704 μιᾶς
1690 4635 1904 4702 φύσεως
1933 4633 2030 4698 ὣν,

393 4735 550 4788 ἔστι
593 4726 692 4796 τῷ
732 4725 904 4796 Πατρὶ
959 4723 1281 4794 όμοούσιοςς
1334 4722 1469 4776 Οὐδὲ
1495 4723 1602 4792 γὰρ
1645 4725 1672 4776 6
1721 4722 1908 4794 Πατὴρ
1939 4723 2035 4776 καὶ

390 4824 607 4896 ἡμεῖς
662 4816 961 4888 ὁμοούσιοι,
985 4814 1110 4868 οὔτε
1160 4815 1188 4867 6
1229 4815 1439 4884 Πατὴρ,
1481 4813 1604 4868 εὐτε
1634 4816 1795 4885 ἡμεῖς
1828 4816 1893 4869 ὲκ
1914 4815 2033 4868 θεό-

377 4929 600 4984 τητος
638 4907 747 4962 καὶ
773 4905 1192 4976 ἅνθρωπότητος
1209 4905 1452 4958 σύνθετοι
1471 4921 1484 4935 ⁸
1509 4906 1801 4960 ὑπόστασιν
1818 4907 1874 4959 δέ
1893 4925 2034 4976 φημι

384 5004 722 5059 σύνθετον
753 4999 902 5069 μίαν,
928 4997 1004 5050 06
1027 4997 1135 5069 γὰρ
1156 4997 1263 5066 ύπῆ
1275 4997 1395 5066 ρξεν
1439 4999 1472 5066 ἡ
1510 4997 1752 5068 ἔμψυχος
1775 5000 1910 5069 σὰρξ
1937 5001 2030 5054 τοῦ

375 5095 671 5167 Κυρίου
736 5089 858 5144 καθ’
903 5087 1123 5157 ἑαυτὴν,
1173 5087 1295 5141 οὑδὲ
1329 5088 1464 5141 ἰδίαν
1512 5089 2026 5158 ἔσχενὺπόστασιν,

372 5187 542 5242 οὐδὲ
610 5180 852 5249 ἐγένετο
905 5179 1028 5232 καθ’
1079 5179 1276 5236 ἑαυτὸν
1312 5179 1342 5234 6
1386 5178 1553 5244 δεῖνα,
1585 5179 1721 5232 ἀλλὰ
1755 5180 1850 5232 τοῦ
1893 5182 2029 5235 Θεοῦ

362 5279 622 5346 Λόγου
655 5271 872 5339 γέγονε,
897 5272 992 5323 καὶ
1025 5270 1185 5325 αὑτὸν
1223 5268 1380 5340 ἔσχεν
1415 5270 1735 5324 ὑπόστασιν.
1785 5273 1875 5325 Διὸ
1909 5275 2034 5343 ὁμο-

359 5365 571 5436 λογῶ
617 5361 731 5415 καὶ
757 5359 1006 5430 κηρύττω
1063 5359 1158 5429 νῷ,
1215 5361 1313 5414 καὶ
1373 5363 1592 5430 καρδίᾳ,
1638 5362 1730 5414 καὶ
1778 5365 2028 5434 στόματι,

358 5454 664 5526 κυρίως
727 5450 820 5501 καὶ
870 5448 1086 5518 ἀληθῶς
1112 5451 1372 5504 Θεοτόκον
1416 5451 1514 5521 τὴν
1547 5452 1710 5520 ἁγίαν
1753 5453 2028 5524 Παρθένον

350 5545 703 5620 Μαρίαν,
750 5539 828 5605 ὡς
872 5540 1088 5609 ἀληθῶς
1133 5541 1224 5593 τὸν
1273 5541 1600 5610 προικῶνιον
1627 5542 1718 5596 καὶ
1765 5552 2030 5622 μονογενῆ

2139 4105 2383 4159 tudinem
2443 4110 2693 4157 nostram
2744 4101 2865 4155 sine
2922 4107 3171 4170 peccato,
3219 4105 3353 4151 tunc
3393 4097 3446 4149 in
3495 4094 3708 4148 duabus

2137 4194 2353 4248 naturis
2379 4192 2656 4261 apparuit.
2708 4190 2920 4243 Etenim
2965 4188 3010 4244 si
3042 4186 3320 4258 perfectus
3355 4192 3440 4238 est
3477 4182 3532 4235 in
3587 4181 3710 4234 dei-

2139 4293 2250 4341 tat‘e
2303 4293 2430 4354 post
2472 4283 2803 4344 unitionem,
2839 4278 3096 4346 idemque
3144 4277 3262 4345 ipse
3301 4272 3585 4343 perfectus
3623 4281 3709 4326 est

2137 4377 2193 4432 in
2224 4375 2591 4436 humanitate,
2645 4370 2871 4424 omnino
2900 4370 2956 4421 in
2986 4367 3203 4420 duabus
3239 4365 3504 4434 perfectis
3549 4374 3710 4416 natu-

2138 4467 2218 4522 ris
2241 4466 2367 4521 erit.
2403 4463 2584 4518 Deitas
2609 4458 2882 4529 siquidem
2917 4465 2970 4510 et
3002 4455 3322 4510 humanitas
3351 4451 3473 4507 duae
3498 4462 3709 4505 naturze

2141 4563 2291 4618 sunt,
2330 4569 2437 4608 non
2487 4566 2616 4604 una.
2673 4550 2811 4602 Nam
2857 4545 3002 4616 quod
3054 4550 3300 4599 creatum
3352 4549 3523 4597 estet
3561 4542 3706 4609 quod

2141 4649 2478 4710 increatum,
2523 4654 2632 4697 una
2674 4647 2870 4693 natura
2924 4651 3034 4691 non
3070 4642 3199 4690 est:
3257 4647 3438 4701 neque
3487 4647 3704 4685 rursum

2139 4734 2290 4806 quod
2325 4733 2434 4803 pati
2496 4735 2701 4800 potest,
2744 4727 3002 4797 quodque
3052 4723 3280 4794 patibile
3313 4737 3421 4777 nou
3452 4731 3560 4786 est,
3597 4737 3706 4774 una

2140 4831 2224 4880 est
2249 4829 2469 4876 natura.
2525 4818 2813 4872 Enimvero
2844 4818 2888 4870 si
2919 4830 3024 4869 una
3053 4823 3253 4868 natura
3284 4811 3589 4882 composita
3625 4818 3708 4865 est

2141 4915 2364 4970 deitatis
2399 4909 2602 4968 Christi
2631 4917 2686 4964 et
2708 4907 3069 4962 humanitatis
3096 4906 3292 4975 ipsius,
3323 4905 3546 4959 aliunde
3581 4916 3706 4955 vero

2139 5004 2396 5060 Christus
2433 5016 2634 5071 passus
2664 5009 2768 5063 est,
2819 5013 2928 5053 una
2965 4998 3085 5068 ejus
3137 5007 3336 5052 natura
3377 5010 3537 5066 passa
3573 4992 3704 5054 erit,

2140 5096 2245 5149 hoc
2279 5101 2361 5148 est
2385 5091 2848 5161 ejushumanitas.
2867 5089 2963 5144 Sin
2988 5097 3169 5144 autem
3203 5089 3343 5141 duas
3367 5083 3704 5164 Christi_na-

2139 5195 2295 5242 turas
2347 5184 2674 5249 dixerimus,
2735 5199 2897 5237 unam
2946 5178 3487 5248 minimepatibilem
3523 5181 3576 5227 et
3611 5189 3704 5240 pa-

2137 5278 2344 5332 tibilem
2406 5276 2652 5342 alteram,
2709 5276 2917 5345 patitur
2969 5274 3021 5326 id
3078 5271 3224 5339 quod
3261 5276 3454 5336 suapte
3504 5273 3701 5318 natura

2139 5369 2248 5438 pati
2309 5375 2498 5420 natum
2552 5372 2658 5428 est,
2720 5373 2774 5418 et
2821 5362 3163 5432 impassibile
3211 5359 3370 5429 393
3411 5363 3597 5410 manet
3647 5355 3698 5409 id

2136 5459 2284 5530 quod
2347 5466 2432 5512 est
2487 5455 2847 5525 impassibile.
2899 5454 3132 5518 Quinam
3204 5465 3333 5505 vero
3395 5449 3584 5512 etiam,
3653 5447 3703 5502 si

2137 5552 2305 5606 unius
2334 5555 2546 5603 naturae
2575 5555 2679 5610 est,
2737 5543 3233 5600 consubstantialis
3277 5552 3362 5598 est
3395 5540 3566 5596 Patri.
3598 5538 3698 5593 Pa-

1773 5679 2012 5736 VARLE
2051 5681 2450 5738 LECTIONES.

453 5813 746 5879 echo,
784 5805 1186 5878 βλασφημήσω.
1265 5805 1291 5844 τι
1316 5803 1482 5878 Lego,
1506 5807 1697 5879 ὥσπερ
1735 5820 1827 5866 aut
1881 5810 2386 5885 simile_quidpiam.
2468 5822 2490 5850 ο
2516 5809 2694 5880 Addo,
2737 5809 2852 5876 πῶς
