3980 6140
379 312 402 372 1
422 310 514 377 ί27
1562 325 1625 388 S.
1647 327 1967 391 JOANNIS
2000 333 2428 395 DAMASCENI
3487 346 3628 413 1428

375 428 461 474 ter
487 422 762 490 siquidem
793 431 849 479 et
883 440 984 481 nos
1014 429 1518 487 consubstantiales
1558 449 1670 488 non
1716 452 1947 493 sumus:

2060 440 2183 493 Υίὸν
2202 442 2297 494 τοῦ
2320 442 2479 507 Θεοῦ,
2511 443 2605 497 καὶ
2642 443 2807 513 φύσει
2860 445 2995 501 Θεὸν
3027 447 3086 515 ἐξ
3135 450 3305 522 αὐτῆς
3343 471 3631 527 σεσαρκω-

376 522 561 579 neque
599 509 784 578 Pater,
823 529 1004 583 neque
1026 530 1126 573 nos
1154 533 1223 571 ex
1253 517 1458 572 deitate
1487 528 1542 574 et
1583 522 1931 584 humanitate

2060 530 2206 585 tévov
2246 535 2580 604 γεννήσασα.

377 613 579 655 sumus
613 604 1027 673 compositi.At
1059 623 1191 663 vero
1260 625 1424 665 unam
1507 614 1853 684 hypostasim
1921 624 2284 691 compositam
2346 626 2491 683 dico.
2540 629 2680 682 Nam
2739 631 2984 687 animata
3051 650 3183 689 caro
3241 634 3456 692 Domini
3525 654 3633 711 per

377 696 619 793 :eipsarn
667 713 778 751 non
837 700 1073 761 exstitit,
1113 718 1213 758 nec
1266 705 1546 774 propriam
1610 707 1952 779 hypostasim
1990 713 2205 784 habuit,
2272 734 2375 774 nec
2438 734 2536 790 per
2576 721 2813 790 seipsam
2862 723 2988 778 talis
3020 724 3186 781 homo
3235 726 3362 793 fuit,
3400 731 3494 786 sed
3525 696 3626 790 Dei

376 786 546 843 Verbi
593 788 740 844 facta
789 799 897 855 est,
929 809 1166 864 eumque
1219 797 1303 852 sui
1353 795 1693 870 hypostasim
1728 801 1942 862 habuit.
1985 804 2165 871 Quare
2195 786 2461 867 conﬁteor
2501 823 2555 868 et
2583 786 2841 884 praedico,
2891 825 3097 884 mente,
3148 820 3320 877 corde
3349 786 3433 879 ἐι
3504 786 3635 897 ονε,

383 888 608 979 proprie
634 892 688 940 et
728 901 852 941 vere
875 886 970 979 Dei
1008 888 1344 979 genitricem
1387 908 1512 949 esse
1545 902 1794 948 sanctam
1833 896 2115 968 Virginem
2153 903 2399 969 Mariam,
2445 923 2565 977 quae
2595 924 2723 965 vere
2782 910 3144 967 exsistentem
3217 923 3348 973 ante
3411 888 3615 979 saeuis

378 974 837 1045 unigenitumque
891 975 986 1031 Dei
1023 973 1226 1032 Filium
1282 987 1336 1033 et
1385 989 1580 1034 natura
1613 980 1805 1047 Deum,
1842 1000 1908 1040 ex
1946 988 2126 1060 seipse
2156 1007 2374 1049 carnem
2411 973 2642 1059 factum,
2684 999 2959 1069 pepererit
2989 1010 3042 1055 et
3073 1007 3375 1072 generarit.

447 1087 502 1142 5.
534 1088 614 1142 Ad
641 1089 781 1157 haec,
818 1090 1087 1148 conﬁteor
1117 1093 1316 1165 duplas
1357 1110 1481 1151 esse
1521 1099 1804 1154 naturales
1830 1114 1953 1154 om-

377 1192 478 1235 nes
509 1180 798 1260 ambarum
834 1181 956 1251 ejus
1002 1191 1325 1239 naturarum
1373 1187 1781 1256 proprietates:
1820 1199 1950 1259 puta

381 1270 632 1334 deitatis,
674 1287 797 1328 esse
840 1275 1146 1330 increatum
1189 1284 1243 1331 et
1276 1277 1399 1332 sine
1423 1279 1714 1349 principio,
1754 1289 1811 1336 et
1849 1281 1953 1335 hu-

380 1363 665 1420 manitatis
698 1374 942 1419 creatum
973 1382 1094 1422 esse
1127 1374 1185 1423 et
1218 1367 1443 1423 initium
1491 1370 1789 1439 habuisse;
1837 1370 1956 1427 dei-

378 1452 533 1516 tatis,
592 1453 1122 1526 circumscriptum,
1183 1459 1434 1525 visibile,
1492 1462 1784 1517 tractabile
1839 1478 1950 1516 non

379 1557 526 1611 esse;
584 1542 965 1614 humanitatis,
1028 1562 1150 1603 esse
1180 1550 1694 1621 circumscriptum,
1745 1559 1951 1608 tracta~

377 1634 513 1700 bile,
576 1643 633 1692 et
677 1636 947 1694 visibile:
1003 1640 1246 1708 deitatis,
1305 1658 1415 1697 non
1456 1658 1580 1700 esse
1637 1645 1950 1715 passibile;

377 1727 647 1796 passibile
696 1744 842 1793 esse,
884 1730 1246 1791 humanitatis
1279 1752 1294 1789 :
1325 1734 1569 1790 divinam
1611 1737 1948 1792 voluntatem

378 1819 707 1885 naturalem,
755 1828 811 1874 et
862 1820 1163 1877 humanam
1218 1824 1557 1881 voluntatem
1616 1826 1950 1892 naturalem,

380 1907 622 1965 divinam
654 1913 1031 1981 Operationem
1062 1917 1372 1971 naturalem
1406 1925 1461 1972 et
1493 1918 1789 1973 humanam
1816 1933 1950 1989 ope-

379 2002 654 2057 rationem
688 2005 1022 2059 naturalem.
1059 2005 1288 2060 Volebat
1329 2007 1474 2061 enim
1505 2009 1954 2079 operabaturque

381 2093 462 2147 uti
502 2091 647 2148 Deus
687 2101 743 2148 et
785 2095 1285 2152 consubstantialis
1335 2096 1505 2161 Patri,
1557 2112 1726 2167 opera
1766 2099 1954 2155 divina

381 2190 631 2252 patrans,
682 2184 1012 2255 volebatque
1057 2194 1114 2242 et
1145 2187 1479 2257 operabatur
1531 2188 1774 2245 humana
1821 2173 1954 2245 tan-

382 2290 546 2346 quam
586 2274 753 2331 homo
797 2276 1072 2344 nobisque
1118 2278 1642 2343 consubstantialis,
1696 2280 1951 2347 volendo,

382 2366 688 2438 operando,
721 2377 775 2422 et
808 2369 1069 2438 patiendo
1106 2384 1227 2439 quae
1249 2377 1460 2424 naturae
1485 2379 1692 2426 nostra:
1722 2385 1955 2427 consen-

382 2466 545 2517 tanea
574 2467 726 2515 sunt.
762 2459 993 2515 Volebat
1020 2470 1075 2515 et
1102 2462 1436 2530 operabatur
1469 2463 1756 2518 naturales
1784 2473 1839 2518 et
1866 2464 1955 2519 in-

384 2550 631 2619 culpatas
654 2557 864 2604 naturae
902 2560 1107 2607 nostra;
1139 2554 1471 2618 voluntates,
1505 2568 1613 2608 non
1661 2555 1952 2610 sententiae

384 2642 803 2710 contrarietate,
858 2642 956 2699 sed
1031 2644 1372 2714 proprietate
1438 2653 1783 2700 naturarum.
1835 2644 1955 2701 Non

384 2736 531 2795 enim
582 2734 845 2790 voluntas
899 2735 1176 2791 naturalis
1219 2734 1461 2790 hominis
1488 2734 1690 2791 divine
1744 2745 1958 2792 naturae

385 2822 659 2879 voluntati
697 2823 978 2879 contraria
1026 2830 1134 2881 est.
1177 2822 1336 2889 Nam,
1363 2824 1581 2881 volente
1619 2824 1731 2881 De'o
1754 2832 1808 2881 et
1854 2842 1956 2898 ap-

384 2915 682 2984 probante,
719 2915 884 2969 homo
928 2915 1051 2969 vult
1099 2931 1221 2985 qua:
1298 2917 1576 2972 naturalia
1621 2926 1771 2975 sunt.
1812 2919 1958 2976 Deus

2124 1110 2193 1172 γ’.
2226 1106 2350 1159 Ἔτι
2374 1107 2621 1177 όμολογῶ
2658 1110 2822 1164 διπλᾶ
2871 1113 3048 1166 πάντα
3083 1116 3152 1169 τά
3201 1123 3408 1186 φυσικά
3455 1125 3625 1182 αὐτοῦ

2051 1194 2160 1250 τῶν
2189 1194 2283 1287 duo
2311 1196 2524 1265 φύσεων
2576 1198 2862 1270 ἰδιώματα,
2896 1203 2957 1256 τὸ
2984 1204 3240 1262 ἀκτιστον
3268 1212 3361 1264 καὶ
3389 1213 3630 1287 ἄναρχον

2050 1286 2152 1354 τῆς
2184 1286 2454 1357 θεότητος,
2483 1288 2541 1342 τὸ
2569 1291 2786 1344 κτιστὸν
2813 1293 2906 1346 καὶ
2926 1294 3200 1365 ἠργμένον
3228 1300 3327 1372 τῆς
3343 1286 3628 1374 ἀνθρωπό-

2054 1392 2237 1467 τητος,
2274 1378 2337 1430 τὸ
2364 1380 2772 1450 ἀπερίγραπτον
2802 1385 2896 1437 καὶ
2919 1385 3149 1455 ἀόρατον
3178 1391 3271 1443 καὶ
3298 1393 3503 1462 ἀναφὲς
3525 1399 3626 1467 τῆς

2057 1466 2330 1537 θεότητος,
2351 1469 2412 1521 τὸ
2443 1486 2507 1522 πε
2517 1473 2815 1540 ριγραπτὸν
2849 1473 2942 1527 καὶ
2964 1474 3281 1547 ψηλαφητὸν
3311 1483 3403 1535 καὶ
3430 1466 3627 1555 όρατὸν

2054 1557 2152 1627 τῆς
2177 1557 2613 1630 ἀνθρωπότητος.
2642 1562 2702 1615 τὸ
2725 1563 2933 1628 ἀπαθὲς
2956 1567 3053 1636 τῆς
3074 1567 3345 1637 θεότητος,
3368 1573 3431 1627 τὸ
3455 1577 3628 1648 παθη-

1982 1694 2024 1750 Β
2054 1648 2144 1750 τὸν
2175 1650 2270 1750 τῇς
2299 1651 2715 1750 ἀνθρωπότητος
2736 1671 2749 1685 ο
2780 1654 2923 1750 θεῖον
2969 1659 3196 1725 φυσικὸν
3228 1661 3439 1733 θέλημα
3463 1705 3479 1729 ,
3528 1668 3627 1722 καὶ
3687 1703 3693 1708 -

2055 1741 2399 1811 ἀνθρώπινον
2454 1743 2680 1810 φυσικὸν
2729 1743 2959 1814 θέλημα,
2999 1746 3150 1801 θείαν
3197 1752 3430 1824 φυσικήν
3468 1756 3626 1826 ἐνέρ-

2052 1847 2228 1898 γειαν,
2278 1833 2371 1885 καὶ
2422 1833 2656 1902 φυσικὴν
2709 1833 3055 1907 ἀνθρωπίνην
3098 1838 3399 1910 ἐνέργειαν.
3430 1845 3627 1900 Ἤθελε

2053 1923 2163 1991 γὰρ
2201 1922 2295 1975 καὶ
2325 1923 2567 1993 ἐνήργει,
2601 1923 2676 1986 ὡς
2705 1924 2837 1987 Θεὸς
2871 1926 2965 1978 καὶ
3004 1927 3082 1996 τῷ
3113 1931 3288 2000 Πατρὶ
3317 1933 3624 2000 όμοούσιος,

2053 2012 2123 2064 τὰ
2156 2012 2276 2065 θεῖα
2314 2012 2774 2084 θαυματουργῶν,
2818 2010 2911 2068 καὶ
2955 2016 3115 2086 ήθελε
3173 2021 3268 2074 καὶ⁸
3311 2023 3527 2095 ἐνήργει
3552 2025 3627 2079 τὰ

2054 2102 2370 2173 ἀνθρώπινα
2399 2104 2473 2166 ὡς
2501 2103 2804 2173 ἄνθρωπος,
2838 2107 2931 2159 καὶ
2953 2108 3083 2177 ἡμῖν
3101 2110 3406 2179 όμοούσιος,
3434 2114 3626 2181 θέλων,

2055 2193 2149 2248 καὶ
2171 2192 2435 2263 ἐνεργῶν,
2473 2195 2567 2247 καὶ
2599 2195 2822 2265 πάσχων
2862 2195 2931 2250 τὰ
2972 2198 3093 2251 καθ’
3139 2201 3307 2269 ἡμᾶς.
3342 2203 3533 2257 Ἤθελε
3566 2204 3628 2258 δὲ

2055 2282 2150 2336 καὶ
2210 2283 2428 2352 ἐνήργει
2456 2281 2524 2336 τὰ
2578 2281 2784 2351 φυσικά
2834 2283 2929 2336 καὶ
2983 2285 3282 2357 ἀδιάϐλητα
3304 2290 3403 2358 τῆς
3422 2289 3626 2358 ἡμετέ-

2057 2390 2156 2443 ρας
2190 2372 2405 2440 φύσεως
2427 2373 2723 2444 θελήματα,
2740 2374 2841 2427 οὐκ
2869 2376 3200 2446 ἐναντιότητι
3231 2377 3476 2449 γνώμης,
3509 2379 3632 2432 ἀλλ’

2059 2464 2279 2534 ἰδιότητι
2307 2463 2415 2517 τῶν
2445 2463 2680 2533 φύσεων.
2718 2464 2790 2517 Οὐ
2815 2466 2923 2536 γὰρ
2947 2467 3009 2518 τὸ
3044 2468 3270 2533 φυσικὸν
3301 2466 3629 2537 θέληματοῦ

2055 2554 2343 2624 ἀνθρώπου
2394 2555 2634 2609 ἐναντίον
2662 2554 2755 2609 τοῦ
2781 2555 2925 2609 θείου
2979 2557 3326 2629 θελήματος..
3350 2560 3631 2631 Θελήματι

2056 2648 2164 2719 γὰρ
2201 2648 2336 2702 Θεοῦ
2382 2649 2475 2702 καί
2506 2651 2726 2721 εὐδοκία
2758 2649 2900 2703 θέλει
2952 2649 3236 2721 ἄνθρωπος
3277 2652 3347 2706 τὰ
3389 2652 3627 2721 φυσικά·

2058 2737 2226 2790 θέλων
2257 2736 2367 2806 γὰρ
2400 2739 2429 2790 ὁ
2478 2738 2611 2801 Θεὸς
2653 2738 2828 2791 ταῦτα
2883 2740 2949 2808 τῇ
2985 2739 3145 2807 φύσει
3194 2739 3417 2797 δέδωκε.
3459 2741 3537 2793 Τὰ
3572 2739 3635 2792 δέ

2057 2825 2177 2879 καθ’
2208 2825 2481 2896 ἡμετέραν
2505 2826 2731 2897 γνώμην
2761 2827 2853 2880 καὶ
2884 2828 3078 2898 ἡδονὴν
3106 2828 3456 2898 ἁμαρτητικὰ
3478 2828 3636 2899 παρὰ

2056 2915 2147 2969 τὸν
2171 2916 2312 2970 θεῖον
2339 2917 2521 2987 νόμον,
2544 2919 2718 2972 ταῦτα
2751 2919 2969 2972 ἐναντία
3014 2918 3107 2971 τοῦ
3133 2918 3278 2971 θείου
3306 2918 3633 2990 θελήματος,

384 3006 592 3081 quippe
623 3014 818 3076 suapte
861 3008 1148 3062 voluntate
1192 3007 1307 3062 haec
1350 3015 1556 3063 nostrae
1584 3017 1794 3065 natura:
1823 3025 1956 3066 con-

2063 3003 2312 3074 γνωμικά
2335 3004 2428 3057 καὶ
2454 3005 2792 3059 ὑποστατικά
2812 3005 2938 3076 θελή
2948 3021 3096 3075 ματα.
3117 3022 3131 3035 ⁸
3166 3006 3242 3070 ὡς
3262 3007 3360 3077 μέν
3386 3002 3479 3060 οὖν
3499 3008 3639 3070 Θεὸς

382 3101 575 3155 cessit.
633 3099 767 3165 Quae
816 3114 949 3155 vero
996 3114 1100 3170 pro
1138 3099 1371 3155 arbitrio
1403 3108 1602 3155 nostro
1652 3110 1957 3172 nostraque

381 3192 667 3260 voluptate
709 3190 975 3247 adversus
1000 3190 1094 3247 Dei
1133 3191 1305 3263 legem
1337 3191 1622 3262 peccando
1650 3192 1956 3249 admittun-

378 3287 495 3346 tur.
526 3283 643 3338 haec
672 3297 798 3336 cum
833 3282 930 3338 Del
975 3282 1250 3337 voluntati
1296 3281 1682 3348 adversentur,
1719 3282 1958 3338 arbitra-

384 3373 467 3428 ria
499 3379 553 3429 et
580 3374 897 3442 personalia
947 3382 1099 3428 sunt.
1151 3372 1412 3429 Christus
1454 3372 1664 3445 itaque,
1693 3382 1955 3444 tanquam

385 3461 553 3529 Deus,
579 3462 768 3517 divina
801 3478 903 3520 sua
934 3463 1239 3528 voluntate,
1290 3463 1593 3533 divinaque
1636 3464 1960 3535 operatione

386 3568 494 3610 una
535 3569 662 3608 cum
712 3553 875 3609 Patre
920 3561 977 3608 et
1015 3553 1224 3624 Spiritu
1285 3553 1504 3610 divinas
1546 3569 1637 3610 res
1677 3555 1956 3625 patrabat,

386 3654 518 3714 puta
553 3646 799 3701 universi
851 3645 1019 3715 hujus
1077 3644 1556 3701 conservationem
1608 3644 1960 3714 gubernatio-

386 3751 647 3805 ncmque,
695 3745 750 3791 et
796 3737 1044 3793 omnium
1092 3737 1354 3803 salutem,
1412 3743 1466 3790 et
1500 3749 1847 3805 quaecunque
1890 3732 1961 3788 ad

387 3828 633 3883 divinam
674 3831 1009 3887 voluntatem
1052 3838 1346 3899 spectant:
1401 3836 1456 3882 at
1489 3844 1638 3896 vero,
1680 3837 1740 3884 ut
1771 3829 1958 3893 homo,

389 3919 947 3977 humana‘voluntate
1000 3921 1242 3983 volebat,
1281 3929 1335 3973 et
1363 3920 1683 3988 operatione
1722 3919 1959 3973 humana

388 4012 608 4081 agebat,
646 4028 768 4082 quae
817 4013 1095 4067 naturalia
1149 4021 1278 4068 sunt
1321 4012 1728 4080 humanitatis;
1774 4010 1962 4079 cujus-

388 4100 533 4156 modi
590 4110 721 4157 sunt
777 4102 1135 4168 manducare,
1183 4102 1391 4165 bibere,
1446 4118 1697 4170 cernere,
1745 4102 1957 4157 intelli-

389 4207 537 4263 gere,
569 4207 790 4247 manum
828 4193 1124 4263 porrigere.
1163 4194 1472 4256 ambulare,
1535 4193 1804 4259 dormire,
1836 4192 1963 4247 alia-

388 4298 495 4353 que
530 4281 805 4352 ejusmodi
842 4282 1051 4347 omnia,
1076 4282 1231 4355 juxta
1258 4299 1321 4339 ac
1353 4278 1503 4340 Patri
1535 4271 1792 4355 placitum
1819 4292 1957 4341 erat.

2054 3095 2083 3148 6
2111 3095 2367 3165 Χριστὸς,
2426 3096 2586 3165 ἤθελε
2627 3096 2749 3167 θείᾳ
2800 3097 3038 3166 θελήσει,
3088 3097 3185 3151 καὶ
3214 3098 3463 3169 ἐνεργείᾳ
3512 3097 3638 3169 θείᾳ

2056 3184 2275 3255 ἐνήργει
2303 3186 2399 3239 σὺν
2425 3185 2501 3256 τῷ
2534 3188 2707 3256 Πατρὶ
2742 3187 2834 3240 καὶ
2852 3187 2930 3258 τῷ
2964 3186 3242 3257 meeum
3267 3189 3332 3242 τὰ
3365 3188 3499 3253 θεῖα,
3521 3185 3636 3244 οἷον

2055 3276 2155 3348 τὴν
2182 3277 2276 3331 τοῦ
2306 3277 2502 3342 παντὸς
2528 3278 2757 3351 συνοχὴν
2783 3280 2875 3333 καὶ
2905 3278 3253 3351 κυϐέρνησιν,
3282 3281 3380 3350 τὴν
3399 3281 3504 3335 τῶν
3535 3282 3630 3334 ἀν-

2057 3367 2292 3437 θρώπων
2337 3369 2631 3439 σωτηρίαν,
2666 3371 2758 3423 καὶ
2803 3371 2904 3423 ὅσα
2930 3370 3029 3440 τῆς
3067 3369 3217 3433 θείας
3265 3361 3489 3439 φύσεώς
3512 3372 3627 3425 ἐστι

2058 3456 2259 3529 θελητά
2279 3475 2293 3490 ’
2326 3460 2401 3523 ὡς
2426 3459 2483 3513 δὲ
2511 3459 2796 3531 ἄνθρωπος
2819 3500 2834 3525 ,
2869 3460 3028 3531 ήθελε
3057 3460 3376 3533 ἀνθρωπίνῃ
3397 3461 3626 3533 θελήσει,

2057 3551 2154 3604 καὶ
2179 3552 2426 3623 ἐνεργείᾳ
2459 3551 2776 3624 ἀνθρωπίνῃ
2820 3552 3039 3623 ἐνήργει
3073 3553 3142 3605 τὰ
3172 3553 3378 3622 φυσικὰ
3405 3555 3502 3623 τῆς
3534 3555 3632 3607 ἁνη

2060 3642 2432 3714 θρωπότητος,
2464 3638 2574 3697 οἷον
2604 3646 2819 3712 φαγεῖν,
2852 3646 3018 3704 πιεῖν,
3053 3644 3208 3714 όρᾷν,
3256 3646 3415 3707 νοεῖν,
3458 3643 3637 3695 ἐκτεί-

2058 3750 2172 3787 νειν
2223 3737 2401 3804 χεῖρα,
2450 3736 2791 3806 περιπατεῖν,
2857 3733 3082 3797 ὑπνοῦν,
3141 3734 3234 3787 καὶ
3286 3733 3353 3785 τά
3406 3732 3640 3787 τοιαῦτα

2061 3825 2243 3879 πάντα
2268 3828 2408 3879 κατὰ
2447 3826 2549 3898 τὴν
2588 3827 2865 3896 Πατρικήν
2904 3826 3169 3879 εὐδοκίαν.
3210 3825 3401 3876 Ἤθελε
3438 3825 3498 3876 δὲ
3534 3825 3642 3879 καὶ

2060 3918 2136 3977 ὡς
2159 3917 2290 3981 Θεὸς
2318 3918 2415 3989 τὴν
2437 3918 2595 3988 ήμῶν
2640 3918 2913 3991 σωτηρίαν
2933 3932 2947 3948 ⁶
2980 3918 3039 3970 τὸ
3068 3917 3184 3970 καθ’
3219 3916 3407 3985 ἡδονὴν
3440 3916 3638 3987 ἁμαρ-

2058 4010 2279 4078 τητικὸν
2332 4010 2429 4063 καὶ
2460 4009 2799 4081 παρήδρυσιν
2837 4009 2855 4048 τ
2899 4010 2960 4062 οὑ
3013 4008 3342 4079 παρεδέξατο
3378 4006 3637 4076 θέλημα·

2061 4102 2334 4173 ἁμαρτίαν
2373 4100 2480 4171 γὰρ
2503 4102 2602 4153 οὑκ
2633 4100 2906 4170 ἐποίησεν,
2930 4100 3044 4153 οὐδὲ
3075 4100 3271 4169 εὑρέθη
3297 4098 3445 4162 δόλος
3477 4101 3535 4153 ἐν
3559 4099 3642 4169 τῷ

2064 4194 2292 4263 στόματι
2339 4191 2526 4246 αὑτοῦ.
2561 4191 2691 4244 Θεία
2734 4193 2844 4261 γὰρ
2881 4188 2955 4243 ὢν
2987 4191 3305 4254 ὑπόστασις,
3357 4193 3452 4244 καὶ
3476 4191 3641 4257 φύσιν

2060 4283 2408 4354 ἀνθρωπίνην
2453 4282 2759 4345 ἀναλαϐὼν,
2800 4285 2865 4353 τῇ
2917 4285 3119 4352 φυσικῇ
3154 4282 3374 4353 θελήσει
3417 4282 3518 4353 τῆς
3546 4285 3641 4337 ἀν-

386 4374 621 4432 Volebat
669 4384 877 4440 autem,
913 4377 1077 4431 etiam
1114 4384 1174 4430 ut
1202 4376 1371 4431 homo
1407 4385 1546 4442 erat,
1575 4377 1808 4432 salutem
1858 4391 1956 4431 no-

2064 4372 2433 4442 θρωπότητος,
2474 4373 2612 4427 κατὰ
2654 4373 2714 4426 τὸ
2748 4372 2889 4425 θεῖον
2928 4371 3029 4442 τῆς
3063 4373 3418 4434 ὑποστάσεως
3471 4373 3640 4443 αὐτῆς

386 4472 586 4525 stram.
622 4465 977 4522 Voluntatem
1025 4483 1147 4538 qua:
1184 4483 1281 4538 per
1326 4469 1689 4538 voluptatem,
1737 4477 1831 4523 aut
1861 4483 1960 4537 per

391 4566 660 4615 secretam
705 4559 1082 4629 obreptionem
1134 4561 1400 4631 peccandi
1427 4576 1600 4630 capax
1627 4568 1796 4625 esset,
1849 4575 1961 4614 non

392 4647 657 4716 suscepit.
683 4647 973 4703 Peccatum
1016 4650 1285 4720 siqtiidem
1332 4667 1441 4708 non
1479 4651 1628 4714 fecit,
1663 4666 1765 4706 nec
1799 4650 1961 4706 dolus

392 4735 646 4793 inventus
678 4745 765 4790 est
813 4737 869 4789 in
916 4752 1012 4791 ore
1045 4737 1167 4806 ejus
1193 4741 1237 4794 '.
1268 4737 1401 4792 Nam
1429 4738 1617 4792 divina
1651 4737 1961 4809 hypostasis

391 4842 518 4883 cum
535 4835 700 4891 esset,
720 4825 954 4879 humana
974 4839 1256 4899 assumpta
1277 4839 1491 4895 natura,
1514 4829 1746 4883 naturali
1764 4829 1962 4884 volun-

389 4926 507 4973 tate
543 4917 900 4974 humanitatis
947 4920 1224 4986 utebatur,
1260 4929 1416 4990 prout
1454 4922 1652 4977 divinae
1694 4919 1962 4977 voluntati

390 5011 710 5085 hypostasis
739 5026 854 5067 suae
884 5011 1284 5068 allubescebat.
1323 5014 1502 5079 Atque
1529 5013 1635 5067 hoc
1666 5021 1828 5081 pacto
1867 5025 1966 5065 no-

392 5121 494 5161 vus
523 5103 694 5159 Adam
741 5115 981 5159 veterem
1016 5105 1230 5161 salvum
1282 5106 1452 5172 fecit;
1506 5105 1710 5172 quippe
1747 5104 1839 5172 qui
1869 5118 1967 5172 per

2067 4464 2335 4534 ἐχρήσατο
2382 4464 2622 4535 θέλημα·
2683 4465 2778 4518 καὶ
2830 4463 3001 4526 οὕτως
3035 4465 3064 4516 ό
3094 4463 3214 4526 νέος
3258 4463 3351 4516 τὸν
3409 4464 3638 4516 παλαιὸν

2079 4554 2249 4623 ’Δδάμ
2277 4553 2589 4606 ἀνεσώσατο
2606 4569 2620 4583 ο
2654 4553 2844 4622 γέγονε
2871 4553 2980 4623 γὰρ
3001 4554 3058 4605 ἐν
3081 4554 3247 4605 πᾶσιν
3273 4554 3529 4621 ὑπήκοος,
3561 4551 3643 4614 ὡς

2069 4643 2378 4713 ἄνθρωπος,
2409 4644 2486 4714 τῷ
2517 4644 2634 4714 Θεῷ
2664 4645 2757 4698 καὶ
2781 4643 2957 4714 Πατρὶ
2985 4644 3090 4706 ἕως
3136 4642 3389 4697 θανάτου.
3423 4642 3494 4695 Οὐ
3528 4643 3642 4712 γὰρ

2068 4733 2143 4806 ὡς
2174 4734 2305 4796 Θεὸς
2341 4734 2563 4802 γέγονεν
2606 4735 2865 4802 ὑπήκοος.
2907 4731 3154 4802 ’Υπακοὴ
3181 4733 3289 4802 γάρ
3325 4734 3469 4784 ἐστιν
3509 4731 3648 4783 αὺτ-

2070 4823 2306 4889 εξούσιος
2333 4826 2579 4895 ὐποταγὴ
2604 4824 2696 4891 tofi
2723 4824 2922 4881 οἰκείου
2950 4824 3250 4893 θελήματος
3280 4824 3450 4893 ἑτέρῳ
3482 4822 3656 4893 θελής

2074 4933 2203 4986 ματι
2226 4932 2241 4946 '
2277 4916 2337 4969 τὸ
2374 4916 2430 4969 δὲ
2480 4916 2619 4968 θεῖον
2659 4914 2871 4986 θέλημα
2900 4916 2959 4968 οὐ
2995 4914 3201 4976 δοῦλον,
3231 4913 3353 4965 οὐδὲ
3377 4914 3647 4983 ὑπήκοον.

2066 5007 2179 5060 Οὐκ
2204 5007 2320 5060 ἔστι
2349 5007 2455 5078 γὰρ
2483 5010 2581 5078 τῆς
2607 5006 2758 5070 θείας
2791 5007 3060 5077 θελήσεως
3089 5005 3147 5057 τὸ
3173 5004 3464 5075 ὀρέγεσθαι
3499 5004 3653 5074 βρώ-

2069 5115 2228 5164 σεως,
2277 5100 2508 5164 πόσεως,
2561 5098 2750 5163 ὕπνου,
2785 5096 2961 5151 θέλειν
2998 5096 3199 5159 λαθεῖν,
3239 5095 3439 5166 καὶμὴ
3484 5096 3663 5149 δύνα-

391 5196 576 5253 omnia
613 5195 792 5252 factus
820 5205 904 5251 est
944 5207 1003 5251 ut
1053 5196 1217 5250 homo
1259 5193 1521 5250 obediens
1561 5194 1669 5248 Deo
1719 5207 1774 5248 et
1820 5192 1956 5249 Patri

2071 5189 2197 5248 σθαι
2221 5206 2233 5218 ·
2263 5190 2324 5245 τὸ
2355 5191 2462 5261 γὰρ
2484 5191 2625 5244 θεῖον
2660 5189 2870 5260 θέλημα
2899 5185 3304 5256 παντοδύναμον
3328 5203 3343 5218 ·
3374 5185 3495 5240 οὐδέ
3525 5187 3657 5242 ἐστι

464 5376 486 5406 ¹
526 5375 634 5434 Isa.
690 5392 807 5434 mu.
851 5378 922 5444 9;
957 5378 975 5431 l
1012 5375 1153 5430 Pctr.
1186 5391 1245 5440 Il,
1275 5374 1365 5431 2‘2.

1666 5525 1896 5582 VARUE
1940 5520 2347 5579 LECTIONES.

481 5687 632 5744 ῐἹτ.
693 5691 1063 5762 παρείσδυσιν,
1091 5695 1462 5765 obrcplionem,
1523 5694 1607 5749 vel
1665 5693 2053 5767 παρεισδύσαν,
2096 5684 2385 5757 ουνερεηάο
2408 5682 2613 5739 mhi-Nl!
