3980 6140
437 349 576 416 15.29
790 428 793 431 _
1501 358 1601 418 DE
1638 355 1879 418 RECTA
1921 355 2349 419 SENTENTIA
2386 350 2645 417 LIBER.
3564 359 3700 427 1430

432 461 587 524 θείας
623 460 903 533 ἐνεργείας
934 460 995 514 τὸ
1023 460 1519 539 ὁρᾷνβωματικοίς
1545 465 1868 536 ὀφθαλμοῖς,
1914 464 1996 518 καλ

2119 480 2297 535 usque
2349 465 2420 521 ad
2472 473 2727 522 mortem.
2767 466 2885 524 Non
2924 469 3069 524 enim
3113 471 3190 526 uti
3229 470 3374 526 Deus
3427 470 3699 526 obediens

426 549 712 615 ἀναπνεῖν,
739 555 1082 625 περιπατεῖν,
1120 554 1213 609 καὶ
1236 559 1427 628 χεῖρας
1460 558 1745 611 ἐκτείνειν.

2120 554 2304 611 factus
2339 565 2425 613 est
2458 576 2471 611 :
2534 560 2664 629 quia
2695 559 3038 629 obedientia,
3082 573 3392 634 spontanea
3417 561 3698 633 liberaque

428 643 667 712 propriae
696 645 1002 702 voluntatis
1029 646 1304 717 subiectio
1337 656 1425 705 est
1454 647 1728 704 voluntati
1749 646 1981 702 alterius
2010 662 2025 698 :
2063 645 2251 701 divina
2277 655 2460 703 autem
2506 649 2672 723 395.
2704 655 2983 719 voluntas,
3038 669 3139 710 nec
3172 669 3353 719 serva,
3418 668 3525 708 nec
3594 654 3697 708 ob-

429 748 671 803 sequens
711 743 817 790 est.
874 734 1061 806 Neque
1091 739 1256 792 etiam
1304 738 1507 793 divinae
1553 737 1855 793 voluntatis
1903 743 2007 799 est,
2048 734 2235 789 cibum
2301 744 2359 793 et
2414 748 2608 808 potum
2639 748 2693 796 et
2719 756 2972 797 somnum
3007 751 3285 813 appetere,
3314 741 3453 798 velle
3502 742 3697 808 latere,

428 838 534 878 nec
571 840 774 894 posse;
806 826 1258 897 quandoquidem
1295 829 1554 884 voluntas
1597 827 1779 882 divina
1829 824 2182 894 omnipotens
2210 832 2295 881 est
2346 844 2361 879 :
2405 843 2584 899 neque
2615 830 2955 900 operationis
2987 831 3191 886 divina
3260 842 3345 886 est
3403 831 3693 902 corporeis

427 914 607 970 oculis
666 929 915 981 cernere,
985 917 1286 988 respirare,
1355 919 1663 981 ambulare,
1722 926 1777 972 et
1810 928 2007 969 manus
2045 914 2368 971 extendere.

497 1004 560 1059 δ’.
587 1005 686 1058 Διὰ
707 1005 866 1059 τοῦτο
887 1007 1070 1071 καθὼς
1101 1007 1196 1062 δύο
1237 1007 1400 1062 αὐτοῦ
1436 1009 1537 1073 τὰς
1581 1008 1772 1078 φύσεις
1817 1004 2010 1076 ὁμολο-

426 1094 655 1168 γοῦμεν,
686 1097 852 1151 αὐτοῦ
878 1102 1352 1173 συνομολογοῦμεν
1386 1103 1478 1163 καὶ
1514 1102 1585 1157 τὰ
1612 1102 1817 1172 φυσικὰ
1851 1100 2010 1170 θελή-

429 1203 596 1257 ματα,
626 1189 720 1242 καὶ
753 1189 848 1244 δύο
875 1191 976 1254 τὰς
1006 1193 1242 1262 φυσικὰς
1270 1194 1550 1265 ἐνεργείας
1582 1193 1676 1247 τοῦ
1704 1193 1869 1248 αὐτοῦ
1889 1192 2009 1256 ἐνὸς

424 1277 687 1347 Χριστοῦ,
719 1280 819 1350 τῆς
846 1282 975 1351 μιᾶς
1004 1283 1099 1337 τοῦ
1135 1284 1268 1337 Υίοῦ
1306 1284 1399 1338 τοῦ
1422 1284 1559 1338 Θεοῦ
1601 1286 1696 1338 καὶ
1741 1284 1834 1338 τοῦ
1873 1283 2007 1338 Υίοῦ

423 1364 520 1421 τοῦ
551 1367 842 1440 ἀνθρώπου
880 1371 1136 1426 συνθέτου
1166 1374 1549 1439 ὑποστάσεως·
1581 1377 1677 1431 ἓνα
1700 1377 1759 1429 δὲ
1795 1376 1890 1430 καὶ
1915 1375 2008 1429 τὸν

424 1460 589 1512 αὐτὸν
622 1459 843 1515 θέλοντα
875 1465 1124 1532 φυσικῶς
1155 1466 1224 1520 τὰ
1245 1467 1364 1520 θεῖα
1415 1468 1506 1522 καὶ
1547 1467 1616 1522 τὰ
1647 1468 1964 1537 ἀνθρώπινα
1989 1484 2004 1499 ο

423 1548 495 1601 τὰ
528 1548 669 1616 θεῖα,
692 1550 812 1623 θείᾳ
842 1554 1080 1626 θελήσει,
1114 1556 1184 1610 τὰ
1212 1557 1550 1627 ἀνθρώπινα,
1572 1558 1891 1631 ¹ιίινθρωπίνῃ
1916 1559 2008 1612 θε-

421 1641 601 1710 λήσει.
632 1643 749 1698 Μία
777 1644 886 1716 γὰρ
916 1646 1214 1713 ὑπόστασις
1233 1647 1308 1702 ὢν
1337 1651 1364 1702 6
1389 1651 1623 1721 Χριστὸς
1649 1649 1742 1703 δύο
1771 1649 2007 1719 φύσεων,

424 1731 578 1797 θείας
608 1751 667 1786 τε
696 1735 791 1789 καὶ
821 1737 1190 1809 ἀνθρωπίνης,
1215 1741 1391 1795 ταῦτα
1420 1741 1598 1808 θείως,
1648 1743 1877 1796 κάκεῖνα
1917 1744 2010 1796 ἀν-

2186 1006 2241 1058 4.
2282 1005 2628 1078 Quapropter
2669 1011 2815 1065 sicut
2868 1011 3006 1068 duas
3037 1012 3158 1082 eius
3201 1022 3432 1069 naturas
3462 1013 3694 1069 confite-

2116 1111 2261 1163 mur,
2299 1098 2441 1155 duas
2473 1100 2639 1155 simul
2681 1100 2917 1158 fatemur
2956 1113 3069 1158 tum
3117 1104 3429 1160 voluntates
3467 1113 3692 1160 natura-

2115 1182 2217 1248 les,
2269 1192 2383 1239 tum
2441 1188 2793 1258 operationes
2866 1192 3149 1249 naturales
3227 1192 3475 1265 ejusdem
3529 1194 3694 1250 unius

2114 1273 2342 1343 Christi,
2400 1277 2567 1335 unius
2615 1281 2940 1352 compositae
2972 1282 3291 1355 hypostasis
3335 1284 3466 1342 Filii
3500 1285 3596 1343 Dei
3640 1294 3693 1343 et

2116 1364 2211 1421 ﬁlii
2239 1368 2515 1435 hominis;
2554 1386 2749 1438 unum,
2787 1374 3034 1444 inquam,
3081 1383 3134 1430 et
3179 1373 3436 1431 eumdem
3466 1385 3691 1433 natura-

2112 1457 2242 1514 liter
2282 1461 2555 1517 volentem
2587 1476 2710 1534 quae
2750 1465 2961 1530 divina,
2990 1482 3221 1537 quaeque
3247 1467 3493 1524 humana
3523 1472 3689 1525 sunt':

2111 1549 2299 1605 divina
2341 1553 2601 1623 quidem,
2651 1555 2837 1611 divina
2887 1556 3199 1627 voluntate,
3241 1560 3483 1615 humana
3534 1575 3689 1627 vero,

2110 1641 2399 1697 voluntate
2448 1645 2708 1700 humana.
2763 1645 2898 1701 Cum
2950 1651 3099 1704 enim
3139 1649 3400 1707 Christus
3453 1651 3529 1707 sit
3581 1666 3688 1706 una

2112 1731 2433 1804 hypostasis
2475 1737 2709 1791 duarum
2754 1747 3106 1808 naturarum,
3158 1741 3360 1797 divinae
3390 1743 3606 1799 scilicet
3636 1752 3690 1797 et

422 1821 713 1890 θρωπίνως
744 1827 772 1877 6
801 1825 964 1889 αὐτὸς
1009 1827 1190 1898 ήθελε,
1238 1830 1333 1883 καὶ
1379 1831 1602 1902 ἐνήργει
1640 1831 1707 1883 τὰ
1740 1831 1878 1893 θεῖα,
1912 1832 1996 1884 καΊ

2111 1820 2389 1889 humanae,
2418 1824 2535 1879 haec
2566 1823 2757 1880 divino
2792 1842 2965 1893 more,
3013 1835 3070 1883 et
3124 1829 3219 1885 illa
3268 1829 3513 1885 humano
3543 1830 3688 1885 idem

424 1911 789 1979 θεανδρικῶς
810 1915 878 1967 τὰ
897 1915 993 1967 ἀνθ
1003 1916 1232 1987 ρώπινα,
1258 1919 1321 1972 Εί
1338 1920 1445 1991 γὰρ
1473 1922 1567 1973 καὶ
1591 1920 1665 1984 ὡς
1689 1920 1821 1983 Θεὸς
1848 1919 2007 1992 ἤθελε

420 2000 494 2055 τὰ
540 2000 679 2067 θεῖα,
715 2005 808 2056 καὶ
839 2005 917 2070 ὡς
962 2008 1250 2078 ἅνθρωπος
1274 2010 1345 2064 τὰ
1392 2009 1734 2082 ἀνθρώπινα,
1780 2012 2010 2068 ἁλλόῦν

418 2087 548 2142 οὔτε
576 2090 651 2154 ὼς
685 2093 815 2157 Θεὸς
848 2098 1053 2167 γυμνὸς
1082 2098 1242 2170 ἤθελε
1269 2103 1337 2155 τὰ
1375 2102 1512 2168 θεία,
1546 2102 1669 2156 οὐτε
1694 2103 1768 2168 ὡς
1796 2104 2009 2175 ἄνθρωσ⁸

421 2197 525 2242 πος
540 2179 694 2248 ψιλὸς
711 2184 779 2236 τὰ
803 2185 1138 2257 ἀνθρώπινα,
1159 2189 1297 2244 ἀλλὰ
1320 2191 1453 2255 Θεὸς
1475 2192 2007 2261 ἀνδρισθεὶς,τουτ-

420 2269 572 2324 ἐστιν
605 2275 1052 2349 ἐνανθρωπήσας,
1087 2285 1291 2354 φυσικῇ
1314 2283 1436 2356 θείᾳ
1476 2285 1694 2357 θελήσει
1728 2288 1823 2341 καὶ
1853 2290 2007 2361 ἐνερ·

418 2363 570 2433 γείᾳ,
602 2364 678 2428 ὡς
706 2366 839 2429 Θεὸς
862 2371 957 2422 καὶ
984 2372 1267 2443 ἄνθρωπος
1289 2377 1316 2428 6
1334 2375 1518 2444 αὐτὸς,
1541 2377 1700 2449 ήθελε
1731 2379 1825 2433 καὶ
1847 2381 2007 2453 ἐνήρ-

417 2470 507 2523 γει
552 2456 619 2508 τὰ
659 2460 798 2525 θεῖα,
863 2462 956 2515 καὶ
1009 2468 1213 2536 φυσικῇ
1271 2468 1589 2544 ἀνθρωπίνῃ
1639 2471 1858 2541 θελήσει
1907 2475 2004 2528 καὶ

416 2548 694 2621 ἐνεργείᾳ,
728 2550 805 2615 ὡς
842 2551 974 2616 Θεὸς
1006 2556 1097 2609 καὶ
1128 2555 1414 2628 ἄνθρωπος
1443 2561 1471 2612 6
1502 2560 1684 2628 αὐτὸς,
1716 2562 1875 2633 ἤθελε
1908 2566 2004 2620 καὶ

415 2641 639 2710 ἐνήργει
670 2641 738 2695 τὰ
766 2644 1107 2717 ἀνθρώπινοι,
1130 2651 1391 2720 πεφυκὼς
1427 2652 1602 2707 θέλειν
1643 2656 1738 2708 καὶ
1759 2658 2003 2729 ἐνεργεῖν

416 2730 496 2792 ὡς
533 2730 817 2802 ἄνθρωπος
848 2736 918 2789 τὰ
945 2738 1281 2809 ἀνθρώπινα.
1325 2743 1481 2798 Θέλει
1511 2744 1621 2818 γὰρ
1664 2749 1759 2802 καὶ
1787 2750 2006 2824 ἐνεργεῖ

415 2820 686 2890 ἑκατέρας
725 2825 940 2890 φύσεως
982 2827 1051 2880 τὰ
1096 2828 1204 2883 ίδια
1246 2834 1384 2901 μετὰ
1411 2835 1513 2905 τῆς
1551 2836 1781 2909 θατέρου
1812 2820 2003 2899 κοίνω-

413 2913 553 2979 νίας,
588 2915 686 2985 τῆς
723 2916 822 3001 μέν
858 2917 1111 2989 θεότητος
1154 2924 1516 2997 αὐτεξουσίως
1566 2931 1663 2985 καὶ
1704 2936 2000 3002 παντεξου-

411 3003 474 3056 σί
481 3023 550 3067 »ς
570 3006 660 3059 διὰ
687 2995 783 3074 τῆς
824 3008 1242 3083 ἀνθρωπότητος
1283 2995 1448 3071 αὐτοῦ
1497 3022 1826 3094 ἐνεργούσης
1849 3042 1863 3056 ο
1886 2995 2000 3097 ⁷τῆς

410 3096 473 3148 δὲ
505 3096 924 3169 ἀνθρωπότητος
952 3102 1320 3170 αὐτεξουσίως
1368 3110 1463 3162 καὶ
1515 3113 1660 3166 κατὰ
1705 3117 1885 3171 πάντα
1922 3119 1998 3190 τῷ
2025 3142 2069 3199 C

412 3187 545 3259 θείῳ
564 3189 729 3243 αὐτοῦ
757 3190 1026 3262 θελήματι
1054 3196 1079 3235 ε
1103 3196 1197 3249 καὶ
1229 3199 1406 3254 ταῦτα
1446 3201 1708 3276 θελούσης
1752 3206 1788 3261 ἃ
1823 3187 1999 3265 θέλειν

408 3278 582 3350 αὐτὴν
629 3281 662 3351 ή
702 3280 821 3335 θεία
870 3282 1091 3354 θέλησις
1125 3286 1294 3352 θέλει,
1346 3291 1436 3346 διὰ
1474 3294 1535 3346 τὸ
1585 3298 1873 3364 μοναδικὸν
1900 3300 2000 3372 τῆς

409 3370 787 3436 ὑποστάσεως.
844 3375 968 3428 ’0.τι
1000 3376 1058 3430 δὲ
1094 3374 1174 3442 εἷς
1202 3381 1352 3435 ἐστιν
1400 3386 1429 3436 6
1470 3386 1707 3456 Χριστὸς
1758 3393 1855 3445 καὶ
1898 3370 2006 3461 μία

407 3460 705 3552 ὑπόστασις
731 3463 912 3533 δῆλον.
950 3468 1159 3541 Ἐρωτᾷ
1202 3472 1311 3545 γὰρ
1354 3476 1514 3541 αὐτός
1537 3491 1553 3506 ⁸
1595 3498 1612 3530 ι
1647 3480 1783 3535 Τίνα
1812 3500 1880 3552 με
1901 3460 1996 3537 λέ·

404 3564 597 3615 γουσιν
622 3551 671 3604 οἱ
715 3552 993 3622 ἅνθρωποι
1031 3553 1171 3614 εἶναι
1199 3561 1292 3615 τὸν
1318 3564 1446 3618 Υίὸν
1475 3567 1570 3622 τοῦ
1601 3551 1926 3640 ἀνθρώπους
1969 3593 1988 3627 ι

404 3638 521 3694 Καί
549 3657 715 3709 φασιν
744 3644 793 3696 οἱ
824 3647 1102 3718 μαθηταί·
1129 3668 1147 3702 ι
1173 3651 1239 3707 Ol
1271 3654 1370 3724 μὲν
1398 3656 1651 3730 Ἰωάννην
1679 3663 1767 3716 τὸν
1791 3638 1989 3719 Βαπτι-

410 3913 761 3986 Ἀποκριθεὶς
812 3919 870 3973 δὲ
920 3923 947 3974 6
980 3924 1186 3994 Πέτρος
1232 3923 1385 3980 εἶπεν
1421 3930 1493 3983 Σὺ
1538 3927 1591 3984 εί
1617 3933 1647 3985 6
1696 3913 1988 4006 Χριστὸςό

398 4006 533 4069 Υίὸς
556 4008 650 4060 τοῦ
678 4009 813 4063 Θεοῦ
854 4013 947 4065 τοῦ
989 4012 1212 4079 ζῶντος.
1266 4036 1284 4069 ι
1319 4018 1448 4074 Υίὸν
1481 4021 1770 4093 ἀνθρώπου
1821 4028 1987 4083 αὐτὸν

392 4098 775 4170 ὡμολόγησεν,
818 4104 846 4156 6
893 4104 1093 4176 Πέτρος
1133 4107 1259 4161 Υίὸν
1300 4109 1433 4164 Θεοῦ
1479 4113 1864 4186 ἀνηγόρευσεν,
1905 4120 1986 4175 διὸ

394 4190 501 4244 καὶ
538 4190 776 4280 ήκουσεῳο
822 4213 840 4245 ι
868 4197 1155 4269 Μακάριος
1185 4196 1256 4265 εἰ,
1298 4201 1482 4273 Σίμων
1532 4205 1856 4280 Βαρ-Ίωνᾶ,
1898 4215 1982 4268 ὅτι

395 4277 543 4348 σὰρξ
570 4281 664 4333 καὶ
694 4277 833 4353 αἷμα
855 4286 955 4338 οὐκ
983 4287 1301 4361 ἀπεκάλυψέ
1325 4310 1429 4361 σοι,
1460 4295 1574 4350 ἀλλ’
1664 4299 1853 4374 Πατήρ
1879 4322 1980 4376 μου

389 4373 422 4424 ὁ
457 4372 517 4423 ἐν
541 4372 810 4443 οὐρανοῖς.
847 4377 918 4430 Σὺ
962 4375 1010 4432 εἷ
1059 4381 1288 4454 Πέτρος,
1331 4403 1350 4437 ι
1389 4389 1484 4441 καὶ
1526 4390 1621 4444 ἐπὶ
1647 4372 1851 4466 ταύτην

2110 1914 2228 1983 ipse
2254 1915 2471 1971 volebat
2502 1918 2827 1988 agebatque,
2878 1934 2943 1975 ac
2970 1918 3293 1989 theandrice,
3340 1938 3439 1979 seu
3474 1924 3680 1981 divino-

2110 2006 2352 2064 humane
2396 2008 2660 2065 humana.
2706 2010 2951 2068 Tametsi
2999 2014 3146 2070 enim
3201 2015 3278 2071 uti
3314 2015 3463 2075 Deus
3501 2019 3688 2075 divina

2106 2100 2346 2169 volebat,
2396 2110 2451 2157 et
2507 2114 2565 2159 ut
2612 2104 2779 2160 homo
2809 2107 3075 2173 humana,
3116 2117 3357 2167 attamen
3401 2128 3512 2168 nou
3564 2121 3687 2171 lan-

2109 2206 2270 2260 quam
2313 2193 2461 2249 nude
2486 2194 2633 2252 Deus
2660 2196 2847 2253 divina
2881 2198 3125 2269 volebat,
3169 2218 3350 2274 neque
3396 2212 3457 2260 ut
3496 2220 3684 2262 merus

2107 2283 2295 2349 homo,
2333 2283 2601 2352 humana;
2633 2289 2727 2344 sed
2767 2304 2895 2346 cum
2935 2291 3104 2361 Deus,
3141 2304 3203 2350 ut
3230 2297 3307 2351 ita
3348 2298 3551 2366 dicam,
3610 2302 3686 2356 vi-

2106 2377 2349 2447 riﬁcatus
2386 2386 2556 2446 esset,
2602 2381 2707 2438 hoc
2756 2391 2861 2448 est,
2902 2384 3068 2441 homo
3109 2385 3309 2455 factus,
3363 2390 3551 2447 divina
3582 2409 3682 2448 vo-

2106 2469 2321 2526 luntate
2363 2482 2420 2528 et
2473 2475 2800 2543 operatione
2876 2484 3143 2548 tanquam
3209 2478 3355 2535 Deus
3409 2489 3464 2538 et
3515 2483 3683 2542 homo

2105 2561 2248 2617 idem
2287 2563 2407 2633 ipse
2453 2566 2700 2631 volebat,
2751 2566 3135 2639 emciebatque
3182 2570 3388 2638 divina,
3419 2589 3485 2629 ac
3513 2572 3715 2632 natu?

2103 2652 2207 2706 rali
2237 2652 2478 2708 humana
2508 2657 2795 2713 voluntate
2827 2668 2883 2714 et
2911 2661 3241 2729 operatione
3273 2666 3542 2735 naturali,
3579 2683 3681 2724 ceu

2104 2743 2250 2801 Deus
2276 2754 2331 2801 et
2376 2746 2567 2815 homo,
2610 2749 2752 2804 idem
2800 2750 2916 2821 ipse
2963 2752 3184 2807 volebat
3236 2757 3683 2830 operabaturque

2103 2836 2366 2906 humana,
2400 2854 2467 2894 eo
2496 2842 2643 2909 quod
2684 2849 2948 2911 tanquam
2996 2844 3168 2901 homo
3219 2857 3418 2903 natura
3451 2866 3679 2922 compa-

2100 2937 2258 2985 ratus
2311 2938 2454 2995 erat,
2506 2939 2568 2986 ut
2600 2932 2844 2988 humana
2884 2936 3045 2991 vellet
3088 2946 3144 2992 et
3175 2952 3516 3010 operaretur.
3552 2942 3682 3000 Vult

2102 3020 2375 3090 siquidem
2405 3021 2426 3053 ³
2456 3029 2512 3077 et
2550 3023 2665 3094 agit
2699 3038 2825 3094 quae
2871 3025 3167 3099 utriusque
3196 3040 3409 3090 naturae
3455 3039 3679 3107 propria

2101 3121 2385 3169 suntcum
2432 3115 2663 3172 alterius
2710 3119 3145 3177 communione:
3184 3121 3397 3180 Deitate
3453 3129 3676 3197 quidem

2100 3205 2276 3261 libera
2322 3207 2801 3280 omnipotentique
2827 3218 3102 3281 potestate
3138 3229 3236 3284 per
3269 3216 3675 3275 humanitatem

2099 3309 2397 3369 operante,
2440 3302 2786 3359 humanitate
2835 3313 3017 3359 autem
3061 3306 3236 3364 libere
3265 3316 3320 3363 et
3364 3325 3461 3380 per
3490 3315 3677 3368 omnia

2098 3392 2300 3447 divinae
2326 3393 2449 3463 ejus
2484 3396 2760 3451 voluntati
2791 3397 3202 3455 obsecundante
3247 3408 3302 3455 ct
3328 3416 3392 3457 ea
3433 3403 3675 3468 volente.

2095 3497 2221 3553 qua:
2252 3483 2443 3540 divina
2490 3486 2753 3544 voluntas
2785 3503 2904 3544 eam
2937 3489 3081 3545 velle
3126 3491 3246 3547 vult
3295 3502 3526 3563 propter
3554 3496 3676 3551 uni—

2094 3580 2263 3630 tatem
2315 3589 2590 3646 personae.
2636 3575 2801 3647 Quod
2835 3588 3016 3635 autem
3071 3580 3330 3639 Christus
3378 3601 3521 3641 unus
3564 3595 3673 3651 est,

2094 3679 2319 3736 unaque
2350 3682 2591 3737 persona
2632 3678 2687 3724 et
2737 3671 3084 3741 hypostasis,
3142 3675 3502 3739 manifestum
3562 3685 3668 3733 est.

2094 3758 2212 3828 Ipse
2250 3761 2520 3831 siquidem
2559 3762 2865 3836 interrog,“
2903 3783 2916 3820 :
2954 3784 2975 3817 ι
3025 3766 3196 3833 Quem
3233 3783 3320 3824 me
3348 3769 3543 3824 dicunt
3572 3770 3675 3824 hoc

1973 3866 1988 3915 ;
2092 3851 2269 3906 mines
2314 3868 2440 3909 esse
2468 3854 2668 3910 Filium
2712 3856 2993 3915 hominis?
3022 3878 3041 3911 ι
3081 3859 3346 3931 aiuntque
3365 3861 3667 3931 discipuli:

2098 3963 2117 3994 ι
2174 3942 2281 3997 Alii
2334 3945 2556 4014 quidem
2596 3945 2869 4003 JOannem
2935 3948 3277 4018 Baptistam,
3328 3951 3423 4006 alii
3484 3964 3667 4007 autem

2090 4033 2284 4101 Eliam,
2328 4036 2421 4091 alii
2466 4053 2600 4093 vero
2644 4038 2962 4107 Jeremiam,
2996 4049 3093 4096 aut
3124 4059 3294 4098 unum
3329 4060 3394 4099 ex
3426 4045 3670 4115 praphe-

2088 4125 2181 4181 tis.
2216 4124 2335 4182 Vos
2355 4136 2539 4183 autem
2567 4142 2730 4198 quem
2766 4146 2853 4186 me
2893 4146 3019 4187 esse
3044 4131 3275 4189 dicitis?
3305 4132 3667 4203 Respondens

2086 4224 2268 4271 autem
2316 4215 2518 4275 Petrus
2583 4220 2764 4275 dixit:
2800 4219 2883 4275 Tu
2924 4236 2984 4277 es
3029 4222 3287 4277 Christus
3341 4221 3518 4280 Filius
3570 4225 3665 4282 Dei

2083 4308 2194 4363 vivi
2220 4309 2264 4363 δ.
2314 4327 2333 4363 ι
2400 4309 2534 4367 Sese
2582 4309 2781 4365 Filium
2832 4313 3076 4368 hominis
3129 4328 3254 4368 esse
3307 4312 3496 4371 fassus
3554 4325 3661 4384 est,

2084 4398 2269 4468 ipsum
2301 4399 2497 4455 Petrus
2529 4401 2626 4455 Dei
2665 4400 2866 4456 Filium
2909 4403 3195 4463 salutavit.
3245 4403 3461 4461 idcirco
3494 4409 3663 4463 etiam

391 4462 608 4533 πέτραν
628 4467 670 4567 LI}
713 4466 1008 4539 Ἐκκλησία
1028 4472 1368 4546 ἐστήρικται,
1401 4498 1420 4531 ι
1448 4481 1544 4535 καὶ
1578 4484 1742 4540 πύλαι
1773 4462 1973 4558 ᾇὸου,ἰ

2102 4462 2335 4546 iudivit:
2372 4510 2391 4542 ι
2433 4492 2634 4547 Beatus
2683 4508 2764 4557 es,
2803 4492 2993 4549 Simon
3044 4494 3302 4566 Barjona,
3357 4500 3488 4570 quia
3532 4515 3662 4556 caro

388 4553 695 4623 αίρετικῶν
720 4557 990 4627 στόματα,
1025 4581 1043 4614 ι
1074 4564 1135 4616 οὐ
1168 4571 1591 4638 κατισχύσουσιν
1620 4575 1811 4646 αὐτῆς.
1848 4598 1880 4631 ι.

2085 4592 2140 4639 et
2178 4583 2410 4651 sanguis
2448 4597 2559 4637 non
2595 4584 2863 4639 revelavit
2897 4584 3023 4650 tibi,
3058 4587 3169 4647 sed,
3191 4586 3355 4644 Pater
3384 4605 3540 4646 meus
3564 4592 3658 4662 qui

382 4656 479 4699 cst
520 4646 573 4698 in
615 4647 794 4703 ecelis.
836 4647 917 4704 Tu
958 4667 1018 4706 es
1056 4650 1272 4722 Petrus,
1325 4678 1344 4710 ›
1387 4669 1441 4716 et
1488 4677 1658 4733 super
1712 4667 1855 4724 hanc
1914 4685 2125 4743 petram
2177 4646 2430 4733 Ecclesia
2487 4672 2715 4728 firmiter
2807 4675 3077 4733 aediﬁcata
3131 4686 3237 4745 est,
3306 4701 3324 4734 ι
3361 4689 3415 4737 et
3484 4646 3658 4754 por-ta:

383 4737 584 4801 inferi,
618 4757 637 4789 ι
683 4755 779 4794 ora
817 4742 1004 4812 utique
1036 4744 1447 4816 haereticorum,
1501 4772 1519 4805 ι
1554 4771 1663 4811 non
1704 4737 2079 4830 prmvalcbunt
2106 4766 2371 4823 adversus
2405 4780 2522 4823 eam
2541 4765 2584 4819 ⁸.
2618 4785 2637 4816 ι

460 4837 528 4885 ε’.
563 4829 687 4886 Ἐτι
737 4833 986 4903 ὁμολογῶ
1022 4837 1113 4891 τὸν
1168 4839 1461 4913 Τρισάγιον
1502 4847 1669 4917 ὕμνον
1698 4829 1797 4917 τὰς
1824 4859 1993 4928 τρεῖς,

376 4922 717 4997 ὑποστάσεις
749 4924 850 4995 τῆς
906 4925 1158 4999 θεότητος
1207 4935 1514 5003 σημαίνειν,
1568 4941 1661 4994 καὶ
1705 4944 1803 5014 τὴν
1844 4946 1974 5016 μίαν

373 5012 579 5067 οὐσίαν
628 5015 720 5069 καὶ
746 5018 1064 5089 κυριότητα.
1111 5022 1204 5075 Διὸ
1234 5024 1355 5080 οὐδέ
1393 5027 1493 5099 τὴν
1533 5012 1858 5106 προσθήκην
1875 5037 1970 5091 τοῦ

375 5105 789 5198 ματαιόφρονος
814 5109 1023 5183 Πέτρου
1052 5113 1148 5167 τοῦ
1181 5117 1448 5187 Κναφέως
1470 5104 1873 5198 παραδέλξομαι.
1899 5132 1970 5184 Ἢ

371 5195 506 5289 ’γὰρΔ
530 5197 598 5266 τῇ
631 5197 820 5269 Τριάδι
854 5202 915 5257 τὸ
943 5204 1043 5275 τῆς
1065 5207 1423 5279 σταυρώσεως
1472 5195 1967 5289 προσάγει-πάθος,

370 5285 410 5357 ἢ
443 5286 710 5357 τέταρτον
738 5293 804 5362 τῇ
834 5293 1027 5364 Τριάδι-
1053 5302 1383 5373 παρεισάγει
1414 5285 1727 5376 πρόσωπον.

2155 4857 2209 4915 5..
2244 4843 2517 4913 Praeterea
2559 4857 2829 4914 conﬁteor
2862 4859 3173 4935 Trisagium
3206 4866 3471 4938 hymnum
3506 4871 3655 4928 desi-

2078 4964 2250 5019 gnare
2285 4958 2398 5004 tres
2446 4948 2670 5006 deitatis
2712 4953 3056 5035 hypostases,
3085 4973 3361 5030 unamque
3392 4962 3651 5018 substan-

2078 5040 2236 5106 tiam,
2269 5050 2323 5096 et
2354 5056 2524 5095 unum
2575 5041 2943 5100 dominatum.
2987 5047 3353 5114 Quamobrem
3384 5051 3651 5119 adjectio-
3715 5037 3723 5044 ’

2078 5144 2205 5184 nem
2266 5131 2445 5185 insani
2496 5130 2644 5186 illius
2683 5132 2833 5190 Petri
2857 5135 3103 5193 Fullonis
3152 5154 3501 5210 nequaquam
3550 5141 3651 5197 ad-

2078 5219 2258 5276 mitto.
2287 5221 2394 5275 Aut
2438 5221 2584 5277 enim
2615 5221 2877 5281 Trinitati
2925 5227 3301 5283 cruciﬁxionis
3331 5230 3655 5297 passionem

2074 5309 2304 5382 atlingit,
2348 5321 2444 5368 aut
2476 5323 2732 5385 quartam
2779 5316 3037 5374 Trinitati
3086 5332 3380 5389 personam
3414 5320 3653 5391 profane.

1977 5457 1987 5465 ,
2071 5394 2297 5493 inserit.

488 5482 668 5552 ’Leo,
731 5486 907 5559 Epist.
949 5493 1017 5549 ad
1043 5494 1198 5557 Flav.
1312 5512 1334 5534 ⁵
1384 5503 1583 5562 Matth.
1639 5523 1754 5577 xvi,
1794 5510 1982 5579 15-16,

2084 5516 2106 5548 ³
2133 5513 2268 5571 ibid.
2303 5511 2392 5579 17,
2427 5513 2513 5568 18.

1634 5652 1873 5720 vatim
1916 5664 2322 5723 LECTlONES.

450 5733 483 5771 ³
510 5732 672 5791 Deest
701 5736 928 5809 aliquid.
