3950 6154
319 291 447 356 1431

1477 291 1536 348 S.
1577 284 1897 349 JOANNIS
1935 285 2363 349 DAMASCENI

3421 291 3563 357 1432

387 412 442 464 ῦ.
482 408 737 464 Detestor
772 423 993 477 quoque
1019 405 1268 476 Origenis
1301 412 1654 476 nugamenta,
1684 417 1888 472 praeex-

2067 411 2141 467 ς’.
2187 403 2590 476 Ἀποϐάλλομαι
2616 405 2672 458 δὲ
2697 404 2793 459 καὶ
2817 404 2886 459 τὰ
2915 403 3220 476 Ὠριγένους
3251 407 3566 478 ληρήματα,

317 499 629 559 sistentiam
727 501 1055 561 animarum,
1144 496 1488 565 stultamque
1573 494 1891 550 earumdem

315 589 861 660 transmigrationem
897 596 951 641 et
999 592 1376 656 portentosum
1431 601 1612 639 rerum
1668 585 1892 639 restitu-

316 683 545 738 tionem.
603 679 680 734 lta
737 680 940 742 sentio,
1002 687 1056 732 et
1112 693 1241 732 vere
1307 675 1596 739 confiteor,
1655 689 1894 744 eumque

313 775 422 830 hac
451 774 556 829 ﬁde
587 780 771 828 astare
813 772 939 826 volo
970 770 1256 826 tremendo
1291 769 1501 824 Christi
1533 768 1818 820 tribunali.

387 950 441 1005 7.
477 948 710 1019 Insuper
739 957 967 1005 sanctas
1018 963 1112 1003 sex
1168 947 1417 1019 synodos
1471 944 1722 1018 recipio:
1775 944 1896 999 Pri—

317 1055 462 1096 mam
523 1049 892 1096 trecentorum
955 1041 1264 1096 octodecim
1332 1037 1554 1094 Patrum
1625 1038 1892 1093 adversus

318 1130 481 1204 395
522 1131 714 1186 Arium
765 1129 1089 1186 Tritheitam
1135 1130 1494 1184 celebratam.
1555 1128 1890 1189 Secundam.

320 1221 800 1294 Constantinopoli
829 1231 1052 1278 centum
1081 1221 1484 1292 quinquaginta
1515 1217 1736 1274 Patrum
1761 1234 1895 1274 con-
1921 1291 1930 1300 ι

320 1321 406 1367 tra
431 1311 812 1369 Macedonium
862 1313 1104 1386 Spiritus
1143 1314 1318 1368 sancti
1357 1312 1596 1366 hostem.
1627 1310 1891 1375 Tertiam,

319 1420 443 1474 quae
501 1405 781 1476 Ephesina
836 1405 1017 1477 prima
1077 1414 1180 1470 est,
1247 1405 1614 1459 ducentorum
1670 1401 1893 1460 Patrum

320 1505 513 1551 contra
569 1495 887 1554 Nestorium
939 1498 1106 1554 unius
1159 1496 1368 1552 Christi
1425 1497 1520 1553 Dei
1578 1497 1893 1568 bypostasis

320 1584 648 1652 divisorem,
686 1588 1128 1652 .hominieolam,
1190 1588 1586 1658 quaternitatis
1652 1596 1894 1643 asserto-

318 1693 463 1746 rem,
501 1695 566 1736 ac
611 1679 872 1736 infestum
908 1679 1001 1736 Dei
1047 1679 1336 1735 Genitriei.
1391 1679 1676 1746 Quartam,
1721 1679 1890 1736 Chal-

321 1771 694 1827 cedonensem
769 1779 1155 1826 sexcentorum
1215 1771 1435 1842 triginta
1505 1771 1728 1826 Patrum
1795 1772 1894 1825 ad-

319 1879 518 1918 versus
566 1863 866 1935 Eutyebem
923 1874 978 1919 et
1037 1863 1366 1920 Dioscorum
1439 1861 1898 1932 Theopascbitas.

320 1951 601 2018 Quintam,
677 1951 1355 2021 Constantinopolitanam
1429 1960 1650 2005 centum
1742 1965 1902 2006 sexa-

319 2044 471 2113 ginta
502 2053 743 2113 quatuor
773 2052 1096 2097 sanctorum
1137 2040 1362 2095 Patrum
1401 2041 1669 2095 adversus
1706 2039 1901 2110 Orige-

319 2148 446 2188 nem
482 2149 749 2204 nugacem
803 2147 1011 2188 senem.
1057 2131 1280 2187 Sextam
1328 2132 1588 2202 denique,
1621 2133 1892 2188 ducento-

319 2237 441 2277 rum
483 2223 767 2294 octoginta
819 2237 1016 2277 novem
1073 2222 1295 2278 Patrum
1351 2225 1763 2282 sanctissimam
1802 2241 1891 2282 re-

319 2315 686 2385 ctissimaeque
705 2315 976 2370 doctrinae
1002 2317 1273 2386 synodum
1296 2318 1350 2374 in
1377 2319 1719 2388 amplissima
1752 2321 1889 2376 urbe

319 2408 935 2479 Constantinopolitana
979 2410 1308 2466 celebratam
1339 2411 1607 2467 adversus
1634 2411 1891 2484 Sergium

318 2510 370 2552 et
395 2498 597 2570 Cyrum
638 2508 693 2553 et
741 2499 970 2555 Paulum
1017 2511 1072 2556 et
1121 2500 1342 2555 Petrum
1403 2511 1457 2556 et
1516 2502 1784 2574 Pyrrhum
1840 2515 1894 2560 et

319 2588 622 2645 Macarium
651 2597 705 2645 et
735 2591 1074 2660 Stephanum
1100 2593 1222 2661 ejus
1245 2593 1578 2664 discipulum
1611 2605 1889 2652 coactam:

319 2688 375 2733 et
403 2681 591 2733 omnia
625 2696 745 2750 qua:
777 2681 846 2735 ab
881 2681 963 2736 eis
1019 2682 1244 2736 definita
1286 2691 1418 2738 sunt
1470 2685 1796 2754 amplector,
1831 2687 1895 2740 li-

319 2772 567 2842 bensque
591 2774 837 2844 suscipio
866 2789 1058 2830 omnes
1107 2790 1249 2846 quos
1295 2784 1682 2844 susceperunt,
1719 2786 1772 2832 et
1802 2778 1897 2834 de-

318 2869 496 2917 testor
541 2870 598 2918 et
649 2863 1061 2918 anathematizo
1104 2880 1298 2920 omnes
1353 2880 1493 2935 quos
1544 2867 1893 2936 abjecerunt,

1991 493 2092 560 τήν
2145 510 2204 545 τε
2263 492 2373 546 τῶν
2411 492 2597 564 ψυχῶν
2653 494 3039 565 προῦπαρξιν,
3078 494 3172 548 καὶ
3222 496 3320 566 τὴν
3375 495 3572 565 ἄλογον

1997 583 2441 652 μετεμψύχωσιν,
2494 585 2588 636 καὶ
2641 584 2741 654 τὴν
2780 583 3054 656 τερατώδη
3105 585 3567 642 ἀποκατάστασιν.

1993 675 2178 728 Ταῦτα
2210 675 2410 747 φρονῶ,
2437 677 2529 728 καὶ
2556 675 2725 738 ὅντως
2756 675 3026 745 ὁμολογῶ,
3059 677 3152 730 καὶ
3187 677 3324 745 μετὰ
3369 677 3574 748 ταύτης

1992 767 2091 836 τῆς
2141 765 2376 826 πίστεως
2429 764 2660 834 εὔχομαι
2715 763 3064 834 παραστῆναι
3109 761 3186 833 τῷ
3232 763 3446 834 φρικτῷ
3475 763 3572 817 τοῦ

1991 854 2230 926 Χριστοῦ
2253 855 2478 926 βήματι.

2064 949 2130 1010 ζ’.
2181 947 2419 1015 Δέχομαι
2465 945 2521 998 δὲ
2561 944 2660 1007 τὰς
2707 943 2868 1011 ἁγίας
2920 943 2978 1010 ἐξ
3014 943 3296 1007 συνόδους’
3325 942 3573 1016 πρώτην,

1990 1039 2091 1110 τὴν
2126 1038 2184 1089 ὲν
2216 1037 2423 1107 Νικαίᾳ
2448 1037 2555 1089 τῶν
2589 1043 2692 1106 τιη¹
2718 1035 2890 1104 ἁγίων
2916 1034 3175 1106 Πατέρων
3199 1035 3341 1088 κατὰ
3358 1035 3574 1106 Ἀρείου

1991 1127 2090 1182 τοῦ
2118 1127 2424 1198 Τριθεῖτου.
2461 1127 2752 1197 Δευτέραν,
2785 1127 2881 1179 καὶ
2906 1125 3006 1196 τὴν
3047 1127 3103 1178 ὲν
3127 1127 3574 1180 Κωνσταντινου-

1993 1221 2149 1275 πόλει
2170 1220 2278 1273 τῶν
2305 1226 2403 1291 ρν’,
2434 1219 2577 1272 κατὰ
2606 1217 2939 1274 Μακεδονίου
2966 1217 3061 1270 τοῦ
3088 1218 3573 1288 πνευματομὰχου.

1993 1315 2221 1388 Τρίτην,
2261 1313 2352 1366 καὶ
2379 1312 2478 1382 τὴν
2505 1314 2560 1366 ὲν
2611 1311 2821 1381 Ἐφέσῳ
2853 1309 2916 1363 τὺ
2943 1309 3228 1380 πρότερον,
3257 1309 3367 1363 τῶν
3387 1309 3579 1362 διακο-

1997 1408 2150 1470 σίων,
2180 1407 2322 1460 κατὰ
2353 1404 2646 1474 Νεστορίου
2675 1403 2769 1456 τοῦ
2803 1400 3075 1471 διαιρέτου
3099 1401 3196 1472 τῆς
3218 1400 3453 1471 Χριστοῦ
3479 1399 3576 1454 τοῦ

1994 1499 2128 1554 Θεοῦ
2155 1499 2530 1564 ὑποστάσεως,
2559 1497 2652 1549 καὶ
2690 1493 3174 1564 ἁνθρωπολὰτρου,
3198 1493 3292 1545 καὶ
3320 1491 3578 1562 τετραδό·

1996 1607 2212 1660 φρονος,
2241 1591 2334 1642 καὶ
2368 1587 2668 1657 δυσμενοῦς
2693 1586 2793 1655 τῆς
2817 1584 3034 1656 ἀληθῶς
3055 1585 3341 1638 Θεοτόκου.
3367 1585 3578 1655 Τετὰρ-

1995 1697 2114 1751 την,
2148 1679 2242 1732 καὶ
2271 1678 2370 1748 τὴν
2413 1678 2469 1728 ἐν
2507 1675 2812 1746 Χαλκηδόνι
2837 1675 2944 1727 τῶν
2967 1673 3066 1744 χλ’,
3108 1673 3248 1726 κατὰ
3287 1671 3576 1742 Εύτυχέως

1997 1774 2089 1826 καὶ
2118 1770 2410 1838 Διοσκόρου
2438 1767 2545 1820 τῶν
2591 1765 2993 1836 Θεοπασχιτῶν.
3031 1765 3140 1818 Καὶ
3166 1763 3264 1834 τὴν
3293 1763 3574 1833 πέμπτην,

1990 1866 2089 1936 τὴν
2119 1867 2177 1918 ὲν
2211 1859 2782 1930 Κωνσταντινουπόλει
2803 1859 2912 1911 τῶν
2942 1857 3049 1928 ρξδ¹
3085 1856 3255 1925 ἁγίων
3288 1857 3575 1926 Πατέρων,

1991 1957 2132 2011 κατὰ
2171 1954 2482 2024 Ὦριγένους
2525 1950 2619 2004 τοῦ
2669 1949 3005 2020 ληρὴσαντος
3037 1946 3318 2017 γέροντος·
3347 1945 3443 1997 καὶ
3475 1941 3577 2013 τὴν

1988 2048 2174 2112 ἕκτην,
2204 2043 2315 2099 τῶν
2347 2041 2492 2106 σπθ’,
2527 2041 2583 2092 ὲν
2619 2041 2685 2109 τῇ
2721 2038 2954 2108 μεγίστῃ
3000 2031 3578 2088 Κωνσταντινουπόλει

2001 2137 2312 2206 ἁγιωτάτην
2339 2133 2433 2187 καὶ
2464 2131 2882 2203 ὀρθοδοξοτὰτην
2909 2127 3124 2180 σύνοδον
3155 2125 3291 2180 κατὰ
3325 2124 3576 2194 Σεργίου,

2001 2232 2096 2284 καὶ
2130 2226 2334 2296 Κύρου,
2377 2224 2472 2278 καὶ
2523 2220 2765 2282 Παύλου,
2799 2219 2893 2272 καὶ
2932 2217 3164 2288 Πέτρου,
3209 2217 3303 2268 καὶ
3332 2214 3574 2284 Πύρρου,

2001 2323 2097 2374 καὶ
2115 2317 2423 2388 Μακαρίου,
2442 2314 2538 2368 καὶ
2559 2312 2834 2380 Στεφάνου
2859 2308 2950 2363 τοῦ
2983 2308 3144 2362 αὐτοῦ
3173 2305 3416 2377 μαθητοῦ
3447 2322 3579 2374 συγ-

2002 2410 2395 2483 κροτηθεῐσαν·
2444 2405 2540 2460 καὶ
2571 2403 2750 2457 πάντα
2798 2401 2866 2454 τὰ
2913 2399 3006 2452 ὑπ’
3048 2398 3226 2451 αὐτῶν
3267 2395 3575 2468 ὁρισθέντα,

2001 2504 2214 2574 στέργω
2246 2499 2342 2554 καὶ
2367 2495 2754 2568 ἁσμενίζομαι,
2781 2492 3066 2562 δεχόμενος
3101 2489 3306 2551 πάντας
3337 2487 3431 2550 οὓς
3462 2485 3578 2539 ἐδέ-

2001 2598 2192 2663 ξαντο,
2253 2598 2349 2648 καὶ
2383 2588 2821 2658 ἁποϐαλλόμενος
2871 2585 2967 2638 xai.
3004 2582 3416 2654 ἁναΘεματίζων
3448 2580 3578 2634 πάν-

1993 2706 2091 2752 τας
2115 2686 2206 2750 οὒς
2228 2683 2580 2746 ἁπεϐἁλοντο,
2613 2680 2707 2734 καὶ
2738 2679 2919 2732 πᾶσαν
2949 2676 3183 2747 αἵρεσιν,
3205 2673 3310 2726 ἀπὸ
3333 2672 3575 2742 Σίμωνος

1991 2779 2086 2834 τοῦ
2125 2779 2317 2845 Μάγου
2367 2775 2532 2844 μέχρι
2585 2772 2695 2826 τῶν
2750 2769 2845 2822 νῦν
2905 2767 3231 2838 κινηοεισῶν
3279 2763 3421 2818 κατὰ
3469 2765 3572 2833 τῆς

1996 2872 2156 2940 ἁγίας
2185 2868 2277 2921 τοῦ
2305 2863 2545 2937 Χριστοῦ
2580 2863 2672 2916 καὶ
2692 2859 2830 2914 Θεοῦ
2865 2856 3024 2930 ἡμῶν
3062 2855 3407 2926 Ἐκκλησίας.

317 2952 560 3024 itemque
593 2956 846 3012 bmresim
906 2972 1126 3014 omnem
1157 2973 1188 3013 a
1231 2958 1455 3015 Simone
1512 2959 1669 3030 Mago
1724 2979 1900 3035 usque
1939 2965 2005 3020 ad
2035 2979 2129 3020 eas
2158 2978 2278 3033 quae
2314 2973 2462 3014 nunc
2523 2955 2776 3012 excitatae
2850 2959 2979 3008 sunt
3019 2951 3280 3006 adversus
3329 2952 3577 3002 sanctam

317 3043 522 3102 Christi
549 3047 757 3119 Deique
784 3051 959 3106 nostri
994 3050 1318 3108 Ecclesiam.

391 3140 445 3196 8.
480 3139 546 3196 Et
587 3139 714 3211 juro
754 3157 851 3213 per
903 3153 1175 3211 sanctam,
1226 3148 1892 3220 consubstantialemque,

2069 3151 2138 3214 η’.
2175 3141 2284 3193 Καὶ
2309 3140 2515 3208 δμνυμι
2542 3134 2685 3188 κατὰ
2714 3133 2812 3202 τῆς
2849 3129 3009 3198 ἁγίας
3051 3130 3145 3181 καὶ
3166 3124 3452 3196 ὁμοουσίου
3466 3121 3581 3220 ’καὶ

320 3241 377 3289 et
409 3232 746 3288 adorandam
793 3232 1142 3303 Trinitatem,
1195 3239 1404 3308 absque
1457 3243 1609 3296 omni
1665 3241 1795 3295 dolo
1843 3247 1898 3294 et

321 3323 541 3390 fraude,
585 3339 671 3379 me
714 3326 790 3380 ita
837 3329 1064 3394 sentire,
1116 3344 1216 3384 nec
1249 3329 1397 3387 aliud
1434 3331 1717 3401 quidpiam
1753 3345 1897 3402 pra:-

322 3425 409 3470 ter
443 3416 534 3470 illa
568 3415 878 3482 admittere,
911 3434 1011 3473 nec
1069 3436 1154 3475 me
1187 3422 1726 3484 communicaturum
1773 3438 1897 3476 cum

325 3505 522 3572 altero,
577 3508 667 3575 qui
727 3505 890 3560 {idem
949 3508 1092 3564 hanc
1125 3525 1235 3563 non
1282 3510 1634 3573 conﬁteatur,
1669 3526 1733 3564 ac
1761 3526 1899 3580 prae.

326 3596 515 3651 sertim
549 3610 676 3651 cum
727 3595 1035 3661 Maronitis,
1067 3614 1246 3668 neque
1276 3594 1361 3654 me
1404 3609 1753 3670 recepturum
1791 3601 1901 3654 cle-

324 3688 502 3742 ricum
533 3687 808 3759 bigamum
863 3689 929 3743 ad
968 3690 1362 3756 sacerdotium,
1391 3700 1486 3746 aut
1527 3691 1902 3762 quodcunque

325 3793 532 3834 munus
564 3780 709 3848 quod
738 3780 933 3835 Patres
961 3781 1172 3837 deceat.
1211 3781 1482 3838 Prmterea
1513 3798 1599 3839 me
1624 3784 1900 3838 subditmn

325 3868 448 3924 fore
480 3875 687 3922 sanctae
725 3870 1011 3925 catholicae
1046 3882 1101 3928 et
1129 3873 1448 3942 apostolicae
1491 3873 1754 3929 Ecclesia:
1789 3890 1903 3929 me-

327 3960 562 4031 tropolis
624 3961 1001 4016 dilectissimae
1047 3963 1272 4018 Christo
1297 3965 1574 4028 Damasci,
1628 3973 1792 4035 atque
1846 3965 1904 4020 in

327 4054 588 4110 omnibus
643 4054 1038 4110 obsecuturum
1089 4055 1554 4124 obediturumque
1603 4067 1710 4111 tua:
1775 4073 1904 4112 san-

327 4148 530 4216 ctitati,
562 4155 615 4203 et
648 4147 760 4202 illis
795 4145 888 4216 qui
925 4155 1050 4217 post
1083 4163 1207 4202 eam
1239 4147 1605 4202 sanctissima:
1656 4148 1902 4218 ejusdem

329 4238 595 4296 Ecclesiae
626 4241 892 4310 praesules
923 4249 1106 4307 erunt,
1156 4255 1334 4310 neque
1366 4248 1715 4310 recepturum
1763 4240 1905 4295 citra

328 4333 641 4388 sanctitatis
670 4341 778 4388 tua:
811 4333 1144 4388 sententiam
1194 4341 1248 4386 et
1277 4331 1615 4401 jussionem,
1664 4332 1904 4401 aliquem

328 4432 362 4472 e
385 4416 701 4475 Manichaeis
734 4436 874 4492 quos
917 4430 1010 4476 tua
1083 4421 1351 4478 sanctitas
1388 4421 1798 4492 proscripserit.
1827 4422 1906 4476 Ac

1999 3213 2382 3307 προσκυνητῆς
2433 3225 2686 3298 Τριὰδος,
2743 3223 2942 3284 παντὸς
2993 3220 3145 3272 δόλου
3196 3217 3388 3288 χωρὶς,
3433 3213 3581 3307 οὕτω

2001 3305 2237 3399 φρονεῖν,
2266 3322 2361 3375 καὶ
2395 3319 2561 3390 μηδὲν
2591 3317 2778 3386 ἓτερον
2815 3311 2965 3384 παρὰ
2985 3309 3158 3399 ταῦτα
3185 3307 3465 3399 δέχεσθαι,
3486 3305 3583 3358 καὶ

2124 3412 2400 3466 κοινωνεῖν
2447 3405 2784 3477 ὲτεροπίστῳ
2837 3401 3010 3464 οὓτως
3070 3398 3143 3470 μὴ
3202 3393 3576 3488 δμολογοῦντι,

2000 3483 2290 3577 έξαιρέτως
2321 3502 2432 3560 τοῖς
2458 3494 2806 3566 Μαρωνίταις
2827 3509 2840 3522 ·
2870 3492 3007 3562 μήτε
3037 3487 3286 3558 δέχεσθαι
3318 3483 3582 3577 κληρικδν

2000 3573 2228 3665 δίγαμον
2257 3593 2334 3652 εἰς
2379 3588 2663 3658 ίερατεῖον,
2696 3583 2831 3652 ἢείς
2865 3581 2984 3632 οἵαν
3018 3579 3219 3648 δήποτε
3269 3573 3583 3644 ἐγχείρησιν

2007 3664 2293 3756 [ἰατρικῶς
2327 3677 2694 3751 ἁρμόζουσαν.
2731 3668 3169 3724 ’Υποτὰσσεσθαι
3197 3668 3263 3736 τῇ
3301 3664 3584 3734 ἁγιωτάτῃ

2004 3781 2267 3849 καθολικῇ
2299 3775 2392 3830 καὶ
2424 3771 2752 3839 ἁποστολικῇ
2790 3764 3085 3833 Ἐκκλησία
3105 3763 3204 3830 τῆς
3237 3757 3585 3849 φιλοχρίστου

2004 3873 2160 3944 ἡμῶν
2201 3848 2590 3941 μητροπόλεως
2632 3857 2946 3930 Δαμασκοῦ,
2987 3856 3082 3909 καὶ
3125 3855 3182 3905 ὲν
3228 3853 3362 3904 πᾶσι
3404 3848 3588 3901 πείθεο

2008 3940 2131 4019 σίδαι
2165 3940 2260 4016 καὶ
2310 3959 2607 4014 ὑπακούειν
2636 3956 2703 4024 τῇ
2759 3954 2824 4022 σῇ
2863 3946 3159 4017 ἁγιωσύνῃ,
3195 3943 3424 4003 καὶτοῖς
3461 3940 3585 4008 μετ’

2007 4057 2178 4127 αὐτὴν
2225 4053 2324 4122 τῆς
2378 4048 2690 4116 ἁγιωτάτης
2757 4038 3080 4110 Ἐ’κκλησίας
3133 4031 3587 4104 προστατεύουσι,

2007 4150 2102 4202 καὶ
2133 4121 2216 4217 ’μὴ
2244 4121 2497 4214 δέχεσθαί
2520 4154 2644 4191 τινα
2665 4136 2773 4188 τῶν
2808 4130 3124 4200 Μανιχαίων
3154 4126 3260 4178 τῶν
3290 4121 3590 4193 ἐκϐληθέν-

2005 4258 2114 4294 των
2279 4235 2378 4305 τῆς
2411 4233 2509 4302 σῆς
2543 4227 2878 4298 ἁγιωσύνης,
2913 4221 3063 4293 παρὰ
3104 4217 3328 4288 γνώμην
3354 4215 3449 4269 καὶ
3499 4214 3594 4267 κὲ-

2008 4334 2190 4384 ὶευσιν
2218 4328 2316 4398 τῆς
2359 4325 2458 4392 σῆς
2498 4320 2807 4389 ἁγιότητος.
2845 4316 3086 4382 Στοιχεῖν
3109 4311 3165 4364 δὲ
3205 4309 3300 4362 καὶ
3328 4307 3592 4398 ἐμμένειν

2011 4425 2123 4484 τοῖς
2157 4397 2332 4486 ἁγίοις
2387 4414 2576 4468 κανόσι
2631 4409 2741 4463 τῶν
2799 4406 2970 4473 ἁγίων
3002 4400 3338 4461 ἀποστόλων,
3392 4397 3500 4449 τῶν
3532 4413 3592 4448 τε

329 4510 974 4578 tandem,observantem
1026 4528 1112 4567 me
1146 4511 1265 4567 fore
1297 4527 1584 4567 sacrorum
1629 4527 1897 4567 canonum

2015 4513 2184 4582 ἁγίων
2208 4484 2474 4569 συνόδων,
2505 4506 2600 4558 καὶ
2638 4500 2732 4554 τοῦ
2770 4499 2925 4566 ἁγίου
2971 4494 3062 4548 καὶ
3096 4487 3594 4582 θεοφὰντορος-Βαζ

334 4611 657 4658 sanctorum
715 4604 1116 4672 apostolorum,
1163 4611 1596 4673 sanctarumque
1663 4604 1908 4673 synodo-

333 4707 481 4755 rum,
511 4701 568 4746 et
613 4693 793 4747 sancti
827 4709 1121 4762 rerumque
1169 4694 1485 4752 divinarum
1537 4695 1910 4748 enuntiatoris

333 4783 552 4846 Basilii,
605 4784 785 4852 iisque
815 4784 1048 4838 ﬁrmiter
1086 4784 1456 4839 adhaesuram.
1509 4785 1671 4838 Istaec
1727 4785 1914 4840 omnia

339 4872 675 4937 custodiam,
707 4871 958 4927 ﬁduciam
1003 4874 1211 4928 habens
1249 4875 1303 4926 in
1339 4873 1712 4942 inexplicabili
1745 4874 1912 4928 mise-

338 4961 584 5018 ricordia
639 4963 760 5027 Dei,
818 4973 872 5018 et
925 4964 980 5017 in
1043 4965 1245 5018 vestris
1280 4963 1647 5028 orationibus,
1677 4978 1916 5032 cumque

340 5052 447 5107 ﬁde
483 5052 591 5106 hac
624 5052 818 5107 astabo
861 5054 1126 5109 tribunali
1166 5051 1399 5116 Christi,
1463 5067 1560 5120 per
1601 5053 1762 5119 cujus
1786 5067 1911 5120 gra—

342 5140 472 5195 tiam
509 5143 745 5198 salutem
779 5144 899 5213 ejus
933 5158 1056 5199 sum
1087 5148 1509 5196 consecuturus.
1570 5139 1674 5208 ipsi
1735 5142 1908 5208 gloria

2019 4578 2217 4657 σιλεὶου
2241 4617 2254 4630 ο
2293 4598 2464 4651 ταῦτα
2491 4595 2667 4649 πάντα
2700 4588 2918 4659 φυλάξω
2947 4585 3168 4658 Θαρρῶν
3201 4586 3311 4644 τοῖς
3336 4580 3430 4633 τοῦ
3456 4578 3592 4632 Θεοῦ

2018 4693 2246 4760 ἀφάτοις
2291 4687 2595 4758 οίκτιρμοῖς
2635 4683 2730 4736 καὶ
2775 4683 2893 4743 ταῖς
2932 4676 3229 4748 ὑμετέραις
3262 4673 3468 4760 εύχαίς,
3501 4671 3597 4721 καὶ

2023 4780 2162 4851 μετὰ
2196 4776 2399 4844 ταύτης
2418 4775 2516 4844 τῆς
2549 4773 2786 4832 πίστεως
2828 4768 3250 4838 παραστήσομαι
3277 4759 3354 4828 τῷ
3386 4759 3597 4828 βήματι

2019 4871 2113 4925 τοῦ
2150 4866 2407 4939 Χριστοῦ,
2434 4866 2531 4919 καὶ
2552 4865 2698 4933 τύχω
2727 4861 2827 4930 τῆς
2847 4856 3009 4912 αὑτοῦ
3034 4854 3301 4924 σωτηρίας
3329 4852 3396 4917 τῇ
3427 4847 3598 4900 αὐτοῦ

2023 4965 2223 5034 χάριτι.
2265 4956 2423 5024 Αὐτῷ
2458 4958 2491 5025 ὴ
2521 4953 2652 5016 δόξα
2686 4951 2779 5004 καὶ
2809 4950 2869 5002 τὸ
2901 4948 3100 5018 κράτος
3136 4946 3231 4996 σὺν
3261 4939 3338 5034 τῷ
3370 4938 3602 5034 ἀνάρχῳ

2019 5029 2196 5121 harp!
2214 5050 2308 5101 καὶ
2332 5047 2408 5116 τῷ
2436 5048 2574 5115 ἁγίῳ
2590 5045 2887 5111 Πνεύματι,
2905 5039 2998 5091 νῦν
3017 5038 3110 5091 καὶ
3133 5035 3240 5098 ἀεὶ,
3259 5031 3350 5084 καὶ
3373 5031 3452 5092 είς
3472 5029 3604 5092 τοὺς

2022 5143 2225 5202 αἰῶνας
2256 5139 2364 5190 τῶν
2397 5137 2628 5190 αἰώνων.
2671 5135 2861 5201 Ἀμήν.

342 5235 399 5281 εί
431 5230 719 5299 imperium
751 5248 876 5288 cum
921 5233 1087 5286 Patre
1117 5231 1211 5299 qui
1243 5231 1363 5284 sine
1413 5229 1683 5299 principio
1711 5235 1812 5293 est,
1843 5237 1896 5282 et
1937 5230 2142 5300 Spiritu
2177 5238 2394 5289 sancto,
2431 5243 2574 5279 nunc
2621 5234 2675 5279 et
2711 5237 2926 5291 semper
2987 5229 3039 5273 et
3113 5219 3168 5272 in
3227 5213 3424 5271 sazeula
3496 5226 3606 5266 sa:-

341 5324 618 5380 culorum.
653 5325 845 5378 Amen.
