3950 6154
1557 292 1617 351 5.
1658 288 1976 351 JOANNIS
2013 288 2445 348 DAMASCENI

592 446 1042 478 ειπερ-...τ
1044 441 1581 468 περιπετεῖς

1170 587 1513 673 ΙΩΑΝΝ
1522 585 1674 671 ΟΥ
1763 582 2103 671 ΑΙῚΟΥ

3494 276 3646 343 1436

1584 426 3489 462 ﬂ

1505 451 1886 464 _—

2206 583 2448 670 ΜοΝ
2456 579 2764 667 ΑΧΟΥ

1751 853 1888 908 ΔΑΜ
1900 850 2233 907 ΑΣΚΗΝΟΥ

576 1016 828 1077 ΤΟΜΟΣ,
861 1014 954 1066 ΩΣ
992 1016 1089 1067 ΕΚ
1136 1012 1543 1066 ΠΡΟΣΩΠΟΥ
1584 983 1867 1062 ΠΕΤΡΟΥ
1896 1007 2027 1061 ΤΟΥ
2068 1004 2475 1061 ΑΓΙΩΤΑΤΟΥ
2516 1002 2956 1056 ΕΠΙΣΚΟΠΟΥ
2992 996 3410 1061 ΔΑΜΑΣΚΟΥ,

1067 1165 1222 1235 Πρὸς
1254 1166 1362 1219 τὸν
1380 1164 1723 1218 ἐπίσκοπον
1742 1162 1926 1231 δῆθεν
1964 1159 2070 1216 τοῦ
2105 1158 2362 1229 Δαραίας
2402 1156 2509 1211 τὸν
2542 1154 2910 1223 Ἰακωόίτην.

1199 1485 1612 1577 SANCTI
1668 1482 2181 1577 JOANNIS
2235 1481 2786 1575 MONACHI

1814 1673 2207 1731 DAMASCENI

526 1840 918 1916 LlBELLUS,
994 1842 1243 1904 VELUT
1296 1843 1398 1901 EX
1465 1838 1813 1899 PEBSONA
1856 1838 2088 1897 PETRI
2160 1836 2642 1897 SANCTISSIMI
2717 1838 3056 1900 EPISCOPI
3125 1839 3455 1900 DAMASCI

1427 2011 1509 2054 AD
1545 2010 1891 2056 EPISCOPUM
1937 2008 2176 2053 ΒΑΒΕΒ
2204 2008 2568 2053 JACOBITAM.

434 2309 596 2380 397
627 2308 676 2363 l.
699 2305 1940 2377 Sapientiumsapiensestpronuntiatum,nec
1970 2309 2007 2367 Α

2112 2301 2181 2358 α’.
2214 2301 2349 2356 Οὐδὲ
2383 2303 2444 2354 τὸ
2472 2301 2658 2363 καλὸν,
2693 2302 2781 2355 ὅτε
2814 2301 2890 2373 μὴ
2931 2302 3112 2366 καλῶς
3156 2304 3414 2375 γένηται·
3444 2308 3635 2376 σοφῶν

365 2398 571 2456 bonum
608 2415 733 2455 esse
763 2399 1004 2463 bonum,
1042 2398 1146 2451 nisi
1178 2406 1322 2451 recte
1357 2406 1598 2467 geratur.
1629 2395 1743 2450 Hoc
1775 2396 1938 2448 etiam

2056 2399 2202 2467 5ῆσις
2232 2398 2369 2465 σοφή
2406 2396 2488 2457 τίς
2509 2398 2646 2447 ἐστι.
2674 2395 2959 2465 Μαρτυρεῖ
2986 2395 3043 2449 δὲ
3080 2398 3172 2449 καὶ
3202 2400 3316 2460 τοῖς
3357 2398 3629 2470 Ἐϐραίων

365 2491 435 2545 de
500 2490 742 2544 Ilebraris
794 2498 1028 2543 testatur
1081 2488 1301 2541 divinus
1355 2487 1653 2555 Apostolus
1706 2486 1757 2549 ‘,
1794 2483 1941 2554 quod

2056 2487 2228 2539 παισὶν
2249 2489 2277 2539 ὁ
2308 2487 2450 2548 θεῖος
2467 2484 2808 2548 Ἀπόστολος,
2826 2485 2900 2548 ὡς
2926 2483 3084 2557 ζῆλον
3112 2487 3210 2557 μὲν
3232 2489 3365 2542 Θεοῦ
3387 2489 3623 2560 ἔχουσιν,

368 2582 547 2634 zelum
607 2578 829 2648 quidem
887 2576 982 2630 Dei
1028 2577 1300 2638 babeant,
1331 2577 1426 2630 sed
1484 2591 1591 2629 non
1639 2576 1941 2630 secundum

2056 2577 2159 2629 Ξιλλ*
2189 2578 2249 2631 οὐ
2276 2578 2396 2629 κατ’
2436 2578 2734 2644 ἐπίγνωσιν
2755 2592 2768 2606 ·
2810 2576 2911 2630 οὐκ
2940 2580 2998 2631 ὲν
3032 2578 3238 2650 ἐπαίνῳ
3264 2579 3363 2650 τὴν
3415 2598 3626 2651 μαρτυ-

365 2671 658 2728 scientiam
711 2687 725 2723 :
783 2668 927 2738 quod
990 2667 1366 2721 testimonium
1423 2667 1646 2721 minime
1709 2669 1825 2720 vult
1886 2667 1941 2721 in

2056 2668 2168 2739 ρίαν
2205 2668 2395 2733 τιθεὶς,
2434 2667 2571 2721 ἀλλὰ
2601 2668 2773 2739 δήπου
2812 2669 3182 2740 μεμφόμενος.
3211 2672 3388 2725 Καλὸν
3416 2674 3444 2725 ὁ
3465 2672 3629 2742 ζῆλος

366 2763 586 2817 laudem
618 2776 810 2815 eorum
862 2760 1095 2822 cedere,
1129 2758 1223 2814 sed
1277 2759 1460 2829 potius
1498 2758 1553 2812 in
1586 2759 1939 2828 vituperium.

2056 2763 2142 2831 τῆς
2171 2762 2476 2828 εὐσεϐείας,
2497 2761 2610 2815 ἀλλ’
2634 2762 2827 2834 ἀγάπῃ
2854 2765 3326 2835 συγκεκραμένος.
3350 2765 3635 2836 Στυγητδν

367 2854 552 2908 Bonus
587 2862 670 2908 est
706 2852 987 2921 religionis
1024 2852 1210 2931 zelus,
1244 2850 1339 2906 sed
1372 2850 1467 2919 qui
1506 2849 1773 2904 cbaritate
1806 2858 1944 2904 tem-

2056 2855 2077 2922 ἡ
2102 2852 2287 2917 κακία,
2320 2852 2436 2906 ἀλλ’
2470 2852 2653 2915 ἐλέους
2678 2854 2707 2906 6
2739 2857 2944 2926 ταύτην
2963 2855 3247 2925 δεχόμενος
3270 2857 3445 2920 ἄξιος·
3484 2857 3635 2927 μισῶ

368 2953 602 3016 peratus
648 2944 739 2999 sit.
810 2942 1064 3012 Nequitia
1102 2958 1189 2996 res
1235 2942 1429 2996 odiosa
1488 2947 1624 2995 est:
1662 2941 1757 3009 qui
1817 2955 1946 2995 vero

2056 2944 2144 3014 τὴν
2172 2944 2464 3013 σηπεδόνα,
2489 2944 2551 2998 τὸ
2580 2945 2741 3015 μέλος
2770 2946 2825 2998 δὲ
2853 2947 3121 3016 περιέπω,
3150 2948 3253 3010 ἕως
3268 2948 3419 3001 οὔπω
3445 2948 3636 3003 τέλεον

368 3037 514 3092 illam
554 3036 827 3099 admittat,
874 3034 1359 3089 commiseratione
1396 3033 1559 3103 plane
1596 3031 1798 3103 dignus
1841 3039 1945 3088 est.

2056 3038 2349 3107 ἄχρηστον·
2389 3039 2483 3090 καὶ
2514 3036 2693 3092 πάντα
2725 3038 2823 3108 μὲν
2847 3039 2911 3110 δὴ
2941 3039 3122 3093 κάλων
3148 3039 3312 3104 κινῶ,
3348 3040 3411 3093 τὸ
3446 3039 3510 3110 δὴ
3540 3040 3637 3093 λε-

369 3127 578 3183 Tabum
621 3127 936 3193 abominor;
995 3134 1051 3180 at
1090 3125 1398 3180 membrum
1463 3124 1657 3187 foveo,
1702 3122 1943 3193 quandiu

2056 3129 2300 3198 γόμενον,
2328 3127 2423 3181 καὶ
2452 3129 2649 3198 τέχνην
2677 3129 2947 3199 ἀνιχνεύω
2975 3131 3212 3193 ἃπασαν,
3259 3130 3357 3183 καὶ
3379 3131 3636 3196 ἀλεξίκα-

367 3235 476 3275 non
503 3219 697 3274 inutile
728 3234 958 3290 prorsus
991 3232 1092 3272 nec
1133 3216 1381 3271 vitiatum
1434 3223 1538 3271 est.
1582 3215 1948 3281 Quamobrem

2056 3234 2146 3272 κον
2196 3217 2527 3287 μηχανῶμαι
2582 3218 2917 3288 φάρμακον,
2975 3220 3068 3272 καὶ
3129 3219 3260 3273 Θεὸν
3318 3219 3640 3289 ἐπιϐοῶμαι.

371 3312 597 3376 funem,
652 3319 711 3365 ut
778 3312 972 3374 aiunt,
1025 3324 1241 3365 onmem
1298 3324 1522 3372 moveo,
1581 3308 1785 3361 nullam
1841 3323 1949 3361 non

2056 3307 2357 3378 συνέριθον,
2419 3309 2562 3361 αἰδοῖ
2605 3310 2701 3362 καὶ
2744 3310 2892 3379 πόθῳ
2924 3309 3017 3363 τοῦ
3054 3310 3327 3378 ὁμοφύλου
3385 3312 3481 3364 καὶ
3531 3311 3641 3380 τῆς

371 3410 545 3458 artem
592 3403 936 3472 pervestigo,
977 3400 1278 3456 remedium
1325 3399 1547 3466 salubre
1597 3399 1812 3460 molior,
1858 3398 1953 3451 ad-

2056 3400 2372 3470 ὁμωνυμίας
2402 3400 2751 3470 βαλλόμενος,
2786 3402 2881 3455 καὶ
2911 3401 3002 3453 τὸν
3022 3399 3251 3468 θύραθεν
3278 3401 3469 3470 μῶμον
3494 3402 3640 3455 ἀπο-

373 3496 613 3564 jutorem
664 3493 838 3547 Deum
872 3496 1106 3558 invoco,
1136 3502 1189 3546 et
1234 3506 1342 3561 qua
1394 3493 1736 3553 reverentia,
1777 3504 1954 3559 quove

2056 3490 2357 3561 σειόμενος.
2391 3491 2452 3543 El
2478 3491 2575 3561 μὲν
2597 3487 2690 3545 οὖν
2713 3491 2893 3545 πείσω
2912 3493 3008 3561 τὴν
3036 3493 3239 3560 ὑγείαν,
3273 3493 3350 3561 τῷ
3380 3493 3641 3546 δεδωκότι

372 3596 571 3642 amore‘
600 3595 801 3657 tangor
852 3602 982 3656 erga
1028 3601 1153 3640 eum
1217 3585 1308 3651 qui
1365 3594 1479 3637 tum
1544 3584 1795 3654 generis,
1837 3591 1952 3636 tum
1990 3651 2005 3657 _

2056 3583 2213 3653 χάρις
2242 3583 2341 3651 τῆς
2378 3582 2563 3650 ὑγείας
2584 3597 2599 3611 ·
2632 3583 2679 3635 εἰ
2707 3582 2761 3634 δὲ
2813 3581 2883 3651 μὴ
2921 3583 3093 3635 πείσω
3118 3599 3133 3612 ο
3181 3581 3501 3645 ἰατταταιὰξ
3529 3581 3645 3635 τῶν

377 3678 613 3730 nominis
653 3677 899 3744 ejusdem
937 3691 1150 3728 meeum
1200 3689 1434 3729 consors
1482 3683 1596 3737 est,
1644 3674 1950 3741 subjectum
1989 3651 2007 3704 ί

2057 3672 2276 3728 κακῶνί
2320 3676 2456 3743 τομῇ
2506 3674 2567 3726 τὺ
2624 3673 2956 3741 ποθούμενον
3010 3674 3388 3744 παραδίδωμι·
3453 3674 3647 3741 ἀλγῶν

375 3767 724 3820 extrinsecus
755 3766 946 3817 vitium
982 3766 1202 3833 abigere
1252 3764 1545 3817 contendo.
1594 3763 1650 3817 Si
1684 3764 1851 3832 igitur
1884 3761 1951 3815 ad

2059 3764 2178 3834 μὲν,
2207 3763 2321 3816 ἀλλ’
2361 3766 2509 3834 ὅμως
2543 3764 2816 3831 ἐκδίδωμι,
2854 3762 3071 3828 φεύγων
3101 3765 3199 3829 τὴν
3223 3766 3540 3830 συνουσίαν,
3564 3765 3646 3830 ὼς

374 3855 663 3908 sanitatem
701 3869 1033 3907 revocavere
1057 3893 1070 3917 ,
1102 3862 1283 3922 grates
1336 3852 1624 3907 reddenda:
1670 3854 1745 3906 illi
1770 3862 1951 3916 erunt,

2056 3855 2120 3907 ἂν
2154 3855 2228 3924 μὴ
2253 3854 2602 3924 διανεμηθείη
2630 3854 2688 3906 τὸ
2721 3853 2910 3914 κακὸν,
2938 3852 3011 3915 ὡς
3036 3851 3254 3903 πλείονα
3285 3853 3546 3918 γενέσθαι
3575 3856 3659 3910 «rei

374 3948 464 4016 qui
515 3947 652 3999 banc
684 3945 1056 3999 concesserit:
1087 3947 1173 3999 sin
1202 3958 1349 4009 vero,
1375 3946 1509 4014 prob
1539 3945 1909 3998 calamitatem
1934 3946 1946 3997 !

2056 3944 2415 4015 ἀχρειοὺμενα
2438 3985 2453 4007 ,
2488 3947 2583 3997 καὶ
2616 3945 2752 4014 μετὰ
2783 3944 2876 3995 τοῦ
2904 3943 3179 4012 προφήτου
3207 3943 3308 3994 οὐκ
3353 3945 3648 3998 ἐπιτωθά-

376 4040 677 4094 secandum
727 4037 882 4091 tra'lo
940 4037 991 4089 id
1040 4036 1183 4105 quod
1248 4040 1405 4091 unice
1469 4038 1808 4105 diligebam:
1844 4053 1951 4089 non

373 4130 588 4198 quidem
649 4126 767 4182 sine
822 4140 1090 4192 mmrore;
1162 4132 1403 4178 attamen
1464 4125 1657 4187 trado,
1719 4140 1952 4179 consor-

376 4222 510 4274 tium
552 4219 697 4274 illius
733 4218 981 4286 fugiens,
1011 4232 1080 4271 ne
1109 4216 1311 4269 malum
1338 4216 1668 4284 depascatur
1699 4217 1949 4277 ulterius,

374 4309 677 4379 majorique
710 4324 940 4362 numero
972 4307 1182 4361 vitiosa:
1208 4314 1394 4375 partes
1439 4316 1760 4374 augescant.
1786 4305 1951 4373 Atqui

376 4419 481 4458 non
513 4417 796 4471 aspergam
822 4402 1103 4464 convitiis,
1132 4399 1226 4455 sed
1256 4399 1639 4467 gemebundus
1668 4415 1790 4454 cum
1821 4414 1950 4468 prov

376 4494 535 4562 pheta
579 4492 729 4562 fugio
770 4509 781 4544 :
815 4511 832 4541 ι
876 4492 1206 4545 Curavimus
1238 4489 1603 4560 Babylonem,
1629 4491 1826 4560 inquit,
1856 4503 1954 4544 nec

375 4594 563 4637 sanata
594 4592 679 4638 est
709 4585 752 4635 ⁸.
774 4602 790 4633 ι
812 4582 982 4651 Cujus
1017 4597 1240 4637 causam
1267 4583 1409 4636 hanc
1439 4581 1742 4651 subiungit.
1772 4600 1790 4632 ι
1814 4580 1954 4646 Quia

373 4675 601 4730 noluit.»
631 4675 987 4729 Volnntarius
1012 4675 1235 4728 morbus
1257 4682 1363 4738 est,
1391 4682 1452 4727 ut
1479 4682 1534 4728 et
1569 4672 1797 4727 remedii
1829 4689 1954 4728 sus-

373 4765 573 4831 ceptio.
621 4765 744 4820 llzee
794 4781 878 4818 me
933 4765 1000 4819 ad
1052 4764 1400 4820 scribendum
1440 4763 1808 4833 impulerunt,
1843 4776 1953 4815 non

373 4853 743 4906 Conlendondi
778 4854 969 4915 libido,
1017 4870 1122 4907 non
1161 4853 1617 4915 invidentia,non
1654 4850 1953 4921 argutatio,

373 4959 481 4996 non
537 4945 791 4998 vincendi
845 4943 1210 5008 desiderium,
1258 4961 1365 4998 non
1395 4944 1789 4999 ostentationis
1837 4950 1954 4997 stu-

2054 4034 2182 4097 ζων,
2214 4035 2329 4087 ἀλλ’
2351 4035 2674 4103 ὀδυρόμενος
2717 4033 3008 4103 φεύγομαι.
3048 4052 3064 4083 ι
3118 4034 3509 4103 ’ἰατρεύσαμεν
3541 4037 3648 4105 τὴν

2056 4125 2370 4189 Βαϐυλῶνα,
2406 4127 2498 4178 καὶ
2526 4127 2626 4177 aiax
2661 4126 2805 4192 ἰάθη.
2850 4145 2868 4176 ι
2910 4126 3016 4179 Καὶ
3035 4125 3133 4195 τὴν
3157 4126 3334 4177 αἰτίαν
3366 4137 3390 4164 ι

2060 4236 2077 4267 ‹
2121 4218 2234 4269 Οὔκ
2260 4217 2544 4284 ἠθέλησεν.
2583 4235 2599 4265 ι
2635 4216 2816 4279 Αὑθὰς
2846 4217 2881 4285 ἦ
2911 4233 2969 4268 τε
3015 4216 3168 4281 νόσος
3220 4216 3314 4268 καὶ
3342 4217 3440 4285 τῆς
3476 4218 3644 4283 θερα·

2054 4309 2212 4370 πείας
2248 4310 2279 4378 ἡ
2311 4309 2523 4375 εἰσδοχή
2547 4324 2561 4336 ·
2595 4307 2770 4360 ταῦτά
2811 4324 2873 4374 με
2916 4307 3052 4375 πρὸς
3082 4307 3142 4356 τὸ
3161 4308 3394 4376 γράφειν
3421 4309 3647 4379 παρώρ-

2058 4415 2250 4469 μησεν.
2291 4399 2405 4450 Οὑκ
2452 4398 2586 4466 ἔρις,
2629 4398 2690 4449 οὐ
2742 4396 2921 4463 ζῆλος,
2957 4397 3056 4447 οὐκ
3114 4395 3356 4464 ἔλεγχος,
3394 4397 3645 4467 οὺ“νίκη;

2054 4492 2260 4558 ἔφεσις,
2295 4490 2395 4541 οὐκ
2422 4490 2735 4554 ἐπιδείξεως
2762 4489 2985 4558 τρόπος,
3011 4489 3072 4540 οὐ
3118 4488 3276 4551 μίσος
3300 4505 3311 4516 ·
3346 4488 3464 4541 ἀλλ’
3492 4489 3646 4553 ἕλεος

2055 4586 2119 4635 ἐκ
2146 4582 2310 4633 πόθου
2357 4579 2504 4632 θείου
2537 4581 2632 4631 καὶ
2672 4578 2769 4632 τοῦ
2804 4579 3032 4650 πλησίου
3066 4580 3406 4651 ὁρμώμενος.
3448 4598 3466 4629 ι
3516 4580 3648 4633 Ἐὰν

2054 4672 2165 4742 γὰρ
2197 4672 2511 4742 ὑποστείλῃ,
2561 4673 2745 4740 φησιν,
2803 4673 2905 4725 οὐκ
2945 4672 3156 4725 εὐδοκεῖ
3194 4673 3251 4724 ὲν
3282 4672 3366 4723 σοὶ
3416 4674 3448 4740 ἠ
3495 4673 3647 4743 ψυχή

2059 4782 2182 4836 μου.
2210 4783 2228 4813 ι
2250 4764 2342 4828 Εἰς
2362 4764 2520 4817 τοῦτο
2549 4764 2658 4833 γὰρ
2689 4765 2837 4832 ἡμᾶς
2861 4764 2889 4816 ὁ
2918 4765 3047 4827 Θεὸς
3076 4764 3246 4827 ἔθετο,
3280 4764 3645 4831 παρακαλεῖν,

2055 4854 2346 4917 νουθετεῖν,
2369 4853 2742 4923 ἐπιστρέφειν,
2776 4855 3106 4923 φιλοκαλεῖν,
3131 4856 3415 4916 σκάπτειν,
3434 4854 3648 4931 κόπρον

2060 4945 2420 5017 περιτιθέναι,
2448 4945 2777 5015 θεραπεύειν
2804 4946 2904 5017 τὴν
2940 4945 3213 5016 ἁμαρτίαν
3243 4944 3291 4995 δ.
3334 4944 3675 5014 ’Δκαρπίαν.

373 5033 547 5099 dium,
579 5052 683 5089 non
716 5035 956 5105 denique
985 5020 1158 5088 ullum
1205 5035 1417 5097 odium,
1452 5033 1547 5087 sed
1590 5032 1948 5087 commisera-
1975 5025 2007 5081 C

2056 5036 2106 5090 δὲ
2145 5037 2239 5089 καλ¹
2269 5035 2366 5106 τὴν
2393 5035 2779 5106 κακοκαρπίαν
2805 5036 3007 5106 φαμὲν,
3028 5036 3212 5107 ὥσπερ
3228 5035 3444 5104 ἄφωνον
3473 5053 3651 5106 τραγ-

372 5123 470 5189 ιῐο,
504 5142 626 5195 qua:
679 5143 743 5182 ex
798 5126 891 5182 Dei
948 5127 1300 5197 proximique
1334 5124 1630 5177 dilectione
1677 5123 1948 5177 nascitur.

369 5210 530 5281 Nam,
574 5237 591 5268 ‹
631 5218 685 5272 Si
741 5226 795 5275 te
844 5218 1208 5279 subtraxeris,
1262 5215 1442 5281 inquit
1482 5214 1799 5282 Scriptura,
1841 5229 1952 5267 non

373 5301 613 5367 Dlaeebis
649 5310 842 5365 anima:
876 5324 1010 5363 meae
1044 5309 1084 5362 ³.
1132 5325 1150 5358 ι
1188 5304 1269 5358 Ad
1305 5306 1408 5356 hoc
1440 5303 1585 5355 enim
1616 5316 1645 5354 a
1677 5300 1787 5354 Deo
1817 5317 1954 5355 eon-

2055 5128 2210 5199 ῳδδν,
2266 5128 2356 5180 τὸν
2385 5129 2723 5194 κακόφωνον.
2760 5147 2776 5177 ι
2817 5128 2959 5181 Οὐαὶ
2991 5133 3098 5201 γάρ
3128 5147 3214 5199 μοι
3250 5128 3345 5181 ἐὰν
3376 5129 3452 5200 μὴ
3475 5130 3651 5198 εὐαγ-

2058 5215 2382 5283 γελίζωμαι,
2425 5234 2443 5267 ι
2480 5215 2576 5267 καὶ¹
2605 5216 2653 5266 εἰ
2689 5217 2976 5286 κατορύξαι)
3005 5219 3066 5271 τὸ
3100 5219 3374 5284 τάλαντον,
3424 5220 3652 5288 ἀχρεῖος

2059 5306 2156 5357 καὶ
2188 5305 2429 5377 πονηρὶις
2460 5303 2548 5356 διὰ
2570 5304 2659 5356 τὸν
2692 5304 2850 5360 ὄκνον
2879 5309 3184 5378 γινόμενος,
3212 5309 3653 5379 ἁποπεμφθήσο-

449 5436 464 5465 ⁸
504 5437 659 5499 Rom.
696 5461 734 5511 ι,
760 5446 815 5500 2.
892 5446 915 5476 ³
947 5443 1151 5499 Jerem.
1179 5455 1253 5505 LI,
1287 5437 1341 5490 9.
1417 5437 1437 5467 ³
1461 5436 1646 5490 llabac
1690 5451 1750 5501 ιι,
1780 5436 1941 5491 45cc.
1983 5437 2148 5494 LXX.

1688 5552 1920 5608 VARLE
1961 5555 2371 5609 LECTIONES.

452 5673 480 5702 ι
516 5663 679 5724 Deest
704 5673 911 5742 aliquid
938 5689 951 5736 ;
979 5673 1120 5740 tego,
1153 5662 1545 5737 προστίθησιν·
1573 5660 1795 5755 61:.ISic
1830 5664 2027 5722 Arabs.
2107 5664 2133 5704 b
2171 5662 2334 5732 Lege,
2389 5662 2691 5737 ἀκαρπίαν,
2724 5664 2837 5720 sine
2859 5666 3060 5737 fructu.
