3980 6140
378 383 509 452 1437
1628 398 1923 458 CONTRA

2048 398 2385 458 .COBITAS.
3489 391 3620 459 1438

380 521 476 574 μαι
505 505 601 575 τῆς
631 509 808 576 χαρᾶς
830 507 927 560 τοῦ
948 503 1154 578 Κυρίου
1181 525 1304 578 μου.
1327 509 1563 576 Δέξασοε
1590 513 1765 566 τοίνυν
1794 513 1949 580 λόγον

2053 512 2226 565 stituti
2256 524 2485 571 sumus,
2521 515 2581 561 ut
2615 506 2916 574 l‘odiamus,
2953 515 3011 562 ut
3046 514 3260 563 stercus
3307 502 3618 571 circumpo-

378 593 578 660 ἰάσεως
624 600 691 669 τῇ
742 599 1059 668 Πνεύματος
1092 601 1462 671 κρατούμενον
1499 602 1702 672 χάριτα
1757 602 1832 665 ὡς
1882 602 1949 656 ἂν

2052 617 2276 663 namus,
2315 608 2375 654 ut
2416 599 2688 653 strrilitati
2719 600 3050 654 medeamur.
3077 597 3246 652 Porro
3274 594 3619 650 sterilitatem

375 685 512 756 ήσθῇ
551 687 649 756 μὲν
673 690 703 741 ὁ
741 688 892 755 Θεὸς,
946 691 1199 744 κοινωνὸν
1243 692 1300 744 δὲ
1337 693 1437 760 τῆς
1470 693 1807 763 εὐφροσύνης
1851 693 1947 763 τὴν

2052 692 2310 753 dicimus,
2347 705 2519 760 Ipsam
2550 706 2769 760 quoque
2800 691 3066 745 malorum
3099 701 3325 758 operum
3362 696 3624 754 procrea-

387 774 712 846 Ἐκκλησίαν
743 782 1006 851 ποιήσητε
1033 789 1079 832 ο.
1108 781 1253 834 Μίαν
1288 780 1346 832 δὲ
1376 784 1582 852 ταύτην
1608 782 1950 852 ἐπουρανίων

2053 780 2288 843 tionem;
2326 777 2789 847 quemadmodum
2827 776 3109 847 tragtedus
3149 781 3335 829 mutus
3370 776 3620 829 vocatur,

374 863 472 917 καὶ
496 867 752 935 ἐπιγείων
783 871 811 922 ὁ
840 869 1069 939 σταυρὸς
1096 866 1191 921 τοῦ
1231 869 1435 939 Κυρίου
1473 869 1786 938 εἰργάσατο.

2052 869 2212 938 cujus
2247 884 2350 922 vox
2383 868 2630 922 insuavis
2673 874 2775 921 est.
2813 864 2831 917 ι
2868 865 2962 920 Va:
2992 866 3125 919 mihi
3164 864 3209 918 si
3251 879 3358 917 non
3389 872 3624 927 evange-

377 958 616 1011 lizavero
643 960 684 1013 ⁸.
730 979 748 1011 ι
792 960 848 1013 Si
891 961 1100 1019 talento
1130 960 1373 1024 defosso,
1405 974 1599 1016 servus
1632 959 1845 1015 inutilis
1890 967 1947 1014 et
2021 975 2259 1030 nequam
2326 959 2556 1023 efliciar,
2584 958 2847 1013 exsulaho
2880 957 3071 1028 procul
3105 973 3135 1010 a
3175 955 3373 1024 gaudio
3411 945 3624 1005 Domini

378 1047 507 1100 mei.
546 1046 825 1118 Suscipite
874 1066 1007 1121 ergo
1045 1050 1332 1106 medicinae
1383 1065 1692 1106 sermonem
1719 1088 1734 1115 ,
1769 1050 1944 1120 gratia
1982 1046 2222 1117 Spiritus
2272 1050 2690 1111 conﬁrmatum,
2727 1063 2836 1117 quo
2908 1048 3051 1101 Deus
3113 1045 3335 1114 quidem
3387 1042 3627 1095 oblecte-

382 1145 491 1195 tur.
534 1137 833 1209 gaudiique
860 1141 982 1209 ejus
1017 1148 1330 1196 consortem
1370 1140 1673 1196 Ecclesiam
1712 1139 1951 1196 faciatis.
1990 1137 2145 1195 Hanc
2178 1124 2325 1196 vero‘
2347 1155 2483 1195 crux
2524 1138 2733 1195 Christi
2779 1152 2903 1193 esse
2987 1151 3152 1191 unam
3203 1132 3492 1204 praestitit,
3560 1142 3626 1182 ex

379 1228 699 1283 caelestibus
726 1231 1074 1302 terrenisque
1104 1238 1473 1287 constantem.
1841 1272 1851 1276 ε

449 1319 517 1389 β’.
560 1321 776 1393 Ἐπειδὴ
793 1325 925 1393 περὶ
948 1326 1189 1394 φύσεως
1212 1328 1239 1379 ὁ
1264 1326 1485 1397 σύμπας
1513 1329 1648 1397 ἡμῖν
1679 1326 1835 1395 λόγος
1866 1341 1960 1378 κε-

2133 1321 2191 1375 2.
2234 1318 2468 1385 Quando
2523 1326 2639 1373 toto
2685 1316 2844 1371 nobis
2895 1314 2999 1369 hoc
3049 1326 3302 1370 sermone
3332 1308 3627 1365 dicendum

379 1411 668 1483 κρότηται.
703 1414 860 1468 τοῦτό
912 1433 1090 1486 φαμεν
1142 1416 1218 1480 ὡς
1272 1418 1366 1471 ἐπὶ
1400 1417 1501 1488 μὲν
1534 1418 1634 1488 τῆς
1673 1417 1832 1485 ἁγίας
1865 1414 1951 1468 καὶ

2067 1421 2152 1469 est
2185 1410 2249 1465 de
2281 1419 2496 1475 natura,
2521 1410 2623 1477 hoc
2657 1408 2970 1479 praefamur,
3001 1406 3055 1459 in
3090 1411 3281 1461 sancta
3307 1409 3361 1457 et
3393 1399 3632 1455 consub-

380 1501 708 1572 ὑπερουσίου
732 1504 1003 1576 θεότητος,
1026 1507 1145 1577 ἦτοι
1163 1507 1265 1577 τῆς
1284 1508 1619 1578 μοναρχικῆς
1644 1509 1737 1561 καὶ
1759 1508 1952 1577 ὁμοου-

2068 1502 2311 1560 stantiali
2344 1502 2585 1567 Deitate,
2620 1500 2722 1554 hoc
2763 1508 2847 1553 est
2879 1499 2934 1551 in
2969 1496 3135 1549 imius
3158 1492 3374 1563 imperii
3417 1496 3472 1545 et
3501 1488 3633 1544 sub-

381 1590 499 1645 σίου
537 1595 789 1663 Τριάδος,
821 1596 1042 1667 Ἀρειος
1076 1598 1174 1666 μὲν
1204 1599 1297 1651 καὶ
1328 1600 1612 1669 Εὑνόμιος,
1645 1598 1737 1652 καὶ
1769 1600 1802 1669 ἡ
1831 1597 1953 1651 τού·

2062 1592 2280 1648 stantiae
2331 1589 2639 1653 Trinitate,
2668 1587 2858 1641 Arium
2907 1585 3130 1655 quidem
3159 1590 3214 1638 et
3267 1579 3630 1641 Eunomium,

376 1699 489 1737 των
515 1684 798 1749 πολύθεος,
827 1689 921 1741 καὶ
944 1688 1096 1741 οὐδὲν
1120 1684 1283 1760 ἦττον
1298 1689 1456 1754 ἄθεος
1478 1692 1777 1763 συμμορία,
1807 1692 1948 1761 τρεῖς

2064 1683 2363 1751 horumque
2384 1679 2786 1751 politheorum,
2817 1694 2910 1732 seu
2933 1679 3115 1748 potius
3137 1677 3417 1730 atheorum
3443 1672 3636 1726 factio—

376 1773 567 1838 οὐσίας
594 1775 899 1844 ἀναφανδὸν
918 1752 1328 1850 ὲφληνάςρησαν,
1357 1752 1477 1844 cui;
1508 1752 1948 1852 ὑὲτὸσέάσέσίτὴὲ

2060 1789 2182 1829 nem
2228 1772 2396 1843 398
2420 1780 2534 1827 tres
2567 1769 2903 1826 substantias
2933 1767 3215 1838 propalam
3248 1762 3632 1833 ineptientium

376 1868 547 1939 φύσιν
583 1870 1074 1941 συνδιατέμνοντες.
1104 1872 1291 1934 κακῶς
1316 1872 1551 1939 εἰδότες,
1594 1872 1690 1925 καὶ
1726 1874 1792 1940 τῇ
1829 1872 1948 1924 ὐπο-

2059 1878 2208 1919 more
2250 1862 2540 1925 statuisse,
2593 1860 2768 1914 divisa
2810 1875 2935 1915 eum
2981 1854 3373 1929 hypostasibus
3410 1859 3631 1913 natura,

377 1959 568 2013 στάσει
589 1960 796 2015 ταυτὸν
840 1961 942 2031 τὴν
972 1961 1138 2031 φύσιν
1183 1962 1494 2033 νοήσαντες.
1547 1960 1831 2024 Σαὸἐλλιος
1882 1959 1949 2031 (1]

2060 1965 2181 2007 cum
2214 1951 2356 2006 male
2384 1950 2797 2020 [intelligerent,
2849 1948 3142 2017 animoque
3196 1945 3301 2002 sibi
3330 1944 3632 2012 ﬁngerent,

2054 2053 2310 2099 naturam
2356 2043 2502 2098 idem
2545 2057 2673 2097 esse
2726 2050 2888 2110 atque
2921 2038 3283 2110 hypostasim.
3332 2033 3635 2091 Sabeliium

373 2151 509 2192 vero
555 2136 882 2193 Africanum
949 2138 1288 2210 bypostasim
1327 2150 1493 2191 unam
1525 2137 1696 2193 stulte
1724 2135 2070 2199 asseruisse,
2101 2142 2557 2207 contractamque
2596 2131 2993 2201 conjunctione
3030 2129 3269 2200 pessima
3305 2126 3636 2180 Trinitatem

373 2228 717 2293 confudisse,
748 2230 816 2283 ad
845 2232 1106 2285 tuendam
1143 2228 1472 2285 substantia:
1495 2228 1769 2284 unitatem
1804 2228 1862 2281 in
1896 2227 2183 2298 hypostasi
2215 2226 2401 2281 unica.
2439 2223 2601 2291 Quod
2634 2238 2764 2279 vero
2798 2223 2865 2278 ad
2909 2220 3385 2292 dispensationem
3426 2217 3638 2272 saluta-

373 2331 496 2372 rem
540 2318 659 2387 (seu
692 2306 1160 2390 incarnationem)
1188 2326 1401 2388 spectat
1430 2316 1755 2381 Salvatoris,
1781 2317 1877 2387 qui
1910 2317 1965 2370 in
1988 2315 2267 2371 Trinitate
2290 2313 2529 2371 Verbum
2566 2314 2662 2369 Dei
2703 2322 2809 2379 est,
2843 2312 3020 2368 Filius
3050 2312 3252 2366 unicus
3276 2307 3479 2374 Patris,
3509 2323 3637 2378 pes-

374 2409 555 2466 simus
612 2410 1134 2481 perditissimusque
1190 2411 1507 2479 Nestorius,
1540 2412 1982 2482 anthropolatra,
2029 2411 2433 2480 Diodorusque,
2470 2418 2525 2465 et
2561 2409 2887 2464 Theodorus
2925 2408 3224 2478 episcopus
3255 2404 3631 2475 Mopsuestiae,

372 2505 611 2561 rebelles
635 2522 853 2577 quoque
886 2508 1132 2573 fuerunt,
1162 2507 1482 2563 conﬁtendo
1511 2508 1655 2563 duas
1692 2515 1950 2573 naturas,
1980 2507 2392 2577 dividendoque
2423 2505 2790 2578 hypostasim,
2821 2506 2899 2559 ita
2938 2511 3000 2557 ut
3043 2518 3112 2558 ex
3146 2516 3337 2557 eorum
3372 2500 3634 2568 opinione

374 2597 504 2653 duae
535 2614 784 2668 personae
812 2609 1003 2658 essent
1038 2603 1340 2657 secundum
1372 2617 1663 2657 numerum
1689 2609 2034 2656 naturarum.
2066 2600 2386 2658 Diviserunt
2409 2601 2581 2671 igitur
2607 2599 2900 2655 Dominum
2924 2613 3093 2653 unum
3118 2596 3303 2653 Jesum
3327 2594 3635 2660 Christum,

376 2691 632 2767 duosque
659 2691 1092 2757 constituerunt,
1124 2707 1187 2746 ac
1213 2691 1547 2762 hypostases
1573 2692 1751 2757 duas;
1779 2706 1844 2746 eo
1868 2692 2016 2761 quod
2048 2691 2437 2746 existimarent
2471 2690 2814 2761 hypostasim
2860 2696 2915 2744 et
2943 2698 3199 2742 naturam
3242 2699 3413 2741 unum
3457 2684 3638 2753 quod-

376 2779 510 2835 dam
541 2792 685 2834 esse.
715 2780 787 2833 At
818 2781 1120 2837 Dioscorus
1148 2791 1204 2837 et
1237 2783 1501 2846 Severus,
1527 2791 1583 2837 et
1608 2793 1943 2838 sectatorum
1975 2784 2265 2852 utriusque
2306 2783 2468 2837 turba
2510 2783 2824 2850 multiceps,
2859 2796 3025 2835 unam
3058 2795 3281 2849 quoque
3310 2790 3363 2834 et
3398 2779 3503 2848 ipsi
3531 2779 3636 2849 hy-

374 2870 653 2940 postasim
687 2881 1068 2937 asseruerunt,
1103 2886 1268 2926 unam
1297 2872 1461 2928 simul
1493 2888 1616 2928 esse
1647 2882 1897 2927 naturam
1928 2872 2282 2938 deﬁnientes,
2308 2873 2438 2942 quia
2468 2873 2795 2926 nesciebant
2834 2871 2969 2941 quid
2997 2872 3272 2936 dicerent,
3302 2886 3405 2924 nec
3432 2869 3638 2925 intelli-

378 2958 591 3029 gebant
621 2975 745 3029 qua:
784 2961 1140 3016 allirmarent.
1168 2960 1398 3016 Morbus
1436 2976 1592 3025 vero,
1631 2976 1727 3017 seu
1753 2976 1932 3025 error,
1959 2963 2160 3017 mentis
2187 2943 2381 3016 eorum
2407 2961 2463 3014 in
2494 2975 2561 3014 eo
2596 2960 2719 3022 fuit,
2749 2960 2894 3030 quod
2926 2968 3181 3014 naturam
3205 2966 3260 3015 et
3293 2958 3634 3031 hypostasim

376 3068 556 3108 unum
591 3065 645 3110 et
674 3054 816 3110 idem
838 3071 963 3112 esse
984 3055 1403 3112 existimabant.
1434 3055 1540 3111 Sed
1563 3072 1663 3112 nec
1699 3057 1811 3112 illic
1838 3058 2235 3114 substiterunt.
2268 3057 2536 3112 Dixerunt
2570 3057 2717 3112 enim
2749 3057 2801 3111 in
2835 3056 3116 3111 Trinitate
3153 3065 3346 3110 sancta
3380 3066 3492 3111 tres
3519 3068 3641 3109 esse

378 3157 617 3206 naturas
647 3147 1088 3218 substantiasque
1125 3150 1508 3221 particulares,
1560 3158 1618 3207 et
1657 3152 1950 3207 scientiam
2010 3152 2367 3207 notionemve
2410 3166 2577 3207 unam
2631 3167 3004 3208 communem.
3039 3151 3194 3205 Nihil
3227 3159 3408 3206 tamen
3450 3150 3636 3218 solidi,

377 3239 529 3313 quod
567 3240 637 3295 ad
672 3255 787 3296 rem
821 3241 1260 3298 conﬁrmandam
1294 3249 1484 3311 aptum
1515 3249 1707 3297 natum
1744 3243 1836 3307 sit,
1873 3244 2206 3300 habuerunt.

452 3329 510 3384 3.
531 3330 805 3386 Caeterum
846 3331 1134 3402 religionis
1160 3331 1484 3388 orthodoxa:
1509 3340 1566 3389 et
1591 3333 1853 3390 veritatis
1882 3349 2167 3404 praecones
2204 3336 2261 3391 in
2296 3335 2394 3390 tali
2440 3334 2716 3391 sententia
2761 3350 2872 3389 non
2924 3333 3184 3400 fuerunt;
3233 3347 3420 3388 verum
3460 3330 3638 3401 legem

374 3423 628 3480 divinam
659 3425 861 3489 secuti,
893 3440 1237 3497 cursumque
1268 3426 1338 3482 ad
1364 3427 1590 3484 cmieste
1618 3428 1802 3485 iumen
1826 3429 2150 3501 dirigentes,
2179 3437 2332 3487 recta
2364 3431 2787 3487 ambulaverunt
2817 3445 2916 3501 per
2942 3430 3088 3484 viam
3117 3425 3347 3499 regiam,
3372 3442 3495 3497 quae
3522 3440 3642 3480 me-

373 3513 479 3568 dia
543 3522 653 3581 est,
682 3530 792 3569 non
827 3516 1177 3574 declinantes
1204 3518 1275 3573 ad
1301 3519 1608 3585 sinistram,
1643 3520 1920 3591 superbiae
1950 3530 2006 3576 et
2040 3523 2386 3593 ignorantiae,
2408 3536 2590 3592 neque
2618 3522 2684 3577 ad
2710 3521 2986 3587 dextram,
3018 3518 3436 3592 imaginationis
3466 3519 3642 3589 phan-

371 3606 619 3661 tasticaa.
661 3605 849 3677 Neque
871 3609 1114 3679 ineptias
1144 3610 1448 3668 contrariis
1477 3611 1706 3684 ineptiis
1734 3613 2032 3669 emendare
2063 3613 2310 3685 aggressi
2346 3621 2514 3681 sunt;
2542 3613 2638 3670 sed
2666 3612 2733 3668 ad
2759 3611 3105 3684 propositum
3143 3611 3303 3664 ﬁnem
3331 3610 3475 3663 inter
3498 3607 3641 3661 mala

369 3701 629 3753 extrema
652 3705 1046 3766 pervenerunt,
1086 3699 1443 3756 continentes
1485 3716 1546 3756 se
1571 3701 1719 3755 intra
1754 3700 1963 3759 limites
2000 3700 2279 3769 veritatis,
2312 3702 2390 3757 ita
2420 3709 2482 3757 ut
2508 3702 2574 3757 ad
2604 3710 2858 3757 neutram
2890 3708 3106 3770 partem
3134 3697 3456 3755 inclinando
3484 3697 3553 3752 ab
3576 3710 3642 3751 ea

367 3783 759 3847 deﬁecterent.
791 3792 985 3860 itaque
1016 3791 1260 3848 confessi
1294 3800 1425 3848 sunt
1446 3792 1819 3849 substantiam
1849 3807 2014 3847 unam
2047 3793 2105 3849 in
2135 3793 2430 3860 Trinitate,
2463 3802 2521 3850 et
2550 3801 2666 3850 tres
2695 3794 3025 3864 bypostases
3052 3791 3304 3862 ejusdem
3337 3802 3644 3859 agnoscen-

366 3882 492 3941 tes,
529 3876 767 3934 libenter
797 3878 1260 3949 pradicaverunt.
1294 3880 1559 3938 Rursum.
1594 3896 1730 3938 vero
1773 3890 2118 3953 agnoverunt
2149 3884 2572 3941 distinctionem
2615 3884 2767 3940 illam
2803 3885 2863 3940 in
2893 3883 3162 3954 mysterio
3207 3880 3640 3936 incarnationis.

365 3969 848 4039 quemadmodum
887 3969 1188 4043 Gregorius
1221 3972 1537 4046 Theologus
1566 3976 1644 4030 ait
1670 3975 1714 4039 ',
1748 3983 1975 4031 naturas
2005 3974 2171 4043 duas,
2196 3984 2252 4033 et
2287 3977 2634 4034 substantias
2662 3976 2824 4043 duas,
2851 3982 2907 4032 et
2937 3975 3275 4047 hypostasim
3308 3987 3500 4036 unam,
3537 3985 3645 4024 nas

363 4068 764 4131 turamque-et
797 4063 1173 4119 substantiam
1214 4064 1406 4121 eadem
1444 4066 1776 4121 deﬁnitione
1820 4067 2092 4138 complexi
2135 4076 2313 4124 sunt:
2351 4082 2647 4138 personam
2682 4082 2903 4138 quoque
2950 4075 3004 4123 et
3053 4064 3402 4138 hypostasim
3449 4061 3641 4116 eodem

363 4151 551 4207 modo
585 4152 953 4220 deﬁnierunt;
983 4156 1189 4226 quippe
1219 4157 1317 4226 qui
1349 4165 1622 4213 noverant
1648 4157 2015 4215 differentiam
2042 4175 2167 4230 quae
2196 4168 2285 4215 est
2304 4160 2453 4215 inter
2472 4170 2751 4224 naturam,
2796 4174 2896 4215 seu
2934 4154 3336 4219 substantiam,
3365 4158 3421 4207 et
3460 4150 3638 4222 hypo-

363 4240 606 4303 Stasim,
640 4242 757 4298 sive
791 4258 1113 4314 personam,
1149 4244 1425 4316 ejusmodi
1457 4262 1580 4303 esse
1611 4261 1678 4303 ac
1712 4248 2126 4306 distinctionem
2154 4266 2276 4321 quae
2299 4258 2385 4306 est
2423 4250 2567 4305 inter
2597 4263 2894 4305 commune
2920 4253 2976 4303 et
3016 4245 3322 4315 singulare.

441 4357 509 4412 4.
541 4356 729 4412 Primo
752 4357 921 4429 igitur
949 4360 1112 4416 nobis
1137 4361 1527 4432 inquirendum
1556 4363 1734 4419 estde
1764 4373 1962 4419 natura
1989 4373 2045 4420 et
2075 4364 2384 4435 hypostasi,
2410 4370 2472 4416 ut
2500 4363 2654 4416 vocis
2685 4361 2979 4428 utriusque
3011 4355 3474 4429 signiﬁcationem
3508 4369 3639 4425 per-

357 4454 629 4519 spectam
660 4448 962 4506 habeamus
989 4469 1002 4504 :
1037 4451 1242 4507 deinde
1271 4461 1615 4523 compertum
1657 4454 1821 4509 nobis
1853 4454 1978 4519 erit,
2010 4469 2077 4509 an
2108 4454 2246 4508 duas
2290 4453 2344 4507 in
2374 4452 2597 4507 Christo
2635 4457 2866 4504 naturas
2906 4464 3157 4504 asserere
3196 4448 3520 4513 debeamus,
3553 4447 3640 4502 vel

357 4541 632 4597 unicam.
661 4538 914 4594 Postulat
939 4541 1090 4594 enim
1118 4542 1364 4597 instituti
1394 4545 1561 4609 ratio,
1593 4550 1653 4598 ut
1677 4543 1814 4598 illud
1843 4542 2160 4598 deﬁniatur.
2190 4541 2378 4612 Neque
2404 4557 2537 4596 vero
2570 4540 2862 4595 veritatem
2891 4538 3236 4594 contentioni
3269 4532 3636 4608 exponemus,

350 4630 472 4689 sed
513 4628 700 4684 amice
727 4644 849 4685 eam
875 4629 1357 4703 investigabimus,
1388 4648 1514 4689 cum
1549 4635 1807 4691 veritatis
1833 4648 1896 4690 ea
1926 4642 2125 4689 natura
2161 4634 2253 4699 sit,
2284 4642 2345 4687 ut
2373 4631 2665 4687 manifesta
2696 4632 2778 4685 illi
2816 4630 2932 4695 ﬁat,
2967 4632 3061 4700 qui
3094 4631 3244 4684 illam
3279 4646 3342 4686 ea
3367 4628 3642 4693 sollicitu-

349 4724 513 4782 dine
565 4723 860 4792 perquirit,
908 4739 1073 4794 quam
1104 4725 1395 4796 Scriptura
1428 4732 1512 4783 sic
1538 4728 1861 4799 eloquitur:
1893 4746 1914 4781 ι
1952 4728 2411 4799 Appropinquate
2439 4726 2509 4781 ad
2540 4741 2649 4789 me,
2682 4733 2737 4781 et
2766 4739 2868 4795 ego
2903 4723 3161 4779 accedam
3201 4723 3270 4778 ad
3310 4738 3410 4779 vos
3438 4722 3479 4777 ⁸.
3515 4743 3534 4776 ι
3574 4724 3641 4778 Ει

349 4813 507 4869 alibi
545 4831 561 4868 :
598 4831 617 4865 ι
658 4811 757 4867 Ubi
787 4813 900 4868 duo
932 4815 1019 4869 vel
1059 4823 1172 4871 tres
1208 4819 1530 4888 congregati
1556 4817 1766 4874 fuerint
1792 4820 1850 4873 in
1883 4819 2113 4874 nomine
2137 4834 2283 4883 meo,
2312 4833 2414 4889 ego
2441 4819 2497 4873 in
2526 4817 2707 4872 medio
2734 4817 2955 4872 illorum
2991 4831 3113 4871 sum
3141 4816 3183 4870 ⁷.
3220 4835 3239 4867 ι
3271 4814 3471 4871 lterum
3505 4833 3643 4886 quo-

348 4922 480 4980 que
532 4904 717 4961 dicit:
759 4927 778 4958 ι
814 4907 1031 4974 Pelitis,
1072 4918 1128 4964 et
1156 4925 1268 4964 non
1301 4912 1582 4982 accipitis,
1629 4928 1698 4969 eo
1746 4914 1896 4984 quod
1941 4928 2052 4969 non
2106 4915 2255 4969 sicut
2281 4920 2499 4983 oportet
2540 4911 2746 4983 petatis
2772 4910 2818 4965 ⁸.
2865 4929 2883 4962 ›
2917 4910 2985 4964 Et
3015 4928 3029 4966 :
3071 4929 3090 4962 ι
3126 4908 3263 4964 Cum
3299 4910 3369 4964 sit
3398 4910 3453 4964 in
3483 4910 3640 4964 vobis

345 5002 539 5060 zelus
566 5006 622 5053 et
648 5001 931 5054 contentio
962 5008 1018 5055 et
1041 4999 1360 5066 discidium,
1394 5018 1463 5058 an
1494 5003 1766 5074 ignoratis
1803 5004 1951 5074 quod
1979 5004 2232 5059 carnales
2254 5003 2409 5069 estis,
2442 5011 2497 5057 et
2524 4999 2830 5058 secundum
2855 5014 3086 5056 carnem
3113 4998 3410 5055 ambulatis
3436 4998 3497 5052 ’ἲ
3523 5018 3544 5051 ο
3574 4996 3640 5052 Ει

345 5093 505 5150 item
542 5094 614 5145 εἰ
658 5088 779 5145 Νοη
811 5091 1042 5159 potestis
1070 5093 1297 5149 credere
1330 5093 1388 5148 in
1416 5109 1526 5159 me,
1565 5094 1661 5165 qui
1685 5094 1917 5166 gloriam
1952 5092 2237 5149 hominum
2265 5091 2517 5165 quaeritis
2551 5093 2615 5147 ιο.
2655 5109 2674 5143 ›

341 5230 462 5358 ιζ
497 5228 518 5281 ι
551 5225 945 5359 (ξςῖἑέἲίιίῗίι,
975 5229 1185 5352 gCreg.
1221 5231 1366 5301 epist
1402 5231 1470 5285 ad
1508 5229 1733 5287 Cledon.
1812 5233 1833 5264 ⁸
1870 5231 2035 5287 Zach.
2076 5248 2111 5297 ι,
2143 5233 2197 5293 5.
2273 5234 2294 5264 τ
2323 5231 2515 5288 Matth.
2546 5246 2699 5293 xvut,
2733 5230 2826 5284 20.
2898 5228 3059 5284 aJac.
3087 5244 3158 5289 ιν,
3194 5227 3247 5280 5.
3322 5222 3524 5278 ’Joan.
3577 5239 3635 5291 ν,

1681 5407 1916 5460 VARI/Ii
1960 5407 2370 5462 LECTEONES.

454 5516 484 5549 ε
521 5500 727 5566 Arabs,
759 5508 809 5555 et
857 5516 964 5554 una
1001 5501 1095 5570 ﬁat
1124 5500 1361 5556 Ecclesia
1393 5503 1445 5556 in
1481 5502 1676 5573 gaudio
1710 5504 2111 5556 communionis.

1257 5669 1263 5672 .
1916 5617 2145 5672 NOTAE.

1257 5669 1263 5672 ,
1916 5618 2051 5672 ΝΟΤ
2130 5656 2145 5671 .

434 5707 532 5779 (Ι)
580 5703 678 5762 ilic
714 5705 882 5763 multa
921 5705 1125 5761 desunt
1162 5706 1217 5762 in
1266 5706 1531 5764 Vaticano
1565 5708 1773 5774 codice,
1829 5724 1950 5781 qua:
1987 5618 2235 5780 supinata
2269 5712 2396 5762 sunt
2430 5721 2494 5760 ex
2527 5704 2888 5760 translatione
2916 5701 3179 5764 Arabica.
