3980 6140
415 360 553 427 H39

1602 359 1662 419 S.
1702 359 1736 419 J
1740 356 1944 419 OANN
1949 359 2022 419 IS
2057 358 2489 421 DAMASCENI

3536 352 3678 417 1440

487 476 541 528 5.
578 472 696 528 1am
732 475 900 541 igitur
930 468 1201 525 orationis
1233 476 1433 523 nostra:
1459 469 1798 539 principium
1840 471 2076 527 ducetur
2102 470 2170 525 ab
2199 470 2291 526 his
2334 471 2511 525 sancti
2552 470 2740 525 Basilii
2770 469 2972 536 verbis,
3022 478 3144 540 quae
3184 470 3410 540 scripsit
3435 471 3677 541 epistola

418 565 483 618 ad
517 563 958 634 Amphilochium
990 562 1056 626 “,
1089 576 1286 629 nempe
1312 561 1459 631 quod
1496 580 1513 612 ι
1552 561 1700 616 inter
1730 561 2099 616 substantiam
2129 570 2186 617 et
2216 561 2559 633 bypostasiin
2590 560 2897 616 differentia
2932 560 3123 615 eadem
3148 560 3242 625 sit,
3273 575 3395 629 quae
3421 562 3679 617 estinter

417 656 473 712 id
504 654 647 726 quod
685 651 876 707 multis
907 666 1201 706 commune
1229 663 1333 715 eSl,
1366 660 1419 705 ct
1446 652 1576 706 illud
1603 653 1747 729 quod
1785 652 2118 723 particulare
2143 661 2229 709 est
2256 654 2555 723 unicuique
2588 653 2892 708 individuo.
2930 671 2948 704 ι
2981 651 3050 706 Et
3098 654 3295 722 paucis
3325 654 3662 722 interiectis,

415 745 473 798 in
509 743 700 799 eadem
758 744 991 814 cpistola
1046 742 1219 797 dicit:
1250 761 1268 794 ‹
1313 741 1520 798 Nomen
1565 744 1894 799 substantiae
1944 744 2082 798 dicit
2114 758 2219 798 nos
2271 743 2338 797 ad
2391 742 2811 813 intelligendqu
2865 755 2981 797 rem
3017 741 3265 812 aliquam
3298 741 3668 797 indeﬁnitam.

415 830 552 893 Nam
577 852 729 892 mens
761 852 866 891 non
896 837 1102 892 invenit
1140 836 1191 889 in
1225 850 1335 905 quo
1366 836 1668 899 consistat,
1701 852 1767 891 ex
1807 836 2085 890 communi
2121 837 2210 889 illa
2239 835 2461 890 notione
2512 846 2676 902 quam
2725 832 3014 904 signiﬁcat.
3053 851 3073 884 ι
3110 832 3181 886 At
3235 847 3438 887 nomen
3486 833 3671 904 hypo-

418 928 590 983 stasis
647 925 927 996 signiﬁcat
963 928 1014 981 id
1047 928 1189 995 quod
1223 927 1276 980 in
1319 941 1379 980 re
1407 941 1515 980 una
1547 926 1729 995 aliqua
1758 941 2051 981 commune
2088 935 2209 990 est;
2238 939 2469 994 eamque
2501 926 2703 991 (mens)
2730 922 2917 978 deﬁnit
2946 936 3013 977 ex
3034 921 3326 978 maniiesto
3362 922 3680 992 apparenti-

416 1016 522 1072 bus
556 1016 702 1071 inea
737 1019 1195 1087 proprietatibus.
1240 1017 1344 1085 Qui
1385 1033 1549 1089 porro
1584 1032 1692 1073 non
1717 1018 1968 1089 agnoscit
1992 1017 2361 1073 diﬁ‘erentiam
2395 1016 2541 1070 inter
2572 1022 2826 1069 naturam
2855 1021 2909 1070 et
2946 1011 3315 1084 bypostasim,
3344 1012 3421 1066 ita
3436 1010 3671 1067 veritati

419 1106 811 1178 investigandae
863 1109 954 1162 dat
1009 1124 1255 1178 Operam,
1300 1120 1357 1164 ut
1393 1109 1535 1164 inter
1562 1117 1770 1166 sectam
1800 1108 1867 1163 de
1901 1123 2010 1178 qua
2042 1108 2305 1171 diximus,
2335 1113 2392 1162 et
2425 1107 2628 1176 ipsum,
2680 1105 2889 1160 nullum
2930 1105 3232 1159 discrimen
3282 1104 3375 1159 sit.
3419 1102 3554 1158 Nam
3611 1104 3664 1159 si

418 1196 539 1251 haec
593 1196 1022 1268 distinguuntur,
1058 1213 1231 1268 quare
1288 1198 1356 1252 de
1406 1199 1628 1254 Christo
1679 1206 1953 1263 asserunt,
2005 1198 2206 1252 habere
2245 1198 2399 1251 illum
2445 1204 2704 1251 naturam
2764 1209 2949 1258 unam,
3006 1202 3067 1249 ut
3098 1206 3394 1265 personam
3449 1195 3670 1248 uuam?

420 1288 649 1367 lterum,
675 1289 720 1345 si
755 1290 1078 1346 substantia:
1106 1300 1159 1346 et
1193 1290 1506 1360 hypostasis
1546 1291 1690 1345 idem
1722 1298 1876 1357 sunt,
1920 1289 2113 1355 Filius,
2146 1289 2593 1359 quandoquidem
2624 1289 2789 1343 unius
2818 1294 2905 1343 est
2947 1300 3077 1342 cum
3120 1285 3283 1341 Patre
3307 1285 3663 1351 substantiae,

422 1401 535 1441 una
566 1402 789 1457 quoque
817 1403 942 1441 cum
974 1402 1043 1441 eo
1072 1387 1391 1457 bypostasis
1422 1387 1544 1441 erit.
1574 1387 1639 1441 Et
1680 1388 1922 1443 vicissim
1954 1387 2002 1443 si
2030 1386 2342 1459 ltypostasis
2370 1395 2455 1441 est
2487 1386 2612 1450 alia,
2638 1385 2748 1439 erit
2784 1394 3007 1452 queque
3030 1382 3285 1437 similiter
3312 1381 3418 1435 alia
3443 1389 3671 1446 natura,

420 1484 476 1533 et
510 1478 658 1532 sicut
692 1485 781 1532 est
809 1476 1058 1547 ejusdem
1093 1494 1156 1533 ac
1194 1477 1354 1531 Pater
1382 1478 1734 1544 substantiae,
1762 1477 2008 1547 ejusdem
2053 1494 2272 1548 quoque
2313 1492 2436 1533 cum
2471 1490 2536 1532 eo
2572 1475 2888 1548 hypostasis
2914 1476 3021 1528 erit
3052 1494 3068 1529 :
3104 1484 3160 1530 et
3186 1475 3233 1528 si
3266 1473 3551 1543 hypostasi
3578 1475 3675 1528 di-

420 1582 620 1621 versus
651 1576 758 1629 est,
794 1567 904 1620 erit
936 1582 1161 1637 quoque
1196 1568 1507 1623 substantia
1532 1569 1804 1635 diversus,
1835 1568 1985 1638 quod
2015 1569 2175 1624 valde
2209 1567 2437 1637 impium
2470 1575 2573 1623 est.
2609 1566 2686 1621 Ita
2711 1567 2918 1636 pariter
2941 1565 3007 1621 de
3036 1565 3399 1620 humanitate.
3427 1565 3485 1618 Si
3513 1568 3667 1621 enim

420 1657 473 1713 id
505 1658 647 1728 quod
689 1658 1103 1713 subsistentiatn
1134 1659 1318 1722 habet,
1356 1659 1671 1730 hypostasis
1695 1668 1813 1724 est,
1842 1660 2159 1714 humanitas
2197 1674 2321 1727 qua)
2349 1659 2770 1714 subsistentiam
2805 1656 2989 1720 habet,
3022 1661 3079 1711 et
3106 1655 3268 1724 cuius
3299 1664 3493 1709 natura
3555 1670 3673 1715 una

421 1758 527 1813 est,
564 1750 671 1805 erit
697 1750 950 1806 similiter
1000 1752 1311 1822 hypostasis
1343 1766 1471 1805 una.
1503 1750 1658 1806 Sicut
1682 1753 1847 1808 etiam
1887 1752 2204 1807 humanitas
2238 1751 2541 1807 universim
2593 1757 2815 1820 sumpta
2850 1753 2960 1803 una
2993 1752 3194 1801 natura
3243 1753 3352 1809 est,
3387 1745 3460 1799 ita
3498 1746 3670 1803 etiam

420 1842 527 1896 erit
567 1857 673 1895 una
711 1857 972 1912 persona.

488 1932 542 1987 6.
579 1932 737 1999 Quod
773 1934 826 1989 si
863 1934 1072 1991 dicatis
1113 1937 1272 1996 aliter
1324 1937 1658 2013 loquendum
1699 1936 1770 1998 de
1814 1936 2109 1992 divinitate
2155 1944 2370 2003 sancta,
2436 1934 2600 1990 aliter
2646 1934 2717 1988 de
2769 1931 3172 1988 incarnationis
3203 1933 3488 2002 mysterio,
3521 1931 3671 2001 quod

422 2025 689 2090 Dominus
716 2043 941 2104 propter
972 2050 1075 2090 nos
1102 2034 1466 2105 dispensavit,
1497 2037 1658 2092 nobis
1705 2028 2176 2105 interrogantibus
2208 2028 2540 2097 respondete
2569 2046 2583 2081 :
2626 2025 2768 2080 Num
2806 2033 3009 2080 natura
3039 2032 3094 2078 et
3135 2023 3457 2093 hyposlasis
3494 2037 3668 2076 unum

425 2124 588 2178 sunt?
621 2122 677 2179 Si
711 2124 963 2180 dixeritis
991 2124 1270 2179 Christum
1306 2137 1432 2183 esse
1462 2144 1531 2183 ex
1577 2128 1794 2184 duabus
1839 2128 2075 2192 naturis,
2110 2128 2181 2179 an
2216 2135 2329 2179 non
2379 2118 2689 2188 intelligitis
2717 2131 2785 2173 ea
2808 2113 3175 2186 responsione
3201 2113 3320 2183 cogi
3355 2124 3475 2179 vos,
3500 2122 3561 2166 ut
3586 2113 3671 2182 ip-

427 2226 549 2267 sum
584 2228 651 2268 ea
683 2214 901 2271 duabus
927 2231 1151 2286 quoque
1175 2217 1241 2287 hy
1253 2219 1566 2287 postasibus
1594 2232 1715 2275 esse
1747 2218 2046 2274 asseratis?
2074 2220 2211 2272 Nam
2231 2217 2450 2272 etiamsi
2486 2209 2621 2269 illud
2651 2209 2720 2267 de
2748 2207 2974 2264 Christo
3005 2219 3117 2259 non
3147 2203 3476 2268 euunlietis,
3504 2217 3670 2271 coge-

422 2302 559 2358 tnini
589 2312 770 2360 tamen
806 2322 871 2360 ex
903 2308 973 2361 iis
999 2324 1122 2377 qum
1149 2311 1517 2377 praemisistis,
1552 2311 1692 2366 dua’s
1726 2318 1949 2381 quoque
1976 2308 2246 2366 aﬁirmare
2273 2314 2523 2365 naturas.
2551 2307 2766 2377 Quippe
2789 2301 2836 2361 si
2868 2302 3070 2359 natura
3097 2308 3153 2360 ct
3175 2297 3495 2381 ιιςροειπῖε
3516 2296 3670 2350 idem

424 2402 574 2461 sunt,
601 2397 963 2467 asscritisque
1000 2397 1347 2454 divinitatem
1383 2399 1593 2456 Christi
1627 2380 1758 2459 esse
1804 2380 2080 2467 naturam,
2116 2408 2173 2456 et
2199 2415 2403 2469 corpus
2431 2399 2574 2470 ejus,
2622 2408 2897 2465 naturam,
2941 2394 3107 2454 simul
3139 2394 3325 2451 dicitis
3371 2380 3668 2457 ἀίνίηίεθιίξ

420 2487 544 2557 ejus
570 2503 692 2543 esse
719 2489 1062 2560 hypostasim
1102 2506 1290 2556 unam,
1326 2499 1380 2547 et
1418 2493 1782 2549 humanitatis
1811 2494 1934 2565 ejus
1967 2506 2093 2549 esse
2124 2491 2467 2564 hypostasim
2500 2490 2758 2544 alteram.

490 2583 547 2636 7.
580 2582 737 2648 Quod
764 2585 812 2638 si
848 2584 1167 2654 hypostasis
1196 2595 1252 2638 et
1279 2594 1479 2639 natura
1512 2587 1657 2640 idem
1695 2594 1855 2651 sunt,
1888 2587 2171 2651 Christus,
2211 2598 2336 2641 cum
2369 2586 2442 2640 sit
2480 2582 2973 2639 consubstantialis
3005 2582 3182 2647 Pa‘tr’i,
3211 2590 3278 2636 ac
3301 2577 3677 2637 consubstan-

424 2671 573 2727 tialis
605 2672 788 2741 nobis,
827 2676 936 2729 erit
964 2676 1132 2728 etiam
1160 2675 1415 2743 ejusdem
1434 2691 1561 2731 cum
1599 2676 1763 2733 Patre
1800 2687 1854 2733 et
1890 2678 2053 2733 nobis
2080 2678 2398 2749 lrypostasis
2428 2694 2442 2732 :
2475 2684 2593 2730 tum
2627 2675 2868 2732 subinde
2909 2678 3239 2747 byp‘ostases
3271 2671 3586 2729 divinitatis
3617 2676 3679 2726 et

423 2762 791 2820 humanitatis
824 2781 933 2821 una
968 2766 1285 2838 hypostasis
1340 2768 1493 2825 ﬁent.
1526 2769 1667 2826 Nam
1698 2773 1746 2828 si
1786 2772 2104 2844 hypostasis
2146 2782 2202 2827 et
2235 2778 2432 2827 nattira
2470 2780 2641 2826 unum
2685 2777 2747 2826 et
2789 2770 2933 2826 idem
2975 2776 3126 2837 suat,
3157 2779 3325 2840 atque
3352 2769 3413 2823 in
3450 2765 3678 2822 Christo

423 2856 842 2913 distinctionem
867 2858 1034 2930 399
1063 2868 1386 2916 naturarum
1418 2864 1791 2931 constituatis,
1825 2879 1937 2921 non
1966 2878 2098 2920 vero
2130 2862 2538 2934 hypostasium,
2570 2872 2667 2918 seu
2697 2868 3106 2931 personarum;
3135 2866 3333 2915 natura
3361 2856 3590 2928 proinde
3617 2865 3683 2910 et

426 2945 741 3017 hypostasis
792 2948 938 3003 idem
968 2963 1083 3005 non
1134 2959 1320 3007 erunt.
1350 2950 1527 3024 Hujus
1567 2966 1701 3010 vero
1743 2956 2049 3026 argumenti
2098 2952 2501 3008 demonstratio
2551 2951 2788 3006 maxime
2826 2950 3126 3021 perspicua
3171 2956 3260 3004 est
3291 2945 3536 3012 cuilibet,
3565 2943 3683 3000 nisi

426 3045 614 3092 mente
645 3038 921 3095 caecutiat.

493 3130 552 3186 8.
585 3132 664 3186 Ac
700 3142 849 3190 certe
871 3134 1094 3205 quidem
1152 3138 1375 3195 nomine
1401 3140 1774 3208 ὑποστάσεως,
1814 3142 2162 3214 signiﬁcatur
2207 3154 2299 3199 res
2329 3155 2440 3198 una
2481 3139 2782 3212 singularis
2811 3136 3119 3194 secundum
3165 3136 3430 3204 seipsam.
3468 3130 3691 3201 Quippe

427 3220 630 3277 nomen
685 3220 1003 3295 bypostasis
1050 3241 1176 3281 cum
1234 3227 1669 3299 signiﬁcationes
1708 3231 1912 3289 habeat
1943 3233 2217 3301 diversas,
2252 3244 2445 3290 earum
2480 3244 2592 3286 una
2635 3236 2720 3286 est
2757 3229 2903 3299 quod
2934 3227 3186 3297 designet
3236 3223 3446 3294 aliquid
3494 3236 3591 3292 per
3617 3237 3686 3277 se

429 3315 739 3372 subsistens
765 3334 780 3382 ;
816 3315 949 3383 alia,
978 3318 1030 3374 id
1062 3322 1208 3390 quod
1234 3321 1291 3376 in
1312 3322 1421 3379 alio
1449 3338 1559 3380 non
1593 3325 1834 3390 exsistit,
1862 3334 1957 3382 aut
1986 3327 2045 3384 in
2072 3329 2184 3383 alio
2214 3334 2416 3400 prater
2461 3326 2640 3396 ipsum
2672 3319 3093 3379 subsistentiam
3129 3330 3239 3373 non
3273 3316 3461 3380 habet,
3485 3321 3537 3369 et
3569 3326 3683 3367 non

428 3410 516 3461 est
537 3405 819 3462 accidens.
852 3404 967 3463 Hoc
992 3416 1174 3463 autem
1201 3425 1404 3468 nomen
1431 3428 1556 3468 cum
1588 3425 1859 3486 usurpant
1909 3416 2101 3475 Patres
2139 3417 2211 3473 de
2262 3416 2576 3475 substantia
2625 3413 2920 3485 singulari,
2946 3411 3277 3482 pleramque
3322 3405 3593 3476 signiﬁcat
3623 3404 3689 3458 id

429 3500 578 3571 quod
606 3515 715 3556 non
748 3508 834 3558 est
869 3502 927 3557 in
966 3503 1240 3574 subjecto,
1267 3507 1532 3580 quodque
1559 3524 1672 3567 non
1701 3520 1788 3568 est
1813 3513 2087 3583 privatio,
2107 3528 2254 3586 saepe
2287 3526 2509 3570 rursum
2547 3510 2830 3584 signiﬁcat
2857 3507 3169 3579 subjectum
3198 3506 3266 3562 de
3294 3519 3405 3576 quo
3437 3502 3687 3574 quaedam

431 3596 828 3667 praedicantur.

503 3687 557 3742 9.
602 3687 712 3744 Vos
735 3689 907 3760 igitur
926 3688 947 3763 (
969 3689 1403 3764 Monophysitae)
1425 3693 1640 3750 relictis
1657 3696 2009 3769 ambagibus,

2182 3697 2250 3753 θ’.
2283 3737 2299 3753 .
2333 3736 2348 3752 .
2381 3734 2398 3751 .
2433 3733 2448 3750 .
2484 3735 2500 3752 .
2529 3704 2624 3759 τες
2653 3692 2837 3748 τοίνυν
2881 3690 2944 3745 τὸ
2993 3686 3320 3762 περισκελὲς
3341 3728 3359 3753 ,
3400 3652 3494 3738 ⁸ιξδν
3532 3682 3691 3751 λόγον

434 3787 584 3835 recte
620 3788 858 3836 tractato
893 3783 1125 3839 verbum
1165 3786 1458 3851 veritatis;
1498 3802 1623 3842 non
1645 3789 1827 3855 enim,
1865 3790 2014 3845 sicut

436 3871 617 3927 sancti
660 3870 915 3927 doctores
951 3873 1249 3942 dixerunt,
1289 3876 1434 3933 idem
1473 3878 1661 3936 dicitis
1694 3894 1821 3936 esse
1853 3889 2014 3935 natu-

439 3977 553 4017 ram
583 3969 639 4018 et
670 3961 1009 4033 bypostasim
1038 3982 1055 4032 ;
1085 3967 1223 4035 quin
1258 3969 1442 4036 potius
1475 3980 1733 4025 naturam
1764 3973 2016 4043 porticu-

438 4054 608 4109 larem
638 4061 900 4123 tauquam
923 4054 1263 4126 hypostasim
1293 4074 1388 4128 per
1416 4075 1478 4116 se
1495 4063 1851 4119 exsistentem
1878 4079 2016 4118 con-

443 4144 691 4201 ﬁtemini.
746 4144 857 4202 Sed
909 4145 1057 4217 quod
1110 4163 1219 4204 non
1271 4157 1527 4220 oporteat
1566 4152 1751 4209 dicere
1789 4164 2016 4212 naturas

440 4237 813 4308 particulares
832 4277 848 4304 ,
882 4237 1012 4295 hinc
1036 4239 1433 4312 intelligemus.

512 4328 601 4383 10.
647 4326 706 4383 Si
747 4338 979 4386 naturas
1018 4329 1385 4400 particulares
1423 4333 1478 4386 in
1527 4340 1722 4403 sancta
1750 4332 2020 4392 Trinitate

442 4419 826 4487 conﬁtemini,
884 4422 1121 4479 diversa:
1175 4425 1503 4479 substantiae
1552 4439 1675 4481 eam
1730 4426 2016 4491 censetis,

442 4526 778 4582 rursumque
811 4514 950 4571 adeo
981 4514 1148 4571 Arius
1173 4517 1450 4572 excitatus
1480 4525 1591 4573 est.
1626 4516 1786 4582 Quod
1820 4518 1868 4575 si
1903 4518 2024 4574 sin-

443 4602 590 4674 gulis
617 4606 875 4674 personis
904 4604 1111 4663 divinis
1157 4616 1368 4663 sanctae
1414 4607 1708 4664 Trinitatis
1741 4609 2020 4680 propriam

445 4694 825 4751 substantiam
856 4698 1106 4754 tribuitis
1126 4738 1143 4766 ,
1178 4714 1317 4770 quas
1346 4700 1860 4757 consubstantiales
1900 4716 2026 4756 esse

447 4787 755 4842 secundum
805 4803 1154 4845 communem
1202 4791 1569 4847 substantiam
1611 4791 2023 4857 conﬁteamini;

446 4877 592 4936 idem
624 4893 753 4933 vero
786 4876 861 4933 sit
894 4879 1204 4935 substantia
1235 4888 1294 4936 et
1328 4880 1683 4952 hypostasis:
1719 4881 1830 4936 erit
1858 4879 2028 4952 igitur

446 4968 714 5040 opinione
767 4978 951 5025 vestra
1004 4972 1351 5040 quaternitas
1386 4972 1804 5044 hypostasium,
1860 4972 2027 5027 trium

2112 3789 2211 3861 τῆς
2265 3785 2528 3858 ἀληθείας
2578 3782 2987 3855 ὀρθοτομήσατε
3022 3795 3038 3811 ·
3090 3780 3152 3833 οὐ
3188 3778 3297 3847 γὰρ
3338 3772 3416 3838 ὡς
3442 3774 3493 3827 oi
3540 3773 3692 3841 ἅγιοι

2116 3879 2358 3952 Πατέρες
2383 3878 2662 3951 εἰρήκασι,
2687 3874 2885 3929 ταυτὸν
2912 3872 3102 3943 λέγετε
3127 3870 3286 3938 φύσιν
3307 3867 3403 3920 καὶ
3446 3865 3695 3919 ὑπόστα-

2117 3986 2238 4026 σιν·
2301 3968 2535 4042 μερικὴν
2582 3967 2643 4022 δὲ
2689 3966 2890 4037 μᾶλλον
2927 3964 3029 4036 τὴν
3086 3963 3265 4032 φύσιν,
3319 3959 3396 4020 ῶς
3434 3957 3532 4011 καὶ
3584 3956 3696 4028 τὴν

2116 4064 2240 4118 κατ’
2268 4062 2400 4117 αὐτὸ
2421 4059 2736 4132 ὁμολογεῖτε
2766 4057 3088 4112 ὑπόστασιν.
3119 4055 3241 4108 Ὀτι
3273 4051 3329 4107 δὲ
3357 4052 3420 4106 οὒ
3454 4049 3697 4122 μερικὰς

2118 4154 2310 4225 φύσεις
2332 4153 2521 4221 λέγειν
2534 4151 2722 4223 ἐχρῆν,
2759 4147 3016 4203 ἐντεῦθεν
3047 4144 3332 4217 εἰσόμεθα.

2192 4337 2243 4384 ι’.
2277 4328 2340 4383 Ei
2358 4325 2590 4400 μεριχὰς
2605 4324 2799 4395 φύσεις
2827 4323 2921 4378 ἐπὶ
2937 4325 3038 4394 τῆς
3062 4321 3230 4389 ἁγίας
3277 4317 3507 4391 Τριάδος
3561 4317 3698 4386 ὀμο-

2121 4422 2349 4491 λογεῖτε.
2394 4418 2729 4488 ἑτεροούσιον
2783 4414 2990 4485 ταύτην
3033 4413 3288 4479 δοξάζετε
3306 4451 3324 4478 ,
3374 4409 3473 4465 καὶ
3536 4406 3713 4460 πάλιν

2125 4511 2422 4582 ἐγήγερται
2484 4509 2723 4578 Ἄρειος.
2780 4506 2846 4561 Et
2892 4505 2953 4559 δὲ
2987 4505 3197 4575 ἑκάστῃ
3243 4501 3358 4556 τῶν
3404 4500 3506 4568 τῆς
3534 4497 3705 4567 ἁγίας

2125 4603 2355 4676 Τριάδος
2378 4599 2684 4673 Θεαρχικῶν
2728 4596 3081 4653 ὑποστάσεων
3104 4595 3417 4661 ἰδιάζουσαν
3445 4590 3582 4647 δῶτε
3608 4589 3707 4642 οὓς

2128 4694 2271 4759 σίαν,
2302 4690 2622 4763 ὀμοουσίους
2647 4689 2706 4743 δὲ
2731 4688 2933 4754 ταύτας
2959 4687 3101 4743 κατὰ
3124 4686 3224 4756 τὴν
3281 4683 3469 4754 κοινὴν
3513 4679 3708 4734 οὐσίαν

2125 4784 2489 4858 ὁμολογήσετε
2516 4798 2532 4813 σ
2564 4780 2759 4835 ταυτὸν
2791 4778 2851 4835 δὲ
2871 4777 3030 4832 οὐσία
3058 4776 3154 4830 καὶ
3179 4775 3503 4838 ὑπόστασις,
3544 4769 3711 4858 ἔσται

2127 4856 2251 4929 καθ’
2277 4870 2431 4943 ὑμῶν
2461 4869 2659 4941 τετρὰς
2680 4868 3031 4925 ὐποστάσεων
3053 4880 3068 4896 ·
3094 4864 3263 4935 τριῶν
3295 4861 3396 4930 μὲν
3438 4856 3711 4930 μερικῶν,

2133 4965 2263 5036 μιᾶς
2281 4963 2339 5017 δὲ
2357 4961 2566 5033 κοινῆς,
2586 4959 2682 5015 καὶ
2718 4957 2919 5012 οὐσιῶν
2950 4956 3153 5027 ὁμοίως
3180 4952 3400 5024 τετράς.
3433 4950 3543 5004 Καὶ
3571 4947 3714 5001 ἑκά-

448 5059 675 5133 quidem
715 5060 1134 5131 particularium
1160 5100 1176 5126 ,
1215 5063 1387 5119 unius
1418 5078 1554 5120 vero
1581 5064 1894 5120 communis
1920 5081 1938 5131 ;
1972 5070 2020 5119 el

2131 5071 2231 5124 στη
2249 5053 2358 5107 τῶν
2377 5050 2750 5116 ὑποστάσεων,
2766 5048 2861 5102 δύο
2885 5044 3105 5118 φύσεών
3117 5061 3179 5099 τε
3207 5043 3303 5098 καὶ
3326 5039 3714 5101 ὑποστάσεων,

451 5149 711 5205 similiter
737 5150 1081 5220 quaternitas
1108 5151 1548 5208 substantiarum
1578 5171 1593 5219 ;
1624 5154 1735 5207 imo
1762 5169 2030 5223 unaquae-

2133 5146 2263 5216 μιᾶς
2299 5145 2397 5215 μὲν
2423 5142 2631 5212 κοινῆς,
2661 5140 2788 5211 μιᾶς
2803 5137 2860 5191 δὲ
2898 5134 3157 5208 μερικῆς,
3184 5132 3282 5187 καὶ
3327 5130 3541 5184 ἔσονται
3580 5129 3717 5197 ὁμο-

450 5255 561 5311 que
587 5218 902 5313 hypos—t‘asis
932 5242 1167 5297 duarum
1201 5252 1528 5299 naturarum
1557 5218 1613 5297 et
1646 5218 2020 5314 bypostasium

2130 5238 2303 5292 ούσιοι
2335 5236 2431 5289 καὶ
2446 5231 2796 5304 ἐτεροούσιοι,
2832 5224 3237 5298 ὀμοῦπόστατοῑ
3291 5218 3496 5314 cretei
3520 5220 3715 5314 erepo-

453 5331 590 5398 erit,
617 5332 786 5388 unius
815 5333 1036 5402 quidem
1066 5332 1382 5388 communis
1401 5374 1417 5399 ,
1446 5339 1502 5387 et
1534 5331 1703 5387 unius
1733 5330 2020 5400 particula-

2134 5328 2453 5384 ὓπόστατοι.
2472 5325 2584 5379 Καὶ
2599 5322 2683 5386 τίς
2712 5322 2776 5375 οὐ
2801 5319 3120 5389 γελάσεται,
3143 5314 3344 5386 μᾶλλον
3363 5311 3424 5366 δὲ
3448 5308 3723 5402 ἀποδύρετ

454 5419 535 5475 ris
554 5459 570 5485 ,
600 5430 879 5492 eruntque
917 5424 1084 5479 simul
1113 5423 1362 5493 ejusdem
1394 5429 1448 5477 et
1474 5420 1714 5477 diversae
1736 5399 2020 5485 essentiam

2128 5436 2214 5473 ται
2256 5418 2356 5489 τῆς
2421 5415 2618 5487 μανίας
2658 5411 2758 5481 τὴν
2785 5408 3121 5481 ὑπερϐολήν;
3152 5405 3272 5461 Οὐκ
3305 5399 3627 5493 Este-tofus
3658 5399 3715 5451 ει

458 5509 709 5581 ejusdem
731 5490 1044 5570 etidiversaa
1071 5490 1412 5587 hypostasis.
1441 5511 1648 5584 Ecquis
1672 5526 1785 5568 non
1813 5510 1993 5567 rideat

2133 5510 2208 5582 μὴ
2239 5508 2514 5579 φλήναφος
2539 5502 2636 5557 καὶ
2658 5502 2897 5564 διανοίας
2919 5490 3721 5589 ἀνάπλασμα-καδοοξαῑμονοξ,

462 5603 576 5657 imo
603 5617 737 5659 vero
767 5619 877 5658 non
910 5604 1037 5659 ﬁeat
1066 5604 1491 5663 immoderatum
1517 5604 1714 5661 horqu
1749 5602 2020 5660 furor-emi

2136 5578 2410 5669 δαιμόνιον
2463 5597 2683 5668 εὕρημα
2737 5587 3012 5644 σκοτεινὸν
3036 5626 3052 5654 ,
3116 5583 3323 5655 καὶτῆς
3393 5578 3723 5649 Ἑλληνικῆς

540 5752 788 5815 ",Basil.
815 5754 976 5824 epist.
1006 5756 1131 5811 591.
