3980 6140
354 272 483 340 1441

1589 259 1887 323 CONTRA
1921 253 2342 318 JACOBITAS.

3462 242 3599 311 1442
3614 260 3617 263 ’

352 384 632 457 τερθρείας
664 370 1113 453 τεράτευμα.Τις
1147 373 1309 427 τοῦτο
1355 371 1464 427 τῶν
1512 370 1785 441 θεοφόρων
1843 364 1920 419 εί-

2042 379 2139 420 iaec
2170 363 2305 421 nihil
2336 360 2445 417 nisi
2480 372 2644 415 merae
2677 373 2838 430 nugae
2869 365 3002 415 sunt
3023 399 3039 424 ,
3069 365 3123 413 et
3152 356 3294 412 male
3322 370 3475 413 sanae
3501 369 3596 411 co-

356 493 491 549 ρηκε
532 474 794 540 πώποτε;
845 472 891 523 εί
955 469 1030 542 μή
1083 482 1190 521 που
1232 466 1326 519 τὸν
1386 465 1515 535 παρ’
1578 461 1708 532 ὑμῖν
1764 459 1920 526 ἅγιον

365 565 743 639 Ἀριστοτέλην
766 565 923 634 ἡμῖν,
974 560 1050 624 ὡς
1107 557 1554 629 τρισκαιδέκατον
1601 551 1920 615 ἀπόστολον,

355 657 701 725 είσαγάγοιτε
727 695 742 719 ,
798 655 891 708 καὶ
946 652 1054 705 τῶν
1094 648 1464 715 θεοπνεύστων
1497 645 1590 697 τὸν
1644 639 1923 699 εἰδωλολά-

354 764 492 819 τρην
512 744 886 817 προκρίνοιτε.
912 741 1052 795 Ἀλλ’
1088 741 1181 795 ἐπὶ
1205 739 1267 792 τὸ
1297 736 1662 807 προκείμενον
1680 731 1920 785 ἐπανίω-

360 856 479 909 μεν.

430 1096 520 1144 ια’.
557 1089 621 1142 El
661 1087 767 1158 γὰρ
799 1088 892 1141 καὶ
917 1088 990 1160 μή
1012 1088 1129 1141 ἐστι
1156 1087 1318 1158 φύσις
1356 1086 1748 1152 ἀνυπόστατος,
1799 1083 1923 1139 οὔτε

361 1181 460 1253 μὲν
477 1179 635 1234 οὐσία
661 1179 1011 1249 ἀπρόσωπος,
1050 1179 1158 1231 οὐδ’
1201 1176 1269 1232 αῦ
1300 1178 1461 1232 πάλιν
1494 1178 1743 1240 ἁνούσιος
1792 1176 1926 1229 ὑπό-

359 1272 546 1335 στασις
590 1287 652 1324 τε
709 1271 803 1324 καὶ
856 1270 1148 1337 πρόσωπον
1175 1285 1190 1301 ·
1242 1270 1302 1327 οὐ
1362 1270 1472 1340 γάρ
1508 1269 1692 1325 ἐστιν’
1718 1269 1832 1337 ἀλλ’
1859 1267 1922 1321 οὐ

356 1362 552 1418 ταυτὸν
578 1361 737 1416 οὐσία
762 1362 856 1414 καὶ
878 1361 1196 1427 ὑπόστασις,
1233 1360 1353 1417 οὐδὲ
1388 1361 1550 1429 φύσις
1600 1361 1696 1415 καὶ
1752 1360 1923 1430 πρόσ-

356 1470 528 1507 ωπον.
553 1452 629 1505 Οὑ
652 1452 761 1521 γὰρ
786 1451 980 1506 ταυτὸν
1012 1450 1170 1504 οὐσία
1196 1468 1255 1504 τε
1286 1452 1381 1504 καὶ
1410 1452 1676 1518 ὲνούσιον,
1700 1451 1810 1507 οὐδ’
1834 1454 1924 1505 ἐν·

357 1543 662 1596 υπόστατον
687 1542 783 1595 καὶ
832 1542 1154 1605 ὑπόστασις.
1208 1542 1438 1614 Ἕτερον
1467 1543 1573 1612 γάρ
1633 1544 1751 1597 ἐστι
1773 1541 1834 1594 τὸ
1865 1540 1923 1594 ἐν

354 1654 488 1702 τινι,
512 1635 607 1689 καὶ
631 1634 816 1707 ἕτερον
842 1634 904 1687 τὸ
921 1636 978 1687 ὲν
1006 1627 1050 1702 ᾧ
1074 1649 1088 1665 ⁸
1117 1634 1359 1689 ὲνούσιον
1394 1634 1492 1705 μὲν
1532 1635 1641 1706 γάρ
1684 1636 1802 1689 ἐστι
1861 1635 1923 1689 τὸ

357 1727 417 1781 ὲν
450 1728 518 1797 τῇ
562 1725 723 1797 οὐσίᾳ
760 1725 1152 1796 θεωρούμενον.
1183 1725 1425 1781 τουτέστι
1452 1725 1513 1778 τὸ
1564 1726 1671 1781 τῶν
1725 1725 1927 1795 συμϐε-

356 1815 608 1888 ϐηκότων
643 1812 984 1885 ἀθροισμα,ὃ
1011 1813 1163 1885 δηλοί
1200 1814 1299 1883 τὴν
1329 1815 1651 1877 ὑπόστασιν,
1680 1816 1782 1869 οὐκ
1826 1816 1926 1868 αὐσ-

352 1906 457 1977 τὴν
481 1907 576 1978 τὴν
596 1904 802 1960 οὐσίαν.
848 1905 1240 1958 Ἐνυπόστατον
1268 1905 1348 1969 δὲ,
1376 1906 1476 1975 οὐχ
1527 1907 1560 1971 ἡ
1610 1906 1925 1972 ὑπόστασις,

354 1999 417 2052 τὸ
447 2000 509 2051 ὲν
543 1996 842 2051 ὑποστάσει
894 1996 950 2050 δὲ
986 1995 1395 2067 καθορώμενον.
1456 1996 1630 2052 Οὐσία
1679 1996 1737 2050 δὲ
1780 2014 1932 2051 τουτ-

355 2091 514 2143 έστιν
538 2088 786 2141 ὁπωσοῦν
811 2087 1067 2157 ὑπάρχει,
1099 2088 1209 2141 εἴτε
1253 2088 1378 2140 καθ’
1404 2087 1623 2159 ἑαυτὴν,
1672 2087 1782 2142 εἴτε
1834 2089 1931 2141 σὺν

351 2179 558 2249 ἑτέρῳ,
604 2179 716 2232 εῐτε
763 2179 820 2236 ἐν
858 2178 1053 2250 ἑτέρῳ*
1106 2178 1229 2237 καθ’
1258 2180 1456 2250 ἑαυτὴν
1504 2180 1601 2250 μὲν
1651 2180 1727 2247 ὡς
1760 2181 1931 2251 πυρὸς

353 2268 540 2334 οὐσία,
578 2269 673 2323 σὺν
697 2268 903 2339 ἑτέροις
923 2269 1001 2332 δὲ,
1037 2269 1113 2333 ὡς
1141 2269 1287 2345 ψυχὴ
1319 2269 1414 2322 καὶ
1455 2269 1641 2335 σῶμαο
1678 2271 1776 2324 σὺν
1836 2271 1933 2331 ἁλ-

356 2358 550 2430 ληλοις
577 2357 689 2429 γὰρ
720 2356 894 2415 ταῦτα
923 2358 1021 2427 τὴν
1044 2358 1349 2411 ὑπόστασιν
1367 2356 1479 2427 ἔχει
1501 2372 1515 2385 ο
1545 2361 1605 2411 ἐν
1642 2359 1812 2429 ἑτέρῳ
1851 2359 1929 2427 δὲ,

357 2449 438 2513 ὡς
467 2447 580 2521 πῦρ
608 2449 666 2501 ὲν
696 2447 992 2517 θρυαλλίδι,
1015 2450 1110 2502 καὶ
1149 2449 1224 2517 ὡς
1253 2452 1284 2518 ἡ
1316 2449 1453 2521 σὰρξ
1479 2449 1574 2503 τοῦ
1631 2452 1836 2521 Κυρίου
1872 2453 1932 2506 ὲν

357 2543 427 2615 τῇ
452 2541 673 2612 ἁνάρχῳ
694 2538 860 2592 αὐτοῦ
879 2540 1193 2595 ὑποστάσει.
1240 2541 1309 2595 Ἣ
1342 2544 1441 2613 μὲν
1480 2543 1591 2614 γὰρ
1634 2544 1931 2608 ὑπόστασις

356 2629 456 2684 τόν
488 2645 631 2693 τινα,
660 2624 697 2699 ἢ
716 2627 836 2687 τόδε
875 2628 1028 2699 δηλοί
1045 2630 1105 2682 τὸ
1126 2631 1243 2701 ἅμα
1261 2634 1328 2702 τῇ
1366 2631 1461 2685 τοῦ
1509 2633 1776 2695 δακτύλου
1800 2635 1934 2693 ἀνα-

358 2721 521 2791 τάσει
553 2719 923 2787 δεικνύμενον,
955 2719 1016 2773 τὸ
1046 2720 1102 2773 δὲ
1155 2722 1518 2778 ὲνυπόστατον
1538 2765 1552 2791 ,
1584 2726 1681 2796 τὴν
1707 2727 1895 2783 οὐσίαν
1914 2744 1928 2759 ·

359 2810 464 2871 καὶ
495 2810 530 2879 ἡ
561 2809 659 2878 μὲν
688 2809 984 2872 ὑπόστασις
1004 2811 1293 2881 πρόσωπον
1316 2813 1486 2883 ὁρίζει
1515 2817 1627 2878 τοῖς
1654 2834 1936 2888 χαρακτη.

362 2901 638 2975 ριστικοῖς
675 2898 957 2968 ίδιώμασιν
985 2915 1001 2929 ο
1032 2900 1395 2955 ὲνυπόστατον
1418 2903 1480 2955 τὸ
1519 2904 1595 2972 μὴ
1629 2900 1768 2958 εἶναι
1804 2906 1935 2958 αὐτὸ

2024 455 2308 525 gitationis
2333 452 2506 518 ﬁctio,
2528 452 2929 508 tenebricosum
2952 451 3259 506 daemonum
3285 447 3595 514 inventum,

2023 548 2581 617 Graecanicarumque
2621 544 3031 616 praestigiarum
3084 546 3425 612 portentum.
3459 537 3597 604 Quis

2024 649 2347 697 sanctorum
2380 637 2606 697 Patrum
2642 636 2776 691 illud
2810 647 3051 703 unquam
3083 631 3269 686 dixit?
3299 629 3417 687 Nisi
3453 629 3597 685 forte

2024 742 2279 788 sanctum
2318 729 2675 785 Aristotelem
2713 725 2909 789 nobis,
2939 738 3041 779 ceu
3066 720 3344 778 decimum
3372 718 3594 775 tertium

2024 823 2405 895 apostolorum
2444 817 2850 881 iutrodueatis,
2893 814 3284 881 idolorumque
3324 809 3595 882 cultorem

2028 916 2100 972 iis
2135 922 2489 983 anteponam
2511 952 2525 976 ,
2582 909 2678 980 qui
2714 908 2959 978 Spiritus
2996 905 3173 962 sancti
3208 902 3391 960 aﬂlatu
3426 897 3596 955 locuti

2024 1016 2176 1065 sunt.
2205 1007 2310 1063 Sed
2343 1005 2411 1060 ad
2436 1003 2776 1073 propositum
2810 1008 3177 1056 revertamur.

2096 1100 2184 1154 11.
2224 1096 2470 1153 Tametsi
2496 1094 2644 1150 enim
2669 1107 2779 1148 non
2804 1098 2889 1147 est
2912 1098 3112 1149 natura
3136 1087 3257 1145 sine
3278 1082 3561 1157 bypostasi
3577 1123 3594 1147 ,

2022 1205 2203 1261 neque
2232 1187 2545 1245 substantia
2579 1185 2701 1239 sine
2743 1195 3023 1254 persona;
3069 1194 3173 1234 nec
3211 1191 3432 1233 rursum
3477 1175 3599 1231 sine

2024 1280 2340 1340 substantia
2362 1320 2378 1345 ,
2407 1275 2727 1348 hypostasis
2756 1283 2810 1329 et
2838 1285 3075 1343 persona
3108 1270 3276 1342 (nam
3304 1274 3455 1322 certe
3484 1280 3596 1323 non

2023 1372 2161 1442 est),
2192 1379 2437 1425 attamen
2489 1364 2803 1422 substantia
2854 1370 2907 1421 et
2958 1358 3280 1431 hypostasis
3319 1371 3431 1415 non
3469 1360 3603 1409 sunt

2024 1463 2170 1519 idem
2194 1502 2209 1528 ,
2253 1474 2433 1529 neque
2470 1464 2668 1514 natura
2708 1463 2762 1509 et
2805 1466 3065 1524 persona.
3106 1448 3229 1505 Non
3263 1447 3411 1504 enim
3454 1445 3599 1503 idem

2024 1561 2158 1611 sunt
2190 1550 2507 1609 substantia
2542 1556 2599 1603 et
2629 1546 2775 1616 quod
2809 1544 2867 1600 in
2903 1540 3221 1598 substantia
3259 1545 3382 1600 est,
3421 1548 3602 1604 neque

2027 1642 2344 1715 hypostasis
2380 1649 2435 1696 et
2475 1639 2906 1709 enbypostatum
2942 1633 3081 1715 (seu
3114 1631 3261 1701 quod
3293 1627 3512 1684 exsistit
3544 1625 3601 1678 in

2028 1713 2315 1804 hvpostasi
2336 1729 2377 1801 ).
2410 1728 2575 1785 Aliud
2610 1726 2757 1781 enim
2788 1733 2874 1778 est
2900 1713 3137 1792 quod'in
3169 1718 3358 1786 alique
3394 1723 3511 1779 est,
3547 1722 3605 1768 et

2029 1823 2176 1879 aliud
2202 1863 2215 1885 ,
2251 1821 2306 1877 in
2337 1834 2449 1890 quo
2477 1825 2562 1875 est
2591 1813 2820 1885 aliquid.
2870 1810 3006 1869 Nam
3052 1808 3202 1879 quod
3246 1814 3336 1864 est
3367 1807 3421 1865 in
3468 1804 3602 1865 sub—

2029 1914 2261 1977 stantia,
2285 1911 2421 1966 illud
2451 1904 2705 1976 estquod
2738 1905 2792 1961 in
2820 1901 3134 1961 substantia
3159 1897 3601 1958 consideramus,

2029 2012 2166 2073 puta
2210 1997 2698 2070 congregationem
2735 1991 3111 2051 accidentium
3134 2029 3150 2054 ,
3184 2002 3308 2058 qua:
3343 1986 3606 2056 hyposta-

2030 2094 2136 2150 sim
2167 2092 2456 2162 designat,
2489 2102 2597 2142 nou
2631 2087 2809 2155 ipsam
2839 2079 3229 2138 substantiam.
3256 2078 3606 2148 Enbyposta-

2031 2193 2148 2241 tum
2184 2195 2319 2238 vero
2367 2194 2474 2236 non
2517 2185 2601 2233 est
2642 2173 2993 2247 bypostasis,
3028 2171 3125 2228 sed
3170 2169 3318 2240 quod
3352 2176 3605 2224 contem-

2031 2279 2250 2348 plamur
2286 2275 2340 2328 in
2374 2273 2683 2343 hypostasi.
2730 2269 2846 2324 Hoc
2883 2281 3051 2339 porro
3099 2262 3458 2327 substantia,
3504 2276 3609 2317 seu

2031 2367 2274 2426 essentia
2301 2372 2412 2431 est,
2439 2362 2939 2434 quomodocunque
2961 2358 3223 2421 exsistat,
3260 2354 3377 2411 sive
3401 2368 3497 2423 per
3522 2366 3608 2416 se,

2032 2459 2150 2513 sive
2174 2472 2301 2513 cum
2335 2455 2444 2511 alio
2468 2494 2482 2516 ,
2517 2453 2636 2509 sive
2667 2453 2722 2507 in
2752 2450 2862 2505 alio
2891 2467 2903 2500 :
2941 2463 3038 2518 per
3068 2460 3129 2501 se
3149 2483 3164 2508 ,
3200 2451 3260 2499 ut
3294 2442 3608 2503 substantia

2033 2546 2214 2618 ignis;
2248 2559 2372 2603 cum
2404 2542 2565 2605 aliis,
2612 2549 2675 2595 ut
2712 2539 2891 2594 anima
2934 2544 2989 2592 et
3026 2549 3231 2603 corpus
3262 2551 3278 2600 ;
3314 2532 3429 2589 hac
3457 2530 3609 2589 enim

2034 2637 2091 2692 in
2119 2651 2182 2692 se
2212 2634 2451 2689 invicem
2481 2632 2795 2689 subsistunt
2826 2646 2840 2682 :
2883 2629 2937 2681 in
2970 2626 3101 2689 alio.
3149 2633 3207 2677 ut
3247 2621 3394 2692 ignis
3430 2622 3487 2680 in
3526 2621 3611 2679 lu-

2034 2744 2238 2794 cerua;
2268 2736 2321 2784 et
2353 2735 2411 2779 ut
2438 2739 2569 2780 caro
2606 2722 2824 2779 Domini
2863 2721 2920 2774 in
2969 2717 3249 2788 hypostasi
3286 2715 3412 2784 ejus
3455 2721 3614 2769 aiter-

2035 2833 2128 2877 na.
2158 2814 2485 2887 Hypostasis
2510 2814 2657 2869 enim
2690 2810 3038 2881 quempiam,
3075 2808 3157 2862 vel
3195 2807 3298 2861 hoe
3325 2805 3607 2867 declarat,

2036 2908 2182 2978 quod
2213 2907 2423 2961 intento
2447 2902 2619 2972 digito
2649 2900 2928 2957 indicatur
2958 2917 2972 2952 :
3016 2897 3439 2968 enhypostatum
3481 2907 3617 2949 vero

362 2988 743 3062 συμϐεϐηκὸς,
781 2988 810 3041 ὸ
834 2991 892 3041 ὲν
932 2988 1107 3060 ἑτέρῳ
1131 2991 1243 3060 εχει
1266 2991 1362 3060 τὴν
1411 2991 1665 3062 ὓπαρξιν.
1735 2996 1797 3048 Εἰ
1827 2996 1936 3066 γὰρ

2042 2998 2281 3057 declarat
2335 2992 2724 3051 substantiam.
2790 2988 2959 3057 Atqui
3016 2986 3331 3058 bypostasis
3386 2983 3613 3055 quidem

359 3081 540 3137 ταυτὸ
567 3079 713 3133 τὸέν
738 3095 876 3146 τινι,
912 3079 1004 3133 καὶ
1031 3079 1093 3132 τὸ
1114 3081 1184 3134 ἐν
1213 3076 1287 3151 ᾧ,
1328 3081 1446 3151 ὥρα
1478 3085 1560 3139 σοι
1580 3084 1759 3152 λέγειν
1805 3103 1936 3140 ταυ-

358 3172 461 3228 τὸν
494 3170 692 3243 ἀρετὴν
726 3172 822 3225 καὶ
850 3171 1126 3242 ἐνάρετον,
1154 3175 1251 3227 καὶ
1285 3175 1426 3231 κατὰ
1451 3174 1549 3244 τὴν
1586 3175 1809 3244 εὔλογον
1837 3180 1935 3233 ἀν-

357 3263 691 3334 τιστροφὴν,
714 3261 935 3325 κακίαν,
962 3261 1057 3315 καὶ
1083 3260 1144 3315 τὸ
1177 3266 1236 3317 ἐν
1264 3256 1309 3332 ᾧ
1344 3264 1598 3336 ἡκακία·
1644 3267 1743 3319 καὶ
1785 3267 1938 3323 ἔσται

360 3352 520 3421 κατὰ
540 3353 600 3405 σὲ
638 3351 848 3415 αὐτὸςὸ
882 3352 1126 3416 διάὸολος
1155 3353 1344 3419 κακία,
1400 3354 1494 3407 καὶ
1540 3355 1568 3407 ὁ
1618 3355 1807 3410 τούτου
1849 3356 1945 3429 δη-

362 3445 658 3519 μιουργὸς,
678 3444 874 3511 κακίας
893 3444 1243 3519 δημιουργός.
1276 3446 1389 3499 Καὶ
1418 3446 1606 3519 ἐπειδὴ
1661 3448 1720 3502 ὲν
1760 3452 1826 3520 τῇ
1856 3450 1947 3503 οὑ-

359 3535 467 3608 σίᾳ.
493 3535 559 3588 τὸ
580 3533 950 3605 συμόεὸηκὸς,
969 3534 1123 3589 ἔσται
1141 3534 1202 3589 τὸ
1226 3535 1578 3607 συμΰεὸηκὸς
1622 3539 1801 3603 οὐσία,
1852 3541 1947 3595 καὶ

356 3626 729 3699 συμσεὸηκὸς
767 3629 801 3697 ἡ
841 3628 1021 3683 οὐσία.
1051 3629 1165 3682 Καὶ
1194 3627 1258 3681 τὸ
1283 3628 1441 3700 σῶμα
1463 3626 1513 3692 ά,
1555 3632 1701 3702 φημὶ
1747 3632 1809 3686 τὸ
1849 3634 1945 3691 ἀν-

357 3716 678 3791 Θρώπινον,
701 3716 854 3771 ἔσται
876 3717 1020 3772 κατὰ
1046 3719 1104 3771 σὲ
1132 3716 1216 3789 [τὸ
1247 3717 1408 3791 σῶμα
1432 3718 1478 3791 ε]
1506 3719 1685 3790 ψυχή’
1724 3722 1815 3775 καὶ
1861 3722 1945 3786 τίς

350 3808 585 3883 ταύτης
610 3806 712 3876 τῆς
744 3807 1056 3878 συγχύσεως
1092 3807 1189 3883 τὴν
1218 3808 1418 3877 μανίαν
1448 3810 1697 3878 ὑποίσει;

2040 3101 2334 3160 personam
2356 3083 2549 3139 deﬁnit
2568 3097 2666 3152 per
2692 3082 3059 3152 proprietates
3079 3079 3281 3148 quibus
3304 3077 3613 3146 sigillatur:

2042 3177 2467 3246 eubypostatum
2492 3188 2627 3227 vero
2647 3211 2664 3233 ,
2696 3172 2832 3227 illud
2863 3186 2973 3225 non
3005 3184 3127 3224 esse
3153 3167 3435 3230 accidens,
3469 3166 3615 3235 quod

2045 3266 2102 3321 in
2130 3266 2305 3321 altero
2334 3264 2718 3320 exsisleutiam
2744 3262 2930 3317 habet.
2964 3261 3021 3314 Si
3047 3261 3195 3315 enim
3224 3260 3364 3313 idem
3397 3258 3536 3312 foret
3562 3259 3618 3312 in

2049 3357 2212 3430 400
2234 3357 2432 3427 aliqua,
2455 3364 2509 3411 et
2537 3357 2593 3410 in
2616 3373 2740 3427 quo,
2763 3354 2877 3425 jam
2902 3354 3086 3411 dicere
3113 3366 3304 3424 posses
3326 3351 3469 3405 idem
3496 3364 3619 3405 esse

2049 3451 2310 3504 virtutem
2333 3489 2348 3514 ,
2376 3457 2431 3503 et
2454 3464 2581 3503 eum
2609 3449 2703 3518 qui
2738 3448 2942 3503 virtute
2971 3446 3234 3515 praeditus
3267 3452 3355 3500 est
3379 3461 3393 3498 :
3422 3451 3478 3499 et
3506 3458 3616 3497 non

2052 3540 2291 3597 absurda
2318 3540 2758 3610 reciprocatione
2779 3579 2794 3605 ,
2827 3538 2974 3593 idem
3001 3553 3125 3599 esse
3154 3536 3419 3590 malitiam
3437 3577 3454 3601 ,
3478 3544 3532 3590 et
3560 3534 3617 3589 id

2049 3630 2108 3687 in
2135 3646 2244 3701 quo
2272 3638 2359 3686 est
2386 3632 2621 3686 malitia.
2650 3632 2828 3700 Atque
2855 3630 2994 3685 adeo
3019 3629 3073 3683 in
3103 3639 3193 3684 tua
3223 3629 3480 3698 opinione
3504 3628 3621 3683 dia-

2049 3722 2213 3778 bolus
2255 3725 2374 3793 ipse
2420 3724 2631 3777 malitia
2679 3724 2827 3789 erit;
2875 3730 2931 3776 et
2982 3721 3075 3791 qui
3121 3721 3402 3775 diabolum
3452 3718 3616 3782 fecit,

2052 3815 2279 3870 malitiae
2308 3817 2414 3869 erit
2441 3814 2688 3870 effector.
2726 3814 3001 3883 Itemque,
3048 3816 3179 3883 quia
3216 3813 3269 3865 in
3302 3812 3617 3866 substantia

352 3908 454 3959 est
514 3896 816 3962 accidens,
864 3896 1127 3953 accidens
1177 3896 1487 3951 substantia
1539 3901 1681 3965 erit,
1732 3907 1787 3955 et
1822 3901 2136 3965 substantia
2178 3906 2477 3970 accidens;
2514 3907 2796 3975 quinimo,
2832 3919 3064 3973 corpus,
3105 3904 3363 3973 inquam,
3417 3904 3618 3959 buma-

350 4006 508 4048 num
543 3990 600 4045 in
629 3991 904 4049 sententia
934 3997 1027 4045 tua
1059 3988 1243 4044 anima
1271 3991 1408 4057 erit,
1434 3999 1490 4045 et
1515 3992 1694 4044 anima
1726 4007 1950 4064 corpus.
1990 3995 2194 4067 Ecquis
2224 3995 2571 4052 confusionis
2599 3998 2769 4065 hujus
2798 3998 3068 4055 insaniam
3103 3996 3290 4052 ferat?

436 4081 540 4152 ιβ’.
555 4081 680 4133 Ὅτι
694 4079 793 4149 μὲν
808 4078 900 4134 οῦν
919 4080 1019 4133 οὐκ
1041 4078 1189 4133 ἔστιν
1210 4079 1368 4132 οὐσία
1388 4081 1780 4145 ἀνυπόστατος,
1799 4084 1956 4153 ῐσμεν

347 4170 592 4243 σαφῶς,
610 4169 724 4222 ἀλλ’
749 4170 809 4223 οὑ
829 4171 1026 4224 ταυτόν
1046 4185 1226 4238 φαμεν
1242 4170 1603 4224 ὲνυπόστατον
1618 4171 1712 4225 καὶ
1729 4172 1957 4227 ὐπόστα·

2121 4086 2208 4140 12.
2251 4086 2408 4154 Quod
2449 4096 2630 4145 autem
2674 4105 2782 4144 non
2826 4090 2899 4145 sit
2942 4088 3258 4144 substantia
3296 4088 3415 4142 sine
3444 4088 3623 4159 hypo—

2053 4177 2224 4241 stasi,
2258 4177 2418 4247 plane
2460 4179 2736 4233 novimus.
2789 4179 2857 4231 At
2909 4192 3257 4247 nequaquam
3309 4178 3622 4232 dixerimus

346 4284 476 4333 σιν,
508 4261 640 4317 οὔτε
673 4260 779 4332 μὴν
819 4260 1006 4315 οὐσίαν
1032 4277 1092 4314 τε
1120 4261 1214 4317 καὶ
1247 4261 1488 4315 ὲνούσιον
1510 4280 1524 4293 ·
1554 4260 1686 4317 ἀλλ’
1712 4264 1936 4318 ἐνούσιω

2053 4265 2198 4322 idem
2241 4281 2367 4322 esse
2404 4267 2828 4338 enbypostatum
2868 4275 2923 4321 et
2969 4267 3309 4336 hypostasim
3335 4305 3351 4331 ,
3398 4267 3478 4320 uti
3517 4282 3619 4321 nec

342 4357 493 4431 μὲν,
517 4353 623 4423 τὴν
655 4352 972 4417 ὑπόστασιν,
1000 4353 1363 4407 ἐνυπόστατον
1379 4353 1455 4420 δὲ,
1475 4354 1574 4424 τὴν
1606 4354 1814 4409 οὐσίαν.
1841 4357 1936 4427 Τήι

2054 4357 2425 4413 substantiam
2453 4333 2621 4427 atque
2649 4357 2883 4411 enusion
2913 4355 2932 4425 (
2949 4333 3057 4410 seu
3077 4356 3227 4425 quod
3270 4362 3356 4410 est
3398 4357 3453 4410 in
3486 4358 3620 4412 sub-

337 4467 415 4507 τε
428 4448 563 4519 γὰρ
579 4443 766 4498 οὐσίαν
783 4443 882 4514 τῆς
902 4443 1062 4512 ἁγίας
1088 4443 1340 4515 θεότητος
1370 4445 1729 4499 ὲνυπόστατον
1756 4446 1913 4516 ῐσμεν
1932 4462 1946 4477 ⁸

334 4544 413 4599 ὲν
441 4540 586 4599 ταῖς
615 4535 763 4605 τρισὶ
791 4534 901 4604 γάρ
924 4535 1072 4588 ἐστιν
1121 4535 1457 4589 ὑποστάσεσι
1482 4552 1498 4567 ο
1555 4536 1652 4590 καὶ
1714 4537 1951 4608 ἑκάστην

332 4631 471 4688 τῶν
508 4626 872 4682 ὑποστάσεων
910 4624 1172 4692 ὡσαύτως
1223 4626 1487 4681 ὲνούσιον.
1535 4628 1627 4681 Ἐν
1676 4630 1744 4698 τῇ
1793 4629 1952 4699 οὐσίᾳ

334 4725 471 4795 γὰρ
506 4712 684 4774 αὗται
720 4715 936 4770 τελοῦσι
957 4717 1058 4788 τῆς
1082 4717 1247 4785 ἁγίας
1282 4719 1675 4789 θεότητος,καὶ
1726 4720 1821 4773 ἐπὶ
1852 4723 1951 4792 τῆς

329 4813 627 4889 ἀῤῥήτου
654 4809 748 4863 καὶ
775 4808 950 4865 πάντα
994 4809 1117 4863 νοῦν
1144 4811 1546 4881 ὑπερκειμένης
1586 4811 1680 4864 τοῦ
1744 4811 1950 4883 Κυρίου

328 4901 721 4973 οἰκονομίας,
746 4901 987 4954 ἔνούσιον
1019 4900 1122 4972 μέν
1156 4918 1338 4974 φαμεν
1376 4901 1478 4974 τὴν
1515 4903 1834 4971 ὑπόστασιν,
1877 4904 1953 4968 ὡς

327 5000 405 5054 δν
442 4996 597 5056 ταῖς
617 4992 826 5056 οὐσίαις
847 4990 1131 5057 τελοῦσαν,
1150 4991 1209 5059 ἐξ
1235 4986 1312 5046 ὦν
1337 4994 1433 5048 καὶ
1461 4994 1818 5059 συντέθειται,
1866 4994 1953 5049 ἐν·

330 5089 692 5147 υπόστατον
707 5085 764 5138 δὲ
790 5084 1029 5156 ἑκάστην
1050 5084 1162 5139 τῶν
1182 5085 1378 5141 οὐσιὶἶιν
1406 5086 1571 5142 αὐτοῦ
1591 5102 1607 5116 ο
1642 5087 1824 5157 ἔχουσι
1847 5086 1954 5158 γὰρ

326 5179 571 5250 κοινὴν
602 5175 702 5247 τὴν
742 5176 870 5246 μίαν
901 5174 1063 5230 αὐτοῦ
1090 5176 1410 5241 ὑπόστασιν,
1438 5179 1473 5247 ἡ
1514 5177 1613 5247 μὲν
1646 5175 1837 5246 eadm;
1862 5176 1958 5237 ag-

323 5272 479 5339 τοῦ,
516 5265 744 5337 ἀῖδίως,
772 5265 909 5321 καθὸ
923 5266 1018 5325 καὶ
1046 5265 1144 5338 τὴν
1173 5264 1266 5320 τοῦ
1296 5267 1509 5338 Πατρὸς
1536 5267 1633 5333 καὶ
1664 5267 1758 5325 τοῦ
1788 5265 1958 5329 [ἐνεύ-

2056 4447 2319 4516 stantia),
2342 4446 2438 4505 sed
2462 4447 2695 4506 dicimus
2719 4448 2773 4502 in
2799 4446 3107 4502 substantia
3129 4460 3253 4502 esse
3276 4447 3493 4517 quidem
3518 4448 3620 4520 hy-

2057 4536 2318 4607 postasim
2345 4576 2361 4601 ,
2397 4544 2453 4592 et
2481 4537 2535 4591 in
2569 4536 2849 4608 hypostasi
2883 4536 3272 4592 substantiam.
3321 4537 3625 4595 Enimvero

2058 4627 2428 4683 substantiam
2478 4637 2689 4685 sanctae
2724 4627 3035 4683 divinitatis
3065 4644 3188 4683 esse
3217 4629 3619 4696 ὲνυπόστατον,

2058 4719 2266 4776 scimus
2298 4717 2465 4788 (nam
2522 4720 2578 4774 in
2612 4719 2788 4775 tribus
2826 4720 3217 4791 hypostasibus
3267 4721 3523 4793 exsistit)
3566 4729 3624 4779 et

2058 4822 2504 4879 unamquamque
2540 4811 2881 4882 bypostasim
2911 4812 3166 4867 similiter
3193 4812 3433 4867 ὲνούσιον
3456 4852 3472 4878 ,
3522 4828 3623 4869 seu

2058 4902 2115 4957 id
2143 4903 2288 4969 quod
2321 4903 2376 4956 in
2407 4902 2716 4957 substantia
2747 4913 2832 4959 est
2860 4921 2873 4957 :
2910 4904 2966 4957 in
3001 4910 3205 4959 sanctae
3235 4904 3507 4974 siquidem
3538 4904 3626 4958 di-

2056 4995 2308 5051 vinitatis
2335 4995 2645 5050 substantia
2679 5003 2808 5051 sunt
2837 4998 2920 5050 ba:
2950 5003 3062 5050 tres
3098 4994 3444 5065 bypostases.
3478 4994 3625 5048 Cone

2060 5084 2316 5141 similiter
2342 5085 2399 5139 in
2432 5085 2825 5151 inenarrabili,
2860 5100 3092 5157 qunque
3128 5099 3347 5140 omnem
3386 5091 3623 5138 mentem

2062 5181 2386 5245 exsuperat,
2430 5175 2814 5234 incarnatione
2858 5176 3107 5241 Domini,
3149 5175 3489 5245 bypostasim
3535 5174 3626 5228 di-

2064 5265 2244 5323 cimus
2277 5269 2546 5335 enusion,
2579 5270 2696 5325 sive
2728 5275 2891 5339 prout
2922 5267 3143 5324 exsistit
3174 5266 3229 5320 in
3263 5264 3622 5331 substantiis,

1663 5379 1901 5437 VARIE
1942 5376 2345 5434 LEC'HONES.

416 5472 453 5545 τι
497 5473 755 5545 Interpr.
784 5465 951 5522 Arab.
978 5468 1180 5540 legisse
1202 5469 1437 5538 videtur,
1472 5473 1565 5529 καὶ
1590 5471 1751 5537 ἔσται
1786 5473 1943 5545 σῶμα
1996 5471 2258 5543 ἔμψυχον,
2309 5471 2475 5540 ψυχή’
2523 5482 2571 5527 et
2635 5472 2734 5526 erit
2800 5488 2991 5541 corpus
3051 5472 3344 5527 animatum
3405 5473 3622 5534 animm.

326 5558 363 5589 ο
399 5534 740 5607 Superﬂua
765 5550 890 5589 vox.
