3980 6140
436 278 577 346 1443

1610 273 1670 331 S.
1711 270 2031 331 JOANNIS
2056 270 2482 333 DAMASCENI

3539 277 3691 342 1444

431 406 498 445 ex
531 391 735 461 quibus
759 388 1067 459 composita
1086 393 1172 442 est
1198 404 1213 439 :
1244 398 1694 453 unamquamque
1720 398 1848 437 vero
1874 381 2009 437 sub-

2126 399 2288 451 ματος
2307 400 2320 412 ·
2350 386 2383 453 ἡ
2413 384 2470 437 δὲ
2497 383 2737 454 ἔμψυχος
2779 385 2874 439 καὶ
2902 385 3097 458 λογικὴ
3138 382 3303 438 αὑτοῦ
3351 383 3515 456 σὰρξ,
3570 404 3701 439 ταυ-

435 480 762 534 stantiarum
794 476 915 546 ejus
939 515 954 539 ,
986 473 1354 527 ὲνυπόστατον
1375 511 1390 535 ,
1441 472 1549 525 hoc
1582 478 1669 525 est
1722 471 1776 523 in
1829 470 2003 540 hypo-

435 576 573 632 stasi
603 588 747 629 csse.
781 569 998 623 [labent
1042 567 1187 621 enim
1240 579 1593 620 communem
1646 578 1811 617 unam
1861 562 2011 617 illius

434 665 778 738 hypostasim
810 680 825 715 :
851 672 909 716 ut
935 661 1202 715 divinitas
1231 658 1478 727 quidem,
1512 655 1639 710 Filii
1667 652 2011 727 bypostasim

434 769 638 814 aeterne
681 756 878 809 habeat
901 793 916 819 ,
948 750 1408 822 quemadmodum
1442 758 1499 802 et
1532 747 1710 801 Patris
1739 753 1793 800 et
1836 744 2011 813 Spiri-

436 859 525 904 tus
557 850 881 919 hypostases
909 862 923 912 ;
955 858 1088 897 caro
1114 856 1246 895 vero
1275 841 1396 909 ejus
1429 839 1671 893 animata
1699 845 1754 891 et
1782 836 2015 890 rationis

433 941 733 1010 particeps,
763 951 857 991 seu
888 932 1034 1004 quod
1066 932 1208 985 idem
1243 939 1357 993 est,
1418 927 1786 983 humanitatis
1813 929 2009 997 ipsius,

2114 475 2207 527 τὸν
2234 475 2299 544 δὴ
2326 478 2524 540 εἰπεῖν,
2553 480 2585 546 ἡ
2619 476 2726 550 [εὐ]
2756 479 3113 549 ἀνθρωπότης
3136 477 3299 532 αὑτοῦ
3355 481 3696 549 προσφάτως

2117 566 2175 616 ὲν
2227 567 2364 637 αὐτῇ
2427 568 2733 629 ὑποστᾶσα.
2783 575 2879 622 καὶ
2923 571 3092 639 αὐτὴν
3128 569 3525 640 κληρωσαμένη
3560 571 3701 623 ὑπό-

2121 672 2330 708 στασιν.
2391 658 2580 720 Οὖτως
2623 658 2747 712 οὔτε
2799 660 3195 725 ἀνυπόστατος,
3239 659 3350 711 οὐθ’
3388 660 3548 729 ἑτέρα
3586 661 3699 711 τῶν

2119 745 2214 798 τοῦ
2254 748 2493 816 Χριστοῦ
2525 748 2740 816 φύσεων
2770 750 2938 814 ἐστιν,
2971 750 3096 802 οὔτε
3121 751 3327 819 ἑκάστη
3358 749 3479 802 καθ’
3517 749 3694 820 αὐτὴν

2117 835 2417 893 ὑπόστασιν
2447 827 2730 907 κέκτηται,
2759 837 2897 892 ἀλλὰ
2920 838 3019 910 τὴν
3059 840 3229 911 αὐτὴν
3269 839 3365 893 καὶ
3415 838 3545 907 μίαν
3586 840 3700 908 ἅμ-

2117 926 2350 997 φότερα·

434 1042 691 1087 recenter
740 1030 796 1083 in
848 1042 912 1082 ea
962 1025 1266 1087 subsistat,
1316 1038 1551 1093 eamque
1592 1023 1696 1077 sibi
1742 1029 1907 1093 nacta
1951 1021 2024 1075 sit
2058 1022 2427 1092 hypostasim.
2477 1024 2598 1091 Quo
2629 1025 2687 1080 ﬁt
2717 1033 2776 1080 ut
2810 1012 3004 1081 neutra
3042 1041 3112 1082 ex
3186 1024 3396 1084 Christi
3470 1030 3695 1085 naturis

434 1123 718 1195 hypostasi
754 1127 979 1183 careat,
1016 1131 1120 1171 nec
1160 1115 1418 1184 quaelibet
1461 1130 1652 1169 carum
1704 1129 1802 1183 per
1846 1121 2018 1167 semet
2055 1113 2359 1182 subsistat,
2387 1117 2485 1170 sed
2511 1116 2686 1171 ambae
2750 1132 2913 1171 unam
2968 1118 3323 1189 eamdemque
3352 1121 3694 1191 hypostasim

437 1216 695 1269 habeant.

507 1306 596 1360 15.
632 1304 845 1369 Quibus
873 1302 956 1356 sic
987 1300 1348 1370 praestitutis,
1401 1297 1467 1350 ad
1518 1296 1884 1367 quaestionem
1930 1309 2020 1348 ve-

2194 1299 2282 1361 ιγ’.
2350 1293 2568 1347 Τούτων
2618 1291 2763 1349 οὕτω
2800 1295 3302 1366 προδιωρισμένων,
3336 1297 3429 1349 ἐπὶ
3486 1298 3547 1349 τὸ
3594 1297 3696 1369 ζ’ηὸ

434 1395 676 1450 niamus.
728 1392 1003 1458 Quaeritur
1061 1406 1224 1461 ergo,
1285 1392 1431 1445 sitne
1488 1387 1749 1443 Christus
1807 1394 2021 1442 naturae

2126 1387 2384 1456 τούμενον
2411 1388 2687 1458 ἔλθωμενο
2720 1389 2879 1442 τοῦτο
2919 1390 2976 1442 δέ
3013 1393 3162 1442 ἐστιν
3189 1405 3202 1419 ·
3261 1393 3308 1443 εί
3357 1391 3449 1445 δύο
3500 1392 3697 1460 φύσεις

436 1487 560 1540 duae
589 1490 644 1537 et
670 1483 724 1535 in
759 1481 975 1535 duabus
1005 1481 1218 1534 naturis
1240 1518 1254 1544 ,
1285 1494 1352 1532 an
1387 1494 1493 1532 una
1526 1487 1738 1533 tantum
1762 1518 1776 1542 ,
1807 1487 1865 1531 ut
1895 1490 2022 1546 pro-

2126 1479 2268 1530 ἐστὶν
2300 1481 2328 1531 ό
2359 1480 2616 1548 Χριστὸς,
2648 1479 2742 1532 καὶ
2771 1481 2829 1533 ἐν
2863 1481 2982 1533 δυσὶ
3017 1479 3263 1548 φύσεσιν,
3301 1480 3332 1551 ἢ
3379 1470 3495 1550 μίας
3549 1482 3696 1535 καθὰ

436 1576 654 1645 digiose
690 1572 913 1639 ﬁngitis.
961 1572 1232 1637 Quocirca
1285 1584 1466 1638 operae
1512 1569 1747 1638 pretium
1795 1576 1913 1633 est,
1956 1568 2022 1622 de

2126 1568 2475 1637 τερατεύεσθε
2498 1585 2511 1598 ·
2542 1571 2649 1640 χρὴ
2677 1569 2967 1640 τοιγαροῦν
2991 1570 3081 1622 τὸν
3106 1569 3233 1639 περί
3253 1588 3400 1633 τινος
3440 1570 3715 1638 συλλογιπ

435 1668 622 1735 aliquo
648 1663 1058 1733 disputantem,
1091 1676 1158 1715 ex
1187 1660 1579 1715 communibus
1622 1659 1877 1728 verisque
1922 1673 2021 1712 uo-

2126 1659 2349 1729 ζόμενον
2367 1662 2431 1713 ὲκ
2456 1662 2654 1716 κοινῶν
2678 1662 2772 1714 καὶ
2819 1661 3039 1732 ἀληθῶν
3084 1661 3303 1716 ὲννοιῶν
3326 1678 3341 1693 ο
3368 1662 3588 1731 ,κοινῶν
3642 1661 3704 1714 δὲ

435 1757 683 1812 tionibus
738 1754 1050 1825 principia,
1105 1762 1203 1806 seu
1261 1750 1672 1819 propositiones
1725 1750 2017 1805 conﬁcere.

436 1848 772 1903 Communes
805 1858 974 1913 porro
1002 1841 1127 1896 dico
1148 1881 1161 1907 ,
1199 1855 1322 1909 quae
1355 1855 1385 1893 a
1421 1839 1852 1909 sapientioribus
1892 1844 2022 1894 sunt

437 1950 737 1992 concessas.
778 1933 870 1988 Sic
904 1933 1050 1989 enim
1082 1930 1339 1994 efﬁcitur,
1387 1938 1448 1985 ut
1493 1932 1547 1985 id
1598 1929 1746 2000 quod
1788 1929 2018 1995 texitur,

437 2026 846 2099 argumentatio
877 2026 986 2091 sit,
1019 2030 1074 2079 et
1103 2038 1213 2077 non
1244 2023 1465 2077 fallacia
1494 2039 1509 2089 ;
1547 2036 1676 2077 vera
1710 2020 2018 2086 conclusio,

437 2132 549 2172 non
580 2113 843 2170 absurda.
946 2128 950 2133 ‘

510 2204 601 2258 14.
638 2203 811 2273 Igitur
847 2199 1103 2256 confessa
1140 2213 1231 2255 res
1269 2206 1355 2255 est
1384 2198 1531 2269 apud
1565 2212 1757 2254 omnes
1792 2208 2018 2254 sanctos

436 2294 664 2360 Patres,
691 2309 759 2350 ex
808 2293 1097 2349 divinitate
1134 2300 1189 2347 et
1220 2292 1559 2347 humanitate
1603 2291 1801 2347 factam
1847 2291 2022 2348 fuisse

436 2387 739 2450 unionem,
773 2383 1168 2452 Christumque
1220 2398 1345 2439 esse
1393 2383 1451 2437 in
1499 2383 1786 2438 divinitate
1839 2382 2023 2453 perfe-

439 2487 625 2542 ctum,
654 2484 710 2533 et
737 2476 988 2532 eumdem
1022 2474 1328 2545 perfectum
1376 2474 1432 2528 in
1481 2475 1861 2539 humanitate,
1899 2490 2023 2544 qua:

439 2571 593 2628 nulla
622 2570 711 2624 sui
744 2576 900 2638 parte
928 2566 1243 2621 deﬁciatur.
1285 2565 1489 2621 Dicatis
1518 2580 1646 2635 ergo
1675 2565 1856 2631 nobis,
1888 2581 2019 2620 num

440 2661 559 2717 haec
587 2654 940 2714 etiam'vobis
970 2654 1298 2709 arrideant?
1343 2654 1487 2709 idem
1533 2659 1695 2724 plane
1742 2670 1840 2710 vos
1886 2670 2022 2710 con-

441 2750 690 2806 fessuros
733 2752 888 2817 puto.
950 2741 1248 2805 Jamvero,
1280 2742 1543 2812 quidnam
1592 2752 1677 2799 est
1721 2744 2022 2800 divinitas?

442 2839 576 2912 quid
604 2853 831 2894 rursum
859 2834 1219 2890 humanitas?
1250 2834 1559 2889 substantia
1579 2875 1594 2899 ,
1622 2851 1691 2889 an
1725 2836 2022 2891 accidens?

440 2939 663 2994 natura,
697 2944 767 2983 an
803 2923 1161 2998 hypostasis?
1200 2924 1387 2990 credo,
1422 2924 1618 2979 dicetis
1648 2927 2016 2980 substantiam

2118 1753 2260 1821 λέγω
2288 1754 2396 1807 τῶν
2420 1754 2552 1825 παρ’
2585 1755 2918 1826 ἀμφοτέροις
2948 1754 3386 1824 ὡμολογημένων
3421 1771 3434 1784 ·
3465 1754 3566 1818 τὰς
3595 1755 3707 1823 ἀρ-

2119 1843 2243 1912 χὰς,
2267 1843 2506 1912 ἤτοιτάς
2540 1843 2835 1915 προτάσεις
2860 1843 3158 1900 ποιεῖσθαι.
3220 1843 3378 1898 Οὕτω
3414 1846 3528 1914 γὰρ
3567 1845 3705 1898 συλ-

2118 1931 2401 2002 λογισμὸς,
2437 1934 2533 1986 καὶ
2558 1933 2622 1986 οὐ
2653 1933 3069 2003 παραλογισμδς
3115 1934 3179 1987 τὸ
3213 1932 3552 2005 πλεκόμενον
3583 1937 3700 2007 εἴη,

2118 2022 2181 2074 τό
2202 2039 2261 2075 τε
2291 2025 2663 2094 συμπέρασμα
2692 2023 2888 2096 ἀληθὲς
2916 2025 3010 2079 καὶ
3043 2024 3143 2078 οὐκ
3174 2025 3398 2079 ἄτοπον.

2194 2197 2280 2251 ιδ’,
2354 2198 2713 2269 Ὧμολόγηται
2759 2199 2940 2253 τοίνυν
2983 2200 3112 2270 παρ’
3168 2201 3343 2255 ἀπασι
3372 2202 3486 2264 τοῖς
3518 2199 3700 2268 ἁγίοις

2119 2289 2393 2362 Πατράσιν
2423 2290 2487 2342 ὲκ
2523 2288 2775 2360 θεότητος
2805 2292 2899 2344 καὶ
2922 2290 3342 2362 ἀνθρωπότητος
3363 2293 3697 2362 γεγενῆσθαι

2121 2381 2222 2449 τὴν
2255 2380 2471 2444 ἕνωσιν,
2502 2381 2596 2433 κα)⁸
2620 2378 2712 2433 τὸν
2732 2379 2969 2450 Χριστὸν
3001 2380 3060 2432 ὲν
3096 2379 3311 2449 θεότητι
3342 2379 3573 2445 τέλειον,
3596 2381 3696 2435 καὶ

2115 2471 2325 2524 τέλειον
2376 2471 2471 2524 καὶ¹
2512 2470 2771 2541 ἀνελλιπῆ
2837 2471 2929 2523 τὸν
2960 2468 3123 2525 αὑτὸν
3183 2472 3241 2523 ὲν
3290 2469 3695 2541 ἀνθρωπότητι.

2118 2562 2321 2616 Εἴπατε
2350 2563 2527 2617 τοίνυν
2552 2564 2687 2633 ἡμῖν
2706 2576 2720 2592 ⁶
2752 2562 2847 2616 καὶ
2870 2563 3000 2632 ὑμῖν
3029 2562 3200 2614 ταῦτα
3230 2560 3415 2627 δοκεῖ;
3466 2579 3695 2633 συνομο-

2118 2650 2400 2721 λογήσετε,
2431 2648 2506 2712 ὥς
2535 2649 2601 2718 γέ
2637 2667 2726 2720 μοι
2751 2649 2917 2703 δοκεῖ.
2946 2648 3010 2701 Τί
3035 2649 3090 2701 δὲ
3131 2647 3343 2717 θεότης,
3376 2649 3472 2702 καὶ
3510 2650 3561 2702 τί
3593 2650 3693 2702 ἀν-

2121 2742 2444 2812 θρωπότης;
2470 2740 2651 2803 οὐσία,
2685 2740 2718 2811 ἢ
2757 2740 3140 2810 συμὸεϐηκός;
3184 2739 3349 2808 φύσις
3388 2739 3423 2810 ἢ
3455 2739 3699 2793 ὑπόστα-

2121 2849 2233 2898 σις;
2276 2826 2445 2901 Οἶμαι
2468 2830 2655 2884 οὐσίαν
2680 2831 2775 2883 καὶ
2806 2829 2968 2897 φύσιν
3022 2831 3167 2900 ὑμᾶς
3203 2832 3352 2900 ἐρεῖν
3377 2846 3393 2860 ⁶
3447 2831 3530 2883 ὃτι
3588 2832 3699 2901 μὲν

2120 2926 2228 2995 γὰρ
2276 2924 2337 2976 οὐ
2388 2921 2734 2993 συμϐεϐηκὸς
2771 2922 2935 2977 παντί
2970 2936 3070 2974 που
3125 2920 3282 2990 δῆλον
3307 2937 3322 2950 ·
3382 2922 3466 2974 ὅτι
3493 2921 3549 2974 δὲ
3578 2918 3701 2975 οὐδ’

428 3032 498 3080 εει
528 3031 807 3079 naturam.
842 3017 977 3071 Nam
1010 3014 1159 3084 quod
1194 3023 1454 3069 neutrum
1485 3017 1557 3073 sit
1590 3018 1849 3073 accidens
1872 3054 1887 3081 ,
1916 3032 2018 3070 ne»

2126 3016 2437 3077 ὑπόστασις,
2472 3011 2669 3074 ἱκανῶς
2697 3012 2754 3063 ὲν
2793 3014 2908 3074 τοῖς
2935 3010 3245 3083 ἔμπροσθεν
3293 3012 3694 3068 ἀποδέδεικται.

442 3114 581 3170 mini
620 3125 729 3166 non
767 3106 1118 3163 manifestum
1153 3114 1259 3162 cst.
1295 3106 1454 3171 Quod
1487 3114 1670 3162 autem
1708 3121 1808 3160 nec
1844 3106 2018 3175 hypoc

443 3204 618 3263 stasis
656 3205 765 3266 sit,
804 3200 942 3255 satis
993 3198 1227 3252 antehac
1275 3206 1561 3252 ostensum
1612 3196 1735 3250 fuit.
1788 3194 1922 3248 Nam
1970 3195 2018 3249 si

443 3309 646 3351 nomen
675 3289 982 3346 divinitatis
1003 3325 1018 3352 ,
1045 3296 1100 3342 et
1130 3300 1331 3341 nomen
1377 3284 1733 3339 humanitatis
1763 3285 2019 3355 hyposta-

445 3387 548 3441 sim
585 3381 903 3452 signiﬁcant
923 3419 938 3445 ,
974 3378 1165 3433 dicere
1194 3375 1377 3446 possis
1410 3382 1523 3429 tres
1552 3375 1867 3429 divinitates
1892 3387 2021 3443 pro-

445 3488 568 3548 pter
597 3481 710 3526 tres
745 3472 1093 3541 hypostases,
1143 3475 1309 3535 atque
1348 3464 1592 3520 inﬁnitas
1634 3464 2017 3525 humanitates,

444 3576 670 3639 propter
688 3562 961 3617 inﬁnitam
990 3558 1372 3631 hypostasium
1400 3556 1808 3611 multitudinem
1827 3598 1841 3619 ,
1859 3555 2016 3627 401

446 3666 543 3714 aut
592 3655 933 3727 hypostasim
980 3653 1035 3707 in
1084 3649 1505 3722 hypostasibus.
1530 3664 1673 3703 esse.
1726 3648 1841 3702 lloc
1890 3662 2021 3701 vero

447 3748 572 3818 quis
593 3785 608 3810 ,
639 3761 744 3800 non
778 3745 997 3812 sapiens
1026 3743 1255 3807 dixero,
1293 3740 1386 3796 sed
1419 3739 1502 3794 vel
1549 3739 1697 3792 laevae
1726 3736 2018 3791 admodum

449 3835 653 3891 mentis
675 3874 692 3900 ,
725 3834 941 3887 eﬁutire
973 3848 1213 3902 unquam
1247 3847 1417 3887 ausus
1454 3830 1546 3886 sit.
1582 3827 1847 3883 Naturam
1885 3841 2019 3895 ergo

450 3925 747 3995 signiﬁcat,
784 3937 908 3975 cum
947 3936 1144 3975 nomen
1173 3921 1477 3975 divinitatis
1498 3959 1514 3984 ,
1547 3930 1660 3973 tttm
1691 3932 1888 3972 nomen
1918 3916 2023 3968 hu-

450 4013 757 4068 manitatis.
795 4010 1068 4064 liivinitas
1103 4011 1273 4080 igitur
1314 4017 1369 4065 et
1397 4009 1717 4063 humanitas
1760 4005 2024 4075 numquid

450 4120 561 4161 una
593 4111 790 4157 natura
821 4107 987 4164 sunt,
1023 4114 1133 4153 non
1170 4098 1298 4152 dico
1349 4098 1405 4150 in
1442 4096 1696 4158 Christo,
1730 4095 1827 4150 sed
1862 4096 2026 4151 abso-

450 4195 610 4251 lute?
644 4209 808 4248 nemo
854 4190 963 4245 nisi
1017 4203 1210 4243 amens
1259 4187 1365 4252 sit,
1418 4186 1621 4242 dixerit
1672 4201 1837 4240 unam
1875 4201 2023 4242 esse.

450 4285 811 4355 Nequaquam
843 4283 989 4337 enim
1023 4289 1280 4335 creatura
1319 4278 1463 4333 idem
1496 4286 1580 4333 est
1609 4292 1735 4332 cum
1774 4277 2026 4333 increato

453 4385 508 4432 ct
537 4376 798 4431 Creatore
819 4415 835 4440 ,
871 4386 1048 4440 neque
1078 4385 1281 4440 corpus
1308 4384 1432 4423 cum
1462 4368 1818 4439 incorporeo,
1851 4382 2031 4438 neque

455 4468 588 4523 illud
619 4465 767 4535 quod
798 4462 1040 4531 incepit,
1076 4476 1200 4515 cum
1235 4475 1300 4515 eo
1334 4459 1482 4529 quod
1529 4457 1788 4528 principii
1813 4472 2032 4526 .expers

454 4565 561 4613 est.
594 4557 786 4623 Itaque
812 4551 920 4607 alia
950 4558 1038 4606 est
1063 4561 1265 4604 natura
1290 4547 1598 4603 divinitatis
1623 4587 1639 4613 ,
1672 4547 2032 4602 humanitatis

457 4648 587 4709 alia,
627 4652 867 4714 suntque
900 4651 1111 4697 natura:
1135 4642 1277 4697 duae.
1303 4640 1440 4696 Cum
1465 4655 1596 4711 ergo
1620 4638 1874 4696 Christus
1896 4654 2032 4694 con-

458 4745 564 4794 stet
594 4736 885 4790 divinitate
916 4743 970 4789 et
1002 4734 1346 4789 humanitate
1368 4772 1384 4797 ,
1433 4748 1501 4788 ex
1551 4732 1769 4787 duabus
1815 4732 2030 4786 naturis

456 4836 565 4883 est.
594 4826 963 4892 Quamobrem
991 4827 1037 4881 si
1076 4826 1360 4879 Christum
1397 4840 1465 4879 ex
1504 4823 1797 4878 divinitate
1836 4831 1889 4878 et
1928 4823 2031 4877 hu-

459 4918 727 4973 manitate
776 4932 901 4972 esse
944 4916 1316 4985 proﬁtemini,
1365 4915 1527 4971 velim
1578 4916 1778 4970 dicatis
1829 4914 2030 4969 nobis:

460 5011 614 5065 Istaec
647 5008 760 5063 duo
783 5048 798 5074 ,
829 5007 1092 5061 divinitas
1126 5007 1338 5062 scilicet
1371 5013 1425 5060 et
1459 5008 1809 5070 humanitas,
1834 5014 2035 5061 suntne

460 5103 515 5156 in
546 5103 768 5157 Christo
787 5141 803 5167 ,
839 5112 1019 5154 annon
1041 5098 1064 5151 ?
1089 5096 1330 5151 Omnino
1362 5099 1712 5163 concedetis,
1741 5098 1847 5153 nisi
1877 5099 2034 5167 peni—

462 5201 552 5246 tus
587 5192 742 5263 impii
771 5205 895 5246 esse
927 5188 1128 5244 velitis.
1160 5188 1398 5253 Quinam
1430 5189 1599 5259 igitur
1624 5204 1734 5244 non
1761 5189 1946 5244 dicitis
1976 5189 2032 5243 in

463 5281 687 5339 Christo
728 5290 960 5337 naturas
990 5281 1182 5336 duas?
1226 5278 1282 5332 Si
1323 5279 1468 5333 enim
1510 5278 1835 5334 afﬁrmando
1864 5278 2032 5334 Chri-

466 5378 611 5427 stum
660 5388 725 5428 ex
779 5372 1073 5428 divinitate
1128 5378 1185 5427 et
1232 5371 1570 5426 humanitate
1618 5376 1905 5432 constare,
1964 5385 2032 5426 ex

2119 3107 2183 3158 Et
2230 3106 2338 3175 γὰρ
2395 3103 2691 3157 ὑπόστασιν
2716 3102 2778 3155 τὸ
2824 3104 2928 3174 τῆς
2972 3100 3225 3173 θεότητος
3258 3102 3357 3156 καὶ
3384 3104 3447 3155 τὸ
3468 3102 3571 3171 τῆς
3597 3104 3698 3157 ἀνω

2119 3195 2469 3264 θρωπότητος
2495 3192 2855 3264 σημαίνουσιν
2883 3191 3146 3263 ὀνόματα,
3189 3192 3309 3262 ὥρα
3371 3210 3453 3246 σοι
3515 3193 3699 3261 λέγειν

2119 3285 2215 3338 καὶ
2242 3284 2392 3356 τρεῖς
2422 3284 2685 3355 θεότητας
2715 3283 2804 3337 διὰ
2858 3283 2920 3336 τὸ
2969 3283 3245 3355 τριαδικὸν
3306 3283 3417 3337 τῶν
3452 3284 3695 3339 ὑποστά-

2122 3391 2280 3438 σεων,
2317 3374 2410 3426 καὶ
2439 3375 2702 3443 ἀπείρους
2724 3374 2826 3437 τὰς
2854 3372 3305 3444 ἀνθρωπότητας,
3334 3373 3422 3426 διὰ
3466 3374 3525 3427 τὸ
3579 3372 3694 3426 τῶν

2121 3468 2475 3520 ὑποστάσεων
2506 3468 2752 3534 ἄπειρον,
2782 3467 2814 3536 ἢ
2850 3465 3149 3519 ὑπόστασιν
3205 3470 3264 3520 ὲν
3302 3467 3691 3530 ὑποστάσεσιν,

2120 3560 2149 3612 ὃ
2169 3561 2271 3624 τίς,
2294 3561 2414 3629 οὐχὶ
2446 3560 2629 3627 σοφὸς,
2653 3559 2787 3613 ἀλλά
2810 3560 2902 3612 καὶ
2931 3558 3054 3611 λίαν
3086 3559 3275 3622 σκαιὸς
3305 3560 3402 3630 τὴν
3432 3559 3696 3626 διάνοιαν,

2121 3652 2267 3722 ἐρεῖν
2297 3652 2598 3721 τετόλμηκε
2633 3650 2853 3705 πώποτε
2879 3666 2893 3716 ;
2937 3652 3097 3703 Ἔστι
3139 3649 3319 3703 τοίνυν
3349 3649 3565 3719 φύσεως
3594 3666 3701 3721 ση-

2125 3743 2387 3813 μαντικὸν
2431 3743 2659 3796 ἕκαστον
2684 3783 2699 3808 ,
2731 3742 2792 3795 τό
2820 3756 2879 3794 τε
2917 3741 3021 3812 τῆς
3054 3741 3305 3812 Θεότητος
3331 3742 3554 3812 δηλαδὴ,
3595 3741 3701 3794 καὶ

2122 3834 2183 3886 τὸ
2209 3835 2307 3903 τῆς
2334 3833 2754 3905 ἀνθρωπότητος
2782 3834 2972 3903 ὄνομα.
3010 3832 3207 3899 Θεότης
3247 3833 3429 3884 τοίνυν
3462 3832 3557 3885 καὶ
3586 3833 3699 3885 ἀν-

2125 3924 2412 3995 θρωπότης
2458 3924 2555 3995 μία
2593 3924 2754 3992 φύσις
2803 3925 2953 3975 ἐστὶν
2981 3965 2996 3991 ,
3045 3922 3141 3975 οὐκ
3191 3923 3282 3973 ἐπὶ
3335 3920 3427 3974 τοῦ
3472 3920 3697 3991 Κυρίου

2125 4016 2290 4085 φημὶ,
2323 4015 2437 4068 ἀλλ’
2476 4014 2793 4081 ἁπολύτως;
2829 4015 2944 4069 Οὐκ
2982 4016 3099 4086 ἐρεῖ
3120 4030 3200 4077 τις
3235 4011 3309 4081 μὴ
3337 4011 3701 4082 μαινόμενος,

2126 4115 2186 4166 οὐ
2220 4107 2280 4160 τὺ
2305 4106 2522 4161 κτιστὸν
2551 4106 2629 4176 τῷ
2674 4107 2915 4175 ἀκτίστῳ
2957 4107 3054 4159 καὶ
3102 4106 3294 4174 κτίστῃ
3344 4103 3462 4156 κατ’
3502 4103 3705 4160 οὐσίαν

2127 4197 2344 4262 ταύτὸν,
2367 4197 2487 4251 οὐδὲ
2512 4197 2573 4250 τὸ
2604 4197 2764 4267 σῶμα
2782 4196 2861 4267 τῷ
2888 4196 3185 4266 ἀσωμάτῳ,
3220 4194 3342 4247 οὐδὲ
3372 4195 3430 4247 τὸ
3456 4192 3475 4232 τ
3501 4230 3517 4247 .
3538 4233 3553 4245 .
3575 4231 3622 4247 ..
3644 4232 3660 4247 .
3682 4233 3701 4248 .

2132 4289 2209 4358 τῷ
2244 4289 2489 4359 ἀνάρχῳ,
2513 4288 2683 4357 Ἀλλη
2711 4288 2875 4358 φύσις
2910 4287 3004 4341 οὖν
3032 4289 3146 4339 ἐστι
3174 4287 3274 4356 τῆς
3306 4284 3579 4354 θεότητος,
3605 4285 3706 4338 καὶ

2132 4378 2293 4450 ἑτέρα
2327 4379 2424 4449 τῆς
2460 4378 2897 4449 ἀνθρωπότητος,
2929 4378 3021 4431 καὶ
3054 4376 3149 4430 δύο
3184 4374 3375 4445 φύσεις
3411 4376 3566 4429 εἰσίν.
3606 4374 3706 4427 Ἐκ

2131 4472 2385 4541 θεότητος
2435 4470 2617 4523 τοίνυν
2653 4471 2748 4524 καὶ
2798 4469 3218 4540 ἁνθρωπότητος
3262 4466 3341 4521 ὣν
3382 4469 3411 4519 ὀ
3444 4464 3703 4535 Χριστὸς.

2131 4562 2196 4615 ἐκ
2218 4560 2313 4614 δύο
2343 4560 2562 4629 φύσεων
2590 4562 2757 4616 ἐστιν.
2783 4560 2846 4612 Εἰ
2870 4555 2962 4613 οὖν
2990 4560 3053 4611 ὲκ
3087 4558 3343 4627 θεότητος
3368 4558 3464 4609 καὶ
3492 4558 3672 4624 ἁνθρω
3692 4589 3707 4595 -

2137 4654 2374 4723 πότητος
2426 4652 2521 4706 καὶ
2571 4653 2636 4704 ἐκ
2679 4651 2773 4704 δύο
2826 4649 3042 4716 φύσεων
3099 4648 3190 4701 τὸν
3224 4646 3457 4718 Χριστὸν
3492 4645 3705 4714 λέγετε,

2137 4742 2330 4795 εἴπατε
2361 4742 2493 4812 ἡμῖν
2518 4756 2531 4771 ⁸
2563 4742 2632 4794 τὰ
2658 4740 2751 4793 δύο
2778 4739 2972 4802 ταῦτα,
3004 4739 3122 4809 ἤτοι
3156 4738 3349 4808 θεότης
3379 4737 3474 4789 καὶ
3502 4735 3715 4805 ἀνθρωι

2137 4835 2307 4904 πότης
2326 4874 2341 4899 ,
2385 4837 2443 4887 ὲν
2475 4834 2554 4904 τῷ
2583 4833 2804 4905 Χριστῷ
2851 4834 2993 4895 εἰσιν
3015 4872 3030 4896 ,
3059 4832 3091 4903 ἢ
3144 4830 3206 4884 οὔ
3233 4845 3248 4897 ;
3294 4830 3713 4900 Καταφὴσοιτε,

2135 4928 2295 4994 εἴπερ
2354 4927 2429 4998 μὴ
2471 4929 2653 4981 τέλεον
2709 4926 2927 4980 ἀσεϐεῖν
2978 4924 3313 4995 αἱρήσοισθε.
3365 4922 3485 4985 Πῶς
3522 4920 3616 4974 οὖν
3645 4920 3741 4995 οὐ.

2135 5017 2229 5071 δύο
2280 5019 2474 5087 φύσεις
2516 5021 2574 5073 ὲν
2612 5018 2690 5089 τῷ
2729 5017 2979 5090 Χριστῷ
3005 5016 3222 5083 λέγετες
3259 5014 3320 5067 Εἰ
3348 5014 3458 5085 γὰρ
3491 5015 3557 5066 ὲκ
3591 5010 3719 5064 θεόιι
3755 5075 3769 5109 Ρ

2137 5124 2301 5178 τητος
2348 5109 2444 5162 καὶ
2485 5107 2907 5175 ἀνθρωπὸτητος
2955 5106 3047 5159 τὸν
3080 5104 3316 5173 Χριστὸν
3362 5103 3619 5169 λέγοντες
3652 5102 3721 5152 ὲκ
3756 5102 3791 5137 ἐ

2138 5195 2231 5249 δύο
2274 5195 2493 5266 φύσεων
2514 5234 2529 5261 ,
2575 5196 2741 5251 αὐτὸν
2770 5197 3079 5267 ὁμολογεῖτε
3102 5233 3118 5259 ,
3152 5194 3247 5248 καὶ
3276 5195 3391 5246 ἴσον
3420 5193 3553 5263 παρ’
3586 5193 3722 5260 ὑμῖν

2137 5287 2362 5342 δύναται
2389 5288 2453 5341 τὸ
2481 5289 2546 5342 ὲκ
2567 5289 2823 5360 θεότητος
2847 5289 2942 5341 καὶ
2969 5286 3390 5357 ἀνθρωπότητος
3408 5283 3490 5353 τῷ
3523 5285 3590 5335 ὲκ
3620 5282 3718 5335 δύο

2139 5376 2379 5446 φύσεων,
2402 5378 2520 5444 πῶς
2546 5378 2776 5451 θεότητα
2804 5378 2898 5434 καὶ
2926 5377 3325 5450 ἀνθρωπότητα
3363 5377 3457 5431 τὸν
3479 5373 3725 5446 Χριστὸν

1742 5523 1984 5581 VA‘RlE
2017 5528 2423 5589 LECTIONES.

545 5635 577 5676 τ’
605 5638 745 5710 Lego
781 5644 1096 5711 ἀργὸμενον.
1130 5641 1297 5697 Turr.
1354 5655 1514 5709 neque
1567 5634 1704 5707 quod
1758 5637 1933 5705 capit.
