3970 6156
373 319 508 388 1445

1556 325 1855 388 CONTRA
1909 325 2328 389 JACOBITAS-

3476 325 3608 392 1446

368 432 621 500 λέγοντες
656 429 749 482 καὶ
798 428 936 499 μετὰ
968 429 1066 500 τὴν
1109 428 1305 484 ἕνωσιν
1326 466 1342 491 ,
1370 428 1468 483 καὶ⁵
1510 431 1568 483 ὲν
1595 430 1811 500 θεότητι
1840 430 1931 483 καὶ

2041 430 2250 487 duabus
2291 437 2506 492 naturis
2552 438 2732 508 ipsum
2787 452 2909 493 esse
2943 437 3320 502 conﬁtemini,
3354 435 3611 506 idemque

370 521 773 591 ἀνθρωπότητι,
802 520 863 572 οὑ
893 519 987 573 δύο
1013 521 1203 589 φύσεις
1226 519 1388 573 αὑτὸν
1417 519 1513 573 καὶ
1542 520 1600 572 ὲν
1624 519 1778 574 δυσὶν
1805 521 1936 589 ὁμο-

370 612 631 682 λογήσετε
666 611 890 679 φύσεσιν
907 628 920 675 ;

2041 524 2189 590 apud
2219 540 2317 579 vos
2358 528 2501 583 valet
2536 543 2603 583 et
2644 528 2937 584 divinitate
2971 537 3028 584 et
3062 529 3418 583 humanitate
3440 516 3611 591 esse,

2042 619 2209 681 atque
2260 629 2327 669 ex
2382 621 2597 675 naturis
2655 620 2915 685 duabus;
2971 635 3181 690 quare,
3243 635 3369 674 cum
3410 617 3612 673 dicatis

370 703 648 759 Christum
679 702 1025 761 divinitatem
1060 696 1570 763 humanitatemque
1608 711 1733 752 esse
1769 695 1933 786 etiam
1957 707 2100 786 post
2129 703 2432 760 unitionem
2455 749 2469 771 ,
2503 716 2668 764 atque
2700 711 2757 762 in
2785 708 3076 764 divinitate
3136 719 3191 763 et
3248 706 3611 786 humanitate,

370 810 479 850 non
519 795 696 864 ipsum
744 793 882 849 duas
925 799 1188 853 naturas,
1238 798 1293 841 et
1335 787 1392 841 in
1434 786 1650 843 duabus
1694 785 1911 840 naturis
1945 782 2249 851 fateamini.

442 907 487 942 ιε
509 929 523 942 .
565 890 629 942 Εἰ
667 888 732 941 οὑ
765 886 961 941 ταύτὸν
995 884 1188 953 Θεότης
1222 881 1317 936 καὶ
1343 880 1702 951 ἀνθρωπότης
1722 918 1737 943 ,
1763 878 1840 941 ὡς
1876 876 1935 928 ὲν

361 981 615 1051 ’ποιότητι
661 979 902 1048 φυσικῇ,
948 975 1079 1028 ἄλλο
1108 973 1164 1027 δὲ
1198 972 1295 1027 καὶ
1345 971 1508 1035 ἄλλο,
1542 971 1727 1040 ἕτερον
1756 968 1814 1021 δὲ
1838 966 1934 1020 καὶ

364 1073 585 1142 ἕτερον,
627 1068 902 1123 σκοπείτω
936 1068 1045 1131 πᾶς
1090 1082 1174 1129 τις
1217 1065 1278 1119 εὖ
1312 1063 1560 1135 φρονῶν,
1605 1063 1654 1115 εί
1691 1060 1752 1114 τὸ
1805 1059 1933 1115 ἄλλο

365 1162 509 1217 κατὰ
548 1160 710 1229 φύσιν
749 1160 844 1212 καὶ
884 1157 1042 1224 ἄλλο,
1091 1158 1149 1210 ἒν
1183 1159 1306 1211 κατ’
1334 1155 1557 1218 οὐσίαν,
1603 1154 1699 1207 καὶ
1739 1153 1798 1205 οὑ
1840 1149 1935 1203 δύο

365 1257 522 1319 είσὶν,
562 1254 611 1307 εί
636 1253 695 1306 δὲ
721 1250 834 1314 δύο,
862 1250 963 1305 καὶ
997 1251 1096 1321 οὑχ
1126 1249 1206 1314 ἒν,
1248 1249 1441 1318 φύσεις
1469 1246 1669 1317 δηλαδή
1690 1262 1704 1276 °
1737 1244 1798 1298 τὸ
1821 1244 1933 1313 γὰρ

365 1347 513 1412 ἄλλο,
559 1346 722 1414 φύσιν
751 1342 932 1414 δηλοῖ,
968 1341 1043 1404 ὡς
1077 1342 1126 1395 οἱ
1160 1341 1290 1410 περὶ
1332 1338 1505 1393 ταῦτα
1545 1337 1700 1405 σοφοὶ
1730 1334 1935 1403 διειλήσ-

365 1455 519 1506 φασι.
553 1435 719 1498 Φύσις
744 1434 801 1488 δὲ
834 1435 929 1487 καὶ
954 1432 1119 1502 φύσις
1150 1432 1249 1502 μία
1282 1430 1451 1492 ἐστὶν,
1485 1430 1517 1500 ἢ
1549 1427 1640 1481 δύο
1666 1445 1682 1494 ;
1709 1427 1812 1479 Δὺο
1839 1426 1943 1495 δῆ-

363 1530 475 1597 λον.
509 1529 626 1583 Μία
656 1526 763 1599 γὰρ
795 1526 891 1580 καὶ
923 1525 1055 1595 μία,
1093 1524 1188 1578 καὶ
1215 1526 1327 1585 τοῖς
1358 1521 1571 1590 νηπίοις
1613 1519 1773 1589 δῆλον
1792 1557 1809 1583 ,
1858 1517 1934 1581 ὡς

363 1620 461 1675 δύο
489 1619 649 1674 είσίν.

436 1802 531 1862 ις’.
573 1797 638 1850 El
664 1793 721 1849 δέ
749 1810 887 1864 φατε
916 1793 984 1847 τὰ
1015 1789 1284 1862 ένοὺμενα
1315 1790 1374 1844 ἓν
1414 1782 1587 1843 εἶναι·
1629 1787 1743 1842 ἀλλ’
1766 1786 1935 1841 ἀκού-

364 1903 532 1950 σατε,
582 1888 665 1940 ὅτι
716 1884 787 1938 τὰ
830 1883 1095 1953 ένοὺμενα
1148 1883 1211 1936 οὑ
1264 1881 1408 1936 κατὰ
1455 1881 1632 1934 πάντα
1679 1879 1738 1931 ἓν
1770 1881 1932 1943 εἰσιν,

363 1972 500 2027 ἀλλὰ
520 1972 655 2026 καθὸ
683 1973 940 2043 ῆνωνται.
967 1972 1030 2025 El
1067 1971 1177 2041 γὰρ
1202 1970 1271 2023 τὰ
1293 1969 1559 2039 ὲνοὺμενα
1588 1968 1729 2023 κατὰ
1759 1968 1937 2022 πάντα

363 2063 423 2117 ἓν
455 2065 593 2117 εἰσιν
616 2103 635 2130 ,
678 2062 867 2133 ἐπειδὴ
922 2062 982 2129 ἐξ
1019 2061 1288 2130 ἀνομοίων
1328 2061 1544 2130 φύσεων
1587 2062 1616 2114 ὁ
1646 2059 1934 2131 ἄνθρωπος

366 2156 671 2224 σύγκειται,
715 2137 929 2226 άνάγιίη
973 2154 1155 2223 λέγειν
1194 2153 1269 2217 ὡς
1298 2152 1445 2223 ψυχὴ
1477 2152 1571 2205 καὶ
1601 2150 1764 2222 σῶμα
1791 2150 1933 2204 κατὰ

363 2247 542 2301 πάντα
572 2247 630 2301 ἓν
657 2249 784 2312 εἰσι,
815 2247 909 2299 καὶ
932 2245 1087 2299 ἔσται
1129 2244 1190 2298 τὸ
1215 2242 1504 2314 ἀσώματον
1533 2243 1714 2312 σῶμα,
1733 2242 1844 2297 ικαὶ
1871 2240 1934 2294 τὸ

365 2338 526 2409 σῶμα
571 2337 862 2408 ἀσώματον
884 2353 897 2367 ο
958 2336 1055 2388 καὶ
1100 2335 1290 2405 ἐπειδὴ
1337 2335 1530 2404 θεότης
1590 2333 1682 2387 καὶ
1721 2332 1934 2402 ἀνθρω-

365 2428 537 2500 πότης
579 2429 852 2499 ἦνωνται,
907 2425 1120 2480 ἔσονται
1174 2424 1232 2478 ἓν
1307 2425 1450 2478 κατὰ
1522 2423 1622 2492 τὴν
1699 2421 1931 2493 οὑσιώδη

365 2520 644 2591 διαφορὰν,
679 2521 775 2594 καὶ
806 2518 839 2590 ἢ
869 2518 931 2572 τὸ
964 2518 1107 2572 θεῖον
1144 2515 1382 2579 κτιστδν,
1427 2515 1461 2584 ἢ
1508 2514 1572 2568 τὸ
1595 2514 1933 2587 ἀνθρώπινον

364 2609 636 2665 ᾶκτιστον.

398 2871 520 2939 -ιζ’.
558 2874 622 2927 Εί
653 2871 722 2926 τὰ
767 2870 1032 2941 ὲνοὺμενα
1073 2868 1132 2923 ἓν
1167 2869 1274 2922 είσι
1318 2868 1462 2923 κατὰ
1512 2867 1726 2934 πάντα,
1768 2869 1831 2923 τὸ
1876 2869 1933 2922 δὲ

364 2964 523 3034 σῶμα
549 2963 607 3028 ἐξ
632 2962 893 3016 ἐναντίων
922 2960 1225 3030 ποιοτήτων
1259 2958 1561 3027 σύγκειται,
1593 2959 1824 3030 ἐροῦμεν
1855 2958 1932 3021 ὡς

2114 881 2201 937 15.
2247 882 2305 938 Si
2341 883 2604 940 divinitas
2643 895 2699 941 et
2720 886 3035 941 humanitas
3064 886 3207 942 idem
3237 902 3347 941 non
3377 892 3508 941 sunt
3541 887 3613 942 ob

2039 974 2349 1028 naturalem
2378 974 2702 1042 qualitatem
2732 988 2920 1040 suam,
2969 975 3067 1029 sed
3124 974 3271 1027 aliud
3322 982 3377 1028 et
3423 974 3611 1039 aliud,

2040 1063 2322 1119 diversum
2371 1073 2428 1119 et
2477 1064 2798 1129 diversum;
2855 1065 3105 1119 advertat
3156 1065 3412 1136 quisquis
3466 1078 3613 1120 same

2040 1157 2247 1211 mentis
2275 1165 2396 1216 est.
2435 1171 2504 1210 an
2536 1155 2687 1209 aliud
2718 1163 2775 1210 et
2807 1155 2958 1209 aliud
2996 1157 3299 1210 secundum
3327 1167 3613 1221 naturam,

2041 1261 2213 1301 unum
2264 1257 2460 1299 natura
2509 1228 2764 1310 sint,'et
2814 1257 2923 1297 non
2973 1243 3102 1297 duo.
3157 1242 3253 1297 Sin
3286 1252 3467 1299 autem
3504 1243 3615 1298 duo

2038 1333 2147 1403 (de
2174 1336 2388 1390 naturis
2417 1334 2697 1403 loquor),
2731 1334 2893 1404 plane
2938 1349 3047 1388 non
3091 1348 3280 1387 unam.
3327 1332 3614 1403 Siquidem
3680 1320 3684 1325 ’

2039 1424 2188 1479 aliud
2219 1435 2467 1479 naturam
2501 1424 2780 1494 signiﬁcat
2802 1463 2817 1489 ,
2848 1433 2905 1479 ut
2932 1425 3209 1495 ejusmodi
3243 1440 3429 1480 rerum
3458 1425 3615 1494 periti

2043 1515 2416 1571 tradiderunt.
2455 1514 2711 1570 Jamvero
2766 1526 2965 1570 natura
2993 1524 3047 1571 et
3079 1525 3278 1571 natura
3301 1559 3317 1584 ,
3363 1516 3616 1585 nunquid

2041 1620 2153 1660 una
2185 1615 2305 1671 est,
2337 1616 2392 1660 et
2427 1621 2535 1659 non
2567 1605 2724 1661 duo?
2766 1605 2878 1660 duo
2920 1605 3193 1677 profecto.
3229 1607 3350 1663 Una
3380 1608 3527 1663 enim
3563 1613 3619 1661 et

1966 1709 2008 1766 Β
2040 1710 2147 1749 una
2168 1737 2185 1761 ,
2222 1703 2281 1749 ut
2310 1695 2394 1750 vel
2425 1696 2581 1765 pueri
2613 1705 2850 1761 norunt,
2884 1696 3008 1751 duae
3038 1705 3188 1752 sunt.

2106 1785 2194 1841 16.
2239 1785 2336 1841 Sin
2370 1795 2550 1841 autem
2585 1787 2770 1843 dicitis
2801 1802 2867 1843 ea
2897 1802 3019 1857 quae
3053 1789 3206 1842 unita
3241 1795 3407 1854 sunt,
3444 1803 3614 1843 unum

2033 1890 2199 1940 esse;
2229 1875 2416 1931 audite
2445 1883 2631 1931 tamen
2652 1915 2667 1941 ,
2704 1892 2767 1931 ea
2800 1892 2926 1947 qua:
2958 1880 3109 1932 unita
3145 1885 3311 1945 sunt,
3348 1893 3459 1933 non
3494 1893 3615 1932 om-

2034 1966 2202 2021 nibus
2237 1966 2418 2023 modis
2450 1982 2619 2021 unum
2654 1981 2801 2033 esse,
2832 1968 2928 2023 sed
2955 1976 3229 2037 quatenus
3256 1968 3408 2023 unita
3436 1975 3569 2023 sunt
3595 1983 3611 2020 :

2033 2056 2168 2113 Nam
2200 2059 2282 2125 si,
2321 2073 2444 2128 quae
2480 2059 2635 2113 unita
2671 2067 2841 2126 sunt,
2888 2075 2986 2129 per
3014 2059 3199 2114 omnia
3235 2074 3403 2113 unum
3452 2065 3610 2125 sunt,

2033 2152 2165 2223 quia
2195 2153 2360 2206 homo
2385 2165 2452 2206 ex
2483 2151 2849 2206 dissimilibus
2880 2152 3094 2206 naturis
3116 2151 3462 2220 compositus
3493 2158 3613 2214 est,

2034 2229 2326 2297 necessum
2377 2240 2484 2296 erit
2532 2241 2757 2306 dicere,
2788 2241 2935 2311 quod
2976 2240 3156 2296 anima
3188 2251 3242 2296 et
3271 2230 3475 2311 coi'pus
3517 2254 3618 2311 per

2033 2332 2219 2387 omnia
2246 2345 2418 2386 unum
2445 2331 2557 2386 sint
2584 2348 2597 2385 :
2628 2329 2877 2401 adeoque
2907 2331 3055 2402 quod
3087 2333 3476 2401 incorporeum
3505 2338 3612 2397 est,

2033 2421 2173 2477 illud
2205 2435 2408 2490 corpus
2437 2420 2575 2486 erit,
2604 2428 2662 2474 et
2701 2411 2956 2491 corpus,
2996 2422 3403 2490 incOrporeum.
3446 2416 3615 2474 Item-

2032 2528 2141 2584 que
2165 2514 2294 2583 quia
2317 2512 2583 2568 divinitas
2607 2522 2660 2568 et
2689 2512 3006 2569 humanitas
3036 2513 3203 2567 unitac
3230 2519 3380 2574 sunt,
3404 2511 3616 2567 idcirco

2035 2618 2208 2658 unum
2239 2611 2402 2658 erunt
2430 2604 2731 2658 secundum
2761 2603 3183 2671 substantialem
3208 2602 3573 2658 diﬂ‘erentiam
3596 2641 3613 2667 ,

2034 2702 2098 2749 ut
2130 2694 2277 2764 quod
2308 2692 2556 2747 divinum
2587 2701 2706 2758 est,
2743 2706 2990 2750 creatum
3022 2694 3130 2760 sit,
3160 2701 3217 2748 et
3245 2693 3389 2764 quod
3419 2693 3617 2748 huma-

2033 2800 2166 2840 num
2184 2826 2198 2849 ,
2232 2786 2557 2841 increatum.

2104 2876 2193 2930 17.
2239 2874 2294 2931 Si
2322 2891 2444 2946 quas
2475 2876 2626 2929 unita
2653 2881 2783 2929 sunt
2808 2913 2823 2938 ,
2852 2874 3003 2928 omni
3041 2874 3206 2929 modo
3236 2880 3610 2929 unum'sunt:

2034 2982 2236 3039 corpus
2270 2983 2398 3023 vero
2422 2983 2488 3022 ex
2517 2965 2819 3020 contrariis
2845 2965 3215 3034 qualitatibus
3246 2965 3612 3033 compositum

362 3055 634 3126 Θερμότης
663 3054 757 3107 καὶ
779 3052 939 3120 ψύξις
964 3053 1181 3117 ταύτὸν,
1213 3053 1307 3106 καὶ
1336 3050 1568 3122 ξηρότης
1620 3052 1712 3105 καὶ
1766 3049 1928 3119 ὑγρό-

2041 3069 2136 3124 sst,
2157 3060 2451 3114 dicendum
2473 3059 2636 3113 nobis
2661 3058 2788 3121 erit,
2814 3057 3052 3111 calorem
3076 3064 3129 3110 et
3153 3056 3329 3127 frigus
3349 3056 3491 3111 idem
3521 3072 3614 3113 es-

359 3159 461 3213 της
516 3141 714 3212 ὁμοίως
782 3139 1015 3192 ταὺτόν·
1074 3140 1171 3192 καὶ
1231 3139 1436 3210 Πέτρος
1493 3140 1589 3192 καὶ
1650 3138 1926 3207 Ἰωάννης,

361 3230 550 3300 ἐπειδὴ
575 3232 641 3300 τῇ
676 3228 835 3297 φύσει
861 3228 1122 3298 ἥνωνται,
1147 3229 1256 3298 ἄρα
1289 3229 1384 3282 καὶ
1408 3232 1475 3299 τῇ
1499 3229 1794 3282 ὑποστάσει
1822 3224 1925 3295 εἷς,

361 3321 424 3374 οὑ
462 3320 556 3375 δύο
601 3321 983 3390 τυγχάνουσιν.
1045 3320 1187 3373 Ἀλλ’
1233 3322 1333 3390 οὑχ
1370 3319 1516 3373 οὑτω
1562 3323 1673 3384 τοῖς
1702 3320 1764 3374 εὑ
1795 3335 1930 3390 φρο-

360 3410 512 3467 νοῦσι
544 3412 636 3465 καὶ
663 3414 727 3481 τῇ
755 3410 985 3482 ἀληθείᾳ
1012 3411 1160 3464 δοκεῖ
1185 3427 1197 3441 ο
1236 3411 1434 3483 μᾶλλον
1455 3411 1512 3466 δὲ
1541 3412 1609 3466 τὰ
1639 3411 1926 3482 ένοὺμενα,

363 3501 498 3556 καθὸ
527 3502 784 3572 ἤνωνται,
824 3502 883 3554 ἓν
911 3498 1052 3555 εἶναι
1074 3518 1088 3533 ·
1124 3501 1331 3572 Πέτρον
1364 3502 1462 3572 μὲν
1511 3503 1605 3555 καὶ
1651 3502 1927 3572 Ἰωάννην,

362 3590 551 3663 ἐπειδὴ
583 3592 725 3645 κατὰ
759 3591 920 3660 φύσιν
943 3591 1203 3661 ἦνωνται,
1236 3589 1515 3660 ὀμοοὺσιοι
1547 3592 1928 3662 τυγχάνοντες,

362 3682 422 3739 ἓν
462 3678 603 3739 εἶναι
646 3684 790 3738 κατὰ
838 3683 1029 3753 φύσιν·
1078 3683 1257 3755 ψυχὴν
1289 3682 1345 3736 δὲ
1381 3683 1698 3754 καὶσῶμα,
1741 3683 1931 3754 ἐπειδὴ

363 3772 483 3828 καθ’
515 3773 811 3828 ὑπόστασιν
850 3772 1125 3842 ἥνωνται,
1167 3771 1224 3824 ἒν
1257 3766 1399 3825 εἷναι
1448 3770 1568 3824 καθ’
1603 3769 1925 3823 ὑπόστασιν.

361 3859 442 3918 Οὑ
479 3861 588 3931 γὰρ
619 3860 759 3914 κατὰ
791 3859 954 3929 φύσιν
994 3858 1053 3911 ἓν
1081 3853 1222 3911 εἶναι
1253 3857 1432 3930 ψυχὴν
1462 3859 1558 3911 καὶ
1590 3858 1751 3929 σῶμα
1783 3858 1929 3911 εἴποι
1966 3848 1969 3855 ’

358 3968 446 4018 τις
478 3953 544 4007 ἃν
569 3953 754 4023 νήφων
779 3950 869 4003 τὸν
894 3948 1176 4020 λογισμόν.

429 4221 521 4287 ιη’.
554 4216 618 4269 El
662 4214 728 4268 ἐκ
767 4213 860 4267 δύο
890 4214 1104 4283 φύσεων
1132 4212 1165 4282 ἡ
1202 4211 1395 4275 ἕνωσις
1442 4211 1667 4280 γέγονεν
1694 4253 1708 4276 ,
1739 4211 1772 4281 ἢ
1818 4211 1926 4283 πρὸ

357 4308 457 4378 τῆς
482 4307 726 4370 ἑνὼσεως
754 4303 893 4377 ἦσαν
921 4305 1036 4371 δύο,
1068 4304 1100 4377 ἢ
1142 4305 1200 4356 έν
1245 4306 1311 4374 τῇ
1345 4302 1558 4367 ένὼσει,
1593 4304 1626 4374 ἢ
1661 4304 1799 4374 μετὰ
1828 4303 1928 4373 τὴν

2034 3165 2114 3211 se,
2137 3151 2443 3205 siccitatem
2467 3162 2683 3218 quoque
2704 3156 2759 3203 et
2782 3146 3162 3201 humiditatem
3190 3148 3414 3216 perinde
3435 3147 3611 3215 idem;

2033 3238 2145 3293 imo
2175 3237 2373 3294 Petrus
2417 3246 2472 3291 ct
2499 3236 2776 3300 Joannes,
2811 3236 3018 3305 quippe
3061 3236 3155 3305 qui
3208 3244 3407 3291 natura
3458 3237 3614 3291 unita

2033 3338 2206 3396 sunt,
2244 3344 2311 3385 ex
2343 3329 2706 3398 consequenti
2737 3328 3019 3399 hypostasi
3054 3327 3219 3382 etiam
3265 3340 3411 3381 unus
3446 3335 3613 3393 sunt,

2031 3427 2223 3473 etnon
2257 3419 2390 3474 duo.
2421 3419 2491 3472 At
2521 3434 2635 3473 non
2667 3419 2743 3473 ita
2773 3417 3033 3473 convenit
3066 3432 3192 3472 cum
3224 3418 3311 3474 his
3341 3418 3435 3488 qui
3465 3427 3617 3474 recte

2034 3511 2293 3581 sapiunt,
2326 3516 2382 3565 et
2412 3509 2688 3564 veritate:
2723 3508 2857 3580 quin
2888 3508 3074 3577 potius
3100 3524 3224 3578 quae
3258 3509 3415 3563 unita
3449 3516 3614 3574 sunt,

2032 3610 2304 3671 quatenus
2353 3601 2507 3654 unita
2549 3605 2716 3664 sunt,
2766 3613 2939 3654 unum
2985 3614 3110 3655 esse
3161 3600 3447 3654 sentiunt:
3482 3608 3616 3670 puta

2033 3687 2253 3743 Petrum
2278 3694 2332 3743 et
2357 3685 2622 3742 Joannem
2642 3727 2657 3753 ,
2684 3687 2815 3758 quia
2845 3703 3013 3741 unum
3048 3697 3244 3743 natura
3273 3697 3437 3753 sunt,
3464 3688 3620 3759 ejus-

2033 3780 2271 3851 demque
2334 3779 2698 3845 suhstantiaa,
2748 3795 2920 3834 unum
2958 3795 3085 3835 esse
3116 3780 3421 3835 secundum
3454 3790 3620 3836 natu-

2032 3887 2188 3938 ram;
2223 3871 2463 3926 animam
2491 3886 2624 3926 vero
2657 3880 2712 3927 et
2733 3886 2972 3941 corpus,
3003 3879 3279 3942 quatenus
3311 3873 3645 3943 secundum.

2036 3962 2375 4034 hypostasim
2404 3961 2695 4026 uniuntur,
2732 3976 2903 4015 unum
2938 3960 3226 4031 [typostasi
3255 3976 3402 4017 esse.
3437 3959 3614 4017 Nemo

2034 4055 2234 4126 quippe
2268 4052 2493 4110 sobrius
2524 4053 2764 4121 dixerit,
2800 4053 3037 4108 animam
3087 4061 3144 4109 et
3187 4068 3393 4123 corpus
3442 4068 3616 4124 penes

2036 4156 2164 4203 natu
2176 4162 2290 4200 ram
2326 4161 2447 4202 esse
2478 4161 2670 4200 unum.

2106 4237 2273 4310 402
2313 4237 2404 4292 l8.
2447 4236 2505 4291 Si
2538 4253 2605 4292 ex
2641 4236 2856 4290 duabus
2893 4235 3111 4289 naturis
3145 4233 3277 4286 unio
3315 4232 3458 4286 facta
3494 4240 3616 4299 est,

2038 4338 2132 4383 aut
2154 4339 2283 4382 ante
2304 4327 2609 4381 unitionem
2636 4327 2756 4381 duae
2782 4335 2962 4390 erant,
2990 4332 3084 4378 aut
3117 4323 3170 4377 in
3202 4324 3318 4393 ipsa
3343 4323 3617 4390 unitione,

357 4399 571 4454 ἕνωσιν.
607 4397 721 4451 Καὶ
769 4399 817 4451 εἰ
851 4397 948 4465 μὲν
995 4396 1103 4467 πρὸ
1148 4394 1251 4466 τῆς
1307 4393 1553 4459 ἐνώσεως
1583 4396 1923 4466 ὑπέστησαν,

2041 4426 2129 4472 aut
2157 4423 2281 4487 post
2315 4415 2640 4469 unitionem.
2673 4413 2730 4468 Si
2761 4420 2889 4468 ante
2922 4392 3230 4467 unitionem
3266 4429 3362 4483 per
3388 4428 3447 4468 se
3484 4414 3618 4470 sub-

357 4491 411 4543 τί
434 4490 714 4561 Νεστορίῳ
742 4486 1107 4558 μεμφόμεθας
1146 4487 1209 4541 El
1234 4486 1292 4540 δὲ
1316 4487 1412 4540 καὶ⁷
1440 4487 1580 4557 μετὰ
1607 4488 1704 4559 τὴν
1733 4487 1929 4542 ἕνωσιν

356 4582 391 4650 ἡ
419 4579 555 4651 σὰρξ
585 4578 859 4648 ὑφέστηκε
883 4617 897 4639 ,
928 4576 981 4630 τί
1028 4578 1160 4648 ἡμῖν
1199 4576 1483 4647 μέμφεσθε
1510 4579 1622 4644 {El
1654 4577 1711 4631 δὲ
1757 4579 1815 4631 ἐν
1857 4580 1925 4649 τῇ

357 4670 550 4726 ὲνώσει
595 4670 763 4736 φατὲ,
800 4668 951 4740 μένει
979 4668 1037 4722 δὲ
1075 4668 1109 4737 ἡ
1151 4667 1344 4732 ἓνωσις
1367 4682 1383 4699 ⁸
1427 4668 1521 4722 καὶ
1560 4668 1656 4722 νῦν
1707 4672 1803 4724 καὶ
1847 4672 1929 4735 εἰς

354 4763 449 4816 τὸν
491 4760 663 4815 αίῶνα
711 4759 805 4814 δύο
829 4759 935 4813 εἰσί
962 4775 1024 4811 τε
1052 4758 1147 4813 καὶ
1181 4758 1397 4813 ἔσονται
1423 4777 1437 4789 ·
1480 4761 1531 4813 εί
1558 4760 1617 4812 δὲ
1643 4760 1722 4830 τῷ
1752 4762 1928 4831 καιρῷ

353 4853 456 4922 τῆς
482 4850 577 4906 τοῦ
608 4852 783 4919 Λόγου
834 4848 1165 4920 σαρκώσεως
1198 4849 1259 4903 τὸ
1312 4849 1370 4903 ἓν
1418 4851 1482 4920 τῇ
1528 4849 1720 4904 ἑνώσει
1762 4851 1923 4920 φατὲ,

352 4945 448 5000 καὶ
483 4945 614 5014 πρὶν
655 4942 955 5006 ἑνωθῶσιν,
999 4936 1140 5013 ἦσαν
1169 4941 1282 5007 δύο,
1323 4942 1357 5012 ἢ
1390 4941 1691 5011 ἑνωθέντα;
1723 4945 1786 4997 Ei
1822 4945 1923 5014 μὲν

350 5035 461 5107 γὰρ
490 5036 598 5108 πρὸ
625 5035 726 5106 τῆς
758 5034 1007 5097 ὲνώσεως
1046 5034 1295 5103 ὑπῆρξαν
1321 5035 1609 5107 ἀμφότερα
1632 5080 1646 5102 ,
1700 5037 1759 5103 ἐξ
1788 5038 1923 5091 ὑπο-

354 5126 600 5181 στάσεων
650 5127 862 5196 ἀνάγκη
898 5124 1080 5193 λέγειν
1127 5124 1222 5178 δύο
1256 5126 1355 5195 τὴν
1386 5127 1581 5181 ἕνωσιν
1608 5146 1623 5161 ο
1673 5131 1723 5182 εί
1769 5129 1827 5183 δὲ
1864 5130 1924 5183 ὲν

353 5221 422 5291 τῇ
470 5218 663 5273 ἑνώσει
705 5218 798 5271 δύο
833 5218 990 5287 φατὲ,
1035 5218 1064 5271 ὁ
1107 5217 1165 5272 δὲ
1198 5218 1432 5290 ἀριθμὸς
1460 5221 1581 5272 καθ’
1612 5222 1757 5291 ὑμᾶς
1783 5220 1923 5274 πάν-

355 5325 463 5375 τως
484 5350 498 5365 .
524 5349 540 5364 .
565 5347 579 5362 .
608 5350 622 5363 .
643 5310 669 5349 ⁸
700 5307 998 5379 διαίρεσιν,
1050 5308 1370 5378 διαιρέσεως
1413 5311 1560 5364 αἰτία
1610 5313 1642 5382 ή
1686 5313 1882 5376 ἓνωσις
1907 5329 1921 5343 ·

355 5401 449 5459 καὶ
477 5403 535 5454 ὲν
566 5404 631 5470 τῇ
663 5400 903 5453 ένώσειιι
929 5437 942 5452 .
971 5440 985 5454 .
1015 5439 1028 5453 .
1057 5437 1071 5454 .
1101 5400 1201 5470 τὴν
1228 5402 1440 5458 ἕνωσιν.

2036 4510 2320 4570 stiterunt,
2348 4504 2482 4576 quid
2511 4506 2771 4577 est-quod
2799 4505 3116 4561 Nestorium
3147 4521 3476 4562 accusamus
3500 4508 3525 4561 τ
3560 4507 3618 4562 Si

2039 4607 2221 4657 autem
2260 4605 2385 4669 post
2417 4597 2726 4653 unitionem
2756 4613 2889 4654 caro
2915 4597 3192 4664 constitit,
3228 4599 3373 4669 quod
3401 4608 3488 4654 est
3518 4616 3619 4655 cur

2036 4708 2138 4749 nos
2171 4689 2636 4760 reprehendatis?
2671 4688 2765 4745 Sin
2797 4690 3016 4746 demum
3067 4689 3122 4744 in
3175 4691 3292 4761 ipsa
3328 4691 3580 4748 unitiouc
3601 4732 3621 4759 ,

2035 4783 2166 4841 unio
2195 4797 2324 4837 vero
2357 4788 2713 4852 perseverat:
2747 4780 2915 4851 igitur
2946 4789 3000 4836 ct
3038 4797 3189 4836 nunc
3222 4792 3279 4839 et
3321 4783 3375 4837 in
3418 4800 3618 4855 perpe-

2036 4882 2186 4929 tuum
2222 4872 2345 4928 duae
2378 4877 2539 4937 sunt,
2573 4877 2629 4926 et
2663 4880 2853 4927 erunt.
2888 4870 2944 4925 Si
2980 4878 3164 4926 autem
3207 4873 3326 4943 ipso
3360 4873 3621 4929 incarna-

2032 4965 2202 5020 tionis
2223 4962 2388 5019 Verbi
2419 4970 2667 5033 tempore
2698 4978 2870 5017 unum
2903 4972 3133 5034 propter
3161 4964 3464 5020 unitionem
3498 4981 3619 5022 esse

2029 5055 2238 5119 dicitis,
2265 5063 2560 5123 antequam
2587 5055 2902 5120 unirentur,
2936 5054 3063 5110 duae
3092 5063 3284 5119 erant,
3318 5071 3385 5109 an
3417 5056 3619 5110 unitas?

2032 5146 2091 5203 Si
2122 5146 2245 5202 duas
2282 5147 2437 5217 prius
2479 5145 2848 5212 exstiterunt,
2883 5161 3048 5216 quam
3081 5147 3391 5208 unirentur,
3422 5161 3617 5202 neces-

2032 5250 2157 5295 sum
2186 5238 2289 5292 erit
2321 5236 2595 5292 afﬁrmare
2623 5252 2693 5293 ex
2723 5236 2924 5305 duplici
2954 5235 3233 5304 hypostasi
3259 5231 3460 5287 {actam
3489 5248 3613 5291 esse

2034 5333 2292 5388 unionem
2321 5351 2336 5390 :
2370 5332 2457 5388 sin
2489 5331 2630 5387 duas
2662 5331 2849 5386 dicitis
2900 5331 2955 5382 in
3008 5327 3296 5389 unitionc;
3349 5343 3617 5386 numerus

2037 5439 2171 5480 vero
2207 5424 2265 5478 in
2301 5423 2561 5492 opinione
2590 5429 2771 5477 vestra
2802 5418 3116 5473 necessario
3151 5416 3482 5473 divisionem
3525 5419 3617 5475 in-

355 5493 544 5548 ducit:
573 5492 868 5547 divisionis
895 5506 1028 5562 ergo
1058 5506 1228 5547 causa
1261 5502 1349 5548 est
1382 5495 1589 5563 unitio,
1617 5507 1670 5553 et
1706 5500 1760 5557 in
1794 5504 2027 5575 ipsamet
2056 5516 2264 5570 unione
2299 5512 2560 5569 dirimitis
2597 5512 2874 5566 unionem.

1648 5590 1884 5651 VARI/i3
1919 5597 2328 5658 LECTIONES.

424 5666 1331 5766 {ulleg-rjl‘qyit-‘lurr.inium.
1355 5677 1522 5735 Arah.
1558 5681 1742 5749 afferet
1771 5686 2100 5747 divisionem.
2142 5692 2172 5732 ιι
2207 5692 2339 5766 Leg.
2366 5694 2646 5764 διαιρείτε.
2678 5691 2840 5748 Turr.
2871 5691 3122 5750 Dit‘iditis
3148 5693 3414 5750 unionem.
3440 5693 3608 5750 Arab.

352 5753 404 5801 et
434 5758 553 5799 cum
569 5735 1052 5796 'unione’dividitur
1082 5738 1227 5792 unio.
