3980 6140
402 274 537 342 1447

1587 275 1647 334 8.
1667 274 1990 336 JOANNIS
2029 275 2457 336 DAMASCENI

3505 271 3647 335 1448

471 388 562 443 l9.
601 384 657 440 Si
700 382 1128 454 unumquodque
1165 397 1388 447 eorum,
1427 396 1495 436 ex
1531 385 1733 452 quibus
1790 393 1972 438 exstat

2147 383 2233 437 ιϐ’.
2265 383 2328 436 Εἰ
2361 383 2614 451 φυλάττει
2647 381 2876 435 ἕκαστον
2915 379 2984 433 τὰ
3027 379 3084 446 ἐξ
3117 371 3191 433 ὧν
3221 381 3249 433 6
3276 379 3512 449 Χριστὸς
3549 382 3647 434 τδν

400 475 684 540 Christus,
719 476 996 546 propriam
1030 472 1353 527 substantia:
1374 511 1388 537 ,
1429 487 1525 527 seu
1559 475 1810 528 essentia:
1832 514 1847 538 ,
1879 475 1972 529 de-

403 567 708 622 linitionem
739 571 793 620 et
828 564 1091 617 rationem
1140 570 1357 624 servat,
1397 563 1560 616 etiam
1614 563 1667 616 in
1729 563 1972 628 unione,

2073 475 2211 528 ῑδιον
2243 475 2342 543 τῆς
2373 472 2560 535 οὐσίας
2588 474 2713 542 ὅρον
2742 489 2800 525 τε
2843 473 2938 525 xui
2967 471 3142 539 λόγον,
3179 472 3280 524 κάν
3319 474 3387 543 τῇ
3430 473 3647 539 ἑνώσει,

2077 563 2171 615 xui
2198 562 2386 632 ἕτερος
2420 561 2517 631 μὲν
2556 564 2583 614 6
2621 561 2720 630 τῆς
2752 560 2989 630 Χριστοῦ
3031 561 3285 630 θεότητος
3323 562 3448 631 ὄρος
3479 565 3574 616 xui
3619 566 3651 618 6

404 666 570 725 atque
604 654 710 708 alia
745 662 830 708 est
867 651 1114 706 deﬁnitio
1148 651 1458 706 divinitatis
1495 652 1748 714 Christi,
1785 660 1838 705 et
1869 653 1976 706 alia

2104 653 2178 722 ιῆς
2205 652 2621 722 ἀνθρωπότητος
2659 652 2868 722 ἕτερος,
2895 651 2949 704 τί
2981 651 3049 704 τὰ
3069 651 3157 721 ⁴μὴ
3179 652 3286 704 ὑπὸ
3313 652 3411 707 ἕνα
3439 656 3531 706 xui
3556 655 3652 708 τὸν

404 743 800 809 humanitatis;
832 741 1145 811 cluomodo,
1191 756 1314 810 qua:
1365 756 1477 794 non
1534 749 1662 794 sunt
1716 741 1820 796 sub
1870 756 1978 794 una

2104 743 2242 797 ιὺτὸν
2288 745 2414 813 ὅρον
2459 744 2765 813 ταττόμενα
2813 743 2966 812 μίαν,
3031 744 3127 796 xui
3187 744 3247 796 ού
3309 743 3406 797 δύο
3457 745 3652 814 φύσεις

403 838 704 905 eademque
732 834 1053 889 deﬁnitione
1087 832 1270 902 posita
1292 870 1307 896 ,
1341 843 1600 886 naturam
1634 846 1797 886 unam
1819 870 1834 896 ,
1868 847 1979 887 non
2079 835 2306 903 λέγετε;

401 927 542 985 duas
574 943 699 984 esse
733 927 966 982 dicitis?

471 1037 543 1089 ΞΟ
583 1036 639 1089 Si
674 1050 801 1090 caro
838 1033 1002 1088 Verbi
1052 1031 1181 1097 Dei,
1211 1039 1283 1103 [ut
1310 1040 1494 1088 vestra
1526 1034 1799 1088 sententia
1836 1033 1979 1098 fert,

401 1127 648 1196 ejusdem
680 1126 1009 1181 substantia:
1037 1136 1122 1180 est
1147 1139 1272 1178 cum
1303 1125 1592 1180 divinitate
1615 1126 1736 1193 ejus
1767 1125 1982 1182 increa-

405 1228 487 1282 ta,
517 1216 1110 1273 consubstantiationis
1141 1215 1462 1285 opinatione
1494 1230 1663 1285 prava
1694 1217 1980 1272 laboratis.

404 1307 586 1362 Eccur
621 1322 750 1361 vero
780 1306 926 1376 quod
956 1305 1068 1375 jam
1103 1305 1233 1360 olim
1269 1305 1556 1373 parturitis
1579 1344 1593 1368 ,
1646 1320 1755 1359 non
1800 1321 1983 1361 emer-

405 1400 525 1470 git?
558 1399 654 1452 Sin
691 1406 875 1452 autem
908 1413 1016 1452 non
1048 1405 1134 1453 est
1165 1395 1414 1465 ejusdem
1448 1397 1812 1463 substantia,
1845 1413 1984 1467 quo-

407 1505 534 1544 nam
587 1497 748 1559 pacto
798 1504 921 1558 quae
969 1504 1076 1541 non
1133 1494 1264 1542 sunt
1317 1486 1565 1554 ejusdem
1615 1488 1982 1553 substantia},

405 1589 571 1635 erunt
603 1580 768 1634 unius
801 1579 1050 1633 naturae?
1082 1586 1178 1632 aut
1212 1577 1490 1646 quomodo
1519 1593 1641 1647 qua:
1673 1579 1840 1634 unius
1874 1595 1973 1633 na-

2149 1032 2221 1088 x'.
2251 1033 2314 1086 Ei
2345 1030 2630 1100 ὁμοούσιος
2658 1031 2691 1101 ἠ
2721 1028 2815 1083 τοῦ
2849 1029 2984 1083 Θεοῦ
3024 1030 3199 1098 Λόγου
3230 1029 3368 1102 σὰρξ
3395 1032 3462 1101 τῇ
3491 1030 3648 1084 ἀκτί-

2084 1143 2194 1194 στῳ
2222 1125 2388 1179 αὑτοῦ
2422 1125 2635 1194 θεότητι
2679 1123 2800 1178 καθ’
2833 1125 2998 1194 ὑμᾶς,
3033 1124 3390 1178 συνουσίωσιν
3419 1126 3653 1177 νοσείτε.

2090 1219 2199 1272 Kui
2227 1218 2280 1270 τι
2314 1218 2387 1288 μὴ
2418 1217 2479 1269 τὸ
2504 1217 2673 1270 πάλαι
2699 1218 2828 1287 ὑμῖν
2851 1215 3174 1286 ὼδινόμενον
3199 1217 3652 1287 ἀπορῥήγνυται;

2086 1313 2149 1365 Εἰ
2175 1311 2230 1363 δὲ
2256 1312 2354 1381 οὐχ
2381 1310 2687 1380 όμοούσιος,
2727 1309 2845 1372 πῶς
2887 1308 2958 1361 τὰ
2999 1307 3074 1379 μὴ
3114 1306 3376 1376 ὁμοούσια
3429 1309 3560 1377 μιᾶς
3586 1305 3658 1359 ἂν

2083 1402 2169 1468 εἴη
2207 1399 2420 1468 φύσεως
2445 1417 2459 1465 ;
2489 1399 2522 1470 ἢ
2563 1399 2681 1461 πῶς
2715 1397 2784 1451 τὰ
2820 1400 2946 1468 μιᾶς
2977 1398 3192 1466 φύσεως
3225 1397 3348 1466 οὐχὶ
3388 1397 3486 1449 xui
3517 1398 3660 1466 ὁμο-

2083 1490 2241 1544 ούσια
2267 1509 2281 1556 ;
2304 1492 2367 1544 Et
2391 1491 2464 1560 μὴ
2491 1491 2598 1562 γὰρ
2629 1489 2922 1560 μεθύομεν,
2949 1491 3368 1560 ὁμοουσιότητος
3393 1490 3515 1561 ὅρος
3537 1487 3661 1542 ἐστὶ

2083 1581 2154 1634 τὰ
2185 1581 2282 1651 τὴν
2308 1581 2478 1652 αὑτὴν
2504 1581 2691 1634 οὐσίαν
2721 1581 2932 1651 ἔχοντα.

409 1679 549 1727 tura:
606 1678 772 1736 sunt,
834 1670 1082 1739 ejusdem
1137 1669 1464 1726 substantiae
1511 1684 1620 1724 non
1674 1670 1850 1724 sunt?
1908 1669 2027 1725 Nisi
2081 1671 2226 1726 enim
2283 1671 2419 1726 ebrii
2492 1687 2716 1736 sumus,
2770 1670 3364 1726 consubstantialitatis
3411 1669 3660 1726 deﬁnitio

406 1771 524 1828 est,
556 1763 801 1816 eamdem
840 1761 1041 1814 habere
1074 1761 1445 1816 substantiam
1470 1799 1484 1824 ,
1519 1760 1632 1815 sive
1659 1761 1976 1816 essentiam.

477 1853 568 1906 2i.
613 1851 670 1904 Si
702 1850 959 1904 Christus
986 1857 1074 1904 est
1101 1848 1599 1904 consubstantialis
1649 1847 1797 1903 Patri
1825 1886 1842 1912 ,
1883 1862 1987 1902 no-

403 1941 601 2012 bisque
633 1942 821 1997 itidem
854 1939 1350 1995 consubstantialis
1387 1939 1698 1994 secundum
1736 1938 1986 1993 eamdem

409 2045 699 2099 naturam,
737 2046 837 2085 nos
872 2045 1098 2100 quoque
1132 2029 1279 2084 Patri
1332 2029 1846 2085 consubstantiales
1891 2045 1988 2085 su-

408 2140 556 2180 mus.
591 2123 725 2190 Quae
750 2123 895 2177 enim
929 2122 1234 2176 secundum
1268 2128 1521 2176 naturam
1555 2120 1804 2176 eamdem
1837 2121 1990 2188 ejus-

410 2217 534 2272 dem
563 2213 885 2269 substantia:
909 2221 1078 2277 sunt,
1107 2227 1172 2266 ea
1206 2213 1350 2267 inter
1378 2228 1437 2267 se
1465 2220 1595 2268 sunt
1620 2213 1990 2267 consubstan-

410 2307 589 2362 tialia.
641 2305 696 2360 Si
747 2315 930 2358 autem
975 2304 1280 2358 secundum
1333 2302 1681 2358 divinitatem
1717 2312 1802 2357 est
1836 2302 1990 2356 Patri

408 2394 903 2451 consubstantialis
923 2433 937 2459 ,
971 2392 1134 2446 nobis
1165 2407 1294 2447 vero
1324 2392 1628 2448 secundum
1669 2392 1990 2446 humanita-

411 2495 555 2549 tem;
578 2499 734 2554 rogo,
761 2483 952 2548 dicite,
979 2490 1138 2538 estne
1165 2481 1434 2536 divinitas
1456 2491 1512 2537 et
1540 2483 1858 2536 humanitas
1882 2494 1988 2534 una

414 2587 614 2632 natura
639 2577 662 2629 ἲ
691 2575 760 2627 At
789 2575 834 2629 si
861 2589 970 2627 una
1002 2581 1197 2626 natura
1229 2587 1338 2626 non
1371 2581 1457 2628 est
1478 2610 1493 2636 ,
1529 2572 1846 2626 necessario
1871 2571 1993 2625 dua:

413 2674 585 2724 sunt:
619 2674 785 2734 atque
815 2664 954 2718 adeo
994 2663 1115 2717 duas
1149 2669 1360 2716 naturae
1390 2662 1648 2718 Christus
1676 2668 1761 2717 est
1786 2701 1801 2726 ,
1848 2667 1902 2716 et
1935 2662 1992 2714 in

412 2758 633 2814 duabus
668 2756 906 2810 naturis.
969 2752 1064 2807 Sin
1123 2768 1255 2808 vero
1287 2764 1376 2810 est
1407 2767 1547 2816 una,
1581 2751 1814 2822 quinam
1861 2766 1993 2822 ergo

413 2849 700 2906 dill‘erunt.
751 2845 885 2902 Nam
917 2860 1040 2914 quae
1071 2844 1370 2909 dill'erunt,
1401 2844 1486 2898 vel
1528 2843 1852 2901 substantia:
1907 2859 1995 2898 ra-

417 2942 570 2997 tione
594 2938 889 3003 diﬂerunt,
928 2937 1011 2992 vel
1050 2936 1265 2991 ratione
1298 2935 1423 3004 ejus
1472 2934 1619 3004 quod
1671 2935 1996 2990 substantia:

416 3033 659 3089 advenit.
699 3030 756 3086 Si
794 3029 1011 3084 ratione
1039 3028 1162 3096 ejus
1193 3027 1340 3097 quod
1378 3025 1598 3082 advenit
1630 3026 1993 3089 substantiae,

2169 1847 2274 1902 xu'.
2320 1848 2382 1901 Et
2421 1847 2706 1918 ὀμοούσιος
2744 1847 2820 1919 τῷ
2848 1849 3024 1920 Πατρὶ
3059 1850 3158 1902 xui
3200 1847 3484 1918 όμοούσιος
3523 1848 3661 1918 ἡμῖν

2091 1938 2233 1993 κατὰ
2261 1939 2358 2009 τὴν
2402 1940 2572 2010 αὐτὴν
2621 1940 2783 2009 φύσιν
2813 1941 2963 1995 ἐστὶν
2990 1942 3020 1993 6
3051 1941 3322 2012 Χριστὸς,
3358 1941 3454 1992 xui
3496 1942 3662 2011 ἡμεῖς

2091 2033 2156 2084 ὲκ
2179 2032 2378 2094 παντὸς
2408 2032 2485 2102 τῷ
2520 2034 2698 2102 Πατρὶ
2748 2032 3061 2102 ὁμοούσιοι’
3117 2033 3187 2086 τὰ
3241 2033 3355 2104 γὰρ
3399 2031 3477 2103 τῷ
3507 2033 3660 2102 αὑτῷ

2089 2121 2231 2175 κατὰ
2267 2121 2364 2192 τὴν
2398 2121 2566 2192 αὑτὴν
2611 2123 2772 2191 φύσιν
2800 2124 3084 2193 όμοούσια,
3118 2125 3211 2178 καὶ
3246 2125 3496 2195 ἀλλήλοις
3519 2125 3660 2178 εἰσὶν

2091 2212 2377 2284 ὁμοούσια.
2411 2215 2473 2268 Ei
2513 2215 2570 2267 δὲ
2615 2214 2754 2270 κατὰ
2801 2214 2901 2286 τὴν
2935 2215 3165 2286 Θεότητα
3195 2216 3272 2286 τῷ
3303 2217 3479 2287 Πατρί
3512 2218 3660 2270 ἐστιν

2089 2303 2392 2374 ὀμοούσιος,
2419 2307 2550 2376 ἡμῖν
2582 2305 2638 2358 δὲ
2663 2307 2802 2358 κατὰ
2833 2307 2932 2375 τὴν
2957 2306 3356 2377 ἀνθρωπότητα
3385 2324 3400 2340 ο
3445 2307 3656 2376 Θεότης,

2095 2393 2310 2458 εἴπατε,
2346 2397 2439 2448 xui
2470 2397 2823 2468 ὰνθρωπότης
2859 2396 2958 2466 μία
3003 2397 3165 2468 φύσις
3196 2399 3388 2464 ὲστῐνς
3434 2398 3571 2451 Ἀλλ’
3611 2400 3660 2453 si

2096 2484 2198 2552 μὲν
2229 2485 2289 2538 ού
2339 2486 2474 2557 μία,
2518 2487 2614 2542 δύο
2659 2488 2878 2552 πάντως
2930 2489 3025 2542 xui
3077 2488 3172 2542 δύο
3209 2489 3399 2558 φύσεις
3454 2489 3659 2541 ὲστὶνό

2094 2575 2351 2645 Χριστὸς,
2385 2578 2480 2631 xui
2525 2579 2582 2630 ὲν
2608 2578 2702 2631 δύο
2753 2578 2998 2648 φύσεσιν.
3049 2580 3112 2633 Ei
3137 2580 3349 2649 6sjtiu,
3394 2579 3513 2642 πῶς
3548 2581 3661 2632 δια-

2093 2665 2320 2737 φέρουσι
2348 2685 2363 2734 ;
2391 2670 2473 2722 Τὰ
2499 2669 2608 2741 γὰρ
2637 2670 2962 2740 διαφέροντα
2981 2711 2995 2736 ,
3030 2671 3063 2742 ἢ
3095 2671 3364 2734 ούσιωδῶς
3393 2671 3656 2740 διαφέρει,

2094 2755 2129 2826 ἢ
2159 2758 2532 2822 ὲπουσιωδῶς·
2569 2759 2685 2813 ἀλλ’
2723 2762 2772 2814 εἰ
2805 2761 2902 2832 μὲν
2931 2762 3295 2826 ὲπουσιωδῶς,
3331 2764 3662 2824 ὑποστάσεις

2094 2844 2160 2898 ἂν
2191 2842 2321 2911 εῑεν,
2350 2848 2442 2901 xui
2471 2849 2531 2901 οὑ
2563 2848 2754 2917 φύσεις
2775 2867 2791 2885 ο
2824 2851 2871 2903 εἱ
2906 2850 2962 2903 δὲ
2999 2850 3292 2915 οὑσιωδῶς,
3339 2852 3544 2921 φύσεις.
3577 2851 3662 2904 Τὰ

2095 2934 2204 3006 γὰρ
2234 2936 2579 3010 διαφέροντα,
2610 2940 2670 2992 τὸ
2699 2941 2981 3010 ἐλάχιστον
3023 2941 3148 2994 δύο·
3193 2943 3253 2995 τὸ
3279 2943 3387 3014 γὰρ
3412 2944 3488 3000 ἓν.
3521 2941 3663 2994 καθὸ

2100 3023 2179 3093 ἓν,
2218 3027 2280 3080 οὑ
2305 3028 2576 3100 διαφέρει.
2607 3031 2990 3103 Συνεισφέρειν
3020 3031 3130 3103 γὰρ
3158 3029 3297 3086 οἶδεν
3321 3031 3382 3098 ἐξ
3419 3033 3664 3101 ἀνάγκης

416 3122 745 3195 hypostases
795 3118 1012 3182 forent,
1081 3131 1190 3170 non
1247 3123 1476 3169 naturae.
1534 3111 1642 3168 Sed
1691 3111 1738 3168 si
1786 3112 1992 3167 ratione

2104 3117 2194 3170 τὸν
2228 3120 2459 3191 ἀριθμὸν
2493 3122 2526 3191 ἡ
2557 3122 2809 3195 διαφορά.

417 3210 1256 3280 substantiaadiscrepant,jam
1288 3217 1500 3264 natura:
1527 3215 1677 3264 sunt.
1744 3204 1881 3260 Nam
1941 3222 2063 3276 quae
2115 3210 2422 3268 diﬂ'erentia
2479 3225 2642 3284 sunt,
2677 3226 2736 3272 ut
2773 3218 3062 3273 minimum
3101 3217 3211 3273 duo
3271 3227 3422 3275 sunt.
3482 3218 3658 3273 Unum

415 3306 692 3378 siquidem
756 3317 866 3375 qua
910 3317 1078 3358 unum
1131 3308 1248 3367 est,
1297 3298 1598 3356 discrimen
1646 3311 1756 3352 non
1803 3296 2064 3354 admittit.
2102 3300 2418 3362 Diﬂ‘erentia
2452 3309 2655 3382 quippe
2700 3311 3014 3367 necessario
3061 3325 3356 3366 numerum
3392 3311 3549 3366 infert
3573 3327 3659 3366 sc-

415 3414 564 3456 cum.

489 3509 581 3564 22.
623 3508 758 3574 Quae
803 3505 1194 3563 substantialia
1243 3513 1404 3572 sunt,
1443 3505 1711 3560 rationem
1742 3503 1990 3560 eamdem

418 3601 720 3672 recipiunt.
772 3597 830 3653 Si
877 3614 1009 3669 ergo
1038 3596 1298 3652 Christus
1331 3606 1526 3651 natura
1557 3613 1666 3651 una
1698 3607 1782 3652 est
1811 3599 1995 3653 incar-

420 3700 548 3748 nata
572 3734 586 3757 ,
619 3687 814 3760 estque
856 3690 971 3744 haec
1001 3688 1124 3758 ejus
1153 3689 1416 3744 essentia:
1442 3687 1688 3743 definitio
1709 3727 1724 3752 ,
1773 3687 1997 3742 aliunde

420 3797 553 3838 vero
577 3778 1065 3834 consubstantialis
1095 3785 1179 3833 est
1206 3775 1355 3831 Patri
1382 3782 1437 3831 et
1467 3777 1627 3832 nobis
1655 3792 1670 3830 :
1701 3784 1786 3830 est
1813 3777 1984 3846 igitur

421 3869 586 3926 Pater
614 3867 902 3922 nobiscum
929 3880 1038 3919 una
1062 3866 1368 3921 divinitatis
1391 3873 1589 3919 natura
1613 3865 1922 3918 inearnata.

491 4089 588 4146 2'5.
625 4085 940 4142 Diﬂ‘erentia
970 4086 1080 4139 duo
1111 4082 1304 4140 saltem
1341 4082 1512 4137 infert
1545 4097 1668 4153 qua:
1699 4080 1996 4146 diﬂerant,

424 4181 541 4238 sive
576 4187 788 4234 natura:
818 4176 930 4230 sint
950 4218 965 4240 ,
999 4174 1115 4228 sive
1144 4172 1470 4243 hypostases
1492 4209 1507 4236 ,
1541 4171 1655 4226 slve
1681 4171 1999 4242 hypostasis

428 4288 537 4328 una
573 4287 603 4325 a
640 4272 821 4339 seipsa
857 4267 1212 4336 discrepans.
1244 4262 1308 4318 Si
1331 4272 1593 4328 naturas,
1626 4263 1708 4316 ha:
1742 4262 2001 4318 substan-

426 4366 634 4419 tialiter
661 4361 920 4416 differunt
948 4378 963 4427 ;
994 4358 1040 4413 si
1074 4358 1434 4428 hypostases,
1481 4353 1785 4410 secundum
1840 4352 2004 4424 m3

428 4458 484 4512 id
519 4455 665 4526 quod
713 4453 971 4508 essentia:
1017 4449 1356 4519 adjectitium
1399 4453 1527 4502 est:
1567 4447 1612 4502 si
1660 4445 1998 4516 hypostasim

428 4567 595 4607 unam
652 4563 772 4618 qua:
817 4562 846 4600 a
899 4560 959 4602 se
1001 4545 1219 4600 diversa
1259 4541 1368 4607 sit,
1418 4555 1516 4610 per
1559 4539 1922 4594 variationem
1951 4543 2005 4591 et

431 4642 790 4698 mutationem
817 4638 1121 4693 secundum
1147 4633 1407 4688 accidens
1429 4629 1770 4700 separabile:
1805 4627 2005 4682 horum

432 4735 710 4804 igiturque
741 4730 976 4783 alterum
1007 4727 1224 4796 eligite,
1267 4732 1327 4778 ut
1356 4723 1440 4777 vel
1475 4721 1612 4776 duas
1641 4727 1766 4791 post
1799 4719 2006 4773 unitio-

433 4840 558 4881 nem
588 4823 920 4893 hypostases
953 4825 1077 4874 esse
1107 4815 1388 4870 Christum
1423 4812 1659 4876 dicatis,
1689 4810 1774 4864 vel
1806 4808 2008 4864 divini-

432 4923 601 4968 tatem
631 4911 756 4979 ejus
789 4910 1005 4962 ratione
1040 4903 1353 4959 accidentis
1383 4901 1712 4972 separabilis
1743 4899 1811 4953 ab
1841 4900 2014 4968 ipsius

435 5001 779 5059 humanitate
824 4998 1182 5065 discrepare:
1221 5001 1450 5062 tumque
1494 4992 1632 5046 adeo
1674 4991 2012 5054 incrcatum,

435 5091 696 5166 principii
728 5104 925 5160 expers
945 5127 960 5151 ,
992 5084 1368 5157 impassibile,
1399 5083 1750 5152 omnipotens
1772 5120 1786 5144 ,
1815 5088 1867 5134 et
1907 5081 2014 5133 alia

433 5183 709 5256 ejusmodi
737 5199 754 5248 ;
787 5181 1029 5250 itemque
1058 5183 1302 5233 creatum
1328 5215 1343 5240 ,
1380 5183 1622 5245 emptum
1644 5212 1657 5238 ,
1705 5171 1973 5241 passibilc
1993 5208 2010 5235 ,

437 5280 655 5346 aliaque
687 5273 926 5338 similia,
959 5287 1023 5325 ex
1059 5269 1260 5340 quibus
1291 5267 1542 5322 Christus
1577 5267 1831 5325 constat,
1867 5261 2012 5315 acci-

439 5369 624 5423 dentia
653 5373 848 5429 erunt,
888 5371 941 5418 et
970 5361 1190 5432 quidem
1224 5356 1582 5427 separabilia,
1617 5352 2010 5424 mutabiliaque

439 5467 498 5515 et
525 5458 812 5512 variabilia
847 5475 858 5510 :
892 5463 987 5508 aut
1037 5453 1324 5508 nobiscum
1347 5489 1363 5517 ,
1393 5457 1568 5518 utque
1619 5446 1724 5502 fert
1767 5446 1968 5502 veritas
1992 5484 2008 5508 ,

442 5549 724 5607 Christum
752 5563 877 5603 esse
917 5547 1056 5601 duas
1104 5551 1331 5599 naturas
1377 5540 1685 5614 praedicetis
1711 5580 1725 5601 .
1774 5553 2009 5611 quarum

443 5637 741 5694 discrimen
761 5633 1236 5706 proﬁtemini.Qui
1260 5635 1405 5692 enim
1433 5632 1869 5690 substantiarum
1895 5631 2012 5687 dis-

2168 3514 2273 3586 κβ’.
2299 3514 2382 3568 Τὰ
2417 3514 2682 3586 ὁμοούσια
2710 3516 2802 3570 τὸν
2830 3515 2992 3570 αὐτὸν
3043 3515 3352 3585 ἐπιδέχεται
3381 3515 3556 3584 λόγον.
3600 3516 3663 3567 Ei

2099 3606 2192 3660 οὖν
2222 3609 2250 3660 6
2285 3606 2521 3679 Χριστὸς
2555 3608 2653 3679 μία
2703 3607 2866 3677 φύσις
2918 3609 3036 3662 ἐστὶ
3086 3607 3518 3679 σεσαρκωμένη,
3569 3608 3667 3659 xui

2103 3693 2277 3766 οὗτος,
2309 3698 2384 3764 ὥς
2433 3716 2594 3769 φατε,
2647 3701 2748 3770 τῆς
2801 3698 2965 3752 αὑτοῦ
3015 3698 3205 3760 οὐσίας
3252 3699 3281 3750 6
3317 3699 3440 3768 ὅρος
3480 3697 3664 3749 ἐστίν·

2099 3789 2384 3860 ὁμοούσιος
2435 3789 2493 3843 δέ
2525 3790 2642 3844 ἐστι
2676 3791 2768 3843 xui
2807 3791 3001 3860 Πατρὶ,
3042 3790 3136 3841 xui
3169 3789 3297 3856 ἡμῖν
3341 3787 3661 3856 ὁμοούσιος·

2101 3881 2209 3951 ἄρα
2237 3881 2391 3934 ἔσται
2418 3881 2512 3934 xui
2555 3883 2584 3934 6
2614 3881 2802 3952 Πατὴρ
2843 3880 2938 3933 καὶ
2970 3882 3128 3951 ἡμεῖς
3157 3880 3250 3950 μία
3277 3877 3432 3946 φύσις
3465 3877 3662 3946 θεότη-

2099 3989 2195 4035 τος
2225 3972 2646 4043 σεσαρκωμένη.

2177 4093 2282 4156 κγ’.
2325 4087 2390 4140 Ἦ
2421 4085 2660 4157 διαφορὰ
2683 4083 3036 4154 τούλάχιστον
3082 4083 3177 4137 δύο
3214 4083 3422 4151 εἰσάγει
3453 4081 3521 4134 τὰ
3553 4081 3672 4134 δια-

2106 4179 2362 4248 φέροντα,
2389 4178 2422 4248 ἢ
2451 4179 2665 4246 φύσεις,
2688 4177 2722 4246 ἢ
2754 4175 3101 4238 ὑποστάσεις,
3134 4175 3168 4246 ἢ
3213 4174 3344 4244 μίαν
3375 4173 3674 4226 ὑπόστασιν

2105 4270 2303 4339 ἑαυτῆς
2335 4269 2699 4340 διαφέρουσαν
2723 4285 2736 4302 ο
2777 4269 2870 4321 xui
2897 4269 2945 4320 si
2980 4267 3076 4337 μὲν
3110 4267 3322 4335 φύσεις,
3358 4265 3631 4327 οὑσιωδῶς
3655 4283 3671 4296 ο

2102 4361 2150 4413 ει
2173 4361 2228 4413 δὲ
2249 4361 2576 4423 ὑποστάσεις
2595 4359 2988 4430 ,ζὲπουσιωδῶς
3014 4376 3028 4390 ·
3059 4360 3106 4411 εἰ
3135 4359 3193 4411 δὲ
3219 4359 3348 4428 μίαν
3379 4359 3676 4411 ὑπόστασιν

2105 4447 2496 4521 ἀλλοιουμένην
2517 4451 2607 4504 xui
2639 4449 3138 4521 μεταϐαλλομένην,
3157 4449 3300 4502 κατὰ
3316 4449 3378 4502 τὺ
3408 4447 3676 4519 χωριστὸν

2110 4542 2454 4613 συμϐεϐηκός
2478 4558 2492 4573 ο
2542 4541 2730 4595 ἕλεσθε
2772 4543 3062 4613 τοιγαροῦν
3103 4543 3312 4596 τούτων
3361 4543 3604 4612 θάτερον,
3637 4543 3672 4611 ἢ

2107 4631 2203 4685 δύο
2249 4631 2579 4696 ὑποστάσεις
2632 4633 2769 4703 μετὰ
2814 4632 2912 4701 τὴν
2963 4632 3161 4686 ἕνωσιν
3214 4632 3308 4685 τὸν
3339 4632 3573 4701 Χριστὸν
3601 4631 3679 4682 εἵ-

2111 4737 2288 4782 πατε,
2327 4721 2360 4789 ἢ
2399 4721 2541 4772 κατὰ
2586 4721 2649 4772 τὸ
2691 4720 2958 4790 χωριστὸν
3008 4720 3357 4789 συμϐεϐηκὸς
3399 4720 3681 4789 διαφέρειν

2111 4806 2209 4878 τὴν
2244 4807 2474 4876 θεότητα
2523 4807 2688 4862 αὑτοῦ
2723 4809 2822 4877 τῆς
2868 4809 3032 4860 αὑτοῦ
3083 4809 3533 4878 ὰνθρωπότητος,
3585 4809 3684 4860 xui

2113 4897 2266 4950 ἔσται
2301 4895 2362 4949 τὸ
2390 4897 2644 4951 ἄκτιστον
2663 4937 2679 4961 ,
2723 4899 2819 4950 xui
2855 4898 3090 4968 ἄναρχον
3114 4937 3128 4962 ,
3178 4899 3272 4950 xui
3300 4897 3507 4959 ἀπαθὲς
3534 4935 3549 4959 ,
3585 4897 3687 4948 καὶ

2113 4987 2522 5059 παντοδύναμον
2553 5029 2567 5051 ,
2611 4988 2803 5042 καὶτὰ
2843 4988 3096 5054 τοιαῦτα,
3144 4988 3344 5057 ὁμοίως
3387 4987 3444 5038 δὲ
3491 4988 3586 5039 xui
3621 4987 3689 5038 τὸ

2113 5075 2355 5137 κτιστὸν,
2383 5076 2478 5127 xui
2503 5076 2796 5145 ἠργμένον,
2816 5075 2910 5128 xui
2934 5075 3197 5144 παθητὸν,
3224 5077 3318 5129 xui
3341 5076 3409 5128 τὰ
3430 5075 3686 5135 τοιαῦτα,

2119 5149 2532 5236 συμϐεϐηκότα,
2565 5168 2656 5220 xui
2685 5165 2855 5220 ταῦτα
2899 5169 3164 5236 χωριστὰ,
3194 5168 3288 5220 xui
3319 5168 3554 5237 τρεπτὰ,
3595 5171 3690 5220 καὶ

2115 5259 2380 5312 ἀλλοιωτὰ
2406 5259 2464 5323 te
2490 5253 2565 5312 ὦν
2591 5261 2618 5310 6
2643 5259 2899 5328 Χριστὸς,
2931 5258 2965 5327 ἢ
2995 5259 3091 5311 δύο
3113 5258 3306 5328 φύσεις
3335 5259 3427 5313 τὸν
3452 5260 3689 5330 Χριστὸν

2119 5351 2238 5421 μεθ’
2271 5351 2431 5422 ἡμῶν
2467 5352 2560 5404 xui
2609 5354 2708 5420 τῆς
2737 5350 2996 5419 ἀληθείας
3028 5349 3325 5421 κηρύξατε,
3358 5344 3433 5403 ὧν
3463 5353 3556 5404 καὶ
3585 5352 3690 5421 τὴν

2116 5441 2380 5514 διαφορὰν
2400 5443 2732 5512 ὁμολογεῖτε.
2758 5441 2971 5494 Οὑσιῶν
2996 5440 3105 5512 γὰρ
3125 5441 3389 5511 διαφορὰν
3411 5442 3686 5510 λέγοντες,

2118 5532 2294 5585 ούσῶν
2330 5533 2509 5601 λέγειν
2558 5533 2648 5584 xui
2683 5533 3006 5601 σωζομένων
3036 5532 3540 5602 ἀναγκασθήσεσθε.
3579 5533 3689 5584 Τοῦ

2121 5626 2226 5694 γὰρ
2261 5625 2333 5694 μὴ
2377 5626 2524 5688 ὖντος
2553 5624 2672 5676 οὔτε
2708 5625 2940 5694 διαφορὰ
2973 5625 3037 5679 ἂν
3065 5626 3171 5694 εἴη.
3206 5625 3328 5687 Πῶς
3359 5627 3469 5694 γὰρ
3497 5625 3691 5688 διαφέ-
