3980 6140
473 168 609 234 1451

1663 166 1722 226 S.
1749 161 2077 230 .JOANNIS
2114 163 2541 225 DAMASCENI

3592 167 3734 234 1452

471 277 876 348 excogitatores
904 283 958 332 et
1024 274 1423 344 speculatores,
1479 274 1621 330 sitne
1663 273 1925 344 c0gitatio
1957 287 2046 326 rc-

2160 275 2434 344 ὲπινοηταὶ
2497 275 2590 328 καὶ
2637 274 2950 346 Θεωρηταί·
3007 279 3038 347 ἡ
3099 278 3310 332 ἐπίνοια
3358 280 3580 351 ἀληθῶν
3632 284 3732 338 καὶ

473 386 596 426 rum
629 382 880 423 verarum
921 373 974 420 ct
1007 366 1417 429 exsistentium,
1471 373 1625 419 utea
1693 380 1815 435 quae
1855 363 2044 418 sensui

446 499 448 502 ν
476 462 750 532 simplicia
795 457 1068 521 videntur,
1107 457 1331 511 notione
1359 455 1618 526 dispiciat
1643 463 1696 510 et
1726 456 2044 518 discernat;

477 554 624 607 velut
683 552 729 604 si
780 549 834 602 in
883 548 1106 602 homine
1157 547 1419 611 animam,
1463 562 1584 616 quae
1624 546 1727 600 sub
1766 551 2045 614 aspectum

477 660 585 698 non
611 641 779 705 cadit,
815 654 918 691 una
952 654 1078 692 cuin
1112 652 1348 707 corpore
1382 636 1528 706 quod
1565 637 1713 690 cerni
1746 647 1932 690 natum
1957 635 2047 699 sit,

479 740 797 803 cognoscat,
829 731 911 784 vel
946 729 1264 800 ﬁgmentum
1309 729 1506 783 mentis
1537 743 1600 781 ex
1624 725 2051 796 complicatione

480 831 764 879 sensuset
801 821 1236 891 imaginationis,
1295 835 1361 874 ex
1391 820 1460 874 iis
1517 833 1639 889 quae
1670 826 1798 872 sunt
1835 832 1898 871 ea
1930 832 2052 884 quae

479 931 589 969 non
625 921 775 980 sunt,
801 911 1181 982 componentis
1213 921 1266 964 et
1304 909 1635 979 efﬁngentis,
1666 917 1724 962 ut
1749 909 2051 978 hippocen-

478 1016 764 1060 taurorum
817 1013 872 1058 et
939 1003 1378 1072 tragelaphorum
1445 999 1648 1054 eﬂictio
1687 1013 1800 1052 rem
1834 1013 1942 1053 non
1975 997 2050 1051 si-

487 1097 739 1167 gniﬁcat;
772 1095 853 1150 vel
909 1095 1053 1148 nuda
1103 1101 1188 1149 est
1213 1107 1316 1146 vox
1347 1091 1776 1161 signiﬁcationis
1828 1104 2048 1158 expers,

491 1200 549 1244 ut
572 1190 901 1258 scindapsus
931 1195 985 1240 et
1008 1185 1202 1240 hlitiri.
1226 1182 1282 1237 Si
1305 1181 1607 1239 secundum
1635 1180 1844 1244 dicitis,
1871 1181 2053 1234 incar-

491 1281 728 1335 nationis
748 1276 1068 1348 mysterium
1113 1288 1262 1328 mera
1326 1270 1642 1341 imaginatio
1680 1279 1842 1337 atque
1873 1267 2053 1322 illusio

486 1373 590 1427 erit
629 1388 641 1421 :
681 1370 726 1425 si
751 1370 1014 1438 primum,
1037 1365 1110 1419 uti
1145 1364 1283 1419 duas
1312 1372 1540 1418 naturas
1565 1360 1899 1432 cogitatione
1920 1373 2054 1412 con-

484 1461 765 1524 sideratis,
829 1473 952 1513 cum
1012 1454 1386 1510 consideratio
1417 1454 1492 1508 sit
1527 1466 1716 1507 eorum
1748 1463 1870 1518 qua:
1903 1456 2050 1512 sunt,

494 1572 591 1606 cur
652 1569 713 1606 ca
760 1565 880 1621 qute
930 1556 1058 1603 sunt
1097 1562 1206 1600 non
1237 1545 1565 1609 numeretis;
1606 1541 1824 1611 quando
1877 1537 2054 1594 sancti

492 1646 683 1700 Patres
715 1613 822 1698 non
849 1647 1093 1701 naturas,
1137 1637 1231 1693 sed
1267 1638 1458 1690 harum
1483 1634 1806 1690 distantiam
1838 1630 2048 1701 cogita—
2085 1613 2126 1666 Β

479 1741 633 1793 tione
691 1734 916 1801 intelligi
973 1729 1271 1786 dixerunt?
1311 1727 1442 1781 Nam
1487 1727 1580 1782 ubi
1603 1735 1815 1780 natura:
1844 1722 2048 1793 cogita-

481 1831 630 1886 tione
666 1828 1029 1888 dirimuntur,
1078 1821 1299 1891 inquit?
1335 1819 1491 1886 Quod
1526 1818 1570 1874 si
1613 1815 1944 1886 cogitatione
1967 1813 2048 1866 di-

483 1923 772 1984 rimantur,
835 1915 1186 1971 manifestum
1212 1921 1297 1968 est
1325 1926 1420 1966 eas
1475 1924 1582 1965 non
1617 1918 1747 1962 actu
1786 1905 1870 1961 vel
1904 1903 2049 1960 exsi-

483 2013 684 2068 stentia
709 2011 936 2064 distare.
960 2006 1015 2059 Si
1037 2006 1184 2060 enim
1217 2001 1362 2072 quod
1391 1999 1725 2071 c0gitatione
1750 2001 2046 2066 spectatur,

483 2101 805 2158 exsistentia
857 2105 964 2162 est,
994 2095 1332 2166 cogitatione
1385 2098 1568 2145 autem
1606 2087 1921 2142 distantiam
1955 2099 2051 2139 na-

484 2207 732 2249 turarum
763 2190 876 2246 ﬁeri
920 2189 996 2242 ait
1043 2187 1260 2241 Pater"
1295 2193 1454 2240 :actu
1479 2184 1650 2252 igitur
1677 2188 1732 2236 et
1777 2178 2049 2234 exsistan-

486 2288 562 2340 tia
588 2283 907 2340 distantiam
956 2279 1178 2340 dixerit,
1211 2275 1362 2346 quod
1393 2274 1508 2329 ﬁeri
1543 2271 1761 2342 nequit.
1793 2269 1908 2325 Vos
1949 2268 2049 2336 igi-

487 2386 577 2430 tur
591 2390 715 2430 cum
733 2383 856 2443 post
874 2370 1201 2434 unitionem,
1219 2364 1562 2422 divinitatem
1581 2370 1637 2417 et
1655 2360 2050 2416 humanitatem

487 2469 543 2520 in
607 2464 826 2519 Christo
877 2462 1064 2517 dicitis
1131 2474 1241 2512 non
1279 2473 1338 2511 re
1369 2465 1422 2511 et
1471 2462 1599 2509 actu
1627 2467 1722 2508 cas
1754 2450 2001 2506 fatemini
2033 2463 2045 2498 :

486 2571 617 2626 ergo
667 2571 729 2609 ex
789 2561 971 2608 vestra
1024 2549 1320 2611 sententia,
1369 2560 1548 2614 neque
1611 2542 1755 2597 Deus
1782 2539 1892 2596 erit
1918 2554 1977 2594 re
1999 2545 2052 2592 et

486 2647 734 2708 veritate,
791 2657 971 2711 neque
998 2641 1185 2703 homo,
1226 2638 1320 2693 sed
1350 2635 1499 2691 aliud
1523 2633 1655 2704 quid
1687 2639 1886 2702 praeter
1913 2629 2048 2683 haec.

557 2735 645 2788 50.
678 2732 914 2795 Rursus,
939 2730 987 2786 si
1015 2726 1480 2796 contemplatione
1495 2730 1660 2779 tenus
1696 2719 1882 2776 dicitis
1914 2718 2053 2773 duas

487 2826 691 2882 Christi
719 2831 965 2884 naturas,
991 2817 1432 2890 quandoquidem
1456 2811 1848 2882 contemplatio
1867 2824 2050 2864 rerum

487 2915 867 2972 exsistentium
898 2918 1007 2974 est,
1039 2917 1100 2964 ut
1128 2909 1323 2962 harum
1356 2919 1538 2959 rerum
1573 2900 1732 2973 periti
1757 2897 2049 2956 tradidere.

471 3003 808 3062 necessario
850 3016 1079 3072 prorsus
1131 3006 1342 3053 natura;
1380 2993 1588 3050 Christi
1648 2998 1799 3046 sunt.
1829 2987 1982 3055 Quod
2007 2987 2055 3042 si

494 3106 661 3159 sunt,
698 3094 897 3163 ecquid
928 3107 1058 3163 ergo
1110 3103 1396 3145 numerum
1424 3101 1525 3140 ceu
1547 3081 2056 3139 terriculamentum

489 3184 713 3254 aliquod
749 3181 983 3252 fugitis?

559 3279 648 3330 3|.
686 3273 779 3328 Sin
805 3282 984 3326 autem
1015 3269 1139 3323 aitis
1183 3265 1352 3336 quod,
1382 3263 1474 3332 qui
1497 3269 1724 3315 naturas
1740 3258 1878 3314 duas
1901 3259 2054 3323 dicit,

488 3365 701 3421 dividat
751 3362 1074 3434 mysterium
1144 3351 1575 3417 incarnationis,
1620 3351 1870 3420 duosque
1903 3346 2061 3402 Chri-

492 3466 610 3509 stos
637 3452 847 3508 elIutiat
879 3468 890 3502 :
929 3449 1024 3517 qui
1055 3459 1188 3514 ergo
1213 3443 1472 3498 unionem
1507 3454 1577 3494 ex
1609 3437 1826 3492 naturis
1846 3434 2058 3490 duabus

491 3545 647 3608 dicit,
700 3557 766 3602 ex
797 3540 1010 3594 duobus
1047 3534 1276 3608 proinde
1307 3531 1546 3588 Christis
1574 3528 1831 3584 unionem
1884 3539 2061 3579 enun-

493 3638 612 3689 ti'at.

563 3725 652 3780 5'2.
720 3723 776 3775 Si
806 3721 1035 3776 dicendo
1070 3719 1207 3773 duas
1247 3723 1499 3778 naturas,
1542 3711 1824 3767 Christum
1857 3704 2061 3761 dividi-

495 3810 588 3871 tis,
619 3808 674 3860 in
704 3807 950 3860 unitione
977 3821 1104 3859 vero
1139 3810 1364 3856 naturas
1395 3799 1532 3854 duas
1563 3797 1831 3858 asseritis,
1861 3794 1913 3847 in
1938 3793 2059 3847 uni-

496 3900 645 3953 tione
691 3897 860 3964 igitur
923 3894 1182 3948 unionem
1237 3890 1507 3954 dividitis,
1563 3895 1622 3941 ut
1649 3901 1712 3940 ex
1736 3891 1917 3940 vestra
1948 3883 2063 3950 Opi-

479 3991 660 4044 ‘nione
691 3985 868 4041 unitio
900 3985 1098 4039 divisio
1132 3985 1224 4040 sit.

565 4080 657 4135 55.
722 4075 925 4136 Natura
960 4082 1013 4128 et
1056 4082 1256 4127 natura
1297 4071 1460 4124 unius
1492 4083 1615 4123 esse
1678 4074 1891 4122 natum
1923 4081 2063 4120 nun-

392 4158 406 4174 ’”
485 4161 659 4239 ’(μιιιηι
703 4165 978 4228 dicentur,
1013 4162 1109 4217 sed
1141 4161 1304 4215 unius
1349 4159 1531 4212 forsan
1568 4156 1882 4225 hypostasis
1916 4171 1930 4207 :
1968 4170 2066 4209 nec

2149 368 2319 420 ὄντων
2353 367 2696 437 πραγμάτων
2741 369 2889 421 ἐστὶν
2915 410 2930 434 ,
2960 370 3124 421 οἱονεὶ
3162 369 3230 422 τὰ
3257 373 3324 442 τῇ
3353 372 3615 444 αἰσθήσει
3644 374 3733 427 δο-

2151 456 2350 510 κοῦντα
2381 458 2549 518 ἁπλᾶ,
2581 459 2646 528 τῇ
2680 459 2862 527 νοήσει
2891 458 3190 529 δισθροῦσα
3214 463 3310 515 καὶ
3341 462 3726 536 διακρίνουσα,

2150 547 2224 610 ὼς
2260 549 2352 600 ἐπὶ
2382 548 2672 618 ἀνθρώπου
2707 550 2803 602 σὺν
2836 549 2956 621 Θεῷ
2982 549 2995 599 1
3037 553 3349 623 φαινομένῳ
3381 554 3603 624 σώματι
3634 560 3730 610 καὶ

2150 638 2248 705 τὴν
2287 638 2463 710 ψυχὴν
2491 641 2930 708 ἐπιγινώσκουσα
2956 680 2972 705 ,
3007 643 3068 695 τὸ
3099 643 3332 713 ἀόρατον
3353 686 3366 708 ,
3486 647 3730 712 διανοίας

2150 729 2502 800 ἀνάπλασμα,
2532 730 2672 784 κατὰ
2701 731 3022 802 συμπλοκὴν
3049 733 3357 803 αἰσθήσεώς
3379 752 3437 788 τε
3465 737 3561 789 καὶ
3588 755 3729 805 φαν-

2151 821 2345 884 τασίας
2391 823 2455 874 ἐκ
2501 822 2611 874 τῶν
2653 823 2820 875 ὄντων
2849 823 2914 875 τὰ
2954 823 3220 894 μηδαμῶς
3245 825 3373 879 ὄντα
3411 827 3728 883 συντιθεῖσα

2155 912 2248 964 καὶ
2282 912 2699 966 άναπλάττουσα
2724 954 2739 976 ,
2792 915 2868 976 ὡς
2904 917 2936 984 ἡ
2986 915 3094 966 τῶν
3142 917 3601 989 ίπποκενταύρων
3636 922 3729 973 καὶ

2153 1002 2513 1073 τραγελάφων
2556 1003 2935 1074 μυθοπλαστία
2985 1009 3217 1078 πρᾶγμα
3255 1004 3348 1060 οὖν
3379 1008 3401 1047 ι
3444 1012 3725 1079 σημαίνει,

2152 1091 2186 1160 ἢ
2214 1090 2345 1160 ψιλὴ
2391 1092 2544 1162 φωνὴ
2583 1092 2794 1163 ἄσημός
2850 1095 3005 1155 ἐστι,
3055 1095 3133 1158 ὡς
3175 1095 3469 1165 σκίνδαψος
3517 1102 3622 1152 καὶ
3671 1100 3728 1152 τὸ

2155 1180 2386 1252 βλίτυρι.
2427 1180 2490 1234 Et
2553 1183 2653 1251 μὲν
2702 1183 2794 1236 οὖν
2845 1184 2906 1236 τὸ
2955 1184 3250 1256 δεύτερον,
3303 1191 3580 1256 φαντασία
3638 1192 3727 1244 καί

2154 1274 2488 1344 φενακισμὸς
2517 1275 2577 1328 τὸ
2611 1277 2710 1344 τῆς
2757 1277 3071 1346 οἰκονομίας
3105 1280 3425 1349 μυστήριον.
3459 1283 3521 1334 Et
3557 1283 3621 1334 δὲ
3671 1285 3726 1336 τὸ

2154 1365 2442 1434 πρότερον,
2474 1367 2567 1419 δύο
2599 1366 2656 1419 δὲ
2679 1367 2797 1420 κατ’
2820 1369 3068 1421 ἐπίνοιαν
3093 1369 3191 1432 τὰς
3206 1363 3413 1438 ’φύσεις
3442 1371 3723 1443 Θεωρεῖτε·

2163 1460 2332 1513 ὄντων
2373 1461 2429 1514 δὲ
2467 1464 2498 1532 ἡ
2542 1463 2743 1532 θεωρία
2772 1481 2786 1493 ·
2828 1463 2880 1516 τί
2922 1465 2991 1518 τὰ
3024 1463 3153 1517 ὄντα
3197 1466 3270 1534 μὴ
3317 1465 3648 1536 ἀριθμεῖτες
3676 1467 3727 1519 ὃ·

2157 1565 2260 1602 που
2293 1566 2358 1616 γε
2405 1551 2454 1602 οἱ
2506 1552 2750 1622 Πατέρες
2782 1554 2833 1604 οἱ
2865 1553 3010 1621 ἅγιοι
3037 1595 3050 1618 ,
3084 1554 3148 1606 οὑ
3166 1552 3263 1616 τὰς
3281 1555 3491 1623 φύσεις,
3537 1555 3644 1625 τὴν
3674 1555 3725 1608 δὲ

2155 1639 2358 1693 τούτων
2403 1641 2686 1696 διάστασιν
2730 1642 2850 1695 κατ’
2891 1644 3136 1698 ἐπίνοιαν
3169 1640 3358 1709 εἷπονς
3394 1645 3589 1701 Ἠνίκα
3620 1647 3725 1715 γὰρ

2156 1733 2212 1784 αἱ
2241 1731 2458 1800 φύσεις,
2494 1733 2650 1802 φησὶ,
2697 1733 2997 1787 διίστανται
3041 1737 3162 1799 ταῖς
3201 1737 3504 1801 ἐπινοίαις;
3540 1738 3606 1790 Εἰ
3637 1736 3722 1791 οὖν

2155 1823 2222 1891 τῇ
2253 1823 2467 1893 ἐπινοίᾳ
2499 1818 2556 1874 αἱ
2586 1821 2778 1892 φύσεις
2811 1823 3154 1890 διίστανται,
3189 1825 3346 1894 δῆλον
3395 1827 3472 1889 ὼς
3505 1826 3611 1879 οὑκ
3642 1829 3723 1879 ἐν·

2156 1911 2345 1982 εργείᾳ
2364 1952 2378 1977 ,
2407 1912 2530 1965 οὑδὲ
2563 1913 2793 1983 ὑπάρξει
2821 1913 2882 1965 τὸ
2912 1915 3129 1985 ἐπινοίᾳ
3154 1932 3167 1945 ·
3203 1917 3250 1968 εί
3279 1916 3388 1987 γὰρ
3422 1917 3486 1970 τὸ
3512 1917 3724 1986 ἐπινοίᾳ

2157 2003 2415 2072 ὑπάρξει,
2447 2005 2659 2075 ἐπινοίᾳ
2705 2005 2761 2057 δὲ
2809 2005 2838 2056 6
2875 2005 3099 2078 Πατὴρι
3136 2007 3235 2076 τὴν
3279 2007 3564 2062 διάστασιν
3593 2008 3718 2078 ἔφη,

2156 2093 2409 2164 ἐνεργείᾳ
2454 2093 2550 2148 καὶ
2603 2095 2837 2166 ὑπάρξει
2887 2096 3022 2166 φησὶ
3073 2095 3172 2166 τὴν
3227 2097 3545 2162 διάστασιν,
3588 2099 3721 2170 ὅπερ

2157 2187 2459 2256 ἀμήχανον.
2525 2187 2713 2258 Ὑμεῖς
2759 2187 3050 2259 τοιγαροῦν
3093 2189 3309 2258 ἐπινοίᾳ.
3344 2191 3446 2259 τὴν
3497 2189 3720 2260 θεότητα

2157 2279 2249 2331 καὶ
2272 2279 2371 2350 τὴν
2399 2278 2798 2350 ἅνθρωπότητα
2825 2281 2883 2332 ἐν
2915 2279 2993 2349 τῷ
3021 2279 3244 2350 Χριστῷ
3293 2281 3434 2350 μετὰ
3459 2279 3559 2351 τὴν
3586 2281 3719 2333 ἐνω-

2160 2388 2243 2422 σιν
2281 2371 2531 2439 λέγοντες
2555 2411 2570 2436 ,
2603 2371 2702 2424 οὑκ
2741 2371 3023 2443 ἐνεργείᾳ,
3053 2371 3175 2424 οὑδὲ
3206 2373 3493 2441 πράγματι
3524 2371 3720 2434 ταύτας

2157 2462 2506 2532 ὁμολογεῖτεο
2541 2461 2736 2514 οὐκοῦν
2767 2462 2890 2516 οὔτε
2915 2463 3049 2526 Θεὸς
3079 2462 3233 2515 ἔσται
3264 2461 3386 2516 καθ’
3419 2463 3566 2532 ὑμᾶς
3590 2464 3720 2532 ἀλη-

2159 2553 2312 2624 θείᾳ,
2346 2551 2469 2605 οὔτε
2500 2551 2730 2623 ὑπάρξει
2752 2592 2766 2616 ,
2796 2551 2917 2605 οὐδὲ
2947 2552 3263 2623 ἄνθρωπος,
3300 2553 3438 2606 ἀλλά
3476 2569 3529 2605 τι
3571 2553 3718 2623 παρὰ

2158 2640 2332 2695 ταῦτα
2354 2640 2561 2711 ἕτερον.

2229 2729 2293 2784 λ’.
2337 2730 2448 2786 Καὶ
2482 2731 2641 2785 πάλιν
2669 2773 2684 2797 ,
2731 2735 2779 2786 εἰ
2819 2733 3113 2803 θεωρίαν¹¹
3152 2732 3284 2800 φατέ
3326 2732 3420 2786 δύο
3459 2731 3552 2785 τοῦ
3584 2733 3722 2805 Χρι-

2163 2818 2292 2874 στοῦ
2318 2820 2418 2884 τὰς
2453 2821 2645 2889 φύσεις
2673 2837 2686 2850 ·
2727 2821 2858 2894 περὶ
2889 2821 2959 2875 τὰ
2999 2821 3130 2874 ὅντα
3159 2821 3212 2874 δὲ
3247 2824 3280 2891 ἠ
3308 2821 3534 2892 Θεωρία,
3566 2822 3645 2884 ὡς
3671 2824 3724 2875 οἱ

2160 2911 2332 2968 ταῦτα
2382 2913 2546 2964 δεινοὶ
2579 2912 2916 2984 διειλήφασιν
2941 2931 2953 2945 ·
3000 2914 3112 2965 εἰσὶ
3149 2914 3365 2975 πάντως
3389 2913 3445 2964 αἱ
3486 2912 3721 2984 Χριστοῦ

2157 3000 2370 3068 φύσεις.
2416 3003 2526 3054 Καὶ
2559 3003 2607 3053 εί
2650 3003 2777 3072 εἰσὶ,
2817 3002 2870 3054 τί
2897 3001 2988 3054 τὸν
3015 3001 3251 3074 ἀριθμὸν
3282 3004 3474 3074 ὥσπερ
3513 3021 3565 3056 τι
3590 3021 3721 3074 μορ-

2161 3089 2444 3160 μολύκειον
2472 3090 2702 3160 φεύγετε
2726 3111 2740 3158 ;

2179 3288 2181 3290 ·
2228 3263 2330 3318 λα’.
2373 3267 2437 3320 Et
2469 3265 2526 3319 δέ
2567 3284 2726 3336 φατε,
2771 3269 2844 3330 ὡς
2888 3269 2917 3322 6
2948 3268 3121 3334 λέγων
3167 3266 3262 3322 δύο
3294 3268 3486 3335 φύσεις
3526 3268 3722 3338 διαιριῖ

2158 3355 2256 3425 τὴν
2293 3357 2605 3430 οἰκονομίαν
2627 3397 2642 3423 ,
2684 3359 2778 3414 καὶ
2817 3357 2912 3413 δύο
2955 3358 3106 3426 λέγει
3141 3358 3413 3428 Χριστούς
3439 3377 3453 3390 ο
3488 3359 3596 3429 ἄρα
3624 3360 3719 3411 καὶ

2159 3446 2187 3495 6
2215 3445 2277 3497 ἐκ
2311 3445 2404 3497 δύο
2431 3445 2646 3514 φύσεων
2681 3447 2779 3517 τὴν
2805 3447 2996 3499 ἕνωσιν
3022 3447 3220 3514 λέγων,
3259 3451 3322 3500 ὲκ
3359 3448 3453 3500 δύο
3490 3448 3722 3518 Χριστὸν

2166 3534 2330 3604 φήσει
2359 3537 2452 3589 καὶ
2484 3536 2697 3589 ἐνωσιν.

2232 3713 2330 3784 λβ’.
2372 3715 2434 3768 Εἰ
2460 3715 2522 3767 τὸ
2556 3715 2739 3782 λέγειν
2767 3714 2860 3767 δύο
2892 3715 3082 3784 φύσεις
3121 3715 3318 3786 διαιρεῖ
3346 3717 3439 3768 τὸν
3467 3713 3724 3786 Χριστὸν,

2163 3808 2221 3857 ἐν
2262 3806 2319 3857 δὲ
2360 3807 2428 3875 τῇ
2478 3804 2669 3856 ἐνώσει
2715 3804 2808 3857 δύο
2847 3804 3039 3872 φύσεις
3082 3804 3248 3875 φατὲ,
3304 3808 3362 3857 ἐν
3409 3809 3472 3875 τῇ
3523 3806 3728 3860 ἑνώσει

2163 3894 2422 3963 διαιρεῖτε
2455 3893 2555 3963 τὴν
2580 3893 2792 3957 ἐνωσιν,
2826 3892 2920 3947 καὶ
2957 3891 3110 3946 ἔσται
3133 3893 3168 3962 ἡ
3198 3891 3388 3954 ἐνωσις
3427 3891 3547 3944 καθ’
3576 3893 3728 3961 ὑμᾶς

2164 3984 2449 4053 διαίρεσις,

2235 4067 2332 4137 λγ’.
2371 4068 2535 4132 Φύσις
2565 4069 2657 4122 καὶ
2687 4068 2850 4140 φύσις
2883 4072 3013 4141 μιᾶς
3047 4069 3270 4140 φύσεως
3311 4070 3376 4123 οὑ
3408 4070 3725 4140 λεχθήσεται

2171 4159 2392 4210 πώποτε
2414 4196 2429 4220 ,
2473 4157 2610 4210 ἀλλὰ
2652 4160 2784 4225 μιᾶς
2813 4158 2977 4228 τυχὸν
3010 4159 3364 4223 ὑποστάσεως
3389 4178 3402 4190 ·
3453 4159 3562 4212 οὐδ’
3595 4160 3725 4212 ὑπό-

497 4255 814 4328 hypostasis
832 4261 885 4308 ct
913 4249 1229 4323 hypostasis
1255 4248 1421 4303 unius
1442 4246 1698 4300 dicentur
1730 4243 2057 4314 hypostasis,

2173 4263 2359 4310 στασις
2412 4249 2506 4300 καὶ
2565 4245 2861 4311 ὑπόστασις
2931 4250 3062 4318 μιᾶς
3129 4249 3482 4315 ὑποστάσεως
3519 4289 3536 4314 ,
3598 4249 3725 4303 ἀλλὰ

499 4349 593 4404 sed
627 4347 790 4401 unius
826 4353 1058 4399 natura.
1089 4340 1194 4407 Qui
1243 4341 1408 4412 igitur
1437 4353 1501 4393 ea
1527 4352 1596 4392 ex
1618 4335 1818 4405 quibus
1851 4345 2066 4389 constat

497 4439 778 4501 Christus,
807 4436 970 4489 unius
1005 4442 1214 4488 natura:
1248 4445 1370 4486 esse
1400 4427 1702 4494 afﬁrmatis,
1741 4427 2065 4496 hypostases

499 4532 620 4594 has,
640 4537 692 4584 ct
715 4544 822 4582 non
847 4536 1071 4580 naturus
1097 4539 1218 4587 esse
1243 4519 1543 4576 fateamini.
1563 4517 1659 4572 Sin
1688 4526 1891 4583 autem,
1911 4526 2064 4571 ante-

500 4619 680 4688 posita
726 4617 955 4670 veritate
993 4612 1302 4674 mendacio,
1348 4625 1432 4672 ea,
1469 4624 1535 4662 ex
1567 4608 1770 4677 quibus
1803 4617 1886 4662 est
1910 4607 2068 4662 Chri-

502 4716 642 4770 stus,
681 4713 805 4774 post
835 4705 1136 4757 unitionem
1162 4705 1324 4766 unius
1354 4699 1670 4772 hypostasis
1694 4714 1816 4753 esse
1845 4699 2063 4762 dicatis,

503 4806 729 4852 naturas
761 4797 912 4850 istaec
943 4808 1068 4850 eSSc
1097 4794 1461 4849 conﬁtemini.

571 4889 660 4949 '54.
695 4887 750 4942 Si
811 4887 1106 4942 discrimen
1157 4896 1476 4940 naturarum
1519 4886 1682 4939 etiam
1709 4891 1835 4954 post
1866 4883 2065 4936 unitio-

492 4997 628 5038 lncm
668 4979 989 5052 agnoscitis,
1041 4977 1316 5047 quomodo
1347 4976 1543 5044 plurali
1576 4989 1809 5030 numero
1839 4982 2064 5028 naturas

574 5160 618 5193 ι’
640 5158 870 5227 Gregor.
895 5153 1026 5211 Naz.
1067 5160 1206 5208 orat.
1238 5153 1306 5207 56
1334 5171 1350 5216 ς
1375 5154 1565 5225 Cyrill.
1597 5155 1761 5224 epist.
1801 5153 1836 5204 2
1866 5153 1931 5206 ad
1961 5152 2126 5207 Suec.

2169 4339 2300 4406 μιᾶς
2335 4336 2567 4407 φύσεως.
2605 4338 2750 4402 Μιᾶς
2783 4339 2877 4393 οὖν
2907 4339 3121 4409 φύσεως
3147 4340 3218 4394 τὰ
3251 4341 3312 4404 ἐξ
3339 4334 3415 4394 ὧν
3441 4343 3471 4394 6
3502 4340 3725 4410 Χριστὸς

2166 4427 2413 4495 λέγοντες
2438 4467 2452 4491 ,
2487 4426 2814 4491 ὑποστάσεις
2851 4428 3080 4496 ταύτας,
3109 4432 3205 4483 καὶ
3233 4431 3294 4484 οὑ
3331 4429 3522 4498 φύσεις
3546 4427 3724 4498 ὁμολο-

2169 4519 2408 4588 γήσοιτε.
2445 4517 2510 4571 Et
2539 4517 2596 4572 δὲ
2622 4518 2849 4589 τάληθὲς
2880 4519 2975 4573 τοῦ
3016 4519 3247 4588 ψεύδους
3269 4519 3686 4591 προαιρούμενοι
3707 4556 3723 4582 ,

2169 4612 2302 4681 μιᾶς
2344 4609 2558 4678 φύσεως
2600 4609 2669 4664 τὰ
2716 4609 2775 4674 ἐξ
2801 4604 2874 4665 ὧν
2902 4611 2931 4663 6
2977 4610 3211 4684 Χριστὸς
3251 4612 3392 4682 μετὰ
3421 4611 3519 4682 τὴν
3543 4611 3726 4663 ἕνωσιν

2170 4701 2351 4752 είπετε
2373 4741 2388 4765 ,
2421 4700 2612 4768 φύσεις
2650 4699 2825 4755 ταῦτα
2853 4701 3262 4772 ὁμολογήσοιτε.

2243 4878 2335 4933 λδ’.
2369 4880 2431 4932 Εἰ
2475 4880 2573 4950 τὴν
2602 4879 2864 4951 διαφορὰν
2889 4879 2998 4934 τῶν
3027 4882 3242 4952 φύσεων
3295 4884 3392 4936 καὶ
3446 4881 3587 4951 μετὰ
3635 4881 3728 4950 τὴν

2172 4973 2364 5029 ἕνωσιν
2407 4972 2718 5042 ὁμολογεῖτε
2747 5012 2763 5040 ,
2809 4973 2926 5039 πῶς
2961 4974 3072 5029 τῶν
3099 4974 3314 5044 φύσεων
3356 4973 3728 5046 πληθυντικῶς

1788 5326 2016 5382 νΑιιιιΕ
2068 5327 2467 5385 LECTIONES.

580 5483 596 5523 ι
629 5471 816 5543 forte,
846 5472 938 5542 τῷ.
1017 5469 1398 5543 κιεεεηιιιιηι,
1448 5467 1679 5543 πρᾶγμα
1715 5465 1795 5519 οὑ.
1847 5463 1974 5543 ηερε)
2013 5465 2277 5543 periodus
2306 5464 2458 5523 deest
2506 5465 2563 5519 in
2596 5461 2765 5518 Arab.

1645 5551 1729 5607 eg.
1757 5535 1901 5589 κατὰ
1938 5533 2195 5606 θεωρίαν.

511 5540 750 5612 Cyrillus
777 5540 963 5610 utique
1003 5551 1057 5598 et
1096 5540 1422 5613 Gregorius.
1529 5549 1568 5577 ω

2850 5461 2943 5518 IIn
2967 5447 3132 5516 .Arab.
3169 5461 3221 5514 in
3281 5459 3482 5531 plurali
3510 5457 3721 5517 Patres;
