3970 6156
316 329 484 398 ’1453

1593 325 1890 388 CONTRA
1925 326 2341 386 JACOBITAS.

3454 321 3590 389 1454

346 453 634 520 λέγοντες,
675 436 735 500 οὐ
769 444 862 499 δύο
919 445 1108 516 φύσεις
1161 446 1494 515 ὁμολογεῖτε.
1550 446 1613 498 Εἰ
1667 446 1776 516 γὰρ
1822 444 1922 515 μία

2042 445 2469 505 )ι·οηιιηῑίιιιιῑθδ,
2501 458 2607 497 non
2642 442 2780 499 duas
2829 451 3056 500 naturas
3108 440 3404 497 fatemini?
3446 438 3585 495 Nam

345 539 470 596 καθ’
513 537 658 608 ὑμᾶς
707 534 869 604 φύσις
914 534 1170 598 σύνθετός
1219 535 1336 587 ἔστι
1388 534 1525 600 μετὰ
1558 535 1657 606 τὴν
1692 534 1909 598 ἕνωσιν,

346 630 455 684 ἔδει
480 626 625 698 ὑμᾶς
656 627 833 697 λέγειν
853 664 869 693 ,
915 627 978 684 οὐ
1015 625 1230 695 φύσεων
1258 627 1524 697 διαφορὰν
1547 665 1561 690 ,
1611 626 1749 679 ἀλλὰ
1784 626 1912 695 μιᾶς

347 722 564 789 φύσεως
591 719 728 790 πρὸς
775 718 977 789 ἑαυτὴν
1026 718 1322 787 διαφοράν·
1384 718 1520 787 ὅπερ
1566 715 1719 786 ὑμῶν
1745 758 1759 782 ,
1816 717 1916 785 οὐχ

258 868 259 871 η
351 810 506 880 ἡμῶν
559 810 706 864 ἔστιν
750 812 942 891 εἰπεῖν
992 808 1089 863 καὶ
1136 807 1424 878 φρονῆσαι.
1490 808 1555 860 Ἦ
1608 806 1746 878 αὐτὴ
1805 805 1916 875 γὰρ

352 901 512 969 φύσις
577 899 809 970 οὐσιώδη
880 897 1143 969 διαφορὰν
1193 897 1330 967 πρὸς
1393 895 1592 967 ἑαυτὴν
1636 895 1751 966 ὀὐχ
1805 895 1915 959 ἕξει

353 994 503 1046 ποτέ.
1072 1026 1089 1035 ο

422 1083 517 1136 λε’.
556 1083 619 1135 Εἰ
657 1082 756 1152 μία
810 1080 970 1150 φύσις
995 1081 1111 1133 ἐστὶ
1148 1079 1242 1133 τοῦ
1275 1078 1536 1150 Χριστοῦ,
1568 1078 1757 1131 εἴπατε
1788 1078 1919 1147 ἡμῖν

352 1171 414 1226 τὸ
452 1171 656 1241 ταύτης
686 1170 877 1240 ὄνομα.
908 1170 1029 1242 Χρὴ
1060 1171 1169 1241 γὰρ
1202 1170 1263 1222 τὸ
1290 1169 1373 1232 ὃν,
1408 1169 1504 1222 καὶ
1533 1167 1918 1239 ὀνομάζεσθαι,

355 1265 449 1319 καὶ⁸
475 1263 688 1326 οἰκείως
718 1260 1101 1332 ὀνομάζεσθαι,
1135 1261 1323 1331 ὥσπερ
1355 1259 1491 1313 Θεοῦ
1519 1260 1681 1328 φύσις
1708 1260 1919 1328 θεότης,

354 1354 447 1408 καὶ
493 1350 778 1422 ἀνθρώπου
832 1348 1210 1421 ἀνθρωπότης.
1257 1348 1379 1410 Πῶς
1412 1347 1506 1400 οῦν
1538 1346 1639 1414 τὴν
1685 1342 1921 1412 Χριστοῦ

355 1441 518 1512 φύσιν
573 1438 911 1508 ὀνομάσομεν
949 1455 966 1505 ;
1006 1437 1391 1509 Χριστότητα;
1442 1434 1561 1493 ἀλλῖ
1592 1434 1765 1495 οὐδεὶς
1815 1432 1923 1485 τῶν

356 1531 726 1586 θεοπνεύστων
764 1530 952 1600 εἴρηκε
994 1527 1150 1582 τοῦτο
1174 1541 1189 1557 ’
1232 1527 1371 1582 ἀλλὰ
1420 1522 1923 1595 θεοτητοανθρωπόο

354 1641 491 1694 τητα
519 1642 533 1688 ;
574 1622 686 1676 ἀλλ’
718 1622 838 1675 οὐδὲ
870 1620 1047 1675 τοῦτο.
1081 1619 1146 1672 Τί
1176 1619 1232 1672 δὲ
1288 1619 1416 1687 ἡμῖν
1448 1615 1610 1686 φύσιν
1637 1615 1921 1683 ἀνώνυμον

357 1698 692 1783 ἔίσκομέζετε
728 1728 744 1779 ;
769 1711 832 1765 Ei
861 1711 919 1765 δέ
943 1728 1101 1780 φατε,
1132 1711 1214 1763 ὅτι
1243 1706 1691 1777 καινοτομοῦνται
1714 1705 1921 1774 φύσεις,

356 1808 454 1861 καὶ
490 1776 567 1871 τῷ
601 1776 739 1874 ξένω
762 1802 856 1856 τοῦ
900 1776 1201 1877 μυστηρίου
1238 1799 1385 1863 ξένον
1432 1776 1484 1851 τι
1532 1797 1777 1865 γίνεται·
1811 1796 1923 1849 ἀλλ’
1957 1776 1998 1831 Β

357 1895 507 1947 οὐδὲν
543 1894 642 1964 τῆς
688 1893 784 1946 τοῦ
825 1891 959 1946 Θεοῦ
1013 1891 1229 1961 φύσεως
1262 1888 1627 1959 ἀληπτότερον
1658 1887 1690 1957 ἦ
1727 1887 1926 1957 ὑψηλό-

357 2003 536 2059 τερον,
568 1985 662 2038 καὶ
709 1984 861 2055 ὅμως
892 1983 953 2037 τὸ
999 1983 1157 2054 μόνον
1207 1982 1448 2052 ἄληπτον
1501 1978 1754 2049 ἠνέσχετο
1793 1978 1926 2047 πρὸς

360 2078 517 2149 ἡμῶν
542 2073 918 2147 ὀνομάζεσθαι.
955 2075 1026 2128 ’Ἡ
1052 2075 1230 2128 τοίνυν
1258 2072 1596 2141 ὑψηλοτέραν
1622 2072 1715 2123 καὶ
1743 2069 1925 2137 κρείτ-

359 2187 487 2225 τονα
528 2170 626 2238 τῆς
669 2168 919 2239 θεότητος
968 2167 1065 2234 τὴν
1108 2166 1241 2236 πρὸς
1296 2165 1454 2235 ἡμῶν
1524 2162 1927 2233 σχεδιασθεῖσαν

364 2261 522 2329 φύσιν
550 2260 758 2322 εἴπατε,
788 2257 881 2310 καὶ
914 2256 1074 2325 ἀρκεῖ
1099 2256 1249 2325 ἡμῖν.
1284 2255 1356 2306 Ἢ
1386 2251 1588 2320 ταύτης
1627 2252 1795 2319 ὄνομα
1828 2251 1927 2319 ὲμ-

366 2352 642 2421 φανίσατε,
690 2349 723 2418 ἦ
780 2346 919 2417 μετὰ
946 2345 1055 2398 τῶν
1083 2343 1339 2414 κηρύκων
1367 2346 1464 2413 τῆς
1505 2340 1759 2410 ἀληθείας
1810 2339 1928 2392 θεό-

361 2457 500 2511 τητα
532 2439 626 2494 καὶ
675 2438 1070 2509 ἀνθρωπότητα
1106 2436 1205 2499 τὰς
1235 2435 1425 2502 φύσεις
1451 2430 1687 2503 Χριστοῦ
1714 2431 1927 2495 εἴπατε,

364 2532 542 2586 καὶού
571 2532 668 2602 τὴν
697 2529 878 2599 φύσιν.
928 2528 1133 2598 Θεότης
1173 2527 1283 2597 γὰρ
1316 2526 1409 2579 καὶ
1446 2523 1800 2595 ἀνθρωπότης
1833 2520 1931 2594 μία

366 2621 526 2695 φύσις
556 2621 655 2675 οὐκ
681 2620 847 2674 ἐστιν.

436 2888 543 2952 λς’.
592 2884 651 2937 Et
693 2885 756 2935 ἐκ
790 2882 1040 2949 θεότητος
1077 2879 1171 2932 καὶ
1200 2875 1615 2946 ἁνθρωπότητος
1641 2875 1738 2943 μία
1774 2873 1932 2940 φύσις

375 2979 485 3032 ἐστὶ
526 2977 619 3029 τοῦ
662 2970 920 3044 Χριστοῦ,
976 2969 1140 3041 μέρος
1190 2967 1423 3036 φύσεως,
1482 2967 1575 3018 καὶ
1631 2965 1693 3017 οὐ
1751 2963 1933 3017 τελεία

2015 534 2061 590 si
2095 534 2395 588 secundum
2438 550 2535 590 vos
2583 552 2686 590 una
2729 535 3033 605 composita
3087 542 3282 589 natura
3312 542 3418 599 est,
3460 544 3586 606 post

2016 624 2317 678 unitionem
2350 624 2531 679 dicere
2569 640 2663 680 vos
2698 626 3009 696 oportebat,
3068 639 3179 679 non
3220 622 3591 678 differentiam

2017 724 2359 779 naturarum,
2384 715 2477 769 sed
2512 717 2675 771 unius
2700 724 2909 771 natura:
2929 731 2959 770 a
2990 715 3166 785 seipsa
3199 733 3212 769 :
3240 714 3402 787 405
3445 716 3591 784 quod

2018 807 2237 877 quidem
2296 815 2539 863 vestrum
2595 816 2699 871 est,
2757 823 2867 863 non
2928 816 3199 870 nostrum.
3250 809 3332 863 sic
3360 808 3507 877 loqui
3536 819 3593 864 et

2019 896 2244 951 sentire.
2273 893 2590 950 Eademmet
2627 896 2772 950 enim
2800 904 2994 951 natura
3020 897 3313 952 essentinlc
3342 914 3371 951 a
3394 911 3453 951 se
3475 897 3591 965 ipsa

2019 987 2317 1041 discrimen
2361 1000 2643 1053 nunquam
2669 986 2952 1040 habuerit.

2092 1078 2179 1132 35.
2220 1076 2277 1131 Si
2309 1092 2414 1129 una
2441 1075 2651 1131 Christi
2692 1086 2885 1133 natura
2922 1084 3026 1142 est,
3063 1078 3184 1146 ejus
3210 1078 3370 1135 nobis
3393 1092 3591 1133 nomen

2021 1168 2264 1222 dicitote.
2310 1166 2443 1220 Nam
2478 1167 2528 1221 id
2557 1166 2707 1236 quod
2735 1175 2842 1229 est,
2897 1168 3058 1222 etiam
3092 1169 3407 1225 nominetur
3428 1185 3593 1240 Opur-

2026 1267 2121 1323 tet,
2170 1266 2225 1312 et
2256 1259 2481 1328 proprie
2501 1258 2985 1321 .nominetur;~uti
3039 1265 3237 1312 natura
3298 1258 3593 1314 Deideitas

2025 1348 2352 1417 appellatur,
2411 1354 2469 1403 et
2520 1358 2715 1401 natura
2755 1346 3017 1411 hominis,
3074 1347 3410 1403 humanitas.
3474 1348 3594 1413 Quo

2026 1438 2191 1507 igitur
2223 1437 2445 1494 nomine
2465 1437 2671 1493 ChriSti
2700 1443 2956 1493 naturam
2974 1436 3311 1494 eﬂ'eramus?
3341 1452 3409 1490 an
3432 1426 3593 1492 Cbrii

2028 1528 2278 1584 stitatis?
2310 1536 2366 1583 at
2405 1543 2568 1584 nemo
2629 1543 2822 1585 eorum
2862 1529 2956 1599 qui
2986 1528 3175 1583 divino
3208 1528 3392 1583 aﬂlatu
3423 1528 3590 1583 locuti

2029 1627 2178 1684 sunt,
2211 1618 2473 1685 tale‘quid
2514 1619 2909 1687 pronuntiavit.
2950 1620 3033 1673 An
3068 1617 3595 1674 divino-humanita-

2030 1710 2142 1765 tis?
2182 1710 2408 1766 minime
2474 1726 2605 1765 vero
2666 1711 2836 1767 istud.
2895 1709 3102 1779 Ecquid
3167 1724 3301 1780 ergo
3340 1718 3592 1765 naturam

2027 1803 2235 1857 nullius
2264 1801 2503 1857 nOminis
2545 1801 2938 1856 introducitis?
2973 1802 3070 1856 Sin
3104 1802 3398 1872 reponitis,
3429 1802 3595 1856 inno-

2028 1895 2141 1949 vari
2194 1900 2442 1958 naturas,
2480 1901 2534 1947 et
2593 1908 2735 1948 novo
2766 1895 3030 1964 mysterio
3063 1907 3263 1946 novum
3296 1892 3502 1962 aliquid
3541 1900 3596 1947 et

2028 1984 2373 2056 peregrinum
2405 1984 2542 2039 ellici
2570 2003 2583 2037 :
2612 1992 2666 2038 at
2694 1999 2825 2039 vero
2850 1984 2986 2037 nihil
3017 1984 3333 2045 sublimius.
3366 1994 3420 2039 et
3446 1982 3593 2053 quod

2028 2061 2211 2129 minus
2240 2074 2631 2144 comprehendi
2673 2074 2870 2143 possit,
2912 2089 3075 2142 quam
3125 2084 3326 2128 natura
3380 2073 3497 2137 Dei,
3541 2084 3595 2127 et

2027 2172 2212 2219 tamen
2248 2165 2383 2219 illud
2442 2179 2611 2218 unum
2644 2164 2959 2232 solumque
3006 2163 3150 2232 quod
3202 2161 3597 2232 comprehendi

2030 2263 2287 2324 nequeat,
2317 2270 2346 2307 a
2383 2255 2541 2309 nobis
2574 2252 2847 2308 nominari
2888 2254 3079 2308 voluit.
3117 2250 3210 2307 Vel
3239 2253 3408 2322 igitur
3441 2259 3601 2306 natu-

2030 2363 2143 2401 ram
2171 2363 2333 2417 quam
2358 2345 2706 2407 obtrudistis,
2740 2347 2985 2401 altiorem
3010 2352 3063 2400 et
3097 2344 3374 2399 meliorem
3398 2344 3599 2423 deitate

2029 2454 2153 2494 esse
2192 2439 2397 2506 dicite;
2432 2438 2677 2508 satisque
2721 2438 2883 2494 nobis
2910 2439 3035 2494 erit.
3069 2435 3166 2491 Vel
3219 2451 3417 2499 nomen
3445 2435 3596 2491 illius

2032 2528 2296 2599 proferte,
2359 2529 2441 2582 vcl
2469 2543 2592 2583 cum
2636 2527 2884 2582 veritatis
2915 2526 3372 2596 praedicatoribus
3402 2526 3600 2582 divinie

2035 2626 2195 2674 tatem
2230 2628 2286 2673 ct
2331 2620 2727 2687 humanitatem
2781 2617 3010 2682 Christi,
3065 2625 3295 2673 naturas
3320 2632 3441 2673 esse
3474 2633 3603 2687 pro~

2035 2709 2306 2772 nuntiate,
2337 2724 2446 2764 non
2481 2719 2755 2764 naturam.
2788 2708 2975 2764 Deitas
3005 2708 3275 2779 siquidem
3313 2714 3367 2763 et
3406 2708 3599 2765 huma-

2035 2802 2181 2856 nitas
2206 2815 2314 2863 non
2349 2808 2477 2855 sunt
2505 2815 2612 2854 una
2640 2808 2861 2855 natura.
3474 2792 3493 2813 ‘

2106 2890 2194 2947 36.
2234 2890 2289 2945 Si
2344 2905 2410 2946 ex
2466 2891 2748 2945 divinitate
2783 2897 2838 2944 et
2864 2889 3205 2943 humanitate
3259 2901 3366 2943 una
3394 2886 3600 2944 Christi

2034 2988 2231 3034 natura
2260 2964 2365 3042 est,
2398 2978 2658 3034 divinitas
2695 2993 2822 3048 pars
2856 2989 3067 3033 natura:
3095 2977 3385 3044 duntaxat,
3414 2986 3467 3031 et
3488 2994 3599 3032 non

369 3067 531 3136 φύσις
565 3068 599 3135 ὴ
629 3064 883 3132 θεότητος
919 3062 975 3114 ὲν
1019 3058 1098 3130 τῷ
1139 3057 1382 3130 Χριστῷ,
1436 3057 1636 3127 ὁμοίως
1688 3055 1780 3109 καὶ
1833 3057 1930 3108 ἀνα

2042 3069 2276 3141 perlecta
2310 3077 2504 3127 natura
2533 3069 2638 3124 erit
2678 3070 2731 3123 in
2782 3068 3026 3135 Christo,
3070 3069 3324 3123 similiter
3353 3069 3517 3127 etiam
3548 3080 3602 3124 et

371 3156 674 3227 θρωπότης.

378 3268 381 3271 ·
440 3246 537 3311 λζ’.
568 3246 631 3298 Et
669 3247 701 3314 ἡ
743 3242 993 3304 σύνθετος
1037 3242 1190 3311 ὑμῶν
1233 3242 1416 3309 φύσις,
1453 3239 1573 3292 οὐδὲ
1625 3237 1702 3308 τῷ
1762 3238 1935 3308 Πατρὶ

371 3338 598 3393 καθόλου
630 3337 777 3391 ἐστὶν
827 3333 1134 3404 ὀμοούσιος,
1167 3333 1286 3385 οὐδὲ
1316 3335 1381 3402 τῇ
1412 3330 1620 3402 Μητρὶ,
1649 3330 1709 3382 τὸ
1734 3329 1791 3381 δὲ
1816 3329 1935 3382 ὅλον

372 3432 518 3485 ἐστὶν
549 3432 578 3483 ὁ
600 3427 833 3499 Χριστός
854 3443 868 3457 ο
891 3427 920 3478 ὁ
944 3424 1200 3495 Χριστὸς,
1299 3422 1555 3492 Χριστὸς,
1585 3420 1759 3473 οὐδενί
1792 3421 1937 3471 ἐστιν

372 3519 675 3592 ὁμοσύσιος.
734 3517 844 3571 Καὶ
886 3519 936 3570 εί
980 3514 1161 3577 τοῦτο,
1195 3513 1285 3566 ὅτι
1314 3511 1428 3565 ιστί
1490 3526 1596 3564 τινι
1628 3509 1933 3580 ὀμοούσιος,

375 3612 475 3668 οὐκ
506 3610 621 3665 εστι
645 3610 877 3679 Χριστὸς
907 3607 1192 3679 ὁμοούσιος
1218 3622 1233 3637 ο
1259 3606 1352 3660 οὖν
1375 3602 1452 3660 ὢν
1499 3603 1576 3674 τῷ
1607 3605 1784 3674 Πατρὶ
1836 3604 1936 3656 οὐκ

377 3703 491 3759 ιστι
515 3704 768 3775 Χριστός.
802 3703 1040 3771 ’Δνάγκη
1059 3700 1235 3753 τοίνυν
1252 3698 1395 3752 δυοῖν
1426 3696 1670 3769 θάτερον,
1692 3697 1725 3767 ἢ
1745 3694 1937 3765 ὁμοούο

377 3809 489 3846 σιον
522 3792 650 3845 ὄντα
692 3791 771 3852 τῶ
812 3790 1010 3860 Πατρὶ,
1067 3789 1143 3859 μὴ
1172 3782 1310 3841 εἶναι
1339 3785 1654 3865 Χριστὸν,ῆ
1705 3784 1938 3856 Χριστὸν

374 3879 524 3945 ὄντα,
571 3878 645 3950 μὴ
676 3876 814 3934 εἶναι
837 3879 914 3950 τῷ
944 3880 1118 3953 Πατρὶ
1143 3880 1446 3950 ὀμοούσιον.

442 4141 545 4211 λη’.
573 4141 654 4195 Τὰ
705 4139 1060 4210 συντιθέμενα
1097 4139 1157 4204 ἐξ
1186 4139 1440 4193 ἐναντίων
1484 4141 1812 4207 συντίθεται,
1858 4145 1942 4197 οὐ.

374 4231 468 4303 σία
500 4232 558 4286 δὲ
594 4232 736 4289 κατὰ
791 4232 916 4294 τοὺς
968 4227 1231 4300 φυσικοὺς
1281 4229 1432 4283 οὐδέν
1461 4232 1608 4285 ἐστιν
1657 4233 1934 4287 ἐναντίων.

388 4322 669 4381 Ἀδύνατον
700 4321 793 4381 οὖν
819 4317 959 4376 εἶναι
983 4321 1168 4377 οὐσίαν
1193 4320 1253 4385 ἐξ
1279 4319 1478 4375 οὐσιῶν
1511 4320 1792 4378 σύνθετον.

441 4499 541 4555 λθ’.
573 4499 684 4565 Τὰς
721 4495 910 4568 φύσεις
938 4539 953 4564 ,
978 4499 1096 4567 ἦτοι
1155 4499 1362 4562 οὐσίας,
1396 4500 1454 4559 αἱ
1492 4499 1769 4563 οὐσιὼδιις
1816 4516 1941 4552 συν-

376 4589 561 4647 ιστῶσι
588 4590 843 4661 διαφοραί
874 4605 887 4619 ·
921 4591 971 4642 εί
997 4588 1091 4643 οὖν
1119 4590 1184 4641 ὲκ
1226 4589 1482 4659 θεότητος
1529 4591 1625 4643 καὶ
1657 4590 1940 4661 ἀνθρωπό-

371 4699 531 4753 τητος
566 4684 664 4754 μία
684 4682 846 4753 φύσις
890 4682 1240 4753 συνέστηκεν,
1267 4680 1481 4738 ἔσονται
1513 4682 1700 4753 θεότης
1731 4682 1824 4737 καὶ
1852 4684 1943 4736 ἀν-

375 4772 660 4845 θρωπότης
691 4775 752 4830 οὐ
771 4775 986 4844 φύσεις,
1024 4772 1138 4826 ἀλλ’
1167 4771 1442 4835 οὐσιῶδεις
1475 4772 1752 4844 διαφοραί.
1823 4795 1833 4807 ·

446 4868 522 4941 μ’.
549 4870 593 4922 Τ
595 4870 631 4923 ὰ
660 4870 787 4938 μιᾶς
822 4867 952 4921 ὅντα
979 4867 1186 4932 οὐσίας,
1220 4866 1652 4935 ἑτερούπόστατα
1687 4867 1900 4928 πάντως
1927 4881 1940 4897 ο

374 4957 519 5015 τὰδὲ
567 4961 694 5027 μιᾶς
752 4959 1102 5020 ὑποστάσεως
1165 4956 1500 5027 ὲτεροούσια.
1559 4958 1670 5026 Τὴν
1717 4955 1945 5025 θεότητα

373 5048 663 5121 τοιγαροῦν
688 5050 783 5105 καὶ
810 5049 909 5118 τὴν
937 5047 1328 5117 ἁνθρωπάτητα
1346 5047 1446 5100 τοῦ.
1469 5046 1727 5119 Χριστοῦ,
1756 5046 1788 5116 ἢ
1816 5050 1946 5116 μιᾶς

372 5139 560 5202 οὐσίας
594 5138 863 5207 λέγοντες,
889 5136 1079 5191 εἴπατε
1103 5136 1268 5207 ἄλλης
1289 5135 1383 5189 καὶ
1399 5134 1569 5206 ᾅλλης
1597 5135 1945 5199 ὑποστάσεως

372 5226 534 5296 εἶναι,
564 5230 598 5301 ἢ
645 5231 771 5300 μιᾶς
799 5228 1149 5291 ὑποστάσεως
1198 5227 1465 5294 λέγοντες,
1519 5224 1614 5280 δύο
1638 5223 1847 5294 φύσεις,
1885 5225 1946 5278 οὐ

375 5322 504 5393 μίαν
539 5320 932 5390 ὁμολογήσατε.
977 5318 1148 5379 Ἔνθα
1195 5318 1302 5388 γὰρ
1342 5315 1404 5369 τδ
1434 5314 1790 5388 ἑτεροούσιον,
1845 5316 1942 5384 μία

374 5413 536 5483 φύσις
558 5413 657 5466 οὐκ
686 5411 833 5464 ἔστιν
868 5425 881 5440 ·
915 5409 949 5478 ἢ
982 5408 1080 5465 οὖν
1107 5408 1392 5479 ὁμοούσιον
1422 5409 1611 5463 εἴπατε
1639 5406 1739 5478 τὴν
1766 5409 1943 5479 σάρκα

370 5505 438 5574 τῇ
469 5501 566 5556 τοῦ
626 5502 800 5570 Λόγου
835 5499 1073 5569 θεότητι,
1100 5500 1146 5569 ,ἢ
1195 5498 1507 5571 ὲτεροούσια
1536 5499 1806 5567 λέγοντες,
1848 5499 1943 5551 δύο

373 5592 565 5662 φύσεις
585 5591 978 5664 ὁμολογήσατε.

1949 3159 2001 3193 ς
2036 3159 2374 3215 humanitas.

2104 3248 2194 3303 57.
2229 3246 2289 3303 Si
2316 3255 2510 3303 natura
2572 3254 2752 3302 vestra
2801 3246 3128 3316 composita,
3162 3263 3341 3317 neque
3362 3246 3512 3301 Patri
3546 3246 3600 3299 in

2036 3350 2212 3396 totum
2240 3339 2742 3399 consubstantialis
2765 3349 2870 3404 est,
2921 3352 3100 3407 neque
3129 3339 3317 3404 Matri,
3349 3337 3602 3395 Christus

2038 3449 2167 3487 vero
2208 3440 2383 3486 totum
2430 3431 2564 3485 illud
2592 3438 2677 3486 est
2708 3450 2720 3485 :
2747 3430 3004 3484 Christus
3035 3440 3310 3499 quatenus
3338 3429 3601 3487 Christus

2036 3532 2141 3591 est,
2178 3524 2315 3577 nulli
2350 3522 2836 3578 consubstantialis
2863 3530 2968 3577 est.
3001 3522 3155 3588 Quod
3186 3522 3230 3577 si
3263 3522 3337 3576 ita
3358 3530 3462 3587 est,
3496 3536 3606 3592 qua

2038 3622 2190 3683 parte
2222 3613 2385 3667 alicui
2420 3611 2907 3667 consubstantialis
2928 3623 3030 3675 est,
3061 3612 3171 3681 iam
3203 3626 3313 3667 non
3337 3620 3421 3667 est
3446 3610 3610 3666 ειπερ

2041 3712 2181 3759 stus.
2227 3701 2396 3773 Igitur
2427 3709 2706 3772 quatenus
2735 3701 2984 3772 ejusdem
3018 3712 3105 3759 est
3137 3719 3201 3759 ac
3235 3703 3398 3758 Pater
3424 3716 3610 3757 essen-

2039 3795 2150 3858 tire,
2195 3807 2308 3847 non
2357 3801 2441 3847 est
2469 3790 2747 3848 Christus.
2801 3793 3077 3858 Quocirca
3106 3793 3342 3849 duorum
3374 3794 3606 3848 alterum

2043 3887 2414 3941 necessarium
2481 3891 2585 3950 est,
2629 3891 2723 3938 aut
2764 3883 3049 3940 Christum
3081 3900 3193 3940 non
3221 3899 3365 3950 esse,
3396 3886 3488 3953 qui
3508 3883 3616 3937 Pa-

2042 3977 2113 4031 tri
2172 3974 2664 4032 consubstantialis
2690 3975 2783 4038 sit,
2828 3985 2923 4030 aut
2956 3977 3052 4047 qui
3091 3975 3349 4033 Christus
3382 3977 3477 4040 sit,
3504 3991 3612 4030 non

2043 4083 2167 4123 esse
2186 4065 2336 4120 Patri
2376 4063 2937 4119 consubstantialem.

2111 4157 2202 4212 38.
2235 4154 2367 4222 Quae
2427 4155 2729 4225 composita
2779 4167 2924 4216 sunt,
2964 4169 3029 4209 ex
3071 4155 3362 4210 contrariis
3391 4169 3615 4224 compo-

2044 4253 2273 4307 nuntur,
2338 4242 2662 4299 substantia:
2743 4250 2922 4297 autem
2997 4241 3296 4296 secundum
3354 4242 3613 4312 physicos

2048 4332 2181 4385 nihil
2238 4334 2577 4385 contrarium
2628 4339 2712 4384 est
2750 4347 2764 4382 :
2807 4329 2920 4384 ﬁeri
2975 4328 3146 4398 igitur
3195 4343 3305 4384 non
3343 4338 3526 4399 potest
3554 4341 3614 4387 ut

1972 4439 2016 4494 ι)
2044 4422 2350 4479 substantia
2380 4436 2443 4475 ex
2506 4419 2833 4475 substantiis
2866 4420 3169 4487 composita
3209 4421 3301 4476 sit.

2088 4514 2202 4567 ‘39.
2257 4510 2519 4575 Naturas,
2581 4509 2697 4563 sive
2750 4510 3092 4564 substantias
3125 4508 3459 4568 differentia:
3485 4515 3616 4571 sub-

2042 4602 2330 4660 stantiales
2394 4602 2763 4656 constituunt.
2801 4598 3169 4667 Quamobrem
3200 4604 3245 4656 si
3292 4620 3354 4658 ex
3415 4605 3618 4661 deitate

2042 4703 2097 4749 et
2136 4691 2472 4747 humanitate
2510 4700 2706 4744 natura
2724 4705 2831 4745 una
2862 4691 3141 4760 consistit,
3171 4703 3334 4749 erunt
3367 4694 3543 4751 deitas
3563 4703 3619 4749 et

2049 4783 2380 4849 humanitas,
2399 4796 2508 4837 non
2532 4788 2765 4846 naturae,
2792 4781 2886 4836 sed
2919 4784 3246 4841 essentiales
3274 4784 3643 4843 diderentiw.’

2116 4874 2204 4928 40.
2245 4872 2379 4939 Quae
2416 4873 2584 4927 unius
2621 4879 2752 4928 sunt
2790 4873 3069 4940 essentiae,
3119 4875 3464 4934 diversarum
3501 4878 3618 4950 pla-

2046 4980 2116 5019 ne
2190 4962 2570 5034 hypostasium
2606 4970 2739 5016 sunt
2777 4981 2789 5018 :
2824 4977 2948 5032 qua:
2992 4978 3126 5018 vero
3155 4965 3321 5020 unius
3360 4970 3489 5020 sunt
3517 4966 3619 5034 hy-

2049 5051 2310 5124 postasis,
2349 5050 2694 5106 diversarum
2760 5064 3084 5106 naturarum
3118 5054 3414 5109 exsistunt.
3448 5050 3619 5121 Igitur

2049 5142 2145 5213 qui
2176 5141 2527 5199 divinitatem
2566 5149 2623 5196 et
2650 5142 3048 5198 humanitatem
3081 5143 3286 5199 Christi
3331 5142 3411 5196 vel
3454 5142 3619 5195 unius

2052 5247 2178 5287 esse
2245 5241 2459 5287 natura:
2506 5231 2720 5298 dicitis,
2761 5233 2988 5288 alterius
3026 5244 3191 5302 atque
3226 5232 3452 5286 alterius
3483 5231 3619 5285 subs

2051 5323 2270 5378 stantia:
2291 5338 2413 5379 esse
2440 5322 2608 5375 dicite
2639 5337 2653 5374 :
2682 5324 2767 5377 vel
2801 5322 3034 5377 dicendo
3072 5323 3239 5375 unius
3272 5335 3395 5376 esse
3436 5320 3613 5390 hypo-

2051 5410 2242 5474 stasis,
2300 5417 2528 5465 naturas
2561 5410 2718 5474 duas,
2781 5424 2892 5465 non
2950 5423 3114 5471 unam
3170 5408 3474 5464 fateamini.
3512 5408 3616 5465 Ubi

2049 5500 2196 5555 enim
2248 5506 2334 5556 est
2396 5499 2717 5555 substantiae
2769 5499 3084 5566 diversitas,
3125 5515 3233 5556 non
3290 5509 3374 5556 est
3410 5507 3617 5556 natura

2051 5604 2176 5643 una.
2235 5590 2347 5645 Aut
2373 5589 2539 5660 igitur
2584 5604 2807 5646 carnem
2845 5591 3120 5647 divinitati
3175 5590 3336 5648 Verbi
3368 5592 3618 5649 consul).

374 5684 686 5747 statuialem
716 5696 838 5737 esse
860 5678 1046 5747 dicite,
1081 5689 1176 5736 aut
1212 5681 1443 5739 diversae
1469 5696 1596 5738 esse
1628 5681 1953 5738 substantia:
1998 5681 2389 5754 praedicantes,
2419 5682 2557 5736 duas
2599 5693 2827 5739 naturas
2894 5683 3256 5742 conﬁtemini.
