3970 6156
451 254 590 322 1455

1651 260 1710 319 S.
1735 259 2054 320 JOANNIS
2083 262 2515 324 DAMASCENI

3582 269 3726 336 1456

521 375 608 429 Η.
651 372 754 440 Qui
783 387 943 430 unam
979 373 1288 428 divinitatis
1321 373 1551 436 Christi,
1582 379 1879 447 carnisque
1908 379 2022 448 ejus

2205 389 2315 450 μα’.
2337 382 2402 437 Οἱ
2434 385 2563 454 μίαν
2596 385 2756 453 φύσιν
2801 388 2898 457 τῆς
2922 387 3170 457 θεότητος
3202 388 3293 442 τοῦ
3330 389 3587 460 Χριστοῦ
3622 394 3722 445 καὶ

450 470 703 516 naturam
735 463 883 526 aitis,
926 461 1152 516 dicitote
1187 462 1372 528 nobis,
1403 479 1511 532 qua
1549 465 1769 520 tandem
1827 475 2025 520 natura

451 555 702 608 Christus
777 568 974 622 passus
1006 555 1132 609 est?
1167 554 1484 624 Composita
1546 559 1758 627 utique,
1805 574 2028 628 repone-

454 644 546 695 tis.
600 640 774 695 Unam
813 643 1019 714 quippe
1038 644 1296 709 dicendo,
1339 645 1652 715 passionem
1685 650 1735 703 ei
1765 665 2024 705 necessa-

449 733 532 785 rio
577 733 787 802 elliugis
823 749 834 784 :
869 743 1035 803 atque
1067 734 1208 790 adeo
1248 736 1316 791 de
1347 746 1531 791 vestra
1587 739 1881 807 sententia,
1913 750 2023 794 tam

447 821 732 886 divinitas,
783 840 947 894 quam
984 826 1300 880 humanitas
1335 827 1543 881 Christi
1597 827 1832 882 obnoxia
1900 845 2026 898 pas-

441 914 594 968 sioni
636 913 826 971 fuerit.

517 1057 608 1112 42.
630 1056 818 1112 Solent
855 1058 947 1127 qui
984 1073 1076 1111 res
1141 1058 1548 1128 philosophicas
1575 1067 1837 1121 tractant,
1867 1060 2028 1132 506

447 1165 763 1205 sermonem
831 1151 987 1219 prius
1021 1149 1088 1203 de
1141 1153 1456 1219 quantitate
1509 1151 1822 1213 instituere,
1859 1168 2023 1220 quam

445 1242 515 1295 de
545 1241 832 1310 qualitate.
873 1241 1046 1308 Cujus
1077 1255 1300 1295 causam
1340 1241 1482 1295 hanc
1513 1242 1842 1311 adiungunt,
1879 1243 2024 1312 quod

443 1333 545 1387 ubi
583 1333 827 1400 qualitas
861 1331 1046 1396 fuerit,
1102 1332 1216 1386 illic
1265 1333 1493 1385 omnino
1546 1334 1826 1402 quantitas
1859 1334 2021 1388 etiam

451 1422 858 1477 consideretur.
925 1421 1240 1477 Diﬂerentia
1308 1421 1582 1494 siquidem
1651 1423 2022 1477 diﬂ'erentium

450 1514 766 1567 differentia
826 1521 930 1569 est.
975 1511 1290 1578 Quomodo.
1324 1514 1512 1582 igitur,
1540 1528 1665 1567 cum
1693 1515 2022 1583 qualitatum

447 1604 832 1658 essentialium
899 1601 1196 1656 discrimen
1262 1603 1592 1671 praedicetis,
1658 1618 1846 1658 eorum
1901 1619 2024 1674 quae

451 1697 828 1750 ossentialiter
851 1696 1066 1751 diversa
1089 1705 1239 1759 sunt,
1261 1711 1547 1750 numerum
1578 1710 1686 1751 non
1707 1695 2024 1751 fateamini?

519 1830 606 1883 45.
666 1827 722 1882 Si
763 1836 850 1883 est
890 1842 997 1882 una
1050 1826 1252 1881 Christi
1319 1836 1514 1881 natura
1566 1830 1893 1898 composita,
1929 1837 2026 1882 aut

451 1919 798 1973 solummodo
859 1920 1102 1988 patibilis
1151 1920 1278 1982 erit,
1342 1927 1434 1971 aut
1468 1935 1577 1973 non
1611 1919 1873 1987 patibilis,
1931 1927 2026 1972 aut

451 2011 616 2064 simul
680 2011 926 2080 patibilis
958 2020 1012 2065 et
1043 2026 1152 2064 non
1209 2009 1480 2078 patibilis,
1518 2017 1571 2063 et
1609 2019 1907 2080 utrumque
1937 2025 2026 2065 se-

437 2103 692 2158 cundum
740 2103 878 2156 idem
909 2119 922 2166 ;
963 2114 1059 2154 aut
1089 2099 1398 2161 mutabilis,
1431 2106 1484 2152 et
1517 2099 1854 2168 quandoque
1885 2100 2026 2169 pati-

452 2195 600 2259 bilis,
627 2192 958 2263 quandoque
986 2206 1208 2246 rursum
1240 2205 1344 2244 non
1377 2190 1645 2260 patibilis,
1679 2202 1772 2244 aut
1804 2190 2024 2245 demum

431 2301 578 2353 pars
609 2283 732 2352 ejus
757 2281 1001 2352 patiendi
1056 2296 1224 2350 capax
1265 2283 1437 2336 altera
1470 2295 1498 2333 a
1535 2280 1888 2351 passionibus
1920 2281 2024 2333 im-

453 2377 636 2430 nnmis
670 2393 682 2428 :
721 2388 886 2444 quam
923 2387 1055 2443 ergo
1089 2387 1152 2426 ex
1184 2373 1268 2426 his
1303 2371 1682 2438 iu‘rpietatibus
1718 2369 2025 2424 malueritis

432 2465 650 2536 eligite.
707 2464 767 2519 Si
801 2464 946 2520 enim
1004 2465 1182 2519 solum
1246 2463 1512 2533 patibilis,
1553 2461 1811 2517 Christus
1881 2461 2025 2516 Deus

451 2570 560 2610 non
591 2563 675 2610 est
709 2572 724 2608 :
758 2554 804 2607 si
838 2553 950 2623 pati
985 2554 1230 2617 nescius,
1258 2569 1362 2605 non
1397 2561 1480 2606 cst
1510 2552 1676 2606 homo
1711 2568 1723 2602 :
1765 2551 1809 2606 si
1845 2566 2023 2621 quan-

438 2649 628 2719 .doque
660 2647 925 2716 patibilis,
955 2645 1288 2715 quandoque
1314 2659 1424 2698 non
1447 2643 1715 2713 patibilis,
1769 2650 2023 2696 neutrum

449 2749 648 2797 natura
717 2739 926 2800 fuerit,
962 2737 1097 2806 quin
1131 2737 1313 2806 potius
1376 2749 1472 2804 per
1531 2735 1809 2788 accidens.
1866 2732 2023 2798 Quod

434 2833 595 2886 .eniuu
620 2836 825 2882 natura
865 2827 1094 2881 insitum
1125 2835 1230 2890 est,
1263 2839 1368 2877 non
1420 2831 1683 2877 mutatur.
1719 2823 1816 2877 Sin
1845 2831 2024 2877 autem

443 2938 578 2992 pars
631 2921 752 2989 ejus
820 2919 992 2972 altera
1033 2915 1285 2986 patiendi
1319 2930 1492 2984 capax
1545 2922 1649 2980 est,
1689 2915 1919 2983 incaan
1952 2912 2027 2965 al-

451 3026 564 3067 tera
599 3029 612 3062 :
649 3019 844 3079 suapte
868 3026 996 3064 vero
1018 3017 1213 3062 natura
1245 3015 1540 3076 utrumque
1567 3016 1654 3062 est
1718 3005 1852 3060 illud
1880 3003 2022 3074 quod

2129 475 2228 544 τῆς
2264 476 2464 546 σαρκὸς
2487 477 2648 530 αὐτοῦ
2689 477 2958 546 λέγοντες,
2987 480 3174 533 εἴπατε
3218 482 3351 550 ἡμῖν
3389 483 3524 550 ποία
3549 481 3715 548 φύσει

2127 566 2155 616 ὁ
2193 565 2426 635 Χριστὸς
2444 568 2677 621 πέπονθε
2703 587 2716 635 ;
2747 570 2825 640 Τῇ
2860 569 3116 641 συνθέτῳ,
3147 571 3305 642 δῆλον
3328 574 3531 642 ἐρεῖτε.
3565 573 3719 626 Μίαν

2129 654 2236 724 γὰρ
2260 655 2527 724 λέγοντες,
2565 657 2622 721 ἐξ
2647 658 2890 729 ἀνάγκης
2918 659 3053 730 αὐτῇ
3085 661 3177 713 καὶ
3219 660 3280 714 τὺ
3313 661 3488 723 πάθος
3545 679 3717 731 προσ-

2128 745 2314 814 άψετε,
2346 747 2438 798 καὶ
2470 747 2624 800 ἔσται
2667 748 2789 800 καθ’
2828 749 2969 818 ὑμᾶς
2997 751 3088 802 καὶ
3118 752 3150 820 ὴ
3199 750 3389 821 θεότης
3418 752 3514 805 καὶ
3547 754 3586 822 ὴ
3614 752 3713 803 ἀν-

2129 836 2416 907 θρωπότης
2442 836 2533 889 τού
2568 837 2804 907 Χριστοῦ
2827 839 3058 909 παθητὴ.

2202 1061 2307 1130 μβ’.
2351 1062 2679 1130 Προτάττειν
2705 1062 2930 1132 σύνηθες
2974 1062 3049 1132 τῷ
3097 1063 3370 1132 φιλοσόφῳ
3409 1063 3554 1132 λόγῳ
3612 1063 3709 1115 τὸν

2129 1152 2257 1218 περὶ
2311 1151 2608 1218 ποσότητος
2660 1152 2816 1218 λόγον
2843 1152 2938 1204 τοῦ
2971 1153 3098 1221 περὶ
3140 1154 3438 1223 ποιότητος,
3478 1155 3574 1206 καὶ
3605 1155 3705 1224 τὴν

2128 1241 2307 1292 αἰτίαν
2359 1241 2733 1310 προστίθησιν,
2779 1241 2854 1303 ὠς
2876 1240 3004 1295 ἔνθα
3052 1241 3296 1310 ποιότης,
3325 1243 3420 1294 καὶ
3464 1243 3705 1310 ποδότης

2128 1330 2341 1391 πάντως
2375 1330 2802 1401 θεωρηθήσεται.
2841 1331 2902 1383 Ἢ
2925 1331 3032 1400 γὰρ
3062 1331 3293 1402 διαφορὰ
3337 1333 3704 1403 διαφερόντων

2127 1422 2243 1474 ἐστὶ
2273 1422 2525 1492 διαφορά.
2556 1422 2679 1485 Πῶς
2703 1418 2795 1475 οὖν
2827 1423 3128 1493 ποιοτήτων
3143 1421 3416 1475 ούσιωδῶν
3435 1422 3704 1493 διαφορὰν

2126 1512 2394 1579 λέγοντες,
2441 1511 2549 1564 τῶν
2602 1513 2876 1576 οὑσιωδῶς
2929 1513 3294 1584 διαφερόντων
3323 1513 3413 1566 τὸν
3466 1515 3704 1585 ἀριθμίν

2125 1604 2223 1672 οὑχ
2245 1603 2554 1672 ὁμολογεῖτε
2581 1622 2595 1670 ;

2197 1827 2306 1887 μγ’.
2357 1820 2418 1873 El
2474 1819 2572 1889 μία
2600 1821 2758 1888 φύσις
2799 1821 3046 1884 σύνθετος
3105 1823 3196 1874 ἐπὶ
3244 1822 3336 1875 τοῦ
3374 1822 3628 1892 Χριστοῦ,
3668 1825 3702 1893 ἦ

2125 1912 2343 1980 παθητὴ
2379 1911 2530 1964 ἔσται
2566 1913 2745 1982 μόνον,
2794 1913 2826 1982 ἢ
2882 1913 3117 1980 ἀπαθὴς,
3175 1913 3208 1982 ἢ
3255 1913 3701 1984 παθητοαπαθὴς,

2125 2005 2218 2055 καὶ
2242 2003 2362 2059 κατ’
2391 2004 2552 2056 αὐτὸν
2583 2005 2871 2074 ἀμφότερα
2898 2021 2910 2034 ·
2939 2005 2970 2074 ἦ
3003 2005 3233 2074 τρεπτὴ,
3291 2006 3387 2058 καὶ
3416 2006 3544 2058 ποτὲ
3600 2006 3703 2075 μὲν

2124 2094 2363 2165 παθητὴ,
2399 2095 2529 2148 ποτὲ
2585 2097 2641 2148 δὲ
2699 2095 2994 2168 ἀπαθὴς,ἢ
3042 2097 3205 2168 μέρος
3235 2097 3402 2166 αὐτῆς
3433 2098 3700 2166 παθητὸν,

2125 2188 2218 2240 καὶ⁵
2253 2188 2418 2258 μέρος
2480 2188 2651 2256 αὐτῆς
2708 2189 2916 2252 ἀπαθές
2945 2206 2957 2220 ·
2991 2189 3109 2242 οἵαν
3154 2185 3247 2242 οὖν
3279 2189 3532 2258 βούλεσθε
3587 2190 3699 2241 τῶν

2124 2279 2388 2332 ἀσεϐειῶν
2417 2278 2625 2332 ἕλεσθε.
2685 2281 2749 2332 Εἰ
2779 2279 2886 2350 γὰρ
2915 2279 3133 2348 παθητὴ
3167 2281 3345 2350 μόνον,
3381 2282 3450 2344 ,οὒ
3497 2281 3625 2343 Θεὸς
3669 2282 3702 2331 ὁ

2125 2371 2358 2440 Χριστός
2390 2387 2404 2401 ο
2447 2371 2494 2422 εί
2519 2370 2576 2422 δὲ
2609 2369 2824 2442 ἀπαθὴς
2859 2371 3038 2440 μόνον,
3075 2371 3172 2423 οὐκ
3214 2372 3497 2442 ἄνθρωπος
3518 2391 3529 2402 ·
3564 2374 3700 2425 εἰδὲ

2125 2462 2255 2514 ποτὲ
2305 2462 2402 2530 μὲν
2442 2461 2676 2530 παθητὴ,
2723 2461 2851 2514 ποτὲ
2891 2461 2948 2514 δὲ
2981 2461 3214 2531 ἀπαθὴς,
3267 2464 3375 2515 οὐδ’
3440 2463 3700 2532 ὁπότερον

2125 2549 2304 2619 φύσει,
2356 2549 2496 2602 κατὰ
2535 2547 2882 2620 συμϐεϐηκὸς
2937 2551 2992 2602 δὲ
3037 2551 3236 2619 μᾶλλόν
3285 2553 3420 2606 ἐστι.
3467 2554 3539 2605 Τὸ
3588 2553 3700 2622 γὰρ

2125 2641 2284 2710 φύσει
2324 2641 2588 2708 πεφυκὸς,
2632 2642 2692 2693 οὐ
2741 2641 3078 2711 μεθίσταται.
3133 2644 3195 2695 Εἰ
3249 2644 3304 2695 δὲ
3338 2646 3501 2714 μέρος
3530 2645 3700 2712 αὐτῆς

2127 2731 2385 2800 παθητὸν,
2423 2733 2518 2784 καὶ
2551 2733 2714 2801 μέρος
2737 2731 2964 2796 ἀπαθὲς,
3007 2733 3166 2802 φύσει
3199 2734 3254 2786 δὲ
3287 2735 3548 2806 ἑκάτερόν
3573 2737 3689 2788 ἐστι

2123 2824 2270 2876 τοῦθ’
2302 2825 2440 2895 ὅπερ
2472 2825 2609 2891 ἐστὶ,
2645 2825 2706 2876 οὐ
2743 2825 2946 2895 ταύτης
2974 2825 3125 2880 ἔσται
3166 2826 3236 2879 τὰ
3289 2828 3430 2898 μέρη
3459 2827 3695 2896 φύσεως,

2126 2913 2219 2965 καὶ
2250 2912 2392 2966 οὕτω
2424 2913 2516 2966 δύο
2541 2913 2732 2982 φύσεις
2777 2915 2928 2967 ἔσται
2958 2917 2986 2968 ὁ
3033 2918 3264 2984 Χριστός
3297 2933 3311 2949 ·
3335 2918 3392 2980 ὃς
3443 2920 3504 2972 οὐ
3540 2919 3702 2988 φύσις

2129 3003 2226 3071 μία
2249 3005 2415 3065 ἐστὶν,
2446 3004 2562 3056 ἀλλ’
2588 3005 2886 3070 ὑπόστασις
2929 3006 3028 3076 μία.
3053 3007 3304 3072 σύνθετος
3335 3010 3399 3062 ἐκ
3451 3009 3543 3063 δύο
3591 3010 3696 3079 φύ-

448 3114 555 3167 est,
589 3119 698 3158 non
735 3110 895 3158 erunt
947 3111 1133 3172 partes
1166 3099 1418 3169 ejusdem
1474 3106 1682 3152 naturae
1711 3114 1723 3150 :
1753 3107 1918 3168 atque
1946 3097 2022 3151 ita

2133 3111 2286 3158 σεων,
2319 3096 2415 3150 καὶ
2444 3097 2502 3150 ἐν
2528 3097 2646 3150 δυσὶ⁵
2696 3099 2908 3166 φύσεσι,
2948 3100 3160 3153 καὶδύο
3194 3103 3402 3169 φύσεις.
3434 3102 3543 3173 Τὴν
3586 3103 3697 3174 γὰρ

448 3196 705 3252 Christus
733 3198 839 3252 erit
873 3194 995 3249 dua:
1026 3201 1259 3255 natura},
1301 3192 1432 3263 quia
1468 3209 1577 3248 non
1611 3199 1696 3247 est
1727 3206 1832 3246 una
1863 3201 2022 3244 natu-

448 3304 534 3351 ra,
565 3289 659 3344 sed
688 3304 797 3343 una
841 3286 1160 3357 hypostasis
1202 3285 1508 3355 composita
1539 3299 1606 3339 ex
1643 3284 1859 3337 naturis
1889 3283 2023 3336 dua-

449 3382 572 3435 bus.
606 3381 863 3434 Eamdem
912 3381 1114 3450 quippe
1169 3389 1418 3431 naturam
1455 3376 1621 3430 simul
1653 3385 1707 3430 et
1740 3375 2020 3445 patibilem

2127 3188 2297 3256 αὺτὴν
2318 3190 2479 3256 φύσιν
2508 3190 2759 3260 παθητὴν
2794 3189 2909 3261 ἅμα
2951 3191 3044 3243 καὶ
3078 3191 3264 3263 ἀπαθῆ
3289 3190 3430 3245 εἶναι
3472 3194 3690 3263 ἀμήχα-

2128 3295 2216 3332 νον
2242 3296 2256 3309 ·
2289 3278 2398 3332 τῶν
2435 3281 2688 3333 ἐναντίων
2716 3280 2823 3350 γὰρ
2846 3282 3122 3336 ούσιωδῶν
3165 3283 3437 3353 διαφορῶν
3473 3283 3698 3354 δεκτικὴ

2129 3367 2267 3425 εἷναι
2305 3373 2403 3440 μία
2439 3375 2588 3443 καὶὴ
2625 3373 2762 3443 αὐτὴ
2797 3374 2957 3443 φύσις
2976 3376 3035 3428 οὐ
3065 3375 3310 3432 δύναται.

449 3488 572 3526 esse
603 3480 797 3526 etnon
833 3473 1116 3542 patibilem
1165 3469 1509 3540 impossibile
1545 3476 1671 3524 est:
1708 3483 1812 3522 una
1879 3463 2149 3536 siquidem
2218 3464 2522 3536 eademque
2565 3474 2760 3521 natura
2805 3469 3114 3523 contrarias
3170 3469 3506 3525 ditl'erentias
3565 3469 3699 3524 sub-

445 3563 737 3618 stantiales
767 3562 1012 3631 recipere
1041 3576 1147 3614 non
1177 3568 1378 3627 potest.

519 3740 609 3794 44.
649 3740 706 3793 In
760 3739 908 3793 omni
965 3738 1194 3800 unione,
1227 3751 1352 3805 quae
1419 3736 1706 3800 uniuntur,
1767 3731 2019 3803 quamvis

441 3829 885 3895 confundantur,
941 3829 1192 3896 quamvis
1247 3827 1704 3896 permisceantur,
1773 3830 2018 3886 manent,

450 3930 560 3978 uta
608 3927 801 3972 natura
857 3919 1074 3987 propria
1134 3918 1270 3971 nihil
1320 3917 1653 3971 desciscant.
1691 3914 1843 3968 Licet
1871 3914 2018 3968 enim

448 4015 638 4068 viuum
673 4007 1046 4064 admisceatur
1081 4021 1257 4076 aquae,
1294 4007 1417 4061 duae
1437 4016 1650 4060 naturae
1683 4013 1811 4060 sunt
1847 4004 1898 4057 iu
1928 4005 2019 4056 illa

445 4102 853 4176 temperatione
887 4118 900 4155 :
944 4115 1070 4154 cera
1129 4113 1350 4169 quoque
1386 4105 1440 4152 et
1467 4099 1556 4166 pix
1592 4097 1720 4151 licet
1773 4094 2026 4150 confusa:

433 4201 584 4262 sint,
635 4202 891 4251 neutrum
937 4202 1118 4247 tamen
1181 4207 1210 4242 a
1241 4198 1436 4244 natura
1465 4204 1563 4245 sua
1595 4189 1816 4253 excidit,
1841 4189 1937 4244 sed
1969 4191 2025 4243 in

435 4291 702 4345 .mistione
731 4286 1076 4342 naturaaduaa
1095 4283 1420 4354 persistunt.
1439 4281 1680 4337 Tametsi
1708 4281 1854 4336 enim
1875 4282 2026 4334 unita

447 4389 598 4444 sunt,
631 4393 734 4434 nec
763 4376 1054 4447 quodlibet
1076 4388 1266 4430 eorum
1307 4372 1698 4442 proprietatem
1724 4386 1882 4426 suam
1910 4387 2009 4440 pu-

2199 3747 2302 3814 μδ’.
2347 3745 2469 3799 Ἐπὶ
2496 3745 2675 3814 πάσης
2719 3745 2986 3810 ἐνώσεως,
3035 3747 3296 3816 ὲνούμενα
3330 3748 3430 3799 κᾶν
3460 3753 3704 3818 συγκέη-

2125 3850 2238 3898 ται,
2263 3834 2366 3888 κᾶν
2399 3837 2778 3904 συγκιρνᾶται,
2820 3835 2969 3906 μένει
2997 3836 3091 3905 τῆς
3121 3835 3324 3898 οἰκείας
3357 3835 3432 3906 μὴ
3475 3837 3704 3900 ἐξιστά-

2131 3944 2265 3996 μενα
2288 3927 2521 3995 φύσεως.
2549 3927 2666 3980 Κᾶν
2690 3943 2748 3979 τε
2773 3926 2880 3996 γὰρ
2911 3923 3047 3990 οἶνος
3085 3925 3236 3979 ὕδατι
3269 3925 3468 3996 κραθῇ,
3496 3930 3552 3980 αἱ
3602 3929 3706 3981 δύο

2127 4017 2318 4085 φύσεις
2343 4017 2480 4070 είσὶν
2504 4019 2562 4070 ἐν
2596 4016 2673 4086 τῷ
2695 4017 2938 4086 κράματι
2972 4033 2986 4047 ·
3026 4017 3117 4069 καὶ
3161 4015 3328 4086 κηρὸς
3365 4015 3458 4068 καὶ
3501 4016 3702 4084 πίσσα,

2129 4111 2176 4160 εἰ
2203 4109 2296 4162 καὶ
2319 4107 2670 4178 συγκέχυται,
2701 4105 2819 4160 ἀλλ’
2837 4107 3116 4176 οὐδέτερον
3138 4107 3234 4176 τῆς
3274 4107 3478 4170 οἰκείας
3501 4105 3701 4178 ἐξέστη

2130 4198 2366 4265 φύσεως,
2392 4199 2508 4252 ἀλλ’
2529 4201 2586 4251 ὲν
2603 4197 2678 4268 τῷ
2705 4199 2934 4268 μίγματι
2958 4200 3013 4250 αἱ
3039 4199 3133 4252 δύο
3153 4198 3463 4268 διαμένουσι
3489 4199 3701 4267 φύσεις.

2131 4289 2192 4343 Εί
2219 4291 2326 4361 γὰρ
2351 4292 2445 4344 καὶ
2474 4291 2731 4360 ἦνωνται,
2763 4289 2856 4342 καὶ
2889 4289 2988 4360 τὴν
3011 4290 3219 4342 οἰκείαν
3256 4291 3488 4342 ’ἑκαστον
3535 4291 3704 4343 ἐνδεί-

2134 4397 2324 4433 κνυται
2369 4379 2605 4449 ἰδιότητα
2630 4378 2872 4448 καθαρὰν
2901 4380 2994 4432 καὶ
3025 4378 3306 4448 ἁλώὸητον
3339 4380 3424 4432 διὰ
3446 4379 3542 4450 τὴν
3567 4380 3701 4450 πρὸς

448 4489 562 4527 ram
607 4482 662 4526 et
710 4471 977 4540 integram
1021 4467 1301 4538 perhibet,
1355 4473 1580 4536 propter
1635 4461 2020 4518 coniusionem

2133 4471 2188 4522 τὸ
2239 4469 2438 4524 ἑνωθὲν
2474 4468 2732 4538 σύγχυσίν
2757 4485 2814 4520 τε
2846 4469 2939 4522 καὶ
2991 4467 3318 4538 σύγκρασιν,
3375 4470 3492 4523 ἀλλ’
3551 4469 3700 4539 ὅμως

446 4561 1003 4630 commistionemque
1051 4573 1177 4614 cum
1224 4572 1291 4611 eo
1324 4557 1413 4611 cui
1445 4557 1660 4610 unitum
1687 4565 1794 4618 est,
1823 4555 2024 4609 nihilo-

449 4655 632 4707 minus
671 4650 1117 4721 unumquodque
1164 4649 1297 4702 illud
1345 4656 1431 4702 est
1487 4649 1636 4716 quod
1697 4649 1851 4715 prius
1881 4655 2020 4709 erat,

448 4742 697 4810 adeoque
731 4742 852 4795 dua:
907 4751 1142 4804 naturae,
1195 4755 1307 4794 non
1351 4753 1480 4803 una,
1526 4749 1827 4793 censentur
1860 4737 2021 4792 abiis

446 4833 541 4901 qui
573 4831 971 4900 taliajudicare
1003 4841 1230 4884 norunt.
1293 4827 1496 4899 Ecquis
1518 4829 1662 4883 enim
1700 4829 1934 4899 ignorat,
1967 4830 2044 4912 in.

445 4924 574 4976 vino
602 4929 656 4976 et
722 4933 864 4988 aqua
913 4920 1097 4974 mistis
1129 4919 1280 4974 .duas
1316 4927 1545 4974 naturas
1581 4934 1707 4974 esse
1733 4920 1755 4972 ?
1779 4919 1937 4985 Quod
1973 4921 2018 4976 si

447 5015 614 5083 igitur
669 5010 784 5064 haec
841 5008 917 5061 ita
955 5023 1014 5063 se
1047 5007 1271 5070 habent,
1318 5022 1428 5076 qua
1489 5007 1556 5062 de
1593 5021 1763 5062 causa
1805 5024 1900 5063 vos
1925 5010 2016 5078 qui

443 5105 746 5159 discrimen
773 5100 988 5166 sciatis,
1019 5105 1463 5166 naturarumque
1499 5099 1859 5167 proprietates
1889 5115 2020 5154 con-

447 5193 730 5257 titeamini;
781 5205 950 5246 unam
1003 5198 1058 5245 et
1087 5201 1194 5241 non
1223 5186 1372 5240 duas
1422 5187 1770 5254 praedicetis?
1795 5203 1892 5240 cur
1924 5205 2024 5243 nec

443 5282 610 5336 rebus
648 5295 772 5351 quae
813 5278 964 5333 nullo
989 5284 1153 5348 pacto
1187 5273 1628 5338 confunduntur,
1662 5290 1724 5327 ea
1753 5275 2016 5329 concedi-

442 5373 536 5437 tis,
594 5387 717 5441 qua:
777 5369 1027 5426 confusis
1085 5365 1474 5421 conveniunt?
1509 5364 1604 5420 sed
1658 5363 2012 5420 manifestum

2130 4561 2269 4614 κατὰ
2297 4558 2457 4626 φύσιν
2476 4557 2729 4619 ἕκαστον,
2753 4559 2888 4629 ὅπερ
2910 4554 2978 4626 ἦν
3017 4557 3178 4611 τοῦτό
3198 4561 3332 4620 ἐστι,
3359 4559 3450 4611 καὶ
3476 4558 3567 4610 δύο
3598 4557 3704 4626 φύ-

2131 4665 2265 4711 σεις,
2288 4647 2350 4700 ού
2387 4648 2506 4717 μία,
2549 4649 2662 4710 τοῖς
2692 4649 2856 4700 εἰδόσι
2888 4647 3093 4718 κρίνειν
3125 4648 3195 4700 τὰ
3229 4650 3407 4704 τοιάδε
3451 4649 3698 4716 λογίζον-

2127 4755 2238 4792 ται.
2267 4739 2362 4800 Τίς
2399 4739 2509 4809 γὰρ
2535 4739 2635 4792 οὐκ
2654 4734 2813 4803 οἶδεν,
2844 4738 2918 4801 ὡς
2936 4742 2993 4791 ὲν
3027 4739 3106 4809 τῷ
3135 4740 3194 4806 ὲξ
3222 4743 3361 4793 οῐνου
3394 4742 3482 4794 καὶ
3511 4741 3700 4802 ὓδατος
3790 4774 3809 4788 .

2128 4828 2369 4898 κράματι
2396 4829 2490 4883 δύο
2513 4831 2702 4898 φύσεις
2732 4832 2868 4884 εἰσίν
2892 4849 2905 4896 ;
2932 4831 2994 4884 EE
3023 4831 3116 4885 οὖν
3151 4832 3324 4886 ταῦτα
3359 4832 3529 4894 οὕτως
3561 4831 3695 4902 ἔχει,

2129 4921 2244 4984 πῶς
2270 4923 2427 4991 ὑμεῖς
2456 4923 2550 4976 καὶ
2587 4923 2686 4993 τὴν
2710 4923 2972 4993 διαφορὰν
2991 4923 3210 4988 εἰδότες,
3239 4923 3332 4975 καὶ
3360 4922 3459 4985 τὰς
3506 4923 3703 4992 ἰδιότη-

2126 5031 2223 5075 τας
2249 5012 2636 5081 ὁμολογοῦντες
2667 5014 2772 5066 τῶν
2805 5013 3038 5081 φύσεων,
3075 5014 3203 5083 μίαν
3257 5011 3460 5080 ταύτην
3505 5015 3603 5066 καὶ
3635 5015 3695 5066 οὐ

2124 5103 2216 5156 δύο
2277 5103 2614 5174 κηρύττετες
2665 5105 2758 5157 καὶ
2792 5104 2912 5156 οὐδὲ
2955 5105 3021 5156 τὰ
3060 5103 3162 5172 τῆς
3223 5103 3536 5173 συγχύσεως
3584 5107 3698 5166 τοῖς

2125 5194 2448 5261 ἀσυγχύτοις
2471 5193 2710 5259 διδόατε;
2743 5193 2900 5246 Ἀλλὰ
2919 5193 3101 5261 δῆλον,
3125 5194 3202 5254 ὡς
3219 5193 3425 5264 τροπὴν
3443 5194 3535 5246 καὶ
3554 5194 3695 5262 ἀφα-

2119 5283 2331 5351 νισμὸν,
2371 5285 2464 5336 καὶ
2491 5286 2843 5336 συνουσίωσιν
2864 5283 3081 5338 ὠδίνετε
3111 5283 3228 5353 μὲν,
3274 5286 3353 5346 είς
3386 5284 3694 5354 τούμφανὲς

2115 5371 2174 5423 δὲ
2201 5373 2463 5442 προάγειν
2486 5374 2720 5441 ὲντροπῇ
2756 5373 2857 5441 τῆς
2882 5371 3136 5435 ἀσεϐείας
3166 5372 3226 5424 ού
3265 5371 3547 5441 βούλεσθε.

431 5467 676 5520 estvos,
707 5458 1157 5519 aemulationem,
1209 5453 1764 5523 exstinctionemque,
1807 5461 1862 5513 et
1885 5455 2512 5515 consubstantiationem
2545 5462 2864 5528 parturire;
2931 5460 2988 5514 in
3041 5469 3293 5529 apertum
3372 5474 3504 5516 vero
3568 5473 3695 5530 pro-

427 5549 587 5603 .ferre
627 5566 735 5603 non
770 5551 959 5616 vultis,
987 5549 1288 5619 impietatis
1321 5556 1507 5604 notam
1540 5549 1719 5604 veriti.

499 5636 601 5688 .15.
635 5634 763 5697 Quae
791 5637 1078 5699 uniuntur,
1105 5637 1347 5692 unitione
1372 5636 1508 5690 [lunt
1533 5651 1725 5703 unum,
1753 5650 1857 5690 non
1884 5645 2009 5705 post

2189 5644 2290 5706 με’.
2332 5629 2723 5719 Τᾲλὲνούμενα,
2756 5640 2820 5708 τῆ
2853 5634 3041 5691 ἑνώσει
3075 5637 3287 5706 γίνεται
3328 5637 3407 5705 ἓν,
3453 5637 3514 5691 οὑ
3544 5634 3683 5706 μετὰ
