3980 6140
272 531 358 598 τὴν
385 530 572 582 ἕνωσιν
601 543 615 559 ο
650 526 743 579 καὶ
780 523 901 578 ὅσον
931 523 1028 594 μὲν
1057 525 1114 579 ὲν
1134 527 1197 596 τῇ
1230 533 1258 562 ³³
1298 564 1310 579 .
1334 564 1346 579 .
1376 567 1387 578 .

267 619 516 683 σώζεται,
541 615 600 669 ἓν
639 619 763 680 εἰσι,
810 615 942 669 καθὸ
968 617 1202 686 ἥνωνται
1223 631 1236 644 ·
1267 616 1383 679 πῶς
1416 617 1508 670 οὖν
1539 618 1714 684 ὑμεῖς,
1760 619 1816 670 ὲν

268 710 358 778 μὲν
384 712 446 780 τῇ
482 708 670 762 ὲνὼσει
724 709 816 761 δύο
863 707 1014 775 φατὲ,
1057 709 1194 778 μετά
1244 709 1300 762 δέ
1338 724 1401 775 γε
1443 708 1542 778 τὴν
1599 709 1812 770 ἕνωσιν,

265 801 387 868 μίαν
413 800 738 869 γεγενῆσθαι
765 798 924 866 φύσιν
946 797 1362 862 αὑθαδιάςεσθε,
1398 797 1491 850 τοῦ
1541 799 1814 868 μακαρίου

261 890 516 958 Κυρῦιλου
557 891 636 954 τὸ,
679 891 826 958 μετὰ
867 887 982 956 τὴν
1023 889 1261 951 ἕνωσιν,
1309 889 1428 942 ἀντὶ
1463 889 1579 953 τοῦ,
1620 889 1690 942 ἐν
1743 887 1818 957 τῇ

255 981 479 1048 ὲνὼσει,
539 981 855 1048 είληφότος;
903 981 1037 1033 Πότε
1085 981 1194 1053 γὰρ
1229 984 1262 1052 ἡ
1306 980 1498 1044 ἓνωσις
1551 982 1816 1051 γενομένη

255 1072 525 1125 πέπαυται
555 1091 569 1138 ;
597 1073 628 1141 ἢ
669 1072 722 1124 τί
751 1072 812 1125 τὸ
848 1072 1051 1142 ταύτην
1082 1072 1317 1137 παῦσαν,
1345 1073 1422 1136 ὡς
1442 1072 1506 1127 ἂν
1537 1073 1724 1144 ἕτερον
1759 1074 1817 1126 τὸ

248 1163 451 1232 ταύτης
474 1163 816 1233 ἀποτέλεσμα
842 1167 958 1234 μετ’
979 1166 1169 1236 αὐτὴν,
1196 1166 1289 1218 καὶ
1309 1166 1407 1219 οὐκ
1429 1168 1487 1220 ἐν
1507 1167 1642 1237 αὐτῇ
1665 1169 1816 1238 παρὰ

247 1256 312 1308 τὰ
344 1256 402 1319 ἐξ
429 1247 502 1307 ὧν
532 1258 679 1308 ἐστιν
708 1256 1081 1325 ὑποπτεύηται
1109 1273 1124 1321 ;
1160 1257 1234 1309 Ού
1281 1256 1389 1327 γάρ
1427 1258 1574 1311 ἐστιν
1609 1259 1642 1327 ἡ
1682 1257 1816 1310 ἕνω-

247 1362 348 1410 σες,
382 1346 459 1409 ὡς
491 1349 523 1417 ἡ
554 1345 662 1400 τῶν
695 1347 1018 1417 γενομένων,
1044 1347 1136 1400 καὶ
1167 1347 1364 1418 μηκέτι
1405 1347 1572 1400 ὄντων
1607 1349 1766 1415 φύσις
1797 1365 1810 1378 ·

242 1434 354 1490 οἷον
381 1439 410 1491 6
445 1439 653 1509 χρόνος,
681 1439 775 1491 καὶ
801 1439 832 1509 ὴ
863 1439 1110 1508 ὄρχησις,
1137 1441 1228 1492 καὶ
1256 1438 1322 1492 τά
1353 1439 1594 1493 τοιαῦτα.

315 1703 435 1773 pg’.
477 1704 541 1758 Εί
579 1704 765 1775 ἔτερόν
792 1724 848 1759 τι
884 1707 1020 1775 μετὰ
1049 1707 1145 1777 τὴν
1186 1707 1381 1760 ἕνωσιν
1423 1707 1611 1776 γὲγονε
1664 1709 1812 1778 παρὰ

237 1796 338 1866 τὴν
373 1795 590 1863 ἕνωσιν,
622 1794 880 1867 σύγχυσις
905 1798 1124 1869 δηλαδὴ,
1157 1801 1250 1853 καὶ
1281 1802 1378 1870 οὐχ
1403 1800 1615 1863 ἕνωσις.

314 1975 423 2045 με.
465 1978 529 2029 Εἰ
556 1979 588 2046 ἡ
621 1978 884 2046 σύγχυσις
927 1981 1022 2042 τὰς
1051 1979 1147 2033 δύο
1175 1979 1366 2049 φύσεις
1399 1979 1528 2048 μίαν
1560 1983 1721 2044 ποιεῖ,
1755 1982 1815 2032 τὸ

235 2069 282 2121 δ’
319 2070 452 2122 αὐτὸ
485 2073 628 2123 ποιεῖ
656 2073 783 2142 παρ’
820 2073 948 2141 ὑμῖν
970 2075 1063 2125 καὶ
1090 2073 1152 2125 τὸ
1176 2073 1504 2143 ἀσύγχυτον,
1532 2075 1615 2138 τίς
1647 2075 1678 2143 ἠ
1702 2075 1816 2127 διας

238 2162 385 2231 φορά
419 2163 548 2228 παρ’
581 2163 710 2231 ὑμῖν
754 2163 845 2217 τοῦ
882 2165 1188 2234 ἀσυγχύτου
1220 2166 1313 2218 καὶ
1342 2165 1440 2235 τῆς
1477 2166 1810 2236 συγχύσεως,

236 2268 259 2302 ε
271 2252 456 2306 [πατε.

315 2351 429 2412 μη’.
471 2345 533 2396 El
586 2347 706 2398 κατ’
734 2345 864 2399 ἄλλο
912 2347 1006 2399 καὶ
1057 2346 1184 2400 ἄλλο
1235 2346 1450 2414 λέγεται
1502 2349 1530 2400 6
1581 2349 1814 2418 Χριστὸς

235 2434 438 2500 ὁρατὸς
464 2433 555 2486 καὶ¹
592 2435 846 2504 ἀόρατος,
885 2437 1076 2506 θνητὸς
1105 2439 1198 2491 καὶ
1225 2437 1491 2501 ἀθάνατος
1514 2479 1527 2501 ,
1560 2439 1814 2508 ψηλαφη-

235 2525 330 2586 τδς
364 2525 457 2577 καὶ
489 2525 788 2595 ἀνέπαφος,
820 2528 914 2581 καὶ
959 2529 1018 2582 οὐ
1071 2529 1188 2581 κατ’
1219 2529 1377 2582 ἄλλον
1411 2530 1504 2582 καὶ
1540 2531 1723 2584 ἄλλον·
1755 2530 1815 2582 τὸ

234 2616 293 2666 δὲ
323 2615 454 2669 ἄλλο
491 2617 675 2670 οὐσίαν
711 2619 981 2688 σημαίνει,
1015 2619 1067 2671 τί
1094 2621 1170 2690 μὴ
1197 2620 1292 2673 δύο
1319 2621 1507 2684 οὐσίας
1532 2620 1704 2690 (parte;

313 2868 421 2937 μθ’.
465 2869 537 2922 Τὸ
565 2869 710 2934 ἄλλο,
746 2871 934 2932 οὐσίας
980 2874 1098 2925 ἐστὶ
1143 2879 1498 2944 σημαντικὸν,
1536 2881 1674 2933 κατὰ
1715 2882 1813 2949 τὴν

231 2961 496 3029 λογικὴν,
553 2961 709 3024 ἄλλος
758 2961 835 3025 δὲ,
869 2964 1246 3047 ὑποστάσεως·
1301 2970 1349 3020 εί
1401 2969 1494 3021 οὖν
1540 2971 1668 3024 ἄλλο
1720 2973 1814 3026 καὶ

231 3050 368 3105 ἄλλο
396 3050 643 3118 λέγοντες
675 3053 765 3105 τὸν
799 3053 1053 3123 Χριστὸν,
1085 3055 1185 3108 οὐκ
1211 3057 1693 3130 ἀναγκασθήσεσθε
1719 3062 1813 3116 δύο

1509 415 1803 475 CONTRA
1835 415 2251 475 JACOBITAS.
2320 397 2322 399 ’

1434 526 1529 579 καὶ
1563 528 1595 594 ἡ
1621 527 1807 587 ἒνωσις

1921 527 2265 591 unitionem;
2329 531 2384 580 et
2451 526 2692 596 quandiu
2756 528 2827 582 in-
2864 527 3067 582 unione
3116 541 3488 598 perseverant,

1873 689 1877 693 .
1919 616 2157 685 unioque
2179 616 2329 671 salva
2352 624 2457 681 est,
2488 633 2654 672 unum
2681 626 2831 681 sunt,
2856 629 3130 687 quatenus
3149 619 3300 674 unita
3324 632 3450 675 sunt
3472 637 3507 676 :‘

3356 415 3504 482 uss
3549 448 3575 512 -τ

1917 708 2007 776 qui
2037 723 2167 774 ergo
2199 724 2298 764 vos
2330 707 2384 762 in
2426 709 2676 765 unitione
2707 710 2931 780 quidem
2965 717 3190 765 naturas
3246 711 3385 768 duas
3409 711 3497 766 di-

1917 798 2058 861 citis,
2081 806 2202 867 post
2219 790 2524 852 unitio'nem
2546 814 2672 852 vero
2690 808 2942 853 naturam
2963 813 3125 851 unam
3144 798 3341 852 factam
3366 815 3492 854 esse

1917 889 2222 944 contumaci
2245 904 2342 944 ore
2373 891 2722 954 asseveratis,
2762 891 2984 960 quando
3016 891 3211 946 beatus
3250 890 3494 960 Cyrillus

1897 974 2076 1046 'illud,
2099 989 2214 1050 post
2249 981 2559 1047 unitionem,
2591 997 2712 1050 pro,
2741 983 2794 1035 in
2819 983 3228 1050 ipsaunitione,
3257 996 3490 1052 accepe-

1919 1070 2024 1124 rit?
2056 1069 2358 1140 Ecquando
2389 1071 2533 1124 enim
2565 1072 2698 1125 unio
2729 1070 2875 1124 facta
2909 1072 3195 1126 cessavit?
3234 1080 3331 1125 aut
3355 1072 3490 1141 quid

1915 1171 2002 1218 est
2038 1162 2183 1230 quod
2211 1176 2330 1216 eam
2361 1161 2762 1226 diremerit,.ut
2785 1161 3043 1216 effectum
3082 1163 3206 1231 ejus
3247 1163 3485 1226 alterum

1916 1254 1983 1308 ab
2004 1254 2085 1308 eis
2102 1269 2167 1308 ex
2197 1254 2400 1324 quibus
2440 1261 2680 1320 constat,
2715 1253 2890 1310 eidem
2917 1255 3275 1318 successisse,
3300 1263 3488 1308 etnon

1916 1351 1969 1400 in
2025 1346 2141 1415 ipsa
2180 1347 2478 1416 persistere
2510 1347 2771 1415 putetur?
2803 1345 2922 1400 Non
2965 1345 3112 1400 enim
3142 1346 3279 1399 unio
3308 1353 3395 1401 est
3423 1346 3490 1400 ad

1915 1437 2088 1492 instar
2117 1446 2328 1491 natura:
2359 1453 2551 1492 eorum
2581 1453 2705 1506 qua:
2751 1437 2912 1509 407
2952 1437 3106 1500 fiunt,
3127 1451 3229 1492 nec
3253 1436 3496 1506 amplius

1914 1530 2208 1592 exsistunt,
2258 1538 2315 1583 ut
2360 1537 2491 1598 puta
2544 1529 2831 1598 temporis,
2891 1528 3224 1592 saltationis,
3254 1536 3310 1582 et
3338 1527 3499 1582 simi-
3596 1539 3607 1545 ‘

1914 1619 2072 1759 “uri:
2122 1705 2180 1758 Si
2236 1705 2385 1759 aliud
2419 1705 2699 1775 quidpiam
2750 1705 2954 1760 unione
3009 1714 3231 1773 peracta
3288 1714 3488 1776 praeter

1916 1797 2172 1850 unionem
2198 1796 2455 1852 effectum
2487 1807 2610 1860 est,
2643 1797 2900 1853 confusio
2932 1806 3101 1859 certe,
3127 1805 3182 1852 et
3214 1813 3322 1852 non
3355 1798 3488 1852 unio

1847 1874 1888 1928 Β
1919 1887 2109 1942 fuerit.

1995 1977 2082 2030 47.
2130 1978 2186 2031 Si
2221 1978 2478 2033 confusio
2523 1979 2663 2034 duas
2709 1988 2940 2036 naturas
2976 1996 3140 2036 unam
3193 1981 3351 2047 facit;
3384 1981 3487 2034 hoc

1914 2083 2045 2122 vero
2076 2069 2258 2138 ipsum
2289 2069 2344 2123 in
2377 2081 2558 2124 vestra
2592 2071 2856 2138 Opinione
2909 2081 3130 2141 praestat
3161 2073 3329 2127 etiam
3381 2071 3487 2124 im-

1915 2161 2157 2214 munitas
2186 2176 2213 2213 a
2247 2160 2608 2226 confusione;
2648 2161 2855 2216 dicatis
2893 2163 3090 2224 velim,
3121 2163 3252 2233 quid
3285 2161 3484 2217 discri-

1914 2249 2081 2304 minis
2116 2251 2187 2305 sit
2226 2251 2374 2305 inter
2403 2266 2509 2304 non
2537 2251 2829 2305 confusum
2857 2261 2912 2306 et
2939 2253 3255 2307 confusum.

1985 2341 2075 2394 48.
2120 2340 2176 2394 Si
2226 2340 2533 2395 secundum
2569 2340 2722 2394 aliud
2775 2351 2828 2396 et
2891 2342 3036 2396 aliud
3089 2342 3342 2396 Christus
3399 2342 3488 2396 (li-

1921 2431 2067 2483 citur
2102 2431 2337 2486 visibilis
2384 2439 2438 2484 et
2490 2430 2806 2497 invisibilis,
2861 2432 3115 2486 mor-talis
3171 2438 3225 2484 et
3259 2429 3484 2486 immor-

1916 2522 2047 2574 talis
2071 2562 2084 2585 ,
2121 2521 2440 2575 tractabilis
2467 2529 2524 2572 et
2563 2535 2671 2574 non
2707 2520 3050 2583 tractabilis;
3087 2536 3197 2574 non
3228 2520 3354 2573 item
3401 2534 3492 2573 se-

1914 2613 2151 2664 cundum
2206 2612 2372 2664 alium
2444 2621 2497 2665 et
2551 2613 2768 2666 alium:
2804 2626 2929 2665 cum
2988 2611 3133 2664 aliud
3186 2610 3482 2664 essentiam

1915 2701 2361 2755 substantiamve
2394 2701 2684 2771 signiﬁcet,
2717 2717 2882 2758 eccur
2917 2715 3027 2756 non
3059 2702 3200 2756 duas
3225 2701 3486 2757 substan-

1913 2793 2018 2847 tias
2056 2794 2469 2861 pronuntiatis?

1955 2880 2071 2934 Ἀθ.
2111 2882 2273 2934 Aliud
2324 2883 2695 2936 substantiam
2754 2882 3006 2951 designat
3059 2885 3362 2940 secundum
3405 2887 3486 2940 lo-

1915 2972 2049 3042 gicae
2122 2973 2312 3043 leges,
2374 2974 2518 3028 alius
2586 2988 2718 3028 vero
2772 2974 3115 3044 hypostasim
3171 2995 3184 3030 :
3249 2977 3294 3032 si
3353 2993 3510 3047 ergo

1914 3065 2197 3119 Christum
2233 3064 2383 3118 aliud
2419 3073 2472 3118 et
2503 3065 2653 3119 aliud
2686 3080 2809 3120 esse
2857 3067 3307 3135 pronuntiando,
3346 3070 3490 3122 duas

229 3142 450 3204 φύσεις.
497 3140 700 3194 Εἴπατε
719 3149 744 3176 ο
778 3143 872 3195 καὶ
916 3143 1075 3197 ἄλλον
1101 3145 1194 3197 καὶ¹
1220 3144 1378 3200 ἄλλον
1398 3164 1411 3178 ·
1442 3149 1498 3200 οὺ
1521 3159 1551 3198 P
1579 3150 1686 3221 γὰρ
1717 3169 1807 3222 ση-

1915 3154 2099 3209 dicere
2153 3164 2384 3212 naturas
2441 3171 2552 3210 non
2616 3156 2926 3226 coge-mini,
2981 3157 3146 3212 dicite
3213 3167 3269 3212 et
3312 3159 3495 3213 alium.

234 3233 463 3299 μανεῖτε
490 3231 585 3286 δύο
614 3234 961 3300 ὑποστάσεις.

303 3414 371 3461 ν’.
411 3409 474 3460 El
502 3410 559 3462 δέ
593 3428 749 3480 φατε,
780 3413 856 3476 ὡς
885 3417 918 3484 ἡ
946 3415 1082 3468 δύος
1119 3417 1386 3489 διαίρεσιν
1411 3421 1672 3494 εἰσφέρει,
1708 3426 1812 3494 μά-

224 3499 357 3550 θετε
385 3499 564 3562 καλῶς
591 3502 988 3574 διδασκόμενοι,
1017 3507 1094 3569 ὡς
1121 3507 1212 3562 τὸν
1238 3509 1490 3579 ἀριθμὸν,
1522 3512 1582 3565 οὐ
1607 3514 1810 3585 διαίρε-

221 3604 318 3639 σιν
349 3589 376 3640 6
411 3588 698 3657 φιλόσοφος
739 3591 895 3660 λόγος
937 3594 1214 3664 ὁρίζεται,
1261 3598 1395 3652 ἀλλά
1441 3601 1668 3670 σωρείαν
1715 3621 1808 3674 μο-

219 3678 430 3741 νάδων,
463 3679 495 3748 ἢ
527 3681 684 3749 χύσιν
731 3684 1163 3752 μονάδων.Ὦστε
1191 3689 1392 3758 μᾶλλον
1420 3691 1615 3745 ἕνωσιν
1637 3694 1804 3764 δηλοῖ,

1914 3255 1968 3299 et
2027 3246 2220 3300 alium.
2286 3247 2383 3300 Sic
2449 3247 2598 3302 enim
2651 3246 3038 3317 signiﬁcabitis
3097 3248 3236 3304 duas
3312 3249 3482 3319 hypo-

1913 3343 2112 3390 stases.

1983 3426 2069 3480 50.
2113 3426 2267 3492 Quod
2288 3427 2332 3483 si
2364 3443 2496 3482 vero
2529 3428 2842 3498 objiciatis,
2877 3444 3168 3483 numerum
3205 3429 3490 3484 binarium

1912 3517 2238 3572 divisionem
2269 3518 2497 3583 inferre,
2534 3519 2753 3584 discite,
2785 3519 3086 3575 secundum
3130 3527 3336 3575 rectam
3363 3520 3483 3576 dis-

1910 3610 2210 3679 ciplinam,
2263 3625 2556 3665 numerum
2625 3627 2654 3665 a
2722 3611 3068 3682 philosophis
3119 3611 3372 3679 deﬁniri,
3423 3621 3494 3667 ut

1911 3702 2027 3772 sit,
2065 3717 2174 3756 non
2227 3702 2465 3769 divisio,
2504 3701 2599 3757 sed
2633 3717 2866 3772 acervus
2901 3705 3210 3770 unitatum,
3257 3720 3352 3760 seu
3402 3704 3486 3760 ef-

217 3767 254 3834 ἢ
295 3765 594 3866 διαίρεσιν·
625 3771 658 3840 ἡ
693 3770 792 3866 μὲν
825 3771 928 3842 γάρ
955 3772 1218 3841 διαίρεσις
1247 3777 1346 3848 τῆς
1378 3779 1604 3848 μονάδος
1633 3783 1805 3852 ἥμισυ

1913 3770 2058 3847 ηιεὶο
2113 3792 2409 3848 unitatum.
2451 3765 2643 3848 ’Unde
2681 3765 2956 3849 'unionem
3009 3765 3253 3850 declarat
3307 3795 3480 3866 magis

217 3856 327 3910 καὶ
363 3858 568 3926 ἥμισυ·
617 3864 645 3931 ἡ
687 3860 742 3914 δὲ
789 3862 918 3927 δυάς
963 3866 1254 3934 πρόσθεσις
1309 3871 1555 3939 μονάδος.
1590 3875 1806 3929 Μᾶλλον

211 3949 342 4018 γὰρ
369 3949 431 4001 τὸ
456 3950 523 4004 τὰ
551 3950 644 4003 δύο
676 3951 734 4005 ἓν
768 3955 862 4006 καὶ
898 3954 956 4006 ἓν
990 3957 1186 4020 εἰπεῖν,
1218 3959 1336 4010 ἐστὶ
1366 3959 1681 4031 διαιρέσεως
1703 3982 1718 3998 ο
1746 3967 1806 4018 τὸ

211 4040 276 4092 δὲ
336 4039 395 4092 ἓν
439 4042 534 4094 καὶ
565 4041 624 4094 ἓν
655 4042 743 4108 ὑφ’
771 4043 828 4095 ἓν
861 4044 1162 4110 συλλαϐεῖν,
1195 4049 1291 4101 καὶ
1337 4049 1432 4102 δύο
1457 4053 1653 4120 εἰπεῖν,
1684 4073 1806 4108 συν-

207 4127 424 4193 αφείας
448 4144 508 4179 τε
545 4129 640 4181 καὶ
668 4127 932 4194 ὲνὼσεως.
956 4133 1021 4186 ΕΞ
1044 4136 1263 4203 συνάγει
1293 4136 1473 4191 τοίνυν
1497 4142 1532 4192 6
1549 4142 1800 4214 ἀριθμὸς,

207 4217 342 4269 ἀλλ’
367 4216 488 4285 οὐχὶ
518 4216 732 4286 διαιρεῖ.
752 4220 901 4272 Ἐπεὶ
928 4223 961 4290 ἠ
989 4222 1130 4292 τομὴ
1165 4224 1266 4294 τῆς
1289 4261 1291 4264 ι
1314 4227 1537 4296 μονάδος
1588 4233 1736 4288 ἐστὶν
1769 4237 1802 4306 ὴ

202 4307 354 4368 δυάς
377 4321 388 4333 ·
426 4306 486 4358 τὸ
522 4307 580 4359 δὲ
603 4309 932 4377 τεμνόμενον
959 4311 1078 4382 διχῆ
1112 4315 1388 4385 τέμνεται,
1418 4321 1581 4392 τομὴ,
1614 4326 1707 4377 καὶ
1740 4329 1801 4380 οὐ

202 4395 522 4487 πρόσθεσις
569 4395 715 4451 ἐστιν
743 4400 771 4450 6
797 4400 1028 4470 ἀριθμός
1048 4419 1061 4432 ’
1111 4405 1204 4458 καὶ
1253 4409 1302 4460 εί
1343 4409 1523 4476 τοῦτο,
1549 4412 1737 4486 ὥσπερ
1765 4420 1798 4487 ή

1909 3899 2076 3952 quam
2137 3883 2485 3939 divisionem.
2517 3885 2721 3940 Divisio
2762 3885 3034 3955 siquidem
3091 3887 3352 3952 unitatis,
3396 3895 3481 3941 est

1905 3970 2188 4025 dimidium
2237 3980 2292 4027 et
2321 3970 2610 4025 dimidium
2649 3986 2665 4026 :
2701 3973 2939 4028 duorum
2991 3989 3122 4030 vero
3167 3989 3431 4043 numerus
3457 4015 3472 4034 .

1907 4061 2134 4116 unitatis
2165 4062 2434 4131 appositio
2475 4069 2582 4119 est.
2617 4061 2944 4118 Ima-dicere
2966 4105 2980 4126 ,
3013 4064 3124 4118 duo
3156 4077 3279 4117 esse
3306 4078 3474 4116 unum

1903 4159 1958 4204 et
1986 4165 2188 4212 unum.
2227 4151 2330 4205 hoc
2354 4151 2595 4220 pertinet
2638 4150 2706 4206 ad
2749 4151 3077 4207 divisionem
3124 4169 3138 4205 :
3175 4167 3345 4205 unum
3375 4167 3475 4205 au-

1903 4245 2010 4292 tem
2046 4247 2101 4292 et
2131 4255 2297 4293 unum
2330 4240 2435 4294 sub
2467 4255 2576 4294 uno
2610 4255 2842 4295 numero
2883 4239 3369 4308 comprehendere,
3421 4247 3477 4292 et

1901 4329 2011 4382 duo
2048 4329 2236 4384 dicere
2265 4369 2278 4394 ,
2317 4330 2729 4394 coniunctionis
2759 4339 2843 4384 est
2875 4339 2932 4383 et
2963 4329 3256 4382 unitionis.
3287 4328 3342 4382 Si
3376 4329 3478 4382 ita-

1902 4436 2010 4490 que
2055 4436 2322 4476 numerus
2357 4421 2612 4490 colligit:
2649 4428 2704 4474 at
2737 4429 2888 4476 certe
2936 4435 3046 4476 non
3089 4420 3306 4474 dividit.
3338 4420 3472 4485 Quia

202 4486 398 4556 μονὰς
429 4488 731 4582 τεμνομένη
755 4490 855 4560 τὴν
882 4492 1051 4546 δυάδα
1078 4499 1238 4562 ποιετ,
1269 4497 1362 4551 τὸν
1385 4501 1548 4556 αὑτὸν
1576 4486 1794 4577 τρόπον,

1913 4528 2032 4568 vero
2059 4515 2229 4567 sectio
2250 4512 2481 4566 unitatis
2507 4511 2762 4567 binarius
2777 4519 2861 4568 est
2884 4529 2898 4564 :
2927 4509 3076 4582 quod
3106 4501 3290 4565 autem
3321 4525 3474 4565 seca-

196 4581 328 4632 ἔδει
352 4577 450 4630 καὶ
479 4577 571 4630 τὸν
599 4578 692 4631 δύο
728 4581 1060 4649 τεμνόμενον
1093 4585 1191 4656 τὴν
1209 4588 1443 4656 τετράδα
1473 4597 1663 4650 ποιεῖν.
1685 4598 1795 4651 Καὶ

195 4670 389 4722 πόθεν
415 4665 578 4739 ἦλθεν
614 4671 643 4722 ό
676 4671 836 4739 τρία;
877 4673 1023 4726 Ἔδει
1051 4676 1159 4746 γὰρ
1197 4678 1390 4746 μόνους
1421 4683 1546 4747 τοὺς
1576 4686 1795 4756 ἀρτίους

192 4757 592 4828 ἀριθμεῖσθαι,
621 4758 1102 4831 ὑπεξαιρουμένων
1126 4766 1235 4819 τῶν
1265 4771 1633 4838 περιττῶν.Ἦ
1659 4779 1794 4846 μᾶλ-

189 4848 307 4899 λον
342 4849 514 4901 εἰπεῖν
542 4848 763 4918 ἀληθὲς,
791 4850 866 4910 ὡς
895 4851 1130 4922 ἀριθμὸς
1154 4855 1330 4921 διττὸς
1359 4859 1610 4929 λέγεται·
1641 4867 1670 4919 6
1695 4869 1794 4938 μὲν

188 4939 330 5007 γάρ
357 4939 472 4992 ἐστι
501 4940 622 4994 καθ’
647 4942 831 5007 αὑτὸν,
861 4943 937 5006 ὡς
965 4945 1102 5016 αὑτὴ
1145 4949 1175 5016 ή
1224 4949 1386 5018 φύσις
1411 4953 1503 5006 τοῦ
1535 4956 1804 5028 ἀριθμοῦ,.

185 5035 222 5121 6
278 5032 439 5121 ﬁetu
475 5035 652 5105 σχέσει
697 5036 791 5090 καὶ
838 5037 1123 5109 πράγματι
1165 5041 1558 5113 θεωρούμενος,
1605 5047 1794 5121 ὥσπερ

184 5119 430 5210 λευκὸν,
465 5123 499 5192 ἦ
536 5141 595 5176 τε
624 5123 885 5196 λευκότης
917 5128 1012 5181 καὶ
1060 5128 1121 5181 τὺ
1167 5129 1615 5202 λελευκασμένον.
1644 5119 1792 5210 Αὕτη

182 5207 396 5262 τοίνυν
431 5212 652 5280 ἡφύσις
681 5213 776 5266 τοῦ
814 5215 1052 5286 ἀριθμοῦ
1083 5217 1205 5272 οὔτε
1247 5219 1466 5292 διαιρεῖ,
1493 5223 1616 5278 οὔτε
1666 5207 1790 5281 συνέ

1905 4612 2014 4668 tur,
2048 4601 2102 4655 in
2139 4601 2248 4679 duo
2275 4603 2752 4666 secatur;,sectio,
2781 4611 2836 4657 et
2865 4599 3241 4670 nonadjectio
3281 4616 3474 4655 nume-

1902 4707 2000 4748 rus
2052 4692 2178 4747 erit.
2214 4690 2373 4757 Quod
2430 4692 2475 4746 si
2516 4693 2590 4746 ita
2626 4699 2744 4757 est,
2778 4691 3239 4762 quemadmodum
3289 4691 3484 4768 unitas.

1901 4784 2140 4853 partita,
2190 4779 2485 4837 numerum
2543 4782 2778 4837 duorum
2845 4783 3014 4848 facit,
3064 4782 3255 4838 eodem
3312 4785 3474 4838 modo

1901 4874 2218 4943 oportebat,
2249 4882 2306 4927 ut
2335 4872 2498 4927 etiam
2545 4888 2810 4928 numerus
2840 4873 3074 4928 duorum
3119 4882 3337 4937 sectus,
3373 4891 3472 4928 nu-

1901 4977 2112 5016 merum
2157 4970 2397 5031 quatuor
2443 4959 2701 5016 efﬁceret.
2751 4961 3042 5018 Undenam
3095 4977 3227 5032 ergo
3283 4970 3472 5016 terna-

1899 5052 2020 5106 rius
2049 5052 2242 5106 venit?
2288 5051 2580 5121 Oporteret
2628 5052 2774 5107 enim
2821 5067 3082 5107 numeros
3136 5067 3295 5121 pares
3326 5052 3489 5104 dun--

1900 5149 2058 5196 taxat
2103 5142 2383 5196 numerari
2406 5182 2420 5204 ,
2453 5141 2742 5198 subductis
2793 5141 3113 5211 imparibus.
3149 5139 3286 5214 Vel,
3323 5140 3490 5208 quod.

1897 5232 2058 5301 plane
2084 5233 2270 5289 verius
2306 5240 2426 5296 est,
2457 5232 2918 5303 quemadmodum
2963 5245 3228 5285 numerus
3267 5229 3505 5297 dupch

1485 5363 1720 5420 VARUE
1762 5367 2170 5428 LECTIONES.

283 5505 315 5533 η
350 5496 511 5582 Deest
540 5499 748 5582 aliquid
776 5501 921 5582 quod
968 5502 1049 5582 sic
1080 5503 1347 5582 iambicus
1388 5506 1670 5582 interpres
1714 5511 1974 5582 reddidit.
2015 5525 2065 5568 et
2110 5531 2260 5569 omne
2285 5513 2423 5582 quod
2444 5511 2754 5582 munitione
2784 5517 3098 5582 persevera},
3157 5521 3252 5562 seu
3284 5523 3490 5582 penest

177 5577 361 5648 υἷε-αι
385 5568 611 5648 unitum.
631 5568 806 5648 [inde
827 5571 1061 5648 legam!
1091 5572 1214 5648 ὅσον
1245 5568 1585 5648 μένουσιν»
1609 5581 1675 5648 τῇ
1713 5580 1921 5636 ἑνώσει.
1946 5568 2112 5638 Τυιϊ.
2151 5568 2240 5637 ιςρό
2286 5568 2338 5636 in
2363 5583 2575 5636 unione.
2654 5589 2678 5615 ⁰
2709 5568 2891 5641 Deest,
2924 5568 3119 5648 εἰπεῖν,
3154 5587 3246 5648 aut
3284 5568 3464 5648 λέγειν

167 5641 428 5718 εἴπατε.
461 5637 628 5718 Arat).
662 5637 901 5718 interpr:
949 5641 1091 5718 hunc
1133 5637 1312 5718 locum
1336 5647 1427 5718 _sic
1445 5637 1698 5718 reddidit
1738 5669 1751 5704 :
1787 5649 1913 5706 Non
1953 5637 2212 5718 cogemini
2253 5659 2475 5706 naturas
2510 5650 2644 5702 duas
2685 5637 3056 5718 [ateri,'1_teque
3085 5645 3268 5718 dicetis
3294 5637 3475 5700 alium

170 5705 500 5793 ξ’ίῗέίλαηῗε,
541 5705 670 5793 ξγοῖι
707 5705 847 5793 εηίάι
893 5710 1118 5793 επξθξενν
1159 5729 1193 5790 ιζ
1231 5713 1371 5793 υοὺέε
1398 5714 1484 5793 [lic
1532 5733 1736 5793 sensus.
1786 5705 1861 5773 uti
1899 5705 2201 5793 signi/iactis
2253 5705 2355 5776 nisi
2394 5705 2740 5791 hypostasifn.

177 5788 381 5830 verus
435 5777 504 5831 sit
533 5787 841 5835 contextus.
951 5777 1278 5851 q’Legerim,
1318 5783 1471 5849 δυάς,
1507 5777 1778 5843 νοιὸδύο.

2837 5727 2864 5768 ι³
2897 5714 3138 5772 Emendo
3186 5715 3355 5783 οὕτω,
3403 5724 3479 5771 ut;
