3970 6156
478 363 638 440 1459

1684 376 1743 436 S.
1781 372 2100 436 JOANNIS
2133 371 2562 436 DAMASCENI

3604 367 3730 432 14ίο

491 486 700 540 dicitur
715 501 729 549 ;
746 491 803 538 ut
819 484 961 538 alius
983 480 1286 538 secundum
1301 499 1360 538 se
1372 484 1464 550 sit,
1479 487 1620 540 sicut
1645 494 1728 541 est
1747 488 1862 556 ipsa
1884 501 2068 541 nume-

2180 482 2360 543 ἅπτει,
2394 481 2508 534 ἀλλ’
2543 479 2826 550 ἀμφότερα
2859 477 3107 547 δέχεται·
3153 469 3260 529 οἷον
3289 477 3323 544 ἡ
3357 474 3510 539 δυὰς,
3540 477 3590 528 εί
3640 478 3729 545 μὲν

494 573 538 624 ri
579 578 778 624 natura
803 608 819 634 ,
852 569 996 623 alius
1026 569 1080 624 in
1114 570 1382 626 relatione
1413 583 1468 627 et
1499 574 1553 626 in
1586 575 1702 643 ipsa
1728 590 1785 629 re
1813 577 2070 630 conside-

493 667 672 724 retur,
723 659 872 713 sicut
907 660 1092 715 album
1131 671 1239 724 est,
1269 676 1394 716 cum
1434 664 1628 719 albedo
1665 670 1806 734 ipsa,
1841 676 1955 720 tum
1982 682 2070 724 res

493 748 789 814 uealbata;
837 749 958 818 ipsa
989 749 1174 820 itaque
1224 753 1436 806 numeri
1471 761 1667 806 natura
1715 769 1815 808 nec
1844 755 2066 821 dividit,

496 855 597 896 nec
631 840 890 911 copulat,
925 841 1019 898 sed
1057 850 1349 912 utrumque
1376 845 1570 914 recipit.
1600 865 1612 898 :
1648 857 1706 898 ut
1752 855 1881 916 puta
1915 845 2071 902 bina-

495 933 638 999 rius,
663 933 934 1002 siquidem
967 935 1213 989 unitates
1243 949 1311 989 ex
1340 936 1546 1006 quibus
1570 947 1813 1001 constat,
1834 948 2069 1009 spectes,

497 1025 555 1078 in
604 1039 702 1081 eas
756 1026 1041 1080 dividitur.
1085 1027 1204 1081 Duo
1235 1029 1381 1082 enim
1436 1029 1760 1085 dividuntur
1795 1033 1848 1085 in
1901 1048 2068 1086 unum

496 1123 551 1168 et
590 1130 782 1168 unum.
819 1116 915 1170 Sin
950 1132 1081 1170 vero
1106 1117 1303 1171 harum
1340 1134 1613 1174 summam
1657 1121 1954 1192 inspicias,
2003 1141 2069 1179 ex

498 1201 588 1258 his
634 1205 818 1274 potius
863 1206 1169 1276 colligatur.
1225 1206 1405 1261 Unum
1455 1209 1723 1279 siquidem
1772 1219 1828 1265 et
1880 1229 2068 1279 unum,

500 1293 612 1346 duo
651 1302 803 1348 sunt.
856 1294 972 1347 Duo
1004 1303 1056 1348 et
1090 1296 1200 1349 duo
1222 1336 1238 1360 ,
1267 1306 1522 1366 quatuor.
1579 1297 1933 1368 Rursumque
1966 1318 2072 1354 nu-

498 1393 685 1440 merus
722 1399 831 1439 non
863 1393 948 1440 est
985 1386 1221 1450 divisio,
1259 1390 1352 1441 sed
1383 1387 1600 1458 signum
1632 1406 1742 1458 quo
1792 1394 2070 1460 quantitas

501 1473 881 1542 subiectorum
906 1473 1242 1540 declaratur,
1269 1476 1386 1530 sive
1407 1478 1578 1544 unita,
1601 1480 1719 1532 sive
1732 1481 1907 1535 divisa
1931 1483 2069 1546 sint;

499 1563 703 1632 quippe
755 1579 875 1632 qua:
912 1564 1070 1616 aliam
1119 1565 1190 1618 ob
1237 1580 1501 1629 causam,
1535 1584 1642 1620 non
1685 1585 1811 1622 vero
1853 1580 2074 1640 propter

502 1665 831 1720 nttmerum,
887 1655 1209 1711 dividuntur
1269 1667 1361 1710 aut
1412 1662 1760 1729 copulantur.
1821 1662 2073 1719 Diccnles

499 1746 647 1800 enim
671 1787 686 1809 ,
721 1748 906 1802 decem
943 1748 1160 1804 cubitos
1201 1750 1364 1818 hujus
1393 1751 1520 1821 ligni
1543 1770 1591 1805 v.
1617 1770 1681 1823 gr
1721 1756 1866 1824 quod
1897 1758 2072 1809 conli-

500 1849 671 1890 nuum
707 1843 828 1900 est,
871 1853 980 1892 non
1033 1839 1262 1908 proinde
1293 1842 1596 1898 dividimus
1641 1848 1905 1900 unitatem
1940 1849 2066 1917 ligni
2106 1819 2144 1874 Β

502 1928 981 1983 decemcubitalis.
1024 1931 1103 1985 Ac
1137 1946 1330 1986 rursus
1361 1947 1484 1986 cum
1526 1935 1711 1991 decem
1746 1941 1958 2008 palmas
1987 1941 2069 1994 di-

505 2019 723 2084 cimus,
760 2020 967 2074 divisas
1021 2036 1116 2075 eas
1168 2026 1465 2080 novimus:
1502 2028 1743 2096 itemque
1792 2047 1914 2084 cum
1959 2050 2070 2084 mo-

501 2109 648 2161 dium
693 2125 895 2173 unum,
927 2111 1098 2164 tritici
1135 2123 1294 2180 puta,
1335 2116 1418 2168 vel
1472 2117 1842 2187 dactylorum,
1893 2123 2068 2178 divisa

504 2212 628 2253 com
643 2201 780 2253 ineri
801 2215 973 2271 grana
991 2202 1046 2255 in
1069 2205 1252 2256 modio
1270 2206 1499 2260 scimus.
1520 2209 1788 2273 Quocirca
1809 2214 1854 2268 si
1881 2230 2071 2269 nume-

501 2305 598 2344 rus
627 2290 793 2361 408
827 2293 894 2347 de
926 2295 1138 2350 naturis
1181 2300 1521 2359 enuntiatur.
1558 2317 1664 2354 non
1701 2308 2067 2372 quantitatem

499 2395 686 2435 earum
712 2385 1110 2454 principaliter,
1140 2388 1232 2442 sed
1255 2393 1472 2458 generis
1496 2392 1791 2450 ιΙίευι-ἰιιιρη
1809 2403 2066 2453 ostendit.

499 2474 634 2527 Cum
669 2476 815 2528 enim
852 2476 1031 2542 bovis,
1066 2481 1301 2546 exempli
1352 2485 1548 2550 gratia,
1591 2495 1642 2538 et
1675 2489 1798 2556 equi
1844 2501 2067 2546 naturas

500 2563 640 2616 duas
683 2565 956 2628 dicimus,
991 2584 1104 2623 non
1151 2571 1480 2627 divisionem
1533 2591 1720 2630 eormn
1766 2587 2068 2638 secundum

500 2656 896 2723 quantitatem,
921 2660 1017 2712 sed
1053 2663 1358 2730 specierum
1385 2665 1758 2723 diversitatem
1791 2673 2069 2742 signiﬁca-

501 2759 643 2800 mus.
675 2746 814 2803 Tres
855 2765 987 2804 vero
1029 2768 1200 2820 equos
1237 2763 1333 2809 aut
1381 2757 1632 2814 homines
1685 2761 1938 2830 dicendo,
1978 2765 2074 2820 Pe-

501 2844 668 2898 trum,
730 2853 780 2890 v.
814 2853 921 2908 gr.,
973 2837 1241 2895 Jacobum
1271 2883 1285 2907 ,
1316 2852 1368 2898 et
1395 2843 1660 2902 Joannem
1689 2892 1702 2914 ,
1741 2850 2069 2908 divisionem

499 2925 674 2987 magis
728 2940 917 2980 eorum
965 2928 1350 2995 declaramus,
1388 2935 1647 3004 quodque
1696 2937 1749 2991 hi
1805 2947 1884 2992 tot
1925 2941 2069 3005 sint,

499 3027 605 3066 non
641 3017 783 3083 quod
817 3017 927 3072 sint
974 3020 1313 3076 istiusmodi.
1361 3021 1474 3076 lmo
1507 3025 1558 3078 in
1593 3034 1782 3082 sancta
1832 3038 1883 3084 et
1940 3049 2071 3085 con-

2170 575 2270 635 τὰς
2313 572 2566 640 μονάδας,
2602 571 2658 636 ἐξ
2686 563 2759 622 ὧν
2789 570 3121 628 συνίσταται,
3163 569 3402 629 σκοπεῖς,
3438 567 3519 628 είς
3571 565 3728 619 ταῦτα

2171 665 2476 735 διαιρεῖται.
2513 665 2592 716 Τὰ
2641 663 2748 732 γὰρ
2791 662 2904 723 δύο,
2932 651 3219 730 διαιρεῖται
3248 660 3326 721 είς
3355 657 3412 710 ἓν
3437 659 3530 710 καὶ
3563 658 3641 712 ἐν.
3673 657 3726 710 ΕΙ

2171 759 2228 812 δὲ
2257 759 2459 810 τούτων
2489 757 2587 825 τὴν
2617 754 2790 824 όμάδα
2817 753 3057 820 θεωρεῖς,
3081 753 3144 802 ὲκ
3163 749 3368 802 τούτων
3400 747 3596 818 μᾶλλον
3621 765 3728 800 συν-

2173 851 2405 902 άπτεται
2426 864 2439 878 ·
2473 846 2530 898 ἓν
2557 847 2664 916 γὰρ
2692 845 2784 897 καὶ
2807 843 2886 907 ἓν,
2917 841 3011 894 δύο
3031 858 3042 870 ·
3079 841 3171 894 δύο
3218 840 3311 892 καὶ
3334 839 3448 902 δύο,
3478 839 3727 908 τέσσαρα.

2174 939 2282 990 Καὶ
2322 937 2483 989 πάλιν
2513 938 2538 987 ό
2568 933 2819 1003 ἀριθμὸς,
2850 931 2910 984 οὑ
2963 928 3224 999 διαίρεσίς
3269 930 3438 992 ἐστιν,
3469 927 3605 981 ἀλλὰ
3647 943 3731 996 ση-

2177 1031 2326 1097 μεῖον
2373 1027 2666 1096 δηλωτικὸν
2700 1023 2792 1078 τοῦ
2838 1022 3003 1076 ποσοῦ
3051 1021 3158 1074 τῶν
3205 1019 3603 1090 προκειμένων,
3632 1019 3730 1072 είτε

2175 1118 2485 1188 ηνωμένων,
2519 1119 2625 1168 εἴτε
2661 1113 3027 1184 διῃρημένων,
3056 1110 3212 1164 ἄλλου
3246 1109 3426 1178 λόγου,
3452 1110 3546 1162 καὶ
3567 1109 3624 1160 οὑ
3647 1108 3731 1162 τοῦ

2174 1210 2409 1281 ἀριθμοῦ
2437 1209 2606 1260 ταῦτα
2629 1207 2984 1277 διαιροῦντος,
3008 1205 3040 1273 ἢ
3068 1203 3448 1264 συνάπτοντος.
3472 1201 3614 1253 Δέκα
3635 1199 3732 1269 γὰρ

2174 1304 2369 1370 πήχεις
2418 1299 2662 1366 λέγοντες
2717 1295 2867 1348 τοῦδε
2913 1294 3006 1346 τοῦ
3062 1294 3216 1357 ξύλου
3261 1291 3444 1360 τυχὸν,
3494 1288 3734 1358 συνεχοῦς

2173 1391 2345 1454 ὄντος,
2377 1392 2436 1443 ού
2475 1387 2884 1458 συνδιαιρούμεν
2931 1385 3006 1455 τῷ
3036 1382 3252 1454 ἀριθμῷ
3299 1384 3389 1435 καὶ
3438 1381 3540 1450 τὴν
3583 1383 3638 1432 ὲν
3666 1379 3733 1448 τῷ

2174 1483 2470 1552 δεκαπήχει
2516 1481 2658 1549 ξύλῳ
2710 1479 2934 1547 ἑνότητα
2956 1492 2969 1504 ·
3023 1475 3114 1528 καὶ
3150 1474 3312 1526 πάλιν
3341 1472 3474 1525 δέκα
3503 1471 3733 1538 φοίνικας

2173 1575 2441 1642 λέγοντες,
2468 1573 2525 1624 ἐν
2549 1569 2813 1640 διαιρέσει
2839 1567 3061 1628 τούτους
3094 1564 3465 1632 ἐπιστάμεθα·
3514 1564 3607 1614 καὶ
3649 1564 3735 1615 ἕνα

2179 1668 2377 1738 μόδιον,
2414 1665 2560 1717 σίτου
2606 1662 2788 1730 τυχὸν,
2829 1661 2862 1729 ἢ
2898 1659 3176 1727 φοινίκων,
3206 1656 3476 1721 λέγοντες,
3509 1657 3566 1706 ὲν
3609 1654 3734 1706 διαι-

2180 1764 2323 1833 ρέσει
2367 1762 2496 1822 τοὺς-
2536 1757 2612 1828 τῷ
2645 1757 2810 1827 μοδίῳ
2852 1753 3211 1823 ἀνεχομένους
3241 1752 3472 1813 κόκκους
3504 1751 3734 1819 οἴδαμεν.

2173 1852 2284 1904 Καὶ
2333 1852 2379 1902 εί
2438 1849 2534 1918 μὲν
2584 1847 2612 1899 ὀ
2665 1844 2894 1916 ἀριθμὸς
2948 1841 3290 1911 ὲπιφημισθῇ
3323 1838 3574 1905 φύσεσιν,
3603 1838 3660 1890 οὑ
3687 1838 3738 1890 τὸ

2171 1939 2336 1994 ποσὸν
2382 1936 2564 1990 αὑτῶν
2608 1934 3052 2005 προηγουμένως,
3081 1931 3141 1984 τὸ
3184 1930 3241 1982 δὲ
3276 1928 3566 1995 ἀλλογενὲς
3599 1945 3739 1998 παρ-

2175 2033 2376 2100 ίστησι.
2411 2028 2538 2089 Βοὸς
2569 2027 2680 2096 γὰρ
2711 2026 2872 2094 τυχὸν
2905 2025 2997 2076 καὶ
3026 2023 3196 2075 ἵππου
3234 2019 3326 2072 δύο
3369 2020 3623 2088 λέγοντες
3652 2019 3740 2088 φύ-

2173 2142 2304 2189 σεις,
2337 2123 2397 2175 ού
2429 2123 2528 2192 τὴν
2557 2120 2698 2173 κατὰ
2720 2118 2779 2170 τὺ
2807 2115 2968 2169 ποσὸν
2999 2115 3178 2168 αὐτῶν
3208 2114 3492 2182 διαίρεσιν,
3527 2110 3661 2164 ἀλλὰ
3685 2110 3738 2161 τὸ

2172 2234 2241 2268 κα
2259 2215 2315 2266 τὰ
2358 2214 2416 2265 τὸ
2464 2209 2601 2272 εἶδος
2629 2206 3078 2278 παρηλλαγμένον
3108 2204 3463 2274 σημαίνομεν.
3501 2204 3664 2273 Τρεῖς
3687 2201 3738 2252 δὶ

2173 2308 2376 2366 ἵππους
2428 2302 2460 2372 ἢ
2513 2298 2828 2368 ἀνθρώπους
2877 2297 3147 2364 λέγοντες,
3181 2293 3384 2362 Πέτρον
3435 2291 3738 2361 τυχδν,καὶ

2185 2396 2460 2456 Ἰάκωϐον,
2495 2392 2587 2445 καὶ
2627 2391 2898 2457 Ἰωάννην,
2926 2387 2987 2439 τὸ
3034 2385 3361 2456 διῃρημένον
3402 2382 3605 2452 μᾶλλον
3649 2382 3736 2434 αύ-

2171 2490 2300 2549 τῶν,
2331 2489 2422 2540 καὶ
2470 2486 2543 2547 ὼς
2584 2484 2643 2535 οὑ
2683 2480 2895 2543 τοιοίδε,
2927 2479 3071 2532 τόσοι
3117 2477 3172 2528 δὲ
3215 2474 3413 2545 μᾶλλον
3456 2473 3738 2544 δηλοῦμεν.

2173 2583 2281 2634 Καὶ
2311 2583 2402 2632 ἐπὶ
2433 2578 2531 2648 μὲν
2556 2577 2654 2643 τῆς
2685 2574 2843 2641 ἁγίας
2877 2571 2970 2624 καὶ
3009 2568 3295 2639 όμοουσίου
3337 2567 3574 2638 Τριάδος
3606 2565 3738 2634 τρεῖς

2172 2675 2268 2735 τὰς
2296 2671 2620 2729 ὑποστάσεις
2645 2664 3022 2735 κηρύττοντες,
3051 2661 3181 2729 μίαν
3209 2658 3412 2711 τούτων
3442 2657 3633 2708 οὐσίαν
3654 2653 3740 2705 καὶ

2174 2758 2333 2832 φύσιν
2368 2753 2898 2826 ὁμολογοῦμεν.Ἐπὶ
2935 2751 2991 2803 δέ
3024 2766 3086 2816 γε
3115 2751 3213 2818 τῆς
3245 2747 3511 2817 σωτηρίου
3545 2747 3740 2832 οἰκονοέ

2177 2831 2322 2921 μίας,
2356 2847 2448 2900 δύο
2489 2846 2738 2913 λέγοντες
2782 2841 2992 2910 φύσεις,
3019 2839 3080 2891 τὸ
3115 2836 3410 2906 ἑτεροειδὲς
3456 2833 3662 2898 αὐτῶν,
3686 2831 3741 2884 ού

2172 2941 2232 2994 τὸ
2267 2935 2666 3009 κεχωρισμένον
2701 2931 3060 3003 σημαίνομεν,
3096 2928 3170 2991 ὡς
3202 2929 3378 2979 ὲκεϊσε
3411 2925 3518 2976 τῶν
3557 2922 3744 2977 οὐσιῶν

2173 3035 2262 3087 τὸν
2307 3029 2558 3101 ἀριθμὸν,
2592 3024 2694 3078 κᾶν
2743 3021 2980 3092 μηδεμία
3030 3019 3326 3078 ὑπόστασις
3357 3017 3444 3084 εἴη
3475 3015 3742 3077 ἀνούσιος,

497 3105 846 3161 substantiali
877 3109 1155 3164 'l‘rinitate
1192 3113 1273 3167 sic
1305 3123 1419 3168 tres
1456 3116 1777 3185 hypostascs
1805 3125 2068 3189 praedica-

2177 3125 2315 3179 οὑτω
2348 3117 2624 3175 κάνταῦθα
2648 3114 2755 3168 τῶν
2784 3111 3152 3173 ὑποστάσεων,
3183 3109 3287 3161 κᾶν
3318 3106 3562 3177 μηδεμία
3593 3104 3745 3174 φύσις

498 3211 641 3258 mus,
674 3205 732 3251 ut
765 3214 928 3253 unam
959 3215 1147 3255 earum
1180 3212 1431 3257 naturam
1470 3216 1524 3277 et
1553 3209 1914 3265 substantiam
1941 3229 2058 3270 con-

2181 3215 2546 3272 ὰνυπόστατος
2577 3207 2682 3276 εἴη,
2721 3203 2943 3265 δικαίως
2969 3199 3338 3259 ἐκϐάλλοντες.

497 3285 771 3350 ﬁteamur.
805 3295 1073 3362 Quocirca
1109 3301 1162 3353 in
1216 3301 1442 3355 salutari
1495 3304 1910 3376 incarnatione,
1974 3330 2098 3369 cum
2173 3323 2402 3370 naturas
2467 3307 2601 3361 duas
2669 3300 3034 3372 proferimus,
3090 3294 3462 3348 diversitatem
3529 3300 3738 3344 earum.

495 3401 604 3440 non
681 3391 1079 3458 separationem
1157 3393 1570 3462 signiﬁcamus;
1621 3377 1693 3453 but
1759 3389 2214 3470 quemadmodum
2287 3403 2400 3457 illic
2492 3407 2778 3452 numerum
2861 3387 3292 3486 substantiarum
3347 3380 3742 3486 nexcludlmns.

495 3479 708 3532 ίθπδθίδί
761 3480 912 3534 "una
969 3483 1284 3553 "lpﬂstasis
1339 3487 1664 3544 substantiae
1716 3508 1910 3562 expers
1954 3497 2060 3561 sit,
2140 3492 2507 3552 consimiliter
2559 3497 2847 3541 numerum
2900 3477 3277 3550 hypostasium
3347 3473 3437 3527 hic
3480 3473 3610 3540 jure
3657 3485 3749 3524 ex-

495 3569 803 3636 plodimus,
853 3575 1107 3642 quamvis
1137 3576 1286 3629 nulla
1344 3589 1538 3633 natura
1600 3582 1671 3637 sit
1715 3584 1833 3639 sine
1889 3585 2188 3656 hyphstasi.

566 3662 654 3718 5|.
714 3657 772 3716 Si
834 3679 1099 3722 numerus
1167 3667 1402 3723 duarum
1457 3679 1781 3727 naturarum
1841 3675 2066 3732 divisio-

495 3758 618 3804 nem
671 3751 884 3818 infert,
932 3761 986 3809 et
1019 3757 1227 3811 idcirco
1257 3769 1582 3815 naturarum
1635 3777 1926 3818 numerum
1979 3767 2066 3819 l'u-

496 3840 666 3908 gitis,
737 3856 909 3910 quare
980 3859 1269 3902 numerum
1327 3853 1736 3921 proprietatum
1794 3871 1904 3908 non
1975 3857 2069 3911 de-

493 3932 716 3989 clinatis
745 3933 769 3986 ?

565 4024 652 4079 52.
707 4025 878 4080 Unam
909 4037 1159 4082 naturam
1212 4028 1308 4083 Dei
1345 4029 1507 4086 Verbi
1559 4034 1892 4087 incarnatam
1939 4053 2068 4090 con-

496 4117 756 4182 litemini,
794 4116 1064 4190 nobisque
1117 4130 1172 4174 et
1227 4121 1388 4177 vobis
1430 4126 1742 4181 communis
1786 4127 1898 4179 haec
1942 4142 2067 4181 sen-

496 4208 662 4266 lentia
711 4217 842 4265 est:
880 4211 1082 4282 quippe
1131 4226 1256 4265 cum
1298 4211 1405 4268 hoc
1462 4213 1683 4268 Patrum
1724 4215 1943 4270 ell'atum
1975 4220 2063 4272 sit.

497 4298 604 4353 Sed
644 4301 688 4354 si
735 4301 874 4356 duas
912 4313 1140 4358 naturas
1185 4317 1250 4356 eo
1290 4303 1574 4360 declarare
1629 4307 1828 4366 vultis,
1865 4305 2067 4361 l‘rUSIra

497 4391 698 4445 bellum
727 4407 850 4446 cum
885 4393 1113 4447 veritate
1142 4395 1349 4462 geritis.
1402 4394 1498 4448 Sin
1547 4401 1726 4450 autem
1771 4399 1906 4459 hoc,
1943 4405 2067 4450 tan-

495 4497 660 4549 quam
708 4497 872 4534 unam
926 4482 1255 4551 simpliciter
1302 4492 1552 4537 naturam
1594 4487 1890 4555 exprimat,
1929 4488 2068 4540 veri-

497 4567 592 4620 lati
625 4574 821 4621 contra
851 4567 1087 4622 dicendo
1117 4569 1385 4625 adversus
1411 4572 1548 4628 duas
1579 4583 1808 4628 naturas
1835 4573 2068 4642 Opponi-

496 4660 609 4721 tis,
666 4673 932 4726 prospere
982 4661 1138 4716 vobis
1189 4675 1297 4715 non
1380 4663 1524 4717 cedit
1575 4665 1860 4734 interjecta
1919 4681 2063 4730 vox,

497 4751 848 4801 incantatam.
893 4748 988 4803 Sin
1032 4767 1164 4807 vero
1213 4768 1388 4822 neque
1442 4770 1604 4809 unam
1658 4757 1940 4822 absolute,
1977 4773 2067 4812 ne—

495 4844 602 4904 que
627 4835 764 4889 duas
799 4838 982 4892 unitas
1016 4849 1393 4907 repraesentat,
1426 4859 1784 4913 quaecumque
1813 4861 1937 4914 pars
1967 4846 2065 4899 ad-

491 4927 637 4994 jecta
667 4925 811 4979 inter
837 4942 1000 4979 unam
1034 4938 1088 4980 et
1119 4929 1256 4982 duas
1286 4941 1620 4999 assumatur,
1652 4935 1791 4990 hanc
1817 4936 2065 4990 declara-

497 5018 578 5073 bit
632 5015 764 5070 illud
789 5056 802 5080 ,
837 5017 1172 5070 incantatam
1195 5059 1209 5084 ,
1245 5020 1361 5074 sive
1414 5022 1578 5092 dupla
1630 5039 1757 5093 pars
1794 5027 1904 5089 sit,
1951 5028 2065 5084 sive

494 5105 743 5168 dimidia,
789 5105 1074 5175 quantitas
1115 5122 1282 5176 penes
1313 5116 1552 5164 vestrum
1605 5114 1901 5169 arbitrium
1930 5160 1932 5162 .
1959 5118 2064 5171 erit

2244 3692 2308 3727 να
2331 3709 2343 3725 .
2388 3669 2448 3722 El
2477 3671 2510 3738 ἠ
2543 3667 2672 3727 δυὰς
2713 3663 2930 3725 πάντως
2974 3659 3184 3726 εἰσάγει
3225 3656 3510 3726 διαίρεσιν,
3544 3653 3641 3705 καὶ
3668 3651 3753 3702 διὰ

2175 3764 2331 3818 τοῦτο
2359 3759 2449 3812 τὸν
2478 3755 2708 3828 ἀριθμὸν
2735 3753 2843 3804 τῶν
2869 3751 3083 3818 φύσεων
3114 3745 3365 3816 φεύγετε,
3399 3742 3452 3794 τί
3493 3740 3601 3794 τῶν
3633 3739 3755 3792 ίδιο-

2175 3854 2352 3922 τήτων
2382 3848 2473 3900 τὸν
2504 3843 2737 3914 ἀριθμὸν
2766 3841 2866 3894 οὑκ
2891 3837 3169 3892 ἐκκλίνετε
3194 3851 3210 3901 ;

2243 4033 2339 4101 νβ’.
2383 4029 2539 4082 Μίαν
2584 4023 2772 4093 φύσιν
2813 4019 2920 4075 τοῦ
2950 4018 3100 4073 Θεοῦ
3131 4017 3320 4086 Λόγου
3362 4009 3759 4090 σεσαρκωμέ·

2174 4131 2288 4187 νην
2319 4119 2652 4189 ὁμολογεῖτε,
2684 4113 2778 4166 καὶ
2823 4112 2976 4179 κοινὴ
3024 4109 3153 4178 ὑμῖν
3189 4106 3284 4159 καὶ
3326 4106 3458 4175 ἡμῖν
3508 4104 3544 4173 ἡ
3582 4101 3717 4167 δόξα
3739 4117 3753 4130 ⁸

2173 4203 2403 4280 Πατρῶν
2442 4209 2551 4278 γὰρ
2573 4208 2602 4258 ὁ
2630 4205 2786 4271 λόγος
2825 4201 2992 4255 ἐστίν.
3011 4197 3149 4252 Ἀλλ’
3183 4198 3230 4250 εί
3265 4195 3367 4266 μὲν
3397 4194 3491 4248 δύο
3524 4194 3628 4257 τὰς
3659 4193 3759 4262 φύ-

2176 4323 2287 4368 σεις
2315 4301 2509 4370 δηλοῦν
2540 4300 2628 4352 διὰ
2648 4295 2841 4348 τούτου
2872 4289 3146 4361 βούλεσθε,
3178 4290 3387 4350 είκαῐος
3412 4287 3544 4356 ὑμῖν
3567 4287 3597 4338 δ
3621 4282 3759 4354 πρὸς

2175 4395 2274 4464 τὴν
2307 4391 2566 4462 ἀλήθειαν
2591 4388 2843 4455 πόλεμος.
2883 4385 2945 4436 Ei
2990 4381 3045 4434 δὲ
3093 4379 3165 4443 ὡς
3219 4380 3351 4454 μιᾶς
3395 4377 3757 4446 ἐμφαντικὸν,

2175 4486 2331 4538 τοῦτο
2380 4481 2568 4542 ἁπλῶς
2601 4473 2997 4544 ἀντιφαντικῶς
3039 4470 3184 4523 κατὰ
3228 4467 3340 4520 τῶν
3385 4466 3483 4520 δύο
3511 4467 3759 4536 προΐσχε-

2101 4538 2144 4592 D
2177 4575 2290 4634 σΘε,
2330 4573 2508 4642 μάτην
2551 4538 2679 4639 ὑμῖν
2709 4538 2790 4629 το,
2830 4538 3302 4630 σεσαρκωμένην
3331 4558 3432 4628 (2),
3483 4557 3757 4628 παρέρρι-

2176 4633 2418 4719 man-Ei
2463 4633 2519 4714 δὲ
2571 4633 2704 4730 μήτε
2745 4658 2872 4726 μίαν
2917 4653 3122 4716 ἁπλῶς,
3160 4652 3301 4719 μήτε
3345 4649 3442 4702 δύο
3469 4633 3800 4718 ἡνωμένας¹

2175 4757 2490 4825 παρίστησι,
2526 4752 2742 4810 πάντως
2784 4749 2812 4800 ὃ
2852 4746 2903 4797 τί
2935 4761 3063 4796 ποτε
3087 4740 3379 4810 ἐπιμόριον
3411 4739 3621 4825 μεταξὺ
3664 4737 3761 4804 τῆς

2177 4824 2303 4908 μιᾶς
2331 4847 2422 4897 καὶ
2449 4843 2554 4896 τῶν
2581 4842 2673 4893 δύο
2703 4856 2776 4891 πα
2787 4835 3055 4908 ραληφθῇ,
3079 4833 3240 4884 τοῦτο
3265 4832 3400 4900 ἡμῖν
3421 4824 3664 4896 δηλώσει
3683 4828 3757 4887 τὸ,

2172 4931 2671 5001 σεσαρκωμένην·
2732 4929 2842 4981 εἴτε
2895 4923 3160 4994 δίμοιρον,
3205 4922 3319 4974 εἴτε
3367 4921 3545 4990 ἥμισυ
3605 4916 3762 4970 τοῦδε

2173 5025 2358 5084 ποσοῦ,
2382 5023 2544 5091 ὑμεῖς
2573 5020 2638 5073 ἂν
2669 5018 2818 5087 εἴητε
2855 5016 3062 5084 κύριοι·
3091 5014 3224 5067 ὅπου
3253 5028 3320 5080 γε
3347 5014 3401 5064 οἱ
3433 5011 3706 5081 μακάριοι
3737 5010 3765 5059 ὁ

2185 5113 2495 5173 Ἀθανὰσιός
2523 5127 2582 5163 τε
2605 5111 2695 5162 καὶ
2721 5107 2985 5176 Κύριλλος
3013 5101 3250 5157 ἐνταῦθα
3269 5100 3761 5172 καταχρηστικῶς.

2030 5246 2261 5303 NOTAE.

567 5341 641 5409 (‘2)
675 5337 878 5393 Eodem
911 5337 1071 5393 modo
1105 5331 1484 5395 Theodoretus
1516 5335 1728 5408 Diali,
1751 5343 2064 5408 Athanasii,

496 5411 548 5473 ni
605 5411 782 5469 l‘allor,
844 5422 1041 5461 nomen
1089 5409 1378 5472 reveritus.
1423 5410 1728 5467 Eranistam
1767 5414 2062 5473 dicentem,

501 5464 669 5532 Unam
712 5464 807 5530 Dei
825 5547 833 5550 _
853 5477 1270 5550 Verbi‘naturam
1284 5464 1884 5550 incarnatanurexcipit
1903 5498 1920 5534 :
1938 5464 2066 5534 ἡδ’εέ

494 5562 594 5611 que
622 5565 738 5605 nos,
762 5564 790 5598 0
818 5547 967 5611 bone,
992 5547 1124 5601 duas
1148 5548 1244 5601 Dei
1283 5547 1436 5602 Verbi
1467 5561 1687 5605 naturas
1715 5547 1826 5605 esse
1880 5553 2060 5602 incar-

497 5624 651 5667 natus
674 5617 954 5689 dicimus;_
997 5617 1140 5689 Μίαν
1162 5685 1171 5689 Α
1191 5618 1296 5688 γὰρ
1325 5618 1491 5689 ἔσμεν
1523 5622 1620 5689 τὴν
1650 5621 1746 5672 τοῦ
1787 5621 1923 5672 Θεοῦ
1947 5620 2059 5689 ΔΛό-

532 5701 593 5757 οφ
624 5682 806 5757 φύσενν
836 5683 970 5757 an?
992 5684 1088 5752 τὴν
1114 5680 1291 5757 esse
1318 5680 1351 5757 ᾖ
1375 5680 1718 5757 κρησάιὶενος
1749 5687 2056 5756 ἐσσιρκώθη.

495 5694 593 5798 ἴου
624 5694 806 5750 φύσιν,
836 5694 970 5734 αλλὰ
992 5694 1088 5752 την
1114 5694 1291 5754 σάρκα
1319 5694 1351 5756 ἡ
1375 5694 1718 5757 χρησάμενος
1749 5694 2056 5756 ἐσαρκώθη.

533 5752 686 5822 τέρας
709 5745 844 5804 εῖναι
879 5750 1093 5817 φύσεως
1129 5745 1515 5823 ἐδιδάχθημεν
1564 5756 1733 5809 Uitam
1777 5759 1913 5809 enim
1966 5758 2060 5809 Dei

2190 5337 2341 5392 Verbi
2372 5339 2632 5394 novimus.
2663 5335 2752 5390 sed
2782 5335 2954 5387 edocti
2992 5350 3198 5396 sumus,
3258 5347 3476 5386 carnem
3535 5331 3762 5386 alterius

2175 5425 2286 5463 esse
2310 5416 2535 5459 παίω-αι,
2577 5406 2745 5472 ’Ἄλλη
2778 5404 2872 5472 μὲν
2901 5405 2932 5472 ἡ
2967 5402 3312 5472 σαρκωθεῖσα
3347 5401 3444 5454 τοῦ
3479 5401 3622 5472 Θεοῦ
3659 5402 3765 5472 Δός

2176 5496 2271 5545 γου
2290 5477 2470 5545 φύσις,
2491 5473 2623 5545 ἄλλη
2650 5474 2705 5526 δὲ
2727 5469 2887 5545 ἠξτῆς
2904 5469 3123 5545 σαρκὸς,
3142 5469 3590 5545 ἢν-ᾁναλαὸοὖσα
3613 5474 3651 5542 η
3671 5470 3766 5545 ⁸τοῦ

2164 5541 2300 5598 Θεοῦ
2333 5543 2507 5608 Λόγου
2540 5541 2722 5609 φύσις,
2751 5541 3056 5609 ’ἐσαρκώθη
3085 5557 3098 5569 ·
3159 5541 3285 5593 Alia
3312 5543 3603 5609 incuruata
3642 5541 3763 5594 'Dei

2173 5613 2325 5668 Verbi
2357 5608 2570 5676 natura,
2610 5613 2720 5664 alia
2746 5608 2946 5670 carnis.
2971 5625 3129 5678 quam
3155 5625 3277 5678 cum
3307 5609 3412 5663 Dei
3457 5608 3616 5664 Verbi
3663 5627 3768 5663 na-

2163 5695 2284 5736 tura
2319 5681 2599 5744 accepisset
2629 5721 2644 5743 ,
2681 5677 2989 5733 incarnatus
3034 5679 3156 5746 fuit.
3192 5677 3268 5732 De
3300 5679 3600 5737 Athanasii
3627 5693 3775 5737 vero

2170 5749 2494 5806 auctoritate
2511 5751 2893 5807 dissertatione
2919 5749 3182 5818 singulari
3214 5748 3438 5805 dicetur
