3970 6156
316 397 448 465 μοι
1573 394 1877 458 CONTRA
1905 392 2323 457 JACOBITAS.
3392 350 3557 481 tua

245 509 249 513 ’
313 498 410 573 καί
440 517 502 572 οὑ
533 512 756 587 κυρίως,
783 514 858 586 τῷ
894 516 994 586 τῆς
1025 514 1237 584 φύσεως
1265 515 1495 585 ὀνόματι
1528 515 1625 584 τὴν
1659 503 1891 568 ὑπόστα-

2010 504 2155 583 Beati
2176 507 2448 578 siquidem
2497 507 2834 567 Athanasius
2868 520 2923 566 et
2973 509 3210 579 Cyrillus
3236 548 3249 571 ,
3290 524 3387 577 per
3428 508 3549 562 abu-

316 624 403 659 σιν
426 604 724 674 ὶδήλωσαν,
745 604 820 668 ὡς
846 605 1283 676 καθολικωτέριρ.
1301 603 1749 673 Κατηγοροῦνται
1773 602 1881 672 γὰρ

2010 600 2222 661 tionem,
2270 605 2322 654 et
2352 615 2461 653 non
2494 601 2732 670 proprie,
2767 612 2975 655 naturae
3028 598 3267 665 nomine,
3298 607 3557 669 tanquam

316 696 387 749 τὰ
415 694 820 766 καθολικώτερα
851 694 961 751 τῶν
995 695 1255 766 μερικῶν,
1278 694 1374 748 καὶ
1397 694 1592 747 ταυτὸν
1624 693 1724 764 μὲν
1748 708 1885 748 παν-

314 787 552 840 τάπασιν
583 788 682 841 οὑκ
715 788 883 842 ἐστιν.
918 787 994 840 Οὐ
1033 787 1143 857 γὰρ
1185 788 1219 857 ἡ
1252 786 1567 851 ὑπόστασις,
1597 785 1787 854 φύσιςο
1821 783 1884 838 οὑ

316 877 426 946 γὰρ
448 875 737 930 καθολικδν
783 878 817 946 ἡ
862 875 1159 940 ὑπόστασις
1178 894 1192 909 ·
1221 877 1371 947 ὅμως
1403 876 1461 930 δὲ
1493 876 1709 946 δέχεται
1733 875 1795 930 τό
1826 891 1887 929 τε

315 965 491 1036 όνομα
531 966 624 1019 καὶ
670 966 763 1034 τὸν
784 998 789 1003 -
814 965 942 1035 ὅρον
980 966 1077 1019 τοῦ
1119 964 1429 1030 καθολικοῦ,
1460 962 1573 1020 ἀλλ’
1599 967 1698 1020 οὐκ
1747 966 1891 1020 ἀντι-

319 1056 643 1128 στρέφειΩΗ
681 1057 781 1126 μὲν
810 1058 919 1129 γὰρ
958 1058 1275 1126 ὑπόστασις,
1305 1060 1425 1131 ἤτοι
1466 1058 1528 1112 τδ
1559 1059 1758 1130 ἄτομον
1787 1062 1888 1130 τῆς

319 1146 557 1216 φύσεως,
576 1146 757 1215 φύσις,
786 1148 902 1200 ἀλλ’
929 1148 990 1201 οὑ
1020 1150 1181 1220 μόνον
1209 1150 1390 1218 φύσις,
1422 1149 1559 1205 ἀλλὰ
1582 1150 1721 1222 μετὰ
1748 1149 1888 1204 ίδιὼ-

325 1246 512 1304 ματος.
530 1230 594 1288 'H
618 1231 677 1288 δὲ
696 1234 875 1303 φύσις,
895 1236 993 1307 οὑχ
1016 1237 1335 1302 ὑπόστασις,
1353 1240 1471 1311 ἦτοι
1495 1240 1723 1312 ἄτομονο
1749 1238 1890 1293 οὕτω

290 1401 295 1405 θ
334 1323 790 1392 καταχρηστικῶς
826 1325 923 1377 καὶ
947 1326 1009 1379 οὑ
1039 1327 1245 1397 κυρίως
1284 1328 1365 1400 τῷ
1391 1329 1490 1399 τῆς
1531 1332 1747 1400 φύσεως
1774 1331 1891 1383 ὀνό-

326 1426 457 1480 μσκτι
502 1413 603 1482 τὴν
646 1414 940 1469 ὑπόστασιν
967 1419 1272 1488 ὲσήμαναν,
1301 1420 1378 1483 ὡς
1406 1414 1548 1473 εῖναι
1577 1421 1640 1475 τὸ
1664 1421 1893 1492 λεγόμεα

322 1515 435 1566 νον,
458 1503 607 1571 μίαν
632 1506 977 1560 ὑπόστασιν
1015 1508 1121 1563 τοῦ
1168 1508 1317 1563 Θεοῦ
1352 1512 1548 1580 Λόγου
1586 1526 1893 1581 σεσαρκω-

316 1588 531 1661 μένην.
552 1594 627 1645 Οὑ
652 1593 762 1665 γὰρ
782 1596 817 1667 ἡ
841 1584 1007 1665 φύσις
1028 1597 1122 1651 τοῦ
1152 1598 1287 1652 Θεοῦ
1318 1600 1493 1669 Λόγου
1529 1601 1891 1672 σεσάρκωται,

323 1681 439 1735 ἀλλ’
470 1685 504 1754 ἡ
537 1684 864 1751 ὑπόστασιςο
898 1689 993 1742 καὶ
1032 1691 1241 1761 μάρτυς
1271 1690 1301 1744 6
1331 1691 1473 1755 θεῖος
1502 1692 1895 1765 εὑαγγελιστὴς

310 1766 428 1826 ὧδὲ
468 1790 544 1844 πη
577 1774 714 1845 βοῶν
739 1777 1058 1849 διαπρύσιον
1077 1795 1090 1810 ·
1133 1800 1152 1833 ι
1174 1784 1233 1835 'U
1263 1781 1436 1850 Λόγος
1462 1781 1597 1855 σὰρξ
1624 1783 1888 1851 ἐγένετο.»

336 1862 397 1915 ⁸0
426 1862 485 1915 δὲ
509 1861 680 1931 Λόγος
708 1867 770 1919 οὑ
799 1867 961 1935 φύσις
996 1870 1165 1934 ἐστὶν,
1192 1871 1267 1934 ὡς
1286 1871 1544 1941 ἀνωτέρω
1572 1871 1886 1941 δεδήλωται,

326 1952 443 2007 ἀλλ’
481 1954 920 2019 ὑπόστασις·καὶ
966 1959 1129 2023 αὐτὸς
1170 1961 1226 2013 δὲ
1271 1963 1300 2014 6
1344 1960 1600 2032 θεοφόρος
1624 1960 1890 2034 Κύριλλος

326 2043 552 2114 ἑτέρωθι.
601 2046 730 2100 τάδε
783 2049 982 2119 φησιν’
1017 2070 1034 2100 ι
1063 2052 1227 2130 Φύσις
1275 2052 1369 2106 τοῦ
1414 2053 1612 2122 Λόγου,
1641 2054 1810 2124 ἦγουν
1856 2058 1890 2126 ἡ

330 2132 645 2199 ὑπόστασις,
674 2134 703 2189 ὅ
731 2137 879 2191 ἔστιν
902 2139 1062 2203 αὑτὸς
1091 2142 1118 2193 6
1150 2142 1337 2209 Λόγος.
1369 2161 1388 2193 ι
1426 2142 1487 2195 Et
1516 2143 1624 2214 γὰρ
1666 2146 1699 2214 ἡ
1733 2143 1894 2213 φύσις

327 2223 424 2277 τοῦ
454 2226 649 2293 Λόγου,
677 2222 794 2298 ἦτοι
823 2230 855 2299 ἡ
890 2228 1103 2298 θεότης,
1150 2232 1492 2302 σεσάρκωται
1513 2249 1531 2264 ο
1562 2232 1755 2305 ἑτέραν
1787 2232 1895 2304 γὰρ

330 2316 493 2384 φύσιν
518 2320 549 2371 ό
575 2318 746 2391 Λόγος
776 2320 874 2373 οὐκ
897 2316 1008 2391 εἶχε
1032 2322 1181 2394 παρὰ
1201 2322 1301 2395 τὴν
1325 2323 1574 2395 θεότητα,
1598 2323 1698 2395 τῆς
1726 2325 1897 2394 αὐτῆς

278 2442 281 2445 ι
328 2406 389 2459 ὑὶ
421 2405 635 2474 φύσεως
666 2409 695 2462 6
721 2411 892 2477 Λόγος
925 2413 1001 2482 τῷ
1030 2414 1205 2483 ῐῐιιιτρι⁵
1241 2414 1336 2468 καὶ
1367 2413 1447 2484 τῷ
1474 2413 1772 2485 Πνεύματι,
1804 2416 1898 2469 καὶ

332 2497 510 2550 πάντα
539 2499 694 2553 κοινὰ
718 2499 812 2554 τοῦ
848 2503 1081 2570 Πατρός,
1106 2505 1201 2558 καὶ
1231 2504 1323 2557 τοῦ
1341 2503 1496 2570 Υίοῦ,
1513 2504 1610 2558 καὶ
1626 2506 1720 2559 τοῦ
1742 2506 1897 2574 ἁγίου

334 2583 672 2659 Πνεύματος,
704 2590 843 2663 πλὴν
888 2593 983 2645 τοῦ
1034 2595 1235 2664 τρόπου
1273 2595 1373 2664 τῆς
1404 2594 1719 2667 ὑπάρξεως·
1752 2598 1848 2651 καὶ
1872 2599 1901 2652 6

336 2676 525 2750 Πατὴρ
553 2680 649 2733 καὶ
667 2682 728 2734 τὸ
740 2683 891 2759 ’11νεῦ
899 2700 975 2753 μα
993 2685 1598 2757 σεσάρκωται.Ἔνωσιν
1613 2687 1902 2760 τοιγαροῦν

337 2766 553 2834 φύσεως
601 2766 723 2823 καθ’
755 2771 1072 2838 ὑπόστασιν,
1101 2776 1196 2828 καὶ
1238 2775 1334 2828 τοῦ
1378 2776 1552 2846 Λόγου
1603 2779 1898 2849 σάρκωσιν,

336 2856 432 2910 καὶ
466 2858 568 2927 τῆς
600 2860 799 2930 σαρκὸς
830 2861 1024 2916 θέωσιν
1054 2865 1445 2937 ὁμολογοῦμεν.
1473 2868 1755 2938 Σάρκωσις
1795 2868 1903 2939 γάρ

335 2948 454 3001 ἑστι
481 2947 544 3002 τὸ
576 2953 864 3020 μετασχεῖν
898 2955 1099 3025 σαρκός
1120 2971 1135 2986 ο
1171 2957 1469 3027 σαρκοῦται
1492 2961 1671 3014 τοίνυν
1700 2962 1733 3032 ή
1763 2962 1906 3016 ἐνού-

339 3054 453 3103 σιος
479 3040 575 3093 τοῦ
599 3040 735 3095 Θεοῦ
759 3042 934 3112 Λόγου
965 3046 1279 3112 ὑπόστασις,
1314 3051 1432 3120 ἤτοι
1477 3050 1507 3103 6
1550 3052 1682 3118 Θεὸς
1712 3055 1901 3124 Λόγος,

1988 689 2365 758 generaliore,
2411 690 2746 762 hypostasim
2780 690 2919 748 'istie
2967 689 3374 762 signiﬁcarunt.
3420 691 3555 745 Prae.

1988 782 2249 837 dicantur
2274 783 2420 836 enim
2456 798 2581 853 quae
2618 784 3015 839 univcrsaliora
3051 791 3179 839 sunt
3209 782 3279 838 de
3309 781 3561 853 particu-

1988 874 2219 940 laribus,
2261 888 2362 927 nec
2392 871 2536 927 idem
2564 875 2820 929 omnibus
2871 874 3049 929 modis
3098 880 3260 939 sunt;
3311 875 3439 943 quia
3468 889 3565 926 ua-

1991 974 2113 1019 tura
2140 962 2459 1035 bypostasis
2496 977 2605 1016 non
2651 970 2735 1017 est
2766 980 2779 1015 :
2818 978 2924 1017 non
2971 961 3114 1017 enim
3142 963 3451 1017 universale
3481 969 3565 1014 est

1992 1054 2346 1127 bypostasis;
2393 1062 2448 1109 et
2504 1054 2723 1109 tametsi
2757 1053 2987 1123 recipiat
3031 1069 3226 1109 nomen
3268 1061 3322 1109 et
3368 1053 3565 1108 delini-

1993 1149 2198 1202 tionem
2265 1145 2620 1213 universalis,
2663 1159 2771 1199 non
2826 1151 3009 1198 tamen
3053 1146 3168 1198 vice
3201 1146 3379 1211 verba.
3428 1145 3562 1199 Nam

1997 1234 2317 1305 bypostasis
2351 1232 2770 1289 individttumvc
2817 1241 3049 1297 naturae,
3083 1243 3277 1287 natura
3304 1242 3422 1298 cst,
3466 1249 3562 1289 nec

1996 1332 2194 1379 natura
2249 1325 2424 1379 solum
2446 1366 2461 1390 ,
2496 1324 2592 1379 sed
2639 1339 2765 1378 cum
2796 1322 3131 1394 pr0prietate
3169 1342 3181 1376 :
3217 1334 3408 1376 natura
3441 1340 3567 1378 vero

1994 1429 2103 1471 non
2140 1423 2223 1469 est
2251 1413 2563 1483 hypostasis
2585 1454 2599 1477 ,
2639 1413 2756 1468 sive
2790 1411 3158 1467 individuum.
3190 1411 3280 1466 Sic
3310 1428 3404 1484 per
3434 1413 3568 1466 abu-

1996 1508 2238 1573 sionem,
2287 1522 2396 1561 non
2427 1506 2671 1576 proprie,
2706 1515 2918 1561 naturae
2950 1507 3173 1560 nomine
3228 1506 3567 1577 bypostasim

1996 1597 2409 1667 signiﬁcarunt,
2469 1605 2527 1651 ut
2580 1596 2807 1665 perinde
2851 1597 2923 1651 sit
2974 1597 3081 1651 ista
3139 1598 3370 1662 locutio,
3420 1612 3484 1651 ac
3519 1597 3567 1652 si

1995 1688 2298 1751 dixissent,
2353 1706 2513 1742 unam
2575 1688 2901 1759 hypostasim
2958 1686 3124 1741 divini
3183 1685 3332 1740 Verbi
3387 1687 3568 1738 incar-

1997 1787 2198 1853 natagn.
2245 1776 2365 1832 Non
2397 1777 2544 1833 enim
2581 1787 2780 1832 natura
2828 1776 3001 1853 divini
3060 1772 3223 1829 Verbi
3276 1775 3565 1830 incarnata

1997 1878 2101 1935 est,
2125 1849 2219 1925 sed
2252 1869 2579 1941 hypostasis.
2609 1868 2781 1939 Cujus
2810 1849 2972 1924 etiam
3018 1869 3170 1923 testis
3212 1875 3296 1922 cst
3330 1881 3565 1936 evange-

1998 1960 2262 2026 lista,boc
2290 1959 2455 2014 modo
2481 1959 2687 2014 diserte
2715 1957 2961 2013 clamans
2987 1975 3001 2011 :
3029 1975 3046 2008 ι
3081 1954 3145 2009 Et
3173 1955 3408 2009 Verbmn
3436 1950 3566 2008 caro

2001 2050 2206 2107 factum
2234 2049 2301 2103 ".
2336 2068 2354 2100 ι
2385 2047 2804 2119 AtquiVerbum
2831 2063 2938 2101 non
2962 2053 3047 2102 est
3074 2054 3292 2106 natura,
3319 2053 3377 2098 ut
3398 2061 3568 2113 supc-

2002 2145 2123 2197 rius
2153 2148 2440 2197 ostensum
2477 2147 2581 2204 est,
2623 2139 2719 2195 sed
2749 2138 3090 2210 bypostasis.
3128 2135 3234 2190 Sed
3265 2143 3318 2212 ct
3349 2135 3569 2190 divinus

2000 2229 2487 2302 ipsemetCyrillus
2519 2228 2575 2283 in
2614 2226 2723 2282 alio
2753 2226 2875 2282 loco
2906 2226 2972 2294 “,
2996 2227 3072 2280 ait
3103 2244 3116 2280 :
3154 2224 3356 2279 Natura
3380 2224 3568 2287 Verbi,

2002 2324 2120 2379 sive
2142 2320 2481 2395 bypostasis,
2507 2319 2653 2390 quod
2682 2326 2768 2374 est
2793 2318 3034 2373 Verbum
3058 2317 3294 2387 ipsuth
3330 2316 3386 2370 Si
3422 2316 3569 2370 enim

2004 2410 2396 2479 naturaVerbi,
2410 2411 2587 2467 dcitas
2602 2410 2834 2472 scilicet,
2851 2409 3135 2463 incarnata
3151 2416 3256 2469 est,
3272 2423 3393 2462 eum
3407 2403 3572 2478 409

2004 2519 2261 2562 naturam
2307 2504 2474 2558 aliam
2511 2509 2707 2573 praeter
2752 2500 3013 2556 deitatem
3046 2496 3287 2553 Verbum
3325 2514 3435 2552 nou
3476 2499 3576 2550 ha-

2006 2597 2208 2663 buerit,
2230 2594 2327 2651 sed
2364 2593 2610 2663 ejusdem
2642 2604 2856 2647 naturae
2882 2591 2956 2646 sit
2977 2606 3041 2646 ac
3066 2588 3226 2645 Pater
3248 2599 3301 2645 et
3333 2590 3577 2658 Spiritus
3642 2606 3649 2613 ‘

2009 2693 2260 2751 sanctus,
2295 2692 2357 2740 ut
2391 2684 2504 2741 sint
2531 2682 2720 2739 omnia
2752 2682 3064 2739 communia
3102 2680 3245 2734 Patri
3275 2688 3327 2737 et
3353 2679 3489 2734 Filio
3524 2688 3580 2733 et

2012 2775 2247 2847 Spiritui
2288 2779 2509 2838 sancto,
2571 2780 2805 2843 excepto
2840 2770 3140 2826 exsistendi
3177 2771 3337 2825 modo
3367 2788 3381 2826 :
3412 2770 3579 2824 etiam

2010 2868 2174 2923 Pater
2206 2872 2260 2922 et
2292 2863 2467 2921 Filius
2490 2872 2544 2918 et
2569 2862 2813 2934 Spiritus
2844 2873 3076 2918 sanctus
3099 2860 3368 2915 incarnati
3391 2867 3574 2915 erunt.

2009 2958 2358 3029 Quapropter
2393 2955 2651 3010 unionem
2698 2960 3023 3008 naturarum
3061 2951 3361 3007 secundum
3413 2952 3583 3022 hypo-

2012 3049 2207 3104 stasim
2238 3086 2254 3112 ,
2308 3046 2747 3101 incarnationem
2790 3042 2958 3099 Verbi
2987 3084 3001 3109 ,
3032 3042 3221 3098 carnis
3272 3042 3578 3097 deiﬁcatio-

339 3131 436 3232 ita}
473 3132 811 3232 ’παχύνει-αι,
856 3137 951 3189 καὶ
999 3136 1296 3204 ὑπόστασις
1343 3142 1409 3213 τῇ
1457 3144 1621 3214 σαρκὶ
1656 3144 1900 3212 γίὺεται·

2012 3154 2177 3204 nem,
2237 3136 2586 3194 conﬁtemur.
2644 3132 2783 3188 Nam
2850 3132 3163 3188 incarnatio
3216 3142 3301 3187 est
3352 3132 3580 3202 partici-

339 3220 434 3275 καὶ
465 3220 543 3275 ὣν
563 3222 830 3295 πρότερον
851 3225 1000 3292 Θεὸς,
1035 3229 1192 3299 σὰρξ,
1219 3231 1338 3301 ἦτοι
1368 3234 1654 3303 ἄνθρωπος
1677 3234 1905 3307 ὕστερον

340 3310 569 3379 γίνεται,
601 3314 693 3367 καὶ
730 3314 828 3385 μία
858 3317 968 3372 τῶν
1014 3318 1106 3372 δύο
1159 3320 1376 3388 φύσεων
1420 3323 1750 3395 χρηματίζει
1780 3326 1907 3380 ὑπό-

343 3417 534 3467 στασις
569 3404 820 3471 σύνθετος
843 3423 856 3439 ·
890 3410 984 3462 καὶ
1032 3411 1089 3463 ὲν
1122 3412 1258 3484 αὐτῇ
1306 3412 1394 3467 διὰ
1434 3415 1533 3485 τῆς
1578 3415 1910 3488 σαρκώσεως

308 3562 313 3565 1
341 3488 588 3545 ἑνοῦν-ται
616 3492 674 3545 ai
703 3492 797 3547 δύο
833 3494 1046 3564 φύσεις,
1069 3499 1170 3568 τῆς
1193 3517 1251 3552 τε
1278 3500 1532 3573 θεότητος
1562 3505 1783 3575 καὶτῆς
1823 3506 1911 3559 ἁν-

343 3574 711 3650 θρωπότητος,
759 3584 852 3638 καὶ
903 3587 1302 3661 περιχωροῦσιν
1347 3591 1406 3644 ὲν
1449 3574 1810 3667 ἀλλήλαις,ίὴ
1854 3596 1911 3650 δὲ

345 3671 718 3758 περιχώρησις
750 3675 815 3728 ὲκ
846 3675 947 3745 τῆς
971 3674 1224 3749 θεότητος
1254 3680 1486 3750 γίνεται.
1518 3667 1666 3754 Αὑτη
1690 3685 1799 3758 γὰρ
1824 3704 1913 3758 με-

342 3757 598 3814 ταδίδωσι
630 3764 697 3831 τῇ
730 3765 894 3833 σαρκὶ
917 3766 1015 3836 τῆς
1042 3769 1245 3834 οἰκείας
1276 3771 1434 3843 δόξης
1464 3789 1523 3826 τε
1557 3774 1647 3827 καὶ
1671 3757 1914 3846 λαμπρό-

346 3861 526 3918 τητος,
561 3850 623 3903 οὑ
669 3852 1162 3925 μπαλαμσάνουσα
1195 3860 1304 3912 τῶν
1331 3863 1428 3930 τῆς
1466 3863 1668 3934 σαρκὸς
1705 3865 1911 3920 παθῶν.

348 3935 442 4026 Διὸ
473 3940 509 4010 ή
542 3939 645 4026 μὲν
673 3941 837 4011 φύσις
881 3945 982 4016 τῆς
1034 3949 1235 4020 σαρκὸς
1271 3949 1512 4020 θεοῦται,
1539 3955 1599 4007 οὑ
1640 3962 1831 4026 σαρκοῖ
1859 3958 1917 4012 δὲ

346 4024 448 4095 τὴν
481 4024 644 4095 φύσιν
684 4026 779 4081 τοῦ
829 4031 1003 4098 Λόγου
1025 4050 1040 4065 ·
1075 4032 1188 4087 θεοῖ
1233 4037 1332 4107 μὲν
1375 4039 1436 4091 τὸ
1467 4024 1825 4114 πρόσλημμα,
1856 4045 1916 4099 οὐ

352 4117 653 4188 σαρκοῦται
669 4119 747 4175 δέ.
766 4122 1065 4197 Ὠφελείται
1087 4126 1195 4199 γὰρ
1221 4127 1280 4181 τὸ
1301 4131 1482 4200 χεῖρον
1501 4132 1606 4185 ὑπὸ
1627 4133 1722 4187 τοῦ
1743 4137 1921 4204 κρείτ-

348 4220 525 4276 τονος,
558 4209 621 4263 ού
646 4213 1099 4284 παρασλάπτεται
1134 4214 1191 4271 δὲ
1222 4219 1283 4272 τὸ
1316 4222 1561 4288 κρεῖττον
1595 4224 1698 4278 ὑπὸ
1744 4225 1921 4298 χείρο-

2010 3235 2164 3307 patio
2188 3247 2244 3292 et
2295 3231 2600 3304 assumptio
2651 3231 2857 3286 carnis.
2899 3229 3224 3284 lncarnatur
3256 3229 3443 3297 itaque
3480 3227 3579 3298 by-

2011 3327 2254 3399 postasis
2282 3320 2449 3382 Verbi
2481 3324 2539 3379 in
2573 3322 2893 3379 substantia
2928 3324 3225 3383 assistens,
3250 3319 3305 3373 id
3332 3331 3417 3373 cst
3434 3317 3583 3373 Deus

2010 3416 2277 3482 Verbum,
2307 3415 2744 3485 crassescitque,
2765 3422 2820 3468 et
2848 3412 2998 3467 carni
3031 3411 3343 3482 hypostasis
3369 3410 3446 3466 fit.
3475 3409 3585 3477 Qui

2012 3518 2141 3563 ante
2159 3507 2304 3564 Deus
2321 3514 2459 3570 erat,
2482 3505 2834 3576 postmodum
2860 3502 2917 3571 ﬁt
2933 3503 3155 3568 caro,id
3182 3511 3266 3558 cst
3285 3503 3473 3568 homo,
3489 3517 3587 3557 vo—

2014 3605 2283 3668 caturque
2307 3611 2415 3650 una
2440 3596 2675 3651 duarum
2716 3590 3041 3649 naturarum
3089 3593 3403 3665 hypostasis
3437 3608 3588 3648 com-

2016 3691 2227 3759 posita,
2251 3686 2471 3743 naturis
2520 3686 2812 3750 ambabus,
2837 3684 3131 3741 divinitate
3153 3693 3207 3739 et
3248 3684 3589 3739 humanitate

2018 3781 2074 3836 in
2130 3778 2249 3851 ipsa
2282 3793 2380 3851 per
2415 3776 2854 3833 incarnationem
2894 3776 3065 3831 unitis
3090 3818 3104 3842 ,
3155 3786 3209 3831 et
3248 3776 3304 3831 in
3349 3792 3409 3831 se
3466 3792 3590 3830 mu-

2020 3882 2118 3927 tuo
2185 3866 2799 3927 circumlnsidentibus.
2887 3867 3217 3937 Quanquam
3294 3869 3593 3923 circumin-

2020 3963 2198 4021 sessio
2251 3961 2535 4020 divinitate
2564 3960 2658 4026 ﬁt,
2712 3960 2833 4032 ipsa
2880 3960 3324 4015 communicautc
3363 3960 3592 4029 gloriam

2023 4070 2180 4111 suam
2210 4063 2278 4125 et,
2304 4052 2651 4126 splendorem
2686 4068 2812 4109 cum
2843 4066 3050 4117 carne,
3084 4068 3183 4107 nec
3228 4053 3591 4122 participante

2019 4145 2312 4216 passiones
2345 4144 2551 4202 carnis.
2591 4141 2863 4211 Quocirca
2901 4152 3097 4199 natura
3134 4144 3351 4212 quidem
3404 4143 3619 4197 carnis

2023 4234 2316 4291 deiﬁcatur
2340 4253 2353 4290 :
2381 4244 2437 4289 at
2465 4251 2571 4289 non
2605 4235 2734 4287 item
2763 4248 2983 4288 carnem
3014 4231 3143 4285 facit
3175 4238 3422 4285 naturam
3458 4229 3592 4287 Ver-

351 4300 567 4392 νος.
593 4302 704 4373 γὰρ
730 4306 758 4358 6
792 4304 1009 4376 σίδηρος
1053 4308 1152 4377 μὲν
1184 4309 1472 4381 πυροῦται,
1507 4312 1567 4366 τὸ
1598 4313 1655 4366 δὲ
1682 4314 1809 4384 Ιπῦρ
1857 4315 1905 4369 οἰ

2023 4327 2101 4382 bi.
2139 4324 2346 4381 Natura
2377 4326 2542 4380 Verbi
2567 4331 2905 4392 assumptam
2939 4331 3189 4375 naturam
3218 4321 3455 4389 deillcat,
3482 4339 3591 4377 non

351 4387 668 4482 σιδηροῦται
692 4409 706 4424 ·
735 4394 831 4447 καὶ
859 4395 935 4459 ὡς
964 4396 997 4466 ἡ
1024 4395 1160 4468 σὰρξ
1191 4397 1290 4473 μὲν
1316 4398 1602 4470 ψυχοῦται,
1632 4403 1665 4472 ἠ
1694 4402 1749 4457 δε
1774 4403 1905 4475 duxi

2030 4425 2212 4473 autem
2250 4416 2594 4470 incarnatur.
2649 4387 3044 4481 Locupletatur
3091 4414 3236 4468 enim
3270 4415 3415 4482 quod
3443 4387 3594 4470 dcte-

350 4479 414 4534 οὑ
466 4482 784 4553 σαρκοῦται,
819 4483 994 4549 οὕτως
1043 4486 1077 4557 ἡ
1128 4486 1248 4541 θεία
1301 4490 1483 4558 φύσις,
1527 4491 1641 4547 θεοῖ
1689 4494 1788 4565 μὲν
1825 4495 1905 4567 rip

2028 4508 2145 4563 rius
2177 4515 2260 4561 est
2283 4504 2354 4559 ab
2384 4503 2907 4567 excellentiorimec
2943 4502 3092 4572 quod
3124 4503 3484 4562 excellentius
3510 4516 3596 4562 est

357 4572 557 4665 σαρκα,
586 4574 725 4647 αὑτὴ
753 4576 809 4631 δὲ
831 4576 893 4630 οὑ
926 4576 1222 4649 σαρκοῦται
1239 4595 1255 4611 ·
1284 4581 1345 4634 ού
1374 4582 1484 4653 γὰρ
1507 4582 1729 4654 δεκτικὴ
1751 4586 1784 4654 ἡ
1808 4584 1905 4640 θείς

2028 4613 2057 4653 a
2126 4594 2395 4651 deteriore
2444 4594 2675 4649 laeditur.
2729 4591 2865 4647 Nam
2914 4569 3058 4649 sicut
3106 4594 3313 4649 ferrum
3364 4595 3596 4665 ignitum

353 4663 519 4732 φύσις
566 4665 668 4736 τῆς
710 4667 929 4722 οιασοῦν
979 4671 1380 4744 προσθήκης,ἢ
1431 4676 1804 4748 ὑφαιρέσεωςο
1837 4695 1905 4733 κα

2030 4685 2299 4747 etlicitur,
2341 4683 2485 4755 ignis
2543 4698 2670 4739 vero
2724 4698 2834 4738 non
2890 4684 3173 4742 efﬁcitur:
3207 4696 3264 4741 et
3289 4663 3434 4742 sicut
3469 4702 3629 4742 caro~

357 4755 681 4830 μεταδοτικη
711 4760 830 4830 μὲν,
865 4761 926 4814 οὑ
960 4762 1337 4837 μεταληπτικὴ
1357 4765 1434 4821 δέ.
1462 4767 1553 4821 Διὸ
1574 4768 1798 4840 οὐδεμία
1821 4769 1921 4839 φύ-

357 4863 442 4912 σις
465 4847 715 4915 σύνθετος
751 4851 964 4921 γέγονε.
996 4850 1201 4910 Ταυτὸν
1224 4855 1320 4910 οὑν
1359 4859 1508 4911 ἐστιν
1547 4860 1738 4925 εἰπεῖν,
1769 4861 1921 4914 ὲνού-

354 4953 475 4993 σιον
502 4939 819 5004 ὑπόστασιν,
854 4943 949 4997 καὶ
981 4944 1144 5013 φύσιν
1179 4944 1275 5000 τοῦ
1306 4946 1440 5001 Θεοῦ
1471 4950 1645 5017 Λόγου
1665 4966 1678 4981 ’
1712 4949 1788 5015 ὡς
1813 4952 1921 5022 γὰρ

355 5028 591 5101 εἴρηται,
631 5032 730 5104 την
757 5034 1052 5088 ὑπόστασιν
1082 5036 1161 5106 τῷ
1191 5037 1290 5108 τῆς
1325 5038 1540 5108 φύσεως
1567 5040 1794 5110 ὀνόματι
1816 5042 1923 5097 ὑπ-

354 5120 635 5190 εσήμαναν
677 5123 725 5174 οί
775 5122 1034 5193 μακάριοι
1081 5125 1399 5192 Ἀθανάσιος
1429 5129 1524 5183 καὶ
1549 5130 1922 5202 Κύριλλος.Ἦ

357 5206 459 5280 μὲν
493 5208 600 5283 γὰρ
631 5212 943 5280 ὑπόστασις,
979 5215 1071 5267 καὶ
1105 5215 1297 5286 φύσις*
1326 5218 1509 5272 οὐκέτι
1534 5219 1590 5272 δὲ
1629 5221 1722 5275 καὶ
1755 5223 1788 5294 ἡ
1823 5225 1926 5293 φύ-

358 5315 465 5399 σις,
498 5301 815 5399 ὑπόστασιῂ
837 5303 914 5358 Οὐ
939 5304 1048 5399 γὰρ
1077 5306 1425 5399 αντιστρέφει
1449 5328 1462 5342 ·
1493 5315 1925 5386 κατηγοροῦνται

306 5420 321 5437 .
360 5392 460 5461 μὲν
495 5392 602 5464 γὰρ
631 5395 737 5447 τςὶν
764 5392 1010 5468 μερικῶν
1042 5398 1110 5452 τὰ
1136 5399 1383 5467 καθόλου,
1416 5403 1482 5457 τὰ
1507 5403 1562 5457 δὲ
1596 5406 1799 5475 μερικὰ
1820 5407 1927 5463 τῶν

358 5480 604 5540 καθόλων
640 5487 701 5541 οὑ
727 5486 1157 5557 καταφάσκεται.
1201 5490 1261 5544 Ei
1295 5491 1354 5545 δὲ
1395 5494 1490 5547 καί
1529 5512 1669 5558 τινος
1701 5498 1927 5569 σιδήρου

361 5578 729 5647 κυρουμένου,
760 5580 793 5648 ἠ
819 5579 977 5647 φύσις
1010 5579 1103 5632 τοῦ
1129 5581 1348 5651 σιδήρου
1382 5585 1738 5655 πεπυρῶσθαι
1773 5587 1933 5657 λέγε-ι

436 5755 480 5787 "
501 5752 659 5812 Jaan.
688 5754 826 5812 LM.
905 5756 945 5789 "
973 5754 1028 5809 lu
1053 5755 1259 5813 dcl'cns.
1283 5759 1316 5812 ‘2.
1347 5763 1550 5821 Anatb.
1576 5777 1726 5826 cont.
1760 5768 1967 5826 Theod.

2030 4775 2250 4849 quidem
2287 4775 2587 4840 animatur,
2625 4789 2727 4830 nec
2757 4775 2941 4830 anima
2978 4774 3039 4830 lit
3075 4791 3207 4831 caro
3240 4793 3254 4831 :
3293 4778 3376 4833 sic
3416 4776 3639 4832 divina-~~

2029 4877 2226 4923 natura
2257 4867 2498 4939 deiﬁcat,
2535 4882 2640 4923 nec
2667 4875 2851 4923 tamen
2881 4868 3001 4938 ipsa
3026 4856 3369 4923 incarnatur.
3406 4868 3601 4923 Divina

2031 4959 2233 5029 quippe
2263 4968 2461 5013 natura
2490 4973 2659 5029 capax
2691 4973 2801 5014 non
2824 4967 2910 5014 est
2942 4958 3242 5030 cujuslibet
3263 4960 3601 5015 accessionis

2031 5057 2123 5104 aut.
2154 5048 2619 5107 substractionis:
2647 5050 2841 5122 sicque
2863 5051 3097 5122 largitur
3129 5061 3183 5107 et
3206 5052 3599 5116 communicat,

2033 5153 2090 5197 ut
2122 5143 2244 5212 ipsa
2274 5141 2522 5198 vicissim
2556 5157 2665 5197 non
2693 5144 3005 5215 participet.
3060 5143 3421 5209 Quamobrem
3460 5140 3600 5195 facta

2036 5249 2146 5288 non
2189 5240 2276 5289 est
2313 5248 2425 5289 una
2467 5240 2663 5288 natura
2691 5234 3017 5303 composita.
3056 5233 3222 5304 Igitur
3264 5231 3601 5302 ltypostasim

2038 5325 2090 5378 in
2130 5330 2332 5379 natura
2363 5331 2666 5379 exstantem
2702 5318 2887 5378 dicere
2924 5321 3151 5392 perinde
3173 5328 3275 5386 est,
3308 5328 3475 5389 atque
3505 5318 3600 5374 Dei

2038 5413 2201 5470 Verbi
2248 5421 2528 5469 naturam.
2577 5411 2735 5481 Nam,
2764 5422 2824 5466 ut
2855 5411 3064 5466 dictum
3109 5410 3377 5477 est,beati
3416 5408 3602 5466 Patres

2035 5505 2380 5561 Athanasius
2418 5514 2472 5562 et
2521 5503 2757 5576 Cyrillus
2812 5508 3023 5556 natura:
3072 5499 3292 5555 nomine
3337 5498 3601 5570 byposta-

2042 5599 2143 5651 sim
2192 5594 2593 5666 signiﬁcarunt.
2647 5592 2971 5665 Hypostasis
3019 5591 3163 5647 enim
3211 5590 3375 5646 ctiam
3408 5601 3607 5646 natura
