3980 6140
513 313 654 384 1463

1679 335 1742 394 S.
1783 336 2104 398 JOANNIS
2151 342 2579 403 DAMASCENI

3637 357 3774 425 1-164

504 438 630 494 est,
681 430 780 486 sed
838 445 946 485 non
1003 431 1192 488 itidem
1247 442 1444 491 natura
1480 438 1573 496 ἐει
1602 439 1938 514 hypostasis.
1980 447 2085 503 Non

2201 467 2290 504 ται
2316 470 2330 482 ·
2380 454 2498 507 ἀλλ’
2529 455 2727 509 εἰδέναι
2775 459 2880 529 χρὴ
2909 460 2982 524 ὼς
3022 462 3108 516 διὰ
3135 463 3193 516 ab
3217 465 3470 534 δεκτικὴν
3507 461 3646 522 εἶναι
3673 472 3776 540 τὴν

513 521 660 576 enim
718 523 1121 592 reciprocatur.
1180 523 1520 584 Universalia
1552 533 1756 604 quippe
1803 536 1870 591 de
1927 540 2095 608 parti-

507 611 792 667 cularibus
816 615 1220 684 prmdicantur;
1249 634 1356 674 non
1382 637 1513 677 vero
1539 626 1896 694 particularia
1917 646 2090 684 enun-

505 703 717 756 tiantur
755 702 822 758 de
846 705 1280 764 universalibus.
1312 708 1468 774 Quod
1502 711 1547 765 si
1583 713 1730 768 ferro
1774 714 2086 785 ignescente

505 800 704 846 natura
752 793 882 850 ferri
917 796 1076 867 ignea
1110 797 1253 853 facta
1286 800 1510 867 dicitur,
1547 803 1957 859 observandum
2001 816 2084 861 ta-

504 899 626 938 men
653 894 738 940 est
763 886 815 941 id
842 887 979 954 ﬁeri,
1009 894 1139 960 quia
1167 899 1366 946 natura
1399 893 1529 948 ferri
1564 910 1736 964 capax
1765 906 1848 951 est
1874 898 2084 952 inﬂam-

503 976 788 1044 mationis,
812 985 864 1032 et
897 978 1259 1036 inﬂammatio
1303 998 1442 1052 opus
1465 993 1676 1040 naturae
1713 995 1817 1042 est.
1855 989 1956 1044 Ast
1989 989 2074 1042 in-

504 1075 730 1121 carnato
765 1068 946 1125 Verbo
977 1087 1115 1142 opus
1145 1084 1357 1129 natura:
1387 1091 1494 1130 non
1516 1086 1602 1132 est
1634 1079 1960 1144 incarnatio,
1989 1083 2082 1136 sed

503 1157 699 1214 modus
738 1161 1159 1232 dispensatoriai
1212 1169 1766 1226 accommodationis.
1825 1171 1941 1226 Non
1981 1173 2084 1243 igi-

502 1255 595 1301 tur
626 1251 810 1308 dicere
861 1255 1011 1319 licet,
1048 1273 1214 1312 unam
1251 1259 1482 1316 Deitatis
1536 1262 1872 1332 hypostasim
1911 1265 2076 1333 quid~

503 1355 665 1406 quam
715 1345 944 1409 habere,
973 1347 1116 1417 quod
1163 1365 1359 1406 omnes
1399 1367 1504 1405 non
1555 1352 1809 1419 habeant,
1842 1364 2071 1425 excepto

2201 541 2362 610 φύσιν
2389 545 2483 598 τοῦ
2521 546 2741 618 σιδήρου
2775 550 3092 621 πυρώσεως,
3121 557 3219 609 καὶ
3243 555 3333 609 διὰ
3363 557 3424 608 τὸ
3447 557 3664 625 φύσεως
3693 562 3775 629 Ep-

2198 647 2292 697 γον
2323 629 2462 687 εἶναι
2491 635 2588 706 τὴν
2629 638 2892 710 πύρωσιν.
2914 644 3036 698 Ἐπὶ
3064 646 3121 699 δὲ
3155 647 3254 715 τῆς
3303 647 3394 699 τοῦ
3423 650 3595 714 Λόγου
3631 669 3704 702 σα
3713 669 3770 720 ρ-

2197 721 2438 790 κώσεως,
2471 729 2530 780 οὑ
2582 730 2798 798 φύσεως
2831 733 2990 804 ἔργον
3015 739 3047 806 ἡ
3077 739 3371 806 σάρκωσις,
3402 739 3543 792 ἀλλὰ.
3567 741 3771 811 τρόπος

2191 814 2538 888 οἰκονομικῆς
2567 824 3045 890 συγκαταϐάσεως.
3077 828 3190 882 Οὑκ
3238 828 3385 881 ἔστιν
3428 825 3521 882 οὖν
3569 832 3765 894 εἰπεῖν,

2194 906 2324 972 μίαν
2375 907 2484 960 τῶν
2536 913 2633 980 τῆς
2686 911 2936 983 θεότητος
2966 917 3314 971 ὑποστάσεων
3341 919 3484 988 ἔχειν
3528 937 3604 984 τι,
3629 921 3770 990 ὅπερ

2182 998 2301 1067 οὑχὶ
2335 1001 2507 1052 πᾶσαι
2537 1004 2592 1054 αι
2620 1003 2950 1070 ὑποστάσεις
2981 1011 3301 1078 κέκτηνται,
3335 1010 3474 1080 πλὴν
3503 1010 3598 1064 τοῦ
3631 1012 3762 1080 τρό-

2191 1104 2292 1138 που
2325 1089 2421 1160 τῆς
2459 1091 2765 1162 ὑπάρξεως.
2813 1098 2922 1150 Καὶ
2949 1100 2980 1167 ἡ
3010 1099 3287 1169 σὰρκωσις
3325 1101 3380 1153 δὲ
3413 1103 3612 1171 τρόπος
3655 1103 3768 1154 δευ-

2189 1177 2356 1248 τέρας
2405 1180 2692 1252 ὑπάρξεως
2747 1187 2982 1256 πέφυκε,
3017 1190 3162 1260 μόνῳ
3212 1190 3290 1260 τῷ
3323 1195 3603 1260 μονογενεῖ
3655 1193 3766 1262 Υἱῷ

2190 1270 2282 1322 καὶ
2325 1271 2482 1343 Λόγῳ
2528 1275 2862 1347 ἁρμόζουσα,
2891 1281 2966 1343 ὡς
3014 1281 3080 1334 ἂν
3127 1282 3325 1352 ἰδιότης
3375 1284 3532 1356 μείνῃ
3577 1284 3765 1354 ἀκίνη·

2180 1376 2290 1423 τος.

504 1436 806 1491 exsistendi
837 1439 1018 1495 modo.
1057 1441 1160 1495 Sed
1192 1443 1497 1497 incarnatio
1531 1447 1787 1499 secunda!
1814 1449 2151 1504 exsistentiae
2187 1454 2382 1510 modus
2416 1467 2524 1524 est,
2566 1461 2659 1529 qui
2727 1463 2828 1517 soli
2891 1465 3173 1534 unigenito
3236 1464 3377 1520 Filio
3447 1469 3759 1535 conveniat,

503 1537 559 1578 ut
589 1527 884 1582 immobilis
914 1530 1222 1598 proprietas
1253 1543 1491 1586 maneat.

572 1616 661 1671 55.
695 1617 956 1672 Fortasse
987 1634 1118 1675 vero
1163 1621 1418 1690 quaeretis
1459 1641 1469 1674 :
1504 1623 1725 1692 quinam
1755 1639 1889 1694 ergo
1934 1625 2084 1680 dica-

2259 1641 2356 1703 νγ¹.
2393 1637 2530 1690 Ἀλλ’
2562 1641 2736 1709 ἐρεῖτε
2768 1639 2927 1707 τυχόν
2948 1657 2960 1668 ·
3004 1637 3127 1703 Πῶς
3147 1640 3239 1694 οὑν
3268 1657 3447 1709 φαμεν
3470 1644 3568 1710 τὴν
3600 1641 3762 1708 φύσιν

500 1725 625 1765 mus
670 1721 920 1764 naturam
965 1711 1152 1766 carnis
1211 1711 1521 1768 deiﬁcatam
1572 1729 1905 1786 passamque
1943 1734 2085 1786 esse,

501 1810 697 1855 utnon
728 1802 1079 1856 de-omnibus
1132 1803 1494 1859 humanitatis
1532 1805 1925 1876 hypostasibus
1974 1810 2087 1864 haec

502 1890 874 1958 aliirmemus;
923 1893 1156 1948 dicendo
1211 1909 1358 1958 vero,
1419 1903 1672 1950 naturam
1711 1899 1856 1952 verbi
1908 1899 2088 1954 incar-

502 1994 684 2037 natam
719 1999 842 2039 esse
871 2023 884 2047 ,
918 1984 1349 2040 incarnationem
1381 1985 1447 2040 ad
1489 1987 1699 2042 Patrem
1737 1997 1791 2042 et
1823 1988 2085 2059 Spiritum

502 2073 844 2130 referamus?
906 2071 1176 2140 Quoniam
1254 2077 1435 2130 omnis
1516 2078 1797 2132 hominum
1892 2091 2088 2135 natura

501 2179 676 2233 capax
735 2172 820 2219 εει
869 2179 1055 2236 eorum
1097 2180 1217 2233 (ιυω
1268 2174 1482 2220 naturae
1528 2178 1891 2222 consentanea
1937 2180 2085 2232 sunt,

503 2269 737 2324 qumque
776 2263 972 2324 praeter
999 2263 1251 2309 naturam
1273 2297 1288 2322 ,
1323 2265 1378 2311 et
1408 2273 1572 2324 super
1624 2269 1902 2325 naturam,
1951 2265 2087 2314 citra

503 2351 716 2396 naturae
780 2342 1230 2400 demutationem.
1299 2345 1504 2400 Natura
1573 2364 1703 2402 vero
1758 2350 1943 2403 divina
2021 2351 2088 2404 ab

502 2431 650 2484 omni
705 2432 1012 2487 mutatione
1067 2441 1121 2487 et
1167 2429 1480 2491 accretione
1535 2438 1793 2494 immunis
1826 2447 1932 2495 est.
1984 2440 2086 2494 Ne-

505 2537 610 2586 que
654 2521 761 2575 hoc
804 2522 1018 2587 solum,
1057 2523 1150 2578 sed
1199 2525 1328 2593 quia
1357 2540 1487 2580 caro
1533 2526 1625 2579 illa
1684 2529 1937 2598 primitias
1982 2528 2086 2581 fuit

508 2626 702 2666 massae
740 2624 964 2679 nostrae,
1013 2629 1114 2668 nec
1147 2614 1458 2684 hypostasis
1523 2631 1620 2686 per
1673 2633 1732 2672 se
1774 2617 2087 2673 consistens

507 2701 646 2758 facta
682 2714 788 2767 est,
823 2706 916 2760 sed
950 2715 1145 2761 natura
1177 2707 1230 2760 in
1261 2707 1542 2778 hypostasi
1579 2717 1825 2775 exstans,
1865 2725 2088 2779 compo-

505 2795 665 2850 sitam
693 2794 858 2867 410
891 2795 1095 2851 Christi
1125 2798 1408 2866 complens
1438 2797 1775 2868 hypostasim
1795 2841 1808 2864 ,
1843 2806 1896 2853 et
1943 2799 2088 2867 seip-

504 2901 643 2947 sam,
673 2895 728 2939 et
756 2902 861 2938 non
887 2888 970 2940 sui
997 2887 1168 2955 ipsius
1194 2903 1345 2958 ergo,
1375 2887 1468 2944 sed
1492 2899 1712 2959 propter
1739 2904 2085 2944 communem

2187 1724 2288 1792 τῆς
2309 1729 2509 1798 σαρκὸς
2537 1729 2835 1784 τεθεῶσθαι
2865 1731 2956 1782 καὶ
2985 1731 3334 1795 πεπονθέναι,
3363 1731 3438 1800 μὴ
3461 1731 3639 1785 ταῦτα
3669 1749 3763 1785 πα-

2191 1817 2298 1870 σῶν
2352 1820 2457 1872 τῶν
2508 1821 2608 1890 τῆς
2655 1821 3070 1892 ἀνθρωπότητος
3116 1823 3468 1876 ὑποστάσεων
3512 1825 3758 1888 καταφά-

2191 1924 2444 1971 σκοντες⁹
2489 1911 2588 1980 τὴν
2615 1911 2672 1964 δὲ
2707 1912 2867 1979 φύσιν
2913 1911 3005 1964 τοῦ
3041 1913 3214 1979 Λόγου
3263 1913 3653 1980 σεσαρκῶσθαι
3683 1915 3758 1966 λέ-

2191 2015 2397 2065 γοντες,
2428 2002 2518 2053 ἐπὶ
2547 2001 2637 2054 τὸν
2664 2003 2884 2072 Πατέρα
2907 2005 3002 2056 καὶ
3031 2002 3091 2056 τὸ
3111 2003 3336 2072 Πνεῦμα
3361 2004 3458 2072 τὴν
3486 2005 3759 2073 σάρκωσιν

2189 2091 2560 2162 ἁναφέρομεν;
2616 2094 2736 2146 ’Ότι
2785 2096 2936 2148 πᾶσα
3001 2097 3034 2163 ἡ
3099 2094 3206 2146 τῶν
3250 2093 3554 2164 ἀνθρώπων
3600 2095 3757 2162 φύσις

2190 2179 2412 2250 δεκτική
2454 2181 2570 2234 ἐστι
2609 2183 2717 2234 τῶν
2752 2185 2892 2236 κατὰ
2925 2183 3108 2250 φύσιν,
3138 2185 3230 2237 καὶ
3272 2185 3424 2253 παρὰ
3454 2184 3642 2252 φύσιν,
3675 2189 3753 2238 καὶ

2191 2271 2331 2341 ὑπὲρ
2372 2273 2554 2340 φύσιν,
2585 2273 2646 2327 οὑ
2685 2275 2954 2345 μεταϐολῇ
2991 2274 3305 2342 φύσεως.Ἡ
3349 2276 3405 2329 δὲ
3442 2277 3566 2329 θεία
3606 2277 3753 2345 φύσις

2191 2361 2370 2428 πάσης
2398 2362 2733 2426 ἀλλοιώσεως
2757 2365 2852 2416 καὶ
2874 2364 3192 2434 προσθήκης
3217 2369 3364 2419 ἐστὶν
3391 2368 3749 2427 ἀνεπίδεκτοςο

2189 2454 2250 2506 οὑ
2301 2456 2462 2522 μόνον
2504 2454 2582 2516 δὲ,
2616 2453 2730 2506 ἀλλ’
2761 2455 2843 2506 ὅτι
2889 2454 2983 2507 καὶ
3026 2455 3247 2524 ἀπαρχὴ
3284 2455 3529 2526 ὑπῆρχεν
3564 2458 3599 2525 ἡ
3632 2454 3752 2526 σὰρξ

2191 2545 2375 2613 ἐκείνη
2403 2544 2495 2598 τοῦ
2525 2543 2798 2616 ἡμετέρου
2829 2546 3172 2613 φυράματος,
3212 2545 3305 2598 καὶ
3332 2547 3431 2616 οὐχ
3463 2547 3750 2612 ὑπόστασις

2195 2634 2560 2698 ῑδιοσὺστατος
2588 2636 2852 2704 ἐγεγόνει,
2887 2636 3023 2688 ἀλλὰ
3050 2637 3210 2706 φύσις
3236 2639 3600 2702 ἑνυπόστατος
3626 2658 3749 2710 συμο

2192 2723 2511 2796 πληρωτικὴ
2541 2727 2642 2795 τῆς
2677 2726 2930 2780 συνθέτου
2980 2727 3072 2780 τοῦ
3120 2729 3354 2798 Χριστοῦ
3389 2730 3748 2794 ὑποστάσεως,

2191 2815 2284 2870 καὶ
2309 2816 2406 2885 οὑχ
2437 2817 2634 2883 ἑαυτῆς
2663 2817 2847 2880 ἓνεκα,
2872 2818 3006 2871 ἀλλὰ
3031 2819 3129 2887 τῆς
3157 2821 3342 2888 κοινῆς
3366 2824 3640 2892 σωτηρίας
3659 2824 3748 2892 τῆς

2193 2904 2406 2973 φύσεως
2435 2904 2616 2976 ήνώθη
2643 2905 2721 2976 τῷ
2746 2907 2866 2975 Θεῷ
2900 2907 3057 2977 Λόγῳ
3081 2923 3092 2936 ·
3127 2908 3309 2977 φαμὲν
3332 2909 3513 2962 τοίνυν
3540 2910 3636 2981 τὴν
3659 2909 3752 2979 φύ-

505 2985 718 3030 naturae
749 2977 978 3033 salutem
1011 2979 1162 3031 unita
1195 2978 1376 3034 Verbo
1405 2990 1509 3036 est.
1544 2980 1907 3047 Quamobrem
1945 2983 2082 3039 dici-

2192 2970 2274 3049 σιν
2300 2997 2400 3066 τῆς
2429 2970 2679 3068 θεότητος
2693 2970 2948 3068 ἡνῶσθαι
3095 2970 3252 3065 φὺσει
3286 2998 3386 3067 τῆς
3414 2970 3752 3070 άνθρωιπότη-

503 3079 627 3124 mus
667 3076 919 3123 naturam
949 3069 1168 3124 deitatis
1203 3071 1408 3125 unitam
1435 3087 1557 3126 esse
1589 3082 1795 3125 natura:
1824 3072 2078 3128 Immani-

503 3159 663 3224 tatis,
698 3159 1042 3214 incarnatam
1093 3176 1224 3215 vero
1271 3161 1610 3232 hypostasim
1671 3160 1854 3215 Verbi.
1897 3163 2082 3218 lucar-

503 3250 622 3305 nari
654 3251 928 3320 siquidem
975 3262 1060 3306 est
1084 3266 1306 3306 carnem
1341 3267 1624 3308 assumere
1646 3293 1661 3317 ,
1715 3253 2081 3324 hypostasim-

502 3357 609 3410 que
643 3345 799 3396 carni
850 3343 988 3400 ﬁeri.
1014 3343 1156 3399 Unio
1184 3359 1316 3399 vero
1358 3353 1442 3398 est
1475 3358 1779 3399 concursus
1822 3353 1877 3399 et
1916 3345 2080 3401 coitio

501 3431 733 3488 duarum
764 3445 1089 3490 naturarum
1118 3435 1171 3489 in
1204 3451 1368 3490 unum
1391 3443 1445 3491 et
1466 3437 1630 3492 idem.

577 3525 667 3581 54.
697 3524 1016 3597 Exemplum
1051 3527 1294 3582 hominis
1319 3568 1334 3592 ,
1386 3529 1430 3584 si
1478 3527 1544 3583 de
1573 3531 1756 3599 specie
1789 3539 1843 3586 et
1884 3539 2079 3584 natura

501 3618 637 3672 illud
700 3619 1023 3690 accipiatis,
1076 3620 1131 3674 in
1175 3619 1398 3676 Christo
1442 3621 1622 3675 locum
1673 3638 1782 3677 non
1836 3623 2076 3677 habebit.

501 3709 847 3764 Christorum
895 3713 1095 3781 quippe
1121 3712 1359 3782 speciem
1393 3728 1674 3783 nunquam
1709 3713 2021 3768 audivimus
2064 3731 2077 3767 :

506 3799 649 3852 unde
675 3815 771 3854 nec
797 3801 1052 3858 Christus
1081 3813 1279 3858 natura
1317 3816 1399 3861 est
1422 3846 1437 3870 ,
1479 3806 1573 3861 sed
1608 3806 1939 3876 hypostasis.
1973 3805 2081 3875 Cy-

507 3889 629 3944 rillo
651 3889 797 3944 enim
826 3900 1074 3956 auctore,
1105 3909 1301 3949 nomen
1331 3896 1571 3962 Christi,
1599 3911 1703 3950 nec
1749 3896 1858 3950 vim
1886 3895 2081 3950 delini-

505 3984 676 4038 tionis
705 3981 906 4048 habet,
938 3997 1041 4036 nec
1067 3983 1304 4053 alicujus
1334 3987 1638 4042 essentiam
1669 3987 1934 4041 declarat.
1985 3985 2082 4041 Sin

505 4087 638 4126 vero
666 4072 821 4127 illum
846 4071 1136 4142 accipiatis
1164 4072 1230 4127 de
1273 4075 1533 4144 quapiam
1564 4075 1811 4140 homine,
1847 4075 1942 4145 qui
1993 4075 2086 4146 hy-

506 4165 742 4232 postasis
766 4165 856 4228 sit,
889 4165 1194 4235 exemplum
1231 4165 1498 4220 absonum
1531 4179 1639 4220 non
1662 4166 1784 4220 est?
1815 4166 2080 4221 Caeterum

511 4265 676 4310 nosse
701 4256 918 4320 attinet,
955 4270 1064 4309 non
1097 4267 1374 4326 oportere,
1409 4263 1469 4308 ut
1494 4254 1743 4324 exempla
1793 4253 2082 4308 omnifarie

509 4347 710 4402 similia
759 4346 871 4401 sint
915 4345 1025 4400 iliis
1056 4361 1181 4400 cum
1213 4346 1415 4415 quibus
1455 4351 1898 4414 componuntur;
1947 4344 2082 4413 quin

510 4434 696 4503 potius
740 4434 920 4503 aliqua
985 4440 1142 4501 parte
1205 4433 1274 4486 ab
1323 4431 1392 4486 iis
1439 4431 1802 4500 discrepare:
1877 4429 2084 4499 alioqui

507 4526 814 4595 exemplum
841 4539 950 4580 non
976 4524 1137 4580 foret.
1164 4524 1432 4590 Quocirca
1454 4521 1705 4579 Justinus
1723 4522 2083 4593 philosophus

507 4625 562 4670 et
613 4627 843 4688 martyr,
908 4618 964 4671 in
1003 4615 1363 4686 Expositione
1423 4623 1588 4670 rectae
1627 4615 1995 4669 confessionis
2039 4613 2082 4644 "

509 4708 588 4762 sic
639 4706 880 4776 loquitur
931 4721 946 4758 :
997 4725 1016 4758 ι
1066 4704 1329 4762 Nonnulli
1410 4706 1668 4760 unionem
1726 4706 1880 4770 illam,
1935 4705 2087 4758 velut

512 4797 706 4850 anima!
764 4811 887 4850 cum
945 4810 1177 4866 corpore
1244 4796 1649 4866 intelligentes,
1695 4796 1776 4850 sic
1822 4795 2092 4865 explicue.

513 4888 664 4935 runt.
697 4881 896 4949 Aptum
937 4881 1142 4952 quippe
1199 4885 1509 4953 exemplum
1541 4893 1648 4948 est,
1675 4885 1806 4939 °etsi
1857 4900 1968 4938 non
2023 4899 2091 4939 ex

510 4975 658 5029 omni
687 4984 839 5042 parte
860 5014 874 5039 ,
901 4975 1255 5046 aliquatenus
1288 4984 1491 5031 tamen.
1525 4975 1658 5030 Nam
1683 5017 1697 5040 ,
1735 4977 2094 5047 quemadmo-

509 5069 638 5122 dum
657 5068 822 5123 homo
847 5077 990 5124 unus
1006 5079 1108 5129 est,
1139 5068 1277 5123 duas
1307 5083 1439 5122 vero
1469 5078 1692 5122 naturas
1731 5070 1910 5135 habet,
1934 5087 1954 5120 ι
1986 5075 2094 5124 etc.

581 5161 670 5217 55.
718 5158 1077 5216 Considerate
1130 5174 1280 5224 vero,
1315 5173 1440 5213 eum
1492 5174 1600 5213 non
1639 5161 1881 5226 dixisse,
1923 5175 2093 5214 unum

513 5253 790 5307 hominem
840 5264 961 5306 esse
1005 5265 1071 5306 ex
1111 5250 1328 5305 duabus
1379 5251 1630 5316 naturis,
1678 5250 1809 5315 sed,
1868 5259 2096 5305 naturas

514 5340 654 5396 duas
696 5343 933 5406 habere,
967 5352 1026 5395 ut
1071 5348 1196 5410 post
1245 5341 1544 5394 unitionem
1583 5341 1816 5395 duarum
1865 5351 2094 5395 natura-

516 5446 658 5496 rum,
703 5443 930 5487 naturas
962 5431 1102 5488 duas
1132 5431 1334 5487 habere
1379 5432 1654 5488 hominem
1697 5431 2093 5501 pronuntiave-

520 5519 612 5574 rit.
649 5538 668 5571 ι
710 5520 866 5575 Sicut
888 5523 1032 5577 enim
1071 5537 1212 5577 unus
1233 5522 1395 5576 homo
1419 5531 1520 5587 est,
1559 5521 1758 5592 inquit,
1794 5520 1932 5576 duas
1956 5533 2088 5577 vero

2186 3105 2299 3153 τος,
2338 3088 2725 3158 σεσαρκῶσθαι
2753 3088 2810 3140 δὲ
2840 3089 2934 3158 τὴν
2959 3088 3053 3140 τοῦ
3081 3090 3255 3155 Λόγου
3281 3089 3600 3143 ὑπόστασιν.
3625 3091 3753 3161 Σάρ-

2187 3197 2355 3243 κωσις
2385 3181 2484 3248 μὲν
2517 3179 2644 3250 γὰρ,
2675 3181 2876 3250 σαρκὸς
2907 3179 3230 3251 πρόσληψις,
3262 3181 3358 3234 καὶ
3383 3183 3444 3235 τὸ
3473 3184 3636 3252 σαρκὶ
3665 3200 3750 3249 γε·

2187 3269 2378 3322 νέσθαι
2410 3269 2968 3332 ὑπόστασις.”Ἐνωσις
2995 3269 3072 3334 δὲ,
3091 3269 3186 3322 δύο
3211 3271 3372 3324 τινῶν
3407 3272 3642 3335 σύνοδος,
3666 3273 3751 3325 καὶ

2187 3359 2266 3422 εἰς
2295 3358 2491 3413 ταυτὸν
2526 3359 2854 3420 συνέλευσις.

2259 3533 2352 3587 νδ’.
2396 3533 2469 3588 Τὸ
2497 3533 2591 3586 τοῦ
2621 3532 2908 3603 ἀνθρώπου
2938 3536 3304 3606 παράδειγμα,
3333 3537 3400 3590 ἂν
3432 3539 3528 3608 μὲν
3555 3539 3648 3590 ἐπὶ
3665 3537 3753 3592 τοῦ

2186 3623 2360 3685 εἴδους
2402 3623 2494 3675 καὶ
2536 3621 2637 3692 τῆς
2671 3621 2886 3689 φύσεως
2930 3623 3151 3692 λάϐητε,
3182 3626 3261 3687 εἰς
3304 3625 3534 3694 Χριστὸν
3577 3626 3756 3694 χώραν

2185 3711 2283 3779 οὑχ
2311 3709 2442 3775 ἔξει.
2462 3705 2612 3772 Εἶδος
2637 3709 2744 3780 γὰρ
2775 3712 3022 3780 Χριστών
3052 3712 3258 3765 οὐδέπω
3280 3713 3370 3766 καὶ
3398 3713 3488 3765 νῦν
3513 3715 3758 3783 ἀκηκόα-

2191 3817 2290 3870 μεν
2310 3816 2323 3831 ·
2359 3799 2440 3853 διὸ
2467 3799 2590 3852 οὕτε
2618 3799 2779 3868 φύσις
2804 3803 2831 3853 ό
2850 3803 3104 3870 Χριστὸς,
3130 3803 3241 3857 ἀλλ’
3266 3804 3574 3866 ὑπόστασις.
3599 3807 3758 3858 Κατὰ

2188 3890 2298 3961 γὰρ
2313 3890 2403 3944 τὸν
2432 3890 2700 3961 μακάριον
2729 3891 3018 3961 Κὺριλλον,
3046 3893 3109 3944 τὸ
3138 3893 3377 3960 Χριστὸς
3403 3893 3598 3961 ὄνομα,
3623 3894 3755 3946 οὔτε

2188 3983 2315 4051 ὅρου
2345 3980 2577 4052 δύναμιν
2607 3981 2737 4052 ἔχει,
2769 3981 2892 4035 οὔτε
2943 3983 3043 4053 τήν
3088 3999 3226 4044 τινος
3263 3983 3446 4036 οὐσίαν
3473 3982 3761 4052 δηλοῖ.“Δν

2188 4069 2246 4122 δὲ
2276 4069 2368 4122 ἐπὶ
2393 4069 2487 4122 τοῦ
2521 4087 2666 4133 τινος
2695 4069 3007 4142 ἀνθρώπου,
3041 4071 3336 4133 ὑπόστασις
3363 4071 3419 4124 δὲ
3445 4066 3630 4134 οὗτος,
3667 4072 3759 4125 οὑκ

2190 4161 2412 4216 ἄτοπον.
2431 4163 2626 4216 Ἰστέον
2652 4163 2727 4226 δὲ,
2761 4163 2836 4222 ὡς
2864 4162 2964 4216 οὑκ
2996 4164 3208 4234 ἀνάγκη
3250 4163 3318 4217 τὰ
3348 4162 3758 4232 παραδείγματα

2190 4253 2434 4316 καθόλως
2481 4257 2592 4317 τοῖς
2638 4254 3162 4326 παραδεικνυμένοις
3208 4253 3469 4314 ἑοικέναι,
3518 4251 3665 4322 ἔχειν
3708 4249 3757 4301 δὲ

2194 4344 2394 4416 μᾶλλον
2428 4344 2573 4398 κατά
2619 4362 2672 4397 τι
2719 4346 2810 4397 καὶ
2855 4345 2914 4398 τὸ
2960 4343 3218 4406 ἀπεοικός
3242 4360 3258 4375 ο
3295 4343 3416 4394 ἐπεὶ
3455 4342 3562 4396 οὑκ
3592 4341 3657 4395 ἂν
3682 4341 3754 4406 εἴη

2191 4437 2560 4506 παράδειγμα.
2581 4437 2865 4498 ’ῐουστῖνος
2895 4435 3074 4488 τοίνυν
3107 4437 3135 4488 ὁ
3178 4434 3467 4504 φιλόσοφος
3505 4434 3604 4487 καὶ
3631 4433 3753 4502 μάρ-

2192 4546 2286 4590 τυς
2301 4527 2444 4581 οὕτω
2463 4529 2627 4597 φησὶν
2653 4527 2710 4580 ὲν
2729 4530 2794 4597 τῇ
2825 4527 3072 4580 Ἐκθέσει
3093 4529 3159 4597 τῇ
3179 4526 3310 4597 περὶ
3333 4527 3428 4596 τῆς
3450 4525 3627 4595 ὀρθῆς
3646 4528 3754 4592 ὀμο-

2191 4619 2374 4688 λογίας
2395 4637 2408 4652 ο
2438 4637 2457 4670 ι
2486 4618 2641 4682 Τινὲς
2666 4618 2762 4688 μὲν
2790 4620 2889 4688 τὴν
2917 4619 3110 4671 ἕνωσιν
3136 4617 3212 4680 ὡς
3239 4617 3418 4686 ψυχῆς
3452 4617 3596 4687 πρὸς
3620 4613 3756 4681 σῶμα

2193 4711 2502 4780 νοήσαντες,
2535 4707 2706 4772 οὑτως
2735 4707 3066 4762 ὲκδεδώκασι
3089 4723 3103 4739 ο
3154 4707 3252 4760 καὶ
3286 4707 3552 4777 ἁρμόδιον
3581 4705 3684 4774 γὰρ
3711 4702 3757 4752 τὸ

2193 4800 2544 4871 παράδειγμα
2565 4815 2578 4829 ·
2613 4800 2660 4850 εἰ
2694 4799 2783 4870 καὶ
2814 4799 2887 4870 μὴ
2921 4797 3062 4852 κατὰ
3095 4797 3293 4851 πάντα.
3325 4796 3492 4850 Κατά
3527 4813 3582 4848 τι
3609 4792 3753 4862 γοῦν·

2193 4890 2268 4952 ὡς
2313 4889 2421 4960 γὰρ
2469 4883 2548 4951 εἷς
2596 4888 2695 4959 μέν
2738 4889 2884 4941 ἐστιν
2931 4889 2960 4940 ό
3007 4885 3310 4957 ἄνθρωπος,
3343 4884 3463 4956 ἔχει
3495 4885 3558 4939 δὲ
3591 4883 3756 4954 φύσεις

2194 4980 2350 5034 δύο.»

2264 5163 2358 5211 νε’.
2397 5155 2656 5209 Σκοπεῖτέ
2689 5172 2746 5207 τε
2778 5155 2853 5217 ὡς
2876 5156 2976 5208 οὑκ
3006 5149 3179 5221 εἶπεν,
3206 5147 3300 5218 Εἷς
3337 5157 3495 5208 ἐστιν
3524 5156 3556 5208 ό
3579 5153 3756 5223 ἄνθρω-

2195 5266 2294 5313 πος
2323 5250 2387 5301 ὲκ
2418 5247 2511 5301 δύο
2540 5247 2776 5316 φύσεων,
2807 5245 2944 5312 ἀλλ’,
2964 5248 3117 5318 Ἔχει
3150 5247 3342 5315 φύσεις
3377 5247 3502 5310 δύο,
3532 5246 3669 5300 ὥστε
3688 5240 3756 5293 καὶ

2195 5339 2332 5409 μετὰ
2360 5340 2458 5409 τὴν
2503 5337 2612 5391 τῶν
2656 5336 2751 5390 δύο
2795 5336 3011 5406 φύσεων
3036 5337 3253 5403 ἕνωσιν,
3283 5335 3379 5390 ὥσ
3411 5337 3615 5405 φύσεις
3642 5334 3757 5403 ἔχειν

2188 5430 2278 5484 τὸν
2307 5428 2591 5500 ἄνθρωπον
2622 5425 2845 5498 ἔφησεν.
2883 5447 2901 5480 ι
2924 5427 3012 5492 Ὠς
3042 5428 3150 5500 γὰρ
3183 5424 3264 5492 εἷς
3293 5428 3392 5498 μέν
3423 5428 3571 5491 ἐστι,
3598 5424 3753 5494 φησιν.

2188 5524 2217 5576 ό
2242 5521 2548 5593 ἄνθρωπος,
2578 5519 2688 5590 ἔχει
2721 5519 2775 5572 δὲ
2807 5519 2997 5590 φύσεις
3045 5519 3136 5573 δύο
3170 5521 3226 5572 ὲν
3261 5519 3412 5589 αὑτῷ
3468 5517 3754 5588 διαφόρους»

596 5692 639 5724 ⁸³
669 5691 952 5761 Expositio
981 5698 1104 5753 tidei
1135 5699 1275 5754 inter
1300 5714 1464 5768 opera
1494 5699 1692 5756 Justiui
1726 5702 1980 5772 martyris
2016 5701 2084 5759 de
2120 5715 2227 5773 qua
2261 5701 2473 5757 dicetur
2522 5699 2687 5756 intra.
