3970 6156
350 283 487 351 1465

1607 291 1908 352 CONTRA
1949 289 2364 353 JACOBITAS.

3435 283 3566 353 H66

337 399 432 453 καὶ
480 396 600 451 κατ’
631 394 758 449 ἄλλο
789 395 886 466 μὲν
934 396 1225 466 λογίζεται,
1270 398 1541 476 κατἰἄλλο
1571 399 1627 453 δὲ
1665 401 1725 453 τὸ
1754 401 1897 468 λογι-

2002 408 2228 454 naturas
2275 400 2331 452 in
2365 397 2546 466 seipso
2579 397 2828 452 diversas
2881 395 3068 462 habet,
3103 405 3161 451 ut
3193 396 3296 452 alia
3338 399 3564 470 quidem

339 489 464 541 σθὲν
506 489 746 556 ἐνεργεῖ’
788 487 930 559 ψυχῇ
975 489 1072 559 μὲν
1112 489 1221 560 γὰρ
1246 492 1406 561 νοερᾷ
1445 491 1816 560 λογισάμενος,
1849 491 1897 542 εί

335 578 488 646 τύχοι
525 576 620 629 τοῦ
663 578 850 632 πλοίου
878 579 976 650 τὴν
1007 579 1300 650 σύμπηξιν,
1334 582 1487 649 χερσῖ⁹
1508 581 1570 633 τὸ
1602 580 1790 650 νοηθὲν
1818 582 1898 643 είς

333 670 510 739 πέρας
535 670 690 737 ἄγει·
718 669 891 732 οὕτως
932 673 960 723 6
1001 671 1148 735 Υἱὸς,
1179 664 1258 734 εἷς
1283 669 1379 734 ὢν,
1415 672 1509 723 καὶ
1551 671 1644 724 δύο
1687 672 1894 739 φύσεις,

335 760 455 813 κατ’
478 759 642 828 ἄλλην
671 762 768 830 μὲν
797 761 893 823 τὰς
917 762 1238 831 θεοσημείας
1263 762 1572 831 ἐργάζεται,
1595 764 1711 814 κατ’
1733 762 1896 830 ἄλλην

334 851 392 903 δὲ
441 851 509 904 τὰ
553 852 784 904 ταπεινὰ
828 847 1293 925 παραδέχεταιῖῌ
1325 854 1420 923 μὲν
1450 853 1558 924 γὰρ
1601 854 1664 905 ἐκ
1689 853 1900 923 Πατρὸς

335 940 427 994 καὶ
451 940 602 1006 Θεὸς,
635 942 844 1012 ἐνεργεί
869 945 934 996 τὰ
959 947 1155 1014 σημεῖα
1174 961 1188 974 ·
1281 944 1336 995 δὲ
1366 945 1429 996 ὲκ
1449 943 1724 1014 Παρθένου
1753 945 1844 996 καὶ
1871 945 1899 994 ὁ

333 1031 640 1102 ἄνθρωπος,
670 1032 759 1083 τὸν
790 1033 1037 1102 σταυρὸν,
1067 1033 1162 1086 καὶ
1188 1033 1255 1086 τὰ
1287 1035 1456 1103 πάθη,
1485 1033 1580 1086 καὶ
1621 1033 1690 1086 τὰ
1717 1050 1896 1102 παρα-

334 1121 539 1192 πλήσια
574 1122 818 1191 φυσικῶς
846 1123 1042 1176 ἐθέλων
1070 1123 1350 1192 ὑπέμεινε.
1378 1141 1396 1174 ›
1426 1123 1541 1175 Τίνι
1574 1123 1891 1190 καταφαίνεο

333 1215 423 1265 ταί
477 1230 557 1266 σοι
610 1217 925 1286 συνηγορεῖν
975 1215 1035 1267 τὸ
1083 1215 1463 1286 παραδειγμα;
1503 1216 1614 1277 τοῖς
1647 1213 1774 1283 μίαν
1806 1214 1898 1266 ἐπὶ

332 1305 568 1376 Χριστοῦ
599 1305 762 1374 φύσιν
790 1305 968 1372 λέγειν
999 1305 1258 1374 τολμῶσι,
1294 1306 1327 1376 ἢ
1356 1307 1464 1367 τοῖς
1487 1303 1581 1356 δύο
1601 1302 1897 1374 ὀρθοδόξως

331 1397 667 1465 ἀσυγχύτους
697 1399 790 1450 καὶ
829 1397 1162 1468 ὰδιαιρέτους
1195 1396 1586 1468 κηρύττουσιν;
1633 1397 1693 1448 '0
1721 1395 1900 1448 θεολό-

329 1503 424 1554 γος
453 1488 893 1560 Γρηγόριοςετάδε
925 1490 1057 1559 φησι
1080 1505 1096 1522 ο
1127 1507 1145 1540 ‹
1169 1489 1362 1552 Φύσεις
1396 1489 1494 1559 μὲν
1515 1488 1619 1559 γὰρ
1637 1487 1748 1554 δύο,
1767 1487 1898 1549 Θεὸς

330 1575 426 1626 καὶ
452 1576 736 1646 ἄνθρωπος
755 1593 768 1607 ⁸
801 1577 924 1631 ἐπεὶ
953 1577 1047 1630 καὶ
1074 1576 1221 1647 ψυχὴ
1256 1578 1349 1630 καὶ
1380 1576 1540 1646 σῶμα
1564 1593 1576 1607 ·
1618 1576 1724 1629 υἱοὶ
1754 1575 1810 1628 δὲ
1835 1575 1895 1628 οὐ

328 1663 444 1730 δύο,
473 1666 593 1719 οὐδὲ
620 1655 748 1722 θεοί.
781 1686 800 1718 ι

396 1849 505 1907 νς·’.
522 1844 644 1896 Ὅτι
657 1843 713 1895 δὲ
731 1843 979 1898 πλεῖστον
1001 1843 1113 1914 ἔχει
1132 1844 1193 1897 τὸ
1216 1844 1462 1908 ἀπεικὸς,
1484 1843 1730 1898 ἐντεῦθεν
1749 1846 1890 1898 εἰσό-

329 1933 486 2003 μεθα.
530 1935 624 1987 Ἐκ
657 1935 814 1988 τίνων
857 1935 990 2002 φατὲ
1033 1935 1398 1989 συντεθεῖσθαι
1439 1935 1531 1989 τὸν
1574 1935 1889 2006 ἄνθρωπον;

338 2024 431 2076 Ἐκ
453 2023 630 2094 ψυχῆς
669 2024 868 2094 δηλαδὴ
896 2027 989 2077 καὶ
1023 2026 1287 2096 σώματος.
1323 2026 1388 2079 Τί
1418 2021 1511 2080 οὖν
1560 2026 1632 2096 μὴ
1663 2027 1727 2079 ἐκ
1760 2025 1892 2078 Θεοῦ

325 2114 418 2165 καὶ
449 2113 733 2182 ἀνθρώπου
762 2115 848 2166 τὸν
867 2115 1099 2184 Χριστὸν
1128 2115 1433 2184 ὁμολογεῖτε
1457 2133 1470 2182 ;
1503 2116 1533 2186 ἢ
1563 2116 1705 2178 τίνος
1733 2117 1893 2194 ἕνεκα

329 2203 402 2273 μὴ
436 2205 500 2256 ὲκ
543 2203 844 2274 ψυχότητος
889 2206 978 2257 τὸν
1023 2206 1308 2276 ἄνθρωπον
1351 2208 1442 2260 καὶ
1491 2209 1891 2279 σωματότητος,

325 2295 511 2366 ὥσπερ
539 2295 630 2347 τὸν
657 2297 890 2365 Χριστὸν
919 2298 984 2350 ἐκ
1023 2297 1272 2368 θεότητος
1305 2299 1397 2352 καὶ
1438 2299 1890 2370 ἀνθρωπότητος;

326 2386 424 2438 Διὰ
449 2387 500 2439 τί
523 2386 578 2438 δὲ
607 2388 634 2438 6
657 2388 942 2457 ἄνθρωπος
967 2388 1042 2458 μὴ
1068 2390 1187 2452 ὅλος
1211 2390 1356 2458 ψυχὴ
1382 2390 1473 2442 καὶ
1497 2390 1616 2454 ὅλος
1643 2391 1800 2460 σῶμα
1817 2390 1895 2442 λέ-

324 2492 494 2540 γοιτο,
526 2476 602 2538 ὠς
624 2475 858 2545 Χριστὸς
884 2475 1003 2538 ὅλος
1031 2476 1163 2538 Θεὸς
1198 2478 1294 2529 καὶ
1318 2477 1436 2540 ὅλος
1461 2478 1556 2531 ἄνθ
1567 2495 1775 2547 ρωπος;
1801 2480 1896 2531 καὶ

325 2567 444 2628 ὅλος
472 2566 529 2619 ἐν
546 2566 808 2636 ψυχότητι
829 2566 1050 2630 τέλειος,
1071 2566 1164 2620 καὶ
1183 2567 1301 2630 ὅλος
1327 2567 1382 2618 ὲν
1411 2567 1792 2638 ἀνθρωπότητι
1811 2567 1897 2620 τέ-

325 2657 487 2720 λειος,
519 2657 595 2718 ὼς
623 2657 651 2707 6
677 2657 910 2725 Χριστὸς
937 2657 1055 2720 ὅλος
1099 2659 1155 2710 ὲν
1183 2654 1394 2726 θεότητι
1426 2657 1627 2721 τέλειος
1659 2658 1752 2710 καὶ
1778 2657 1897 2721 ὅλος

327 2747 386 2798 ἐν
436 2745 813 2818 ἀνθρωπότητι
851 2746 1083 2810 τέλειος·
1135 2747 1230 2800 καὶ
1277 2748 1395 2810 ὅλος
1438 2747 1584 2818 ψυχὴ
1635 2750 1768 2817 μετὰ
1802 2747 1895 2802 τοῦ

327 2836 597 2906 σώματος.
617 2837 718 2915 ,καὶ
745 2838 862 2900 ὅλος
896 2837 1054 2907 σῶμα
1089 2839 1226 2907 μετὰ
1253 2837 1353 2908 τῆς
1389 2839 1582 2908 ψυχῆς,
1617 2839 1692 2901 ὡς
1714 2841 1740 2892 6
1759 2841 1802 2891 Χ
1813 2856 1896 2910 ρι-

327 2925 450 2987 στὸς
475 2924 596 2987 ὅλος
619 2924 748 2988 Θεὸς
785 2925 921 2995 μετὰ
951 2926 1048 2995 τῆς
1076 2927 1278 2996 σαρκὸς
1307 2927 1494 2990 αὐτοῦ,
1531 2928 1623 2980 καὶ
1659 2927 1776 2988 ὅλος
1798 2926 1892 2979 ἄν-

328 3017 541 3085 θρωπος
562 3015 700 3085 μετὰ
724 3015 824 3084 τῆς
849 3016 1010 3068 αὑτοῦ
1030 3017 1266 3088 ἀνάρχου
1287 3018 1535 3088 θεότητος
1551 3037 1566 3084 ;
1583 3020 1641 3071 '0
1665 3018 1763 3089 μὲν
1786 3019 1894 3090 γὰρ
1921 3058 1963 3114 c

325 3105 610 3173 ἄνθρωπος
659 3107 722 3158 ὲκ
766 3105 963 3175 ψυχῆς,
992 3108 1086 3160 καὶ
1132 3107 1377 3178 σώματος
1420 3110 1606 3180 ἕτερόν
1649 3127 1702 3163 τι
1743 3111 1895 3182 παρὰ

324 3195 494 3266 ταῦτα
526 3196 814 3267 γεγένηται
838 3207 882 3263 ι’,
912 3198 1030 3267 ἦτοι
1075 3197 1385 3269 ἄνθρωπος’
1433 3204 1461 3255 ό
1488 3201 1544 3254 δὲ
1574 3203 1807 3272 Χριστὸς
1835 3203 1894 3267 te

326 3286 525 3355 ἐτέρων
580 3286 648 3340 τὰ
700 3287 868 3342 αὑτά·
919 3290 983 3341 ὲκ
1028 3288 1276 3357 θεότητος
1324 3292 1417 3343 καὶ
1457 3291 1890 3364 ἀνθρωπότητος,

326 3376 456 3438 Θεός
489 3393 548 3428 τε
596 3377 688 3430 καὶ
728 3377 1030 3448 ἄνθρωπος.
1057 3380 1118 3431 El
1160 3381 1217 3432 δὲ
1259 3380 1400 3434 κατὰ
1425 3383 1602 3436 πάντα
1642 3383 1754 3454 ἔχει
1794 3385 1893 3453 τὴν

327 3465 638 3534 ὁμοιότητα,
674 3465 779 3520 ἔδει
809 3468 902 3520 καὶ
933 3467 1297 3536 Χριστότητα
1323 3469 1421 3538 τὴν
1462 3469 1710 3524 σύνθετον
1740 3470 1893 3540 ὑμῶν

331 3551 681 3624 ὀνομάζεσθαι
706 3557 886 3624 φύσιν,
908 3557 1096 3627 ὥσπερ
1117 3558 1472 3628 ἀνθρωπότης
1497 3561 1531 3630 ἡ
1561 3561 1666 3614 τῶν
1688 3560 1894 3632 ἀνθρὼ-

329 3662 446 3700 πων
474 3646 634 3716 φύσις
663 3647 777 3711 ἐστι
805 3666 865 3701 τε
901 3649 995 3702 καὶ
1021 3650 1261 3718 λέγεται.

396 3905 494 3969 γε’.
528 3905 735 3969 Ἀλλως
755 3907 812 3960 δὲ
846 3909 938 3960 καὶ
976 3909 1008 3977 ἡ
1043 3908 1187 3978 ψυχὴ
1214 3909 1317 3961 ὑπὸ
1346 3910 1455 3962 τῶν
1502 3910 1592 3963 τοῦ
1645 3913 1896 3982 σώματος

331 3996 778 4066 προκατεχομένη
803 3998 1012 4061 παθῶν,
1042 4000 1135 4051 καὶ
1167 4000 1476 4070 προπάσχει
1513 4002 1775 4066 πολλάκις
1799 4003 1892 4056 τοῦ

331 4085 599 4156 σώματος,
634 4088 943 4157 συμπάσχει
968 4089 1024 4142 δὲ
1051 4088 1333 4159 διηνεκῶς.
1371 4092 1605 4163 ’Δγωνιᾷ
1634 4094 1741 4164 γὰρ
1773 4095 1896 4147 πολ-

291 4175 296 4180 ’
327 4176 482 4238 λάκις
513 4178 612 4248 τὴν
638 4178 729 4231 τοῦ
766 4178 1014 4248 σώματος
1049 4167 1243 4250 τομὴν,
1271 4183 1363 4234 καὶ
1399 4182 1505 4250 πρὸ
1547 4183 1641 4236 τοῦ
1690 4185 1894 4249 πάθους

327 4267 420 4320 τοῦ
447 4268 696 4338 σώματος
740 4270 938 4339 πάσχει
962 4311 976 4335 ,
1001 4270 1095 4323 καὶ
1143 4270 1448 4326 ἀλλοιοῦται
1473 4289 1486 4302 ·
1511 4275 1606 4326 καὶ
1637 4275 1776 4343 μετὰ
1798 4277 1894 4346 τὴν

330 4360 498 4429 τομὴν
519 4361 669 4413 οὐδὲν
699 4356 860 4432 ἦττον
891 4361 981 4414 τοῦ
1014 4362 1262 4431 σώματος
1285 4364 1351 4416 τὰ
1372 4365 1472 4433 τῆς
1505 4365 1693 4434 ὀδύνης
1714 4369 1895 4433 ὲμπα-
1931 4397 1971 4451 D

330 4447 436 4510 θῶς
457 4449 842 4519 παραδέχεται.
873 4449 1049 4516 Ὅπερ
1087 4450 1178 4501 ἐπὶ
1210 4450 1306 4517 τῆς
1337 4451 1430 4503 τοῦ
1478 4451 1680 4520 Κυρίου
1710 4452 1896 4524 θεότη-

327 4555 416 4601 τος
449 4540 549 4592 οὐκ
568 4539 631 4592 ἄν
663 4557 744 4602 τις
775 4539 849 4610 μὴ
874 4538 1165 4609 παραπλὴξ
1190 4541 1289 4608 τὴν
1320 4539 1554 4594 διάνοιαν
1585 4541 1714 4616 εἴπῃ
1742 4545 1890 4600 ποτέ.

328 4630 391 4682 Et
423 4625 515 4681 οὖν
565 4631 656 4682 καὶ
693 4632 822 4698 μιᾶς
869 4627 1082 4696 φύσεως
1105 4633 1132 4683 6
1181 4629 1466 4701 ἅνθρωπος
1495 4631 1712 4700 λέγεται
1736 4673 1751 4697 ,
1779 4636 1893 4688 ἀλλ’

326 4719 401 4783 ὼς
433 4717 593 4782 εἶδος,
615 4722 712 4788 οὐχ
750 4720 825 4782 ὡς
852 4720 1166 4782 ὑπόστασις.
1202 4721 1370 4773 Ὅταν
1410 4723 1507 4790 μὲν
1541 4722 1650 4794 γὰρ
1683 4725 1893 4794 ἄνθρω-

331 4828 428 4869 πος
456 4811 592 4880 πρὸς
619 4812 902 4877 ἄνθρωπον
927 4813 1202 4883 κρίνηται,
1225 4815 1351 4881 μιᾶς
1375 4812 1586 4880 φύσεως
1605 4813 1680 4876 ὡς
1699 4816 1892 4884 ὁμοούο

331 4914 434 4949 σιοι
469 4899 735 4967 λέγονται,
767 4901 861 4954 καὶ
909 4903 983 4964 ὼς
1018 4903 1106 4970 ὑφ’
1144 4903 1200 4954 ἓν
1238 4899 1376 4965 εἶδος
1409 4903 1763 4971 ταττόμενον
1802 4907 1888 4958 ὅτε

326 4987 382 5039 δὲ
413 4994 808 5056 φυσιογενεῖται
843 4992 871 5044 6
903 4991 1188 5061 ἄνθρωπος
1209 5033 1222 5055 ,
1249 4993 1341 5044 δύο
1389 4992 1476 5044 ἐπ’
1506 4993 1669 5046 αὑτοῦ
1702 4997 1891 5063 φύσεις

331 5077 788 5148 θεωρηθήσοντειι,
818 5083 995 5151 ψυχῆς
1036 5082 1178 5150 λέγω
1228 5084 1322 5135 καὶ
1359 5081 1630 5151 σώματος.
1667 5085 1754 5138 Ἐν
1784 5087 1888 5157 γὰρ

330 5170 394 5237 τῇ
434 5171 532 5240 τῆς
555 5171 730 5240 ψυχῆς
771 5174 906 5243 πρὸς
938 5174 998 5226 τὸ
1051 5175 1208 5244 σῶμα
1255 5175 1576 5242 συγκρίσει,
1608 5177 1691 5238 τίς
1727 5175 1896 5239 οὕτως

329 5258 573 5327 ἀνόητος,
600 5260 675 5324 ὡς
718 5262 845 5330 μίαν
871 5265 1198 5333 ἀμφοτέρων
1229 5263 1392 5332 φύσιν
1421 5265 1623 5330 είπεῖν;
1648 5264 1897 5335 Χριστῶν

407 5413 450 5444 ¹⁶
481 5413 633 5482 Epist
699 5414 762 5465 ad
803 5412 955 5468 Cled.

2000 489 2377 553 ratiocinetur,
2429 489 2535 540 alia
2570 502 2701 540 vero
2728 486 2782 540 id
2819 497 3151 556 exsequatur
3181 489 3327 558 quod
3358 495 3570 545 ratione

1998 577 2270 647 digessit(
2325 578 2506 631 animo
2556 576 2870 647 siquidem,
2911 579 3112 647 navigii
3159 588 3286 648 puta
3344 595 3568 650 compa-

1998 685 2117 738 gem
2159 667 2499 736 complexus,
2539 676 2860 736 conceptam
2912 675 3092 722 mente
3131 676 3463 723 structuram
3499 669 3565 724 ad

1999 760 2159 815 finem
2191 759 2442 829 perducit
2473 759 2530 828 );
2570 760 2645 814 ita
2680 759 2855 815 Filius
2887 775 3012 816 cum
3048 776 3192 815 unus
3221 762 3320 827 sit,
3352 769 3408 816 et
3443 760 3566 816 duae

1997 858 2244 914 naturae;
2290 850 2462 903 altera
2502 850 2682 904 divina
2719 850 2982 904 miracula
3033 851 3165 917 edit,
3190 852 3358 905 altera
3383 859 3563 906 autem

1998 942 2228 1010 suscipit
2280 940 2534 993 humilia.
2591 940 2870 1005 Quatenus
2925 951 3011 995 est
3057 956 3122 996 ex
3167 939 3326 994 Patre
3386 940 3561 1002 Deus,

1998 1031 2246 1102 prodigia
2264 1039 2523 1100 operatur
2551 1047 2579 1096 ;-
2601 1040 2871 1100 quatenus
2894 1046 3020 1086 vero
3049 1047 3114 1086 ex
3148 1029 3368 1100 Virgine
3398 1031 3562 1086 homo

1997 1133 2098 1187 est,
2131 1137 2374 1188 crucem,
2409 1123 2933 1192 perpessionesque,
2972 1130 3028 1176 et
3055 1123 3255 1176 similia
3297 1123 3564 1177 naturali-

2001 1223 2082 1268 ter
2133 1222 2186 1267 et
2223 1221 2415 1282 sponte
2464 1211 2749 1268 sustinuit.
2793 1231 2812 1262 ›
2875 1211 2974 1265 Cui
3009 1227 3201 1266 censes
3255 1215 3562 1282 exemplum

2000 1305 2373 1374 patrocinari?
2421 1306 2487 1360 iis
2515 1305 2606 1373 qni
2646 1318 2809 1357 unam
2851 1304 2906 1356 in
2928 1302 3148 1359 Christo
3183 1312 3432 1357 naturam
3482 1304 3565 1356 di-

1999 1411 2122 1451 cere
2153 1395 2431 1450 audeant?
2455 1411 2522 1450 an
2552 1395 2662 1450 illis
2703 1395 2797 1464 qui
2827 1395 3000 1461 duas,
3029 1402 3086 1448 ut
3118 1402 3268 1450 recta
3310 1394 3560 1449 doctrina

1999 1486 2125 1553 fert,
2155 1502 2264 1541 non
2326 1486 2625 1550 confusas,
2660 1502 2836 1556 neque
2873 1487 3081 1541 divisas
3123 1486 3458 1556 praedicant?
3483 1484 3562 1540 Ad

1998 1579 2115 1632 haec
2147 1578 2441 1647 Gregorius
2478 1578 2787 1647 Theologus
2805 1578 2881 1632 ait
2904 1579 2947 1608 ¹⁶
2983 1594 3000 1632 ;
3031 1597 3048 1628 ι
3087 1577 3307 1630 Naturae
3338 1576 3562 1646 quidem

1997 1667 2138 1730 duae,
2165 1667 2307 1735 Deus
2354 1676 2408 1721 et
2468 1668 2666 1732 homo,
2707 1668 2968 1737 quoniam
3007 1667 3188 1721 anima
3235 1678 3291 1723 et
3315 1681 3560 1736 corpus;

1926 1732 1967 1786 Β
1994 1757 2094 1811 filii
2113 1773 2240 1811 vero
2270 1732 2378 1810 non
2405 1757 2536 1822 duo,
2569 1732 2745 1826 neque
2774 1757 2870 1810 dii.
2909 1776 2928 1808 ι
3061 1763 3118 1824 κ

2065 1847 2153 1902 56.
2177 1847 2332 1913 Quod
2400 1861 2528 1900 vero
2589 1848 2887 1900 maximum
2939 1846 3052 1900 illic
3097 1846 3402 1902 discrimen:
3464 1845 3558 1910 sit,

1994 1939 2190 1999 exinde
2272 1939 2610 1995 noverimus.
2674 1939 2752 1992 Ex
2805 1941 3141 2008 quibusnam
3196 1937 3558 2006 compositum

1993 2041 2118 2081 esse
2138 2026 2413 2080 hominem
2447 2025 2675 2098 dicitis?
2702 2040 2770 2079 ex
2805 2025 2986 2078 anima
3007 2025 3194 2094 utique
3219 2032 3274 2078 et
3305 2039 3556 2092 corpore.

1995 2115 2173 2170 Eccur
2199 2115 2367 2184 igitur
2395 2129 2503 2168 non
2537 2114 2816 2168 fateamini
2851 2114 3133 2169 Christum
3172 2129 3296 2170 esse
3332 2129 3558 2182 compo-

1995 2205 2160 2260 situm
2202 2219 2268 2257 ex
2307 2203 2417 2258 Deu
2459 2212 2514 2258 et
2556 2203 2820 2258 homine?
2870 2202 3082 2267 Quidve
3107 2217 3290 2257 causa:
3331 2213 3456 2266 est,
3503 2209 3563 2255 ut

1994 2311 2104 2350 non
2126 2310 2187 2348 ex
2204 2295 2488 2348 animitate
2517 2302 2571 2348 et
2597 2294 2986 2363 corporalitate
3008 2303 3265 2347 constare
3287 2292 3558 2345 hominem

1995 2385 2392 2455 pronuntietis,
2441 2385 2611 2440 veluti
2660 2383 2937 2440 Christum
2977 2399 3045 2438 ex
3095 2382 3296 2438 deitate
3354 2389 3409 2436 et
3463 2381 3560 2434 hu-

1999 2476 2307 2529 manitate?
2336 2474 2521 2540 Quare
2546 2477 2710 2530 homo
2752 2489 2862 2528 non
2891 2483 3038 2529 totus
3065 2474 3250 2527 anima
3270 2513 3284 2537 ,
3318 2477 3419 2527 nec
3473 2480 3560 2526 to-

1996 2574 2086 2622 tus
2115 2581 2317 2636 corpus
2365 2568 2590 2630 dicitur,
2625 2570 2780 2623 sicut
2831 2567 3086 2621 Christus
3132 2574 3282 2621 totus
3319 2565 3460 2620 Deus
3507 2575 3563 2621 et

1997 2662 2146 2710 totus
2173 2657 2378 2710 homo?
2417 2672 2523 2710 non
2559 2663 2710 2712 totus
2743 2657 2798 2710 in
2831 2656 3121 2710 animitate
3166 2655 3473 2724 perfectus,
3505 2665 3562 2709 et

1995 2755 2150 2802 totus
2207 2748 2262 2801 in
2293 2749 2684 2816 corporalitate
2731 2747 3008 2816 perfectus
3053 2765 3068 2802 :
3110 2746 3254 2801 sicut
3308 2747 3563 2802 Christus

1997 2846 2148 2896 totus
2191 2838 2246 2892 in
2287 2838 2578 2893 divinitate
2617 2839 2918 2908 perfectus,
2941 2847 2996 2893 et
3017 2846 3166 2893 totus
3208 2839 3262 2892 in
3307 2838 3561 2892 Immani-

1995 2936 2106 2983 tate
2130 2928 2406 2998 perfectus
2429 2968 2444 2993 ,
2475 2942 2577 2982 nec
2603 2936 2755 2982 totus
2797 2929 2980 2982 anima
3015 2943 3123 2982 una
3147 2942 3273 2982 cum
3297 2941 3558 2996 corpore,

1995 3029 2049 3074 et
2087 3027 2238 3074 totus
2280 3035 2486 3089 corpus
2531 3034 2637 3074 una
2684 3034 2809 3073 cum
2853 3021 3067 3085 anima,
3130 3022 3275 3076 sicut
3309 3019 3562 3074 Christus

2002 3116 2147 3162 totus
2180 3106 2322 3162 Deus
2354 3122 2478 3161 cum
2499 3121 2597 3161 sua
2624 3122 2815 3172 carne,
2845 3115 2898 3161 et
2917 3117 3064 3162 totus
3102 3109 3266 3161 homo
3293 3123 3418 3161 cum
3454 3109 3562 3162 dci-

2001 3204 2107 3252 tate
2133 3211 2254 3261 sua,
2286 3212 2410 3267 quae
2433 3197 2651 3251 initium
2679 3211 2792 3251 non
2819 3197 3029 3250 habuit.
3062 3196 3235 3251 Homo
3269 3197 3560 3266 siquidem,

1999 3303 2066 3341 ex
2096 3288 2274 3340 aliima
2316 3295 2372 3341 et
2407 3303 2637 3356 corpore
2677 3294 2968 3351 constans,
3011 3286 3161 3341 aliud
3191 3288 3319 3356 quid
3366 3296 3565 3355 praeter

2001 3380 2113 3432 haec
2137 3379 2368 3432 effectus
2415 3378 2574 3449 41],
2609 3385 2724 3442 est,
2771 3394 2963 3448 nempe
3019 3377 3182 3432 homo
3240 3397 3254 3433 :
3305 3378 3564 3433 Christus

2000 3484 2128 3523 vero
2157 3485 2220 3524 ex
2245 3470 2498 3532 diversis,
2532 3470 2723 3524 eadem
2753 3487 2768 3524 :
2809 3485 2878 3523 ex
2906 3469 3194 3523 divinitate
3223 3475 3277 3523 et
3306 3469 3564 3522 humani-

2000 3569 2130 3614 tate.
2179 3558 2330 3625 Deus
2349 3559 2514 3613 simul
2543 3567 2598 3612 et
2634 3558 2819 3611 homo.
2852 3558 2908 3611 Si
2939 3566 3118 3611 autem
3166 3574 3258 3627 per
3280 3560 3460 3620 omnia
3485 3559 3564 3612 si-

2000 3648 2126 3702 mile
2155 3648 2462 3716 exemplum
2521 3646 2692 3710 foret,
2727 3647 3105 3701 necessarium
3138 3655 3284 3701 esset
3326 3656 3565 3701 vestram

2000 3741 2148 3793 illam
2179 3739 2537 3807 compositam
2571 3748 2827 3791 naturam
2863 3738 3149 3791 nominare
3180 3735 3563 3800 Christitatem,

2001 3823 2146 3878 velut
2175 3831 2370 3875 natura
2403 3820 2688 3874 hominum
2719 3831 2804 3875 est
2834 3831 2888 3875 et
2920 3821 3124 3874 dicitur
3156 3820 3494 3875 humanitas.

2072 3913 2160 3969 57.
2201 3911 2500 3983 Praeterea,
2552 3911 2735 3964 anima
2799 3912 3250 3981 perpessionibus
3317 3911 3565 3980 corporis

2002 4010 2404 4073 prazoccupata,
2433 4016 2670 4071 corpore
2699 4002 2854 4070 prius
2893 4015 3035 4070 smpe
3085 4001 3330 4070 patitur;
3373 4016 3564 4070 perpe—

2003 4106 2096 4149 tuo
2142 4109 2274 4150 vero
2301 4108 2405 4146 una
2456 4093 2684 4163 patitur.
2738 4091 2892 4162 Saepe
2940 4091 3206 4160 siquidem
3237 4089 3456 4155 accidit,
3508 4099 3566 4144 ut

2000 4193 2220 4256 propter
2261 4185 2510 4254 corporis
2549 4185 2842 4238 sectionem
2893 4189 3148 4249 angatur,
3184 4188 3239 4235 et
3270 4190 3396 4234 ante
3473 4196 3567 4250 pa-

2004 4279 2186 4341 tiatur,
2226 4291 2387 4345 quam
2419 4289 2618 4344 corpus
2646 4274 2856 4335 doleat,
2892 4280 3054 4338 atque
3089 4272 3443 4324 mutationem
3469 4287 3564 4324 ca-

2002 4367 2134 4435 piat.
2158 4365 2278 4426 Ast,
2319 4370 2469 4417 secto
2502 4376 2768 4429 corpore,
2829 4359 3184 4413 nihilominus
3228 4375 3392 4427 quam
3440 4375 3564 4413 cor-

2000 4470 2126 4526 pus,
2156 4454 2362 4508 doloris
2390 4467 2554 4506 sensu
2576 4450 2804 4503 alIicitur
2843 4468 2856 4503 :
2896 4449 3041 4521 quod
3070 4457 3251 4503 tamen
3293 4453 3346 4503 in
3370 4451 3567 4504 divini-

2000 4553 2110 4598 tate
2144 4542 2358 4596 Domini
2399 4557 2557 4595 nemo
2592 4553 2759 4594 sanus
2791 4540 3041 4594 evenisse
3070 4540 3292 4594 dixerit.
3326 4539 3443 4596 Etsi
3474 4558 3567 4596 cr-

1997 4648 2066 4704 go
2098 4630 2260 4684 unius
2308 4638 2517 4682 natura:
2563 4629 2724 4682 homo
2767 4627 3008 4691 dicitur;
3059 4635 3115 4680 at
3163 4642 3273 4681 non
3305 4636 3566 4698 tanquam

2000 4721 2330 4794 hypostasis,
2381 4718 2477 4775 sed
2510 4726 2769 4788 tanquam
2799 4717 3031 4787 species.
3065 4716 3201 4772 Nam
3237 4734 3363 4773 cum
3408 4719 3570 4773 homo

1998 4829 2120 4868 cum
2159 4811 2381 4865 homine
2437 4809 2741 4874 confertur,
2792 4810 2961 4866 unius
3005 4818 3235 4872 natum.
3293 4827 3392 4887 ceu
3435 4828 3569 4867 con-

1997 4895 2384 4958 substantiales
2437 4898 2752 4967 ejusdemve
2795 4900 3117 4954 substantia:
3165 4901 3446 4965 dicuntur,
3515 4909 3570 4955 et

1998 5002 2253 5060 tanquam
2308 4990 2408 5044 sub
2455 5004 2560 5042 una
2609 4969 2794 5058 s'pecie
2849 4991 3124 5045 collocati.
3181 4990 3410 5056 Quando
3441 5006 3569 5044 vero

1997 5082 2062 5136 de
2106 5090 2300 5135 natura
2346 5079 2583 5133 hominis
2615 5078 2954 5149 disputatur,
2995 5079 3115 5134 dua:
3149 5080 3202 5132 in
3256 5095 3320 5134 eo
3361 5087 3569 5132 natura:

2006 5179 2352 5242 spectantur,
2387 5169 2583 5224 animae
2641 5161 2852 5224 sciliCet
2906 5177 2958 5223 ct
3003 5170 3270 5237 corporis.
3317 5168 3372 5221 Si
3421 5168 3564 5222 enim

2009 5266 2193 5320 anima
2223 5278 2344 5319 cum
2371 5277 2596 5331 corpore
2650 5269 3018 5328 comparetur,
3063 5259 3186 5328 quis
3223 5258 3296 5311 ita
3341 5257 3564 5313 demens

1605 5508 1838 5563 VARI/E
1875 5507 2274 5564 LECTIONES.

411 5617 429 5643 τ
451 5613 608 5667 'i'urr.
640 5615 800 5668 vertit
822 5615 1023 5680 genitus
1049 5625 1144 5682 est,
1180 5634 1242 5674 ac
1275 5619 1320 5675 si
1357 5620 1547 5691 legerit
1571 5621 1912 5692 γεγέννηται.
1955 5619 2118 5674 Arab.
2149 5635 2275 5676 vero
2316 5617 2509 5687 posuit,
2535 5615 2658 5684 fuit,
2697 5615 2869 5685 [actus
2893 5623 2987 5683 est,
3029 5616 3343 5691 γεγένηται.
