  <div class='ocr_page' id='page_1' title='image "/cluster/home/n/w/nwhite01/storage/ocr_20150623/94/mdp.39015008918610/741.png"; bbox 0 0 3970 6156; ppageno 0'>
   <div class='ocr_carea' id='block_1_1' title="bbox 409 312 2027 394">
    <p class='ocr_par' dir='ltr' id='par_1_1' title="bbox 409 325 2020 394">
     <span class='ocr_line' id='line_1_1' title="bbox 409 325 2020 394; baseline -0.003 -2"><span class='ocrx_word' id='word_1_1' title='bbox 409 325 550 394; x_wconf 69' lang='grc'><strong>1467</strong></span> <span class='ocrx_word' id='word_1_2' title='bbox 1612 329 1672 388; x_wconf 93' lang='lat' dir='ltr'><strong>S.</strong></span> <span class='ocrx_word' id='word_1_3' title='bbox 1703 329 2020 390; x_wconf 81' lang='lat' dir='ltr'><strong>JOANNIS</strong></span> 
     </span>
    </p>
   </div>
   <div class='ocr_carea' id='block_1_2' title="bbox 2138 312 3742 394">
    <p class='ocr_par' dir='ltr' id='par_1_2' title="bbox 2138 312 3742 387">
     <span class='ocr_line' id='line_1_2' title="bbox 2138 312 3742 387; baseline -0.006 -1"><span class='ocrx_word' id='word_1_4' title='bbox 2138 325 2479 387; x_wconf 60' lang='lat' dir='ltr'><strong>tMASCENI</strong></span> <span class='ocrx_word' id='word_1_5' title='bbox 3582 312 3742 376; x_wconf 71' lang='grc'><strong>1468</strong></span> 
     </span>
    </p>
   </div>
   <div class='ocr_carea' id='block_1_3' title="bbox 404 421 2027 508">
    <p class='ocr_par' dir='ltr' id='par_1_3' title="bbox 404 433 2027 508">
     <span class='ocr_line' id='line_1_3' title="bbox 404 433 2027 508; baseline -0.008 -11"><span class='ocrx_word' id='word_1_6' title='bbox 404 441 499 508; x_wconf 84' lang='lat' dir='ltr'><strong>sit,</strong></span> <span class='ocrx_word' id='word_1_7' title='bbox 532 449 590 496; x_wconf 90' lang='lat' dir='ltr'><strong>ut</strong></span> <span class='ocrx_word' id='word_1_8' title='bbox 621 453 788 494; x_wconf 79' lang='lat' dir='ltr'><strong>unam</strong></span> <span class='ocrx_word' id='word_1_9' title='bbox 825 437 1115 506; x_wconf 82' lang='lat' dir='ltr'><strong>utriusque</strong></span> <span class='ocrx_word' id='word_1_10' title='bbox 1139 448 1264 489; x_wconf 89' lang='lat' dir='ltr'><strong>esse</strong></span> <span class='ocrx_word' id='word_1_11' title='bbox 1307 439 1560 487; x_wconf 89' lang='lat' dir='ltr'><strong>naturam</strong></span> <span class='ocrx_word' id='word_1_12' title='bbox 1591 433 1774 488; x_wconf 88' lang='lat' dir='ltr'><strong>dicat?</strong></span> <span class='ocrx_word' id='word_1_13' title='bbox 1818 433 1978 501; x_wconf 81' lang='lat' dir='ltr'><strong>Atqui</strong></span> <span class='ocrx_word' id='word_1_14' title='bbox 2009 439 2027 491; x_wconf 69' lang='grc' dir='ltr'><em>Α</em></span> 
     </span>
    </p>
   </div>
   <div class='ocr_carea' id='block_1_4' title="bbox 2138 421 3725 508">
    <p class='ocr_par' dir='ltr' id='par_1_4' title="bbox 2161 421 3725 498">
     <span class='ocr_line' id='line_1_4' title="bbox 2161 421 3725 498; baseline -0.008 -12"><span class='ocrx_word' id='word_1_15' title='bbox 2161 429 2296 496; x_wconf 74' lang='grc' dir='ltr'>εἶδος</span> <span class='ocrx_word' id='word_1_16' title='bbox 2323 434 2422 486; x_wconf 79' lang='grc' dir='ltr'><strong>οὐκ</strong></span> <span class='ocrx_word' id='word_1_17' title='bbox 2465 431 2641 484; x_wconf 81' lang='grc' dir='ltr'>ἔστιν·</span> <span class='ocrx_word' id='word_1_18' title='bbox 2668 429 2728 482; x_wconf 83' lang='grc' dir='ltr'><strong>ού</strong></span> <span class='ocrx_word' id='word_1_19' title='bbox 2756 426 2865 498; x_wconf 82' lang='grc' dir='ltr'>γὰρ</span> <span class='ocrx_word' id='word_1_20' title='bbox 2900 425 3081 479; x_wconf 71' lang='grc' dir='ltr'>πολλοὶ</span> <span class='ocrx_word' id='word_1_21' title='bbox 3119 425 3354 493; x_wconf 57' lang='grc' dir='ltr'><strong>Χριστολ⁷</strong></span> <span class='ocrx_word' id='word_1_22' title='bbox 3393 425 3478 476; x_wconf 79' lang='grc' dir='ltr'><strong>ἐκ</strong></span> <span class='ocrx_word' id='word_1_23' title='bbox 3510 421 3725 488; x_wconf 64' lang='lat'><strong>056:1;-</strong></span> 
     </span>
    </p>
   </div>
   <div class='ocr_carea' id='block_1_5' title="bbox 406 515 2027 604">
    <p class='ocr_par' dir='ltr' id='par_1_5' title="bbox 406 524 1980 604">
     <span class='ocr_line' id='line_1_5' title="bbox 406 524 1980 604; baseline -0.008 -15"><span class='ocrx_word' id='word_1_24' title='bbox 406 533 619 604; x_wconf 87' lang='lat' dir='ltr'><strong>species</strong></span> <span class='ocrx_word' id='word_1_25' title='bbox 675 527 1023 583; x_wconf 89' lang='lat' dir='ltr'><strong>Christorum</strong></span> <span class='ocrx_word' id='word_1_26' title='bbox 1085 540 1193 579; x_wconf 91' lang='lat' dir='ltr'><strong>non</strong></span> <span class='ocrx_word' id='word_1_27' title='bbox 1259 533 1362 580; x_wconf 88' lang='lat' dir='ltr'><strong>est.</strong></span> <span class='ocrx_word' id='word_1_28' title='bbox 1437 524 1720 601; x_wconf 86' lang='lat' dir='ltr'><strong>Siquidem</strong></span> <span class='ocrx_word' id='word_1_29' title='bbox 1800 524 1980 593; x_wconf 87' lang='lat' dir='ltr'><strong>plures</strong></span> 
     </span>
    </p>
   </div>
   <div class='ocr_carea' id='block_1_6' title="bbox 2138 515 3725 604">
    <p class='ocr_par' dir='ltr' id='par_1_6' title="bbox 2138 515 3725 589">
     <span class='ocr_line' id='line_1_6' title="bbox 2138 515 3725 589; baseline -0.005 -17"><span class='ocrx_word' id='word_1_30' title='bbox 2138 541 2173 585; x_wconf 66' lang='grc' dir='ltr'><strong>ις</strong></span> <span class='ocrx_word' id='word_1_31' title='bbox 2224 522 2624 589; x_wconf 81' lang='grc' dir='ltr'><strong>συντεθειμένοι</strong></span> <span class='ocrx_word' id='word_1_32' title='bbox 2679 521 2774 574; x_wconf 76' lang='grc' dir='ltr'><strong>καὶ</strong></span> <span class='ocrx_word' id='word_1_33' title='bbox 2820 517 3274 587; x_wconf 80' lang='grc' dir='ltr'>ἀνθρωπότητος,</span> <span class='ocrx_word' id='word_1_34' title='bbox 3307 516 3420 569; x_wconf 81' lang='grc' dir='ltr'><strong>ἵνα</strong></span> <span class='ocrx_word' id='word_1_35' title='bbox 3498 515 3725 576; x_wconf 80' lang='grc' dir='ltr'>πάντες</span> 
     </span>
    </p>
   </div>
   <div class='ocr_carea' id='block_1_7' title="bbox 406 603 2027 680">
    <p class='ocr_par' dir='ltr' id='par_1_7' title="bbox 406 603 1980 678">
     <span class='ocr_line' id='line_1_7' title="bbox 406 603 1980 678; baseline -0.01 -1"><span class='ocrx_word' id='word_1_36' title='bbox 406 603 608 678; x_wconf 81' lang='lat' dir='ltr'><strong>Christi</strong></span> <span class='ocrx_word' id='word_1_37' title='bbox 647 632 751 672; x_wconf 88' lang='lat' dir='ltr'><strong>non</strong></span> <span class='ocrx_word' id='word_1_38' title='bbox 781 624 929 678; x_wconf 89' lang='lat' dir='ltr'><strong>sunt,</strong></span> <span class='ocrx_word' id='word_1_39' title='bbox 962 629 1028 667; x_wconf 82' lang='lat' dir='ltr'><strong>ex</strong></span> <span class='ocrx_word' id='word_1_40' title='bbox 1057 611 1258 667; x_wconf 83' lang='lat' dir='ltr'><strong>deitate</strong></span> <span class='ocrx_word' id='word_1_41' title='bbox 1291 621 1344 666; x_wconf 91' lang='lat' dir='ltr'><strong>et</strong></span> <span class='ocrx_word' id='word_1_42' title='bbox 1374 611 1714 664; x_wconf 93' lang='lat' dir='ltr'><strong>humanitate</strong></span> <span class='ocrx_word' id='word_1_43' title='bbox 1753 623 1980 678; x_wconf 89' lang='lat' dir='ltr'><strong>compo-</strong></span> 
     </span>
    </p>
   </div>
   <div class='ocr_carea' id='block_1_8' title="bbox 2138 603 3727 680">
    <p class='ocr_par' dir='ltr' id='par_1_8' title="bbox 2138 603 3727 680">
     <span class='ocr_line' id='line_1_8' title="bbox 2138 603 3727 680; baseline -0.008 -14"><span class='ocrx_word' id='word_1_44' title='bbox 2138 614 2193 666; x_wconf 61' lang='grc' dir='ltr'>κδ</span> <span class='ocrx_word' id='word_1_45' title='bbox 2220 615 2281 666; x_wconf 85' lang='grc' dir='ltr'><strong>τὸ</strong></span> <span class='ocrx_word' id='word_1_46' title='bbox 2314 613 2446 669; x_wconf 72' lang='grc' dir='ltr'>αὐτὸ</span> <span class='ocrx_word' id='word_1_47' title='bbox 2482 609 2618 675; x_wconf 79' lang='grc' dir='ltr'>εἶδος</span> <span class='ocrx_word' id='word_1_48' title='bbox 2656 610 2996 680; x_wconf 83' lang='grc' dir='ltr'><strong>ταττόμενοι,</strong></span> <span class='ocrx_word' id='word_1_49' title='bbox 3037 608 3167 677; x_wconf 83' lang='grc' dir='ltr'>μιᾶς</span> <span class='ocrx_word' id='word_1_50' title='bbox 3202 603 3573 676; x_wconf 84' lang='grc' dir='ltr'>κηρυχθῶσι</span> <span class='ocrx_word' id='word_1_51' title='bbox 3624 603 3727 669; x_wconf 64' lang='lat' dir='ltr'><strong>apti-</strong></span> 
     </span>
    </p>
   </div>
   <div class='ocr_carea' id='block_1_9' title="bbox 408 697 1986 773">
    <p class='ocr_par' dir='ltr' id='par_1_9' title="bbox 408 697 1986 773">
     <span class='ocr_line' id='line_1_9' title="bbox 408 697 1986 773; baseline -0.011 -8"><span class='ocrx_word' id='word_1_52' title='bbox 408 711 538 773; x_wconf 86' lang='lat' dir='ltr'><strong>siti,</strong></span> <span class='ocrx_word' id='word_1_53' title='bbox 600 715 658 760; x_wconf 88' lang='lat' dir='ltr'><strong>ut</strong></span> <span class='ocrx_word' id='word_1_54' title='bbox 706 719 897 761; x_wconf 87' lang='lat' dir='ltr'><strong>omnes</strong></span> <span class='ocrx_word' id='word_1_55' title='bbox 941 703 1043 759; x_wconf 90' lang='lat' dir='ltr'><strong>sub</strong></span> <span class='ocrx_word' id='word_1_56' title='bbox 1079 699 1266 756; x_wconf 90' lang='lat' dir='ltr'><strong>eadem</strong></span> <span class='ocrx_word' id='word_1_57' title='bbox 1320 699 1504 769; x_wconf 85' lang='lat' dir='ltr'><strong>specie</strong></span> <span class='ocrx_word' id='word_1_58' title='bbox 1550 697 1830 760; x_wconf 75' lang='lat' dir='ltr'><strong>collocati,</strong></span> <span class='ocrx_word' id='word_1_59' title='bbox 1884 711 1986 750; x_wconf 88' lang='lat' dir='ltr'><strong>na-</strong></span> 
     </span>
    </p>
   </div>
   <div class='ocr_carea' id='block_1_10' title="bbox 407 786 1985 863">
    <p class='ocr_par' dir='ltr' id='par_1_10' title="bbox 407 786 1985 863">
     <span class='ocr_line' id='line_1_10' title="bbox 407 786 1985 863; baseline -0.007 -12"><span class='ocrx_word' id='word_1_60' title='bbox 407 808 544 852; x_wconf 71' lang='lat' dir='ltr'><strong>turas</strong></span> <span class='ocrx_word' id='word_1_61' title='bbox 585 799 747 850; x_wconf 86' lang='lat' dir='ltr'><strong>unius</strong></span> <span class='ocrx_word' id='word_1_62' title='bbox 795 793 1168 863; x_wconf 67' lang='lat' dir='ltr'><strong>praedicentur</strong></span> <span class='ocrx_word' id='word_1_63' title='bbox 1219 809 1233 845; x_wconf 90' lang='lat'><strong>:</strong></span> <span class='ocrx_word' id='word_1_64' title='bbox 1285 789 1381 844; x_wconf 90' lang='lat' dir='ltr'><strong>sed</strong></span> <span class='ocrx_word' id='word_1_65' title='bbox 1417 789 1599 858; x_wconf 83' lang='lat' dir='ltr'><strong>potius</strong></span> <span class='ocrx_word' id='word_1_66' title='bbox 1633 803 1778 842; x_wconf 91' lang='lat' dir='ltr'><strong>unus</strong></span> <span class='ocrx_word' id='word_1_67' title='bbox 1825 786 1985 841; x_wconf 83' lang='lat' dir='ltr'><strong>Chri-</strong></span> 
     </span>
    </p>
   </div>
   <div class='ocr_carea' id='block_1_11' title="bbox 409 878 2058 948">
    <p class='ocr_par' dir='ltr' id='par_1_11' title="bbox 409 878 2058 948">
     <span class='ocr_line' id='line_1_11' title="bbox 409 878 2058 948; baseline -0.009 -6"><span class='ocrx_word' id='word_1_68' title='bbox 409 896 530 942; x_wconf 86' lang='lat' dir='ltr'><strong>stus</strong></span> <span class='ocrx_word' id='word_1_69' title='bbox 559 897 665 947; x_wconf 76' lang='lat' dir='ltr'><strong>est,</strong></span> <span class='ocrx_word' id='word_1_70' title='bbox 712 901 776 939; x_wconf 80' lang='lat' dir='ltr'><strong>ex</strong></span> <span class='ocrx_word' id='word_1_71' title='bbox 813 883 1029 937; x_wconf 86' lang='lat' dir='ltr'><strong>duabus</strong></span> <span class='ocrx_word' id='word_1_72' title='bbox 1070 889 1124 936; x_wconf 90' lang='lat' dir='ltr'><strong>et</strong></span> <span class='ocrx_word' id='word_1_73' title='bbox 1159 879 1213 934; x_wconf 89' lang='lat' dir='ltr'><strong>in</strong></span> <span class='ocrx_word' id='word_1_74' title='bbox 1239 879 1457 935; x_wconf 82' lang='lat' dir='ltr'><strong>duabus</strong></span> <span class='ocrx_word' id='word_1_75' title='bbox 1497 880 1709 934; x_wconf 84' lang='lat' dir='ltr'><strong>naturis</strong></span> <span class='ocrx_word' id='word_1_76' title='bbox 1748 878 1985 948; x_wconf 78' lang='lat' dir='ltr'><strong>agnitus.</strong></span> <span class='ocrx_word' id='word_1_77' title='bbox 2053 921 2058 927; x_wconf 97' lang='lat'><strong>.</strong></span> 
     </span>
    </p>
   </div>
   <div class='ocr_carea' id='block_1_12' title="bbox 480 968 2027 1053">
    <p class='ocr_par' dir='ltr' id='par_1_12' title="bbox 480 968 1990 1042">
     <span class='ocr_line' id='line_1_12' title="bbox 480 968 1990 1042; baseline -0.006 -10"><span class='ocrx_word' id='word_1_78' title='bbox 480 978 568 1032; x_wconf 86' lang='lat'><strong>58.</strong></span> <span class='ocrx_word' id='word_1_79' title='bbox 604 976 756 1042; x_wconf 80' lang='lat' dir='ltr'><strong>Quod</strong></span> <span class='ocrx_word' id='word_1_80' title='bbox 791 986 971 1028; x_wconf 89' lang='lat' dir='ltr'><strong>autem</strong></span> <span class='ocrx_word' id='word_1_81' title='bbox 1025 973 1219 1028; x_wconf 89' lang='lat' dir='ltr'><strong>beatus</strong></span> <span class='ocrx_word' id='word_1_82' title='bbox 1249 970 1482 1041; x_wconf 88' lang='lat' dir='ltr'><strong>Cyrilius</strong></span> <span class='ocrx_word' id='word_1_83' title='bbox 1525 971 1565 1002; x_wconf 86' lang='grc'><strong>¹⁷</strong></span> <span class='ocrx_word' id='word_1_84' title='bbox 1601 985 1724 1024; x_wconf 90' lang='lat' dir='ltr'><strong>eum</strong></span> <span class='ocrx_word' id='word_1_85' title='bbox 1761 971 1813 1022; x_wconf 89' lang='lat' dir='ltr'><strong>in</strong></span> <span class='ocrx_word' id='word_1_86' title='bbox 1852 968 1990 1023; x_wconf 77' lang='lat' dir='ltr'><strong>duo-</strong></span> 
     </span>
    </p>
   </div>
   <div class='ocr_carea' id='block_1_13' title="bbox 2138 968 3723 1053">
    <p class='ocr_par' dir='ltr' id='par_1_13' title="bbox 2163 977 3723 1053">
     <span class='ocr_line' id='line_1_13' title="bbox 2163 977 3723 1053; baseline -0.003 -17"><span class='ocrx_word' id='word_1_87' title='bbox 2163 989 2264 1053; x_wconf 86' lang='grc' dir='ltr'>νη¹.</span> <span class='ocrx_word' id='word_1_88' title='bbox 2307 983 2668 1052; x_wconf 80' lang='grc' dir='ltr'>Ἐπιστήσατε</span> <span class='ocrx_word' id='word_1_89' title='bbox 2701 982 2778 1042; x_wconf 83' lang='grc' dir='ltr'><strong>δὲ,</strong></span> <span class='ocrx_word' id='word_1_90' title='bbox 2800 981 2874 1042; x_wconf 87' lang='grc' dir='ltr'>ὼς</span> <span class='ocrx_word' id='word_1_91' title='bbox 2903 982 2958 1032; x_wconf 84' lang='grc' dir='ltr'>ὲν</span> <span class='ocrx_word' id='word_1_92' title='bbox 2978 981 3128 1033; x_wconf 68' lang='grc' dir='ltr'>δυσὶν</span> <span class='ocrx_word' id='word_1_93' title='bbox 3152 979 3310 1032; x_wconf 77' lang='grc' dir='ltr'>αὑτὸν</span> <span class='ocrx_word' id='word_1_94' title='bbox 3343 977 3660 1048; x_wconf 80' lang='grc' dir='ltr'>χιμάροις</span> <span class='ocrx_word' id='word_1_95' title='bbox 3691 977 3723 1032; x_wconf 81' lang='grc' dir='ltr'><strong>ὁ</strong></span> 
     </span>
    </p>
   </div>
   <div class='ocr_carea' id='block_1_14' title="bbox 412 1057 2027 1142">
    <p class='ocr_par' dir='ltr' id='par_1_14' title="bbox 412 1057 1992 1127">
     <span class='ocr_line' id='line_1_14' title="bbox 412 1057 1992 1127; baseline -0.007 -6"><span class='ocrx_word' id='word_1_96' title='bbox 412 1069 514 1122; x_wconf 90' lang='lat' dir='ltr'><strong>hus</strong></span> <span class='ocrx_word' id='word_1_97' title='bbox 546 1065 717 1119; x_wconf 87' lang='lat' dir='ltr'><strong>hircis</strong></span> <span class='ocrx_word' id='word_1_98' title='bbox 769 1061 1088 1124; x_wconf 83' lang='lat' dir='ltr'><strong>describat,</strong></span> <span class='ocrx_word' id='word_1_99' title='bbox 1123 1059 1388 1114; x_wconf 80' lang='lat' dir='ltr'><strong>noveritis</strong></span> <span class='ocrx_word' id='word_1_100' title='bbox 1435 1058 1739 1127; x_wconf 78' lang='lat' dir='ltr'><strong>exemplum</strong></span> <span class='ocrx_word' id='word_1_101' title='bbox 1778 1057 1882 1111; x_wconf 93' lang='lat' dir='ltr'><strong>hoc</strong></span> <span class='ocrx_word' id='word_1_102' title='bbox 1925 1057 1992 1110; x_wconf 90' lang='lat' dir='ltr'><strong>ad</strong></span> 
     </span>
    </p>
   </div>
   <div class='ocr_carea' id='block_1_15' title="bbox 2138 1057 3728 1142">
    <p class='ocr_par' dir='ltr' id='par_1_15' title="bbox 2140 1067 3728 1142">
     <span class='ocr_line' id='line_1_15' title="bbox 2140 1067 3728 1142; baseline -0.004 -17"><span class='ocrx_word' id='word_1_103' title='bbox 2140 1072 2365 1142; x_wconf 84' lang='grc' dir='ltr'>ακὰριος</span> <span class='ocrx_word' id='word_1_104' title='bbox 2419 1071 2706 1141; x_wconf 79' lang='grc' dir='ltr'><strong>διαγράφει</strong></span> <span class='ocrx_word' id='word_1_105' title='bbox 2754 1069 3018 1140; x_wconf 60' lang='lat' dir='ltr'><strong>nemo;</strong></span> <span class='ocrx_word' id='word_1_106' title='bbox 3047 1111 3061 1134; x_wconf 90' lang='lat'><strong>,</strong></span> <span class='ocrx_word' id='word_1_107' title='bbox 3094 1068 3208 1122; x_wconf 81' lang='grc' dir='ltr'>ἀλλ’</span> <span class='ocrx_word' id='word_1_108' title='bbox 3257 1069 3323 1120; x_wconf 74' lang='grc' dir='ltr'><strong>ὀὗ</strong></span> <span class='ocrx_word' id='word_1_109' title='bbox 3376 1067 3564 1138; x_wconf 69' lang='grc' dir='ltr'>πρὸς</span> <span class='ocrx_word' id='word_1_110' title='bbox 3616 1068 3728 1130; x_wconf 75' lang='grc' dir='ltr'>τὰς*</span> 
     </span>
    </p>
   </div>
   <div class='ocr_carea' id='block_1_16' title="bbox 415 1148 2027 1230">
    <p class='ocr_par' dir='ltr' id='par_1_16' title="bbox 415 1148 1994 1229">
     <span class='ocr_line' id='line_1_16' title="bbox 415 1148 1994 1229; baseline -0.007 -17"><span class='ocrx_word' id='word_1_111' title='bbox 415 1159 744 1229; x_wconf 83' lang='lat' dir='ltr'><strong>hypostases</strong></span> <span class='ocrx_word' id='word_1_112' title='bbox 799 1169 907 1208; x_wconf 91' lang='lat' dir='ltr'><strong>non</strong></span> <span class='ocrx_word' id='word_1_113' title='bbox 943 1162 1193 1223; x_wconf 87' lang='lat' dir='ltr'><strong>spectare</strong></span> <span class='ocrx_word' id='word_1_114' title='bbox 1219 1191 1234 1215; x_wconf 93' lang='lat'><strong>,</strong></span> <span class='ocrx_word' id='word_1_115' title='bbox 1267 1151 1361 1206; x_wconf 90' lang='lat' dir='ltr'><strong>sed</strong></span> <span class='ocrx_word' id='word_1_116' title='bbox 1394 1150 1460 1204; x_wconf 88' lang='lat' dir='ltr'><strong>ad</strong></span> <span class='ocrx_word' id='word_1_117' title='bbox 1491 1149 1862 1205; x_wconf 86' lang='lat' dir='ltr'><strong>diversitatem</strong></span> <span class='ocrx_word' id='word_1_118' title='bbox 1910 1148 1994 1201; x_wconf 92' lang='lat' dir='ltr'><strong>vi-</strong></span> 
     </span>
    </p>
   </div>
   <div class='ocr_carea' id='block_1_17' title="bbox 2138 1148 3724 1230">
    <p class='ocr_par' dir='ltr' id='par_1_17' title="bbox 2138 1155 3724 1230">
     <span class='ocr_line' id='line_1_17' title="bbox 2138 1155 3724 1230; baseline -0.004 -16"><span class='ocrx_word' id='word_1_119' title='bbox 2138 1161 2441 1225; x_wconf 85' lang='grc' dir='ltr'>ποστάσεις,</span> <span class='ocrx_word' id='word_1_120' title='bbox 2467 1160 2603 1214; x_wconf 76' lang='grc' dir='ltr'>ἀλλὰ</span> <span class='ocrx_word' id='word_1_121' title='bbox 2650 1159 2784 1230; x_wconf 81' lang='grc' dir='ltr'>πρὸς</span> <span class='ocrx_word' id='word_1_122' title='bbox 2817 1159 2878 1212; x_wconf 81' lang='grc' dir='ltr'><strong>τὸ</strong></span> <span class='ocrx_word' id='word_1_123' title='bbox 2911 1157 3165 1228; x_wconf 82' lang='grc' dir='ltr'>διάφορον</span> <span class='ocrx_word' id='word_1_124' title='bbox 3199 1155 3291 1210; x_wconf 74' lang='grc' dir='ltr'>τοῦ</span> <span class='ocrx_word' id='word_1_125' title='bbox 3329 1157 3576 1220; x_wconf 76' lang='grc' dir='ltr'>ζῶντος</span> <span class='ocrx_word' id='word_1_126' title='bbox 3622 1155 3724 1208; x_wconf 72' lang='grc' dir='ltr'>καὶ</span> 
     </span>
    </p>
   </div>
   <div class='ocr_carea' id='block_1_18' title="bbox 417 1239 2027 1318">
    <p class='ocr_par' dir='ltr' id='par_1_18' title="bbox 417 1239 1995 1311">
     <span class='ocr_line' id='line_1_18' title="bbox 417 1239 1995 1311; baseline -0.003 -15"><span class='ocrx_word' id='word_1_127' title='bbox 417 1246 593 1300; x_wconf 84' lang='lat' dir='ltr'><strong>ventis</strong></span> <span class='ocrx_word' id='word_1_128' title='bbox 615 1254 668 1299; x_wconf 91' lang='lat' dir='ltr'><strong>et</strong></span> <span class='ocrx_word' id='word_1_129' title='bbox 707 1243 990 1297; x_wconf 88' lang='lat' dir='ltr'><strong>immolati.</strong></span> <span class='ocrx_word' id='word_1_130' title='bbox 1023 1241 1199 1311; x_wconf 76' lang='lat' dir='ltr'><strong>Atque</strong></span> <span class='ocrx_word' id='word_1_131' title='bbox 1237 1241 1341 1294; x_wconf 89' lang='lat' dir='ltr'><strong>hoc</strong></span> <span class='ocrx_word' id='word_1_132' title='bbox 1374 1239 1593 1308; x_wconf 89' lang='lat' dir='ltr'><strong>quidem</strong></span> <span class='ocrx_word' id='word_1_133' title='bbox 1628 1239 1864 1293; x_wconf 90' lang='lat' dir='ltr'><strong>dicimus</strong></span> <span class='ocrx_word' id='word_1_134' title='bbox 1887 1280 1901 1302; x_wconf 95' lang='lat'><strong>,</strong></span> <span class='ocrx_word' id='word_1_135' title='bbox 1929 1253 1995 1291; x_wconf 79' lang='lat' dir='ltr'><strong>ex</strong></span> 
     </span>
    </p>
   </div>
   <div class='ocr_carea' id='block_1_19' title="bbox 2138 1239 3723 1318">
    <p class='ocr_par' dir='ltr' id='par_1_19' title="bbox 2138 1243 3723 1318">
     <span class='ocr_line' id='line_1_19' title="bbox 2138 1243 3723 1318; baseline -0.003 -17"><span class='ocrx_word' id='word_1_136' title='bbox 2138 1249 2187 1301; x_wconf 64' lang='grc' dir='ltr'><strong>αὖ</strong></span> <span class='ocrx_word' id='word_1_137' title='bbox 2224 1247 2542 1318; x_wconf 79' lang='grc' dir='ltr'>τεθυμένον,</span> <span class='ocrx_word' id='word_1_138' title='bbox 2586 1246 2649 1299; x_wconf 79' lang='grc' dir='ltr'>τὸ</span> <span class='ocrx_word' id='word_1_139' title='bbox 2697 1246 3046 1318; x_wconf 80' lang='grc' dir='ltr'>παράδειγμα</span> <span class='ocrx_word' id='word_1_140' title='bbox 3077 1246 3250 1315; x_wconf 80' lang='grc' dir='ltr'>φέρει.</span> <span class='ocrx_word' id='word_1_141' title='bbox 3273 1245 3384 1297; x_wconf 73' lang='grc' dir='ltr'>Καὶ</span> <span class='ocrx_word' id='word_1_142' title='bbox 3437 1243 3631 1297; x_wconf 76' lang='grc' dir='ltr'>τοῦτο</span> <span class='ocrx_word' id='word_1_143' title='bbox 3662 1243 3723 1296; x_wconf 69' lang='grc' dir='ltr'>δέ</span> 
     </span>
    </p>
   </div>
   <div class='ocr_carea' id='block_1_20' title="bbox 415 1329 2027 1408">
    <p class='ocr_par' dir='ltr' id='par_1_20' title="bbox 415 1329 1995 1400">
     <span class='ocr_line' id='line_1_20' title="bbox 415 1329 1995 1400; baseline -0.006 -8"><span class='ocrx_word' id='word_1_144' title='bbox 415 1338 632 1392; x_wconf 84' lang='lat' dir='ltr'><strong>duabus</strong></span> <span class='ocrx_word' id='word_1_145' title='bbox 657 1337 820 1388; x_wconf 84' lang='lat' dir='ltr'><strong>rebus</strong></span> <span class='ocrx_word' id='word_1_146' title='bbox 855 1333 1054 1388; x_wconf 84' lang='lat' dir='ltr'><strong>creatis</strong></span> <span class='ocrx_word' id='word_1_147' title='bbox 1086 1333 1322 1387; x_wconf 83' lang='lat' dir='ltr'><strong>fortasse</strong></span> <span class='ocrx_word' id='word_1_148' title='bbox 1351 1329 1692 1400; x_wconf 89' lang='lat' dir='ltr'><strong>impossibile</strong></span> <span class='ocrx_word' id='word_1_149' title='bbox 1726 1344 1831 1382; x_wconf 87' lang='lat' dir='ltr'><strong>non</strong></span> <span class='ocrx_word' id='word_1_150' title='bbox 1853 1343 1995 1393; x_wconf 89' lang='lat' dir='ltr'><strong>esse,</strong></span> 
     </span>
    </p>
   </div>
   <div class='ocr_carea' id='block_1_21' title="bbox 2138 1329 3722 1408">
    <p class='ocr_par' dir='ltr' id='par_1_21' title="bbox 2143 1333 3722 1408">
     <span class='ocr_line' id='line_1_21' title="bbox 2143 1333 3722 1408; baseline -0.005 -17"><span class='ocrx_word' id='word_1_151' title='bbox 2143 1355 2301 1408; x_wconf 84' lang='grc' dir='ltr'>αμεν.</span> <span class='ocrx_word' id='word_1_152' title='bbox 2334 1338 2409 1401; x_wconf 81' lang='grc' dir='ltr'>ὼς</span> <span class='ocrx_word' id='word_1_153' title='bbox 2437 1341 2502 1391; x_wconf 85' lang='grc' dir='ltr'><strong>ὲκ</strong></span> <span class='ocrx_word' id='word_1_154' title='bbox 2549 1335 2640 1390; x_wconf 83' lang='grc' dir='ltr'><strong>δύο</strong></span> <span class='ocrx_word' id='word_1_155' title='bbox 2669 1336 2902 1390; x_wconf 83' lang='grc' dir='ltr'>κτιστῶν</span> <span class='ocrx_word' id='word_1_156' title='bbox 2928 1337 3069 1404; x_wconf 80' lang='grc' dir='ltr'>τάχα</span> <span class='ocrx_word' id='word_1_157' title='bbox 3115 1353 3218 1388; x_wconf 82' lang='grc' dir='ltr'><strong>που</strong></span> <span class='ocrx_word' id='word_1_158' title='bbox 3255 1333 3552 1403; x_wconf 78' lang='grc' dir='ltr'>γενέσθαι</span> <span class='ocrx_word' id='word_1_159' title='bbox 3583 1334 3722 1403; x_wconf 85' lang='grc' dir='ltr'>μίαν</span> 
     </span>
    </p>
   </div>
   <div class='ocr_carea' id='block_1_22' title="bbox 423 1417 2027 1495">
    <p class='ocr_par' dir='ltr' id='par_1_22' title="bbox 423 1417 1998 1481">
     <span class='ocr_line' id='line_1_22' title="bbox 423 1417 1998 1481; baseline -0.006 -2"><span class='ocrx_word' id='word_1_160' title='bbox 423 1443 590 1480; x_wconf 90' lang='lat' dir='ltr'><strong>unum</strong></span> <span class='ocrx_word' id='word_1_161' title='bbox 632 1434 881 1480; x_wconf 88' lang='lat' dir='ltr'><strong>naturam</strong></span> <span class='ocrx_word' id='word_1_162' title='bbox 923 1424 1063 1478; x_wconf 88' lang='lat' dir='ltr'><strong>lieri.</strong></span> <span class='ocrx_word' id='word_1_163' title='bbox 1090 1421 1293 1477; x_wconf 85' lang='lat' dir='ltr'><strong>Verum</strong></span> <span class='ocrx_word' id='word_1_164' title='bbox 1339 1437 1405 1475; x_wconf 76' lang='lat' dir='ltr'><strong>es</strong></span> <span class='ocrx_word' id='word_1_165' title='bbox 1433 1428 1617 1475; x_wconf 88' lang='lat' dir='ltr'><strong>creato</strong></span> <span class='ocrx_word' id='word_1_166' title='bbox 1655 1427 1708 1474; x_wconf 89' lang='lat' dir='ltr'><strong>et</strong></span> <span class='ocrx_word' id='word_1_167' title='bbox 1753 1417 1998 1481; x_wconf 80' lang='lat' dir='ltr'><strong>increato</strong></span> 
     </span>
    </p>
   </div>
   <div class='ocr_carea' id='block_1_23' title="bbox 2138 1417 3719 1495">
    <p class='ocr_par' dir='ltr' id='par_1_23' title="bbox 2138 1425 3719 1495">
     <span class='ocr_line' id='line_1_23' title="bbox 2138 1425 3719 1495; baseline -0.004 -13"><span class='ocrx_word' id='word_1_168' title='bbox 2138 1431 2198 1483; x_wconf 71' lang='lat' dir='ltr'><strong>3x</strong></span> <span class='ocrx_word' id='word_1_169' title='bbox 2247 1429 2503 1484; x_wconf 83' lang='grc' dir='ltr'>ἀδύνατον</span> <span class='ocrx_word' id='word_1_170' title='bbox 2559 1425 2719 1495; x_wconf 87' lang='grc' dir='ltr'>φύσιν</span> <span class='ocrx_word' id='word_1_171' title='bbox 2753 1444 2766 1457; x_wconf 89' lang='grc'><strong>·</strong></span> <span class='ocrx_word' id='word_1_172' title='bbox 2804 1429 2868 1480; x_wconf 81' lang='grc' dir='ltr'><strong>ὲκ</strong></span> <span class='ocrx_word' id='word_1_173' title='bbox 2904 1426 2960 1480; x_wconf 80' lang='grc' dir='ltr'>δὲ</span> <span class='ocrx_word' id='word_1_174' title='bbox 2998 1425 3218 1479; x_wconf 83' lang='grc' dir='ltr'>κτιστοῦ</span> <span class='ocrx_word' id='word_1_175' title='bbox 3267 1427 3362 1479; x_wconf 76' lang='grc' dir='ltr'>καὶ</span> <span class='ocrx_word' id='word_1_176' title='bbox 3422 1425 3719 1478; x_wconf 77' lang='grc' dir='ltr'>ἀκτέστου</span> 
     </span>
    </p>
   </div>
   <div class='ocr_carea' id='block_1_24' title="bbox 422 1508 2027 1589">
    <p class='ocr_par' dir='ltr' id='par_1_24' title="bbox 422 1508 1999 1582">
     <span class='ocr_line' id='line_1_24' title="bbox 422 1508 1999 1582; baseline -0.005 -13"><span class='ocrx_word' id='word_1_177' title='bbox 422 1533 532 1570; x_wconf 90' lang='lat' dir='ltr'><strong>una</strong></span> <span class='ocrx_word' id='word_1_178' title='bbox 583 1516 724 1569; x_wconf 82' lang='lat' dir='ltr'><strong>effici</strong></span> <span class='ocrx_word' id='word_1_179' title='bbox 764 1524 960 1568; x_wconf 85' lang='lat' dir='ltr'><strong>natura</strong></span> <span class='ocrx_word' id='word_1_180' title='bbox 991 1528 1119 1566; x_wconf 91' lang='lat' dir='ltr'><strong>-non</strong></span> <span class='ocrx_word' id='word_1_181' title='bbox 1152 1520 1365 1582; x_wconf 87' lang='lat' dir='ltr'><strong>potest,</strong></span> <span class='ocrx_word' id='word_1_182' title='bbox 1413 1511 1530 1566; x_wconf 84' lang='lat' dir='ltr'><strong>sive</strong></span> <span class='ocrx_word' id='word_1_183' title='bbox 1554 1511 1784 1565; x_wconf 90' lang='lat' dir='ltr'><strong>duarum</strong></span> <span class='ocrx_word' id='word_1_184' title='bbox 1828 1508 1999 1579; x_wconf 88' lang='lat' dir='ltr'><strong>parti-</strong></span> 
     </span>
    </p>
   </div>
   <div class='ocr_carea' id='block_1_25' title="bbox 2138 1508 3723 1589">
    <p class='ocr_par' dir='ltr' id='par_1_25' title="bbox 2138 1512 3723 1589">
     <span class='ocr_line' id='line_1_25' title="bbox 2138 1512 3723 1589; baseline -0.004 -16"><span class='ocrx_word' id='word_1_185' title='bbox 2138 1522 2232 1573; x_wconf 89' lang='grc' dir='ltr'>,ίαν</span> <span class='ocrx_word' id='word_1_186' title='bbox 2271 1519 2432 1589; x_wconf 87' lang='grc' dir='ltr'>φύσιν</span> <span class='ocrx_word' id='word_1_187' title='bbox 2461 1518 2711 1584; x_wconf 80' lang='grc' dir='ltr'>γενέσθαι</span> <span class='ocrx_word' id='word_1_188' title='bbox 2754 1519 3052 1588; x_wconf 79' lang='grc' dir='ltr'>ἀμήχανον,</span> <span class='ocrx_word' id='word_1_189' title='bbox 3088 1512 3120 1586; x_wconf 81' lang='grc' dir='ltr'>ἢ</span> <span class='ocrx_word' id='word_1_190' title='bbox 3150 1517 3258 1569; x_wconf 82' lang='grc' dir='ltr'><strong>τῶν</strong></span> <span class='ocrx_word' id='word_1_191' title='bbox 3285 1515 3383 1569; x_wconf 87' lang='grc' dir='ltr'><strong>δύο</strong></span> <span class='ocrx_word' id='word_1_192' title='bbox 3425 1515 3723 1586; x_wconf 79' lang='grc' dir='ltr'>μετέχου-</span> 
     </span>
    </p>
   </div>
   <div class='ocr_carea' id='block_1_26' title="bbox 422 1598 2027 1683">
    <p class='ocr_par' dir='ltr' id='par_1_26' title="bbox 422 1598 2000 1673">
     <span class='ocr_line' id='line_1_26' title="bbox 422 1598 2000 1673; baseline -0.005 -15"><span class='ocrx_word' id='word_1_193' title='bbox 422 1621 552 1673; x_wconf 82' lang='lat' dir='ltr'><strong>ceps</strong></span> <span class='ocrx_word' id='word_1_194' title='bbox 577 1605 668 1668; x_wconf 88' lang='lat' dir='ltr'><strong>sit,</strong></span> <span class='ocrx_word' id='word_1_195' title='bbox 707 1605 822 1658; x_wconf 84' lang='lat' dir='ltr'><strong>sive</strong></span> <span class='ocrx_word' id='word_1_196' title='bbox 866 1603 1010 1656; x_wconf 91' lang='lat' dir='ltr'><strong>aliud</strong></span> <span class='ocrx_word' id='word_1_197' title='bbox 1039 1601 1170 1672; x_wconf 82' lang='lat' dir='ltr'><strong>quid</strong></span> <span class='ocrx_word' id='word_1_198' title='bbox 1202 1601 1343 1655; x_wconf 84' lang='lat' dir='ltr'><strong>facta</strong></span> <span class='ocrx_word' id='word_1_199' title='bbox 1383 1599 1546 1654; x_wconf 83' lang='lat' dir='ltr'><strong>fuerit</strong></span> <span class='ocrx_word' id='word_1_200' title='bbox 1587 1605 1784 1668; x_wconf 68' lang='lat' dir='ltr'><strong>praeter</strong></span> <span class='ocrx_word' id='word_1_201' title='bbox 1827 1598 2000 1658; x_wconf 63' lang='lat' dir='ltr'><strong>istaec,</strong></span> 
     </span>
    </p>
   </div>
   <div class='ocr_carea' id='block_1_27' title="bbox 2138 1598 3719 1683">
    <p class='ocr_par' dir='ltr' id='par_1_27' title="bbox 2139 1607 3719 1683">
     <span class='ocr_line' id='line_1_27' title="bbox 2139 1607 3719 1683; baseline -0.004 -17"><span class='ocrx_word' id='word_1_202' title='bbox 2139 1629 2223 1678; x_wconf 88' lang='grc' dir='ltr'><strong>αν,</strong></span> <span class='ocrx_word' id='word_1_203' title='bbox 2256 1614 2288 1683; x_wconf 80' lang='grc' dir='ltr'>ἢ</span> <span class='ocrx_word' id='word_1_204' title='bbox 2333 1613 2520 1683; x_wconf 73' lang='grc' dir='ltr'>ἔτερόν</span> <span class='ocrx_word' id='word_1_205' title='bbox 2546 1627 2600 1664; x_wconf 86' lang='grc' dir='ltr'><strong>τι</strong></span> <span class='ocrx_word' id='word_1_206' title='bbox 2653 1611 2807 1682; x_wconf 74' lang='grc' dir='ltr'>παρὰ</span> <span class='ocrx_word' id='word_1_207' title='bbox 2846 1608 3051 1674; x_wconf 80' lang='grc' dir='ltr'>ταῦτα,</span> <span class='ocrx_word' id='word_1_208' title='bbox 3089 1609 3230 1662; x_wconf 76' lang='grc' dir='ltr'>κατὰ</span> <span class='ocrx_word' id='word_1_209' title='bbox 3272 1608 3368 1660; x_wconf 77' lang='grc' dir='ltr'><strong>τὸν</strong></span> <span class='ocrx_word' id='word_1_210' title='bbox 3433 1607 3719 1674; x_wconf 83' lang='grc' dir='ltr'>θεολόγον</span> 
     </span>
    </p>
   </div>
   <div class='ocr_carea' id='block_1_28' title="bbox 428 1689 2027 1774">
    <p class='ocr_par' dir='ltr' id='par_1_28' title="bbox 428 1689 2002 1763">
     <span class='ocr_line' id='line_1_28' title="bbox 428 1689 2002 1763; baseline -0.004 -16"><span class='ocrx_word' id='word_1_211' title='bbox 428 1707 486 1748; x_wconf 89' lang='lat' dir='ltr'><strong>ut</strong></span> <span class='ocrx_word' id='word_1_212' title='bbox 520 1694 813 1763; x_wconf 85' lang='lat' dir='ltr'><strong>Gregorius</strong></span> <span class='ocrx_word' id='word_1_213' title='bbox 885 1692 1193 1762; x_wconf 82' lang='lat' dir='ltr'><strong>TheolOgus</strong></span> <span class='ocrx_word' id='word_1_214' title='bbox 1243 1699 1454 1746; x_wconf 84' lang='lat' dir='ltr'><strong>censet.</strong></span> <span class='ocrx_word' id='word_1_215' title='bbox 1490 1691 1610 1756; x_wconf 85' lang='lat' dir='ltr'><strong>Quo</strong></span> <span class='ocrx_word' id='word_1_216' title='bbox 1655 1697 1814 1759; x_wconf 89' lang='lat' dir='ltr'><strong>pacto</strong></span> <span class='ocrx_word' id='word_1_217' title='bbox 1853 1689 2002 1742; x_wconf 88' lang='lat' dir='ltr'><strong>enim</strong></span> 
     </span>
    </p>
   </div>
   <div class='ocr_carea' id='block_1_29' title="bbox 2138 1689 3716 1774">
    <p class='ocr_par' dir='ltr' id='par_1_29' title="bbox 2138 1692 3716 1774">
     <span class='ocr_line' id='line_1_29' title="bbox 2138 1692 3716 1774; baseline -0.017 -2"><span class='ocrx_word' id='word_1_218' title='bbox 2138 1703 2404 1774; x_wconf 81' lang='grc' dir='ltr'>’ρηγόριον</span> <span class='ocrx_word' id='word_1_219' title='bbox 2428 1703 2524 1772; x_wconf 72' lang='grc'><strong>(5)-</strong></span> <span class='ocrx_word' id='word_1_220' title='bbox 2551 1700 2671 1763; x_wconf 80' lang='grc' dir='ltr'>Πῶς</span> <span class='ocrx_word' id='word_1_221' title='bbox 2698 1700 2806 1770; x_wconf 81' lang='grc' dir='ltr'>γὰρ</span> <span class='ocrx_word' id='word_1_222' title='bbox 2834 1701 2868 1768; x_wconf 83' lang='grc' dir='ltr'>ὴ</span> <span class='ocrx_word' id='word_1_223' title='bbox 2905 1697 3042 1767; x_wconf 76' lang='grc' dir='ltr'>αὑτὴ</span> <span class='ocrx_word' id='word_1_224' title='bbox 3069 1697 3270 1766; x_wconf 75' lang='grc' dir='ltr'>ήρξατό</span> <span class='ocrx_word' id='word_1_225' title='bbox 3302 1711 3363 1749; x_wconf 87' lang='grc' dir='ltr'><strong>τε</strong></span> <span class='ocrx_word' id='word_1_226' title='bbox 3387 1694 3500 1748; x_wconf 80' lang='grc' dir='ltr'>τοῦ</span> <span class='ocrx_word' id='word_1_227' title='bbox 3542 1692 3716 1756; x_wconf 83' lang='grc' dir='ltr'>εἶναι,</span> 
     </span>
    </p>
   </div>
   <div class='ocr_carea' id='block_1_30' title="bbox 428 1767 2027 1864">
    <p class='ocr_par' dir='ltr' id='par_1_30' title="bbox 428 1781 1879 1854">
     <span class='ocr_line' id='line_1_30' title="bbox 428 1781 1879 1854; baseline -0.006 -12"><span class='ocrx_word' id='word_1_228' title='bbox 428 1797 625 1842; x_wconf 85' lang='lat' dir='ltr'><strong>natura</strong></span> <span class='ocrx_word' id='word_1_229' title='bbox 655 1787 840 1842; x_wconf 85' lang='lat' dir='ltr'><strong>eadem</strong></span> <span class='ocrx_word' id='word_1_230' title='bbox 882 1787 1002 1842; x_wconf 70' lang='lat' dir='ltr'><strong>esse</strong></span> <span class='ocrx_word' id='word_1_231' title='bbox 1030 1785 1316 1854; x_wconf 79' lang='lat' dir='ltr'><strong>inceperit,</strong></span> <span class='ocrx_word' id='word_1_232' title='bbox 1357 1793 1409 1838; x_wconf 92' lang='lat' dir='ltr'><strong>et</strong></span> <span class='ocrx_word' id='word_1_233' title='bbox 1438 1797 1543 1836; x_wconf 89' lang='lat' dir='ltr'><strong>non</strong></span> <span class='ocrx_word' id='word_1_234' title='bbox 1577 1781 1879 1850; x_wconf 83' lang='lat' dir='ltr'><strong>inceperit?</strong></span> 
     </span>
    </p>
   </div>
   <div class='ocr_carea' id='block_1_31' title="bbox 2138 1767 2598 1864">
    <p class='ocr_par' dir='ltr' id='par_1_31' title="bbox 2138 1767 2598 1864">
     <span class='ocr_line' id='line_1_31' title="bbox 2138 1767 2598 1864; baseline 0.002 -20"><span class='ocrx_word' id='word_1_235' title='bbox 2138 1767 2325 1846; x_wconf 46' lang='lat' dir='ltr'><strong>tuo;</strong></span> <span class='ocrx_word' id='word_1_236' title='bbox 2355 1767 2598 1864; x_wconf 53' lang='lat' dir='ltr'><strong>spias-.0;</strong></span> 
     </span>
    </p>
   </div>
   <div class='ocr_carea' id='block_1_32' title="bbox 496 1871 2027 1945">
    <p class='ocr_par' dir='ltr' id='par_1_32' title="bbox 496 1871 2003 1942">
     <span class='ocr_line' id='line_1_32' title="bbox 496 1871 2003 1942; baseline -0.004 -10"><span class='ocrx_word' id='word_1_237' title='bbox 496 1878 585 1932; x_wconf 87' lang='lat'><strong>59.</strong></span> <span class='ocrx_word' id='word_1_238' title='bbox 614 1877 668 1930; x_wconf 82' lang='lat' dir='ltr'><strong>Si</strong></span> <span class='ocrx_word' id='word_1_239' title='bbox 701 1878 901 1941; x_wconf 89' lang='lat' dir='ltr'><strong>dicere,</strong></span> <span class='ocrx_word' id='word_1_240' title='bbox 927 1893 992 1930; x_wconf 82' lang='lat' dir='ltr'><strong>ea:</strong></span> <span class='ocrx_word' id='word_1_241' title='bbox 1023 1875 1296 1929; x_wconf 82' lang='lat' dir='ltr'><strong>divinitate</strong></span> <span class='ocrx_word' id='word_1_242' title='bbox 1323 1885 1368 1927; x_wconf 81' lang='lat' dir='ltr'><strong>et</strong></span> <span class='ocrx_word' id='word_1_243' title='bbox 1395 1874 1742 1936; x_wconf 81' lang='lat' dir='ltr'><strong>humanitate,</strong></span> <span class='ocrx_word' id='word_1_244' title='bbox 1777 1871 2003 1942; x_wconf 90' lang='lat' dir='ltr'><strong>perinde</strong></span> 
     </span>
    </p>
   </div>
   <div class='ocr_carea' id='block_1_33' title="bbox 2138 1871 3716 1945">
    <p class='ocr_par' dir='ltr' id='par_1_33' title="bbox 2175 1875 3716 1945">
     <span class='ocr_line' id='line_1_33' title="bbox 2175 1875 3716 1945; baseline -0.008 -6"><span class='ocrx_word' id='word_1_245' title='bbox 2175 1885 2270 1938; x_wconf 85' lang='grc' dir='ltr'>νθ’.</span> <span class='ocrx_word' id='word_1_246' title='bbox 2310 1884 2371 1938; x_wconf 83' lang='lat' dir='ltr'><strong>Et</strong></span> <span class='ocrx_word' id='word_1_247' title='bbox 2408 1884 2599 1938; x_wconf 84' lang='grc' dir='ltr'>ταυτόν</span> <span class='ocrx_word' id='word_1_248' title='bbox 2648 1883 2796 1935; x_wconf 74' lang='grc' dir='ltr'>ἐστιν</span> <span class='ocrx_word' id='word_1_249' title='bbox 2833 1879 3024 1943; x_wconf 81' lang='grc' dir='ltr'>είπεῖν,</span> <span class='ocrx_word' id='word_1_250' title='bbox 3067 1879 3134 1932; x_wconf 84' lang='grc' dir='ltr'><strong><em>ἐκ</em></strong></span> <span class='ocrx_word' id='word_1_251' title='bbox 3164 1879 3456 1945; x_wconf 84' lang='grc' dir='ltr'>θεότητός</span> <span class='ocrx_word' id='word_1_252' title='bbox 3503 1893 3577 1930; x_wconf 82' lang='grc' dir='ltr'><strong>τε</strong></span> <span class='ocrx_word' id='word_1_253' title='bbox 3614 1875 3716 1929; x_wconf 75' lang='grc' dir='ltr'>καί</span> 
     </span>
    </p>
   </div>
   <div class='ocr_carea' id='block_1_34' title="bbox 431 1961 2027 2044">
    <p class='ocr_par' dir='ltr' id='par_1_34' title="bbox 431 1961 2004 2032">
     <span class='ocr_line' id='line_1_34' title="bbox 431 1961 2004 2032; baseline -0.003 -12"><span class='ocrx_word' id='word_1_254' title='bbox 431 1976 513 2022; x_wconf 90' lang='lat' dir='ltr'><strong>est</strong></span> <span class='ocrx_word' id='word_1_255' title='bbox 544 1984 608 2022; x_wconf 91' lang='lat' dir='ltr'><strong>ac</strong></span> <span class='ocrx_word' id='word_1_256' title='bbox 637 1969 818 2024; x_wconf 85' lang='lat' dir='ltr'><strong>dicere</strong></span> <span class='ocrx_word' id='word_1_257' title='bbox 842 2006 856 2030; x_wconf 89' lang='lat'><strong>,</strong></span> <span class='ocrx_word' id='word_1_258' title='bbox 889 1984 952 2022; x_wconf 81' lang='lat' dir='ltr'><strong>ex</strong></span> <span class='ocrx_word' id='word_1_259' title='bbox 985 1967 1198 2021; x_wconf 86' lang='lat' dir='ltr'><strong>duabus</strong></span> <span class='ocrx_word' id='word_1_260' title='bbox 1244 1965 1491 2030; x_wconf 89' lang='lat' dir='ltr'><strong>naturis;</strong></span> <span class='ocrx_word' id='word_1_261' title='bbox 1539 1964 1633 2032; x_wconf 87' lang='lat' dir='ltr'><strong>qui</strong></span> <span class='ocrx_word' id='word_1_262' title='bbox 1669 1979 1778 2017; x_wconf 89' lang='lat' dir='ltr'><strong>non</strong></span> <span class='ocrx_word' id='word_1_263' title='bbox 1823 1961 2004 2016; x_wconf 88' lang='lat' dir='ltr'><strong>dicitis</strong></span> 
     </span>
    </p>
   </div>
   <div class='ocr_carea' id='block_1_35' title="bbox 2138 1961 3715 2044">
    <p class='ocr_par' dir='ltr' id='par_1_35' title="bbox 2138 1965 3715 2044">
     <span class='ocr_line' id='line_1_35' title="bbox 2138 1965 3715 2044; baseline -0.009 -14"><span class='ocrx_word' id='word_1_264' title='bbox 2138 1977 2590 2044; x_wconf 71' lang='grc' dir='ltr'>ῐνθρωπότητος,</span> <span class='ocrx_word' id='word_1_265' title='bbox 2638 1974 2731 2027; x_wconf 79' lang='grc' dir='ltr'><strong>καὶ</strong></span> <span class='ocrx_word' id='word_1_266' title='bbox 2780 1973 2843 2026; x_wconf 82' lang='grc' dir='ltr'>ὲκ</span> <span class='ocrx_word' id='word_1_267' title='bbox 2895 1971 2988 2024; x_wconf 90' lang='grc' dir='ltr'><strong>δύο</strong></span> <span class='ocrx_word' id='word_1_268' title='bbox 3047 1969 3298 2039; x_wconf 80' lang='grc' dir='ltr'>φύσεων,</span> <span class='ocrx_word' id='word_1_269' title='bbox 3346 1968 3453 2021; x_wconf 89' lang='grc' dir='ltr'><strong>δύο</strong></span> <span class='ocrx_word' id='word_1_270' title='bbox 3506 1965 3715 2035; x_wconf 78' lang='grc' dir='ltr'>φύσεις</span> 
     </span>
    </p>
   </div>
   <div class='ocr_carea' id='block_1_36' title="bbox 2091 693 3727 771">
    <p class='ocr_par' dir='ltr' id='par_1_36' title="bbox 2091 693 3727 771">
     <span class='ocr_line' id='line_1_36' title="bbox 2091 693 3727 771; baseline -0.007 -15"><span class='ocrx_word' id='word_1_271' title='bbox 2091 719 2262 768; x_wconf 79' lang='grc' dir='ltr'>σεως⁶</span> <span class='ocrx_word' id='word_1_272' title='bbox 2296 704 2409 756; x_wconf 85' lang='grc' dir='ltr'>ἀλλ’</span> <span class='ocrx_word' id='word_1_273' title='bbox 2437 701 2516 765; x_wconf 80' lang='grc' dir='ltr'>εἷς</span> <span class='ocrx_word' id='word_1_274' title='bbox 2550 705 2696 754; x_wconf 73' lang='grc' dir='ltr'>ἐστιν</span> <span class='ocrx_word' id='word_1_275' title='bbox 2731 701 2761 752; x_wconf 83' lang='grc' dir='ltr'>ὁ</span> <span class='ocrx_word' id='word_1_276' title='bbox 2803 699 3057 771; x_wconf 82' lang='grc' dir='ltr'>Χριστὸς,</span> <span class='ocrx_word' id='word_1_277' title='bbox 3099 699 3164 750; x_wconf 81' lang='grc' dir='ltr'><strong>ἐκ</strong></span> <span class='ocrx_word' id='word_1_278' title='bbox 3189 696 3281 750; x_wconf 82' lang='grc' dir='ltr'><strong>δύο</strong></span> <span class='ocrx_word' id='word_1_279' title='bbox 3328 696 3452 749; x_wconf 76' lang='grc' dir='ltr'><strong>καὶ</strong></span> <span class='ocrx_word' id='word_1_280' title='bbox 3501 695 3574 747; x_wconf 82' lang='grc' dir='ltr'>ὲν</span> <span class='ocrx_word' id='word_1_281' title='bbox 3597 693 3727 746; x_wconf 84' lang='grc' dir='ltr'>δυσὶ</span> 
     </span>
    </p>
   </div>
   <div class='ocr_carea' id='block_1_37' title="bbox 2091 792 2769 866">
    <p class='ocr_par' dir='ltr' id='par_1_37' title="bbox 2091 792 2769 866">
     <span class='ocr_line' id='line_1_37' title="bbox 2091 792 2769 866; baseline -0.006 -18"><span class='ocrx_word' id='word_1_282' title='bbox 2091 795 2488 866; x_wconf 79' lang='grc' dir='ltr'>γνωριζόμενος</span> <span class='ocrx_word' id='word_1_283' title='bbox 2524 792 2769 862; x_wconf 80' lang='grc' dir='ltr'>φύσεσιν.</span> 
     </span>
    </p>
   </div>
   <div class='ocr_carea' id='block_1_38' title="bbox 437 2056 2004 2125">
    <p class='ocr_par' dir='ltr' id='par_1_38' title="bbox 437 2056 2004 2125">
     <span class='ocr_line' id='line_1_38' title="bbox 437 2056 2004 2125; baseline -0.003 -14"><span class='ocrx_word' id='word_1_284' title='bbox 437 2060 577 2113; x_wconf 89' lang='lat' dir='ltr'><strong>duas</strong></span> <span class='ocrx_word' id='word_1_285' title='bbox 609 2067 835 2112; x_wconf 86' lang='lat' dir='ltr'><strong>naturas</strong></span> <span class='ocrx_word' id='word_1_286' title='bbox 865 2059 920 2112; x_wconf 89' lang='lat' dir='ltr'><strong>in</strong></span> <span class='ocrx_word' id='word_1_287' title='bbox 960 2057 1182 2111; x_wconf 89' lang='lat' dir='ltr'><strong>Christo</strong></span> <span class='ocrx_word' id='word_1_288' title='bbox 1239 2061 1363 2125; x_wconf 88' lang='lat' dir='ltr'><strong>post</strong></span> <span class='ocrx_word' id='word_1_289' title='bbox 1401 2056 1720 2118; x_wconf 90' lang='lat' dir='ltr'><strong>unitionem,</strong></span> <span class='ocrx_word' id='word_1_290' title='bbox 1751 2068 1850 2107; x_wconf 92' lang='lat' dir='ltr'><strong>nec</strong></span> <span class='ocrx_word' id='word_1_291' title='bbox 1879 2068 2004 2122; x_wconf 85' lang='lat' dir='ltr'><strong>pro-</strong></span> 
     </span>
    </p>
   </div>
   <div class='ocr_carea' id='block_1_39' title="bbox 435 2138 2008 2209">
    <p class='ocr_par' dir='ltr' id='par_1_39' title="bbox 435 2138 2008 2209">
     <span class='ocr_line' id='line_1_39' title="bbox 435 2138 2008 2209; baseline -0.007 -9"><span class='ocrx_word' id='word_1_292' title='bbox 435 2147 562 2201; x_wconf 88' lang='lat' dir='ltr'><strong>inde</strong></span> <span class='ocrx_word' id='word_1_293' title='bbox 591 2146 931 2199; x_wconf 79' lang='lat' dir='ltr'><strong>divinitatem</strong></span> <span class='ocrx_word' id='word_1_294' title='bbox 967 2151 1020 2198; x_wconf 93' lang='lat' dir='ltr'><strong>et</strong></span> <span class='ocrx_word' id='word_1_295' title='bbox 1063 2141 1462 2197; x_wconf 88' lang='lat' dir='ltr'><strong>humanitatem</strong></span> <span class='ocrx_word' id='word_1_296' title='bbox 1501 2140 1555 2193; x_wconf 89' lang='lat' dir='ltr'><strong>in</strong></span> <span class='ocrx_word' id='word_1_297' title='bbox 1587 2140 1704 2209; x_wconf 88' lang='lat' dir='ltr'><strong>ipso</strong></span> <span class='ocrx_word' id='word_1_298' title='bbox 1736 2147 1852 2206; x_wconf 88' lang='lat' dir='ltr'><strong>post</strong></span> <span class='ocrx_word' id='word_1_299' title='bbox 1883 2138 2008 2190; x_wconf 82' lang='lat' dir='ltr'><strong>uui-</strong></span> 
     </span>
    </p>
   </div>
   <div class='ocr_carea' id='block_1_40' title="bbox 436 2235 1012 2291">
    <p class='ocr_par' dir='ltr' id='par_1_40' title="bbox 436 2235 1012 2291">
     <span class='ocr_line' id='line_1_40' title="bbox 436 2235 1012 2291; baseline -0.009 0"><span class='ocrx_word' id='word_1_300' title='bbox 436 2239 637 2291; x_wconf 87' lang='lat' dir='ltr'><strong>tionem</strong></span> <span class='ocrx_word' id='word_1_301' title='bbox 663 2235 1012 2290; x_wconf 80' lang='lat' dir='ltr'><strong>confitemini.</strong></span> 
     </span>
    </p>
   </div>
   <div class='ocr_carea' id='block_1_41' title="bbox 507 2315 2006 2388">
    <p class='ocr_par' dir='ltr' id='par_1_41' title="bbox 507 2315 2006 2388">
     <span class='ocr_line' id='line_1_41' title="bbox 507 2315 2006 2388; baseline -0.005 -10"><span class='ocrx_word' id='word_1_302' title='bbox 507 2323 594 2378; x_wconf 87' lang='lat'><strong>60.</strong></span> <span class='ocrx_word' id='word_1_303' title='bbox 629 2323 760 2388; x_wconf 83' lang='lat' dir='ltr'><strong>Quae</strong></span> <span class='ocrx_word' id='word_1_304' title='bbox 795 2323 958 2378; x_wconf 91' lang='lat' dir='ltr'><strong>unius</strong></span> <span class='ocrx_word' id='word_1_305' title='bbox 983 2329 1191 2376; x_wconf 61' lang='lat' dir='ltr'><strong>natura</strong></span> <span class='ocrx_word' id='word_1_306' title='bbox 1221 2327 1371 2386; x_wconf 91' lang='lat' dir='ltr'><strong>sunt,</strong></span> <span class='ocrx_word' id='word_1_307' title='bbox 1403 2319 1647 2384; x_wconf 85' lang='lat' dir='ltr'><strong>easdem,</strong></span> <span class='ocrx_word' id='word_1_308' title='bbox 1675 2318 1826 2372; x_wconf 90' lang='lat' dir='ltr'><strong>nulla</strong></span> <span class='ocrx_word' id='word_1_309' title='bbox 1872 2315 2006 2371; x_wconf 80' lang='lat' dir='ltr'><strong>deii-</strong></span> 
     </span>
    </p>
   </div>
   <div class='ocr_carea' id='block_1_42' title="bbox 439 2404 2013 2476">
    <p class='ocr_par' dir='ltr' id='par_1_42' title="bbox 439 2404 2013 2476">
     <span class='ocr_line' id='line_1_42' title="bbox 439 2404 2013 2476; baseline -0.004 -11"><span class='ocrx_word' id='word_1_310' title='bbox 439 2413 637 2474; x_wconf 78' lang='lat' dir='ltr'><strong>ciente,</strong></span> <span class='ocrx_word' id='word_1_311' title='bbox 673 2411 1017 2465; x_wconf 90' lang='lat' dir='ltr'><strong>differentias</strong></span> <span class='ocrx_word' id='word_1_312' title='bbox 1039 2410 1336 2465; x_wconf 80' lang='lat' dir='ltr'><strong>habebunt.</strong></span> <span class='ocrx_word' id='word_1_313' title='bbox 1369 2407 1480 2463; x_wconf 87' lang='lat' dir='ltr'><strong>Nec</strong></span> <span class='ocrx_word' id='word_1_314' title='bbox 1503 2407 1672 2473; x_wconf 90' lang='lat' dir='ltr'><strong>enim,</strong></span> <span class='ocrx_word' id='word_1_315' title='bbox 1695 2406 1821 2476; x_wconf 91' lang='lat' dir='ltr'><strong>quia</strong></span> <span class='ocrx_word' id='word_1_316' title='bbox 1849 2404 2013 2458; x_wconf 90' lang='lat' dir='ltr'><strong>homo</strong></span> 
     </span>
    </p>
   </div>
   <div class='ocr_carea' id='block_1_43' title="bbox 443 2495 2014 2568">
    <p class='ocr_par' dir='ltr' id='par_1_43' title="bbox 443 2495 2014 2568">
     <span class='ocr_line' id='line_1_43' title="bbox 443 2495 2014 2568; baseline -0.006 -14"><span class='ocrx_word' id='word_1_317' title='bbox 443 2500 674 2556; x_wconf 89' lang='lat' dir='ltr'><strong>rationis</strong></span> <span class='ocrx_word' id='word_1_318' title='bbox 703 2500 975 2568; x_wconf 88' lang='lat' dir='ltr'><strong>particeps</strong></span> <span class='ocrx_word' id='word_1_319' title='bbox 995 2500 1088 2563; x_wconf 90' lang='lat' dir='ltr'><strong>sit,</strong></span> <span class='ocrx_word' id='word_1_320' title='bbox 1113 2509 1168 2553; x_wconf 89' lang='lat' dir='ltr'><strong>et</strong></span> <span class='ocrx_word' id='word_1_321' title='bbox 1206 2498 1433 2568; x_wconf 83' lang='lat' dir='ltr'><strong>angelus</strong></span> <span class='ocrx_word' id='word_1_322' title='bbox 1453 2497 1582 2552; x_wconf 88' lang='lat' dir='ltr'><strong>item</strong></span> <span class='ocrx_word' id='word_1_323' title='bbox 1606 2495 1882 2565; x_wconf 88' lang='lat' dir='ltr'><strong>particeps</strong></span> <span class='ocrx_word' id='word_1_324' title='bbox 1924 2506 2014 2546; x_wconf 90' lang='lat' dir='ltr'><strong>ra-</strong></span> 
     </span>
    </p>
   </div>
   <div class='ocr_carea' id='block_1_44' title="bbox 442 2583 2016 2656">
    <p class='ocr_par' dir='ltr' id='par_1_44' title="bbox 442 2583 2016 2656">
     <span class='ocr_line' id='line_1_44' title="bbox 442 2583 2016 2656; baseline -0.003 -15"><span class='ocrx_word' id='word_1_325' title='bbox 442 2588 630 2648; x_wconf 76' lang='lat' dir='ltr'><strong>tionis.</strong></span> <span class='ocrx_word' id='word_1_326' title='bbox 663 2587 870 2642; x_wconf 90' lang='lat' dir='ltr'><strong>ideirco</strong></span> <span class='ocrx_word' id='word_1_327' title='bbox 912 2602 1014 2640; x_wconf 90' lang='lat' dir='ltr'><strong>una</strong></span> <span class='ocrx_word' id='word_1_328' title='bbox 1055 2587 1228 2656; x_wconf 81' lang='lat' dir='ltr'><strong>angeli</strong></span> <span class='ocrx_word' id='word_1_329' title='bbox 1261 2595 1314 2640; x_wconf 90' lang='lat' dir='ltr'><strong>et</strong></span> <span class='ocrx_word' id='word_1_330' title='bbox 1359 2585 1598 2639; x_wconf 88' lang='lat' dir='ltr'><strong>hominis</strong></span> <span class='ocrx_word' id='word_1_331' title='bbox 1641 2592 1834 2636; x_wconf 84' lang='lat' dir='ltr'><strong>natura</strong></span> <span class='ocrx_word' id='word_1_332' title='bbox 1868 2583 2016 2636; x_wconf 85' lang='lat' dir='ltr'><strong>dice-</strong></span> 
     </span>
    </p>
   </div>
   <div class='ocr_carea' id='block_1_45' title="bbox 445 2675 2019 2747">
    <p class='ocr_par' dir='ltr' id='par_1_45' title="bbox 445 2675 2019 2747">
     <span class='ocr_line' id='line_1_45' title="bbox 445 2675 2019 2747; baseline -0.004 -15"><span class='ocrx_word' id='word_1_333' title='bbox 445 2691 557 2734; x_wconf 87' lang='lat' dir='ltr'><strong>tur.</strong></span> <span class='ocrx_word' id='word_1_334' title='bbox 590 2677 722 2732; x_wconf 79' lang='lat' dir='ltr'><strong>Nam</strong></span> <span class='ocrx_word' id='word_1_335' title='bbox 757 2679 985 2747; x_wconf 85' lang='lat' dir='ltr'><strong>angelus</strong></span> <span class='ocrx_word' id='word_1_336' title='bbox 1018 2676 1344 2730; x_wconf 87' lang='lat' dir='ltr'><strong>immortalis</strong></span> <span class='ocrx_word' id='word_1_337' title='bbox 1373 2677 1486 2740; x_wconf 86' lang='lat' dir='ltr'><strong>est’,</strong></span> <span class='ocrx_word' id='word_1_338' title='bbox 1509 2675 1668 2728; x_wconf 86' lang='lat' dir='ltr'><strong>homo</strong></span> <span class='ocrx_word' id='word_1_339' title='bbox 1705 2689 1832 2726; x_wconf 88' lang='lat' dir='ltr'><strong>vero</strong></span> <span class='ocrx_word' id='word_1_340' title='bbox 1870 2687 2019 2726; x_wconf 85' lang='lat' dir='ltr'><strong>mor-</strong></span> 
     </span>
    </p>
   </div>
   <div class='ocr_carea' id='block_1_46' title="bbox 447 2764 2019 2839">
    <p class='ocr_par' dir='ltr' id='par_1_46' title="bbox 447 2764 2019 2839">
     <span class='ocr_line' id='line_1_46' title="bbox 447 2764 2019 2839; baseline -0.003 -15"><span class='ocrx_word' id='word_1_341' title='bbox 447 2771 600 2834; x_wconf 76' lang='lat' dir='ltr'><strong>talis,</strong></span> <span class='ocrx_word' id='word_1_342' title='bbox 636 2785 738 2824; x_wconf 82' lang='lat' dir='ltr'><strong>nec</strong></span> <span class='ocrx_word' id='word_1_343' title='bbox 800 2785 898 2839; x_wconf 81' lang='lat' dir='ltr'><strong>per</strong></span> <span class='ocrx_word' id='word_1_344' title='bbox 955 2769 1139 2823; x_wconf 88' lang='lat' dir='ltr'><strong>omnia</strong></span> <span class='ocrx_word' id='word_1_345' title='bbox 1185 2769 1394 2825; x_wconf 86' lang='lat' dir='ltr'><strong>similes</strong></span> <span class='ocrx_word' id='word_1_346' title='bbox 1457 2776 1607 2823; x_wconf 90' lang='lat' dir='ltr'><strong>sunt.</strong></span> <span class='ocrx_word' id='word_1_347' title='bbox 1647 2768 1726 2821; x_wconf 87' lang='lat' dir='ltr'><strong>Ac</strong></span> <span class='ocrx_word' id='word_1_348' title='bbox 1770 2764 2019 2820; x_wconf 88' lang='lat' dir='ltr'><strong>mortalis</strong></span> 
     </span>
    </p>
   </div>
   <div class='ocr_carea' id='block_1_47' title="bbox 446 2857 2019 2932">
    <p class='ocr_par' dir='ltr' id='par_1_47' title="bbox 446 2857 2019 2932">
     <span class='ocr_line' id='line_1_47' title="bbox 446 2857 2019 2932; baseline -0.001 -18"><span class='ocrx_word' id='word_1_349' title='bbox 446 2861 664 2932; x_wconf 84' lang='lat' dir='ltr'><strong>quidem</strong></span> <span class='ocrx_word' id='word_1_350' title='bbox 698 2861 858 2915; x_wconf 89' lang='lat' dir='ltr'><strong>homo</strong></span> <span class='ocrx_word' id='word_1_351' title='bbox 881 2871 989 2927; x_wconf 89' lang='lat' dir='ltr'><strong>est,</strong></span> <span class='ocrx_word' id='word_1_352' title='bbox 1045 2861 1293 2916; x_wconf 88' lang='lat' dir='ltr'><strong>mortalis</strong></span> <span class='ocrx_word' id='word_1_353' title='bbox 1327 2874 1460 2916; x_wconf 91' lang='lat' dir='ltr'><strong>vero</strong></span> <span class='ocrx_word' id='word_1_354' title='bbox 1495 2860 1659 2915; x_wconf 89' lang='lat' dir='ltr'><strong>etiam</strong></span> <span class='ocrx_word' id='word_1_355' title='bbox 1694 2858 1851 2913; x_wconf 89' lang='lat' dir='ltr'><strong>cauis</strong></span> <span class='ocrx_word' id='word_1_356' title='bbox 1878 2873 1892 2910; x_wconf 75' lang='grc' dir='ltr'><strong>ε</strong></span> <span class='ocrx_word' id='word_1_357' title='bbox 1924 2857 2019 2912; x_wconf 89' lang='lat' dir='ltr'><strong>sed</strong></span> 
     </span>
    </p>
   </div>
   <div class='ocr_carea' id='block_1_48' title="bbox 448 2949 2019 3018">
    <p class='ocr_par' dir='ltr' id='par_1_48' title="bbox 448 2949 2019 3018">
     <span class='ocr_line' id='line_1_48' title="bbox 448 2949 2019 3018; baseline -0.002 -13"><span class='ocrx_word' id='word_1_358' title='bbox 448 2951 613 3007; x_wconf 91' lang='lat' dir='ltr'><strong>homo</strong></span> <span class='ocrx_word' id='word_1_359' title='bbox 643 2951 932 3008; x_wconf 78' lang='lat' dir='ltr'><strong>rationalis</strong></span> <span class='ocrx_word' id='word_1_360' title='bbox 982 2958 1087 3017; x_wconf 89' lang='lat' dir='ltr'><strong>est,</strong></span> <span class='ocrx_word' id='word_1_361' title='bbox 1117 2954 1270 3006; x_wconf 87' lang='lat' dir='ltr'><strong>canis</strong></span> <span class='ocrx_word' id='word_1_362' title='bbox 1308 2959 1487 3005; x_wconf 86' lang='lat' dir='ltr'><strong>autem</strong></span> <span class='ocrx_word' id='word_1_363' title='bbox 1526 2949 1759 3004; x_wconf 89' lang='lat' dir='ltr'><strong>rationis</strong></span> <span class='ocrx_word' id='word_1_364' title='bbox 1803 2963 2019 3018; x_wconf 79' lang='lat' dir='ltr'><strong>expers,</strong></span> 
     </span>
    </p>
   </div>
   <div class='ocr_carea' id='block_1_49' title="bbox 449 3041 2019 3113">
    <p class='ocr_par' dir='ltr' id='par_1_49' title="bbox 449 3041 2019 3113">
     <span class='ocr_line' id='line_1_49' title="bbox 449 3041 2019 3113; baseline -0.003 -16"><span class='ocrx_word' id='word_1_365' title='bbox 449 3051 614 3113; x_wconf 79' lang='lat' dir='ltr'><strong>atque</strong></span> <span class='ocrx_word' id='word_1_366' title='bbox 643 3043 718 3098; x_wconf 84' lang='lat' dir='ltr'><strong>ita</strong></span> <span class='ocrx_word' id='word_1_367' title='bbox 744 3057 849 3098; x_wconf 89' lang='lat' dir='ltr'><strong>non</strong></span> <span class='ocrx_word' id='word_1_368' title='bbox 881 3043 1043 3099; x_wconf 86' lang='lat' dir='ltr'><strong>unius</strong></span> <span class='ocrx_word' id='word_1_369' title='bbox 1071 3054 1278 3098; x_wconf 68' lang='lat' dir='ltr'><strong>natura:</strong></span> <span class='ocrx_word' id='word_1_370' title='bbox 1303 3055 1450 3100; x_wconf 87' lang='lat' dir='ltr'><strong>sttnt.</strong></span> <span class='ocrx_word' id='word_1_371' title='bbox 1469 3042 1704 3098; x_wconf 86' lang='lat' dir='ltr'><strong>Necesse</strong></span> <span class='ocrx_word' id='word_1_372' title='bbox 1728 3041 1893 3110; x_wconf 79' lang='lat' dir='ltr'><strong>igitur</strong></span> <span class='ocrx_word' id='word_1_373' title='bbox 1914 3047 2019 3104; x_wconf 89' lang='lat' dir='ltr'><strong>est,</strong></span> 
     </span>
    </p>
   </div>
   <div class='ocr_carea' id='block_1_50' title="bbox 451 3134 2020 3204">
    <p class='ocr_par' dir='ltr' id='par_1_50' title="bbox 451 3134 2020 3204">
     <span class='ocr_line' id='line_1_50' title="bbox 451 3134 2020 3204; baseline -0.003 -14"><span class='ocrx_word' id='word_1_374' title='bbox 451 3144 512 3190; x_wconf 90' lang='lat' dir='ltr'><strong>ut</strong></span> <span class='ocrx_word' id='word_1_375' title='bbox 539 3149 659 3204; x_wconf 71' lang='lat' dir='ltr'><strong>qua:</strong></span> <span class='ocrx_word' id='word_1_376' title='bbox 687 3137 852 3190; x_wconf 89' lang='lat' dir='ltr'><strong>unius</strong></span> <span class='ocrx_word' id='word_1_377' title='bbox 899 3135 1153 3190; x_wconf 78' lang='lat' dir='ltr'><strong>essentia:</strong></span> <span class='ocrx_word' id='word_1_378' title='bbox 1196 3145 1358 3198; x_wconf 91' lang='lat' dir='ltr'><strong>sunt,</strong></span> <span class='ocrx_word' id='word_1_379' title='bbox 1394 3136 1636 3201; x_wconf 89' lang='lat' dir='ltr'><strong>easdem,</strong></span> <span class='ocrx_word' id='word_1_380' title='bbox 1685 3135 1830 3188; x_wconf 89' lang='lat' dir='ltr'><strong>nulla</strong></span> <span class='ocrx_word' id='word_1_381' title='bbox 1887 3134 2020 3187; x_wconf 58' lang='lat' dir='ltr'><strong>delle</strong></span> 
     </span>
    </p>
   </div>
   <div class='ocr_carea' id='block_1_51' title="bbox 451 3221 2024 3292">
    <p class='ocr_par' dir='ltr' id='par_1_51' title="bbox 451 3221 2024 3292">
     <span class='ocr_line' id='line_1_51' title="bbox 451 3221 2024 3292; baseline -0.004 -11"><span class='ocrx_word' id='word_1_382' title='bbox 451 3225 660 3290; x_wconf 88' lang='lat' dir='ltr'><strong>ciente,</strong></span> <span class='ocrx_word' id='word_1_383' title='bbox 718 3223 1062 3281; x_wconf 77' lang='lat' dir='ltr'><strong>differentias</strong></span> <span class='ocrx_word' id='word_1_384' title='bbox 1117 3224 1442 3280; x_wconf 89' lang='lat' dir='ltr'><strong>essentiales</strong></span> <span class='ocrx_word' id='word_1_385' title='bbox 1491 3225 1749 3278; x_wconf 85' lang='lat' dir='ltr'><strong>habeant.</strong></span> <span class='ocrx_word' id='word_1_386' title='bbox 1805 3221 1863 3277; x_wconf 89' lang='lat' dir='ltr'><strong>Si</strong></span> <span class='ocrx_word' id='word_1_387' title='bbox 1895 3235 2024 3292; x_wconf 82' lang='lat' dir='ltr'><strong>ergo</strong></span> 
     </span>
    </p>
   </div>
   <div class='ocr_carea' id='block_1_52' title="bbox 453 3313 2026 3383">
    <p class='ocr_par' dir='ltr' id='par_1_52' title="bbox 453 3313 2026 3383">
     <span class='ocr_line' id='line_1_52' title="bbox 453 3313 2026 3383; baseline -0.004 -11"><span class='ocrx_word' id='word_1_388' title='bbox 453 3329 562 3372; x_wconf 84' lang='lat' dir='ltr'><strong>una</strong></span> <span class='ocrx_word' id='word_1_389' title='bbox 593 3318 832 3372; x_wconf 89' lang='lat' dir='ltr'><strong>essentia</strong></span> <span class='ocrx_word' id='word_1_390' title='bbox 854 3325 938 3372; x_wconf 87' lang='lat' dir='ltr'><strong>est</strong></span> <span class='ocrx_word' id='word_1_391' title='bbox 965 3316 1272 3371; x_wconf 86' lang='lat' dir='ltr'><strong>divinitatis</strong></span> <span class='ocrx_word' id='word_1_392' title='bbox 1324 3316 1516 3379; x_wconf 83' lang='lat' dir='ltr'><strong>Verbi,</strong></span> <span class='ocrx_word' id='word_1_393' title='bbox 1559 3315 1761 3370; x_wconf 64' lang='lat' dir='ltr'><strong>easdem</strong></span> <span class='ocrx_word' id='word_1_394' title='bbox 1808 3313 2026 3383; x_wconf 83' lang='lat' dir='ltr'><strong>penitus</strong></span> 
     </span>
    </p>
   </div>
   <div class='ocr_carea' id='block_1_53' title="bbox 453 3406 1544 3479">
    <p class='ocr_par' dir='ltr' id='par_1_53' title="bbox 453 3406 1544 3479">
     <span class='ocr_line' id='line_1_53' title="bbox 453 3406 1544 3479; baseline -0.005 -14"><span class='ocrx_word' id='word_1_395' title='bbox 453 3419 619 3465; x_wconf 84' lang='lat' dir='ltr'><strong>erunt</strong></span> <span class='ocrx_word' id='word_1_396' title='bbox 645 3411 932 3479; x_wconf 89' lang='lat' dir='ltr'><strong>utriusque</strong></span> <span class='ocrx_word' id='word_1_397' title='bbox 957 3419 1167 3463; x_wconf 68' lang='lat' dir='ltr'><strong>naturae</strong></span> <span class='ocrx_word' id='word_1_398' title='bbox 1196 3406 1544 3462; x_wconf 67' lang='lat' dir='ltr'><strong>differentiae.</strong></span> 
     </span>
    </p>
   </div>
   <div class='ocr_carea' id='block_1_54' title="bbox 526 3489 2028 3569">
    <p class='ocr_par' dir='ltr' id='par_1_54' title="bbox 526 3489 2028 3569">
     <span class='ocr_line' id='line_1_54' title="bbox 526 3489 2028 3569; baseline -0.003 -15"><span class='ocrx_word' id='word_1_399' title='bbox 526 3500 615 3554; x_wconf 88' lang='lat' dir='ltr'><strong>6i.</strong></span> <span class='ocrx_word' id='word_1_400' title='bbox 647 3499 702 3554; x_wconf 81' lang='lat' dir='ltr'><strong>Si</strong></span> <span class='ocrx_word' id='word_1_401' title='bbox 745 3515 808 3555; x_wconf 83' lang='lat' dir='ltr'><strong>ea</strong></span> <span class='ocrx_word' id='word_1_402' title='bbox 857 3515 924 3555; x_wconf 77' lang='lat' dir='ltr'><strong>es</strong></span> <span class='ocrx_word' id='word_1_403' title='bbox 952 3499 1152 3569; x_wconf 87' lang='lat' dir='ltr'><strong>quibus</strong></span> <span class='ocrx_word' id='word_1_404' title='bbox 1195 3497 1451 3552; x_wconf 86' lang='lat' dir='ltr'><strong>Christus</strong></span> <span class='ocrx_word' id='word_1_405' title='bbox 1492 3505 1596 3562; x_wconf 86' lang='lat' dir='ltr'><strong>est,</strong></span> <span class='ocrx_word' id='word_1_406' title='bbox 1641 3497 1698 3551; x_wconf 92' lang='lat' dir='ltr'><strong>in</strong></span> <span class='ocrx_word' id='word_1_407' title='bbox 1736 3489 1885 3566; x_wconf 53' lang='lat' dir='ltr'><strong>ipso&quot;</strong></span> <span class='ocrx_word' id='word_1_408' title='bbox 1918 3510 2028 3551; x_wconf 90' lang='lat' dir='ltr'><strong>non</strong></span> 
     </span>
    </p>
   </div>
   <div class='ocr_carea' id='block_1_55' title="bbox 456 3585 2031 3654">
    <p class='ocr_par' dir='ltr' id='par_1_55' title="bbox 456 3585 2031 3654">
     <span class='ocr_line' id='line_1_55' title="bbox 456 3585 2031 3654; baseline -0.004 -6"><span class='ocrx_word' id='word_1_409' title='bbox 456 3599 698 3654; x_wconf 75' lang='lat' dir='ltr'><strong>exstant,</strong></span> <span class='ocrx_word' id='word_1_410' title='bbox 733 3592 818 3647; x_wconf 90' lang='lat' dir='ltr'><strong>vel</strong></span> <span class='ocrx_word' id='word_1_411' title='bbox 859 3590 1114 3646; x_wconf 89' lang='lat' dir='ltr'><strong>interiere</strong></span> <span class='ocrx_word' id='word_1_412' title='bbox 1141 3629 1157 3654; x_wconf 94' lang='lat'><strong>,</strong></span> <span class='ocrx_word' id='word_1_413' title='bbox 1186 3591 1271 3644; x_wconf 83' lang='lat' dir='ltr'><strong>vel</strong></span> <span class='ocrx_word' id='word_1_414' title='bbox 1325 3597 1453 3646; x_wconf 90' lang='lat' dir='ltr'><strong>sunt</strong></span> <span class='ocrx_word' id='word_1_415' title='bbox 1522 3591 1576 3643; x_wconf 90' lang='lat' dir='ltr'><strong>in</strong></span> <span class='ocrx_word' id='word_1_416' title='bbox 1603 3589 1736 3644; x_wconf 88' lang='lat' dir='ltr'><strong>alio.</strong></span> <span class='ocrx_word' id='word_1_417' title='bbox 1796 3585 2031 3643; x_wconf 87' lang='lat' dir='ltr'><strong>Narrate</strong></span> 
     </span>
    </p>
   </div>
   <div class='ocr_carea' id='block_1_56' title="bbox 457 3683 735 3738">
    <p class='ocr_par' dir='ltr' id='par_1_56' title="bbox 457 3683 735 3738">
     <span class='ocr_line' id='line_1_56' title="bbox 457 3683 735 3738; baseline 0.007 -2"><span class='ocrx_word' id='word_1_418' title='bbox 457 3697 588 3738; x_wconf 87' lang='lat' dir='ltr'><strong>vero</strong></span> <span class='ocrx_word' id='word_1_419' title='bbox 619 3683 735 3738; x_wconf 91' lang='lat' dir='ltr'><strong>ubi.</strong></span> 
     </span>
    </p>
   </div>
   <div class='ocr_carea' id='block_1_57' title="bbox 530 3769 2034 3843">
    <p class='ocr_par' dir='ltr' id='par_1_57' title="bbox 530 3769 2034 3843">
     <span class='ocr_line' id='line_1_57' title="bbox 530 3769 2034 3843; baseline -0.002 -16"><span class='ocrx_word' id='word_1_420' title='bbox 530 3772 692 3842; x_wconf 67' lang='grc'><strong>412</strong></span> <span class='ocrx_word' id='word_1_421' title='bbox 727 3771 816 3824; x_wconf 72' lang='lat'><strong>62.</strong></span> <span class='ocrx_word' id='word_1_422' title='bbox 849 3770 906 3825; x_wconf 88' lang='lat' dir='ltr'><strong>Si</strong></span> <span class='ocrx_word' id='word_1_423' title='bbox 930 3772 985 3826; x_wconf 91' lang='lat' dir='ltr'><strong>in</strong></span> <span class='ocrx_word' id='word_1_424' title='bbox 1018 3772 1085 3828; x_wconf 91' lang='lat' dir='ltr'><strong>iis</strong></span> <span class='ocrx_word' id='word_1_425' title='bbox 1129 3789 1249 3843; x_wconf 71' lang='lat' dir='ltr'><strong>qua:</strong></span> <span class='ocrx_word' id='word_1_426' title='bbox 1289 3771 1531 3841; x_wconf 86' lang='lat' dir='ltr'><strong>ejusdem</strong></span> <span class='ocrx_word' id='word_1_427' title='bbox 1560 3769 1882 3825; x_wconf 75' lang='lat' dir='ltr'><strong>substantite</strong></span> <span class='ocrx_word' id='word_1_428' title='bbox 1920 3769 2034 3824; x_wconf 87' lang='lat' dir='ltr'><strong>sive</strong></span> 
     </span>
    </p>
   </div>
   <div class='ocr_carea' id='block_1_58' title="bbox 462 3860 2034 3924">
    <p class='ocr_par' dir='ltr' id='par_1_58' title="bbox 462 3860 2034 3924">
     <span class='ocr_line' id='line_1_58' title="bbox 462 3860 2034 3924; baseline -0.002 -9"><span class='ocrx_word' id='word_1_429' title='bbox 462 3861 715 3916; x_wconf 64' lang='lat' dir='ltr'><strong>essentia</strong></span> <span class='ocrx_word' id='word_1_430' title='bbox 745 3869 893 3924; x_wconf 88' lang='lat' dir='ltr'><strong>sunt,</strong></span> <span class='ocrx_word' id='word_1_431' title='bbox 927 3861 1056 3914; x_wconf 91' lang='lat' dir='ltr'><strong>dum</strong></span> <span class='ocrx_word' id='word_1_432' title='bbox 1093 3877 1202 3915; x_wconf 89' lang='lat' dir='ltr'><strong>una</strong></span> <span class='ocrx_word' id='word_1_433' title='bbox 1233 3870 1424 3915; x_wconf 88' lang='lat' dir='ltr'><strong>natura</strong></span> <span class='ocrx_word' id='word_1_434' title='bbox 1457 3861 1661 3915; x_wconf 87' lang='lat' dir='ltr'><strong>dicitur</strong></span> <span class='ocrx_word' id='word_1_435' title='bbox 1683 3903 1696 3924; x_wconf 86' lang='lat'><strong>,</strong></span> <span class='ocrx_word' id='word_1_436' title='bbox 1728 3860 1914 3914; x_wconf 90' lang='lat' dir='ltr'><strong>unitas</strong></span> <span class='ocrx_word' id='word_1_437' title='bbox 1937 3873 2034 3912; x_wconf 77' lang='lat' dir='ltr'><strong>na—</strong></span> 
     </span>
    </p>
   </div>
   <div class='ocr_carea' id='block_1_59' title="bbox 465 3945 2035 4018">
    <p class='ocr_par' dir='ltr' id='par_1_59' title="bbox 465 3945 2035 4018">
     <span class='ocr_line' id='line_1_59' title="bbox 465 3945 2035 4018; baseline 0.003 -19"><span class='ocrx_word' id='word_1_438' title='bbox 465 3956 604 4000; x_wconf 64' lang='lat' dir='ltr'><strong>turae</strong></span> <span class='ocrx_word' id='word_1_439' title='bbox 630 3945 963 4009; x_wconf 85' lang='lat' dir='ltr'><strong>declaratur,</strong></span> <span class='ocrx_word' id='word_1_440' title='bbox 1015 3955 1071 4001; x_wconf 90' lang='lat' dir='ltr'><strong>et</strong></span> <span class='ocrx_word' id='word_1_441' title='bbox 1107 3963 1214 4002; x_wconf 92' lang='lat' dir='ltr'><strong>non</strong></span> <span class='ocrx_word' id='word_1_442' title='bbox 1249 3949 1558 4017; x_wconf 84' lang='lat' dir='ltr'><strong>hypostasis</strong></span> <span class='ocrx_word' id='word_1_443' title='bbox 1586 3965 1600 4013; x_wconf 88' lang='lat'><strong>;</strong></span> <span class='ocrx_word' id='word_1_444' title='bbox 1630 3949 1851 4018; x_wconf 90' lang='lat' dir='ltr'><strong>quinam</strong></span> <span class='ocrx_word' id='word_1_445' title='bbox 1883 3949 1938 4002; x_wconf 91' lang='lat' dir='ltr'><strong>in</strong></span> <span class='ocrx_word' id='word_1_446' title='bbox 1969 3948 2035 4003; x_wconf 89' lang='lat' dir='ltr'><strong>iis</strong></span> 
     </span>
    </p>
   </div>
   <div class='ocr_carea' id='block_1_60' title="bbox 467 4037 2037 4106">
    <p class='ocr_par' dir='ltr' id='par_1_60' title="bbox 467 4037 2037 4106">
     <span class='ocr_line' id='line_1_60' title="bbox 467 4037 2037 4106; baseline 0.001 -14"><span class='ocrx_word' id='word_1_447' title='bbox 467 4053 590 4106; x_wconf 84' lang='lat' dir='ltr'><strong>quae</strong></span> <span class='ocrx_word' id='word_1_448' title='bbox 621 4037 870 4092; x_wconf 88' lang='lat' dir='ltr'><strong>diversas</strong></span> <span class='ocrx_word' id='word_1_449' title='bbox 897 4037 1168 4092; x_wconf 83' lang='lat' dir='ltr'><strong>essentias</strong></span> <span class='ocrx_word' id='word_1_450' title='bbox 1208 4037 1408 4092; x_wconf 88' lang='lat' dir='ltr'><strong>habent</strong></span> <span class='ocrx_word' id='word_1_451' title='bbox 1433 4077 1449 4102; x_wconf 95' lang='lat'><strong>,</strong></span> <span class='ocrx_word' id='word_1_452' title='bbox 1501 4045 1709 4094; x_wconf 70' lang='lat' dir='ltr'><strong>naturas</strong></span> <span class='ocrx_word' id='word_1_453' title='bbox 1738 4039 1858 4093; x_wconf 71' lang='lat' dir='ltr'><strong>duae</strong></span> <span class='ocrx_word' id='word_1_454' title='bbox 1883 4081 1897 4104; x_wconf 87' lang='lat'><strong>,</strong></span> <span class='ocrx_word' id='word_1_455' title='bbox 1926 4054 2037 4094; x_wconf 89' lang='lat' dir='ltr'><strong>non</strong></span> 
     </span>
    </p>
   </div>
   <div class='ocr_carea' id='block_1_61' title="bbox 468 4127 2039 4199">
    <p class='ocr_par' dir='ltr' id='par_1_61' title="bbox 468 4127 2039 4199">
     <span class='ocr_line' id='line_1_61' title="bbox 468 4127 2039 4199; baseline 0.006 -21"><span class='ocrx_word' id='word_1_456' title='bbox 468 4128 902 4183; x_wconf 69' lang='lat' dir='ltr'><strong>.ubstantiarum</strong></span> <span class='ocrx_word' id='word_1_457' title='bbox 927 4127 1243 4192; x_wconf 90' lang='lat' dir='ltr'><strong>discrimen,</strong></span> <span class='ocrx_word' id='word_1_458' title='bbox 1274 4128 1367 4183; x_wconf 83' lang='lat' dir='ltr'><strong>sed</strong></span> <span class='ocrx_word' id='word_1_459' title='bbox 1395 4128 1716 4198; x_wconf 85' lang='lat' dir='ltr'><strong>hypostases</strong></span> <span class='ocrx_word' id='word_1_460' title='bbox 1743 4128 2039 4199; x_wconf 89' lang='lat' dir='ltr'><strong>diremptas</strong></span> 
     </span>
    </p>
   </div>
   <div class='ocr_carea' id='block_1_62' title="bbox 470 4220 894 4292">
    <p class='ocr_par' dir='ltr' id='par_1_62' title="bbox 470 4220 894 4292">
     <span class='ocr_line' id='line_1_62' title="bbox 470 4220 894 4292; baseline -0.005 -18"><span class='ocrx_word' id='word_1_461' title='bbox 470 4220 894 4292; x_wconf 81' lang='lat' dir='ltr'><strong>significahttnt?</strong></span> 
     </span>
    </p>
   </div>
   <div class='ocr_carea' id='block_1_63' title="bbox 540 4308 2041 4380">
    <p class='ocr_par' dir='ltr' id='par_1_63' title="bbox 540 4308 2041 4380">
     <span class='ocr_line' id='line_1_63' title="bbox 540 4308 2041 4380; baseline -0.001 -13"><span class='ocrx_word' id='word_1_462' title='bbox 540 4314 626 4367; x_wconf 78' lang='grc'><strong>65.</strong></span> <span class='ocrx_word' id='word_1_463' title='bbox 665 4311 795 4377; x_wconf 75' lang='lat' dir='ltr'><strong>Qua:</strong></span> <span class='ocrx_word' id='word_1_464' title='bbox 846 4317 976 4364; x_wconf 82' lang='lat' dir='ltr'><strong>sunt</strong></span> <span class='ocrx_word' id='word_1_465' title='bbox 1036 4308 1105 4364; x_wconf 92' lang='lat' dir='ltr'><strong>ad</strong></span> <span class='ocrx_word' id='word_1_466' title='bbox 1181 4309 1422 4380; x_wconf 88' lang='lat' dir='ltr'><strong>aliquid,</strong></span> <span class='ocrx_word' id='word_1_467' title='bbox 1471 4325 1564 4365; x_wconf 89' lang='lat' dir='ltr'><strong>seu</strong></span> <span class='ocrx_word' id='word_1_468' title='bbox 1638 4310 1909 4376; x_wconf 81' lang='lat' dir='ltr'><strong>relativa,</strong></span> <span class='ocrx_word' id='word_1_469' title='bbox 1965 4313 2041 4366; x_wconf 89' lang='lat' dir='ltr'><strong>si-</strong></span> 
     </span>
    </p>
   </div>
   <div class='ocr_carea' id='block_1_64' title="bbox 2107 2058 3711 2138">
    <p class='ocr_par' dir='ltr' id='par_1_64' title="bbox 2107 2058 3711 2138">
     <span class='ocr_line' id='line_1_64' title="bbox 2107 2058 3711 2138; baseline -0.008 -17"><span class='ocrx_word' id='word_1_470' title='bbox 2107 2071 2166 2121; x_wconf 81' lang='grc' dir='ltr'>ὲν</span> <span class='ocrx_word' id='word_1_471' title='bbox 2214 2067 2291 2138; x_wconf 87' lang='grc' dir='ltr'>τῷ</span> <span class='ocrx_word' id='word_1_472' title='bbox 2342 2065 2560 2136; x_wconf 84' lang='grc' dir='ltr'>Χριστῷ</span> <span class='ocrx_word' id='word_1_473' title='bbox 2597 2065 2733 2134; x_wconf 79' lang='grc' dir='ltr'>μετὰ</span> <span class='ocrx_word' id='word_1_474' title='bbox 2760 2063 2858 2134; x_wconf 84' lang='grc' dir='ltr'><strong>τὴν</strong></span> <span class='ocrx_word' id='word_1_475' title='bbox 2883 2063 3081 2116; x_wconf 67' lang='grc' dir='ltr'>’ἕνωσιν</span> <span class='ocrx_word' id='word_1_476' title='bbox 3132 2061 3206 2130; x_wconf 84' lang='grc' dir='ltr'>μὴ</span> <span class='ocrx_word' id='word_1_477' title='bbox 3247 2059 3542 2127; x_wconf 80' lang='grc' dir='ltr'>λέγοντες,</span> <span class='ocrx_word' id='word_1_478' title='bbox 3586 2058 3711 2109; x_wconf 69' lang='grc' dir='ltr'>οὐδὲ</span> 
     </span>
    </p>
   </div>
   <div class='ocr_carea' id='block_1_65' title="bbox 2109 2152 3704 2234">
    <p class='ocr_par' dir='ltr' id='par_1_65' title="bbox 2109 2152 3704 2234">
     <span class='ocr_line' id='line_1_65' title="bbox 2109 2152 3704 2234; baseline -0.009 -17"><span class='ocrx_word' id='word_1_479' title='bbox 2109 2164 2338 2234; x_wconf 85' lang='grc' dir='ltr'>θεότητα</span> <span class='ocrx_word' id='word_1_480' title='bbox 2369 2163 2460 2215; x_wconf 74' lang='grc' dir='ltr'><strong>καὶ</strong></span> <span class='ocrx_word' id='word_1_481' title='bbox 2498 2159 2888 2231; x_wconf 74' lang='grc' dir='ltr'>ἀνθρωπότητα</span> <span class='ocrx_word' id='word_1_482' title='bbox 2919 2158 2976 2210; x_wconf 79' lang='grc' dir='ltr'>ὲν</span> <span class='ocrx_word' id='word_1_483' title='bbox 3009 2156 3157 2226; x_wconf 81' lang='grc' dir='ltr'>αύτῷ</span> <span class='ocrx_word' id='word_1_484' title='bbox 3193 2154 3329 2225; x_wconf 85' lang='grc' dir='ltr'>μετὰ</span> <span class='ocrx_word' id='word_1_485' title='bbox 3353 2153 3461 2223; x_wconf 80' lang='grc' dir='ltr'>τὴν</span> <span class='ocrx_word' id='word_1_486' title='bbox 3495 2152 3704 2204; x_wconf 72' lang='grc' dir='ltr'>ἕνωσιν</span> 
     </span>
    </p>
   </div>
   <div class='ocr_carea' id='block_1_66' title="bbox 2109 2255 2437 2326">
    <p class='ocr_par' dir='ltr' id='par_1_66' title="bbox 2109 2255 2437 2326">
     <span class='ocr_line' id='line_1_66' title="bbox 2109 2255 2437 2326; baseline -0.006 -18"><span class='ocrx_word' id='word_1_487' title='bbox 2109 2255 2230 2326; x_wconf 80' lang='grc' dir='ltr'>ὁμο)</span> <span class='ocrx_word' id='word_1_488' title='bbox 2243 2257 2437 2321; x_wconf 86' lang='grc' dir='ltr'>ογεῖτε.</span> 
     </span>
    </p>
   </div>
   <div class='ocr_carea' id='block_1_67' title="bbox 2183 2332 3709 2412">
    <p class='ocr_par' dir='ltr' id='par_1_67' title="bbox 2183 2332 3709 2412">
     <span class='ocr_line' id='line_1_67' title="bbox 2183 2332 3709 2412; baseline -0.01 -14"><span class='ocrx_word' id='word_1_489' title='bbox 2183 2343 2247 2410; x_wconf 79' lang='grc' dir='ltr'><strong>ξ’.</strong></span> <span class='ocrx_word' id='word_1_490' title='bbox 2272 2345 2352 2397; x_wconf 83' lang='grc' dir='ltr'><strong>Τὰ</strong></span> <span class='ocrx_word' id='word_1_491' title='bbox 2391 2344 2518 2412; x_wconf 80' lang='grc' dir='ltr'>μιᾶς</span> <span class='ocrx_word' id='word_1_492' title='bbox 2547 2341 2754 2403; x_wconf 83' lang='grc' dir='ltr'>οὐσίας,</span> <span class='ocrx_word' id='word_1_493' title='bbox 2782 2339 2880 2401; x_wconf 78' lang='grc' dir='ltr'>τὰς</span> <span class='ocrx_word' id='word_1_494' title='bbox 2915 2336 3082 2398; x_wconf 74' lang='grc' dir='ltr'>αὐτὰς</span> <span class='ocrx_word' id='word_1_495' title='bbox 3110 2334 3560 2405; x_wconf 76' lang='grc' dir='ltr'>ἁπαραλεὶπτως</span> <span class='ocrx_word' id='word_1_496' title='bbox 3594 2332 3709 2397; x_wconf 78' lang='grc' dir='ltr'>ἔξει</span> 
     </span>
    </p>
   </div>
   <div class='ocr_carea' id='block_1_68' title="bbox 2114 2425 3706 2504">
    <p class='ocr_par' dir='ltr' id='par_1_68' title="bbox 2114 2425 3706 2504">
     <span class='ocr_line' id='line_1_68' title="bbox 2114 2425 3706 2504; baseline -0.009 -16"><span class='ocrx_word' id='word_1_497' title='bbox 2114 2434 2396 2504; x_wconf 82' lang='grc' dir='ltr'>διαφοράς.</span> <span class='ocrx_word' id='word_1_498' title='bbox 2429 2431 2566 2485; x_wconf 76' lang='grc' dir='ltr'>Οὔτε</span> <span class='ocrx_word' id='word_1_499' title='bbox 2591 2432 2721 2499; x_wconf 80' lang='grc' dir='ltr'>γὰρ,</span> <span class='ocrx_word' id='word_1_500' title='bbox 2745 2427 2930 2498; x_wconf 74' lang='grc' dir='ltr'>ἐπειδὴ</span> <span class='ocrx_word' id='word_1_501' title='bbox 2959 2428 3171 2495; x_wconf 75' lang='grc' dir='ltr'>λογικὸς</span> <span class='ocrx_word' id='word_1_502' title='bbox 3199 2427 3226 2480; x_wconf 88' lang='grc' dir='ltr'><strong>ό</strong></span> <span class='ocrx_word' id='word_1_503' title='bbox 3264 2425 3590 2494; x_wconf 75' lang='grc' dir='ltr'>ἄνθρωπος,</span> <span class='ocrx_word' id='word_1_504' title='bbox 3611 2425 3706 2474; x_wconf 67' lang='grc' dir='ltr'>καὶ</span> 
     </span>
    </p>
   </div>
   <div class='ocr_carea' id='block_1_69' title="bbox 2115 2513 3703 2592">
    <p class='ocr_par' dir='ltr' id='par_1_69' title="bbox 2115 2513 3703 2592">
     <span class='ocr_line' id='line_1_69' title="bbox 2115 2513 3703 2592; baseline -0.008 -15"><span class='ocrx_word' id='word_1_505' title='bbox 2115 2525 2332 2592; x_wconf 84' lang='grc' dir='ltr'>λογικὸς</span> <span class='ocrx_word' id='word_1_506' title='bbox 2364 2527 2392 2576; x_wconf 89' lang='grc' dir='ltr'>ὁ</span> <span class='ocrx_word' id='word_1_507' title='bbox 2421 2522 2671 2591; x_wconf 69' lang='grc' dir='ltr'>ἄγγελος,</span> <span class='ocrx_word' id='word_1_508' title='bbox 2703 2519 2799 2590; x_wconf 89' lang='grc' dir='ltr'><strong>μία</strong></span> <span class='ocrx_word' id='word_1_509' title='bbox 2824 2519 2984 2587; x_wconf 88' lang='grc' dir='ltr'>φύσις</span> <span class='ocrx_word' id='word_1_510' title='bbox 3019 2518 3250 2584; x_wconf 76' lang='grc' dir='ltr'><strong>ἀγγέλου</strong></span> <span class='ocrx_word' id='word_1_511' title='bbox 3274 2517 3367 2569; x_wconf 78' lang='grc' dir='ltr'><strong>καὶ</strong></span> <span class='ocrx_word' id='word_1_512' title='bbox 3396 2513 3503 2568; x_wconf 80' lang='grc' dir='ltr'>ἀνθ</span> <span class='ocrx_word' id='word_1_513' title='bbox 3513 2513 3703 2592; x_wconf 63' lang='lat' dir='ltr'><strong>peiuro.»</strong></span> 
     </span>
    </p>
   </div>
   <div class='ocr_carea' id='block_1_70' title="bbox 2116 2591 3704 2685">
    <p class='ocr_par' dir='ltr' id='par_1_70' title="bbox 2116 2591 3704 2685">
     <span class='ocr_line' id='line_1_70' title="bbox 2116 2591 3704 2685; baseline -0.008 -17"><span class='ocrx_word' id='word_1_514' title='bbox 2116 2591 2457 2685; x_wconf 54' lang='grc' dir='ltr'>λεχθήσεται.</span> <span class='ocrx_word' id='word_1_515' title='bbox 2497 2613 2785 2674; x_wconf 73' lang='grc' dir='ltr'>Ἀθάνατος</span> <span class='ocrx_word' id='word_1_516' title='bbox 2827 2611 2936 2682; x_wconf 73' lang='grc' dir='ltr'>γὰρ</span> <span class='ocrx_word' id='word_1_517' title='bbox 2968 2611 2996 2662; x_wconf 86' lang='grc' dir='ltr'>ὁ</span> <span class='ocrx_word' id='word_1_518' title='bbox 3033 2608 3259 2676; x_wconf 76' lang='grc' dir='ltr'>ἄγγελος</span> <span class='ocrx_word' id='word_1_519' title='bbox 3285 2647 3299 2668; x_wconf 89' lang='grc'><strong>.</strong></span> <span class='ocrx_word' id='word_1_520' title='bbox 3340 2607 3550 2676; x_wconf 82' lang='grc' dir='ltr'>θνητὸς</span> <span class='ocrx_word' id='word_1_521' title='bbox 3583 2591 3641 2657; x_wconf 62' lang='grc' dir='ltr'>δξ</span> <span class='ocrx_word' id='word_1_522' title='bbox 3676 2605 3704 2656; x_wconf 64' lang='grc' dir='ltr'><strong>ὁ</strong></span> 
     </span>
    </p>
   </div>
   <div class='ocr_carea' id='block_1_71' title="bbox 2118 2696 3707 2776">
    <p class='ocr_par' dir='ltr' id='par_1_71' title="bbox 2118 2696 3707 2776">
     <span class='ocr_line' id='line_1_71' title="bbox 2118 2696 3707 2776; baseline -0.009 -16"><span class='ocrx_word' id='word_1_523' title='bbox 2118 2706 2439 2776; x_wconf 74' lang='grc' dir='ltr'>ἄνθρωπος,</span> <span class='ocrx_word' id='word_1_524' title='bbox 2467 2705 2562 2758; x_wconf 72' lang='grc' dir='ltr'>καὶ</span> <span class='ocrx_word' id='word_1_525' title='bbox 2603 2705 2664 2756; x_wconf 87' lang='grc' dir='ltr'><strong>ού</strong></span> <span class='ocrx_word' id='word_1_526' title='bbox 2713 2702 2890 2773; x_wconf 82' lang='grc' dir='ltr'>πάντη</span> <span class='ocrx_word' id='word_1_527' title='bbox 2946 2700 3044 2771; x_wconf 86' lang='grc' dir='ltr'><strong>τὴν</strong></span> <span class='ocrx_word' id='word_1_528' title='bbox 3096 2699 3352 2769; x_wconf 84' lang='grc' dir='ltr'>ὁμοίωσιν</span> <span class='ocrx_word' id='word_1_529' title='bbox 3402 2698 3547 2768; x_wconf 79' lang='grc' dir='ltr'>ἔχει.</span> <span class='ocrx_word' id='word_1_530' title='bbox 3591 2696 3707 2748; x_wconf 73' lang='grc' dir='ltr'>Καὶ</span> 
     </span>
    </p>
   </div>
   <div class='ocr_carea' id='block_1_72' title="bbox 2121 2786 3705 2866">
    <p class='ocr_par' dir='ltr' id='par_1_72' title="bbox 2121 2786 3705 2866">
     <span class='ocr_line' id='line_1_72' title="bbox 2121 2786 3705 2866; baseline -0.008 -17"><span class='ocrx_word' id='word_1_531' title='bbox 2121 2795 2314 2866; x_wconf 79' lang='grc' dir='ltr'>θνητὸς</span> <span class='ocrx_word' id='word_1_532' title='bbox 2347 2796 2446 2865; x_wconf 79' lang='grc' dir='ltr'>μὲν</span> <span class='ocrx_word' id='word_1_533' title='bbox 2475 2795 2504 2847; x_wconf 85' lang='grc' dir='ltr'><strong>ὁ</strong></span> <span class='ocrx_word' id='word_1_534' title='bbox 2527 2794 2831 2862; x_wconf 76' lang='grc' dir='ltr'>ἄνθρωπος.</span> <span class='ocrx_word' id='word_1_535' title='bbox 2857 2790 3050 2861; x_wconf 76' lang='grc' dir='ltr'>θνητὸς</span> <span class='ocrx_word' id='word_1_536' title='bbox 3087 2789 3145 2843; x_wconf 85' lang='grc' dir='ltr'>δὲ</span> <span class='ocrx_word' id='word_1_537' title='bbox 3179 2791 3275 2843; x_wconf 75' lang='grc' dir='ltr'>καὶ</span> <span class='ocrx_word' id='word_1_538' title='bbox 3301 2791 3329 2842; x_wconf 86' lang='grc' dir='ltr'>ὁ</span> <span class='ocrx_word' id='word_1_539' title='bbox 3353 2791 3509 2841; x_wconf 82' lang='grc' dir='ltr'>κύων</span> <span class='ocrx_word' id='word_1_540' title='bbox 3530 2805 3545 2817; x_wconf 88' lang='grc'><strong>·</strong></span> <span class='ocrx_word' id='word_1_541' title='bbox 3567 2786 3705 2838; x_wconf 77' lang='grc' dir='ltr'>ἀλλὰ</span> 
     </span>
    </p>
   </div>
   <div class='ocr_carea' id='block_1_73' title="bbox 2121 2874 3705 2956">
    <p class='ocr_par' dir='ltr' id='par_1_73' title="bbox 2121 2874 3705 2956">
     <span class='ocr_line' id='line_1_73' title="bbox 2121 2874 3705 2956; baseline -0.009 -17"><span class='ocrx_word' id='word_1_542' title='bbox 2121 2885 2333 2956; x_wconf 81' lang='grc' dir='ltr'>λογικὸς</span> <span class='ocrx_word' id='word_1_543' title='bbox 2367 2887 2466 2954; x_wconf 82' lang='grc' dir='ltr'><strong>μὲν</strong></span> <span class='ocrx_word' id='word_1_544' title='bbox 2494 2885 2522 2937; x_wconf 84' lang='grc' dir='ltr'>ὁ</span> <span class='ocrx_word' id='word_1_545' title='bbox 2549 2883 2852 2953; x_wconf 79' lang='grc' dir='ltr'>ἄνθρωπος,</span> <span class='ocrx_word' id='word_1_546' title='bbox 2876 2883 2904 2934; x_wconf 88' lang='grc' dir='ltr'><strong>ὁ</strong></span> <span class='ocrx_word' id='word_1_547' title='bbox 2949 2880 3007 2933; x_wconf 82' lang='grc' dir='ltr'>δὲ</span> <span class='ocrx_word' id='word_1_548' title='bbox 3047 2879 3194 2932; x_wconf 84' lang='grc' dir='ltr'>κύων</span> <span class='ocrx_word' id='word_1_549' title='bbox 3231 2877 3424 2945; x_wconf 76' lang='grc' dir='ltr'>ἄλογος</span> <span class='ocrx_word' id='word_1_550' title='bbox 3451 2917 3467 2941; x_wconf 84' lang='grc'><strong>,</strong></span> <span class='ocrx_word' id='word_1_551' title='bbox 3494 2877 3595 2929; x_wconf 70' lang='grc' dir='ltr'><strong>καὶ</strong></span> <span class='ocrx_word' id='word_1_552' title='bbox 3641 2874 3705 2925; x_wconf 74' lang='grc' dir='ltr'>οὗ</span> 
     </span>
    </p>
   </div>
   <div class='ocr_carea' id='block_1_74' title="bbox 2127 2963 3702 3048">
    <p class='ocr_par' dir='ltr' id='par_1_74' title="bbox 2127 2963 3702 3048">
     <span class='ocr_line' id='line_1_74' title="bbox 2127 2963 3702 3048; baseline -0.009 -20"><span class='ocrx_word' id='word_1_553' title='bbox 2127 2978 2253 3048; x_wconf 78' lang='grc' dir='ltr'>μιᾶς</span> <span class='ocrx_word' id='word_1_554' title='bbox 2305 2976 2538 3044; x_wconf 84' lang='grc' dir='ltr'>φύσεως.</span> <span class='ocrx_word' id='word_1_555' title='bbox 2586 2972 2824 3042; x_wconf 80' lang='grc' dir='ltr'>Ἀνάγκη</span> <span class='ocrx_word' id='word_1_556' title='bbox 2864 2970 3046 3024; x_wconf 78' lang='grc' dir='ltr'>τοίνυν</span> <span class='ocrx_word' id='word_1_557' title='bbox 3088 2970 3156 3023; x_wconf 77' lang='grc' dir='ltr'>τὰ</span> <span class='ocrx_word' id='word_1_558' title='bbox 3197 2969 3325 3038; x_wconf 77' lang='grc' dir='ltr'>μιᾶς</span> <span class='ocrx_word' id='word_1_559' title='bbox 3357 2967 3577 3029; x_wconf 71' lang='grc' dir='ltr'>οὐσίας,</span> <span class='ocrx_word' id='word_1_560' title='bbox 3603 2963 3702 3024; x_wconf 76' lang='grc' dir='ltr'>τὰς</span> 
     </span>
    </p>
   </div>
   <div class='ocr_carea' id='block_1_75' title="bbox 2125 3051 3703 3134">
    <p class='ocr_par' dir='ltr' id='par_1_75' title="bbox 2125 3051 3703 3134">
     <span class='ocr_line' id='line_1_75' title="bbox 2125 3051 3703 3134; baseline -0.01 -17"><span class='ocrx_word' id='word_1_561' title='bbox 2125 3064 2291 3126; x_wconf 83' lang='grc' dir='ltr'>αὑτὰς</span> <span class='ocrx_word' id='word_1_562' title='bbox 2335 3061 2756 3134; x_wconf 77' lang='grc' dir='ltr'>ἀπαραλείπτως</span> <span class='ocrx_word' id='word_1_563' title='bbox 2795 3058 2941 3128; x_wconf 76' lang='grc' dir='ltr'>ἔχειν</span> <span class='ocrx_word' id='word_1_564' title='bbox 2985 3057 3264 3120; x_wconf 81' lang='grc' dir='ltr'>οὐσιῶδεις</span> <span class='ocrx_word' id='word_1_565' title='bbox 3310 3055 3606 3126; x_wconf 78' lang='grc' dir='ltr'>διαφοράς.</span> <span class='ocrx_word' id='word_1_566' title='bbox 3640 3051 3703 3104; x_wconf 68' lang='lat' dir='ltr'><strong>Et</strong></span> 
     </span>
    </p>
   </div>
   <div class='ocr_carea' id='block_1_76' title="bbox 2125 3139 3700 3224">
    <p class='ocr_par' dir='ltr' id='par_1_76' title="bbox 2125 3139 3700 3224">
     <span class='ocr_line' id='line_1_76' title="bbox 2125 3139 3700 3224; baseline -0.01 -16"><span class='ocrx_word' id='word_1_567' title='bbox 2125 3154 2302 3208; x_wconf 79' lang='grc' dir='ltr'>τοίνυν</span> <span class='ocrx_word' id='word_1_568' title='bbox 2345 3155 2442 3224; x_wconf 87' lang='grc' dir='ltr'><strong>μία</strong></span> <span class='ocrx_word' id='word_1_569' title='bbox 2487 3151 2645 3205; x_wconf 78' lang='grc' dir='ltr'>οὐσία</span> <span class='ocrx_word' id='word_1_570' title='bbox 2688 3150 2789 3218; x_wconf 84' lang='grc' dir='ltr'>τῆς</span> <span class='ocrx_word' id='word_1_571' title='bbox 2832 3149 2926 3202; x_wconf 84' lang='grc' dir='ltr'><strong>τοῦ</strong></span> <span class='ocrx_word' id='word_1_572' title='bbox 2957 3146 3089 3201; x_wconf 85' lang='grc' dir='ltr'><strong>Θεοῦ</strong></span> <span class='ocrx_word' id='word_1_573' title='bbox 3113 3146 3283 3215; x_wconf 86' lang='grc' dir='ltr'>Λόγου</span> <span class='ocrx_word' id='word_1_574' title='bbox 3316 3146 3578 3215; x_wconf 83' lang='grc' dir='ltr'>θεότητος</span> <span class='ocrx_word' id='word_1_575' title='bbox 3610 3139 3700 3194; x_wconf 75' lang='grc' dir='ltr'>καὶ</span> 
     </span>
    </p>
   </div>
   <div class='ocr_carea' id='block_1_77' title="bbox 2124 3235 3701 3314">
    <p class='ocr_par' dir='ltr' id='par_1_77' title="bbox 2124 3235 3701 3314">
     <span class='ocr_line' id='line_1_77' title="bbox 2124 3235 3701 3314; baseline -0.006 -19"><span class='ocrx_word' id='word_1_576' title='bbox 2124 3244 2220 3314; x_wconf 84' lang='grc' dir='ltr'>τῆς</span> <span class='ocrx_word' id='word_1_577' title='bbox 2249 3243 2448 3312; x_wconf 78' lang='grc' dir='ltr'>σαρκὸς</span> <span class='ocrx_word' id='word_1_578' title='bbox 2476 3240 2659 3302; x_wconf 80' lang='grc' dir='ltr'>αὑτοῦ,</span> <span class='ocrx_word' id='word_1_579' title='bbox 2685 3240 2738 3293; x_wconf 88' lang='grc' dir='ltr'><strong>αί</strong></span> <span class='ocrx_word' id='word_1_580' title='bbox 2769 3236 2929 3292; x_wconf 75' lang='grc' dir='ltr'>αὐταὶ</span> <span class='ocrx_word' id='word_1_581' title='bbox 2961 3238 3214 3310; x_wconf 77' lang='grc' dir='ltr'>διαφοραὶ</span> <span class='ocrx_word' id='word_1_582' title='bbox 3233 3237 3438 3307; x_wconf 80' lang='grc' dir='ltr'>ἀμφοῖν</span> <span class='ocrx_word' id='word_1_583' title='bbox 3478 3235 3701 3302; x_wconf 76' lang='grc' dir='ltr'>ἀπαρα-</span> 
     </span>
    </p>
   </div>
   <div class='ocr_carea' id='block_1_78' title="bbox 2124 3333 2613 3396">
    <p class='ocr_par' dir='ltr' id='par_1_78' title="bbox 2124 3333 2613 3396">
     <span class='ocr_line' id='line_1_78' title="bbox 2124 3333 2613 3396; baseline 0 -10"><span class='ocrx_word' id='word_1_584' title='bbox 2124 3335 2356 3396; x_wconf 86' lang='grc' dir='ltr'>λείπτως</span> <span class='ocrx_word' id='word_1_585' title='bbox 2378 3333 2613 3387; x_wconf 69' lang='grc' dir='ltr'>ἔσονται.</span> 
     </span>
    </p>
   </div>
   <div class='ocr_carea' id='block_1_79' title="bbox 2200 3496 3696 3573">
    <p class='ocr_par' dir='ltr' id='par_1_79' title="bbox 2200 3496 3696 3573">
     <span class='ocr_line' id='line_1_79' title="bbox 2200 3496 3696 3573; baseline -0.007 -13"><span class='ocrx_word' id='word_1_586' title='bbox 2200 3507 2301 3572; x_wconf 71' lang='grc' dir='ltr'><strong>ξεί.</strong></span> <span class='ocrx_word' id='word_1_587' title='bbox 2324 3507 2387 3560; x_wconf 85' lang='grc' dir='ltr'>Εἰ</span> <span class='ocrx_word' id='word_1_588' title='bbox 2421 3506 2490 3560; x_wconf 81' lang='grc' dir='ltr'>τὰ</span> <span class='ocrx_word' id='word_1_589' title='bbox 2536 3505 2596 3570; x_wconf 73' lang='grc' dir='ltr'>ἐξ</span> <span class='ocrx_word' id='word_1_590' title='bbox 2640 3497 2716 3559; x_wconf 82' lang='grc' dir='ltr'>ὧν</span> <span class='ocrx_word' id='word_1_591' title='bbox 2743 3502 2772 3556; x_wconf 82' lang='grc' dir='ltr'><strong>ὁ</strong></span> <span class='ocrx_word' id='word_1_592' title='bbox 2802 3502 3070 3573; x_wconf 82' lang='grc' dir='ltr'>Χριστὸς,</span> <span class='ocrx_word' id='word_1_593' title='bbox 3103 3501 3178 3570; x_wconf 80' lang='grc' dir='ltr'>μὴ</span> <span class='ocrx_word' id='word_1_594' title='bbox 3219 3503 3278 3553; x_wconf 83' lang='grc' dir='ltr'>ὲν</span> <span class='ocrx_word' id='word_1_595' title='bbox 3306 3497 3491 3569; x_wconf 81' lang='grc' dir='ltr'>αὐτῷ,</span> <span class='ocrx_word' id='word_1_596' title='bbox 3519 3499 3553 3568; x_wconf 79' lang='grc' dir='ltr'>ἢ</span> <span class='ocrx_word' id='word_1_597' title='bbox 3591 3496 3696 3550; x_wconf 76' lang='grc' dir='ltr'><strong>ᾶπ-</strong></span> 
     </span>
    </p>
   </div>
   <div class='ocr_carea' id='block_1_80' title="bbox 2130 3594 3271 3670">
    <p class='ocr_par' dir='ltr' id='par_1_80' title="bbox 2130 3594 3271 3670">
     <span class='ocr_line' id='line_1_80' title="bbox 2130 3594 3271 3670; baseline -0.005 -19"><span class='ocrx_word' id='word_1_598' title='bbox 2130 3597 2345 3664; x_wconf 85' lang='grc' dir='ltr'>ὡλοντο,</span> <span class='ocrx_word' id='word_1_599' title='bbox 2374 3599 2411 3670; x_wconf 76' lang='grc' dir='ltr'>ἢ</span> <span class='ocrx_word' id='word_1_600' title='bbox 2436 3600 2492 3652; x_wconf 79' lang='grc' dir='ltr'>ὲν</span> <span class='ocrx_word' id='word_1_601' title='bbox 2514 3595 2686 3666; x_wconf 77' lang='grc' dir='ltr'>ἑτέρῳ</span> <span class='ocrx_word' id='word_1_602' title='bbox 2708 3611 2721 3625; x_wconf 94' lang='grc'><strong>·</strong></span> <span class='ocrx_word' id='word_1_603' title='bbox 2748 3596 2842 3649; x_wconf 71' lang='grc' dir='ltr'><strong>καὶ</strong></span> <span class='ocrx_word' id='word_1_604' title='bbox 2869 3594 2971 3649; x_wconf 76' lang='grc' dir='ltr'><strong>πού</strong></span> <span class='ocrx_word' id='word_1_605' title='bbox 3001 3634 3015 3660; x_wconf 92' lang='grc'><strong>,</strong></span> <span class='ocrx_word' id='word_1_606' title='bbox 3043 3594 3271 3660; x_wconf 81' lang='grc' dir='ltr'>δείξατε.</span> 
     </span>
    </p>
   </div>
   <div class='ocr_carea' id='block_1_81' title="bbox 2203 3764 3694 3846">
    <p class='ocr_par' dir='ltr' id='par_1_81' title="bbox 2203 3764 3694 3846">
     <span class='ocr_line' id='line_1_81' title="bbox 2203 3764 3694 3846; baseline 0.003 -18"><span class='ocrx_word' id='word_1_607' title='bbox 2203 3776 2299 3846; x_wconf 49' lang='lat' dir='ltr'><strong>est.</strong></span> <span class='ocrx_word' id='word_1_608' title='bbox 2337 3776 2404 3829; x_wconf 80' lang='lat' dir='ltr'><strong>Et</strong></span> <span class='ocrx_word' id='word_1_609' title='bbox 2433 3774 2659 3828; x_wconf 76' lang='grc' dir='ltr'>ἐπὶτῶν</span> <span class='ocrx_word' id='word_1_610' title='bbox 2687 3773 2987 3844; x_wconf 81' lang='grc' dir='ltr'>ὁμοουσίων</span> <span class='ocrx_word' id='word_1_611' title='bbox 3018 3772 3052 3841; x_wconf 74' lang='grc' dir='ltr'><strong>ἡ</strong></span> <span class='ocrx_word' id='word_1_612' title='bbox 3089 3770 3186 3839; x_wconf 88' lang='grc' dir='ltr'><strong>μία</strong></span> <span class='ocrx_word' id='word_1_613' title='bbox 3213 3769 3376 3837; x_wconf 81' lang='grc' dir='ltr'>φύσις</span> <span class='ocrx_word' id='word_1_614' title='bbox 3401 3764 3694 3836; x_wconf 75' lang='grc' dir='ltr'>λεγομένης</span> 
     </span>
    </p>
   </div>
   <div class='ocr_carea' id='block_1_82' title="bbox 2134 3849 3703 3934">
    <p class='ocr_par' dir='ltr' id='par_1_82' title="bbox 2134 3849 3703 3934">
     <span class='ocr_line' id='line_1_82' title="bbox 2134 3849 3703 3934; baseline -0.005 -17"><span class='ocrx_word' id='word_1_615' title='bbox 2134 3864 2436 3934; x_wconf 87' lang='grc' dir='ltr'>ταυτότητα</span> <span class='ocrx_word' id='word_1_616' title='bbox 2492 3863 2729 3932; x_wconf 86' lang='grc' dir='ltr'>φύσεως,</span> <span class='ocrx_word' id='word_1_617' title='bbox 2773 3861 2870 3930; x_wconf 81' lang='grc' dir='ltr'>οὐχ</span> <span class='ocrx_word' id='word_1_618' title='bbox 2931 3857 3303 3921; x_wconf 83' lang='grc' dir='ltr'>ὑποστάσεως,</span> <span class='ocrx_word' id='word_1_619' title='bbox 3350 3854 3539 3924; x_wconf 85' lang='grc' dir='ltr'>δηλοῖ,</span> <span class='ocrx_word' id='word_1_620' title='bbox 3587 3849 3703 3909; x_wconf 83' lang='grc' dir='ltr'><strong>πῶς</strong></span> 
     </span>
    </p>
   </div>
   <div class='ocr_carea' id='block_1_83' title="bbox 2138 3942 3704 4026">
    <p class='ocr_par' dir='ltr' id='par_1_83' title="bbox 2138 3942 3704 4026">
     <span class='ocr_line' id='line_1_83' title="bbox 2138 3942 3704 4026; baseline -0.01 -16"><span class='ocrx_word' id='word_1_621' title='bbox 2138 3957 2231 4010; x_wconf 74' lang='grc' dir='ltr'><strong>ἐπὶ</strong></span> <span class='ocrx_word' id='word_1_622' title='bbox 2279 3955 2386 4009; x_wconf 84' lang='grc' dir='ltr'><strong>τῶν</strong></span> <span class='ocrx_word' id='word_1_623' title='bbox 2419 3953 2800 4026; x_wconf 80' lang='grc' dir='ltr'>ὲτεροουσίων,</span> <span class='ocrx_word' id='word_1_624' title='bbox 2837 3952 2890 4003; x_wconf 80' lang='grc' dir='ltr'>αἱ</span> <span class='ocrx_word' id='word_1_625' title='bbox 2923 3949 3016 4002; x_wconf 88' lang='grc' dir='ltr'><strong>δύο</strong></span> <span class='ocrx_word' id='word_1_626' title='bbox 3045 3947 3267 4016; x_wconf 87' lang='grc' dir='ltr'>φύσεις,</span> <span class='ocrx_word' id='word_1_627' title='bbox 3301 3945 3362 3998; x_wconf 84' lang='grc' dir='ltr'><strong>ού</strong></span> <span class='ocrx_word' id='word_1_628' title='bbox 3417 3943 3481 3996; x_wconf 80' lang='grc' dir='ltr'>τὸ</span> <span class='ocrx_word' id='word_1_629' title='bbox 3517 3942 3704 4007; x_wconf 69' lang='grc' dir='ltr'>διάφοσ</span> 
     </span>
    </p>
   </div>
   <div class='ocr_carea' id='block_1_84' title="bbox 2140 4032 3701 4120">
    <p class='ocr_par' dir='ltr' id='par_1_84' title="bbox 2140 4032 3701 4120">
     <span class='ocr_line' id='line_1_84' title="bbox 2140 4032 3701 4120; baseline -0.012 -19"><span class='ocrx_word' id='word_1_630' title='bbox 2140 4061 2232 4120; x_wconf 90' lang='grc' dir='ltr'><strong>ρον</strong></span> <span class='ocrx_word' id='word_1_631' title='bbox 2276 4047 2384 4099; x_wconf 84' lang='grc' dir='ltr'>τῶν</span> <span class='ocrx_word' id='word_1_632' title='bbox 2419 4045 2648 4107; x_wconf 78' lang='grc' dir='ltr'>οὐσιῶν,</span> <span class='ocrx_word' id='word_1_633' title='bbox 2681 4042 2793 4098; x_wconf 83' lang='grc' dir='ltr'>ἀλλ’</span> <span class='ocrx_word' id='word_1_634' title='bbox 2839 4039 3189 4094; x_wconf 77' lang='grc' dir='ltr'>ὑποστάσεων</span> <span class='ocrx_word' id='word_1_635' title='bbox 3237 4033 3469 4105; x_wconf 78' lang='grc' dir='ltr'>δηλώσει</span> <span class='ocrx_word' id='word_1_636' title='bbox 3500 4032 3701 4102; x_wconf 75' lang='grc' dir='ltr'><strong>διιιίρε⁸</strong></span> 
     </span>
    </p>
   </div>
   <div class='ocr_carea' id='block_1_85' title="bbox 2141 4156 2272 4204">
    <p class='ocr_par' dir='ltr' id='par_1_85' title="bbox 2141 4156 2272 4204">
     <span class='ocr_line' id='line_1_85' title="bbox 2141 4156 2272 4204; baseline 0.008 -13"><span class='ocrx_word' id='word_1_637' title='bbox 2141 4157 2225 4192; x_wconf 91' lang='grc' dir='ltr'><strong>σιν</strong></span> <span class='ocrx_word' id='word_1_638' title='bbox 2257 4156 2272 4204; x_wconf 85' lang='grc'><strong>;</strong></span> 
     </span>
    </p>
   </div>
   <div class='ocr_carea' id='block_1_86' title="bbox 2212 4302 3703 4386">
    <p class='ocr_par' dir='ltr' id='par_1_86' title="bbox 2212 4302 3703 4386">
     <span class='ocr_line' id='line_1_86' title="bbox 2212 4302 3703 4386; baseline -0.022 -5"><span class='ocrx_word' id='word_1_639' title='bbox 2212 4317 2311 4385; x_wconf 84' lang='grc' dir='ltr'>ξγ’.</span> <span class='ocrx_word' id='word_1_640' title='bbox 2342 4317 2423 4370; x_wconf 81' lang='grc' dir='ltr'><strong>Τὰ</strong></span> <span class='ocrx_word' id='word_1_641' title='bbox 2456 4316 2588 4386; x_wconf 84' lang='grc' dir='ltr'>πρός</span> <span class='ocrx_word' id='word_1_642' title='bbox 2631 4330 2684 4368; x_wconf 85' lang='grc' dir='ltr'><strong>τι</strong></span> <span class='ocrx_word' id='word_1_643' title='bbox 2735 4313 2879 4382; x_wconf 75' lang='grc' dir='ltr'>ἅμα,</span> <span class='ocrx_word' id='word_1_644' title='bbox 2909 4311 3002 4365; x_wconf 78' lang='grc' dir='ltr'>καὶ</span> <span class='ocrx_word' id='word_1_645' title='bbox 3045 4309 3135 4364; x_wconf 73' lang='grc' dir='ltr'><strong>ἀεὶ</strong></span> <span class='ocrx_word' id='word_1_646' title='bbox 3164 4309 3318 4364; x_wconf 69' lang='grc' dir='ltr'>ἅμα·</span> <span class='ocrx_word' id='word_1_647' title='bbox 3347 4305 3380 4371; x_wconf 83' lang='grc' dir='ltr'><strong>ἡ</strong></span> <span class='ocrx_word' id='word_1_648' title='bbox 3413 4305 3470 4355; x_wconf 83' lang='grc' dir='ltr'>δὲ</span> <span class='ocrx_word' id='word_1_649' title='bbox 3519 4302 3703 4358; x_wconf 76' lang='grc' dir='ltr'>ἓνωσις</span> 
     </span>
    </p>
   </div>
   <div class='ocr_carea' id='block_1_87' title="bbox 471 4391 2027 4489">
    <p class='ocr_par' dir='ltr' id='par_1_87' title="bbox 471 4403 2027 4476">
     <span class='ocr_line' id='line_1_87' title="bbox 471 4403 2027 4476; baseline 0 -20"><span class='ocrx_word' id='word_1_650' title='bbox 471 4404 620 4466; x_wconf 86' lang='lat' dir='ltr'><strong>tnui,</strong></span> <span class='ocrx_word' id='word_1_651' title='bbox 687 4419 1011 4476; x_wconf 88' lang='lat' dir='ltr'><strong>semperque</strong></span> <span class='ocrx_word' id='word_1_652' title='bbox 1080 4405 1246 4461; x_wconf 87' lang='lat' dir='ltr'><strong>simul</strong></span> <span class='ocrx_word' id='word_1_653' title='bbox 1314 4411 1459 4459; x_wconf 84' lang='lat' dir='ltr'><strong>sunt.</strong></span> <span class='ocrx_word' id='word_1_654' title='bbox 1537 4403 1684 4459; x_wconf 90' lang='lat' dir='ltr'><strong>Unio</strong></span> <span class='ocrx_word' id='word_1_655' title='bbox 1749 4417 1920 4463; x_wconf 82' lang='lat' dir='ltr'><strong>vero,</strong></span> <span class='ocrx_word' id='word_1_656' title='bbox 1987 4413 2027 4457; x_wconf 80' lang='lat' dir='ltr'><strong>et</strong></span> 
     </span>
    </p>
   </div>
   <div class='ocr_carea' id='block_1_88' title="bbox 2138 4391 3705 4489">
    <p class='ocr_par' dir='ltr' id='par_1_88' title="bbox 2145 4391 3705 4489">
     <span class='ocr_line' id='line_1_88' title="bbox 2145 4391 3705 4489; baseline -0.014 -24"><span class='ocrx_word' id='word_1_657' title='bbox 2145 4411 2239 4464; x_wconf 78' lang='grc' dir='ltr'><strong>καὶ</strong></span> <span class='ocrx_word' id='word_1_658' title='bbox 2285 4411 2353 4464; x_wconf 79' lang='grc' dir='ltr'>τὰ</span> <span class='ocrx_word' id='word_1_659' title='bbox 2390 4408 2678 4472; x_wconf 78' lang='grc' dir='ltr'>ἐνωθέντα,</span> <span class='ocrx_word' id='word_1_660' title='bbox 2706 4404 2817 4458; x_wconf 84' lang='grc' dir='ltr'>τῶν</span> <span class='ocrx_word' id='word_1_661' title='bbox 2865 4402 3002 4476; x_wconf 85' lang='grc' dir='ltr'>πρός</span> <span class='ocrx_word' id='word_1_662' title='bbox 3040 4418 3110 4464; x_wconf 89' lang='grc' dir='ltr'><strong>τι,</strong></span> <span class='ocrx_word' id='word_1_663' title='bbox 3153 4405 3304 4468; x_wconf 75' lang='grc' dir='ltr'><strong>Ἅμα</strong></span> <span class='ocrx_word' id='word_1_664' title='bbox 3334 4391 3427 4450; x_wconf 79' lang='grc' dir='ltr'><strong>οὖν</strong></span> <span class='ocrx_word' id='word_1_665' title='bbox 3454 4397 3488 4466; x_wconf 77' lang='grc' dir='ltr'>ἠ</span> <span class='ocrx_word' id='word_1_666' title='bbox 3521 4395 3705 4489; x_wconf 66' lang='grc' dir='ltr'>ἒνωσις</span> 
     </span>
    </p>
   </div>
   <div class='ocr_carea' id='block_1_89' title="bbox 473 4478 2027 4564">
    <p class='ocr_par' dir='ltr' id='par_1_89' title="bbox 473 4494 2027 4564">
     <span class='ocr_line' id='line_1_89' title="bbox 473 4494 2027 4564; baseline 0.002 -18"><span class='ocrx_word' id='word_1_667' title='bbox 473 4507 595 4561; x_wconf 67' lang='lat' dir='ltr'><strong>quae</strong></span> <span class='ocrx_word' id='word_1_668' title='bbox 620 4495 884 4550; x_wconf 90' lang='lat' dir='ltr'><strong>uniuntur</strong></span> <span class='ocrx_word' id='word_1_669' title='bbox 910 4536 922 4559; x_wconf 93' lang='lat'><strong>,</strong></span> <span class='ocrx_word' id='word_1_670' title='bbox 960 4511 1148 4552; x_wconf 92' lang='lat' dir='ltr'><strong>eorum</strong></span> <span class='ocrx_word' id='word_1_671' title='bbox 1193 4503 1323 4550; x_wconf 92' lang='lat' dir='ltr'><strong>sunt</strong></span> <span class='ocrx_word' id='word_1_672' title='bbox 1355 4509 1474 4563; x_wconf 74' lang='lat' dir='ltr'><strong>quae</strong></span> <span class='ocrx_word' id='word_1_673' title='bbox 1500 4494 1566 4547; x_wconf 92' lang='lat' dir='ltr'><strong>ad</strong></span> <span class='ocrx_word' id='word_1_674' title='bbox 1615 4494 1821 4564; x_wconf 90' lang='lat' dir='ltr'><strong>aliquid</strong></span> <span class='ocrx_word' id='word_1_675' title='bbox 1856 4494 2027 4549; x_wconf 83' lang='lat' dir='ltr'><strong>dicun</strong></span> 
     </span>
    </p>
   </div>
   <div class='ocr_carea' id='block_1_90' title="bbox 2138 4478 3704 4564">
    <p class='ocr_par' dir='ltr' id='par_1_90' title="bbox 2145 4478 3704 4556">
     <span class='ocr_line' id='line_1_90' title="bbox 2145 4478 3704 4556; baseline -0.014 0"><span class='ocrx_word' id='word_1_676' title='bbox 2145 4503 2328 4556; x_wconf 78' lang='grc' dir='ltr'>καὶτὰ</span> <span class='ocrx_word' id='word_1_677' title='bbox 2355 4499 2643 4555; x_wconf 70' lang='grc' dir='ltr'>ὲνωθέντα.</span> <span class='ocrx_word' id='word_1_678' title='bbox 2665 4499 2736 4551; x_wconf 88' lang='grc' dir='ltr'><em>Ἢ</em></span> <span class='ocrx_word' id='word_1_679' title='bbox 2780 4496 2959 4550; x_wconf 88' lang='grc' dir='ltr'>τοίνυν</span> <span class='ocrx_word' id='word_1_680' title='bbox 2991 4493 3087 4548; x_wconf 71' lang='grc' dir='ltr'><strong>καὶ</strong></span> <span class='ocrx_word' id='word_1_681' title='bbox 3110 4493 3178 4546; x_wconf 82' lang='grc' dir='ltr'>τὰ</span> <span class='ocrx_word' id='word_1_682' title='bbox 3227 4488 3500 4543; x_wconf 79' lang='grc' dir='ltr'>ἑνωθέντα</span> <span class='ocrx_word' id='word_1_683' title='bbox 3544 4478 3704 4553; x_wconf 85' lang='grc' dir='ltr'>κηρύ-</span> 
     </span>
    </p>
   </div>
   <div class='ocr_carea' id='block_1_91' title="bbox 478 4572 2027 4664">
    <p class='ocr_par' dir='ltr' id='par_1_91' title="bbox 478 4584 2027 4656">
     <span class='ocr_line' id='line_1_91' title="bbox 478 4584 2027 4656; baseline 0.004 -20"><span class='ocrx_word' id='word_1_684' title='bbox 478 4584 634 4650; x_wconf 87' lang='lat' dir='ltr'><strong>tur):</strong></span> <span class='ocrx_word' id='word_1_685' title='bbox 685 4585 848 4640; x_wconf 89' lang='lat' dir='ltr'><strong>simul</strong></span> <span class='ocrx_word' id='word_1_686' title='bbox 892 4596 1021 4642; x_wconf 91' lang='lat' dir='ltr'><strong>sunt</strong></span> <span class='ocrx_word' id='word_1_687' title='bbox 1069 4588 1238 4656; x_wconf 78' lang='lat' dir='ltr'><strong>igitur</strong></span> <span class='ocrx_word' id='word_1_688' title='bbox 1276 4587 1440 4648; x_wconf 92' lang='lat' dir='ltr'><strong>unio,</strong></span> <span class='ocrx_word' id='word_1_689' title='bbox 1481 4595 1537 4640; x_wconf 87' lang='lat' dir='ltr'><strong>et</strong></span> <span class='ocrx_word' id='word_1_690' title='bbox 1583 4601 1672 4640; x_wconf 91' lang='lat' dir='ltr'><strong>res</strong></span> <span class='ocrx_word' id='word_1_691' title='bbox 1719 4588 1906 4640; x_wconf 80' lang='lat' dir='ltr'><strong>unitas.</strong></span> <span class='ocrx_word' id='word_1_692' title='bbox 1939 4590 2027 4642; x_wconf 85' lang='lat' dir='ltr'><strong>Au</strong></span> 
     </span>
    </p>
   </div>
   <div class='ocr_carea' id='block_1_92' title="bbox 2138 4572 3706 4664">
    <p class='ocr_par' dir='ltr' id='par_1_92' title="bbox 2148 4572 3706 4664">
     <span class='ocr_line' id='line_1_92' title="bbox 2148 4572 3706 4664; baseline -0.012 -16"><span class='ocrx_word' id='word_1_693' title='bbox 2148 4594 2294 4658; x_wconf 79' lang='grc' dir='ltr'>ξατε,</span> <span class='ocrx_word' id='word_1_694' title='bbox 2322 4593 2354 4664; x_wconf 80' lang='grc' dir='ltr'>ἢ</span> <span class='ocrx_word' id='word_1_695' title='bbox 2391 4594 2483 4646; x_wconf 74' lang='grc' dir='ltr'>καὶ</span> <span class='ocrx_word' id='word_1_696' title='bbox 2505 4591 2601 4662; x_wconf 81' lang='grc' dir='ltr'><strong>τὴν</strong></span> <span class='ocrx_word' id='word_1_697' title='bbox 2631 4591 2824 4644; x_wconf 72' lang='grc' dir='ltr'>ἕνωσιν</span> <span class='ocrx_word' id='word_1_698' title='bbox 2861 4586 3126 4644; x_wconf 73' lang='grc' dir='ltr'>παύσατε.</span> <span class='ocrx_word' id='word_1_699' title='bbox 3159 4583 3270 4637; x_wconf 75' lang='grc' dir='ltr'><strong>Καὶ</strong></span> <span class='ocrx_word' id='word_1_700' title='bbox 3303 4580 3380 4644; x_wconf 87' lang='grc' dir='ltr'><strong>τίς</strong></span> <span class='ocrx_word' id='word_1_701' title='bbox 3406 4579 3595 4633; x_wconf 81' lang='grc' dir='ltr'>λοιπὸν</span> <span class='ocrx_word' id='word_1_702' title='bbox 3618 4572 3706 4639; x_wconf 81' lang='grc' dir='ltr'><strong>τῆς</strong></span> 
     </span>
    </p>
   </div>
   <div class='ocr_carea' id='block_1_93' title="bbox 477 4676 2042 4746">
    <p class='ocr_par' dir='ltr' id='par_1_93' title="bbox 477 4676 2042 4746">
     <span class='ocr_line' id='line_1_93' title="bbox 477 4676 2042 4746; baseline 0.004 -22"><span class='ocrx_word' id='word_1_703' title='bbox 477 4686 609 4741; x_wconf 78' lang='lat' dir='ltr'><strong>ergo</strong></span> <span class='ocrx_word' id='word_1_704' title='bbox 655 4689 780 4743; x_wconf 73' lang='lat' dir='ltr'><strong>quas</strong></span> <span class='ocrx_word' id='word_1_705' title='bbox 829 4678 982 4729; x_wconf 84' lang='lat' dir='ltr'><strong>unita</strong></span> <span class='ocrx_word' id='word_1_706' title='bbox 1035 4686 1200 4742; x_wconf 88' lang='lat' dir='ltr'><strong>sunt,</strong></span> <span class='ocrx_word' id='word_1_707' title='bbox 1259 4676 1584 4746; x_wconf 59' lang='lat' dir='ltr'><strong>pradicate,</strong></span> <span class='ocrx_word' id='word_1_708' title='bbox 1633 4684 1726 4729; x_wconf 86' lang='lat' dir='ltr'><strong>aut</strong></span> <span class='ocrx_word' id='word_1_709' title='bbox 1786 4677 2042 4732; x_wconf 91' lang='lat' dir='ltr'><strong>unionem</strong></span> 
     </span>
    </p>
   </div>
   <div class='ocr_carea' id='block_1_94' title="bbox 477 4762 2047 4838">
    <p class='ocr_par' dir='ltr' id='par_1_94' title="bbox 477 4762 2047 4838">
     <span class='ocr_line' id='line_1_94' title="bbox 477 4762 2047 4838; baseline 0.004 -24"><span class='ocrx_word' id='word_1_710' title='bbox 477 4775 695 4817; x_wconf 84' lang='lat' dir='ltr'><strong>cessare</strong></span> <span class='ocrx_word' id='word_1_711' title='bbox 723 4762 903 4820; x_wconf 85' lang='lat' dir='ltr'><strong>facite.</strong></span> <span class='ocrx_word' id='word_1_712' title='bbox 929 4765 1050 4820; x_wconf 77' lang='lat' dir='ltr'><strong>Jam</strong></span> <span class='ocrx_word' id='word_1_713' title='bbox 1077 4783 1206 4823; x_wconf 90' lang='lat' dir='ltr'><strong>vero</strong></span> <span class='ocrx_word' id='word_1_714' title='bbox 1247 4768 1502 4838; x_wconf 91' lang='lat' dir='ltr'><strong>quisnam</strong></span> <span class='ocrx_word' id='word_1_715' title='bbox 1545 4775 1740 4822; x_wconf 88' lang='lat' dir='ltr'><strong>auctor</strong></span> <span class='ocrx_word' id='word_1_716' title='bbox 1777 4768 1882 4821; x_wconf 86' lang='lat' dir='ltr'><strong>erit</strong></span> <span class='ocrx_word' id='word_1_717' title='bbox 1907 4767 2047 4821; x_wconf 83' lang='lat' dir='ltr'><strong>divi-</strong></span> 
     </span>
    </p>
   </div>
   <div class='ocr_carea' id='block_1_95' title="bbox 481 4852 697 4907">
    <p class='ocr_par' dir='ltr' id='par_1_95' title="bbox 481 4852 697 4907">
     <span class='ocr_line' id='line_1_95' title="bbox 481 4852 697 4907; baseline -0.009 -1"><span class='ocrx_word' id='word_1_718' title='bbox 481 4852 697 4907; x_wconf 77' lang='lat' dir='ltr'><strong>sionis?</strong></span> 
     </span>
    </p>
   </div>
   <div class='ocr_carea' id='block_1_96' title="bbox 551 4942 2048 5018">
    <p class='ocr_par' dir='ltr' id='par_1_96' title="bbox 551 4942 2048 5018">
     <span class='ocr_line' id='line_1_96' title="bbox 551 4942 2048 5018; baseline 0.002 -21"><span class='ocrx_word' id='word_1_719' title='bbox 551 4942 640 4997; x_wconf 78' lang='grc'><strong>64.</strong></span> <span class='ocrx_word' id='word_1_720' title='bbox 715 4945 867 4998; x_wconf 55' lang='lat' dir='ltr'><strong>Aius</strong></span> <span class='ocrx_word' id='word_1_721' title='bbox 936 4953 990 5000; x_wconf 88' lang='lat' dir='ltr'><strong>et</strong></span> <span class='ocrx_word' id='word_1_722' title='bbox 1043 4947 1182 5000; x_wconf 84' lang='lat' dir='ltr'><strong>alius</strong></span> <span class='ocrx_word' id='word_1_723' title='bbox 1257 4948 1640 5018; x_wconf 89' lang='lat' dir='ltr'><strong>hypostasium</strong></span> <span class='ocrx_word' id='word_1_724' title='bbox 1725 4947 2048 5017; x_wconf 86' lang='lat' dir='ltr'><strong>pronomina</strong></span> 
     </span>
    </p>
   </div>
   <div class='ocr_carea' id='block_1_97' title="bbox 485 5038 2048 5104">
    <p class='ocr_par' dir='ltr' id='par_1_97' title="bbox 485 5038 2048 5104">
     <span class='ocr_line' id='line_1_97' title="bbox 485 5038 2048 5104; baseline 0.003 -17"><span class='ocrx_word' id='word_1_725' title='bbox 485 5042 646 5102; x_wconf 83' lang='lat' dir='ltr'><strong>sunt,</strong></span> <span class='ocrx_word' id='word_1_726' title='bbox 693 5043 1015 5091; x_wconf 84' lang='lat' dir='ltr'><strong>naturarum</strong></span> <span class='ocrx_word' id='word_1_727' title='bbox 1051 5053 1199 5102; x_wconf 82' lang='lat' dir='ltr'><strong>vero,</strong></span> <span class='ocrx_word' id='word_1_728' title='bbox 1242 5038 1388 5091; x_wconf 86' lang='lat' dir='ltr'><strong>aliud</strong></span> <span class='ocrx_word' id='word_1_729' title='bbox 1423 5047 1476 5094; x_wconf 88' lang='lat' dir='ltr'><strong>et</strong></span> <span class='ocrx_word' id='word_1_730' title='bbox 1515 5041 1686 5104; x_wconf 83' lang='lat' dir='ltr'><strong>aliud,</strong></span> <span class='ocrx_word' id='word_1_731' title='bbox 1745 5039 2048 5094; x_wconf 90' lang='lat' dir='ltr'><strong>secundum</strong></span> 
     </span>
    </p>
   </div>
   <div class='ocr_carea' id='block_1_98' title="bbox 485 5123 2047 5196">
    <p class='ocr_par' dir='ltr' id='par_1_98' title="bbox 485 5123 2047 5196">
     <span class='ocr_line' id='line_1_98' title="bbox 485 5123 2047 5196; baseline 0.002 -21"><span class='ocrx_word' id='word_1_732' title='bbox 485 5123 797 5195; x_wconf 79' lang='lat' dir='ltr'><strong>theologum</strong></span> <span class='ocrx_word' id='word_1_733' title='bbox 845 5123 1169 5195; x_wconf 78' lang='lat' dir='ltr'><strong>Gregorium</strong></span> <span class='ocrx_word' id='word_1_734' title='bbox 1203 5125 1266 5179; x_wconf 82' lang='grc'><strong>¹⁸.</strong></span> <span class='ocrx_word' id='word_1_735' title='bbox 1319 5126 1376 5180; x_wconf 93' lang='lat' dir='ltr'><strong>Si</strong></span> <span class='ocrx_word' id='word_1_736' title='bbox 1403 5126 1584 5196; x_wconf 88' lang='lat' dir='ltr'><strong>itaque</strong></span> <span class='ocrx_word' id='word_1_737' title='bbox 1607 5127 1747 5180; x_wconf 78' lang='lat' dir='ltr'><strong>alius</strong></span> <span class='ocrx_word' id='word_1_738' title='bbox 1786 5135 1838 5181; x_wconf 89' lang='lat' dir='ltr'><strong>et</strong></span> <span class='ocrx_word' id='word_1_739' title='bbox 1885 5128 2047 5189; x_wconf 83' lang='lat' dir='ltr'><strong>alius,</strong></span> 
     </span>
    </p>
   </div>
   <div class='ocr_carea' id='block_1_99' title="bbox 488 5214 2050 5290">
    <p class='ocr_par' dir='ltr' id='par_1_99' title="bbox 488 5214 2050 5290">
     <span class='ocr_line' id='line_1_99' title="bbox 488 5214 2050 5290; baseline 0.004 -25"><span class='ocrx_word' id='word_1_740' title='bbox 488 5214 581 5267; x_wconf 88' lang='lat' dir='ltr'><strong>ubi</strong></span> <span class='ocrx_word' id='word_1_741' title='bbox 623 5214 691 5270; x_wconf 90' lang='lat' dir='ltr'><strong>de</strong></span> <span class='ocrx_word' id='word_1_742' title='bbox 720 5215 922 5272; x_wconf 87' lang='lat' dir='ltr'><strong>divinis</strong></span> <span class='ocrx_word' id='word_1_743' title='bbox 945 5217 1148 5288; x_wconf 87' lang='lat' dir='ltr'><strong>agitur,</strong></span> <span class='ocrx_word' id='word_1_744' title='bbox 1181 5218 1504 5290; x_wconf 86' lang='lat' dir='ltr'><strong>hypostases</strong></span> <span class='ocrx_word' id='word_1_745' title='bbox 1527 5219 1838 5288; x_wconf 75' lang='lat' dir='ltr'><strong>significant</strong></span> <span class='ocrx_word' id='word_1_746' title='bbox 1864 5258 1878 5282; x_wconf 92' lang='lat'><strong>,</strong></span> <span class='ocrx_word' id='word_1_747' title='bbox 1914 5233 2050 5287; x_wconf 86' lang='lat' dir='ltr'><strong>ergo</strong></span> 
     </span>
    </p>
   </div>
   <div class='ocr_carea' id='block_1_100' title="bbox 563 5389 2082 5463">
    <p class='ocr_par' dir='ltr' id='par_1_100' title="bbox 563 5389 2082 5463">
     <span class='ocr_line' id='line_1_100' title="bbox 563 5389 2082 5463; baseline 0.001 -20"><span class='ocrx_word' id='word_1_748' title='bbox 563 5389 604 5419; x_wconf 85' lang='lat'><strong>&quot;</strong></span> <span class='ocrx_word' id='word_1_749' title='bbox 629 5389 818 5459; x_wconf 85' lang='lat' dir='ltr'><strong>Cyrill.</strong></span> <span class='ocrx_word' id='word_1_750' title='bbox 855 5393 1100 5463; x_wconf 86' lang='lat' dir='ltr'><strong>Epist.ad</strong></span> <span class='ocrx_word' id='word_1_751' title='bbox 1130 5399 1292 5450; x_wconf 85' lang='lat' dir='ltr'><strong>Acac.</strong></span> <span class='ocrx_word' id='word_1_752' title='bbox 1318 5395 1484 5448; x_wconf 86' lang='lat' dir='ltr'><strong>Melit.</strong></span> <span class='ocrx_word' id='word_1_753' title='bbox 1516 5393 1592 5447; x_wconf 82' lang='lat' dir='ltr'><strong>De</strong></span> <span class='ocrx_word' id='word_1_754' title='bbox 1625 5395 1767 5447; x_wconf 80' lang='lat' dir='ltr'><strong>hirco</strong></span> <span class='ocrx_word' id='word_1_755' title='bbox 1784 5393 2082 5447; x_wconf 83' lang='lat' dir='ltr'><strong>emissario.</strong></span> 
     </span>
    </p>
   </div>
   <div class='ocr_carea' id='block_1_101' title="bbox 2146 4681 2700 4755">
    <p class='ocr_par' dir='ltr' id='par_1_101' title="bbox 2146 4681 2700 4755">
     <span class='ocr_line' id='line_1_101' title="bbox 2146 4681 2700 4755; baseline -0.007 -18"><span class='ocrx_word' id='word_1_756' title='bbox 2146 4682 2463 4755; x_wconf 80' lang='grc' dir='ltr'>διαιρέσεως</span> <span class='ocrx_word' id='word_1_757' title='bbox 2490 4681 2661 4743; x_wconf 77' lang='grc' dir='ltr'>αἴτιος</span> <span class='ocrx_word' id='word_1_758' title='bbox 2686 4698 2700 4746; x_wconf 91' lang='grc'><strong>;</strong></span> 
     </span>
    </p>
   </div>
   <div class='ocr_carea' id='block_1_102' title="bbox 2222 4935 3708 5012">
    <p class='ocr_par' dir='ltr' id='par_1_102' title="bbox 2222 4935 3708 5012">
     <span class='ocr_line' id='line_1_102' title="bbox 2222 4935 3708 5012; baseline -0.011 -13"><span class='ocrx_word' id='word_1_759' title='bbox 2222 4947 2313 5012; x_wconf 84' lang='grc' dir='ltr'>ξδ’.</span> <span class='ocrx_word' id='word_1_760' title='bbox 2335 4946 2407 4997; x_wconf 84' lang='grc' dir='ltr'><strong>Τὸ</strong></span> <span class='ocrx_word' id='word_1_761' title='bbox 2429 4945 2616 5012; x_wconf 69' lang='grc' dir='ltr'>ἄλλος</span> <span class='ocrx_word' id='word_1_762' title='bbox 2645 4945 2740 4998; x_wconf 72' lang='grc' dir='ltr'>καὶ</span> <span class='ocrx_word' id='word_1_763' title='bbox 2781 4943 2968 5008; x_wconf 70' lang='grc' dir='ltr'>ἄλλος</span> <span class='ocrx_word' id='word_1_764' title='bbox 2989 4940 3338 4995; x_wconf 80' lang='grc' dir='ltr'>ὑποστάσεων</span> <span class='ocrx_word' id='word_1_765' title='bbox 3361 4935 3708 5006; x_wconf 81' lang='grc' dir='ltr'>ἀντωνυμίαι·</span> 
     </span>
    </p>
   </div>
   <div class='ocr_carea' id='block_1_103' title="bbox 2147 5023 3713 5110">
    <p class='ocr_par' dir='ltr' id='par_1_103' title="bbox 2147 5023 3713 5110">
     <span class='ocr_line' id='line_1_103' title="bbox 2147 5023 3713 5110; baseline -0.011 -19"><span class='ocrx_word' id='word_1_766' title='bbox 2147 5037 2360 5110; x_wconf 84' lang='grc' dir='ltr'>φύσεων</span> <span class='ocrx_word' id='word_1_767' title='bbox 2401 5037 2457 5089; x_wconf 77' lang='grc' dir='ltr'>δὲ</span> <span class='ocrx_word' id='word_1_768' title='bbox 2487 5037 2549 5089; x_wconf 86' lang='grc' dir='ltr'><strong>τὸ</strong></span> <span class='ocrx_word' id='word_1_769' title='bbox 2596 5036 2750 5089; x_wconf 71' lang='grc' dir='ltr'>ἄλλο</span> <span class='ocrx_word' id='word_1_770' title='bbox 2795 5033 2890 5088; x_wconf 73' lang='grc' dir='ltr'><strong>καὶ</strong></span> <span class='ocrx_word' id='word_1_771' title='bbox 2933 5032 3105 5097; x_wconf 72' lang='grc' dir='ltr'>ἄλλο,</span> <span class='ocrx_word' id='word_1_772' title='bbox 3146 5029 3287 5083; x_wconf 76' lang='grc' dir='ltr'>κατὰ</span> <span class='ocrx_word' id='word_1_773' title='bbox 3332 5027 3426 5079; x_wconf 83' lang='grc' dir='ltr'><strong>τὸν</strong></span> <span class='ocrx_word' id='word_1_774' title='bbox 3471 5023 3713 5110; x_wconf 80' lang='grc' dir='ltr'>θεολόγον</span> 
     </span>
    </p>
   </div>
   <div class='ocr_carea' id='block_1_104' title="bbox 2148 5109 3712 5196">
    <p class='ocr_par' dir='ltr' id='par_1_104' title="bbox 2148 5109 3712 5196">
     <span class='ocr_line' id='line_1_104' title="bbox 2148 5109 3712 5196; baseline -0.007 -18"><span class='ocrx_word' id='word_1_775' title='bbox 2148 5109 2465 5196; x_wconf 84' lang='grc' dir='ltr'>Γρηγόριον.</span> <span class='ocrx_word' id='word_1_776' title='bbox 2501 5125 2564 5180; x_wconf 82' lang='lat' dir='ltr'><strong>Ei</strong></span> <span class='ocrx_word' id='word_1_777' title='bbox 2589 5123 2680 5176; x_wconf 80' lang='grc' dir='ltr'><strong>οὖν</strong></span> <span class='ocrx_word' id='word_1_778' title='bbox 2711 5124 2797 5176; x_wconf 78' lang='grc' dir='ltr'>ἀεὶ</span> <span class='ocrx_word' id='word_1_779' title='bbox 2825 5121 2887 5173; x_wconf 85' lang='grc' dir='ltr'>τὸ</span> <span class='ocrx_word' id='word_1_780' title='bbox 2933 5120 3122 5184; x_wconf 71' lang='grc' dir='ltr'>ἄλλος</span> <span class='ocrx_word' id='word_1_781' title='bbox 3144 5119 3237 5171; x_wconf 74' lang='grc' dir='ltr'>καὶ</span> <span class='ocrx_word' id='word_1_782' title='bbox 3267 5116 3462 5181; x_wconf 70' lang='grc' dir='ltr'>ἄλλος</span> <span class='ocrx_word' id='word_1_783' title='bbox 3489 5115 3584 5187; x_wconf 69' lang='grc' dir='ltr'>επὶ</span> <span class='ocrx_word' id='word_1_784' title='bbox 3626 5109 3712 5178; x_wconf 80' lang='grc' dir='ltr'><strong>τῆς</strong></span> 
     </span>
    </p>
   </div>
   <div class='ocr_carea' id='block_1_105' title="bbox 2151 5203 3714 5284">
    <p class='ocr_par' dir='ltr' id='par_1_105' title="bbox 2151 5203 3714 5284">
     <span class='ocr_line' id='line_1_105' title="bbox 2151 5203 3714 5284; baseline -0.008 -15"><span class='ocrx_word' id='word_1_785' title='bbox 2151 5215 2426 5284; x_wconf 85' lang='grc' dir='ltr'>θεολογίας</span> <span class='ocrx_word' id='word_1_786' title='bbox 2465 5216 2564 5278; x_wconf 82' lang='grc' dir='ltr'>τὰς</span> <span class='ocrx_word' id='word_1_787' title='bbox 2609 5213 2932 5275; x_wconf 85' lang='grc' dir='ltr'>ὑποστάσεις</span> <span class='ocrx_word' id='word_1_788' title='bbox 2977 5211 3159 5282; x_wconf 82' lang='grc' dir='ltr'>δηλοῖ’</span> <span class='ocrx_word' id='word_1_789' title='bbox 3194 5207 3302 5279; x_wconf 78' lang='grc' dir='ltr'>ἄρα</span> <span class='ocrx_word' id='word_1_790' title='bbox 3331 5207 3426 5259; x_wconf 73' lang='grc' dir='ltr'>καὶ</span> <span class='ocrx_word' id='word_1_791' title='bbox 3466 5205 3532 5259; x_wconf 79' lang='grc' dir='ltr'><strong>τὸ</strong></span> <span class='ocrx_word' id='word_1_792' title='bbox 3575 5203 3714 5258; x_wconf 70' lang='grc' dir='ltr'>ἄλλο</span> 
     </span>
    </p>
   </div>
   <div class='ocr_carea' id='block_1_106' title="bbox 2162 5385 2992 5461">
    <p class='ocr_par' dir='ltr' id='par_1_106' title="bbox 2162 5385 2992 5461">
     <span class='ocr_line' id='line_1_106' title="bbox 2162 5385 2992 5461; baseline -0.011 -15"><span class='ocrx_word' id='word_1_793' title='bbox 2162 5391 2203 5422; x_wconf 81' lang='grc'><strong>³⁸</strong></span> <span class='ocrx_word' id='word_1_794' title='bbox 2239 5391 2398 5461; x_wconf 82' lang='lat' dir='ltr'><strong>Greg.</strong></span> <span class='ocrx_word' id='word_1_795' title='bbox 2440 5389 2641 5459; x_wconf 88' lang='lat' dir='ltr'><strong>epist.l</strong></span> <span class='ocrx_word' id='word_1_796' title='bbox 2674 5387 2740 5441; x_wconf 89' lang='lat' dir='ltr'><strong>ad</strong></span> <span class='ocrx_word' id='word_1_797' title='bbox 2763 5385 2992 5440; x_wconf 89' lang='lat' dir='ltr'><strong>Cledon.</strong></span> 
     </span>
    </p>
   </div>
   <div class='ocr_carea' id='block_1_107' title="bbox 1994 5509 2223 5564">
    <p class='ocr_par' dir='ltr' id='par_1_107' title="bbox 1994 5509 2223 5564">
     <span class='ocr_line' id='line_1_107' title="bbox 1994 5509 2223 5564; baseline -0.009 -2"><span class='ocrx_word' id='word_1_798' title='bbox 1994 5509 2223 5564; x_wconf 71' lang='lat' dir='ltr'><strong>NOTAE.</strong></span> 
     </span>
    </p>
   </div>
   <div class='ocr_carea' id='block_1_108' title="bbox 566 5593 2048 5672">
    <p class='ocr_par' dir='ltr' id='par_1_108' title="bbox 566 5593 2048 5672">
     <span class='ocr_line' id='line_1_108' title="bbox 566 5593 2048 5672; baseline 0.005 -23"><span class='ocrx_word' id='word_1_799' title='bbox 566 5593 643 5661; x_wconf 78' lang='lat'><strong>(3)</strong></span> <span class='ocrx_word' id='word_1_800' title='bbox 683 5595 841 5672; x_wconf 51' lang='lat' dir='ltr'><strong>Tull}</strong></span> <span class='ocrx_word' id='word_1_801' title='bbox 891 5617 996 5672; x_wconf 85' lang='lat' dir='ltr'><strong>non</strong></span> <span class='ocrx_word' id='word_1_802' title='bbox 1044 5618 1164 5672; x_wconf 62' lang='lat' dir='ltr'><strong>quas</strong></span> <span class='ocrx_word' id='word_1_803' title='bbox 1200 5610 1643 5672; x_wconf 63' lang='lat' dir='ltr'><strong>praecesserunt,</strong></span> <span class='ocrx_word' id='word_1_804' title='bbox 1671 5601 1764 5655; x_wconf 86' lang='lat' dir='ltr'><strong>sed</strong></span> <span class='ocrx_word' id='word_1_805' title='bbox 1799 5617 1918 5668; x_wconf 71' lang='lat' dir='ltr'><strong>quas</strong></span> <span class='ocrx_word' id='word_1_806' title='bbox 1961 5619 2048 5656; x_wconf 84' lang='lat' dir='ltr'><strong>se-</strong></span> 
     </span>
    </p>
   </div>
   <div class='ocr_carea' id='block_1_109' title="bbox 501 5663 2050 5739">
    <p class='ocr_par' dir='ltr' id='par_1_109' title="bbox 501 5663 2050 5739">
     <span class='ocr_line' id='line_1_109' title="bbox 501 5663 2050 5739; baseline 0.007 -25"><span class='ocrx_word' id='word_1_807' title='bbox 501 5671 738 5731; x_wconf 71' lang='lat' dir='ltr'><strong>quuntur</strong></span> <span class='ocrx_word' id='word_1_808' title='bbox 763 5663 1038 5739; x_wconf 81' lang='lat' dir='ltr'><strong>Theologo</strong></span> <span class='ocrx_word' id='word_1_809' title='bbox 1061 5663 1310 5726; x_wconf 60' lang='lat' dir='ltr'><strong>ascribit.</strong></span> <span class='ocrx_word' id='word_1_810' title='bbox 1347 5666 1620 5733; x_wconf 82' lang='lat' dir='ltr'><strong>Quomodo</strong></span> <span class='ocrx_word' id='word_1_811' title='bbox 1658 5663 1832 5734; x_wconf 64' lang='lat' dir='ltr'><strong>enim,</strong></span> <span class='ocrx_word' id='word_1_812' title='bbox 1877 5679 1932 5721; x_wconf 87' lang='lat' dir='ltr'><strong>ut</strong></span> <span class='ocrx_word' id='word_1_813' title='bbox 1977 5673 2050 5724; x_wconf 79' lang='lat' dir='ltr'><strong>ait</strong></span> 
     </span>
    </p>
   </div>
   <div class='ocr_carea' id='block_1_110' title="bbox 2161 5589 3713 5669">
    <p class='ocr_par' dir='ltr' id='par_1_110' title="bbox 2161 5589 3713 5669">
     <span class='ocr_line' id='line_1_110' title="bbox 2161 5589 3713 5669; baseline -0.01 -16"><span class='ocrx_word' id='word_1_814' title='bbox 2161 5599 2471 5669; x_wconf 42' lang='lat' dir='ltr'><strong>Gregorius,</strong></span> <span class='ocrx_word' id='word_1_815' title='bbox 2493 5605 2822 5669; x_wconf 62' lang='lat' dir='ltr'><strong>manatura</strong></span> <span class='ocrx_word' id='word_1_816' title='bbox 2846 5595 2997 5669; x_wconf 56' lang='lat' dir='ltr'><strong>erepit</strong></span> <span class='ocrx_word' id='word_1_817' title='bbox 3018 5591 3166 5646; x_wconf 83' lang='lat' dir='ltr'><strong>esse?</strong></span> <span class='ocrx_word' id='word_1_818' title='bbox 3188 5599 3234 5669; x_wconf 74' lang='lat' dir='ltr'><strong>et</strong></span> <span class='ocrx_word' id='word_1_819' title='bbox 3256 5604 3358 5643; x_wconf 82' lang='lat' dir='ltr'><strong>non</strong></span> <span class='ocrx_word' id='word_1_820' title='bbox 3386 5605 3500 5644; x_wconf 80' lang='lat' dir='ltr'><strong>esse</strong></span> <span class='ocrx_word' id='word_1_821' title='bbox 3552 5589 3713 5645; x_wconf 61' lang='lat' dir='ltr'><strong>Cato-</strong></span> 
     </span>
    </p>
   </div>
   <div class='ocr_carea' id='block_1_111' title="bbox 2163 5664 3223 5736">
    <p class='ocr_par' dir='ltr' id='par_1_111' title="bbox 2163 5664 3223 5736">
     <span class='ocr_line' id='line_1_111' title="bbox 2163 5664 3223 5736; baseline -0.01 -12"><span class='ocrx_word' id='word_1_822' title='bbox 2163 5664 2280 5724; x_wconf 80' lang='lat' dir='ltr'><strong>rutti</strong></span> <span class='ocrx_word' id='word_1_823' title='bbox 2309 5665 2563 5736; x_wconf 85' lang='lat' dir='ltr'><strong>Theologi</strong></span> <span class='ocrx_word' id='word_1_824' title='bbox 2603 5666 2754 5721; x_wconf 85' lang='lat' dir='ltr'><strong>locus</strong></span> <span class='ocrx_word' id='word_1_825' title='bbox 2777 5664 2967 5718; x_wconf 86' lang='lat' dir='ltr'><strong>obvius</strong></span> <span class='ocrx_word' id='word_1_826' title='bbox 2994 5678 3097 5716; x_wconf 92' lang='lat' dir='ltr'><strong>non</strong></span> <span class='ocrx_word' id='word_1_827' title='bbox 3122 5667 3223 5716; x_wconf 83' lang='lat' dir='ltr'><strong>est.</strong></span> 
     </span>
    </p>
   </div>
  </div>
