3980 6140
318 314 451 379 ί469

1573 321 1871 383 CONTRA
1896 321 2311 382 JACOBITAS.
2335 352 2340 357 ι

3439 327 3567 393 14⁸10

311 427 406 480 καὶ
437 426 592 479 ἄλλο
627 426 718 478 ἐπὶ
756 425 854 496 τῆς
903 425 1218 496 οἰκονομίας
1247 427 1332 481 ἀεὶ
1361 427 1459 492 τὰς
1487 431 1678 499 φύσεις
1727 432 1882 502 δηλῶ

1999 439 2053 484 et
2082 432 2228 485 aliud
2256 439 2312 485 et
2345 428 2498 483 aliud
2537 427 2592 484 in
2628 430 3049 488 incarnationne
3084 447 3300 505 semper
3340 445 3572 496 naturas

310 533 411 570 σει.

381 606 477 670 ξε’.
508 607 584 659 Τὸ
603 606 731 661 ἄλλο
756 612 824 680 τῇ
865 609 1022 678 φύσει
1053 611 1247 676 εἰπεῖν,
1270 613 1366 666 καὶ
1404 613 1464 665 τὸ
1495 612 1665 683 ἄλλην
1706 615 1891 683 φύσιν,

298 695 526 748 ταυτόν.
558 699 620 750 El
646 694 739 751 οὖν
772 699 832 752 τὸ
862 699 1078 770 πρῶτον
1121 702 1208 754 ἀεὶ
1249 703 1342 755 ἐπὶ
1373 703 1472 770 τῆς
1507 689 1758 774 θεότητος
1801 707 1895 760 τοῦ

300 788 550 856 Χριστοῦ
593 789 688 843 καὶ
741 791 841 859 τῆς
897 791 1318 862 ἀνθρωπότητος
1364 793 1550 857 αὑτοῦ,
1583 795 1669 848 ἀεὶ
1701 798 1793 849 καὶ
1836 798 1898 851 τὸ

299 875 582 948 δεύτερον.
621 879 787 948 Ἀλλη
811 881 867 933 δὲ
905 881 998 934 καὶ
1048 882 1180 950 ἄλλη
1229 881 1424 952 φύσις,
1457 885 1556 936 οὐκ
1585 884 1736 938 ἔσται
1774 886 1893 956 μία.

373 1056 486 1121 Eg’.
530 1059 596 1110 Τί
649 1060 776 1127 ὑμῖν
827 1059 1082 1127 βούλεται
1111 1063 1143 1129 ἡ
1177 1061 1430 1125 σύνθετος
1460 1063 1620 1132 φύσις
1656 1081 1670 1128 ;
1710 1065 1895 1132 Ἐνικῇ

294 1149 562 1218 προφορᾷ
584 1148 676 1201 δύο
708 1149 964 1219 σημαίνει
995 1152 1326 1220 πράγματα·
1364 1152 1439 1216 ὡς
1473 1153 1624 1222 παρὰ
1649 1156 1762 1216 τοῖς
1792 1153 1898 1205 Πα⁹

293 1240 501 1308 τράσιν
531 1243 564 1310 ἡ
612 1240 762 1312 διττὴ
792 1285 805 1308 ,
835 1243 930 1295 καὶ
968 1244 1001 1312 ἡ
1033 1241 1192 1312 διπλῆ
1229 1242 1390 1312 φύσις
1417 1285 1432 1309 ,
1468 1243 1564 1298 καὶ
1611 1243 1686 1306 ὡς
1714 1241 1894 1314 χορὸς’

295 1330 395 1382 καὶ
428 1329 585 1394 λαὸς,
619 1331 652 1400 ἦ
693 1331 1030 1404 πληθυντικῇ
1065 1335 1316 1404 προφορᾷ
1353 1333 1512 1404 μίαν,
1536 1334 1612 1398 ὼς
1651 1333 1896 1402 Ἀθῆναι,

295 1421 513 1488 Θῆϐαι,
568 1423 762 1476 καὶτὰ
813 1424 1058 1478 τοιαῦτα.
1092 1425 1154 1478 El
1217 1425 1318 1494 μὲν
1371 1424 1465 1478 οὖν
1496 1425 1556 1478 τὸ
1605 1425 1891 1495 πρότερον,

297 1512 568 1578 περιττὸν
595 1514 657 1566 τὸ
704 1513 833 1584 μίαν
866 1515 1050 1583 λέγειν
1081 1531 1094 1545 ·
1127 1516 1248 1568 οὐδὲ
1281 1517 1390 1586 γὰρ
1412 1517 1461 1568 οί
1485 1516 1733 1585 Πατέρες
1761 1515 1890 1585 μίαν

297 1599 482 1656 εἷπον.
522 1605 585 1657 El
611 1603 678 1657 ,δὲ
700 1605 761 1657 τὸ
783 1606 1334 1677 δεύτερον,·περιττὸν
1362 1607 1422 1660 τὸ
1452 1607 1704 1660 σύνθετον
1725 1623 1737 1636 ·
1763 1624 1896 1660 ταυ-

297 1691 397 1743 τδν
433 1693 548 1764 γὰρ
587 1694 717 1763 ὑμῖν
748 1694 810 1748 ἐκ
840 1711 900 1748 τε
928 1696 1030 1765 τῆς
1074 1697 1251 1765 ἁπλῆς
1281 1699 1371 1749 καὶ
1393 1700 1492 1767 τῆς
1517 1696 1770 1750 συνθέτου
1793 1714 1892 1766 ση-

303 1763 588 1850 μαίνεται.
619 1785 680 1837 El
709 1786 767 1838 δὲ
787 1763 1048 1856 ἕτερόν-τι
1100 1763 1250 1858 παρὰ
1289 1787 1358 1840 τὰ
1395 1763 1686 1857 είνρημένα,
1719 1763 1886 1858 ἄλλην
1921 1763 1961 1816 Β

301 1873 442 1941 ἡμῖν
486 1874 901 1944 συγκεχυμένην
928 1877 1267 1946 είσκομίζετε
1297 1877 1478 1944 φύσιν,
1510 1875 1698 1946 ὥσπερ
1723 1878 1887 1946 ἡμίο-

301 1979 420 2026 νον,
456 1963 554 2016 καὶ
596 1964 694 2033 τὴν
749 1965 880 2035 παρ’
914 1966 1169 2035 Ἓλλησιν
1210 1966 1315 2019 τῶν
1349 1967 1708 2037 πολυμόρφων
1735 1966 1888 2031 ζώων
1936 2012 1938 2014 τ

300 2053 616 2120 τερατείαν.

378 2163 478 2228 ξίν.
523 2164 588 2217 Ἡ
640 2164 738 2234 μία
794 2167 1188 2236 σεσαρκωμένη
1241 2166 1507 2238 φύσις,ἢ
1566 2166 1640 2230 ὡς
1702 2167 1886 2237 σχῆμα

303 2253 406 2323 τὴν
454 2253 634 2324 σάρκα
696 2255 1024 2325 περίκειται,
1063 2255 1157 2308 καὶ
1194 2254 1290 2326 μία
1322 2253 1438 2308 ἐστὶ
1472 2256 1565 2308 καὶ
1604 2273 1885 2325 σεσαρκω-

307 2345 486 2414 μένη,
528 2341 615 2398 οἶα
657 2347 858 2416 χαλκὸς
896 2347 1210 2416 ἀνδριάντος
1264 2347 1698 2417 μεμορφωμένος
1750 2348 1884 2418 σχή-

309 2435 532 2506 ματι,ἢ
567 2436 665 2505 τῆς
718 2437 918 2506 σαρκὸς
967 2438 1270 2508 τραπείσης
1315 2438 1415 2506 τῆς
1446 2437 1885 2508 προσληφθείσης

306 2525 389 2586 εἰς
439 2523 540 2593 τὴν
587 2523 682 2577 τοῦ
739 2524 1184 2596 προσλαϐομένου
1236 2524 1418 2592 φύσιν,
1457 2522 1489 2593 ἢ
1536 2524 1612 2585 ὡς
1660 2524 1761 2591 τῆς
1789 2522 1884 2574 τοῦ

310 2614 711 2684 προσλαϐόντος
767 2616 980 2684 φύσεως
1037 2614 1468 2685 μεταϐληθείσης
1516 2615 1597 2677 είς
1643 2613 1742 2685 τὴν
1789 2613 1884 2666 τοῦ

309 2706 735 2777 προσλήμματος
765 2710 926 2776 φύσιν
946 2748 960 2771 ,
987 2710 1081 2762 καὶ
1110 2710 1207 2779 τῆς
1236 2707 1440 2770 οἰκείας
1467 2707 1654 2770 οὐσίας
1683 2724 1883 2762 πεπον-

307 2793 465 2857 θυίας
493 2794 768 2857 ἔκστασιν,
795 2796 828 2866 ἢ
854 2797 1010 2849 οὐσία
1030 2798 1187 2867 ούσίᾳ
1217 2799 1442 2868 ἥνωται,
1462 2800 1556 2852 καὶ
1579 2798 1675 2851 δύο
1705 2799 1843 2852 είσίν
1865 2813 1879 2828 ·

305 2879 420 2937 οἷον
455 2881 550 2938 οὖν
573 2885 832 2956 αἱρεῖσθε,
865 2887 1160 2956 κηρύξατε,
1183 2887 1215 2957 ἢ
1241 2887 1333 2940 δύο
1358 2889 1548 2955 φύσεις
1573 2891 1600 2941 ὁ
1627 2889 1879 2958 Χριστὸς,

306 2977 340 3046 ἦ
369 2976 646 3040 παντελῶς
679 2977 740 3030 ού
769 2977 881 3030 δύο.
910 2977 991 3030 Τὰ
1044 2977 1151 3048 γὰρ
1189 2979 1561 3047 ἁντιφατικῶς
1589 2979 1880 3047 λεγόμενα,

307 3068 504 3132 ὁλικῶς
551 3069 872 3122 ἀντίκειται·
909 3069 941 3138 ἢ
977 3069 1156 3122 τοίνυν
1203 3069 1296 3122 δύο
1323 3071 1642 3139 κηρύττετε,
1681 3070 1713 3138 ἢ
1754 3069 1882 3139 μίαν

305 3157 587 3223 ἁπολύτως
634 3160 843 3213 εἴπατε.
891 3160 956 3212 Τί
1016 3159 1125 3230 γὰρ
1181 3159 1325 3223 λέξιν
1380 3158 1783 3229 προδάλλεσθε,
1812 3153 1881 3227 ἦς

308 3249 558 3318 ἁρνείσθε
586 3252 686 3321 τὴν
713 3250 941 3321 δύναμιν
985 3251 1122 3321 πρὸς
1155 3249 1429 3320 ὲξαπάτην
1453 3247 1560 3302 τῶν
1586 3248 1882 3301 ἁπλουστέ-

309 3354 417 3408 ρων
440 3355 453 3402 ;

373 3549 476 3620 ξη’.
512 3551 656 3604 Μίαν
696 3548 860 3617 φύσιν
898 3549 991 3604 τοῦ
1045 3548 1182 3603 Θεοῦ
1233 3550 1406 3617 Λόγου
1453 3547 1879 3618 σεσαρκωμένην

303 3639 574 3709 λέγοντες,
613 3641 646 3713 ἢ
677 3640 794 3707 τοῦ,
825 3641 1297 3711 σεσαρκωμένην
1316 3681 1330 3706 ,
1357 3640 1608 3712 ἀρνεῖσθε
1644 3641 1742 3710 τὴν
1785 3639 1878 3692 δύο

301 3747 486 3800 ναμιν,
511 3730 543 3801 ἢ
576 3731 636 3796 ἐξ
654 3731 917 3802 ὀνόματος
945 3732 1040 3786 καὶ
1060 3732 1187 3802 ὅρου
1210 3731 1303 3786 δύο
1330 3732 1521 3802 φύσεις
1551 3729 1696 3784 κατὰ
1721 3731 1880 3802 περί-

303 3841 503 3896 φρασιν
533 3825 719 3893 λέγετε
742 3844 754 3860 ο
788 3827 916 3897 μίαν
944 3827 1042 3895 μὲν
1067 3826 1228 3895 φύσιν
1255 3826 1562 3895 ἀναφανδὸν
1584 3824 1879 3897 ὀνομάζον-

301 3933 411 3979 τες,
447 3919 544 3985 την
589 3916 645 3970 δὲ
697 3917 891 3988 ἑτέραν
917 3918 977 3982 ἐξ
1014 3918 1141 3988 ὅρου
1197 3917 1510 3986 μηνύοντες.
1541 3917 1712 3988 Εἴπερ
1745 3917 1879 3990 σὰρξ

301 4007 630 4077 ἐψυχωμένη
652 4009 796 4078 ψυχῇ
831 4008 1025 4077 λογικῇ
1045 4005 1144 4060 ’καὶ
1178 4009 1363 4078 νοερᾷ,
1391 4007 1682 4079 ἀνθρώπου
1713 4007 1876 4075 φύσις

301 4098 441 4151 ἐστί.

375 4207 465 4272 ἔθ’.
493 4209 574 4262 Τὰ
603 4207 920 4278 ἑτεροούσια
974 4208 1166 4260 ἐνώσει
1209 4209 1419 4276 γίνεται
1450 4208 1530 4274 ἓν,
1564 4208 1659 4261 καὶ
1685 4208 1745 4260 ού
1771 4206 1874 4276 φύε

303 4315 406 4352 σει.
435 4299 599 4351 Φύσει
623 4299 731 4369 γὰρ
763 4299 820 4351 ἓν
849 4299 918 4352 τὰ
943 4299 1224 4368 ὁμοούσια.
1251 4299 1477 4369 Ἕτερον
1511 4299 1690 4353 τοίνυν
1716 4297 1877 4366 φύσις

301 4387 397 4440 καὶ
439 4386 628 4455 ἕτερον
676 4386 890 4450 ἓνωσις,
917 4387 1011 4439 καὶ
1044 4387 1107 4438 τὸ
1139 4386 1197 4450 ἐξ
1243 4387 1474 4439 ἑκάστου
1506 4384 1871 4455 ἀποτελούμε-

1997 521 2375 576 declarabunt.

2065 615 2156 668 65.
2213 613 2441 676 Dicere,
2489 613 2638 668 aliud
2693 622 2926 678 natura,
2987 623 3042 670 et
3090 627 3348 672 naturam
3405 618 3568 672 aliam

1998 706 2200 768 dicere,
2233 707 2373 760 idem
2408 721 2635 776 prorsus
2656 717 2756 760 est.
2793 706 2850 760 Si
2899 722 3032 776 ergo
3061 709 3300 777 primum
3340 711 3396 764 in
3429 711 3570 765 divi-

1997 798 2170 852 nitate
2193 797 2398 852 Christi
2451 807 2505 852 et
2534 799 2880 853 humanitate
2903 799 3084 854 locum
3129 803 3325 868 habet;
3356 818 3574 870 semper

1997 895 2160 944 etiam
2188 890 2508 945 secundum.
2555 891 2625 944 At
2675 905 2807 945 vero
2830 891 2934 944 alia
2963 903 3015 946 et
3068 894 3172 947 alia
3213 902 3410 949 natura
3460 911 3572 949 non

1997 983 2101 1036 erit
2131 997 2260 1036 una.

2067 1071 2156 1125 66.
2193 1070 2336 1137 Quid
2379 1073 2484 1127 sibi
2523 1074 2740 1127 videtur
2770 1076 2912 1142 apud
2956 1091 3053 1130 vos
3097 1086 3296 1132 natura
3347 1055 3575 1148 (τοπιροῖ

1998 1163 2148 1220 sita?
2207 1165 2470 1233 singulari
2529 1179 2664 1219 voce
2707 1181 2796 1220 res
2844 1165 2963 1238 diue
3006 1167 3308 1237 significari
3371 1171 3569 1234 solent,

1998 1264 2058 1309 ut
2094 1254 2236 1323 apud
2301 1255 2492 1309 Patres
2544 1255 2674 1309 bina
2722 1257 2998 1326 etduplex
3044 1266 3275 1322 natura,
3313 1268 3368 1314 et
3426 1261 3573 1313 velut

1998 1346 2222 1409 chorus,
2255 1356 2306 1400 et
2330 1348 2610 1417 p0pulus;
2659 1355 2752 1401 aut
2777 1349 2997 1416 plurali,
3036 1365 3144 1404 una
3172 1391 3186 1413 ,
3212 1352 3359 1405 velut
3405 1353 3574 1406 Athe-

1998 1454 2102 1503 me,
2129 1437 2348 1500 'l‘hehm,
2383 1447 2437 1492 et
2473 1439 2698 1492 similia.
2735 1440 2791 1492 Si
2828 1441 3052 1510 quidem
3083 1442 3268 1511 prius,
3302 1457 3569 1510 superva-

1997 1536 2226 1576 caneum
2273 1530 2356 1576 est
2382 1537 2550 1575 unam
2595 1522 2784 1577 dicere
2827 1542 2838 1577 :
2879 1540 3153 1594 nusquam
3203 1529 3348 1581 enim
3380 1526 3571 1580 Patres

1999 1628 2158 1665 unam
2184 1614 2389 1667 dixere.
2420 1612 2518 1666 Sin
2549 1629 2682 1667 vero
2704 1617 2998 1683 posterius,
3026 1617 3231 1672 frustra
3265 1619 3571 1687 compositu

1998 1694 2220 1758 dicitur.
2247 1703 2393 1758 Idem
2427 1707 2631 1774 quippe
2670 1708 2828 1761 vobis
2868 1709 3105 1777 simplici
3148 1718 3311 1777 atque
3341 1723 3569 1777 compo-

1990 1796 2094 1851 sita
2155 1803 2351 1850 natura
2386 1797 2752 1865 significatur.
2800 1796 2895 1852 Sin
2945 1809 3124 1854 autem
3176 1800 3322 1853 aliud
3371 1808 3570 1868 praeter

1992 1890 2117 1954 ista,
2146 1891 2306 1944 aliam
2341 1897 2592 1942 naturam
2637 1889 2797 1942 nobis
2835 1889 3124 1943 confusa-ti
3177 1889 3564 1954 introducitis,

1990 1981 2068 2032 uti
2104 1981 2334 2042 mulum,
2363 1986 2457 2032 aut
2495 1979 2922 2047 prodigiosailla
2971 1980 3206 2034 diversa:
3228 1979 3417 2034 forma:
3443 1978 3566 2032 ani-

1991 2071 2214 2136 mantia,
2241 2087 2364 2140 quae
2392 2086 2421 2124 a
2452 2071 2754 2140 gentilibus
2786 2069 2963 2124 ellicta
2997 2079 3148 2125 sunt.

2059 2183 2148 2240 67.
2186 2182 2306 2238 Una
2362 2181 2452 2238 illa
2508 2182 2814 2253 composita
2870 2190 3067 2237 natura
3116 2189 3223 2247 est,
3279 2185 3362 2240 vel
3424 2185 3561 2254 quia

1989 2289 2153 2328 carne
2192 2273 2416 2329 habitus
2460 2274 2636 2329 instar
2682 2272 2951 2338 induitur,
3003 2273 3251 2344 adeoque
3303 2290 3412 2330 una
3460 2279 3563 2341 est,

1989 2365 2292 2435 quamlibet
2321 2365 2629 2430 incarnata,
2667 2372 2724 2417 ut
2752 2374 2881 2435 puta
2914 2381 2988 2420 aes
3028 2365 3080 2419 in
3111 2374 3305 2421 statua:
3336 2367 3566 2436 ﬁguram

1987 2456 2398 2512 conformatum
2452 2475 2465 2510 :
2515 2457 2600 2512 vel
2651 2457 2779 2528 quia
2835 2467 3124 2528 assumpta
3181 2473 3312 2513 caro
3357 2466 3566 2513 mutata

1989 2548 2093 2601 fuit
2139 2549 2194 2602 in
2226 2557 2476 2602 naturam
2513 2549 2658 2604 illius
2703 2565 2732 2603 a
2767 2564 2876 2616 quo
2931 2558 3150 2620 sumpta
3179 2559 3296 2614 est,
3329 2551 3415 2605 vel
3471 2566 3569 2620 per

1926 2663 1946 2685 ο
1986 2647 2194 2693 natum
2240 2638 2575 2694 assumentis
2632 2639 2684 2693 in
2730 2640 3000 2710 assumpti
3040 2649 3293 2694 naturam
3341 2653 3566 2696 conver'

1985 2729 2218 2797 sionem,
2250 2731 2325 2784 ita
2358 2739 2415 2783 ut
2447 2745 2478 2784 a
2506 2729 2827 2786 substantia
2877 2731 3097 2801 propria
3148 2732 3360 2786 moveri
3405 2747 3568 2802 passa

1987 2822 2103 2874 sit:
2144 2821 2228 2874 vel
2277 2821 2496 2875 demum
2549 2831 2823 2890 quatenus
2883 2823 3194 2878 snbstantia
3245 2824 3569 2881 substantia!

1985 2909 2141 2962 unita
2175 2907 2300 2970 fuit,
2327 2918 2381 2962 et
2412 2909 2534 2963 dua:
2586 2915 2923 2966 consistunt.
2964 2914 3122 2979 Quod
3173 2916 3368 2970 horum
3410 2916 3567 2972 vobis

1988 3001 2264 3063 arriserit,
2317 3001 2520 3058 edicite
2563 3020 2575 3056 :
2619 3003 2704 3058 vel
2746 3004 2868 3059 dum
2915 3016 3121 3060 natura:
3150 3007 3410 3062 Christus
3460 3014 3566 3108 est‘l

1907 3125 1953 3185 ο
1983 3093 2067 3148 vel
2107 3107 2454 3162 nequaquam
2487 3093 2628 3148 duae.
2669 3093 2803 3148 Nam
2851 3113 2972 3164 quze
3013 3114 3108 3165 per
3160 3093 3566 3152 contradictio:

1983 3196 2106 3235 nem
2138 3181 2522 3246 enuntiantur,
2574 3181 2835 3236 omnibus
2887 3183 3063 3238 modis
3113 3183 3365 3252 Opposita
3412 3190 3563 3238 sunt.

1981 3269 2080 3324 Vel
2112 3286 2242 3340 ergo
2270 3272 2409 3326 duas
2444 3282 2675 3328 naturas
2723 3270 3038 3342 praedicate,
3089 3273 3361 3328 velunam
3406 3273 3560 3327 abso-

1984 3362 2095 3414 lute
2121 3361 2308 3416 dicite.
2334 3361 2474 3428 Quid
2530 3363 2674 3418 enim
2701 3363 3002 3417 dictionem
3037 3364 3368 3433 producitis,
3399 3363 3564 3434 cujus

1981 3455 2086 3507 vim
2115 3454 2398 3524 abnegatis
2431 3455 2497 3508 ad
2525 3454 2886 3524 simpliciores
2913 3453 3305 3524 decipiendos?

2051 3565 2141 3621 68.
2178 3565 2314 3622 Cum
2347 3575 2599 3621 naturam
2649 3582 2815 3622 uuam
2869 3567 2964 3624 Dei
2996 3566 3163 3623 Verbi
3217 3569 3562 3623 incarnatam

1980 3659 2186 3722 dicitis,
2214 3667 2311 3713 aut
2345 3659 2453 3713 vim
2482 3659 2653 3726 vocis,
2687 3661 3057 3724 incarnatam,
3087 3660 3431 3729 inficiamini,
3470 3668 3566 3720 aut

1979 3767 2080 3821 per
2132 3751 2686 3808 circumlocutionem
2748 3767 2816 3809 eo
2848 3751 3072 3807 nomine
3102 3761 3156 3807 et
3199 3752 3435 3807 termino
3472 3767 3568 3806 na-

1981 3852 2141 3900 turas
2203 3847 2342 3900 duas
2397 3844 2652 3911 effertis;
2701 3859 2866 3898 unam
2897 3843 3115 3915 quidem
3148 3852 3339 3914 aperte
3390 3845 3565 3898 nomi-

1979 3947 2203 4000 nantes,
2232 3936 2397 3992 aliam
2433 3953 2568 3992 vero
2613 3936 2883 4006 adiuncto
2932 3936 3170 3992 termino
3203 3936 3512 3992 indicantes
3550 3957 3562 3992 :

1978 4029 2024 4083 si
2061 4029 2284 4098 quidem
2307 4043 2438 4082 caro
2490 4029 2673 4082 anima
2733 4029 2970 4083 rationis
3004 4029 3275 4098 participe
3323 4028 3562 4081 animata

1979 4132 2035 4173 et
2064 4119 2431 4189 intelligente,
2465 4119 2706 4176 hominis
2735 4129 2936 4174 natura
2963 4121 3061 4173 sit.

2050 4233 2140 4288 69.
2176 4235 2309 4300 Quas
2346 4241 2476 4289 sunt
2509 4234 2741 4288 diversae
2779 4231 3140 4292 substantiae,
3173 4229 3380 4284 unione
3425 4231 3564 4285 ﬁunt

1977 4337 2172 4386 unum.
2225 4331 2279 4378 et
2326 4338 2434 4376 non
2503 4333 2721 4375 natura.
2785 4321 2995 4372 Natura
3052 4320 3256 4388 qui'ppe
3314 4335 3379 4373 ea
3439 4336 3564 4389 quae

1979 4417 2108 4463 sunt
2135 4407 2380 4475 ejusdem
2411 4405 2764 4467 substantiae,
2809 4417 2975 4458 unum
3002 4414 3152 4468 sunt,
3194 4403 3354 4458 Aliud
3393 4405 3563 4475 igitur

298 4494 389 4530 νον
441 4476 499 4528 ἓν
545 4476 763 4546 ἕτερον’
797 4478 860 4541 ἐξ
912 4477 1330 4547 ὅμοουσιὸτητος
1385 4478 1482 4547 μὲν
1534 4476 1694 4546 φύσις
1745 4477 1845 4546 μία
1866 4527 1881 4555 φ

1993 4509 2076 4554 est
2101 4504 2322 4560 natura,
2359 4503 2413 4550 et
2445 4494 2597 4549 aliud
2639 4495 2794 4560 unio,
2838 4505 2895 4550 et
2931 4494 3081 4549 aliud
3111 4495 3255 4562 quod
3293 4510 3358 4549 ex
3391 4496 3562 4565 plurio

298 4568 364 4619 ὲκ
410 4565 468 4618 δὲ
509 4566 610 4635 τῆς
660 4565 783 4621 καθ’
818 4565 1112 4620 ὑπόστασιν
1166 4565 1445 4632 ἑνώσεως,
1481 4567 1582 4636 μία
1633 4566 1875 4620 ὑπόστα-

298 4672 402 4719 σις.

365 4889 425 4937 0'.
458 4882 530 4936 Τὸ
556 4883 811 4952 Χριστὸς
845 4883 1036 4954 ὄνομα,
1073 4882 1214 4936 κατὰ
1245 4882 1336 4936 τὸν
1366 4881 1639 4952 μακάριον
1663 4880 1867 4952 Κύριλ-

294 4975 407 5035 λον,
443 4974 566 5028 οὔτε
621 4975 851 5046 δύναμιν
883 4976 1010 5046 ὅρου
1041 4975 1175 5046 ἔχει,
1203 4973 1327 5028 οὗτε
1361 4975 1460 5045 τήν
1503 4991 1651 5037 τινος
1685 4972 1871 5026 οὐσίαν

295 5063 463 5132 δηλοῖ.
498 5066 560 5118 El
600 5065 656 5119 δὲ
713 5067 789 5137 μὴ
821 5067 1008 5120 ούσίαν
1038 5067 1208 5136 δηλοῖ,
1239 5066 1330 5120 καὶ
1363 5067 1490 5137 ὅρου
1515 5065 1744 5135 δύναμιν
1771 5065 1872 5118 οὐκ

299 5149 434 5220 ἔχει,
461 5151 758 5214 ὑπόστασις
791 5154 857 5208 ἂν
897 5156 982 5224 είη
1015 5157 1110 5209 καὶ
1139 5157 1199 5208 οὑ
1237 5155 1416 5222 φύσις.
1445 5156 1598 5226 Ὅρῳ
1621 5155 1719 5225 μὲν
1763 5153 1868 5225 γὰρ

294 5241 453 5295 οὐσία
503 5243 597 5296 καὶ
643 5244 806 5311 φύσις
841 5245 1132 5317 δηλοῦσθαι
1164 5246 1429 5315 πέφυκεν,
1463 5247 1755 5315 ὑπογραφῇ
1789 5245 1865 5312 δὲ,

298 5333 591 5402 πρόσωπον
629 5339 724 5388 καὶ
756 5336 1074 5402 ὑπόστασις,
1103 5338 1261 5408 εἴπερ
1291 5339 1318 5390 ὁ
1348 5339 1446 5407 μὲν
1475 5337 1536 5401 ἐξ
1574 5336 1864 5399 ούσιωδῶν,

296 5423 331 5492 ἢ
355 5423 412 5477 δὲ
447 5424 507 5487 ἐξ
543 5425 885 5478 ὲπουσιωδῶν
931 5427 1238 5496 σύγκειται.
1269 5428 1343 5482 Τὸ
1395 5429 1450 5481 δὲ
1495 5428 1638 5494 Θεὸς
1673 5428 1864 5497 ὄνομα,

296 5512 592 5584 δηλωτικὸν
630 5514 978 5577 οὐσίαςιὲστίν
1013 5534 1023 5544 ·
1057 5517 1318 5580 ὡσαύτως
1348 5517 1402 5570 δὲ
1427 5519 1520 5571 καὶ
1548 5517 1608 5570 τὸ
1649 5516 1867 5585 ἄνθρω-

1981 4589 2086 4644 bus
2143 4587 2400 4642 efﬁcitur.
2431 4586 2799 4652 Quamobrem
2858 4601 2923 4640 ex
2979 4585 3562 4643 eonsubstantialitate

1983 4695 2090 4734 una
2126 4686 2321 4733 natura
2341 4684 2426 4733 est
2465 4695 2478 4732 :
2509 4693 2576 4732 ex
2602 4677 2808 4732 unione
2851 4689 3023 4746 penes
3055 4675 3414 4746 bypostasim,
3461 4678 3558 4747 hy-

1982 4771 2222 4842 postasis
2246 4784 2377 4824 una.

2046 4878 2208 4952 413
2222 4879 2312 4933 70.
2332 4879 2541 4937 Nomen
2567 4881 2787 4947 Christi,
2815 4889 2870 4936 ut
2897 4881 3091 4937 beatus
3113 4880 3348 4953 Cyrillus
3381 4881 3424 4914 ¹⁹
3455 4894 3557 4934 au~

1977 4977 2100 5024 etor
2117 4982 2222 5033 est,
2254 4987 2434 5042 neque
2466 4973 2574 5026 vim
2607 4973 2956 5028 definitionis
2983 4973 3166 5039 habet,
3187 4988 3289 5028 nec
3316 4970 3553 5038 alicujus

1975 5064 2272 5118 essentiam
2297 5061 2569 5119 declarat.
2603 5063 2760 5131 Quod
2796 5067 2840 5120 si
2863 5079 2963 5119 nec
2988 5063 3288 5120 essentiam
3312 5061 3553 5116 declarat

1975 5153 2234 5222 alicujus,
2294 5169 2398 5209 nec
2444 5157 2552 5209 vim
2586 5155 2752 5210 habet
2807 5155 3177 5215 definitionis.
3235 5147 3553 5221 hypostasis

1977 5243 2103 5308 erit,
2136 5259 2244 5298 non
2273 5255 2494 5299 natura.
2532 5243 2866 5300 Deﬁnitione
2909 5243 3056 5296 enim
3087 5241 3331 5296 essentia
3365 5237 3550 5294 decla-

1976 5347 2128 5390 ratur
2157 5354 2170 5390 :
2215 5335 2590 5405 descriptione
2633 5349 2785 5396 vero,
2822 5347 3063 5402 persona
3095 5339 3151 5386 et
3182 5329 3546 5402 hypostasis:

1973 5425 2424 5495 quandoquidem
2468 5423 2718 5478 deﬁnitio
2763 5437 2828 5476 cx
2883 5420 3272 5475 essentialibus
3319 5431 3546 5488 compo-

1974 5517 2157 5582 nitur;
2186 5514 2485 5582 descriptio
2519 5527 2648 5568 vero
2679 5527 2742 5566 ex
2774 5511 2841 5565 iis
2875 5526 2994 5580 quae
3041 5518 3170 5566 sunt
3197 5511 3252 5564 in
3284 5509 3540 5567 substan-

372 5693 414 5725 "
442 5693 628 5762 Cyrill.
669 5695 722 5748 in
753 5692 922 5751 schol.
964 5695 1113 5749 citat.
1161 5711 1187 5746 τι
1224 5693 1279 5748 S.
1316 5694 1481 5763 Μαι,
1510 5699 1668 5765 epist.
1709 5696 1729 5750 l
1760 5697 1822 5751 ad
1851 5694 2096 5750 Thalass.
2135 5692 2292 5749 Tum.
2329 5692 2390 5759 ll,
2435 5710 2484 5762 ρ.
2529 5692 2652 5746 9.77.
