3980 6140
457 318 613 407 ιιτι

1633 347 1695 410 S.
1727 348 2047 410 JOANNIS
2074 352 2470 413 DAMASCEN
2477 356 2504 414 Ι

3562 355 3717 420 1472

452 456 549 509 tia.
601 455 774 511 Porro
828 472 1029 515 nomen
1084 456 1183 513 Dei
1237 452 1539 512 essentiam
1588 457 2016 515 substantiamve

2127 475 2253 528 πος.
2291 464 2355 516 Τί
2389 464 2482 518 οῦν
2504 464 2594 519 τὸν
2632 464 2731 516 ινα
2768 463 3026 535 Χριστὸν,
3057 463 3148 518 τὸν
3168 475 3191 504 ⁸
3215 466 3349 519 Θεόν
3380 483 3441 520 τε
3476 469 3572 521 καὶ
3603 469 3710 521 τὸν

451 544 747 614 signiﬁcat,
771 547 1025 605 similiter
1047 563 1247 604 nomen
1274 545 1538 601 hominis.
1567 545 1717 612 Quid
1741 564 1923 605 causa:
1942 560 2026 607 est

453 634 640 703 igitur,
674 651 774 690 cur
822 653 991 693 unum
1042 639 1347 704 Christum,
1390 636 1563 693 Deum
1617 645 1671 693 et
1723 638 2022 704 hominem,

452 724 786 793 hypostasim
818 743 982 783 unam
1018 729 1378 798 compositam
1402 768 1416 789 ,
1461 737 1738 799 quatenus
1768 728 2025 785 Christus

450 825 556 879 est,
584 831 691 870 non
729 818 1076 887 praedicetis;
1108 828 1378 890 quatenus
1405 834 1538 874 vero
1568 819 1714 875 Deus
1750 832 1804 875 et
1837 822 2020 888 homo,

449 921 558 960 non
594 908 733 963 duas
765 912 1031 966 naturas?

518 997 606 1050 7|.
640 997 753 1053 Etsi
805 1014 936 1053 vero
975 1017 1039 1054 ex
1082 1000 1344 1069 perfectis
1392 1001 1523 1054 unio
1578 1000 1670 1055 ﬁat
1715 1021 1729 1056 :
1783 1010 2022 1059 attamen

449 1067 667 1144 ratione
700 1091 899 1154 totius,
931 1092 982 1145 id
1036 1067 1120 1146 est
1153 1093 1274 1161 ejus
1305 1094 1448 1162 quod
1478 1093 1727 1147 unitione
1770 1092 2021 1147 eﬂ'ertum

448 1187 552 1243 est,
576 1188 759 1248 partes
787 1181 1069 1247 dicuntur,
1095 1198 1216 1253 quae
1248 1184 1315 1238 ad
1350 1185 1613 1239 unionem
1649 1191 2021 1249 concurrunt;

453 1275 511 1320 ut
549 1277 676 1335 puta
724 1283 791 1322 ex
829 1276 1000 1332 terra,
1035 1279 1090 1325 et
1118 1272 1292 1340 palea,
1339 1281 1393 1325 et
1428 1287 1567 1341 aqua
1606 1272 1804 1327 lateres
1842 1271 2018 1326 ﬁunt:

449 1371 682 1425 quorum
705 1359 985 1428 quodlibet
1033 1375 1130 1429 per
1185 1376 1245 1416 se
1285 1361 1518 1417 seorsim
1561 1362 1868 1431 perfectum
1902 1370 2021 1428 est;

451 1446 518 1500 ad
543 1447 767 1502 laterem
796 1465 933 1504 vero
955 1450 1103 1519 quod
1133 1453 1346 1514 attinet,
1377 1468 1503 1521 pars
1529 1463 1805 1509 censetur.
1832 1452 2023 1509 Partes

449 1549 582 1605 ergo
618 1536 821 1593 Christi
854 1538 977 1594 dua:
1009 1554 1220 1596 natura!
1253 1552 1413 1598 sunt:
1445 1559 1509 1599 ex
1537 1544 1827 1598 divinitate
1858 1545 2025 1614 siqui-

450 1622 575 1676 dem
605 1633 661 1679 et
692 1626 1034 1684 humanitate
1085 1631 1328 1685 exsistit.
1362 1630 1652 1696 Quomodo
1702 1631 1867 1700 igitur
1915 1645 2023 1684 non

450 1721 579 1766 sunt
625 1726 811 1781 partes
846 1717 902 1772 in
937 1727 1076 1782 toto,
1112 1736 1213 1775 nec
1259 1728 1432 1775 totum
1489 1722 1545 1775 in
1598 1722 1880 1791 partibus?
1927 1731 2023 1776 aut

451 1805 601 1860 enim
657 1807 713 1861 in
764 1808 886 1878 ipso
935 1818 1088 1874 sunt,
1144 1819 1241 1866 aut
1287 1813 1453 1879 alibi;
1511 1821 1605 1868 aut
1651 1813 1768 1882 ipse
1802 1829 2022 1883 quoque

451 1896 757 1954 exstinctus
800 1901 927 1965 erit,
971 1910 1065 1954 aut
1098 1902 1154 1956 in
1205 1903 1331 1959 aliis
1379 1910 1467 1958 est
1508 1910 1706 1973 praeter
1757 1904 1886 1970 ista,
1930 1913 2023 1961 aut

451 2000 748 2054 nusquam.

521 2074 608 2128 72.
650 2075 707 2129 Si
737 2092 868 2132 caro
896 2078 1142 2146 ejusdem
1185 2090 1395 2135 naturae
1429 2091 1514 2137 est
1549 2100 1675 2139 cum
1728 2088 2023 2145 divinitate

453 2160 658 2227 Verbi,
709 2165 986 2233 quomodo
1047 2166 1293 2223 Trinitas
1341 2170 1394 2223 in
1429 2174 1863 2239 quaternitatem
1909 2191 2018 2230 non

455 2249 712 2303 transiit?
741 2250 873 2317 Quae
903 2254 1048 2308 enim
1078 2255 1572 2314 consubstantialia
1605 2269 1754 2329 sunt,
1789 2262 2021 2320 diversae

453 2346 583 2393 sunt
632 2340 963 2411 hypostasis.
1019 2344 1115 2400 Sin
1167 2363 1298 2402 vero
1344 2349 1575 2406 diversae
1606 2356 1857 2410 essentia;
1888 2371 2019 2412 caro

451 2437 536 2483 cst
575 2447 588 2483 :
628 2433 720 2501 qui
765 2434 821 2486 ﬁt
853 2444 909 2489 ut
931 2434 1184 2493 Christus
1213 2453 1324 2493 non
1358 2440 1433 2494 sit
1455 2440 1577 2495 duae
1612 2447 1869 2501 naturas?

521 2520 611 2577 75.
649 2519 708 2575 Si
743 2522 888 2580 Deus
920 2525 1161 2583 Verbum
1191 2540 1245 2585 et
1281 2529 1444 2586 Pater
1497 2534 1803 2588 secundum
1861 2537 2018 2607 quid-

451 2609 576 2664 dam
624 2611 735 2667 duo
799 2625 960 2682 sunt;
1020 2632 1149 2671 caro
1216 2628 1399 2675 autem
1451 2631 1506 2678 et
1567 2625 1711 2681 Deus
1777 2627 2012 2682 Verbum

452 2702 753 2757 secundum
798 2705 934 2758 nihil
968 2707 1078 2762 duo
1114 2718 1263 2777 sunt,
1302 2713 1427 2781 plus
1463 2718 1673 2769 unitum
1717 2726 1803 2771 est
1857 2719 2012 2771 carni

450 2789 713 2859 Verbum,
738 2808 901 2863 quam
935 2797 1104 2853 Patri.
1133 2799 1227 2853 Sin
1249 2818 1378 2857 vero
1406 2819 1512 2858 non
1547 2806 1690 2875 plus,
1716 2809 2015 2863 secundum

451 2881 655 2951 aliquid
708 2892 839 2939 sunt
892 2886 1002 2941 duo
1050 2886 1194 2943 Deus
1223 2889 1462 2946 Verbum
1494 2901 1548 2948 et
1593 2911 1742 2949 caro.
1780 2895 1937 2962 Quod
1971 2897 2016 2951 si

448 2972 752 3028 secundum
802 2975 1008 3046 aliquid
1059 2979 1171 3033 duo
1224 2991 1382 3050 sunt;
1437 2986 1664 3040 omnino
1712 2988 2015 3042 secundum

449 3073 742 3123 laturam:
774 3084 881 3123 non
915 3064 1060 3125 enini
1101 3076 1402 3129 secundum
1436 3076 1799 3146 hypostasim.

519 3155 607 3210 74.
647 3155 803 3214 Unus
834 3158 1090 3218 Christus
1116 3204 1130 3228 ,
1169 3168 1476 3234 composita
1530 3168 1623 3222 illa
1677 3169 2013 3239 hypostasis,

447 3254 643 3301 natura
667 3247 808 3302 idem
835 3260 919 3304 est
944 3264 1067 3305 cum
1109 3251 1290 3320 Patre,
1332 3264 1386 3308 et
1427 3254 1657 3324 Spiritu,
1691 3273 1814 3312 cum
1843 3267 2021 3315 matre

448 3336 632 3392 itidem
665 3347 721 3394 et
764 3342 943 3397 nobis.
979 3344 1077 3398 Est
1120 3344 1267 3397 enim
1316 3352 1431 3399 tum
1482 3346 1649 3412 Patri,
1699 3358 1811 3403 tum
1859 3351 2018 3408 nobis

446 3430 969 3498 eonsubstantialis;
1011 3447 1135 3486 cum
1181 3441 1360 3489 tamen
1404 3435 1683 3505 hypostasi
1715 3439 2015 3510 discrepet.

449 3517 506 3570 Si
555 3519 724 3587 igitur
763 3531 1018 3575 naturam
1053 3538 1220 3576 unam
1257 3526 1619 3595 compositam
1667 3529 1715 3584 ei
1750 3531 2015 3595 tribuitis,

446 3607 663 3663 Patrem
700 3611 931 3679 proinde
974 3625 1025 3668 et
1085 3612 1348 3684 Spiritum
1398 3627 1651 3683 sanctum
1703 3625 2019 3690 compositae

447 3707 660 3756 naturae
685 3717 806 3758 esse
835 3703 1070 3769 dicetis;
1101 3707 1350 3775 quinimo
1390 3707 1712 3764 Trinitatem
1745 3721 1798 3767 et
1837 3713 2016 3769 homi-

448 3805 545 3844 nes
579 3793 743 3846 unius
777 3809 900 3848 esse
930 3806 1143 3850 naturae
1176 3797 1510 3855 fatebimini.
1550 3799 1649 3855 Sin
1680 3817 1811 3857 vero
1844 3805 2017 3876 hypoo

444 3879 634 3934 stasim
688 3880 744 3933 in
788 3885 1010 3939 naturis
1056 3886 1272 3943 duabus
1321 3901 1668 3957 exstantem,
1713 3895 2014 3950 secundum

445 3969 592 4023 aliud
610 3967 762 4024 Patri
779 3973 1270 4033 consubstantialis
1287 3980 1411 4046 erit,
1436 3992 1491 4037 et
1515 3983 1819 4038 secundum
1843 3986 2011 4053 aliud,

446 4060 629 4117 nobis.
683 4062 697 4098 ¹
1780 4072 1783 4075 ·

515 4152 603 4209 75.
633 4150 818 4210 Deitas
846 4152 914 4209 de
949 4154 1130 4213 tribus
1168 4158 1398 4215 viviﬁcae
1426 4159 1724 4220 Trinitatis
1752 4165 2014 4237 byposta-

386 4290 387 4293 η
443 4241 596 4297 sibus
631 4246 1309 4306 enuntiatur:consimili
1366 4253 1529 4309 modo
1579 4255 1898 4316 humanitas
1944 4260 2015 4317 de

443 4332 670 4391 inﬁnitis
714 4347 928 4394 naturae
983 4340 1237 4398 humanae
1288 4344 1703 4416 hypostasibus.
1757 4349 1815 4405 Si
1876 4367 2011 4424 ergo

2124 556 2442 625 ἄνθρωπον,
2489 556 2562 627 μὴ
2616 556 2743 627 μίαν
2800 557 2899 626 μὲν
2944 557 3240 612 ὑπόστασιν
3301 558 3591 624 σύνθετον,
3623 561 3708 625 ὡς

2124 645 2380 716 Χριστὸν,
2407 646 2645 737 ὡςΘεὸν
2667 648 2724 701 δὲ
2755 648 2848 702 καὶ
2878 647 3189 720 ἄνθρωπον,
3227 648 3320 702 δύο
3354 649 3549 718 φύσεις
3594 668 3707 723 xq-

2128 735 2325 806 ρύξατε
2348 741 2403 803 ι;

2192 1009 2293 1063 οα’.
2321 1009 2384 1062 El
2410 1008 2467 1062 δὲ
2487 1006 2580 1062 καὶ
2602 1009 2666 1061 ὲκ
2686 1006 2903 1061 τελείων
2933 1009 2967 1077 ἡ
3001 1008 3197 1071 ἕνωσις
3218 1006 3442 1078 )ένοιτο,
3470 1011 3609 1067 ἀλλά
3631 1030 3700 1081 γε

2124 1099 2373 1169 καὶπρὸς
2397 1100 2460 1152 τὸ
2506 1099 2646 1164 ὅλον,
2675 1099 2793 1169 ἦτοι
2827 1099 2888 1152 τὸ
2935 1098 2999 1153 ὲκ
3035 1099 3136 1169 τῆς
3159 1100 3400 1164 ὲνὼσεως
3432 1104 3701 1157 ἀποτέλε-

2125 1208 2258 1261 σμα,
2292 1191 2433 1262 μέρη
2455 1192 2525 1246 τὰ
2576 1191 2713 1262 πρὸς
2749 1191 2943 1246 ῐνωσιν
2985 1193 3304 1247 συνελθόντα
3345 1194 3586 1263 λέγεται,
3618 1198 3700 1262 ὡς

2123 1282 2187 1334 ὲκ
2209 1282 2330 1352 χοὸς
2363 1283 2546 1352 τυχὸν,
2584 1285 2615 1353 ἠ
2661 1284 2899 1348 πλίνθος,
2929 1285 3028 1338 καὶ
3075 1284 3304 1355 ὰχύρου,
3336 1287 3429 1339 καὶ
3476 1288 3699 1355 ῦδατος,

2122 1363 2197 1424 ὧν
2230 1371 2459 1425 ἕκαστον
2480 1411 2496 1438 ,
2531 1372 2653 1425 καθ’
2684 1373 2819 1426 αὑτὸ
2857 1373 2958 1443 μὲν
2994 1373 3218 1438 τέλειον,
3251 1374 3413 1445 μέρος
3444 1376 3502 1429 δὲ
3553 1379 3695 1448 πρὸς

2122 1462 2220 1531 τὴν
2260 1463 2479 1517 πλίνθον
2512 1464 2837 1532 λελόγισται.
2892 1464 3051 1535 Μέρη
3098 1464 3277 1529 τοίνυν
3319 1467 3555 1537 Χριστοῦ
3598 1467 3698 1521 δύο

2123 1554 2313 1622 φύσεις
2340 1571 2355 1586 σ
2379 1556 2443 1607 ὲκ
2483 1555 2733 1625 θεότητος
2783 1555 2893 1626 γὰρ
2924 1550 3081 1618 οὗτος
3111 1556 3204 1609 καὶ
3245 1556 3695 1628 ἀνθρωπότητος.

2123 1644 2247 1707 Πῶς
2267 1639 2360 1697 οὖν
2386 1644 2486 1696 οὐκ
2514 1645 2573 1697 ὲν
2601 1643 2681 1714 τῷ
2710 1644 2817 1714 ὅλῳ
2857 1645 2928 1697 τὰ
2956 1645 3119 1716 μέρη,
3148 1646 3241 1699 καὶ
3267 1646 3329 1698 τὸ
3353 1646 3473 1699 ὅλον
3501 1648 3560 1700 ὲν
3578 1650 3696 1711 τοῖς

2128 1736 2384 1806 μέρεσιν;
2420 1738 2491 1789 Ἢ
2533 1737 2641 1807 γὰρ
2669 1737 2726 1789 ἐν
2766 1738 2933 1808 αὐτῷ,
2963 1738 2994 1808 ἦ
3035 1738 3333 1807 ἀλλαχόσε,
3358 1739 3392 1808 ἢ
3423 1739 3699 1811 ἀνῄρηται

2126 1826 2219 1878 καὶ
2258 1825 2441 1891 αὐτὸς,
2482 1824 2515 1895 ἢ
2547 1827 2604 1880 ὲν
2633 1826 2812 1890 ἄλλοις
2853 1827 3007 1897 παρὰ
3031 1826 3226 1892 ταῦτα,
3251 1828 3287 1898 ἢ
3312 1827 3549 1898 οὐδαμῆ.

2192 2090 2292 2162 οβ’.
2319 2091 2382 2145 Εἰ
2434 2095 2533 2163 τῆς
2582 2092 2752 2163 αὐτῆς
2791 2093 3065 2164 φύσεωςή
3097 2093 3233 2164 σὰρξ
3261 2097 3325 2165 τῇ
3370 2095 3465 2147 τοῦ
3513 2096 3693 2164 Λόγου

2121 2183 2373 2252 θεότητι,
2404 2182 2523 2246 πῶς
2569 2184 2629 2236 οὐ
2688 2183 2879 2252 γέγονε
2923 2185 3122 2255 τετρὰς
3150 2186 3183 2254 ή
3227 2185 3430 2253 Τριάς;
3456 2186 3536 2239 Τὰ
3582 2188 3691 2256 γὰρ

2118 2275 2379 2346 όμοοὺσια
2422 2276 2615 2347 ἑτέρας
2654 2277 2804 2329 ἐστὶν
2833 2277 3206 2340 ὑποστάσεως.
3241 2279 3304 2330 ΕΞ
3336 2278 3395 2331 δὲ
3440 2279 3688 2349 ἑτεροού-

2122 2382 2255 2431 σιος,
2285 2366 2401 2430 πῶς
2421 2367 2478 2419 οὑ
2506 2366 2600 2420 δύο
2624 2366 2816 2436 φύσεις
2846 2368 2993 2423 ἐστὶν
3017 2371 3045 2422 ό
3070 2370 3303 2440 Χριστός
3326 2388 3341 2436 ;

2186 2550 2285 2611 ογ’.
2315 2542 2379 2595 Et
2424 2541 2452 2593 ό
2504 2539 2635 2604 Θεὸς
2672 2542 2843 2610 Λόγος
2886 2547 2981 2598 καὶ
3010 2549 3039 2599 ό
3094 2547 3281 2617 Πατὴρ
3324 2547 3469 2599 κατά
3495 2545 3546 2598 τί
3586 2549 3689 2599 εἱσι

2082 2640 2232 2723 .660,
2266 2639 2299 2706 ἡ
2332 2635 2390 2688 δὲ
2425 2636 2560 2707 σὰρξ
2588 2636 2683 2689 καὶ
2715 2637 2744 2688 ό
2768 2636 2899 2700 Θεὸς
2916 2639 3089 2706 Λόγος
3115 2639 3236 2692 κατ’
3258 2639 3408 2692 οὐδέν
3438 2642 3545 2691 εἱσι
3572 2637 3683 2702 δύο,

2116 2732 2278 2786 πλέον
2330 2732 2536 2801 ἥνωται
2588 2733 2655 2801 τῇ
2697 2730 2881 2800 σαρκὶ,
2915 2730 3047 2793 Θεὸς
3098 2730 3290 2798 Λόγος,
3322 2730 3460 2801 ἦτῷ
3491 2729 3683 2800 Πατρί.

2118 2824 2183 2879 Ei
2206 2822 2263 2876 δὲ
2285 2821 2347 2875 οὐ
2386 2821 2552 2893 πλέον
2576 2839 2590 2853 ’
2619 2822 2761 2877 κατά
2785 2838 2839 2874 τι
2872 2820 3001 2889 γοῦν
3031 2822 3137 2874 είσι
3179 2821 3272 2874 δύο
3303 2822 3332 2873 ό
3358 2821 3490 2885 Θεὸς
3517 2821 3690 2890 Λόγος

2117 2912 2215 2965 καὶ
2240 2914 2273 2981 ή
2313 2909 2470 2983 σάρξ.
2496 2912 2606 2965 Καὶ
2633 2913 2683 2964 εί
2716 2911 2859 2966 κατά
2883 2929 2957 2976 τι,
2977 2911 3071 2964 δύο
3099 2911 3240 2966 κατὰ
3260 2911 3423 2980 φύσιν
3446 2928 3460 2942 ·
3484 2913 3543 2966 οὐ
3578 2912 3692 2984 γὰρ

2080 3060 2083 3067 _
2119 3002 2249 3056 καθ*
2273 3002 2593 3056 ὑπόστασιν.

2145 3176 2389 3239 ςοῧ.,⁹0
2424 3172 2504 3243 εἷς
2549 3176 2862 3248 Χριστὸς,ή
2901 3176 3153 3241 σύνθετος
3192 3178 3511 3244 ὑπόστασις,
3543 3182 3685 3235 κατὰ

2125 3266 2223 3335 μὲν
2273 3265 2436 3333 φύσιν
2464 3266 2776 3329 ταυτίζεται
2818 3267 2895 3336 τῷ
2927 3268 3106 3338 Πατρὶ
3143 3270 3237 3321 καὶ
3275 3269 3355 3340 τῷ
3384 3270 3681 3341 Πνεύματι,

2118 3357 2185 3425 τῃ
2216 3350 2401 3424 Μητρί
2440 3370 2500 3406 τε
2532 3355 2627 3408 καὶ
2659 3354 2787 3424 ὑμῖν
2808 3371 2821 3384 ·
2864 3354 2960 3409 καὶ
2998 3355 3078 3425 τῷ
3103 3356 3279 3427 llatth
3304 3358 3410 3428 γάρ
3445 3360 3559 3412 ἐστι
3589 3360 3681 3414 καὶ

2120 3446 2248 3515 ὑμῖν
2277 3445 2560 3516 όμοούσιος
2581 3462 2594 3476 ο
2624 3445 2871 3516 διαφέρει
2902 3446 2958 3499 δὲ
2992 3446 3115 3501 καθ’
3142 3447 3456 3502 ὑπόστασιν.
3487 3451 3549 3504 Εί
3583 3450 3685 3520 μὲν

2118 3532 2211 3590 οὖν
2237 3536 2365 3606 μίαν
2413 3534 2573 3604 φύσιν
2616 3535 2767 3606 αὑτῷ
2805 3535 2942 3589 δῶτε
2991 3535 3260 3604 σύνθετον,
3298 3538 3551 3592 συνθέτου
3581 3540 3687 3609 φῦ-

2121 3643 2257 3689 σεως
2289 3624 2376 3679 τὸν
2406 3625 2625 3695 Πατέρα
2659 3625 2830 3678 καὶτὸ
2863 3626 3086 3693 Πνεῦμα
3111 3626 3174 3679 τὸ
3189 3628 3343 3695 ἆγιον
3360 3628 3565 3695 λέξατε,
3588 3630 3687 3683 καὶ

2123 3718 2248 3785 μιᾶς
2266 3715 2476 3784 φύσεως
2504 3715 2602 3786 τὴν
2625 3715 2829 3785 Τριάδα
2850 3716 3089 3780 καὶτοὺς
3114 3717 3430 3789 ἀνθρώπους
3453 3719 3683 3775 εἴποιτε.

2118 3805 2181 3858 Et
2206 3804 2263 3858 δὲ
2293 3805 2590 3858 ὑπόστασιν
2639 3805 2697 3858 ἐν
2734 3804 2827 3858 δύο
2872 3805 3275 3878 γνωριζομένην
3311 3810 3525 3877 φύσεσι,
3554 3814 3689 3866 κατ’

2116 3896 2246 3951 ἄλλο
2289 3896 2446 3952 ἔσται
2494 3898 2574 3970 τῷ
2622 3900 2800 3971 Πατρὶ
2848 3902 2944 3954 καὶ
2987 3901 3107 3955 κατ’
3143 3901 3263 3957 ἄλλο
3304 3904 3435 3973 ἡμῖν
3478 3904 3689 3973 ὀμοοῦ-

2118 4004 2250 4051 σιος.

2185 4160 2276 4218 σε’.
2327 4162 2393 4216 Ἦ
2438 4162 2627 4233 θεότης
2674 4163 2817 4218 κατὰ
2847 4164 2956 4219 τῶν
3002 4132 3169 4236 τριιῦν
3212 4166 3314 4236 τῆς
3365 4166 3686 4239 ζωαρχικῆς

2115 4252 2345 4323 Τριάδος
2374 4254 2722 4317 ὑποστάσεως
2769 4253 3019 4326 φέρεται,
3045 4255 3248 4326 ὁμοίως
3294 4256 3383 4310 καὶ
3414 4259 3447 4327 ἡ
3477 4258 3687 4328 ἀνθρω-

2116 4343 2285 4413 πότης
2315 4344 2459 4398 κατὰ
2486 4344 2595 4398 τῶν
2627 4345 2871 4416 ἀπείρων
2921 4347 3021 4415 τῆς
3068 4347 3419 4419 ἀνθρωπίνης
3471 4349 3686 4417 φύσεως

442 4435 693 4482 naturam
717 4445 881 4485 unam
902 4431 1127 4490 deitatis
1156 4435 1629 4511 humanitatisque
1656 4441 1876 4507 dicatis,
1900 4461 2011 4502 una

2127 4434 2488 4488 ὑποστάσεων.
2544 4437 2606 4489 El
2657 4436 2837 4491 τοίνυν
2882 4437 3013 4508 μίαν
3070 4437 3232 4505 φύσιν
3281 4438 3382 4508 τῆς
3432 4438 3686 4510 θεότητος

440 4523 659 4582 natura,
705 4522 1005 4577 secundum
1037 4534 1278 4581 vestram
1323 4529 1659 4599 opinionem,
1701 4533 1754 4588 in
1787 4535 2011 4593 Christo

440 4605 607 4660 trium
641 4618 965 4666 sanctarum
999 4612 1289 4674 Trinitatis
1335 4621 1720 4693 hypostasium
1762 4626 1891 4693 fuit,
1927 4629 2014 4684 in-

441 4697 830 4771 ﬁnitarumque
861 4704 1238 4774 hypostasium
1281 4711 1660 4769 humanitatis.

510 4787 596 4843 ‘76.
630 4787 686 4842 Si
716 4794 1104 4859 particularem
1128 4801 1535 4874 specialemque
1559 4805 1722 4861 Verbi
1751 4808 2011 4865 substan-

438 4879 569 4931 tiam
611 4881 885 4949 asseritis,
919 4883 1174 4958 idemque
1206 4905 1332 4947 esse
1364 4902 1616 4950 naturam
1653 4904 1709 4951 et
1742 4897 2006 4969 hyposta-

436 4967 577 5034 sim;
616 4968 855 5027 indicate
900 4969 1061 5031 nobis'
1102 4989 1419 5036 sanctorum
1468 4982 1693 5039 Patrum
1741 4967 2002 5060 aliquem,

434 5060 530 5128 qui
586 5068 700 5117 tres
748 5070 978 5123 naturas
1011 5070 1444 5136 {substantiasve
1478 5076 1681 5133 dixerit
1712 5078 1768 5133 in
1809 5088 2004 5137 sancta

439 5149 730 5219 Trinitate,
761 5170 997 5227 nosque,
1033 5163 1291 5231 imposita
1321 5165 1403 5218 ori
1442 5181 1630 5231 manu,
1662 5171 2004 5230 conticesce-

437 5253 582 5296 mus.
606 5241 772 5315 414
803 5243 899 5301 Sin
931 5263 1060 5305 vero
1089 5250 1384 5307 ostendere
1408 5267 1518 5306 non
1546 5257 1798 5325 potestis,
1838 5274 2005 5316 eccur

437 5343 576 5385 vane
619 5333 687 5388 de
740 5337 935 5403 corde,
981 5346 1037 5395 et
1085 5355 1198 5395 non
1247 5357 1312 5397 ex
1364 5342 1497 5412 Deo,
1552 5347 1842 5418 loquentes
1899 5353 2006 5408 fre-

436 5420 624 5477 mitis?

2113 4527 2207 4579 xat
2233 4525 2331 4596 τῆς
2364 4525 2783 4596 ἁνθρωπότητος
2814 4527 3026 4597 εἴπητε,
3054 4528 3153 4598 μία
3187 4528 3352 4609 φύσις
3382 4529 3504 4584 καθ’
3538 4531 3684 4601 ὑμᾶς

2112 4615 2172 4669 ἐν
2201 4615 2281 4686 τῷ
2314 4616 2536 4686 Χριστῷ
2567 4617 2757 4686 γέγονε
2786 4617 2894 4672 τῶν
2923 4618 3092 4687 ἁγίων
3116 4619 3218 4689 τῆς
3246 4620 3478 4687 Τριάδος
3516 4621 3685 4692 τριῶν

2113 4707 2480 4762 ὑποστάσεων.

2180 4806 2285 4865 οςδ,
2322 4801 2384 4854 Εί
2409 4801 2642 4872 μερικὴν
2663 4802 2754 4856 καὶ
2778 4802 2952 4873 ίδικὴν
2977 4803 3167 4857 οὐσίαν
3190 4802 3286 4857 τοῦ
3315 4804 3492 4872 Λόγου
3521 4805 3684 4872 φατὲ,

2113 4889 2208 4943 καὶ
2245 4890 2438 4945 ταυτὸν
2469 4891 2630 4960 φύσιν
2681 4893 2777 4946 καὶ
2815 4892 3109 4946 ὑπόστασιν
3145 4893 3360 4957 δείξατε
3395 4897 3526 4964 ἡμῖν
3559 4894 3684 4948 τίνα

2110 4980 2220 5035 τῶν
2255 4981 2427 5050 ἁγίων
2464 4981 2724 5052 Πατέρων
2771 4985 2921 5054 τρεῖς
2953 4984 3145 5053 φύσεις
3177 4981 3209 5052 ἢ
3242 4984 3430 5047 οὐσίας
3466 4985 3562 5038 ἐπὶ
3584 4985 3688 5054 τῆς

2112 5074 2274 5143 ἁγίας
2312 5074 2542 5147 Τριάδος
2565 5075 2808 5142 εἰπόντα,
2842 5075 2936 5130 καὶ
2960 5077 3120 5148 ἡμεῖς
3160 5076 3460 5146 σιγήσομεν
3484 5115 3499 5141 ,
3522 5078 3688 5146 χεῖρα

2110 5169 2204 5223 ἐπὶ
2254 5168 2486 5240 στόματι
2540 5167 2780 5238 θέμενοι.
2814 5169 2879 5223 Εί
2927 5169 2984 5224 δὲ
3020 5172 3095 5241 μὴ
3136 5166 3307 5233 δεῖξαι
3345 5168 3605 5231 δύνασθε,
3631 5168 3686 5222 τί

2113 5260 2289 5332 μάτην
2335 5263 2442 5316 ἀπὸ
2492 5261 2749 5333 καρδίας,
2781 5262 2874 5317 καὶ
2924 5260 3025 5315 οὐκ
3079 5261 3142 5314 ἐκ
3191 5257 3328 5314 Θεοῦ
3351 5302 3364 5329 ,
3392 5258 3689 5333 λαλοῦντες

2107 5353 2347 5423 φρυάττε
2355 5353 2445 5407 σθε
2462 5370 2479 5420 ;

1707 5575 1940 5634 VARIAE
1981 5575 2272 5634 LECTION
2278 5574 2379 5631 ES.

502 5663 827 5728 ‘Articulus
847 5674 938 5731 τὸν
988 5679 1280 5750 utrobique
1329 5687 1637 5757 superﬂuus
1663 5698 1767 5749 est.

1885 5694 1899 5729 ⁸
1934 5690 2060 5764 ch.
2087 5707 2157 5762 κη
2168 5690 2374 5762 ρύξετε.
