3980 6140
303 267 430 332 1473

1556 267 1853 328 CONTRA
1893 268 2310 344 JACOBITAS.

3392 282 3525 347 1474

359 381 452 444 οζν.
489 379 562 432 T6
590 379 694 432 τῶν
726 376 1064 447 πραγμάτων
1096 376 1285 440 ποσὸν,
1316 378 1375 429 οὐ
1428 379 1587 448 μόνον
1619 380 1858 450 ὡρισμέ-

2001 381 2004 383 ‘
2033 381 2117 433 77.
2155 378 2448 446 Quantitas
2479 392 2657 436 rerum
2689 398 2796 438 non
2834 387 3010 440 solum
3044 388 3269 443 definito
3300 407 3527 448 numero

292 489 378 535 νος
408 472 636 542 ἀριθμὸς
669 469 998 541 παρίστησιν
1022 506 1036 532 ,
1059 467 1198 521 ἀλλὰ
1231 467 1295 540 δὴ
1336 470 1429 522 καὶ
1465 471 1494 521 6
1527 469 1797 538 ἀόριστος,
1825 471 1854 521 6

291 563 458 616 πολλὰ
483 561 664 631 τυχὸν,
697 561 792 614 καὶ
823 561 979 629 ὀλίγα
999 599 1013 620 ,
1040 561 1138 614 καὶ
1165 560 1405 625 πλείονα,
1436 560 1526 613 καὶ
1553 561 1813 614 ἐλάττονα
1839 576 1851 588 ·

289 652 385 703 καὶ
434 652 466 720 η
503 652 765 720 ἀναλογία
801 652 872 705 δὲ.
894 653 1091 706 ταυτὸν
1123 648 1231 706 οἶδε
1274 655 1534 717 πολλάκις
1559 659 1751 722 ποιεῖν,
1780 657 1856 718 ὡς

291 741 351 794 :6
391 741 575 809 μεῖζον
608 745 701 796 καὶ
741 743 855 797 ἴσον
897 744 994 798 καὶ
1034 741 1227 816 ἦττον·
1255 746 1390 800 ἀλλὰ
1434 747 1528 800 καὶ
1551 748 1584 815 ἡ
1610 746 1856 816 δεικτικὴ

288 832 462 902 φωνὴ,
491 834 670 886 τοῦτό
697 852 860 904 φημι,
888 836 1151 900 κάκεῖνο,
1173 837 1268 890 καὶ
1310 837 1516 899 ταῦτα,
1551 838 1647 891 καὶ
1678 837 1854 901 ἄλλο,

288 924 385 975 καὶ
407 923 638 991 ἕτερον·
664 925 759 976 καὶ
788 925 826 991 ἡ
877 923 1067 990 τάξις,
1111 924 1187 988 ὡς
1226 927 1340 993 πρὸ
1382 926 1579 989 τοῦδε,
1608 927 1700 979 καὶ
1728 927 1855 996 μετ’

281 1011 482 1065 ἐκεῖνο
500 1051 514 1075 ,
547 1014 640 1066 καὶ
669 1014 768 1068 ἀπ’
815 1013 1029 1082 ἀρχῆς,
1059 1015 1152 1066 καὶ
1183 1014 1456 1082 ὕστερον,
1483 1018 1577 1070 καὶ
1599 1016 1775 1088 ἕτεροι
1800 1016 1856 1069 δὲ

281 1103 478 1172 τρόποι
518 1103 694 1174 τυχόν.
712 1105 772 1156 Εἰ
803 1105 900 1174 μὲν
928 1101 1021 1159 οὖν
1047 1107 1256 1169 πάντας
1280 1108 1404 1170 τοὺς
1429 1108 1662 1178 τρόπους
1684 1109 1856 1179 δηλω-

279 1193 474 1256 τικούς
511 1195 610 1264 τῆς
632 1194 740 1246 τῶν
770 1195 1113 1265 πραγμάτων
1139 1199 1463 1267 ποσότητος,
1494 1199 1858 1270 διαιρετικοὺς

279 1284 493 1350 λέγετε,
523 1283 754 1352 ἐγγύθεν
784 1287 812 1338 6
861 1286 1100 1357 ἐλεγχος.
1135 1289 1280 1340 Μίαν
1324 1291 1432 1360 γὰρ
1472 1291 1566 1343 κα)⁸
1606 1291 1732 1358 μίαν
1757 1289 1858 1359 φύ-

281 1393 392 1441 σιν,
412 1377 600 1446 ἕτερόν
647 1394 708 1430 τε
755 1379 850 1431 καὶ
899 1379 1124 1449 ἕτερον,
1159 1381 1252 1433 καὶ
1293 1381 1420 1434 ἄλλο
1453 1383 1547 1434 καὶ
1589 1381 1738 1442 ἄλλο,
1765 1383 1858 1434 καὶ

278 1467 480 1535 φύσεις
519 1469 784 1539 ἀορίστως
811 1469 902 1522 καὶ
939 1469 1227 1540 ίδιότητας,
1257 1473 1350 1525 καὶ
1375 1473 1558 1542 μεῖζον
1585 1473 1679 1525 καὶ
1701 1473 1857 1526 ἔλατ-

275 1575 396 1623 τον,
424 1561 518 1613 καὶ
552 1561 817 1631 πρότερον
851 1561 945 1614 καὶ
992 1560 1218 1632 ὕστερον
1254 1563 1465 1631 λέγετε.
1505 1564 1568 1615 Et
1594 1563 1651 1615 δὲ
1700 1564 1857 1633 μόνον

276 1647 374 1701 τὸν
419 1647 724 1717 ὡρισμένον
759 1649 1011 1720 ἀριθμὸν,
1047 1651 1141 1702 καὶ
1200 1651 1434 1720 μάλιστα
1485 1654 1585 1722 τῆς
1628 1651 1854 1716 δυάδος,

1960 481 2406 538 repraesentetur,
2432 486 2620 526 verum
2641 476 2802 528 etiam
2827 477 3140 545 indefinito;
3178 489 3258 544 ut,
3293 498 3380 536 ex.
3415 500 3523 553 gn,

1959 561 2152 615 multis
2179 568 2233 614 et
2268 562 2484 630 paucis,
2518 562 2772 632 pluribus
2808 574 2861 620 et
2891 570 3270 636 paucioribus.
3295 572 3528 643 COIItpa-

1959 651 2100 704 ratio
2153 651 2292 705 idem
2344 668 2562 722 quoque
2618 667 2878 724 praestare
2922 661 3096 724 solet,
3130 669 3188 713 ιιι
3229 663 3440 728 majus,
3475 674 3529 718 et

1958 743 2188 811 aequale,
2225 753 2276 797 et
2317 745 2499 799 minus
2531 768 2541 800 :
2571 747 2681 801 imo
2716 757 2769 802 et
2802 765 2908 802 vox
2939 751 3372 814 demonstrandi,
3407 754 3526 814 hoc.

1959 834 2208 904 inquam,
2251 846 2301 888 et
2355 836 2510 897 illud,
2558 844 2611 890 et
2662 839 2791 900 hac,
2821 847 2874 893 et
2937 840 3105 905 aliud,
3157 851 3212 896 et
3266 843 3529 908 alterum;

1953 925 2197 994 itemque
2247 925 2410 989 ordo;
2449 933 2504 978 ut
2551 936 2672 980 ante
2724 928 2834 991 hoc,
2885 938 2962 990 et.
3010 943 3125 999 post
3175 933 3332 998 illud,
3370 946 3444 998 et,
3495 955 3528 991 a

1957 1015 2232 1080 principio,
2259 1023 2334 1078 et,
2369 1025 2574 1084 postea,
2613 1019 2816 1087 aliique
2848 1019 3101 1077 fortassis
3131 1025 3300 1079 modi.
3328 1025 3384 1079 Si
3423 1028 3526 1097 igi-

1959 1112 2049 1155 tur
2071 1118 2262 1157 omnes
2290 1105 2498 1167 modos,
2533 1107 2733 1174 quibus
2766 1111 3044 1176 quantitas
3069 1128 3250 1167 rerum
3286 1117 3528 1170 declara-

1959 1202 2070 1253 tur,
2105 1194 2438 1248 divisionem
2485 1196 2746 1250 inducere
2782 1199 2995 1262 dicitis,
3035 1202 3194 1256 obvia
3234 1203 3527 1274 facilisque

1959 1285 2273 1337 confutatio
2324 1295 2432 1340 est.
2493 1287 2669 1342 Unam
2706 1288 2909 1358 quippe
2953 1299 3117 1361 atque
3170 1309 3334 1348 unam
3370 1306 3526 1350 natu-

1960 1389 2101 1437 ram,
2138 1375 2418 1430 diversum
2451 1378 2580 1429 item
2615 1386 2669 1431 et
2717 1379 3023 1445 diversum,
3067 1383 3215 1436 aliud
3249 1393 3303 1438 et
3335 1386 3481 1440 aliud
3509 1428 3522 1448 ,

1959 1473 2190 1522 naturas
2215 1467 2383 1521 etiam
2422 1467 2726 1533 indefinite,
2763 1479 2818 1523 et
2848 1473 3234 1541 preprietates,
3265 1477 3442 1545 majus
3473 1486 3528 1531 et

1960 1558 2169 1618 minus,
2200 1557 2358 1626 prius
2389 1565 2443 1610 et
2473 1559 2752 1626 posterius
2783 1560 2990 1616 dicitis.
3032 1562 3129 1616 Sin
3162 1580 3292 1618 vero
3324 1567 3526 1620 solum-

1961 1647 2124 1700 modo
2157 1662 2446 1700 numerum
2475 1647 2786 1714 definitum,
2816 1657 2870 1704 et
2900 1653 3197 1706 maximum
3227 1654 3524 1716 binarinm,

276 1713 518 1808 διαιρείν
558 1713 1008 1813 ύποτίθεσθείτῆς
1049 1713 1296 1809 ἐξουσίας
1325 1760 1338 1773 ’
1380 1744 1463 1806 τίς
1505 1713 1614 1814 γάρ
1654 1745 1687 1813 ή
1718 1713 1856 1796 ἀπο-ζ

1963 1738 2202 1792 dividere
2232 1739 2460 1808 ponitis,
2498 1740 2600 1793 boc
2629 1748 2826 1795 vestra;
2859 1742 3092 1797 licentia:
3124 1744 3254 1799 erit.
3292 1745 3525 1810 Quinam

279 1831 603 1903 κλήρωσιςιι
640 1835 742 1904 τῆς
783 1834 1042 1904 ἀληθείας
1082 1836 1282 1907 ἑτέρως
1326 1835 1588 1905 ἐχούσης;
1623 1834 1685 1887 Ἦ
1730 1835 1860 1897 δυὰς

279 1925 394 1995 γὰρ
419 1926 513 1977 καὶ
539 1925 607 1978 τὰ
627 1925 720 1978 δύο
747 1926 880 1996 ὁμοῦ
904 1927 971 1980 τά
1001 1927 1376 1998 ἀριθμούμενα
1409 1927 1742 1997 συλληπτικῇ
1772 1928 1862 1979 δυ-

279 2018 448 2086 νάμει
478 2018 822 2088 παρίστησιν,
848 2018 882 2088 ἢ
921 2021 1020 2088 τῆς
1063 2020 1192 2088 μιᾶς
1233 2019 1383 2088 ὑμῶν
1416 2019 1445 2070 6
1480 2018 1861 2088 διαλελυμένος

279 2107 544 2178 ἀριθμὸς,
583 2109 677 2162 καὶ
708 2109 828 2162 καθ’
855 2109 1043 2163 ἑαυτὸν
1084 2111 1477 2184 θεωρούμενος.

354 2291 459 2355 οη’.
495 2286 618 2338 Ἐπὶ
650 2289 780 2340 πᾶσι
806 2287 966 2341 τοῦτο
990 2291 1120 2360 ημῖν
1138 2291 1503 2359 ἀπαγγείλατε
1523 2308 1537 2324 ·
1573 2291 1686 2363 ἔχει
1713 2291 1860 2346 θείαν

281 2377 451 2446 φύσιν
479 2379 506 2431 6
526 2379 762 2449 Χριστὸς
801 2381 897 2434 καὶ
945 2381 1086 2451 μετὰ
1127 2382 1223 2453 τὴν
1255 2383 1477 2450 ἓνωσιν;
1501 2383 1627 2448 Ναὶ,
1660 2385 1856 2454 ἐρεῖτε.

285 2470 445 2539 Ἔχει
473 2468 530 2521 δὲ
570 2471 664 2523 καὶ
697 2471 1046 2543 ἀνθρωπίνην
1085 2490 1099 2538 ;
1132 2475 1242 2527 Καὶ
1289 2474 1446 2528 τοῦτο
1493 2475 1860 2546 συνομολογή-

283 2571 432 2620 σετε,
456 2555 509 2607 εί
529 2572 593 2624 γε
615 2558 688 2628 μὴ
711 2562 892 2630 γυμνῇ
916 2563 980 2630 τῇ
1007 2562 1215 2632 κεφαλῇ
1242 2563 1458 2615 ἀσεϐεῖν
1487 2563 1855 2633 βουληθείητε.

281 2646 452 2708 Φύσις
480 2643 571 2701 οὖν
603 2649 722 2702 θεία
763 2651 858 2705 καὶ
903 2651 1059 2721 φύσις
1108 2653 1445 2723 ἀνθρωπίνη,
1483 2656 1583 2724 μία
1617 2656 1856 2726 φύσις,ἢ

283 2737 382 2789 δύο
418 2738 591 2804 είσίν;
637 2739 776 2793 Ἀλλ’
807 2745 854 2795 εί
883 2743 980 2810 μὲν
1015 2743 1144 2813 μίαν
1180 2746 1394 2815 εἴπητε,
1426 2746 1582 2800 ἔσται
1611 2751 1639 2801 6
1669 2751 1858 2821 Πατὴρ

283 2835 425 2902 ἡμῖν
454 2833 737 2902 όμοούσιος
759 2850 774 2866 ο
803 2837 853 2887 εί
884 2835 940 2887 δὲ
969 2837 1060 2888 δύο
1091 2839 1186 2889 καὶ
1224 2839 1284 2890 οὐ
1321 2840 1439 2908 μία,
1467 2841 1519 2892 τί
1547 2841 1622 2910 μὴ
1652 2842 1742 2894 τὸν
1769 2842 1859 2894 τύ-

289 2942 391 2992 φον
419 2925 516 2977 σὺν
545 2924 625 2994 τῷ
655 2925 844 2978 τούτου
871 2928 1156 2996 γεννήτορι
1189 2931 1404 3000 μακρὰν
1431 2931 1857 3001 ἀπορρίψαντες,

1959 1831 2104 1884 enim
2138 1831 2189 1884 id
2239 1832 2469 1886 sortitus
2504 1833 2613 1895 sit,
2655 1834 2874 1902 quando
2906 1835 3115 1891 veritas
3155 1837 3312 1891 aliter
3339 1853 3399 1892 se
3430 1838 3527 1891 ba-

1962 1921 2093 1974 bet?
2140 1919 2392 1975 Dualilas
2424 1922 2626 1991 quippe
2665 1935 2719 1978 et
2759 1923 2908 1987 duo,
2957 1939 3020 1979 ea
3060 1941 3180 1994 quae
3231 1943 3528 1982 numeran-

1963 2020 2075 2074 tur,
2124 2013 2176 2066 vi
2229 2012 2464 2081 quadam
2516 2011 2843 2084 coll'igante,
2890 2015 3052 2070 simul
3099 2028 3524 2087 reprzeseutant;

1960 2104 2105 2158 sicut
2130 2112 2182 2159 et
2208 2103 2374 2158 unius
2399 2112 2451 2158 et
2488 2105 2673 2168 unius,
2701 2113 2760 2158 ut
2789 2121 2890 2162 vos
2920 2107 3233 2177 loquimini,
3264 2127 3528 2167 numerus

1960 2195 2202 2258 solutus,
2241 2203 2296 2248 et
2337 2195 2390 2248 in
2429 2210 2487 2249 se
2523 2196 2934 2253 consideratus.

2032 2285 2120 2338 78.
2157 2287 2363 2340 Praeter
2402 2286 2518 2340 haec
2551 2287 2757 2351 omnia,
2791 2295 3015 2345 narrate
3047 2291 3210 2346 nobis
3241 2310 3253 2344 :
3279 2290 3529 2347 llabetne

1960 2376 2218 2434 Christus
2247 2376 2488 2430 divinam
2537 2384 2793 2432 naturam
2832 2388 2956 2450 post
2993 2381 3295 2438 unionem?
3339 2385 3528 2438 Omni-

1961 2483 2053 2533 no,
2091 2469 2276 2524 aietis.
2315 2468 2560 2524 Habetne
2602 2486 2732 2525 vero
2766 2472 2928 2526 etiam
2967 2475 3206 2529 humana
3223 2474 3312 2528 m?
3339 2483 3391 2530 et
3423 2476 3528 2530 hoc

1960 2562 2154 2630 utique
2189 2561 2607 2622 confitebimini,
2637 2547 2742 2618 nisi
2773 2571 2962 2633 aperto
2983 2565 3164 2634 capite
3195 2566 3526 2635 impietatem

1960 2660 2244 2708 ostentare
2298 2651 2500 2706 velitis.
2556 2651 2748 2706 Divina
2786 2669 2918 2723 ergo
2944 2662 3146 2708 natura
3181 2665 3235 2711 et
3265 2657 3528 2720 humana,

1960 2759 2141 2798 unane
2174 2750 2393 2807 natura,
2425 2759 2493 2796 an
2529 2744 2652 2798 duae
2695 2743 2866 2798 sunt?
2913 2744 3066 2810 Quod
3099 2747 3144 2802 si
3185 2763 3348 2801 unam
3379 2747 3531 2802 dixe-

1960 2835 2118 2898 ritis;
2145 2834 2251 2886 erit
2280 2835 2449 2902 igitur
2480 2833 2645 2890 Pater
2679 2835 2841 2889 nobis
2875 2837 3368 2891 consubstantialis
3397 2857 3408 2891 :
3442 2840 3528 2892 sin

1963 2935 2114 2987 vero,
2146 2937 2246 2975 cur
2277 2922 2419 2982 duae,
2454 2936 2555 2974 nec
2587 2937 2694 2974 una
2743 2923 2970 2977 solum?
3016 2941 3116 2978 cur
3162 2943 3269 2981 non
3316 2926 3531 2995 abiecta

290 3016 415 3084 μεθ’
445 3015 603 3085 ήμῶν
640 3017 737 3070 ἕνα
763 3016 1017 3088 Χριστὸν,
1039 3019 1137 3072 ἕνα
1170 3019 1428 3083 Υίὸν,ἓνα
1463 3021 1689 3091 Κύριον,
1729 3023 1858 3090 μίαν

1963 3014 2156 3081 procul
2191 3013 2450 3081 superbia
2479 3029 2604 3067 cum
2636 3014 2758 3082 ejus
2801 3025 3047 3086 parente,
3084 3034 3188 3073 non
3231 3035 3401 3072 unum
3432 3034 3531 3074 no-

277 3105 676 3159 -ὑπόστασινὲκ
728 3107 821 3160 δύο
872 3107 1104 3176 φύσεων,
1157 3110 1250 3161 καὶ
1291 3109 1386 3162 δύο
1434 3109 1646 3177 φύσεις,
1679 3114 1771 3164 καὶ
1801 3115 1858 3164 ὲν

1963 3105 2173 3158 biscum
2201 3103 2509 3166 Christum,
2554 3121 2722 3159 unum
2758 3105 2980 3170 Filium,
3017 3124 3185 3162 unum
3221 3096 3543 3175 Dominum,‘

287 3197 412 3251 δυσὶ
440 3198 653 3266 φύσεσι,
697 3198 835 3269 μετά
874 3199 974 3268 τὴν
1005 3199 1194 3251 ἕνωσιν
1228 3199 1590 3269 ὁμολογήσετε
1617 3217 1631 3265 ;
1667 3202 1730 3253 Et
1763 3201 1859 3270 μὲν

285 3290 403 3360 γὰρ
464 3289 714 3342 οὐδέποτε
759 3289 852 3342 δύο
903 3289 1117 3358 φύσεων
1153 3289 1246 3341 τὸν
1306 3291 1540 3358 Χριστόν
1597 3307 1734 3358 φατε
1761 3331 1774 3353 ,
1805 3290 1858 3342 τί

289 3381 470 3450 μάτην
500 3382 628 3451 μιᾶς
669 3381 831 3434 αὑτὸν
864 3381 1077 3450 φύσεως
1110 3381 1246 3450 μετὰ
1273 3381 1372 3452 τὴν
1402 3381 1595 3434 ἕνωσιν
1627 3381 1812 3448 λέγετε
1843 3397 1858 3445 ;

285 3473 358 3525 Et
374 3472 428 3524 δὲ
452 3472 558 3542 πρὸ
579 3473 678 3542 τῆς
708 3471 954 3534 ὲνώσεως
982 3473 1076 3525 δύο
1100 3473 1314 3541 φύσεων
1339 3472 1502 3526 αὑτὸν
1536 3473 1860 3542 φάσκοντες,

291 3565 426 3634 μιᾶς
455 3564 764 3633 ὁμολογεῖτε
802 3565 940 3633 μετά
963 3565 1062 3633 τὴν
1090 3564 1574 3635 ἓνωσιν,ἀντικρὺς
1603 3566 1736 3637 πρὸς
1763 3565 1863 3636 τὴν

287 3654 550 3724 ἀλήθειαν
589 3653 960 3724 ἀπομάχεσθε.
1007 3654 1122 3723 Πρὸ
1147 3653 1255 3722 γὰρ
1299 3654 1399 3723 τῆς
1441 3654 1714 3720 ὲνώσεως,
1743 3657 1861 3726 ἤτοι

277 3745 390 3812 τῆς
413 3743 562 3808 θείας
588 3743 935 3815 σαρκώσεως,
966 3747 1092 3815 μιᾶς
1145 3745 1358 3814 φύσεως
1399 3747 1598 3816 ἁπλῆς,
1621 3747 1739 3816 ἦτοι
1765 3748 1863 3816 τῆς

287 3837 464 3901 θείας,
503 3837 603 3907 μία
655 3837 824 3890 τελῶν
870 3839 1166 3901 ὑπόστασις
1190 3881 1204 3903 ,
1239 3838 1359 3891 οὐδὲ
1391 3837 1626 3906 Χριστὸς
1673 3833 1761 3909 ἦν.
1792 3839 1863 3890 ’Ἡ

279 3929 468 3982 τοίνυν
503 3927 780 3991 παντελῶς
818 3927 917 3990 τὰς
951 3927 1044 3980 δύο
1077 3927 1266 3995 φύσεις
1306 3927 1666 3998 ἐπιΧριστοῦ
1708 3929 1862 3982 ἀναι-

289 4021 508 4089 ρήσετε,
550 4019 582 4088 ἦ
629 4019 795 4087 διφυᾶ
832 4019 937 4088 πρὸ
966 4019 1062 4088 τῆς
1099 4020 1163 4071 ὲκ
1191 4018 1466 4087 Παρθένου
1494 4019 1584 4072 τὸν
1629 4019 1864 4090 Χριστὸν

290 4110 626 4178 σαρκώσεως
653 4108 861 4173 λέξετε,
890 4108 965 4178 μὴ
993 4109 1196 4161 διδόναι
1234 4107 1383 4176 αὐτῷ
1412 4107 1509 4170 τὰς
1543 4108 1744 4178 κυρίως
1774 4107 1865 4161 οὗ·

287 4210 395 4256 σας
423 4193 588 4246 αὑτοῦ
616 4193 711 4246 δύο
743 4191 936 4262 φύσεις
966 4193 1102 4264 μετά
1137 4195 1236 4263 τὴν
1278 4194 1469 4246 ἕνωσιν
1523 4193 1860 4264 ἀνεχόμενοι.

303 4286 500 4356 Ἡμεῖς
526 4285 633 4357 γὰρ
667 4286 725 4337 ὲν
776 4283 854 4354 τῷ
881 4284 1060 4354 λιμένι
1101 4285 1198 4354 τῆς
1229 4283 1512 4347 εὐσεϐείας
1560 4285 1860 4356 ἱστάμενοι,

1960 3210 2124 3248 unam
2158 3194 2501 3265 hypostasim
2539 3211 2604 3248 ex
2655 3195 2874 3252 duabus
2907 3201 3148 3264 naturis,
3191 3210 3532 3271 naturasque

1961 3286 2100 3340 duas
2131 3294 2185 3340 et
2213 3285 2270 3338 in
2292 3285 2509 3340 duabus
2540 3285 2754 3340 naturis
2789 3297 2912 3354 post
2939 3287 3195 3340 unionem
3218 3287 3536 3343 fateamini?

1961 3378 2006 3432 si
2035 3377 2180 3431 enim
2215 3375 2499 3431 Christum
2527 3392 2806 3446 nunquam
2836 3385 3159 3432 naturarum
3184 3379 3418 3432 duarum
3445 3381 3532 3434 di-

1961 3466 2110 3531 citis,
2135 3481 2364 3520 curnam
2399 3466 2577 3535 ipsum
2618 3474 2831 3520 naturae
2863 3468 3028 3522 unius
3065 3477 3187 3536 post
3225 3469 3528 3524 unitionem

1962 3569 2100 3610 vane
2160 3556 2566 3626 pronuntiatis?
2587 3557 2629 3611 si
2663 3573 2791 3611 vero
2812 3573 2933 3610 eum
2955 3557 3184 3611 duarum
3217 3569 3534 3613 naturarum

1963 3654 2090 3702 ante
2123 3648 2384 3701 unionem
2417 3647 2670 3713 dicendo,
2724 3663 2787 3704 ea
2819 3657 3062 3718 peracta,
3108 3649 3272 3704 unius
3324 3659 3536 3704 natura:

1962 3752 2088 3792 esse
2113 3737 2477 3802 confitemini,
2504 3739 2664 3807 plane
2683 3754 2806 3793 cum
2839 3739 3070 3793 veritate
3100 3741 3375 3810 pugnatis.
3398 3740 3532 3794 Nam

1963 3837 2090 3883 ante
2115 3829 2398 3895 unionem,
2429 3829 2482 3882 id
2505 3837 2607 3892 est,
2643 3841 2767 3885 ante
2794 3832 3039 3886 divinam
3073 3833 3530 3896 incarnationem,

1963 3932 2087 3972 cum
2116 3934 2226 3972 una
2258 3926 2472 3972 naturae
2505 3921 2667 3975 unius
2696 3921 2986 3990 simplicis,
3022 3922 3139 3976 sive
3177 3922 3396 3987 divinae,
3431 3924 3530 3995 by-

1962 4011 2201 4080 postasis
2229 4018 2398 4076 esset,
2440 4025 2506 4064 ne
2533 4012 2754 4080 quidem
2783 4023 2905 4068 erat
2931 4013 3208 4070 Christus.
3231 4015 3336 4068 Aut
3365 4015 3534 4084 igitur

1963 4103 2104 4156 duas
2136 4101 2191 4156 in
2231 4101 2458 4157 Christo
2499 4110 2730 4160 naturas
2780 4106 3007 4173 tolletis,
3041 4116 3135 4160 aut
3165 4107 3404 4176 duplicis
3437 4122 3533 4159 na-

1963 4200 2100 4246 tura:
2124 4191 2410 4247 Christum
2451 4203 2579 4249 ante
2627 4205 2902 4265 sumptam
2932 4213 2996 4252 ex
3032 4197 3260 4268 Virgine
3312 4212 3530 4252 carnem

1963 4286 2179 4350 dicetis,
2228 4287 2368 4342 duas
2426 4287 2532 4356 ipsi
2586 4297 2710 4358 post
2755 4290 3059 4344 unitionem
3120 4299 3367 4354 naturas,
3412 4309 3532 4362 quae

289 4375 390 4430 καὶ
412 4376 593 4444 πάσης
630 4375 915 4446 αἱρετικῆς
945 4375 1234 4438 κακονοίας
1265 4376 1696 4446 ἀποκρουόμενοι
1725 4393 1855 4429 κατ-

1967 4373 2141 4443 ipsius
2177 4375 2399 4443 pr0prie
2449 4377 2578 4436 sint,
2632 4375 2806 4428 tribui
2847 4391 2955 4428 non
3009 4377 3370 4434 sustinentes.
3423 4379 3533 4434 Nos

288 4465 513 4534 αιγίδαο
555 4469 676 4531 ταῖς
706 4465 902 4537 αὔραις
948 4465 1041 4519 τοῦ
1089 4465 1439 4536 Πνεύματος,
1471 4467 1561 4519 ἐπὶ
1617 4465 1716 4536 μὲν
1759 4468 1858 4536 τῆς

285 4558 454 4625 ἁγίας
499 4557 594 4609 καὶ
648 4557 1032 4627 ύπερυμνήτου
1085 4557 1315 4626 Τριάδος
1363 4558 1492 4627 μίαν
1530 4557 1719 4610 οὐσίαν
1761 4557 1858 4609 καὶ

287 4648 456 4718 φύσιν
477 4647 752 4718 θεότητος,
773 4650 924 4718 τρεῖς
950 4648 1005 4700 δὲ
1050 4647 1257 4710 τελείας
1286 4649 1385 4710 τὰς
1426 4647 1750 4710 ὑποστάσεις
1779 4647 1861 4700 σέ-

286 4742 501 4810 ϐομεν,
540 4738 810 4810 μηδεμίαν
863 4739 1033 4803 αὐτὰς
1089 4738 1224 4810 πρὸς
1268 4738 1503 4809 ἀλλήλας
1561 4738 1859 4808 κεκτῆσθαι

285 4829 554 4899 οιαφοράν
575 4828 964 4899 ὁμολογοῦντες
985 4845 1000 4860 ·
1037 4828 1216 4893 πάσας
1245 4828 1302 4882 δὲ
1336 4827 1530 4892 κοινῶς
1548 4867 1566 4893 ,
1593 4829 1686 4882 καὶ
1727 4845 1859 4881 ταυ-

285 4922 422 4984 τῶς,
451 4921 544 4977 καὶ
569 4920 775 4984 ἁπλῶς,
803 4921 898 4975 καὶ
930 4920 1174 4992 ἀμερῶς,
1201 4921 1296 4974 καὶ
1325 4920 1520 4984 όλικῶς
1547 4921 1644 4983 τὰς
1664 4919 1864 4974 θεωνυ-

291 5011 428 5082 μίας
460 5012 553 5066 ἐπὶ
589 5011 770 5081 πάσης
815 5010 915 5082 τῆς
949 5011 1204 5080 θεότητος
1253 5009 1668 5081 ὲκλαμόάνομεν
1693 5049 1708 5074 ,
1743 5011 1862 5080 ἦτοι

283 5102 402 5155 τῶν
434 5101 601 5172 τριῶν
631 5103 981 5156 ὑποστάσεων
1028 5102 1129 5171 τὴν
1178 5099 1386 5165 οὐσίαν,
1417 5101 1526 5154 εἴτε
1551 5096 1643 5154 οὖν
1677 5099 1859 5168 φύσιν,

285 5192 393 5262 τὴν
444 5192 761 5262 κυριότητα,
795 5193 890 5246 καὶ
936 5185 1036 5262 τὴν
1089 5190 1380 5261 ἁγιότητα,
1413 5193 1511 5262 τὴν
1561 5189 1860 5260 βασιλείαν,

285 5284 394 5352 τὴν
450 5281 698 5351 δύναμιν,
727 5282 828 5353 τὴν
883 5283 1164 5352 ἐνέργειαν
1189 5320 1202 5347 ,
1237 5280 1337 5352 τὴν
1384 5279 1632 5350 θέλησιν,
1655 5278 1752 5350 τὴν
1778 5280 1864 5345 ἐξ·

289 5371 482 5426 ουσίαν
505 5387 520 5401 ·
552 5371 979 5442 διακεκριμένως
996 5373 1052 5426 δὲ
1081 5373 1143 5426 :6
1171 5370 1394 5440 Πατὴρ,
1420 5371 1478 5425 :6
1511 5372 1663 5439 Υἱὸς,
1695 5371 1788 5425 καὶ
1806 5372 1865 5426 :6

1964 4467 2108 4520 enim
2156 4465 2250 4534 qui
2289 4465 2344 4517 in
2382 4471 2542 4533 portu
2579 4465 2811 4518 sincerae
2862 4464 3084 4533 pietatis
3133 4483 3433 4535 versamur,
3475 4479 3531 4524 et

1965 4556 2209 4624 dispulsa
2238 4569 2334 4624 per
2370 4553 2608 4622 Spiritus
2639 4555 2811 4610 sancti
2841 4555 3053 4610 afllatus
3079 4559 3228 4611 omni
3267 4559 3532 4615 haeretica:
3629 4625 3644 4634 κ

1967 4645 2228 4714 nequitiae
2256 4644 2521 4714 procella,
2558 4645 2614 4698 in
2661 4653 2854 4701 sancta
2886 4653 2940 4702 et
2975 4661 3306 4716 supraquam
3342 4648 3532 4703 lauda-

1969 4736 2064 4791 bili
2093 4734 2370 4790 Trinitate
2391 4735 2759 4790 substantiam
2794 4752 2957 4790 unam
2997 4745 3364 4808 naturamque
3393 4741 3533 4795 divi-

1969 4828 2182 4892 nitatis,
2236 4835 2351 4884 tres
2397 4827 2524 4882 item
2583 4828 2857 4898 perfectas
2901 4830 3226 4901 bypostases
3277 4833 3531 4897 colimus,

1970 4919 2176 4974 nullam
2231 4933 2328 4974 eas
2381 4918 2526 4973 inter
2583 4934 2643 4974 se
2690 4919 3058 4976 differentiam
3117 4922 3533 4978 substantialem

1973 5008 2176 5063 habere
2227 5009 2594 5078 confitentes;
2660 5013 2756 5068 sed
2813 5014 2998 5068 omnia
3056 5014 3240 5068 divina
3311 5015 3534 5068 nomina

1969 5099 2356 5164 communiter,
2385 5109 2436 5154 et
2454 5101 2629 5166 unite,
2655 5103 2953 5174 eodemque
2983 5105 3164 5170 modo,
3190 5106 3530 5174 simpliciter,

1971 5189 2274 5254 indivisim,
2321 5200 2376 5245 et
2408 5192 2706 5250 universim
2737 5195 2806 5251 de
2837 5204 2950 5250 tota
2987 5197 3275 5251 divinitate
3326 5196 3532 5264 accipi-

1971 5297 2122 5348 mus;
2159 5280 2526 5338 substantiam
2554 5294 2708 5356 puta,
2746 5301 2845 5342 seu
2890 5296 3163 5348 naturam,
3200 5287 3362 5340 trium
3411 5300 3534 5353 per-

1973 5387 2258 5439 sonarum,
2291 5375 2717 5432 dominationem
2741 5419 2756 5444 ,
2789 5387 2842 5434 et
2875 5379 3247 5444 sanctitatem,
3283 5391 3532 5450 regnum,

1565 5525 1802 5594 vllam;
1841 5491 2242 5587 Lacrimas.

375 5640 399 5667 “
429 5639 699 5694 Arabicus
734 5639 930 5712 legisse
955 5641 1207 5708 videtur,
1251 5647 1310 5694 ut
1356 5614 1706 5706 Turrianus,
1751 5640 2162 5711 ἀποκλήρωσις,
2226 5641 2460 5696 sortitio.
