3980 6140
447 215 586 280 1475

1637 203 1697 260 S.
1725 200 2042 260 JOANNIS
2076 197 2505 257 DAMASCE'NI

3555 191 3708 255 14τὸ

446 328 768 398 potentiam,
829 320 1221 393 operationem,
1279 310 1657 373 voiuntatem,
1717 312 2018 366 auctorita-

2143 309 2365 377 Πνεῦμα
2379 308 2717 374 γινώσκομεν
2739 321 2750 334 ·
2774 306 2834 358 τὸ
2852 304 3145 373 άγέννητόν
3171 321 3333 374 φημι,
3367 304 3458 357 καὶ
3487 304 3552 356 τὸ
3574 321 3714 373 15v-

445 427 557 474 tem
589 437 602 471 :
632 414 911 472 discretim
939 413 1157 466 demum
1184 399 1575 476 cognoscimus
1605 403 1823 458 Patrem
1854 411 1908 456 et
1937 400 2022 454 Fi-

2125 400 2302 467 νητὸν,
2330 400 2423 451 καὶ
2454 398 2513 450 τὸ
2540 398 2898 468 ὲκπορευτόν’
2935 396 3093 465 μόνον
3122 396 3415 464 ἀγέννητον
3456 397 3549 448 τὸν
3579 396 3711 448 Πα-

450 510 584 563 lium
615 514 669 561 et
701 504 975 574 Spiritum
1010 506 1299 562 sanctum;
1330 497 1660 566 ingenitum,
1696 495 1939 561 inquam,
1971 502 2024 545 et

2143 492 2258 560 τέρα
2279 491 2497 552 εἰδότες,
2528 489 2687 558 μόνον
2727 488 2983 558 γεννητὸν
3013 487 3108 540 τὸν
3134 487 3258 539 Υίὸν
3283 528 3296 549 ,
3335 487 3495 556 μόνον
3530 489 3713 539 ἐκπο-

451 598 712 667 genitum,
746 603 798 649 et
829 592 992 664 415
1032 589 1458 661 procedentem;
1491 587 1568 640 uti
1606 585 1780 641 solum
1817 585 2024 654 ingeni-

453 698 568 740 tum
608 686 852 749 Patrem,
882 684 1060 738 solum
1089 680 1336 750 genitum
1368 676 1589 741 Filium,
1617 677 1797 730 solum
1832 689 2024 742 procc-

452 781 671 832 dentem
704 775 971 844 Spiritum
1006 780 1282 832 sanctum,
1337 769 1600 831 sciamus,
1649 781 1757 820 non
1806 766 2025 820 inversa

455 875 548 921 aut
580 867 795 919 dimota
832 862 1268 930 uniuscujusque
1317 857 1651 926 proprietate
1708 874 1720 908 :
1773 858 2027 908 novimus

455 958 601 1012 enim
629 971 696 1010 ea
729 953 1062 1012 accidentia,
1092 964 1200 1004 non
1237 963 1361 1003 esse
1391 947 1554 1017 (nihil
1597 945 1797 1016 quippe
1829 945 2028 998 accidit

460 1046 612 1114 Deo),
646 1041 742 1098 sed
770 1056 894 1097 esse
931 1038 1302 1109 proprietates
1329 1035 1532 1102 quibus
1563 1048 1900 1102 unaqmeque
1933 1032 2029 1101 hy-

457 1115 700 1207 postas'is
729 1133 1008 1203 sigillatur
1035 1149 1048 1184 :
1079 1128 1248 1183 Deum
1274 1126 1574 1197 perfectum
1598 1124 1835 1186 Patrem,
1859 1120 2027 1174 Deum

459 1225 762 1294 perfectum
821 1222 1022 1275 Filium
1065 1259 1081 1283 ,
1141 1218 1308 1273 Deum
1386 1216 1691 1286 perfectum
1761 1213 2026 1281 Spiritum

459 1323 714 1370 sanctum
773 1332 786 1366 :
851 1312 1018 1365 Deum
1073 1317 1128 1364 et
1186 1307 1356 1362 Deum
1411 1313 1465 1360 et
1519 1305 1724 1369 Deum,
1780 1301 1877 1357 sed
1924 1302 2027 1354 tria

463 1407 627 1461 Deum
658 1419 848 1467 unum,
879 1401 1042 1458 simul
1066 1399 1350 1454 intellecta
1381 1404 1436 1451 et
1469 1395 1710 1465 cognita,
1747 1409 1855 1447 non
1899 1408 2028 1446 con-

459 1506 634 1552 tracta
680 1499 732 1549 in
789 1506 1076 1563 personam
1121 1505 1288 1543 unam
1335 1500 1389 1543 et
1439 1502 1603 1541 unam
1659 1484 2024 1555 hypostasim,

463 1587 642 1644 absit!
695 1585 789 1640 sed
835 1582 901 1636 ad
951 1595 1122 1635 unum
1175 1578 1510 1649 principium
1563 1577 1782 1631 Patrem
1835 1574 2026 1628 relatis

2131 580 2317 650 ρευτὸν
2344 580 2403 631 τὸ
2448 579 2675 648 Πνεῦμα
2714 578 2775 630 τὸ
2818 579 2973 645 ἅγιον
3002 619 3018 644 ,
3055 577 3129 648 μὴ
3187 577 3640 646 μεταπιπτούσης
3674 580 3711 646 ἢ

2127 669 2451 738 κινουμένης
2481 668 2579 736 τῆς
2607 669 2838 722 ἑκάστου
2871 669 3131 737 ἰδιότητος
3150 685 3163 696 ·
3204 669 3262 720 οὑ
3313 669 3716 738 συμϐεϐηκότα

2126 757 2297 810 ταῦτα
2351 757 2711 824 γινώσκοντες
2739 773 2752 786 ·
2776 756 2928 809 οὐδὲν
2978 758 3089 826 γὰρ
3136 757 3523 823 ὲπισυμόαίνει
3556 758 3710 826 Θεῷ,

2129 847 2264 900 ἀλλὰ
2288 846 2762 918 χαρακτηριστικὰ
2785 849 2882 917 τῆς
2918 847 3152 904 ἑκάστου
3176 847 3525 910 ὑποστάσεως
3560 848 3715 899 ίδιώο

2133 954 2274 1003 ματα
2300 953 2314 966 ·
2359 936 2491 988 Θεὸν
2524 935 2729 987 τέλειον
2777 936 2868 986 τὸν
2903 936 3154 1004 Πατέρα,
3197 935 3327 988 Θεὸν
3363 937 3576 988 τέλειον
3611 937 3714 989 τὸν

2130 1028 2276 1092 Υἰὸν,
2312 1026 2444 1080 Θεὸν
2475 1025 2680 1079 τέλειον
2733 1025 2795 1078 τὸ
2824 1025 3049 1096 Πνεῦμα
3098 1026 3159 1078 τὸ
3199 1026 3355 1093 ἆγιον
3377 1043 3390 1056 ·
3416 1027 3555 1079 Θεὸν
3609 1029 3712 1079 καὶ

2129 1120 2261 1172 Θεὸν
2293 1121 2386 1172 καὶ
2413 1119 2569 1180 Θεὸν,
2603 1118 2718 1171 ἀλλ’
2739 1117 2834 1170 ἕνα
2856 1117 2924 1170 τά
2961 1117 3088 1186 τρία
3123 1117 3276 1180 Θεὸν,
3310 1119 3406 1169 σὺν
3448 1117 3711 1186 ἀλλήλοις

2130 1212 2395 1280 νοούμενά
2423 1227 2482 1262 τε
2513 1211 2606 1262 καὶ
2639 1210 3038 1278 γινωσκόμενα,
3077 1209 3138 1260 οὑ
3169 1209 3606 1277 συναλειφόμενα
3629 1211 3717 1268 είς

2131 1301 2188 1354 ἓν
2219 1303 2508 1371 πρόσωπον
2540 1301 2634 1352 καὶ
2678 1300 2806 1368 μίαν
2863 1300 3190 1351 ὑπόστασιν·
3223 1299 3402 1366 ἄπαγε
3431 1320 3435 1328 ι
3479 1299 3602 1350 ἀλλ’
3629 1299 3713 1358 είς

2130 1394 2188 1444 ἓν
2225 1393 2394 1445 αἴτιον
2427 1392 2516 1443 τὸν
2559 1391 2775 1459 Πατέρα
2822 1391 3325 1458 συναναφερομένου
3363 1389 3490 1441 Υἱοῦ
3523 1406 3584 1440 τε
3615 1393 3715 1442 καὶ

2131 1484 2466 1551 Πνερματος.
2503 1477 2596 1543 Εἷς
2636 1481 2743 1552 γὰρ
2787 1481 2955 1546 Θεὸς,
2982 1481 3170 1550 ἐπειδὴ
3230 1481 3328 1550 μία
3373 1479 3602 1550 Θεότης,
3647 1484 3712 1532 οὐ

2133 1577 2280 1644 τρεῖς
2310 1574 2365 1626 δὲ
2397 1573 2528 1635 Θεοὶ,
2559 1573 2748 1642 ὥσπερ
2768 1577 2914 1644 τρεῖς
2942 1572 3215 1640 ἄνθρωποι
3237 1589 3249 1602 ο
3275 1572 3396 1624 οὑδὲ
3423 1573 3533 1642 γὰρ
3551 1575 3714 1640 οὐσίᾳ

460 1677 598 1732 Filio
648 1686 703 1730 et
743 1675 953 1744 Spiritu
1005 1681 1228 1726 sancto.
1282 1669 1432 1722 Unus
1474 1672 1675 1736 quippe
1726 1666 1868 1720 Deus
1921 1673 2024 1726 est,

2143 1667 2412 1735 τέμνονται
2441 1705 2455 1731 ,
2483 1665 2543 1716 ού
2598 1664 2827 1734 δυνάμει
2866 1664 3191 1734 χωρίζονται
3223 1704 3236 1728 ,
3278 1666 3339 1716 οὑ
3385 1665 3538 1732 τόπῳ
3563 1702 3580 1725 ,
3609 1665 3712 1716 οὐκ

460 1769 590 1838 quia
624 1782 731 1820 una
764 1764 1066 1826 divinitas;
1100 1776 1212 1816 non
1244 1769 1355 1815 tres
1381 1759 1478 1823 dii,
1511 1758 1675 1813 sicuti
1705 1765 1818 1812 tres
1850 1755 2026 1809 homi—

463 1876 577 1916 nes.
641 1857 1075 1924 Ilaudquaquam
1121 1855 1267 1906 enim
1323 1849 1635 1905 substantia
1684 1846 2025 1907 dividuntur,

462 1955 571 2004 non
602 1940 939 2003 dirimuntur
969 1949 1258 2013 potestate,
1294 1953 1406 1994 non
1434 1939 1580 2002 loco,
1608 1951 1717 1989 non
1753 1933 2027 2003 operatio-

462 2056 551 2101 ne,
575 2055 683 2093 non
709 2038 995 2092 voluntate
1018 2039 1374 2101 separantur,
1401 2028 1669 2082 habentes
1701 2025 2030 2079 indivulsam

462 2132 516 2184 in
573 2128 772 2197 seipsis
819 2133 1009 2178 mutuo
1053 2121 1395 2176 mansionem
1449 2127 1503 2171 et
1554 2114 2034 2170 circuminsessio—

477 2234 623 2276 nem.
679 2215 916 2270 Ubinam
973 2211 1243 2281 siquidem
1300 2217 1486 2272 erunt,
1546 2207 1652 2261 nisi
1704 2221 1764 2261 se
1800 2205 2031 2259 invicem

463 2307 801 2380 pervadant?
836 2303 1042 2372 alioqui
1065 2313 1302 2372 persona
1327 2298 1587 2368 quaelibet
1607 2295 2033 2363 circumscripta

465 2403 628 2458 foret.
671 2399 822 2455 Unus
875 2399 1058 2466 itaque
1109 2401 1196 2449 est
1247 2392 1390 2446 Deus
1435 2407 1500 2445 ex
1551 2388 1813 2460 perfectis
1855 2387 2035 2442 tribus

2131 1757 2392 1827 ἐνεργείᾳ,
2417 1758 2477 1810 οὑ
2515 1757 2764 1825 βουλήσει
2788 1757 3122 1826 μερίζονται,
3143 1757 3532 1826 άνεκφοίτητον
3556 1757 3712 1826 ἔχον·

2131 1865 2222 1909 τες
2266 1848 2365 1918 τὴν
2411 1849 2469 1900 ἐν
2505 1848 2754 1918 ἀλλήλοις
2792 1848 3002 1918 ῖδρυσίν
3046 1865 3106 1899 τε
3159 1848 3255 1902 καὶ
3307 1847 3709 1918 περιχὼρησιν.

2135 1938 2246 1992 Ποῦ
2279 1938 2387 2006 γὰρ
2425 1938 2656 2005 ἔσονται,
2704 1938 2777 2009 μὴ
2835 1940 2892 1992 ὲν
2943 1939 3196 2010 ἀλλήλοις
3257 1940 3520 2009 μένοντα;
3556 1955 3712 2007 περι-

2136 2029 2380 2097 γραπτὸν
2431 2029 2496 2082 ἂν
2548 2029 2635 2098 εἴη
2676 2029 2848 2092 οὕτως
2887 2031 3166 2098 ἑκάτερον.
3203 2025 3296 2090 Εἷς
3334 2024 3428 2081 οὖν
3467 2027 3603 2089 Θεὸς
3647 2031 3710 2079 ἐκ

2141 2118 2305 2188 τριῶν
2361 2118 2583 2172 τελείων
2631 2119 2741 2172 τῶν
2781 2120 3167 2180 ὑποστάσεων,
3199 2121 3286 2171 ἵνα
3324 2119 3398 2188 μὴ
3455 2118 3711 2180 σύνθετος

2141 2208 2201 2272 ἐξ
2234 2209 2488 2262 ἀτελείων
2537 2208 2697 2276 φύσις
2731 2209 3026 2280 νομίζοιτο,
3073 2211 3171 2280 μία
3216 2210 3271 2261 δὲ
3316 2211 3382 2261 ὲκ
3417 2209 3582 2279 τριῶν
3620 2226 3709 2260 τε-

2141 2299 2298 2353 λείων
2343 2300 2491 2370 άπλῆ
2537 2301 2631 2354 καὶ
2674 2300 2966 2363 άσύνθετος
2991 2341 3004 2365 ,
3030 2301 3331 2371 ὑπερτελὴς
3378 2304 3472 2353 καὶ
3513 2300 3710 2367 προτέ-

2141 2391 2198 2443 λε
2207 2407 2302 2454 ιος.

468 2491 877 2568 hypostasibus,
918 2504 988 2544 ne
1019 2495 1218 2542 natura
1253 2500 1320 2539 ex
1361 2480 1698 2552 imperfectis
1727 2479 2031 2546 composita
2067 2492 2394 2537 censeatur:
2424 2499 2530 2539 una
2568 2500 2696 2539 vero
2753 2500 2818 2538 ex
2885 2483 3064 2538 tribus
3111 2483 3393 2552 perfectis,
3442 2486 3674 2556 simplex

469 2597 525 2645 et
557 2581 974 2652 compositionis
1023 2591 1242 2648 expers,
1293 2589 1463 2642 supra
1497 2572 1720 2627 modum
1753 2570 2018 2638 perfecta,
2061 2582 2115 2624 et
2151 2572 2504 2640 perfectionis
2534 2577 2709 2646 origo.

539 2678 627 2732 79.
659 2675 720 2730 In
757 2671 1138 2730 incarnatione
1185 2685 1317 2725 vero
1367 2666 1620 2732 salutari,
1667 2678 1788 2733 quae
1834 2662 2036 2715 intelli-

471 2771 706 2841 gentiam
763 2782 978 2822 omnem
1039 2769 1287 2829 superat,
1340 2761 1670 2816 confitemur
1723 2770 1898 2810 unum
1971 2754 2037 2808 de

472 2860 762 2924 Trinitate,
821 2856 1192 2926 unigenitum,
1252 2853 1450 2907 Filium
1505 2848 1862 2918 Verbumque
1919 2845 2036 2909 Dei,

2212 2667 2306 2720 σθ’.
2359 2668 2481 2720 Ἐπὶ
2513 2668 2571 2721 δέ
2604 2685 2668 2736 γε
2693 2670 2792 2740 τῆς
2829 2673 3096 2741 σωτηρίου
3139 2675 3451 2742 οἰκονομίας
3481 2678 3576 2728 καὶ
3610 2681 3715 2730 πᾶ-

2146 2773 2245 2810 σαν
2276 2757 2678 2829 ὑπεραιρούσης
2709 2759 3042 2830 κατάληψιν,
3073 2763 3443 2832 ὁμολογοῦμεν
3484 2765 3576 2818 τὸν
3617 2766 3716 2820 ἕνα

2146 2849 2241 2918 τῆς
2269 2850 2429 2918 ἁγίας
2453 2851 2698 2920 Τριάδος,
2734 2851 2826 2904 τὸν
2848 2853 3110 2921 μονογενῆ
3141 2854 3267 2907 Υίὸν
3297 2857 3390 2907 καὶ
3426 2858 3598 2924 Λόγον
3618 2861 3717 2909 τοῦ

473 2950 816 3018 beneplacito
861 2947 1039 3002 Pairis
1095 2946 1445 3000 incarnatum
1485 2940 1554 2994 de
1592 2938 1800 3007 Spiritu
1843 2943 2038 2991 sancto

2148 2941 2301 3005 Θεοῦ,
2333 2943 2550 3014 εὐδοκία
2583 2944 2674 2996 τοῦ
2714 2946 2925 3017 Πατρὸς
2957 2947 3334 3014 σεσαρκῶσθαι
3368 2951 3431 3000 ἐκ
3460 2950 3718 3018 Πνεῦμα-

436 3034 618 3103 ‘csse,
641 3049 695 3094 et
727 3055 794 3093 ex
819 3048 1011 3093 sancta
1039 3051 1255 3104 semper
1289 3032 1517 3102 Virgine
1547 3038 1600 3086 et
1637 3028 1729 3084 Dei
1763 3028 2042 3083 Genitrice

477 3131 686 3186 Maria:
722 3131 969 3198 duasque
1014 3128 1135 3197 ejus
1169 3124 1562 3196 generationes
1591 3121 1844 3183 colimus,
1878 3133 2041 3173 unam

477 3230 604 3277 ante
640 3221 844 3276 saacula
895 3227 951 3273 et
1005 3227 1294 3278 aeternam,
1349 3215 1496 3268 nulla
1543 3227 1735 3276 causa,
1768 3227 1833 3264 ex
1884 3211 2045 3262 Patre

478 3313 598 3366 sine
625 3319 835 3366 matre:
864 3318 918 3364 et
939 3323 1104 3364 unam
1143 3324 1210 3362 ex
1244 3307 1453 3374 virgine
1484 3312 1688 3363 matre,
1722 3302 1842 3356 sine
1871 3311 2040 3369 patre.

479 3408 704 3471 propter
745 3408 992 3456 nostram
1038 3399 1298 3454 salutem.
1346 3394 1533 3464 Neque
1566 3394 1912 3446 incarnatum
1949 3391 2045 3444 Pa-

481 3502 639 3555 trem,
670 3507 844 3560 neque
899 3497 1218 3560 generatum
1265 3485 1525 3549 dicimus,
1561 3499 1739 3553 neque
1775 3482 2039 3551 Spiritum

481 3588 756 3635 sanctum.
786 3579 1100 3649 Proprietas
1134 3577 1277 3632 enim
1309 3574 1591 3632 ﬁliationis
1623 3572 1920 3627 immobilis
1937 3578 2043 3626 est.

481 3670 655 3725 Filius
710 3669 876 3739 igitur
928 3682 1053 3721 cum
1086 3673 1255 3729 esset,
1289 3663 1464 3720 Filius
1499 3664 1683 3720 denuo
1714 3662 1889 3717 factus
1917 3671 2041 3717 est:

482 3761 654 3816 Filius
683 3775 921 3831 namque
954 3760 1048 3814 Dei
1079 3768 1136 3814 et
1180 3758 1382 3823 Patris,
1419 3757 1662 3812 hominis
1693 3757 1840 3811 lilius
1868 3755 2046 3809 factus

481 3859 583 3911 est.
613 3864 833 3917 unaque
871 3865 940 3903 ex
981 3849 1194 3904 naturis
1224 3850 1440 3905 duabus
1475 3849 1791 3923 hypostasis
1821 3861 2047 3915 compo-

481 3941 608 3994 sita.
645 3938 784 3992 Cum
837 3938 982 3991 enim
1041 3939 1357 4007 hypostasis
1410 3948 1560 3994 esset
1618 3941 1672 3992 in
1738 3937 2046 3991 substantia

478 4031 775 4091 exsistens,
807 4037 1065 4082 naturam
1099 4029 1442 4084 substantem
1494 4031 1817 4097 assumpsit,
1853 4043 2047 4082 massae

481 4129 684 4174 nostra:
712 4119 1002 4188 primitias.
1041 4118 1399 4172 Substantcm
1447 4133 1611 4187 porro
1650 4118 1909 4182 dicimus,
1938 4134 2047 4172 non

479 4221 742 4281 tanquam
787 4210 1042 4264 habuerit
1077 4209 1356 4278 prapriam
1403 4209 1760 4279 hypostasim,
1799 4211 1893 4266 sed
1929 4225 2048 4279 qua!

475 4300 752 4353 exstiterit
788 4299 842 4351 in
881 4298 1166 4368 hypostasi
1193 4297 1382 4353 Verbi.
1431 4297 1609 4352 Simul
1644 4299 1849 4368 quippe
1895 4313 2038 4364 caro,

2152 4303 2270 4374 ἅμα
2322 4303 2458 4356 Θεοῦ
2491 4304 2662 4371 Λόγου
2699 4304 2835 4375 σάρξ
2859 4321 2873 4336 ·

481 4390 644 4446 simul
671 4389 766 4445 Dei
798 4389 961 4444 Verbi
1001 4405 1153 4455 caro,
1186 4391 1350 4446 simul
1380 4405 1508 4445 caro
1532 4391 1770 4445 animata
1815 4391 2046 4448 rationis

479 4479 782 4549 particeps,
821 4479 1044 4534 minime
1075 4481 1293 4535 sublata
1329 4489 1557 4550 propter
1597 4481 1852 4536 unionem
1887 4480 2045 4536 diffe-

483 4568 658 4623 rentia
710 4576 1035 4622 naturarum
1086 4570 1551 4640 (quandoqnidcm
1606 4586 1669 4626 ea
1717 4586 1784 4624 ex
1845 4571 2046 4640 quibus

483 4675 628 4715 unus
671 4659 926 4714 Christus
973 4669 1030 4714 et
1081 4660 1350 4717 Dominus
1400 4669 1639 4726 constat,
1689 4663 1915 4716 immota
1949 4677 2048 4716 nec

483 4757 788 4820 permutata
821 4760 1185 4822 manserunt),
1221 4753 1316 4809 sed
1347 4754 1456 4809 illis
1494 4755 1545 4808 in
1579 4771 1745 4808 unam
1786 4755 2048 4825 hyposta-

482 4840 586 4894 sim
610 4841 967 4908 compositam
999 4845 1470 4899 concurrentibus
1498 4846 1617 4901 sine
1641 4847 1974 4902 confusione
1995 4855 2048 4900 et

482 4930 847 4999 seiunctione.
907 4931 1174 4990 Unionem
1205 4938 1349 4992 enim
1380 4939 1680 4992 secundum
1712 4938 2046 5008 hypostasim

481 5021 740 5077 dicimus.
770 5025 845 5078 At
876 5040 1005 5079 vero
1036 5027 1166 5081 unio
1193 5028 1501 5082 secundum
1537 5029 1874 5097 hypostasim
1910 5043 2047 5082 con-

480 5115 822 5170 currentium
846 5131 1068 5186 quoque
1097 5124 1422 5172 naturarum
1441 5119 1741 5174 discrimen
1773 5127 1975 5182 servat,
1998 5128 2050 5174 et

482 5205 746 5261 unitatem
793 5216 1006 5262 natura:
1043 5207 1306 5264 custodit.
1343 5208 1400 5264 Si
1435 5209 1582 5264 enim
1618 5211 1859 5266 Verbum
1895 5214 2048 5267 carni

481 5299 952 5355 consubstantiale
989 5315 1096 5354 non
1123 5289 1356 5366 est,'nec
1384 5303 1686 5360 discretum
1712 5306 1780 5360 ab
1809 5319 1876 5359 eo
1904 5306 2048 5375 quod

483 5386 647 5440 simul
680 5403 805 5443 cum
831 5405 896 5445 eo
927 5391 1206 5459 subsistit,
1235 5408 1337 5448 nec
1365 5410 1530 5449 unam
1564 5397 1797 5465 proinde
1838 5397 1892 5451 in
1931 5399 2049 5467 ipso

483 5473 666 5530 dicere
699 5486 953 5534 naturam
988 5483 1134 5551 licet,
1169 5501 1348 5557 neque
1375 5487 1515 5543 duas
1540 5488 1891 5559 bypostases.
1926 5489 2051 5547 Haec

476 5565 756 5661 _siquidem
785 5571 1106 5643 hypostases
1141 5580 1530 5639 constituunt:
1572 5591 1630 5638 ut
1679 5584 2052 5641 consubstan-

452 5667 476 5696 ,Ι

2146 3050 2236 3097 τος
2279 3035 2435 3102 ἁγίου
2479 3036 2568 3088 καὶ
2607 3037 2825 3106 Μαρίας
2876 3037 2976 3105 τῆς
3019 3039 3177 3106 ἁγίας
3225 3039 3583 3106 ἀειπιρθένου
3619 3046 3718 3093 καὶ

2145 3126 2444 3179 Θεοτόκου·
2508 3128 2600 3180 καὶ
2651 3128 2745 3181 δύο
2793 3128 2959 3180 αὑτοῦ
3009 3129 3110 3190 τάς
3147 3133 3424 3200 γεννήσεις
3457 3129 3714 3200 σέϐομεν,

2149 3217 2276 3286 μίαν
2304 3217 2400 3284 τὴν
2429 3218 2748 3287 προαιὼνιον
2779 3220 2874 3272 καὶ
2899 3220 3087 3282 ἀΐδιον,
3111 3222 3388 3284 ἀναιτίως,
3411 3223 3475 3274 ἐκ
3501 3225 3719 3292 Πατρὸς

2147 3309 2275 3360 ἄνευ
2311 3309 2534 3378 μητρὸς,
2578 3310 2672 3362 καὶ
2699 3309 2828 3378 μίαν
2857 3311 2955 3379 τὴν
2981 3313 3041 3362 ὲκ
3064 3310 3164 3378 τῆς
3199 3312 3475 3380 Παρθένου
3507 3316 3718 3382 μητρὸς

2146 3401 2273 3452 ἄνευ
2313 3401 2516 3467 πατρὸς
2561 3399 2648 3452 διὰ
2693 3402 2790 3470 τὴν
2825 3402 3097 3471 ἡμετέραν
3120 3404 3415 3472 σωτηρίαν.
3449 3404 3583 3456 Οῦτε
3620 3405 3720 3456 τὸν

2148 3488 2364 3556 Πατέρα
2388 3489 2769 3558 σεσαρκῶσθαι
2795 3490 2889 3542 καὶ
2908 3488 3270 3558 γεγεννῆσθαι
3299 3489 3564 3556 λέγοντες,
3586 3489 3719 3542 οὗτε

2144 3579 2207 3630 τὸ
2235 3579 2457 3648 Πνεῦμα
2483 3579 2636 3646 ἆγιον
2658 3595 2669 3607 ’
2704 3581 2736 3649 ἡ
2759 3581 2867 3650 γάρ
2899 3565 3095 3648 ίδιότης
3125 3580 3381 3650 ἀκίνητος
3411 3582 3506 3651 τῆς
3531 3581 3725 3652 υίότη-

2145 3687 2256 3733 τος.
2282 3669 2408 3734 Υίὸς
2437 3669 2530 3722 οῦν
2557 3670 2836 3740 ὑπάρχων,
2857 3671 2980 3733 Υἱὸς
3010 3671 3173 3724 πάλιν
3193 3673 3428 3738 γέγονεν.
3455 3672 3582 3733 Υἱὸς
3603 3672 3677 3738 γά
3688 3690 3725 3740 ρ

2145 3762 2221 3815 ὢν
2252 3760 2346 3814 τοῦ
2377 3761 2511 3815 Θεοῦ
2554 3763 2650 3815 καὶ
2693 3761 2926 3831 Πατρὸς,
2983 3763 3098 3826 υίὸς
3151 3761 3429 3831 ἀνθρώπου
3459 3762 3722 3828 ἐγένετο,

2147 3854 2209 3905 ὲκ
2238 3851 2330 3904 δύο
2361 3851 2572 3921 φύσεων
2600 3852 2698 3922 μία
2740 3853 3036 3915 ὑπόστασις
3071 3851 3327 3912 σύνθετος.
3375 3850 3727 3916 Ὑπόπασις

2146 3941 2252 4013 γὰρ
2277 3943 2535 4012 ὑπάρχων
2565 3941 2820 4003 ὲνούσιος,
2850 3941 3012 4009 φύσιν
3041 3940 3292 3994 ἀνέλαὸεν
3322 3940 3723 4001 ἐνυπόστατον,

2146 4032 2400 4102 ἀπαρχὴν
2427 4029 2521 4083 τοῦ
2555 4030 2823 4100 ἡμετέρου
2852 4031 3191 4100 φυράματος.
3233 4029 3628 4082 Ἐνυπὺστατον
3660 4031 3725 4085 δέ

2149 4139 2348 4192 φαμεν,
2372 4123 2470 4192 οὑχ
2493 4123 2566 4184 ὡς
2593 4122 2726 4175 ἰδίαν
2755 4125 3049 4192 ἐσχηκυῖαν
3081 4123 3397 4182 ὑπόστασιν,
3429 4120 3542 4173 ἀλλ’
3566 4124 3626 4174 ὲν
3651 4126 3722 4193 τῇ

2146 4214 2241 4266 τοῦ
2273 4215 2446 4282 Λόγου
2498 4215 2790 4267 ὑποστάσει
2841 4213 3178 4284 ὑπάρξασαν.
3231 4215 3384 4283 Ἅμα
3417 4214 3523 4280 γὰρ
3557 4213 3720 4284 σὰρξ,

2916 4306 3032 4376 ἅμα
3067 4305 3203 4375 σὰρξ
3230 4305 3472 4374 ἔμψυχος
3501 4305 3719 4372 hormia.

2149 4393 2264 4462 ἅμα
2297 4391 2431 4444 Θεοῦ
2452 4391 2624 4459 Λόγου
2659 4392 2797 4461 σὰρξ
2826 4392 3064 4462 ἔμψυχος
3092 4393 3285 4462 λογική
3303 4409 3316 4422 ·
3350 4392 3603 4460 οὐδαμῶς
3625 4393 3723 4462 τῆς

2147 4484 2255 4536 τῶν
2285 4482 2498 4552 φύσεων
2526 4484 2786 4553 διαφορᾶς
2842 4483 3190 4554 ἀνῃρημένης
3220 4483 3311 4536 διὰ
3357 4484 3456 4551 τὴν
3491 4483 3684 4535 ἕνωσιν
3704 4499 3718 4511 ’

2152 4575 2427 4645 μεμένηκε
2478 4575 2586 4645 γὰρ
2623 4575 2690 4627 τὰ
2723 4575 2780 4640 ἐξ
2829 4572 2903 4627 ὦν
2947 4578 2974 4628 ὁ
3003 4575 3238 4642 Χριστός
3279 4591 3340 4626 τε
3373 4575 3466 4626 καί
3493 4575 3719 4644 Κύριος,

2149 4667 2393 4737 ἄτρεπτα
2430 4669 2522 4718 καὶ
2552 4668 2902 4737 ἀμετάϐλητα
2925 4682 2936 4695 ⁶
2977 4667 3091 4720 ἀλλ’
3139 4669 3221 4730 είς
3262 4668 3391 4737 μίαν
3423 4667 3724 4720 ὑπόστασιν

2151 4761 2403 4816 σύνθετον
2435 4765 2856 4836 συνδραμουσῶν
2886 4763 3206 4833 ἀσυγχύτως
3238 4763 3334 4818 καὶ
3359 4762 3682 4834 άδιαιρέτως
3707 4779 3722 4791 ·

2151 4855 2272 4908 καθ’
2303 4856 2602 4909 ὑπόστασιν
2636 4857 2744 4926 γὰρ
2763 4856 2860 4926 τὴν
2891 4855 3089 4910 ἕνωσιν
3115 4855 3534 4925 δογματίζομεν.
3575 4854 3642 4906 Ἦ
3667 4853 3729 4905 δὲ

2149 4944 2271 5000 καθ’
2305 4945 2602 5002 ὑπόστασιν
2628 4947 2840 5010 ἓνωσις,
2871 4948 2965 5000 καὶ
2993 4945 3102 5000 τῶν
3127 4943 3495 4998 συνελθουσῶν
3521 4944 3728 4996 οὐσιῶν

2151 5037 2406 5105 φυλάττει
2453 5037 2551 5109 τὴν
2583 5039 2867 5108 διαφορὰν,
2923 5039 3015 5090 καὶ
3069 5037 3164 5091 τοῦ
3210 5035 3503 5108 προσώπου
3534 5037 3728 5107 τηρεῖν

2149 5125 2259 5183 οἶδε
2286 5131 2385 5202 τὴν
2419 5131 2664 5201 ἑνότητα.
2704 5131 2772 5186 Et
2805 5130 2910 5200 γὰρ
2955 5129 3053 5200 οὐχ
3080 5128 3367 5199 ὁμοούσιος
3395 5129 3427 5180 ὁ
3457 5127 3630 5196 Λόγος
3653 5128 3725 5197 τῇ

2154 5221 2334 5291 σαρκὶ,
2355 5233 2359 5235 ’
2381 5221 2505 5275 οὔτε
2534 5222 2936 5293 κεχωρισμένος
2966 5221 3062 5274 τοῦ
3111 5219 3520 5287 συνυφεστῶτός
3548 5221 3722 5278 ἐστιν.

2151 5311 2274 5364 οὔτε
2303 5311 2430 5382 μίαν
2463 5313 2552 5364 ἐπ’
2581 5311 2746 5364 αὑτοῦ
2780 5310 2939 5379 φύσιν
2978 5309 3156 5378 λέγειν
3195 5309 3435 5378 θεμιτὸν,
3476 5306 3601 5360 οὔτε
3630 5306 3728 5360 δύο

2153 5405 2248 5465 τὰς
2278 5403 2624 5464 ὑποστάσεις.
2659 5401 2844 5456 Ταῦτα
2882 5401 2991 5472 γὰρ
3035 5401 3132 5464 τὰς
3183 5399 3509 5460 ὑποστάσεις
3540 5397 3725 5451 ποιεῖ·

2153 5493 2212 5547 τὸ
2244 5493 2351 5564 γὰρ
2381 5492 2684 5564 όμοούσιον,
2714 5493 2775 5546 τὸ
2817 5493 2875 5546 ἓν
2905 5495 3001 5562 μὲν
3025 5491 3116 5546 καὶ
3143 5489 3343 5544 ταυτὸν
3374 5488 3495 5542 κατ’
3539 5486 3731 5540 οὐσίαν

2153 5584 2320 5657 δηλοῖ.
2348 5586 2422 5639 Τὸ
2450 5585 2571 5643 καθ’
2594 5585 2888 5641 ὑπόστασιν
2913 5584 2990 5651 δὲ,
3017 5583 3270 5652 διάφορον
3287 5596 3300 5610 ’
3335 5577 3643 5650 τοῦμπαλιν
3668 5577 3736 5632 δὲ
