  <div class='ocr_page' id='page_1' title='image "/cluster/home/n/w/nwhite01/storage/ocr_20150623/94/mdp.39015008918610/746.png"; bbox 0 0 3980 6140; ppageno 0'>
   <div class='ocr_carea' id='block_1_1' title="bbox 293 218 421 287">
    <p class='ocr_par' dir='ltr' id='par_1_1' title="bbox 293 218 421 287">
     <span class='ocr_line' id='line_1_1' title="bbox 293 218 421 287; baseline 0.008 -1"><span class='ocrx_word' id='word_1_1' title='bbox 293 218 421 287; x_wconf 79' lang='grc'><strong>1477</strong></span> 
     </span>
    </p>
   </div>
   <div class='ocr_carea' id='block_1_2' title="bbox 1547 221 2292 286">
    <p class='ocr_par' dir='ltr' id='par_1_2' title="bbox 1547 221 2292 286">
     <span class='ocr_line' id='line_1_2' title="bbox 1547 221 2292 286; baseline -0.007 0"><span class='ocrx_word' id='word_1_2' title='bbox 1547 227 1846 286; x_wconf 77' lang='lat' dir='ltr'><strong>CONTRA</strong></span> <span class='ocrx_word' id='word_1_3' title='bbox 1877 221 2292 286; x_wconf 82' lang='lat' dir='ltr'><strong>JACOBITAS.</strong></span> 
     </span>
    </p>
   </div>
   <div class='ocr_carea' id='block_1_3' title="bbox 3385 226 3521 292">
    <p class='ocr_par' dir='ltr' id='par_1_3' title="bbox 3385 226 3521 292">
     <span class='ocr_line' id='line_1_3' title="bbox 3385 226 3521 292; baseline 0.015 -2"><span class='ocrx_word' id='word_1_4' title='bbox 3385 226 3521 292; x_wconf 73' lang='grc'>1473</span> 
     </span>
    </p>
   </div>
   <div class='ocr_carea' id='block_1_4' title="bbox 294 301 1869 409">
    <p class='ocr_par' dir='ltr' id='par_1_4' title="bbox 294 301 1853 409">
     <span class='ocr_line' id='line_1_4' title="bbox 294 301 1853 409; baseline 0.003 -23"><span class='ocrx_word' id='word_1_5' title='bbox 294 335 352 386; x_wconf 75' lang='grc' dir='ltr'>τὸ</span> <span class='ocrx_word' id='word_1_6' title='bbox 375 336 722 406; x_wconf 84' lang='grc' dir='ltr'>ὲτεροούσιον,</span> <span class='ocrx_word' id='word_1_7' title='bbox 755 334 816 387; x_wconf 80' lang='grc' dir='ltr'><strong>τὸ</strong></span> <span class='ocrx_word' id='word_1_8' title='bbox 844 334 959 389; x_wconf 81' lang='grc' dir='ltr'>καθ’</span> <span class='ocrx_word' id='word_1_9' title='bbox 987 301 1290 390; x_wconf 71' lang='grc' dir='ltr'>ὑπόστασιν</span> <span class='ocrx_word' id='word_1_10' title='bbox 1324 339 1443 409; x_wconf 86' lang='grc' dir='ltr'>μὲν,</span> <span class='ocrx_word' id='word_1_11' title='bbox 1475 339 1692 404; x_wconf 80' lang='grc' dir='ltr'>ταυτὸν,</span> <span class='ocrx_word' id='word_1_12' title='bbox 1720 338 1853 391; x_wconf 82' lang='grc' dir='ltr'>τὸδὲ</span> 
     </span>
    </p>
   </div>
   <div class='ocr_carea' id='block_1_5' title="bbox 1971 301 3523 409">
    <p class='ocr_par' dir='ltr' id='par_1_5' title="bbox 1971 329 3523 396">
     <span class='ocr_line' id='line_1_5' title="bbox 1971 329 3523 396; baseline 0.001 -6"><span class='ocrx_word' id='word_1_13' title='bbox 1971 338 2097 391; x_wconf 83' lang='lat' dir='ltr'><strong>.iale</strong></span> <span class='ocrx_word' id='word_1_14' title='bbox 2129 348 2295 392; x_wconf 89' lang='lat' dir='ltr'><strong>unum</strong></span> <span class='ocrx_word' id='word_1_15' title='bbox 2330 329 2584 396; x_wconf 87' lang='lat' dir='ltr'><strong>idemque</strong></span> <span class='ocrx_word' id='word_1_16' title='bbox 2611 335 2915 390; x_wconf 84' lang='lat' dir='ltr'><strong>secundum</strong></span> <span class='ocrx_word' id='word_1_17' title='bbox 2949 337 3314 392; x_wconf 84' lang='lat' dir='ltr'><strong>substantiam</strong></span> <span class='ocrx_word' id='word_1_18' title='bbox 3346 338 3523 394; x_wconf 83' lang='lat' dir='ltr'><strong>decla-</strong></span> 
     </span>
    </p>
   </div>
   <div class='ocr_carea' id='block_1_6' title="bbox 290 424 1499 500">
    <p class='ocr_par' dir='ltr' id='par_1_6' title="bbox 290 424 1499 500">
     <span class='ocr_line' id='line_1_6' title="bbox 290 424 1499 500; baseline 0.006 -24"><span class='ocrx_word' id='word_1_19' title='bbox 290 425 424 477; x_wconf 82' lang='grc' dir='ltr'>κατὰ</span> <span class='ocrx_word' id='word_1_20' title='bbox 459 424 638 493; x_wconf 82' lang='grc' dir='ltr'>φύσιν,</span> <span class='ocrx_word' id='word_1_21' title='bbox 675 425 735 478; x_wconf 77' lang='grc' dir='ltr'><strong>τὸ</strong></span> <span class='ocrx_word' id='word_1_22' title='bbox 763 425 1014 496; x_wconf 75' lang='grc' dir='ltr'>διάφορον</span> <span class='ocrx_word' id='word_1_23' title='bbox 1042 425 1152 480; x_wconf 81' lang='grc' dir='ltr'><strong>τῶν</strong></span> <span class='ocrx_word' id='word_1_24' title='bbox 1183 429 1499 500; x_wconf 78' lang='grc' dir='ltr'>ήνωμένων.</span> 
     </span>
    </p>
   </div>
   <div class='ocr_carea' id='block_1_7' title="bbox 1967 421 3521 496">
    <p class='ocr_par' dir='ltr' id='par_1_7' title="bbox 1967 421 3521 496">
     <span class='ocr_line' id='line_1_7' title="bbox 1967 421 3521 496; baseline -0.002 -14"><span class='ocrx_word' id='word_1_25' title='bbox 1967 436 2074 486; x_wconf 89' lang='lat' dir='ltr'><strong>ret.</strong></span> <span class='ocrx_word' id='word_1_26' title='bbox 2107 441 2328 495; x_wconf 87' lang='lat' dir='ltr'><strong>unaque</strong></span> <span class='ocrx_word' id='word_1_27' title='bbox 2357 421 2730 479; x_wconf 86' lang='lat' dir='ltr'><strong>diversitatem</strong></span> <span class='ocrx_word' id='word_1_28' title='bbox 2775 441 2946 495; x_wconf 86' lang='lat' dir='ltr'><strong>penes</strong></span> <span class='ocrx_word' id='word_1_29' title='bbox 2976 426 3315 496; x_wconf 88' lang='lat' dir='ltr'><strong>hypostasim</strong></span> <span class='ocrx_word' id='word_1_30' title='bbox 3352 445 3366 479; x_wconf 90' lang='lat'><strong>:</strong></span> <span class='ocrx_word' id='word_1_31' title='bbox 3395 441 3521 480; x_wconf 80' lang='lat' dir='ltr'><strong>con-</strong></span> 
     </span>
    </p>
   </div>
   <div class='ocr_carea' id='block_1_8' title="bbox 291 519 3526 598">
    <p class='ocr_par' dir='ltr' id='par_1_8' title="bbox 291 519 3526 598">
     <span class='ocr_line' id='line_1_8' title="bbox 291 519 3526 598; baseline 0.002 -28"><span class='ocrx_word' id='word_1_32' title='bbox 291 527 374 571; x_wconf 86' lang='lat' dir='ltr'><strong>tra</strong></span> <span class='ocrx_word' id='word_1_33' title='bbox 422 533 554 572; x_wconf 91' lang='lat' dir='ltr'><strong>vero</strong></span> <span class='ocrx_word' id='word_1_34' title='bbox 599 519 832 575; x_wconf 75' lang='lat' dir='ltr'><strong>diversae</strong></span> <span class='ocrx_word' id='word_1_35' title='bbox 873 521 1199 578; x_wconf 84' lang='lat' dir='ltr'><strong>substantiae</strong></span> <span class='ocrx_word' id='word_1_36' title='bbox 1229 540 1387 591; x_wconf 88' lang='lat' dir='ltr'><strong>csse,</strong></span> <span class='ocrx_word' id='word_1_37' title='bbox 1427 543 1591 582; x_wconf 90' lang='lat' dir='ltr'><strong>unum</strong></span> <span class='ocrx_word' id='word_1_38' title='bbox 1627 527 1844 598; x_wconf 84' lang='lat' dir='ltr'><strong>quidem</strong></span> <span class='ocrx_word' id='word_1_39' title='bbox 1883 523 2186 579; x_wconf 87' lang='lat' dir='ltr'><strong>secundum</strong></span> <span class='ocrx_word' id='word_1_40' title='bbox 2233 519 2576 590; x_wconf 84' lang='lat' dir='ltr'><strong>hypostasim</strong></span> <span class='ocrx_word' id='word_1_41' title='bbox 2613 521 2820 587; x_wconf 81' lang='lat' dir='ltr'><strong>eli&#39;erat,</strong></span> <span class='ocrx_word' id='word_1_42' title='bbox 2858 523 3133 579; x_wconf 79' lang='lat' dir='ltr'><strong>diversam</strong></span> <span class='ocrx_word' id='word_1_43' title='bbox 3201 539 3336 579; x_wconf 88' lang='lat' dir='ltr'><strong>vero</strong></span> <span class='ocrx_word' id='word_1_44' title='bbox 3400 524 3526 579; x_wconf 88' lang='lat' dir='ltr'><strong>uni-</strong></span> 
     </span>
    </p>
   </div>
   <div class='ocr_carea' id='block_1_9' title="bbox 283 621 784 668">
    <p class='ocr_par' dir='ltr' id='par_1_9' title="bbox 283 621 784 668">
     <span class='ocr_line' id='line_1_9' title="bbox 283 621 784 668; baseline 0 -1"><span class='ocrx_word' id='word_1_45' title='bbox 283 622 467 668; x_wconf 89' lang='lat' dir='ltr'><strong>torum</strong></span> <span class='ocrx_word' id='word_1_46' title='bbox 505 621 784 667; x_wconf 86' lang='lat' dir='ltr'><strong>naturam.</strong></span> 
     </span>
    </p>
   </div>
   <div class='ocr_carea' id='block_1_10' title="bbox 355 705 1862 786">
    <p class='ocr_par' dir='ltr' id='par_1_10' title="bbox 355 705 1862 786">
     <span class='ocr_line' id='line_1_10' title="bbox 355 705 1862 786; baseline 0.01 -29"><span class='ocrx_word' id='word_1_47' title='bbox 355 706 431 759; x_wconf 81' lang='grc' dir='ltr'><strong>π’.</strong></span> <span class='ocrx_word' id='word_1_48' title='bbox 458 705 645 769; x_wconf 84' lang='grc' dir='ltr'>Οῦτως</span> <span class='ocrx_word' id='word_1_49' title='bbox 673 709 772 761; x_wconf 88' lang='grc' dir='ltr'><strong>οὐκ</strong></span> <span class='ocrx_word' id='word_1_50' title='bbox 805 709 949 762; x_wconf 80' lang='grc' dir='ltr'>ἔστιν</span> <span class='ocrx_word' id='word_1_51' title='bbox 971 711 1124 776; x_wconf 73' lang='grc' dir='ltr'>ἄλλος</span> <span class='ocrx_word' id='word_1_52' title='bbox 1149 715 1240 767; x_wconf 67' lang='grc' dir='ltr'>καὶ</span> <span class='ocrx_word' id='word_1_53' title='bbox 1264 713 1422 777; x_wconf 74' lang='grc' dir='ltr'>ἄλλος</span> <span class='ocrx_word' id='word_1_54' title='bbox 1450 716 1477 770; x_wconf 84' lang='grc' dir='ltr'><strong>ό</strong></span> <span class='ocrx_word' id='word_1_55' title='bbox 1497 716 1749 786; x_wconf 77' lang='grc' dir='ltr'>Χριστὸς,</span> <span class='ocrx_word' id='word_1_56' title='bbox 1775 719 1862 772; x_wconf 83' lang='grc' dir='ltr'><strong>ἵνα</strong></span> 
     </span>
    </p>
   </div>
   <div class='ocr_carea' id='block_1_11' title="bbox 283 798 1858 880">
    <p class='ocr_par' dir='ltr' id='par_1_11' title="bbox 283 798 1858 880">
     <span class='ocr_line' id='line_1_11' title="bbox 283 798 1858 880; baseline 0.006 -31"><span class='ocrx_word' id='word_1_57' title='bbox 283 799 361 868; x_wconf 79' lang='grc' dir='ltr'>μὴ</span> <span class='ocrx_word' id='word_1_58' title='bbox 389 798 607 869; x_wconf 77' lang='grc' dir='ltr'>τετράδι</span> <span class='ocrx_word' id='word_1_59' title='bbox 641 798 1010 870; x_wconf 78' lang='grc' dir='ltr'><strong>λατρεύωμεν,</strong></span> <span class='ocrx_word' id='word_1_60' title='bbox 1046 801 1174 856; x_wconf 75' lang='grc' dir='ltr'>ἄλλο</span> <span class='ocrx_word' id='word_1_61' title='bbox 1204 803 1261 856; x_wconf 86' lang='grc' dir='ltr'>δὲ</span> <span class='ocrx_word' id='word_1_62' title='bbox 1291 805 1383 857; x_wconf 74' lang='grc' dir='ltr'><strong>καὶ</strong></span> <span class='ocrx_word' id='word_1_63' title='bbox 1411 805 1556 871; x_wconf 76' lang='grc' dir='ltr'>ἄλλο,</span> <span class='ocrx_word' id='word_1_64' title='bbox 1583 806 1668 859; x_wconf 80' lang='grc' dir='ltr'><strong>ἵνα</strong></span> <span class='ocrx_word' id='word_1_65' title='bbox 1694 809 1768 877; x_wconf 88' lang='grc' dir='ltr'>μὴ</span> <span class='ocrx_word' id='word_1_66' title='bbox 1794 811 1858 880; x_wconf 85' lang='grc' dir='ltr'>τῇ</span> 
     </span>
    </p>
   </div>
   <div class='ocr_carea' id='block_1_12' title="bbox 282 887 1861 966">
    <p class='ocr_par' dir='ltr' id='par_1_12' title="bbox 282 887 1861 966">
     <span class='ocr_line' id='line_1_12' title="bbox 282 887 1861 966; baseline 0.006 -25"><span class='ocrx_word' id='word_1_67' title='bbox 282 887 501 958; x_wconf 88' lang='grc' dir='ltr'>θεότητι</span> <span class='ocrx_word' id='word_1_68' title='bbox 533 890 592 941; x_wconf 87' lang='grc' dir='ltr'><strong>τὸ</strong></span> <span class='ocrx_word' id='word_1_69' title='bbox 640 890 812 954; x_wconf 85' lang='grc' dir='ltr'><strong>πάθος</strong></span> <span class='ocrx_word' id='word_1_70' title='bbox 845 892 1272 963; x_wconf 85' lang='grc' dir='ltr'>προσάπτωμεν.</span> <span class='ocrx_word' id='word_1_71' title='bbox 1305 895 1368 948; x_wconf 86' lang='grc' dir='ltr'>Εἰ</span> <span class='ocrx_word' id='word_1_72' title='bbox 1419 895 1518 965; x_wconf 82' lang='grc' dir='ltr'>μὲν</span> <span class='ocrx_word' id='word_1_73' title='bbox 1563 896 1671 966; x_wconf 88' lang='grc' dir='ltr'>γὰρ</span> <span class='ocrx_word' id='word_1_74' title='bbox 1705 898 1861 961; x_wconf 76' lang='grc' dir='ltr'>ἄλλος</span> 
     </span>
    </p>
   </div>
   <div class='ocr_carea' id='block_1_13' title="bbox 281 979 1862 1058">
    <p class='ocr_par' dir='ltr' id='par_1_13' title="bbox 281 979 1862 1058">
     <span class='ocr_line' id='line_1_13' title="bbox 281 979 1862 1058; baseline 0.005 -28"><span class='ocrx_word' id='word_1_75' title='bbox 281 980 380 1031; x_wconf 76' lang='grc' dir='ltr'><strong>καὶ</strong></span> <span class='ocrx_word' id='word_1_76' title='bbox 420 979 599 1042; x_wconf 78' lang='grc' dir='ltr'>ἄλλος,</span> <span class='ocrx_word' id='word_1_77' title='bbox 635 979 811 1049; x_wconf 81' lang='grc' dir='ltr'><strong>μάτην</strong></span> <span class='ocrx_word' id='word_1_78' title='bbox 843 981 1317 1052; x_wconf 80' lang='grc' dir='ltr'>μεγαλαυχοῦμεν,</span> <span class='ocrx_word' id='word_1_79' title='bbox 1341 987 1436 1054; x_wconf 74' lang='grc' dir='ltr'>τὴν</span> <span class='ocrx_word' id='word_1_80' title='bbox 1463 984 1562 1054; x_wconf 85' lang='grc' dir='ltr'>τῆς</span> <span class='ocrx_word' id='word_1_81' title='bbox 1590 988 1862 1058; x_wconf 80' lang='grc' dir='ltr'>ἡμετέρας</span> 
     </span>
    </p>
   </div>
   <div class='ocr_carea' id='block_1_14' title="bbox 279 1068 1858 1150">
    <p class='ocr_par' dir='ltr' id='par_1_14' title="bbox 279 1068 1858 1150">
     <span class='ocr_line' id='line_1_14' title="bbox 279 1068 1858 1150; baseline 0.007 -31"><span class='ocrx_word' id='word_1_82' title='bbox 279 1069 502 1136; x_wconf 86' lang='grc' dir='ltr'>φύσεως</span> <span class='ocrx_word' id='word_1_83' title='bbox 536 1068 739 1138; x_wconf 44' lang='grc' dir='ltr'>θέωσιν,</span> <span class='ocrx_word' id='word_1_84' title='bbox 767 1071 855 1124; x_wconf 81' lang='grc' dir='ltr'><strong>διὰ</strong></span> <span class='ocrx_word' id='word_1_85' title='bbox 887 1073 986 1142; x_wconf 85' lang='grc' dir='ltr'>τῆς</span> <span class='ocrx_word' id='word_1_86' title='bbox 1018 1073 1113 1126; x_wconf 88' lang='grc' dir='ltr'><strong>τοῦ</strong></span> <span class='ocrx_word' id='word_1_87' title='bbox 1154 1075 1328 1142; x_wconf 82' lang='grc' dir='ltr'><strong>Λόγου</strong></span> <span class='ocrx_word' id='word_1_88' title='bbox 1363 1076 1690 1145; x_wconf 82' lang='grc' dir='ltr'>γεγενῆσθαι</span> <span class='ocrx_word' id='word_1_89' title='bbox 1725 1095 1858 1150; x_wconf 89' lang='grc' dir='ltr'>σαρ-</span> 
     </span>
    </p>
   </div>
   <div class='ocr_carea' id='block_1_15' title="bbox 281 1157 1862 1240">
    <p class='ocr_par' dir='ltr' id='par_1_15' title="bbox 281 1157 1862 1240">
     <span class='ocr_line' id='line_1_15' title="bbox 281 1157 1862 1240; baseline 0.008 -31"><span class='ocrx_word' id='word_1_90' title='bbox 281 1157 532 1221; x_wconf 81' lang='grc' dir='ltr'>κώσεως.</span> <span class='ocrx_word' id='word_1_91' title='bbox 567 1160 628 1212; x_wconf 88' lang='grc' dir='ltr'>Εἰ</span> <span class='ocrx_word' id='word_1_92' title='bbox 655 1159 764 1231; x_wconf 84' lang='grc' dir='ltr'>γὰρ</span> <span class='ocrx_word' id='word_1_93' title='bbox 797 1163 829 1231; x_wconf 85' lang='grc' dir='ltr'>ὴ</span> <span class='ocrx_word' id='word_1_94' title='bbox 863 1162 1024 1214; x_wconf 80' lang='grc' dir='ltr'><strong>ἄλλου</strong></span> <span class='ocrx_word' id='word_1_95' title='bbox 1057 1163 1116 1216; x_wconf 84' lang='grc' dir='ltr'>ὲν</span> <span class='ocrx_word' id='word_1_96' title='bbox 1145 1164 1290 1234; x_wconf 85' lang='grc' dir='ltr'>ἄλλῳ</span> <span class='ocrx_word' id='word_1_97' title='bbox 1319 1165 1613 1236; x_wconf 81' lang='grc' dir='ltr'>ὲνοίκησις,</span> <span class='ocrx_word' id='word_1_98' title='bbox 1648 1167 1862 1240; x_wconf 84' lang='grc' dir='ltr'>σάρκω-</span> 
     </span>
    </p>
   </div>
   <div class='ocr_carea' id='block_1_16' title="bbox 280 1249 1864 1327">
    <p class='ocr_par' dir='ltr' id='par_1_16' title="bbox 280 1249 1864 1327">
     <span class='ocr_line' id='line_1_16' title="bbox 280 1249 1864 1327; baseline 0.009 -29"><span class='ocrx_word' id='word_1_99' title='bbox 280 1264 390 1311; x_wconf 90' lang='grc' dir='ltr'>σις,</span> <span class='ocrx_word' id='word_1_100' title='bbox 419 1249 680 1314; x_wconf 80' lang='grc' dir='ltr'><strong>πλείστας</strong></span> <span class='ocrx_word' id='word_1_101' title='bbox 711 1251 1015 1322; x_wconf 84' lang='grc' dir='ltr'><strong>σαρκώσεις</strong></span> <span class='ocrx_word' id='word_1_102' title='bbox 1042 1258 1070 1308; x_wconf 85' lang='grc' dir='ltr'>ὁ</span> <span class='ocrx_word' id='word_1_103' title='bbox 1097 1254 1228 1318; x_wconf 75' lang='grc' dir='ltr'>Θεὸς</span> <span class='ocrx_word' id='word_1_104' title='bbox 1258 1256 1573 1327; x_wconf 85' lang='grc' dir='ltr'>ὑπέμεινεν.</span> <span class='ocrx_word' id='word_1_105' title='bbox 1623 1277 1645 1309; x_wconf 71' lang='grc' dir='ltr'><strong>ι</strong></span> <span class='ocrx_word' id='word_1_106' title='bbox 1697 1259 1864 1312; x_wconf 86' lang='grc' dir='ltr'>Ἐνοι-</span> 
     </span>
    </p>
   </div>
   <div class='ocr_carea' id='block_1_17' title="bbox 277 1339 1860 1419">
    <p class='ocr_par' dir='ltr' id='par_1_17' title="bbox 277 1339 1860 1419">
     <span class='ocr_line' id='line_1_17' title="bbox 277 1339 1860 1419; baseline 0.008 -29"><span class='ocrx_word' id='word_1_107' title='bbox 277 1339 438 1407; x_wconf 85' lang='grc' dir='ltr'>κήσω</span> <span class='ocrx_word' id='word_1_108' title='bbox 459 1341 588 1410; x_wconf 86' lang='grc' dir='ltr'>γὰρ,</span> <span class='ocrx_word' id='word_1_109' title='bbox 613 1343 796 1411; x_wconf 78' lang='grc' dir='ltr'>φησὶν,</span> <span class='ocrx_word' id='word_1_110' title='bbox 820 1344 876 1396; x_wconf 81' lang='grc' dir='ltr'>ὲν</span> <span class='ocrx_word' id='word_1_111' title='bbox 898 1345 1046 1412; x_wconf 86' lang='grc' dir='ltr'>ὑμῖν,</span> <span class='ocrx_word' id='word_1_112' title='bbox 1072 1345 1168 1398; x_wconf 78' lang='grc' dir='ltr'>καὶ</span> <span class='ocrx_word' id='word_1_113' title='bbox 1195 1348 1649 1419; x_wconf 84' lang='grc' dir='ltr'>ὲμπεριπατήσω.</span> <span class='ocrx_word' id='word_1_114' title='bbox 1681 1369 1699 1402; x_wconf 74' lang='grc' dir='ltr'><strong>ι</strong></span> <span class='ocrx_word' id='word_1_115' title='bbox 1731 1350 1860 1404; x_wconf 75' lang='grc' dir='ltr'>Καίο</span> 
     </span>
    </p>
   </div>
   <div class='ocr_carea' id='block_1_18' title="bbox 284 1429 1863 1508">
    <p class='ocr_par' dir='ltr' id='par_1_18' title="bbox 284 1429 1863 1508">
     <span class='ocr_line' id='line_1_18' title="bbox 284 1429 1863 1508; baseline 0.008 -29"><span class='ocrx_word' id='word_1_116' title='bbox 284 1447 304 1478; x_wconf 87' lang='grc'><strong><em>‹</em></strong></span> <span class='ocrx_word' id='word_1_117' title='bbox 337 1429 460 1482; x_wconf 79' lang='grc' dir='ltr'><strong>Οὐκ</strong></span> <span class='ocrx_word' id='word_1_118' title='bbox 495 1430 671 1484; x_wconf 75' lang='grc' dir='ltr'>οἴδατε</span> <span class='ocrx_word' id='word_1_119' title='bbox 698 1433 776 1484; x_wconf 85' lang='grc' dir='ltr'>ὅτι</span> <span class='ocrx_word' id='word_1_120' title='bbox 812 1434 930 1485; x_wconf 71' lang='grc' dir='ltr'>ναοὶ</span> <span class='ocrx_word' id='word_1_121' title='bbox 961 1433 1095 1486; x_wconf 89' lang='grc' dir='ltr'>Θεοῦ</span> <span class='ocrx_word' id='word_1_122' title='bbox 1132 1437 1274 1496; x_wconf 85' lang='grc' dir='ltr'>ὲστε,</span> <span class='ocrx_word' id='word_1_123' title='bbox 1311 1437 1404 1488; x_wconf 78' lang='grc' dir='ltr'><strong>καὶ</strong></span> <span class='ocrx_word' id='word_1_124' title='bbox 1431 1437 1492 1490; x_wconf 87' lang='grc' dir='ltr'><strong>τὸ</strong></span> <span class='ocrx_word' id='word_1_125' title='bbox 1522 1437 1744 1508; x_wconf 81' lang='grc' dir='ltr'><strong>Πνεῦμα</strong></span> <span class='ocrx_word' id='word_1_126' title='bbox 1768 1437 1863 1491; x_wconf 87' lang='grc' dir='ltr'><strong>τοῦ</strong></span> 
     </span>
    </p>
   </div>
   <div class='ocr_carea' id='block_1_19' title="bbox 275 1518 1866 1595">
    <p class='ocr_par' dir='ltr' id='par_1_19' title="bbox 275 1518 1866 1595">
     <span class='ocr_line' id='line_1_19' title="bbox 275 1518 1866 1595; baseline 0.007 -25"><span class='ocrx_word' id='word_1_127' title='bbox 275 1518 420 1571; x_wconf 85' lang='grc' dir='ltr'>Θεοῦ</span> <span class='ocrx_word' id='word_1_128' title='bbox 454 1522 654 1573; x_wconf 83' lang='grc' dir='ltr'>ἐνοικεῖ</span> <span class='ocrx_word' id='word_1_129' title='bbox 673 1524 730 1575; x_wconf 82' lang='grc' dir='ltr'>ὲν</span> <span class='ocrx_word' id='word_1_130' title='bbox 759 1523 914 1592; x_wconf 85' lang='grc' dir='ltr'>ὑμίν;</span> <span class='ocrx_word' id='word_1_131' title='bbox 947 1541 964 1573; x_wconf 76' lang='grc' dir='ltr'><strong>ι</strong></span> <span class='ocrx_word' id='word_1_132' title='bbox 1005 1524 1066 1576; x_wconf 86' lang='grc' dir='ltr'>Εἰ</span> <span class='ocrx_word' id='word_1_133' title='bbox 1091 1524 1146 1576; x_wconf 80' lang='grc' dir='ltr'>δὲ</span> <span class='ocrx_word' id='word_1_134' title='bbox 1183 1525 1258 1595; x_wconf 83' lang='grc' dir='ltr'>μὴ</span> <span class='ocrx_word' id='word_1_135' title='bbox 1283 1526 1410 1580; x_wconf 78' lang='grc' dir='ltr'>ἄλλο</span> <span class='ocrx_word' id='word_1_136' title='bbox 1446 1529 1538 1580; x_wconf 74' lang='grc' dir='ltr'><strong>καὶ</strong></span> <span class='ocrx_word' id='word_1_137' title='bbox 1569 1529 1866 1594; x_wconf 80' lang='grc' dir='ltr'>ἄλλο,ταυ-</span> 
     </span>
    </p>
   </div>
   <div class='ocr_carea' id='block_1_20' title="bbox 274 1608 1862 1685">
    <p class='ocr_par' dir='ltr' id='par_1_20' title="bbox 274 1608 1862 1685">
     <span class='ocr_line' id='line_1_20' title="bbox 274 1608 1862 1685; baseline 0.008 -25"><span class='ocrx_word' id='word_1_138' title='bbox 274 1608 373 1662; x_wconf 82' lang='grc' dir='ltr'><strong>τὸν</strong></span> <span class='ocrx_word' id='word_1_139' title='bbox 404 1610 550 1663; x_wconf 75' lang='grc' dir='ltr'>κατὰ</span> <span class='ocrx_word' id='word_1_140' title='bbox 582 1609 742 1680; x_wconf 86' lang='grc' dir='ltr'>φύσιν</span> <span class='ocrx_word' id='word_1_141' title='bbox 771 1614 804 1682; x_wconf 74' lang='grc' dir='ltr'><strong>ἡ</strong></span> <span class='ocrx_word' id='word_1_142' title='bbox 849 1611 987 1682; x_wconf 74' lang='grc' dir='ltr'>σάρξ</span> <span class='ocrx_word' id='word_1_143' title='bbox 1018 1615 1112 1667; x_wconf 72' lang='grc' dir='ltr'><strong>καὶ</strong></span> <span class='ocrx_word' id='word_1_144' title='bbox 1143 1615 1354 1685; x_wconf 86' lang='grc' dir='ltr'>θεότης,</span> <span class='ocrx_word' id='word_1_145' title='bbox 1384 1618 1478 1670; x_wconf 76' lang='grc' dir='ltr'>καὶ</span> <span class='ocrx_word' id='word_1_146' title='bbox 1514 1619 1689 1671; x_wconf 88' lang='grc' dir='ltr'>πάντα</span> <span class='ocrx_word' id='word_1_147' title='bbox 1730 1633 1862 1684; x_wconf 84' lang='grc' dir='ltr'>συγ-</span> 
     </span>
    </p>
   </div>
   <div class='ocr_carea' id='block_1_21' title="bbox 2037 708 3526 786">
    <p class='ocr_par' dir='ltr' id='par_1_21' title="bbox 2037 708 3526 786">
     <span class='ocr_line' id='line_1_21' title="bbox 2037 708 3526 786; baseline 0.002 -14"><span class='ocrx_word' id='word_1_148' title='bbox 2037 716 2143 772; x_wconf 73' lang='grc' dir='ltr'>8ομ</span> <span class='ocrx_word' id='word_1_149' title='bbox 2164 708 2466 786; x_wconf 70' lang='grc' dir='ltr'>Ηοοροοιο</span> <span class='ocrx_word' id='word_1_150' title='bbox 2494 717 2748 782; x_wconf 86' lang='lat' dir='ltr'><strong>elIicitur,</strong></span> <span class='ocrx_word' id='word_1_151' title='bbox 2783 726 2842 772; x_wconf 92' lang='lat' dir='ltr'><strong>ut</strong></span> <span class='ocrx_word' id='word_1_152' title='bbox 2875 733 2984 773; x_wconf 90' lang='lat' dir='ltr'><strong>non</strong></span> <span class='ocrx_word' id='word_1_153' title='bbox 3017 719 3089 773; x_wconf 89' lang='lat' dir='ltr'><strong>sit</strong></span> <span class='ocrx_word' id='word_1_154' title='bbox 3123 719 3264 775; x_wconf 89' lang='lat' dir='ltr'><strong>alius</strong></span> <span class='ocrx_word' id='word_1_155' title='bbox 3301 727 3357 775; x_wconf 92' lang='lat' dir='ltr'><strong>et</strong></span> <span class='ocrx_word' id='word_1_156' title='bbox 3385 722 3526 775; x_wconf 82' lang='lat' dir='ltr'><strong>alius</strong></span> 
     </span>
    </p>
   </div>
   <div class='ocr_carea' id='block_1_22' title="bbox 1958 808 3532 875">
    <p class='ocr_par' dir='ltr' id='par_1_22' title="bbox 1958 808 3532 875">
     <span class='ocr_line' id='line_1_22' title="bbox 1958 808 3532 875; baseline 0.001 -14"><span class='ocrx_word' id='word_1_157' title='bbox 1958 808 2238 870; x_wconf 82' lang='lat' dir='ltr'><strong>Christus,</strong></span> <span class='ocrx_word' id='word_1_158' title='bbox 2266 822 2335 862; x_wconf 89' lang='lat' dir='ltr'><strong>ne</strong></span> <span class='ocrx_word' id='word_1_159' title='bbox 2359 808 2715 875; x_wconf 86' lang='lat' dir='ltr'><strong>quaternitati</strong></span> <span class='ocrx_word' id='word_1_160' title='bbox 2758 810 3066 871; x_wconf 83' lang='lat' dir='ltr'><strong>serviamus</strong></span> <span class='ocrx_word' id='word_1_161' title='bbox 3093 827 3106 861; x_wconf 87' lang='lat'><strong>:</strong></span> <span class='ocrx_word' id='word_1_162' title='bbox 3142 809 3292 864; x_wconf 83' lang='lat' dir='ltr'><strong>aliud</strong></span> <span class='ocrx_word' id='word_1_163' title='bbox 3319 826 3448 866; x_wconf 89' lang='lat' dir='ltr'><strong>vero</strong></span> <span class='ocrx_word' id='word_1_164' title='bbox 3478 819 3532 863; x_wconf 80' lang='lat' dir='ltr'><strong>et</strong></span> 
     </span>
    </p>
   </div>
   <div class='ocr_carea' id='block_1_23' title="bbox 1963 897 3529 968">
    <p class='ocr_par' dir='ltr' id='par_1_23' title="bbox 1963 897 3529 968">
     <span class='ocr_line' id='line_1_23' title="bbox 1963 897 3529 968; baseline 0.001 -18"><span class='ocrx_word' id='word_1_165' title='bbox 1963 898 2112 952; x_wconf 87' lang='lat' dir='ltr'><strong>aliud</strong></span> <span class='ocrx_word' id='word_1_166' title='bbox 2144 898 2237 961; x_wconf 90' lang='lat' dir='ltr'><strong>sit,</strong></span> <span class='ocrx_word' id='word_1_167' title='bbox 2264 913 2335 952; x_wconf 91' lang='lat' dir='ltr'><strong>ne</strong></span> <span class='ocrx_word' id='word_1_168' title='bbox 2365 897 2643 952; x_wconf 86' lang='lat' dir='ltr'><strong>divinitati</strong></span> <span class='ocrx_word' id='word_1_169' title='bbox 2685 901 3000 968; x_wconf 86' lang='lat' dir='ltr'><strong>passionem</strong></span> <span class='ocrx_word' id='word_1_170' title='bbox 3047 900 3438 956; x_wconf 87' lang='lat' dir='ltr'><strong>adnectamus.</strong></span> <span class='ocrx_word' id='word_1_171' title='bbox 3473 902 3529 954; x_wconf 86' lang='lat' dir='ltr'><strong>Si</strong></span> 
     </span>
    </p>
   </div>
   <div class='ocr_carea' id='block_1_24' title="bbox 1959 987 3536 1059">
    <p class='ocr_par' dir='ltr' id='par_1_24' title="bbox 1959 987 3536 1059">
     <span class='ocr_line' id='line_1_24' title="bbox 1959 987 3536 1059; baseline -0.001 -18"><span class='ocrx_word' id='word_1_172' title='bbox 1959 987 2103 1041; x_wconf 91' lang='lat' dir='ltr'><strong>enim</strong></span> <span class='ocrx_word' id='word_1_173' title='bbox 2129 988 2284 1042; x_wconf 76' lang='lat' dir='ltr'><strong>alius</strong></span> <span class='ocrx_word' id='word_1_174' title='bbox 2319 997 2373 1042; x_wconf 89' lang='lat' dir='ltr'><strong>et</strong></span> <span class='ocrx_word' id='word_1_175' title='bbox 2405 987 2568 1055; x_wconf 84' lang='lat' dir='ltr'><strong>alius,</strong></span> <span class='ocrx_word' id='word_1_176' title='bbox 2617 1002 2758 1042; x_wconf 85' lang='lat' dir='ltr'><strong>vane</strong></span> <span class='ocrx_word' id='word_1_177' title='bbox 2807 987 3124 1057; x_wconf 79' lang='lat' dir='ltr'><strong>frustraque</strong></span> <span class='ocrx_word' id='word_1_178' title='bbox 3172 989 3536 1059; x_wconf 77' lang='lat' dir='ltr'><strong>gloriaremur</strong></span> 
     </span>
    </p>
   </div>
   <div class='ocr_carea' id='block_1_25' title="bbox 1957 1073 3534 1146">
    <p class='ocr_par' dir='ltr' id='par_1_25' title="bbox 1957 1073 3534 1146">
     <span class='ocr_line' id='line_1_25' title="bbox 1957 1073 3534 1146; baseline 0.004 -20"><span class='ocrx_word' id='word_1_179' title='bbox 1957 1074 2122 1146; x_wconf 67' lang='grc'><strong>416</strong></span> <span class='ocrx_word' id='word_1_180' title='bbox 2147 1073 2351 1128; x_wconf 82' lang='lat' dir='ltr'><strong>factam</strong></span> <span class='ocrx_word' id='word_1_181' title='bbox 2381 1089 2502 1130; x_wconf 88' lang='lat' dir='ltr'><strong>esse</strong></span> <span class='ocrx_word' id='word_1_182' title='bbox 2529 1087 2639 1145; x_wconf 76' lang='lat' dir='ltr'><strong>per&quot;</strong></span> <span class='ocrx_word' id='word_1_183' title='bbox 2667 1074 2833 1130; x_wconf 81' lang='lat' dir='ltr'><strong>Verbi</strong></span> <span class='ocrx_word' id='word_1_184' title='bbox 2859 1077 3296 1133; x_wconf 85' lang='lat' dir='ltr'><strong>incarnationem</strong></span> <span class='ocrx_word' id='word_1_185' title='bbox 3325 1087 3534 1133; x_wconf 68' lang='lat' dir='ltr'><strong>naturae</strong></span> 
     </span>
    </p>
   </div>
   <div class='ocr_carea' id='block_1_26' title="bbox 1959 1165 3535 1224">
    <p class='ocr_par' dir='ltr' id='par_1_26' title="bbox 1959 1165 3535 1224">
     <span class='ocr_line' id='line_1_26' title="bbox 1959 1165 3535 1224; baseline 0.003 -6"><span class='ocrx_word' id='word_1_186' title='bbox 1959 1175 2162 1220; x_wconf 68' lang='lat' dir='ltr'><strong>nostrae</strong></span> <span class='ocrx_word' id='word_1_187' title='bbox 2193 1165 2612 1222; x_wconf 84' lang='lat' dir='ltr'><strong>deilicationem.</strong></span> <span class='ocrx_word' id='word_1_188' title='bbox 2649 1165 2865 1220; x_wconf 83' lang='lat' dir='ltr'><strong>Etenim</strong></span> <span class='ocrx_word' id='word_1_189' title='bbox 2899 1169 2944 1222; x_wconf 90' lang='lat' dir='ltr'><strong>si</strong></span> <span class='ocrx_word' id='word_1_190' title='bbox 2977 1169 3120 1224; x_wconf 91' lang='lat' dir='ltr'><strong>alius</strong></span> <span class='ocrx_word' id='word_1_191' title='bbox 3154 1171 3208 1224; x_wconf 89' lang='lat' dir='ltr'><strong>in</strong></span> <span class='ocrx_word' id='word_1_192' title='bbox 3236 1170 3344 1224; x_wconf 86' lang='lat' dir='ltr'><strong>alio</strong></span> <span class='ocrx_word' id='word_1_193' title='bbox 3376 1171 3535 1223; x_wconf 82' lang='lat' dir='ltr'><strong>inha-</strong></span> 
     </span>
    </p>
   </div>
   <div class='ocr_carea' id='block_1_27' title="bbox 1961 1255 3534 1326">
    <p class='ocr_par' dir='ltr' id='par_1_27' title="bbox 1961 1255 3534 1326">
     <span class='ocr_line' id='line_1_27' title="bbox 1961 1255 3534 1326; baseline 0.003 -16"><span class='ocrx_word' id='word_1_194' title='bbox 1961 1255 2162 1310; x_wconf 86' lang='lat' dir='ltr'><strong>bitatio</strong></span> <span class='ocrx_word' id='word_1_195' title='bbox 2193 1256 2504 1310; x_wconf 82' lang='lat' dir='ltr'><strong>incarnatio</strong></span> <span class='ocrx_word' id='word_1_196' title='bbox 2531 1266 2641 1324; x_wconf 85' lang='lat' dir='ltr'><strong>est,</strong></span> <span class='ocrx_word' id='word_1_197' title='bbox 2676 1259 2941 1326; x_wconf 86' lang='lat' dir='ltr'><strong>plurimas</strong></span> <span class='ocrx_word' id='word_1_198' title='bbox 2985 1261 3212 1312; x_wconf 87' lang='lat' dir='ltr'><strong>omnino</strong></span> <span class='ocrx_word' id='word_1_199' title='bbox 3259 1258 3403 1316; x_wconf 89' lang='lat' dir='ltr'><strong>Deus</strong></span> <span class='ocrx_word' id='word_1_200' title='bbox 3452 1262 3534 1314; x_wconf 86' lang='lat' dir='ltr'><strong>in-</strong></span> 
     </span>
    </p>
   </div>
   <div class='ocr_carea' id='block_1_28' title="bbox 1960 1347 3540 1418">
    <p class='ocr_par' dir='ltr' id='par_1_28' title="bbox 1960 1347 3540 1418">
     <span class='ocr_line' id='line_1_28' title="bbox 1960 1347 3540 1418; baseline -0.001 -18"><span class='ocrx_word' id='word_1_201' title='bbox 1960 1347 2308 1402; x_wconf 88' lang='lat' dir='ltr'><strong>carnationes</strong></span> <span class='ocrx_word' id='word_1_202' title='bbox 2333 1348 2681 1404; x_wconf 86' lang='lat' dir='ltr'><strong>sustinuerit.</strong></span> <span class='ocrx_word' id='word_1_203' title='bbox 2706 1367 2724 1398; x_wconf 84' lang='grc'>‹</span> <span class='ocrx_word' id='word_1_204' title='bbox 2754 1347 3097 1413; x_wconf 88' lang='lat' dir='ltr'><strong>luhabitabo,</strong></span> <span class='ocrx_word' id='word_1_205' title='bbox 3132 1350 3334 1418; x_wconf 83' lang='lat' dir='ltr'><strong>inquit,</strong></span> <span class='ocrx_word' id='word_1_206' title='bbox 3360 1352 3417 1404; x_wconf 91' lang='lat' dir='ltr'><strong>in</strong></span> <span class='ocrx_word' id='word_1_207' title='bbox 3445 1367 3540 1400; x_wconf 71' lang='lat' dir='ltr'><strong>vo-</strong></span> 
     </span>
    </p>
   </div>
   <div class='ocr_carea' id='block_1_29' title="bbox 1960 1437 3537 1511">
    <p class='ocr_par' dir='ltr' id='par_1_29' title="bbox 1960 1437 3537 1511">
     <span class='ocr_line' id='line_1_29' title="bbox 1960 1437 3537 1511; baseline 0.001 -19"><span class='ocrx_word' id='word_1_208' title='bbox 1960 1437 2071 1501; x_wconf 87' lang='lat' dir='ltr'><strong>bis,</strong></span> <span class='ocrx_word' id='word_1_209' title='bbox 2108 1444 2162 1494; x_wconf 89' lang='lat' dir='ltr'><strong>et</strong></span> <span class='ocrx_word' id='word_1_210' title='bbox 2190 1437 2548 1493; x_wconf 89' lang='lat' dir='ltr'><strong>inambulabo</strong></span> <span class='ocrx_word' id='word_1_211' title='bbox 2582 1439 2649 1495; x_wconf 85' lang='grc'><strong>¹⁰.</strong></span> <span class='ocrx_word' id='word_1_212' title='bbox 2689 1459 2708 1491; x_wconf 80' lang='grc' dir='ltr'><strong>ι</strong></span> <span class='ocrx_word' id='word_1_213' title='bbox 2749 1438 2814 1492; x_wconf 84' lang='lat' dir='ltr'><strong>Et</strong></span> <span class='ocrx_word' id='word_1_214' title='bbox 2845 1458 2858 1492; x_wconf 89' lang='lat'>:</span> <span class='ocrx_word' id='word_1_215' title='bbox 2899 1458 2919 1491; x_wconf 78' lang='grc' dir='ltr'><strong>ι</strong></span> <span class='ocrx_word' id='word_1_216' title='bbox 2958 1439 3198 1498; x_wconf 79' lang='lat' dir='ltr'><strong>Nescitis</strong></span> <span class='ocrx_word' id='word_1_217' title='bbox 3229 1441 3378 1511; x_wconf 87' lang='lat' dir='ltr'><strong>quod</strong></span> <span class='ocrx_word' id='word_1_218' title='bbox 3403 1449 3537 1495; x_wconf 89' lang='lat' dir='ltr'><strong>tem-</strong></span> 
     </span>
    </p>
   </div>
   <div class='ocr_carea' id='block_1_30' title="bbox 1968 1527 3540 1599">
    <p class='ocr_par' dir='ltr' id='par_1_30' title="bbox 1968 1527 3540 1599">
     <span class='ocr_line' id='line_1_30' title="bbox 1968 1527 3540 1599; baseline 0.003 -19"><span class='ocrx_word' id='word_1_219' title='bbox 1968 1528 2118 1595; x_wconf 90' lang='lat' dir='ltr'><strong>plum</strong></span> <span class='ocrx_word' id='word_1_220' title='bbox 2141 1527 2234 1582; x_wconf 89' lang='lat' dir='ltr'><strong>Dei</strong></span> <span class='ocrx_word' id='word_1_221' title='bbox 2263 1530 2426 1592; x_wconf 89' lang='lat' dir='ltr'><strong>estis,</strong></span> <span class='ocrx_word' id='word_1_222' title='bbox 2449 1537 2501 1582; x_wconf 90' lang='lat' dir='ltr'><strong>et</strong></span> <span class='ocrx_word' id='word_1_223' title='bbox 2525 1528 2768 1599; x_wconf 89' lang='lat' dir='ltr'><strong>Spiritus</strong></span> <span class='ocrx_word' id='word_1_224' title='bbox 2790 1530 2886 1585; x_wconf 91' lang='lat' dir='ltr'><strong>Dei</strong></span> <span class='ocrx_word' id='word_1_225' title='bbox 2917 1531 3127 1593; x_wconf 84' lang='lat' dir='ltr'><strong>habitat</strong></span> <span class='ocrx_word' id='word_1_226' title='bbox 3149 1534 3202 1586; x_wconf 91' lang='lat' dir='ltr'><strong>in</strong></span> <span class='ocrx_word' id='word_1_227' title='bbox 3229 1533 3388 1587; x_wconf 84' lang='lat' dir='ltr'><strong>vobis</strong></span> <span class='ocrx_word' id='word_1_228' title='bbox 3415 1533 3486 1584; x_wconf 79' lang='lat'><strong>“?</strong></span> <span class='ocrx_word' id='word_1_229' title='bbox 3519 1545 3540 1577; x_wconf 71' lang='grc' dir='ltr'><strong>ι</strong></span> 
     </span>
    </p>
   </div>
   <div class='ocr_carea' id='block_1_31' title="bbox 1971 1618 3541 1683">
    <p class='ocr_par' dir='ltr' id='par_1_31' title="bbox 1971 1618 3541 1683">
     <span class='ocr_line' id='line_1_31' title="bbox 1971 1618 3541 1683; baseline 0.003 -10"><span class='ocrx_word' id='word_1_230' title='bbox 1971 1618 2068 1674; x_wconf 89' lang='lat' dir='ltr'><strong>Sin</strong></span> <span class='ocrx_word' id='word_1_231' title='bbox 2106 1634 2238 1674; x_wconf 91' lang='lat' dir='ltr'><strong>vero</strong></span> <span class='ocrx_word' id='word_1_232' title='bbox 2269 1635 2380 1674; x_wconf 90' lang='lat' dir='ltr'><strong>non</strong></span> <span class='ocrx_word' id='word_1_233' title='bbox 2406 1630 2491 1675; x_wconf 75' lang='lat' dir='ltr'><strong>est</strong></span> <span class='ocrx_word' id='word_1_234' title='bbox 2530 1621 2679 1676; x_wconf 86' lang='lat' dir='ltr'><strong>aliud</strong></span> <span class='ocrx_word' id='word_1_235' title='bbox 2704 1630 2759 1676; x_wconf 93' lang='lat' dir='ltr'><strong>et</strong></span> <span class='ocrx_word' id='word_1_236' title='bbox 2787 1621 2959 1683; x_wconf 87' lang='lat' dir='ltr'><strong>aliud,</strong></span> <span class='ocrx_word' id='word_1_237' title='bbox 3001 1621 3140 1677; x_wconf 90' lang='lat' dir='ltr'><strong>idem</strong></span> <span class='ocrx_word' id='word_1_238' title='bbox 3175 1632 3373 1678; x_wconf 85' lang='lat' dir='ltr'><strong>natura</strong></span> <span class='ocrx_word' id='word_1_239' title='bbox 3409 1631 3541 1677; x_wconf 89' lang='lat' dir='ltr'><strong>sunt</strong></span> 
     </span>
    </p>
   </div>
   <div class='ocr_carea' id='block_1_32' title="bbox 277 1703 1869 1781">
    <p class='ocr_par' dir='ltr' id='par_1_32' title="bbox 277 1703 1864 1776">
     <span class='ocr_line' id='line_1_32' title="bbox 277 1703 1864 1776; baseline 0.005 -23"><span class='ocrx_word' id='word_1_240' title='bbox 277 1703 518 1772; x_wconf 78' lang='grc' dir='ltr'>κέχυται</span> <span class='ocrx_word' id='word_1_241' title='bbox 547 1703 641 1754; x_wconf 75' lang='grc' dir='ltr'>καὶ</span> <span class='ocrx_word' id='word_1_242' title='bbox 664 1704 1068 1774; x_wconf 78' lang='grc' dir='ltr'>συμπέφυρται.</span> <span class='ocrx_word' id='word_1_243' title='bbox 1109 1705 1171 1758; x_wconf 88' lang='grc' dir='ltr'>Εἰ</span> <span class='ocrx_word' id='word_1_244' title='bbox 1204 1707 1302 1776; x_wconf 85' lang='grc' dir='ltr'>μὲν</span> <span class='ocrx_word' id='word_1_245' title='bbox 1323 1706 1416 1760; x_wconf 82' lang='grc' dir='ltr'><strong>οῦν</strong></span> <span class='ocrx_word' id='word_1_246' title='bbox 1445 1707 1544 1760; x_wconf 78' lang='grc' dir='ltr'><strong>οὐκ</strong></span> <span class='ocrx_word' id='word_1_247' title='bbox 1582 1707 1741 1770; x_wconf 74' lang='grc' dir='ltr'>ἄλλος</span> <span class='ocrx_word' id='word_1_248' title='bbox 1771 1708 1864 1761; x_wconf 76' lang='grc' dir='ltr'><strong>καὶ</strong></span> 
     </span>
    </p>
   </div>
   <div class='ocr_carea' id='block_1_33' title="bbox 1971 1703 3540 1781">
    <p class='ocr_par' dir='ltr' id='par_1_33' title="bbox 1971 1712 3540 1781">
     <span class='ocr_line' id='line_1_33' title="bbox 1971 1712 3540 1781; baseline 0 -15"><span class='ocrx_word' id='word_1_249' title='bbox 1971 1726 2098 1766; x_wconf 87' lang='lat' dir='ltr'><strong>caro</strong></span> <span class='ocrx_word' id='word_1_250' title='bbox 2127 1720 2183 1766; x_wconf 92' lang='lat' dir='ltr'><strong>et</strong></span> <span class='ocrx_word' id='word_1_251' title='bbox 2215 1712 2506 1776; x_wconf 83' lang='lat' dir='ltr'><strong>divinitas,</strong></span> <span class='ocrx_word' id='word_1_252' title='bbox 2537 1712 2834 1781; x_wconf 85' lang='lat' dir='ltr'><strong>omniaque</strong></span> <span class='ocrx_word' id='word_1_253' title='bbox 2863 1713 3095 1766; x_wconf 74' lang='lat' dir='ltr'><strong>confusa</strong></span> <span class='ocrx_word' id='word_1_254' title='bbox 3139 1721 3193 1768; x_wconf 85' lang='lat' dir='ltr'><strong>et</strong></span> <span class='ocrx_word' id='word_1_255' title='bbox 3243 1713 3540 1768; x_wconf 89' lang='lat' dir='ltr'><strong>commista</strong></span> 
     </span>
    </p>
   </div>
   <div class='ocr_carea' id='block_1_34' title="bbox 276 1789 1858 1869">
    <p class='ocr_par' dir='ltr' id='par_1_34' title="bbox 276 1789 1858 1869">
     <span class='ocr_line' id='line_1_34' title="bbox 276 1789 1858 1869; baseline 0.004 -23"><span class='ocrx_word' id='word_1_256' title='bbox 276 1793 468 1858; x_wconf 82' lang='grc' dir='ltr'>ἄλλος,</span> <span class='ocrx_word' id='word_1_257' title='bbox 500 1789 580 1858; x_wconf 73' lang='grc' dir='ltr'>εἷς</span> <span class='ocrx_word' id='word_1_258' title='bbox 605 1797 633 1848; x_wconf 87' lang='grc' dir='ltr'><strong>ό</strong></span> <span class='ocrx_word' id='word_1_259' title='bbox 652 1795 906 1865; x_wconf 86' lang='grc' dir='ltr'>Χριστὸς,</span> <span class='ocrx_word' id='word_1_260' title='bbox 935 1796 1030 1848; x_wconf 75' lang='grc' dir='ltr'><strong>καὶ</strong></span> <span class='ocrx_word' id='word_1_261' title='bbox 1061 1796 1160 1867; x_wconf 88' lang='grc' dir='ltr'><strong>μία</strong></span> <span class='ocrx_word' id='word_1_262' title='bbox 1183 1798 1480 1861; x_wconf 80' lang='grc' dir='ltr'>ὑπόστασις</span> <span class='ocrx_word' id='word_1_263' title='bbox 1505 1814 1517 1826; x_wconf 93' lang='grc'><strong>·</strong></span> <span class='ocrx_word' id='word_1_264' title='bbox 1543 1798 1700 1860; x_wconf 76' lang='grc' dir='ltr'>ἄλλος</span> <span class='ocrx_word' id='word_1_265' title='bbox 1730 1799 1858 1869; x_wconf 80' lang='grc' dir='ltr'>γὰρ,</span> 
     </span>
    </p>
   </div>
   <div class='ocr_carea' id='block_1_35' title="bbox 278 1882 1862 1958">
    <p class='ocr_par' dir='ltr' id='par_1_35' title="bbox 278 1882 1862 1958">
     <span class='ocr_line' id='line_1_35' title="bbox 278 1882 1862 1958; baseline 0.004 -23"><span class='ocrx_word' id='word_1_266' title='bbox 278 1885 314 1952; x_wconf 80' lang='grc' dir='ltr'><strong>ἡ</strong></span> <span class='ocrx_word' id='word_1_267' title='bbox 351 1882 677 1946; x_wconf 85' lang='grc' dir='ltr'>ὑπόστασις.</span> <span class='ocrx_word' id='word_1_268' title='bbox 718 1885 781 1937; x_wconf 88' lang='grc' dir='ltr'>Εἰ</span> <span class='ocrx_word' id='word_1_269' title='bbox 833 1886 890 1938; x_wconf 87' lang='grc' dir='ltr'>δὲ</span> <span class='ocrx_word' id='word_1_270' title='bbox 936 1886 1066 1940; x_wconf 78' lang='grc' dir='ltr'>ἄλλο</span> <span class='ocrx_word' id='word_1_271' title='bbox 1092 1888 1188 1940; x_wconf 73' lang='grc' dir='ltr'><strong>καὶ</strong></span> <span class='ocrx_word' id='word_1_272' title='bbox 1235 1886 1382 1958; x_wconf 76' lang='grc' dir='ltr'>άλλο,</span> <span class='ocrx_word' id='word_1_273' title='bbox 1423 1887 1523 1940; x_wconf 78' lang='grc' dir='ltr'><strong>οὐκ</strong></span> <span class='ocrx_word' id='word_1_274' title='bbox 1573 1887 1630 1940; x_wconf 85' lang='grc' dir='ltr'>ἓν</span> <span class='ocrx_word' id='word_1_275' title='bbox 1661 1888 1862 1958; x_wconf 73' lang='grc' dir='ltr'>δηλαδὴ</span> 
     </span>
    </p>
   </div>
   <div class='ocr_carea' id='block_1_36' title="bbox 279 1956 1860 2045">
    <p class='ocr_par' dir='ltr' id='par_1_36' title="bbox 279 1956 1860 2045">
     <span class='ocr_line' id='line_1_36' title="bbox 279 1956 1860 2045; baseline 0.003 -21"><span class='ocrx_word' id='word_1_276' title='bbox 279 1972 431 2024; x_wconf 67' lang='grc' dir='ltr'>κατὰ</span> <span class='ocrx_word' id='word_1_277' title='bbox 458 1973 640 2040; x_wconf 81' lang='grc' dir='ltr'>φύσιν.</span> <span class='ocrx_word' id='word_1_278' title='bbox 669 1973 731 2025; x_wconf 88' lang='grc' dir='ltr'>Εἰ</span> <span class='ocrx_word' id='word_1_279' title='bbox 775 1972 830 2026; x_wconf 82' lang='grc' dir='ltr'><strong>δὲ</strong></span> <span class='ocrx_word' id='word_1_280' title='bbox 872 1975 946 2044; x_wconf 82' lang='grc' dir='ltr'>μὴ</span> <span class='ocrx_word' id='word_1_281' title='bbox 987 1974 1063 2037; x_wconf 83' lang='grc' dir='ltr'>ἓν,</span> <span class='ocrx_word' id='word_1_282' title='bbox 1093 1956 1255 2028; x_wconf 81' lang='grc' dir='ltr'>παντί</span> <span class='ocrx_word' id='word_1_283' title='bbox 1303 1991 1406 2026; x_wconf 88' lang='grc' dir='ltr'><strong>που</strong></span> <span class='ocrx_word' id='word_1_284' title='bbox 1432 1974 1607 2045; x_wconf 83' lang='grc' dir='ltr'>δῆλον,</span> <span class='ocrx_word' id='word_1_285' title='bbox 1641 1975 1716 2038; x_wconf 80' lang='grc' dir='ltr'>ὡς</span> <span class='ocrx_word' id='word_1_286' title='bbox 1748 1956 1860 2030; x_wconf 49' lang='grc' dir='ltr'>δύο,</span> 
     </span>
    </p>
   </div>
   <div class='ocr_carea' id='block_1_37' title="bbox 281 2057 1865 2134">
    <p class='ocr_par' dir='ltr' id='par_1_37' title="bbox 281 2057 1865 2134">
     <span class='ocr_line' id='line_1_37' title="bbox 281 2057 1865 2134; baseline 0.003 -20"><span class='ocrx_word' id='word_1_287' title='bbox 281 2057 382 2124; x_wconf 80' lang='grc' dir='ltr'><strong>Εἷς</strong></span> <span class='ocrx_word' id='word_1_288' title='bbox 415 2062 511 2115; x_wconf 83' lang='grc' dir='ltr'><strong>οὖν</strong></span> <span class='ocrx_word' id='word_1_289' title='bbox 545 2065 659 2115; x_wconf 72' lang='grc' dir='ltr'>ἐστι</span> <span class='ocrx_word' id='word_1_290' title='bbox 707 2065 827 2116; x_wconf 88' lang='grc' dir='ltr'>καθ’</span> <span class='ocrx_word' id='word_1_291' title='bbox 859 2065 1176 2129; x_wconf 83' lang='grc' dir='ltr'>ὑπόστασιν,</span> <span class='ocrx_word' id='word_1_292' title='bbox 1227 2065 1362 2134; x_wconf 75' lang='grc' dir='ltr'>πρὸς</span> <span class='ocrx_word' id='word_1_293' title='bbox 1401 2065 1594 2118; x_wconf 79' lang='grc' dir='ltr'>ἑαυτὸν</span> <span class='ocrx_word' id='word_1_294' title='bbox 1621 2063 1865 2130; x_wconf 80' lang='grc' dir='ltr'>ταυτιζό-</span> 
     </span>
    </p>
   </div>
   <div class='ocr_carea' id='block_1_38' title="bbox 285 2154 1864 2228">
    <p class='ocr_par' dir='ltr' id='par_1_38' title="bbox 285 2154 1864 2228">
     <span class='ocr_line' id='line_1_38' title="bbox 285 2154 1864 2228; baseline 0.002 -23"><span class='ocrx_word' id='word_1_295' title='bbox 285 2169 478 2222; x_wconf 88' lang='grc' dir='ltr'>μενος,</span> <span class='ocrx_word' id='word_1_296' title='bbox 509 2154 616 2206; x_wconf 82' lang='grc' dir='ltr'>τῶν</span> <span class='ocrx_word' id='word_1_297' title='bbox 649 2155 691 2208; x_wconf 89' lang='grc' dir='ltr'>δ’</span> <span class='ocrx_word' id='word_1_298' title='bbox 715 2155 902 2227; x_wconf 84' lang='grc' dir='ltr'>ἄκρων</span> <span class='ocrx_word' id='word_1_299' title='bbox 926 2159 1039 2220; x_wconf 84' lang='grc' dir='ltr'>τοῖς</span> <span class='ocrx_word' id='word_1_300' title='bbox 1061 2159 1581 2228; x_wconf 85' lang='grc' dir='ltr'>χαρακτηριστικοῖς</span> <span class='ocrx_word' id='word_1_301' title='bbox 1605 2157 1864 2228; x_wconf 73' lang='grc' dir='ltr'>ἀφοριζόο</span> 
     </span>
    </p>
   </div>
   <div class='ocr_carea' id='block_1_39' title="bbox 287 2245 1864 2320">
    <p class='ocr_par' dir='ltr' id='par_1_39' title="bbox 287 2245 1864 2320">
     <span class='ocr_line' id='line_1_39' title="bbox 287 2245 1864 2320; baseline 0.001 -22"><span class='ocrx_word' id='word_1_302' title='bbox 287 2261 458 2312; x_wconf 87' lang='grc' dir='ltr'>μενος</span> <span class='ocrx_word' id='word_1_303' title='bbox 489 2245 794 2316; x_wconf 85' lang='grc' dir='ltr'>ίδιὼμασιν.</span> <span class='ocrx_word' id='word_1_304' title='bbox 832 2248 895 2300; x_wconf 83' lang='grc' dir='ltr'>Εἰ</span> <span class='ocrx_word' id='word_1_305' title='bbox 932 2247 1040 2319; x_wconf 73' lang='grc' dir='ltr'>γὰρ</span> <span class='ocrx_word' id='word_1_306' title='bbox 1066 2249 1162 2301; x_wconf 77' lang='grc' dir='ltr'><strong>καὶ</strong></span> <span class='ocrx_word' id='word_1_307' title='bbox 1209 2247 1318 2301; x_wconf 85' lang='grc' dir='ltr'>τῶν</span> <span class='ocrx_word' id='word_1_308' title='bbox 1347 2247 1864 2320; x_wconf 77' lang='grc' dir='ltr'>χαρακτηριστικῶν</span> 
     </span>
    </p>
   </div>
   <div class='ocr_carea' id='block_1_40' title="bbox 289 2333 1867 2410">
    <p class='ocr_par' dir='ltr' id='par_1_40' title="bbox 289 2333 1867 2410">
     <span class='ocr_line' id='line_1_40' title="bbox 289 2333 1867 2410; baseline 0.003 -25"><span class='ocrx_word' id='word_1_309' title='bbox 289 2333 603 2402; x_wconf 76' lang='grc' dir='ltr'>ἰδιωμάτων</span> <span class='ocrx_word' id='word_1_310' title='bbox 643 2337 674 2406; x_wconf 81' lang='grc' dir='ltr'><strong>ἡ</strong></span> <span class='ocrx_word' id='word_1_311' title='bbox 728 2336 857 2403; x_wconf 83' lang='grc' dir='ltr'>ἁγία</span> <span class='ocrx_word' id='word_1_312' title='bbox 882 2336 1047 2388; x_wconf 84' lang='grc' dir='ltr'>αὑτοῦ</span> <span class='ocrx_word' id='word_1_313' title='bbox 1076 2334 1216 2408; x_wconf 77' lang='grc' dir='ltr'>σὰρξ</span> <span class='ocrx_word' id='word_1_314' title='bbox 1241 2337 1339 2390; x_wconf 81' lang='grc' dir='ltr'><strong>οὑκ</strong></span> <span class='ocrx_word' id='word_1_315' title='bbox 1359 2337 1587 2410; x_wconf 79' lang='grc' dir='ltr'>ἄμοιρος</span> <span class='ocrx_word' id='word_1_316' title='bbox 1610 2333 1703 2408; x_wconf 82' lang='grc' dir='ltr'>ἦν,</span> <span class='ocrx_word' id='word_1_317' title='bbox 1730 2337 1867 2390; x_wconf 87' lang='grc' dir='ltr'>ἀλλά</span> 
     </span>
    </p>
   </div>
   <div class='ocr_carea' id='block_1_41' title="bbox 284 2423 1867 2499">
    <p class='ocr_par' dir='ltr' id='par_1_41' title="bbox 284 2423 1867 2499">
     <span class='ocr_line' id='line_1_41' title="bbox 284 2423 1867 2499; baseline 0.003 -24"><span class='ocrx_word' id='word_1_318' title='bbox 284 2439 353 2490; x_wconf 89' lang='grc' dir='ltr'><strong>γε</strong></span> <span class='ocrx_word' id='word_1_319' title='bbox 377 2423 584 2477; x_wconf 87' lang='grc' dir='ltr'>τούτων</span> <span class='ocrx_word' id='word_1_320' title='bbox 612 2426 672 2478; x_wconf 86' lang='grc' dir='ltr'>τὸ</span> <span class='ocrx_word' id='word_1_321' title='bbox 706 2426 998 2497; x_wconf 78' lang='grc' dir='ltr'>ἄθροισμα,</span> <span class='ocrx_word' id='word_1_322' title='bbox 1034 2427 1128 2482; x_wconf 79' lang='grc' dir='ltr'><strong>καὶ</strong></span> <span class='ocrx_word' id='word_1_323' title='bbox 1155 2431 1255 2499; x_wconf 75' lang='grc' dir='ltr'>τῆς</span> <span class='ocrx_word' id='word_1_324' title='bbox 1288 2428 1538 2499; x_wconf 82' lang='grc' dir='ltr'>σαρκὸςὴ</span> <span class='ocrx_word' id='word_1_325' title='bbox 1572 2429 1867 2492; x_wconf 80' lang='grc' dir='ltr'>ὑπόστασις</span> 
     </span>
    </p>
   </div>
   <div class='ocr_carea' id='block_1_42' title="bbox 285 2512 1865 2586">
    <p class='ocr_par' dir='ltr' id='par_1_42' title="bbox 285 2512 1865 2586">
     <span class='ocr_line' id='line_1_42' title="bbox 285 2512 1865 2586; baseline 0.005 -25"><span class='ocrx_word' id='word_1_326' title='bbox 285 2527 349 2562; x_wconf 84' lang='grc' dir='ltr'><strong>τε</strong></span> <span class='ocrx_word' id='word_1_327' title='bbox 381 2512 479 2564; x_wconf 76' lang='grc' dir='ltr'><strong>καὶ</strong></span> <span class='ocrx_word' id='word_1_328' title='bbox 505 2512 799 2582; x_wconf 81' lang='grc' dir='ltr'>σύμπηξις,</span> <span class='ocrx_word' id='word_1_329' title='bbox 823 2514 882 2566; x_wconf 88' lang='grc' dir='ltr'><strong>οὑ</strong></span> <span class='ocrx_word' id='word_1_330' title='bbox 909 2514 1032 2568; x_wconf 80' lang='grc' dir='ltr'>καθ’</span> <span class='ocrx_word' id='word_1_331' title='bbox 1052 2515 1244 2585; x_wconf 85' lang='grc' dir='ltr'>αὑτὴν,</span> <span class='ocrx_word' id='word_1_332' title='bbox 1271 2516 1387 2568; x_wconf 83' lang='grc' dir='ltr'>ἀλλ’</span> <span class='ocrx_word' id='word_1_333' title='bbox 1410 2517 1467 2569; x_wconf 83' lang='grc' dir='ltr'>ὲν</span> <span class='ocrx_word' id='word_1_334' title='bbox 1488 2519 1553 2586; x_wconf 83' lang='grc' dir='ltr'>τῇ</span> <span class='ocrx_word' id='word_1_335' title='bbox 1574 2517 1668 2568; x_wconf 89' lang='grc' dir='ltr'><strong>τοῦ</strong></span> <span class='ocrx_word' id='word_1_336' title='bbox 1691 2517 1865 2583; x_wconf 82' lang='grc' dir='ltr'>Λόγου</span> 
     </span>
    </p>
   </div>
   <div class='ocr_carea' id='block_1_43' title="bbox 289 2599 1867 2676">
    <p class='ocr_par' dir='ltr' id='par_1_43' title="bbox 289 2599 1867 2676">
     <span class='ocr_line' id='line_1_43' title="bbox 289 2599 1867 2676; baseline 0.004 -25"><span class='ocrx_word' id='word_1_337' title='bbox 289 2599 592 2654; x_wconf 82' lang='grc' dir='ltr'>ὑποστάσει</span> <span class='ocrx_word' id='word_1_338' title='bbox 650 2607 962 2674; x_wconf 74' lang='grc' dir='ltr'>γεγένηται,</span> <span class='ocrx_word' id='word_1_339' title='bbox 1019 2603 1118 2658; x_wconf 76' lang='grc' dir='ltr'><strong>καὶ</strong></span> <span class='ocrx_word' id='word_1_340' title='bbox 1172 2605 1342 2676; x_wconf 82' lang='grc' dir='ltr'>αὐτὴν</span> <span class='ocrx_word' id='word_1_341' title='bbox 1389 2605 1488 2659; x_wconf 86' lang='grc' dir='ltr'><strong>οὐκ</strong></span> <span class='ocrx_word' id='word_1_342' title='bbox 1542 2605 1676 2659; x_wconf 87' lang='grc' dir='ltr'>ἰδίαν</span> <span class='ocrx_word' id='word_1_343' title='bbox 1712 2605 1867 2676; x_wconf 77' lang='grc' dir='ltr'>ἔσχεν</span> 
     </span>
    </p>
   </div>
   <div class='ocr_carea' id='block_1_44' title="bbox 290 2690 1867 2767">
    <p class='ocr_par' dir='ltr' id='par_1_44' title="bbox 290 2690 1867 2767">
     <span class='ocr_line' id='line_1_44' title="bbox 290 2690 1867 2767; baseline 0.005 -25"><span class='ocrx_word' id='word_1_344' title='bbox 290 2690 614 2748; x_wconf 84' lang='grc' dir='ltr'>ὑπόστασιν.</span> <span class='ocrx_word' id='word_1_345' title='bbox 683 2693 959 2749; x_wconf 86' lang='grc' dir='ltr'>Ἐντεῦθεν</span> <span class='ocrx_word' id='word_1_346' title='bbox 1023 2694 1146 2757; x_wconf 74' lang='grc' dir='ltr'>οὕτε</span> <span class='ocrx_word' id='word_1_347' title='bbox 1203 2697 1565 2759; x_wconf 83' lang='grc' dir='ltr'>ὲνυπόστατος</span> <span class='ocrx_word' id='word_1_348' title='bbox 1600 2692 1688 2767; x_wconf 80' lang='grc' dir='ltr'>ἦν,</span> <span class='ocrx_word' id='word_1_349' title='bbox 1743 2695 1867 2750; x_wconf 81' lang='grc' dir='ltr'>οὕτε</span> 
     </span>
    </p>
   </div>
   <div class='ocr_carea' id='block_1_45' title="bbox 297 2779 1865 2858">
    <p class='ocr_par' dir='ltr' id='par_1_45' title="bbox 297 2779 1865 2858">
     <span class='ocr_line' id='line_1_45' title="bbox 297 2779 1865 2858; baseline 0.005 -26"><span class='ocrx_word' id='word_1_350' title='bbox 297 2781 439 2833; x_wconf 79' lang='grc' dir='ltr'>ἰδίαν</span> <span class='ocrx_word' id='word_1_351' title='bbox 489 2779 645 2850; x_wconf 77' lang='grc' dir='ltr'>ἔσχεν</span> <span class='ocrx_word' id='word_1_352' title='bbox 713 2782 1038 2838; x_wconf 80' lang='grc' dir='ltr'>ὑπόστασινο</span> <span class='ocrx_word' id='word_1_353' title='bbox 1104 2786 1196 2842; x_wconf 91' lang='grc' dir='ltr'><strong>δύο</strong></span> <span class='ocrx_word' id='word_1_354' title='bbox 1254 2786 1312 2838; x_wconf 84' lang='grc' dir='ltr'>δὲ</span> <span class='ocrx_word' id='word_1_355' title='bbox 1366 2788 1557 2856; x_wconf 84' lang='grc' dir='ltr'>φύσεις</span> <span class='ocrx_word' id='word_1_356' title='bbox 1609 2787 1865 2858; x_wconf 85' lang='grc' dir='ltr'>ὑπάρχει,</span> 
     </span>
    </p>
   </div>
   <div class='ocr_carea' id='block_1_46' title="bbox 293 2873 1868 2950">
    <p class='ocr_par' dir='ltr' id='par_1_46' title="bbox 293 2873 1868 2950">
     <span class='ocr_line' id='line_1_46' title="bbox 293 2873 1868 2950; baseline 0.004 -26"><span class='ocrx_word' id='word_1_357' title='bbox 293 2873 677 2943; x_wconf 78' lang='grc' dir='ltr'>ὁμοουσιότητι</span> <span class='ocrx_word' id='word_1_358' title='bbox 703 2874 801 2942; x_wconf 81' lang='grc' dir='ltr'><strong>μὲν</strong></span> <span class='ocrx_word' id='word_1_359' title='bbox 827 2875 935 2928; x_wconf 80' lang='grc' dir='ltr'>τῶν</span> <span class='ocrx_word' id='word_1_360' title='bbox 961 2875 1167 2945; x_wconf 76' lang='grc' dir='ltr'>ἄκρων,</span> <span class='ocrx_word' id='word_1_361' title='bbox 1213 2878 1642 2950; x_wconf 81' lang='grc' dir='ltr'>ἐτεροουσιότητι</span> <span class='ocrx_word' id='word_1_362' title='bbox 1677 2879 1732 2934; x_wconf 80' lang='grc' dir='ltr'>δὲ</span> <span class='ocrx_word' id='word_1_363' title='bbox 1761 2879 1868 2931; x_wconf 84' lang='grc' dir='ltr'>τῶν</span> 
     </span>
    </p>
   </div>
   <div class='ocr_carea' id='block_1_47' title="bbox 298 2963 1511 3037">
    <p class='ocr_par' dir='ltr' id='par_1_47' title="bbox 298 2963 1511 3037">
     <span class='ocr_line' id='line_1_47' title="bbox 298 2963 1511 3037; baseline 0.004 -22"><span class='ocrx_word' id='word_1_364' title='bbox 298 2963 511 3033; x_wconf 85' lang='grc' dir='ltr'>μερῶν,</span> <span class='ocrx_word' id='word_1_365' title='bbox 543 2964 829 3034; x_wconf 84' lang='grc' dir='ltr'>ὲνούμενός</span> <span class='ocrx_word' id='word_1_366' title='bbox 862 2982 921 3018; x_wconf 87' lang='grc' dir='ltr'><strong>τε</strong></span> <span class='ocrx_word' id='word_1_367' title='bbox 946 2967 1040 3020; x_wconf 73' lang='grc' dir='ltr'>καὶ</span> <span class='ocrx_word' id='word_1_368' title='bbox 1064 2966 1438 3037; x_wconf 86' lang='grc' dir='ltr'>διαιρούμενος</span> <span class='ocrx_word' id='word_1_369' title='bbox 1464 2977 1511 3020; x_wconf 74' lang='grc' dir='ltr'><strong>ν.</strong></span> 
     </span>
    </p>
   </div>
   <div class='ocr_carea' id='block_1_48' title="bbox 1962 1799 3542 1870">
    <p class='ocr_par' dir='ltr' id='par_1_48' title="bbox 1962 1799 3542 1870">
     <span class='ocr_line' id='line_1_48' title="bbox 1962 1799 3542 1870; baseline 0 -15"><span class='ocrx_word' id='word_1_370' title='bbox 1962 1811 2114 1855; x_wconf 85' lang='lat' dir='ltr'><strong>sunt.</strong></span> <span class='ocrx_word' id='word_1_371' title='bbox 2157 1799 2213 1854; x_wconf 92' lang='lat' dir='ltr'><strong>Si</strong></span> <span class='ocrx_word' id='word_1_372' title='bbox 2254 1803 2440 1870; x_wconf 82' lang='lat' dir='ltr'><strong>itaque</strong></span> <span class='ocrx_word' id='word_1_373' title='bbox 2485 1816 2596 1856; x_wconf 92' lang='lat' dir='ltr'><strong>non</strong></span> <span class='ocrx_word' id='word_1_374' title='bbox 2647 1809 2734 1856; x_wconf 90' lang='lat' dir='ltr'><strong>est</strong></span> <span class='ocrx_word' id='word_1_375' title='bbox 2787 1803 2932 1857; x_wconf 89' lang='lat' dir='ltr'><strong>alius</strong></span> <span class='ocrx_word' id='word_1_376' title='bbox 2977 1812 3030 1856; x_wconf 89' lang='lat' dir='ltr'><strong>et</strong></span> <span class='ocrx_word' id='word_1_377' title='bbox 3067 1803 3229 1866; x_wconf 85' lang='lat' dir='ltr'><strong>alius,</strong></span> <span class='ocrx_word' id='word_1_378' title='bbox 3266 1820 3409 1858; x_wconf 91' lang='lat' dir='ltr'><strong>unus</strong></span> <span class='ocrx_word' id='word_1_379' title='bbox 3455 1817 3542 1858; x_wconf 81' lang='lat' dir='ltr'><strong>est</strong></span> 
     </span>
    </p>
   </div>
   <div class='ocr_carea' id='block_1_49' title="bbox 1961 1890 3543 1963">
    <p class='ocr_par' dir='ltr' id='par_1_49' title="bbox 1961 1890 3543 1963">
     <span class='ocr_line' id='line_1_49' title="bbox 1961 1890 3543 1963; baseline 0 -17"><span class='ocrx_word' id='word_1_380' title='bbox 1961 1890 2242 1958; x_wconf 87' lang='lat' dir='ltr'><strong>Christus,</strong></span> <span class='ocrx_word' id='word_1_381' title='bbox 2272 1903 2325 1946; x_wconf 89' lang='lat' dir='ltr'><strong>et</strong></span> <span class='ocrx_word' id='word_1_382' title='bbox 2355 1904 2461 1946; x_wconf 90' lang='lat' dir='ltr'><strong>una</strong></span> <span class='ocrx_word' id='word_1_383' title='bbox 2486 1893 2802 1962; x_wconf 86' lang='lat' dir='ltr'><strong>bypostasis</strong></span> <span class='ocrx_word' id='word_1_384' title='bbox 2829 1910 2843 1946; x_wconf 91' lang='lat'><strong>:</strong></span> <span class='ocrx_word' id='word_1_385' title='bbox 2878 1893 3021 1948; x_wconf 89' lang='lat' dir='ltr'><strong>alius</strong></span> <span class='ocrx_word' id='word_1_386' title='bbox 3055 1894 3199 1946; x_wconf 89' lang='lat' dir='ltr'><strong>enim</strong></span> <span class='ocrx_word' id='word_1_387' title='bbox 3224 1894 3543 1963; x_wconf 83' lang='lat' dir='ltr'><strong>hypostasis</strong></span> 
     </span>
    </p>
   </div>
   <div class='ocr_carea' id='block_1_50' title="bbox 1961 1983 3542 2053">
    <p class='ocr_par' dir='ltr' id='par_1_50' title="bbox 1961 1983 3542 2053">
     <span class='ocr_line' id='line_1_50' title="bbox 1961 1983 3542 2053; baseline -0.001 -15"><span class='ocrx_word' id='word_1_388' title='bbox 1961 1990 2066 2038; x_wconf 87' lang='lat' dir='ltr'><strong>est.</strong></span> <span class='ocrx_word' id='word_1_389' title='bbox 2094 1983 2151 2037; x_wconf 88' lang='lat' dir='ltr'><strong>Si</strong></span> <span class='ocrx_word' id='word_1_390' title='bbox 2189 1999 2318 2039; x_wconf 92' lang='lat' dir='ltr'><strong>vero</strong></span> <span class='ocrx_word' id='word_1_391' title='bbox 2343 1992 2428 2038; x_wconf 87' lang='lat' dir='ltr'><strong>est</strong></span> <span class='ocrx_word' id='word_1_392' title='bbox 2453 1984 2603 2039; x_wconf 82' lang='lat' dir='ltr'><strong>aliud</strong></span> <span class='ocrx_word' id='word_1_393' title='bbox 2629 1992 2683 2039; x_wconf 90' lang='lat' dir='ltr'><strong>et</strong></span> <span class='ocrx_word' id='word_1_394' title='bbox 2707 1983 2857 2038; x_wconf 87' lang='lat' dir='ltr'><strong>aliud</strong></span> <span class='ocrx_word' id='word_1_395' title='bbox 2883 2002 2897 2050; x_wconf 88' lang='lat'><strong>;</strong></span> <span class='ocrx_word' id='word_1_396' title='bbox 2932 1986 3094 2053; x_wconf 86' lang='lat' dir='ltr'><strong>plane</strong></span> <span class='ocrx_word' id='word_1_397' title='bbox 3123 2001 3231 2038; x_wconf 92' lang='lat' dir='ltr'><strong>non</strong></span> <span class='ocrx_word' id='word_1_398' title='bbox 3263 1995 3350 2040; x_wconf 91' lang='lat' dir='ltr'><strong>est</strong></span> <span class='ocrx_word' id='word_1_399' title='bbox 3375 2000 3542 2038; x_wconf 89' lang='lat' dir='ltr'><strong>unum</strong></span> 
     </span>
    </p>
   </div>
   <div class='ocr_carea' id='block_1_51' title="bbox 1965 2073 3546 2140">
    <p class='ocr_par' dir='ltr' id='par_1_51' title="bbox 1965 2073 3546 2140">
     <span class='ocr_line' id='line_1_51' title="bbox 1965 2073 3546 2140; baseline -0.001 -12"><span class='ocrx_word' id='word_1_400' title='bbox 1965 2075 2268 2129; x_wconf 88' lang='lat' dir='ltr'><strong>secundum</strong></span> <span class='ocrx_word' id='word_1_401' title='bbox 2298 2084 2574 2136; x_wconf 81' lang='lat' dir='ltr'><strong>naturam.</strong></span> <span class='ocrx_word' id='word_1_402' title='bbox 2615 2073 2770 2140; x_wconf 83' lang='lat' dir='ltr'><strong>Quod</strong></span> <span class='ocrx_word' id='word_1_403' title='bbox 2803 2075 2850 2129; x_wconf 90' lang='lat' dir='ltr'><strong>si</strong></span> <span class='ocrx_word' id='word_1_404' title='bbox 2892 2090 2998 2128; x_wconf 89' lang='lat' dir='ltr'><strong>non</strong></span> <span class='ocrx_word' id='word_1_405' title='bbox 3031 2083 3116 2129; x_wconf 91' lang='lat' dir='ltr'><strong>est</strong></span> <span class='ocrx_word' id='word_1_406' title='bbox 3157 2090 3350 2139; x_wconf 90' lang='lat' dir='ltr'><strong>unum,</strong></span> <span class='ocrx_word' id='word_1_407' title='bbox 3381 2089 3546 2129; x_wconf 90' lang='lat' dir='ltr'><strong>nemo</strong></span> 
     </span>
    </p>
   </div>
   <div class='ocr_carea' id='block_1_52' title="bbox 1965 2161 3543 2233">
    <p class='ocr_par' dir='ltr' id='par_1_52' title="bbox 1965 2161 3543 2233">
     <span class='ocr_line' id='line_1_52' title="bbox 1965 2161 3543 2233; baseline -0.004 -14"><span class='ocrx_word' id='word_1_408' title='bbox 1965 2163 2321 2232; x_wconf 81' lang='lat' dir='ltr'><strong>dubitaverit,</strong></span> <span class='ocrx_word' id='word_1_409' title='bbox 2361 2164 2496 2233; x_wconf 87' lang='lat' dir='ltr'><strong>quin</strong></span> <span class='ocrx_word' id='word_1_410' title='bbox 2549 2163 2658 2218; x_wconf 89' lang='lat' dir='ltr'><strong>duo</strong></span> <span class='ocrx_word' id='word_1_411' title='bbox 2711 2163 2844 2218; x_wconf 87' lang='lat' dir='ltr'><strong>sint.</strong></span> <span class='ocrx_word' id='word_1_412' title='bbox 2905 2161 3062 2218; x_wconf 84' lang='lat' dir='ltr'><strong>Unus</strong></span> <span class='ocrx_word' id='word_1_413' title='bbox 3123 2173 3209 2218; x_wconf 87' lang='lat' dir='ltr'><strong>est</strong></span> <span class='ocrx_word' id='word_1_414' title='bbox 3264 2177 3421 2231; x_wconf 83' lang='lat' dir='ltr'><strong>ergo,</strong></span> <span class='ocrx_word' id='word_1_415' title='bbox 3482 2171 3543 2214; x_wconf 83' lang='lat' dir='ltr'><strong>ut</strong></span> 
     </span>
    </p>
   </div>
   <div class='ocr_carea' id='block_1_53' title="bbox 1968 2253 3546 2325">
    <p class='ocr_par' dir='ltr' id='par_1_53' title="bbox 1968 2253 3546 2325">
     <span class='ocr_line' id='line_1_53' title="bbox 1968 2253 3546 2325; baseline -0.001 -17"><span class='ocrx_word' id='word_1_416' title='bbox 1968 2254 2111 2308; x_wconf 87' lang='lat' dir='ltr'><strong>idem</strong></span> <span class='ocrx_word' id='word_1_417' title='bbox 2147 2256 2428 2325; x_wconf 86' lang='lat' dir='ltr'><strong>hypostasi</strong></span> <span class='ocrx_word' id='word_1_418' title='bbox 2465 2255 2559 2320; x_wconf 87' lang='lat' dir='ltr'><strong>sit,</strong></span> <span class='ocrx_word' id='word_1_419' title='bbox 2591 2263 2972 2309; x_wconf 82' lang='lat' dir='ltr'><strong>extremorum</strong></span> <span class='ocrx_word' id='word_1_420' title='bbox 3003 2261 3186 2308; x_wconf 90' lang='lat' dir='ltr'><strong>tamen</strong></span> <span class='ocrx_word' id='word_1_421' title='bbox 3235 2253 3546 2321; x_wconf 87' lang='lat' dir='ltr'><strong>pr0prieta-</strong></span> 
     </span>
    </p>
   </div>
   <div class='ocr_carea' id='block_1_54' title="bbox 1967 2340 3546 2409">
    <p class='ocr_par' dir='ltr' id='par_1_54' title="bbox 1967 2340 3546 2409">
     <span class='ocr_line' id='line_1_54' title="bbox 1967 2340 3546 2409; baseline -0.002 -14"><span class='ocrx_word' id='word_1_422' title='bbox 1967 2342 2117 2397; x_wconf 91' lang='lat' dir='ltr'><strong>tibus</strong></span> <span class='ocrx_word' id='word_1_423' title='bbox 2179 2342 2656 2398; x_wconf 85' lang='lat' dir='ltr'><strong>cbaracteristicis</strong></span> <span class='ocrx_word' id='word_1_424' title='bbox 2717 2342 3016 2398; x_wconf 86' lang='lat' dir='ltr'><strong>discretus.</strong></span> <span class='ocrx_word' id='word_1_425' title='bbox 3072 2340 3208 2394; x_wconf 86' lang='lat' dir='ltr'><strong>Nam</strong></span> <span class='ocrx_word' id='word_1_426' title='bbox 3260 2341 3369 2398; x_wconf 82' lang='lat' dir='ltr'><strong>etsi</strong></span> <span class='ocrx_word' id='word_1_427' title='bbox 3422 2341 3546 2409; x_wconf 86' lang='lat' dir='ltr'><strong>ejus</strong></span> 
     </span>
    </p>
   </div>
   <div class='ocr_carea' id='block_1_55' title="bbox 1967 2430 3546 2506">
    <p class='ocr_par' dir='ltr' id='par_1_55' title="bbox 1967 2430 3546 2506">
     <span class='ocr_line' id='line_1_55' title="bbox 1967 2430 3546 2506; baseline -0.002 -21"><span class='ocrx_word' id='word_1_428' title='bbox 1967 2441 2159 2506; x_wconf 86' lang='lat' dir='ltr'><strong>sancta</strong></span> <span class='ocrx_word' id='word_1_429' title='bbox 2211 2447 2341 2486; x_wconf 85' lang='lat' dir='ltr'><strong>caro</strong></span> <span class='ocrx_word' id='word_1_430' title='bbox 2405 2433 2810 2502; x_wconf 81' lang='lat' dir='ltr'><strong>praprietalum</strong></span> <span class='ocrx_word' id='word_1_431' title='bbox 2873 2431 3074 2500; x_wconf 86' lang='lat' dir='ltr'><strong>quibus</strong></span> <span class='ocrx_word' id='word_1_432' title='bbox 3149 2430 3546 2500; x_wconf 76' lang='lat' dir='ltr'><strong>sigillaretur,</strong></span> 
     </span>
    </p>
   </div>
   <div class='ocr_carea' id='block_1_56' title="bbox 1969 2519 3549 2597">
    <p class='ocr_par' dir='ltr' id='par_1_56' title="bbox 1969 2519 3549 2597">
     <span class='ocr_line' id='line_1_56' title="bbox 1969 2519 3549 2597; baseline -0.004 -21"><span class='ocrx_word' id='word_1_433' title='bbox 1969 2535 2169 2590; x_wconf 80' lang='lat' dir='ltr'><strong>expers</strong></span> <span class='ocrx_word' id='word_1_434' title='bbox 2199 2535 2306 2575; x_wconf 87' lang='lat' dir='ltr'><strong>non</strong></span> <span class='ocrx_word' id='word_1_435' title='bbox 2351 2520 2492 2597; x_wconf 63' lang='lat' dir='ltr'><strong>fuit;</strong></span> <span class='ocrx_word' id='word_1_436' title='bbox 2525 2522 2720 2575; x_wconf 90' lang='lat' dir='ltr'><strong>harum</strong></span> <span class='ocrx_word' id='word_1_437' title='bbox 2776 2521 3138 2576; x_wconf 85' lang='lat' dir='ltr'><strong>nihilominus</strong></span> <span class='ocrx_word' id='word_1_438' title='bbox 3184 2519 3458 2580; x_wconf 85' lang='lat' dir='ltr'><strong>collectio,</strong></span> <span class='ocrx_word' id='word_1_439' title='bbox 3493 2527 3549 2572; x_wconf 89' lang='lat' dir='ltr'><strong>et</strong></span> 
     </span>
    </p>
   </div>
   <div class='ocr_carea' id='block_1_57' title="bbox 1967 2603 3550 2677">
    <p class='ocr_par' dir='ltr' id='par_1_57' title="bbox 1967 2603 3550 2677">
     <span class='ocr_line' id='line_1_57' title="bbox 1967 2603 3550 2677; baseline -0.006 -12"><span class='ocrx_word' id='word_1_440' title='bbox 1967 2611 2150 2665; x_wconf 86' lang='lat' dir='ltr'><strong>carnis</strong></span> <span class='ocrx_word' id='word_1_441' title='bbox 2183 2610 2566 2675; x_wconf 77' lang='lat' dir='ltr'><strong>consistentia,</strong></span> <span class='ocrx_word' id='word_1_442' title='bbox 2595 2609 3058 2677; x_wconf 87' lang='lat' dir='ltr'><strong>constitutioque,</strong></span> <span class='ocrx_word' id='word_1_443' title='bbox 3105 2621 3201 2675; x_wconf 91' lang='lat' dir='ltr'><strong>per</strong></span> <span class='ocrx_word' id='word_1_444' title='bbox 3233 2620 3293 2660; x_wconf 91' lang='lat' dir='ltr'><strong>se</strong></span> <span class='ocrx_word' id='word_1_445' title='bbox 3323 2603 3550 2658; x_wconf 85' lang='lat' dir='ltr'><strong>minime</strong></span> 
     </span>
    </p>
   </div>
   <div class='ocr_carea' id='block_1_58' title="bbox 1968 2689 3544 2769">
    <p class='ocr_par' dir='ltr' id='par_1_58' title="bbox 1968 2689 3544 2769">
     <span class='ocr_line' id='line_1_58' title="bbox 1968 2689 3544 2769; baseline -0.006 -17"><span class='ocrx_word' id='word_1_446' title='bbox 1968 2698 2249 2764; x_wconf 85' lang='lat' dir='ltr'><strong>substitit,</strong></span> <span class='ocrx_word' id='word_1_447' title='bbox 2281 2701 2380 2752; x_wconf 76' lang='lat' dir='ltr'><strong>sed</strong></span> <span class='ocrx_word' id='word_1_448' title='bbox 2413 2699 2472 2752; x_wconf 91' lang='lat' dir='ltr'><strong>in</strong></span> <span class='ocrx_word' id='word_1_449' title='bbox 2509 2697 2791 2769; x_wconf 87' lang='lat' dir='ltr'><strong>hypostasi</strong></span> <span class='ocrx_word' id='word_1_450' title='bbox 2844 2693 3031 2760; x_wconf 78' lang='lat' dir='ltr'><strong>Verbi,</strong></span> <span class='ocrx_word' id='word_1_451' title='bbox 3067 2703 3121 2748; x_wconf 90' lang='lat' dir='ltr'><strong>ut</strong></span> <span class='ocrx_word' id='word_1_452' title='bbox 3160 2694 3334 2762; x_wconf 90' lang='lat' dir='ltr'><strong>ipsam</strong></span> <span class='ocrx_word' id='word_1_453' title='bbox 3380 2689 3544 2745; x_wconf 79' lang='lat' dir='ltr'><strong>Verbi</strong></span> 
     </span>
    </p>
   </div>
   <div class='ocr_carea' id='block_1_59' title="bbox 1969 2781 3548 2860">
    <p class='ocr_par' dir='ltr' id='par_1_59' title="bbox 1969 2781 3548 2860">
     <span class='ocr_line' id='line_1_59' title="bbox 1969 2781 3548 2860; baseline -0.007 -16"><span class='ocrx_word' id='word_1_454' title='bbox 1969 2788 2342 2860; x_wconf 87' lang='lat' dir='ltr'><strong>bypostasim,</strong></span> <span class='ocrx_word' id='word_1_455' title='bbox 2374 2803 2489 2844; x_wconf 89' lang='lat' dir='ltr'><strong>non</strong></span> <span class='ocrx_word' id='word_1_456' title='bbox 2545 2790 2822 2858; x_wconf 88' lang='lat' dir='ltr'><strong>propriam</strong></span> <span class='ocrx_word' id='word_1_457' title='bbox 2877 2802 3033 2841; x_wconf 87' lang='lat' dir='ltr'><strong>suam</strong></span> <span class='ocrx_word' id='word_1_458' title='bbox 3103 2783 3384 2839; x_wconf 86' lang='lat' dir='ltr'><strong>habuerit.</strong></span> <span class='ocrx_word' id='word_1_459' title='bbox 3424 2781 3548 2847; x_wconf 84' lang='lat' dir='ltr'><strong>Quo</strong></span> 
     </span>
    </p>
   </div>
   <div class='ocr_carea' id='block_1_60' title="bbox 1970 2873 3548 2947">
    <p class='ocr_par' dir='ltr' id='par_1_60' title="bbox 1970 2873 3548 2947">
     <span class='ocr_line' id='line_1_60' title="bbox 1970 2873 3548 2947; baseline -0.005 -14"><span class='ocrx_word' id='word_1_460' title='bbox 1970 2879 2174 2933; x_wconf 83' lang='lat' dir='ltr'><strong>iactum</strong></span> <span class='ocrx_word' id='word_1_461' title='bbox 2206 2885 2311 2942; x_wconf 91' lang='lat' dir='ltr'><strong>est,</strong></span> <span class='ocrx_word' id='word_1_462' title='bbox 2357 2886 2417 2930; x_wconf 90' lang='lat' dir='ltr'><strong>ut</strong></span> <span class='ocrx_word' id='word_1_463' title='bbox 2451 2878 2573 2932; x_wconf 88' lang='lat' dir='ltr'><strong>sine</strong></span> <span class='ocrx_word' id='word_1_464' title='bbox 2607 2877 2903 2947; x_wconf 88' lang='lat' dir='ltr'><strong>bypostasi</strong></span> <span class='ocrx_word' id='word_1_465' title='bbox 2952 2891 3063 2932; x_wconf 90' lang='lat' dir='ltr'><strong>non</strong></span> <span class='ocrx_word' id='word_1_466' title='bbox 3117 2873 3420 2938; x_wconf 74' lang='lat' dir='ltr'><strong>exstiterit,</strong></span> <span class='ocrx_word' id='word_1_467' title='bbox 3449 2886 3548 2926; x_wconf 90' lang='lat' dir='ltr'><strong>nec</strong></span> 
     </span>
    </p>
   </div>
   <div class='ocr_carea' id='block_1_61' title="bbox 1973 2961 3551 3038">
    <p class='ocr_par' dir='ltr' id='par_1_61' title="bbox 1973 2961 3551 3038">
     <span class='ocr_line' id='line_1_61' title="bbox 1973 2961 3551 3038; baseline -0.006 -16"><span class='ocrx_word' id='word_1_468' title='bbox 1973 2969 2260 3038; x_wconf 83' lang='lat' dir='ltr'><strong>hypostasi</strong></span> <span class='ocrx_word' id='word_1_469' title='bbox 2332 2967 2556 3036; x_wconf 88' lang='lat' dir='ltr'><strong>propria</strong></span> <span class='ocrx_word' id='word_1_470' title='bbox 2617 2967 2846 3035; x_wconf 68' lang='lat' dir='ltr'><strong>praedita</strong></span> <span class='ocrx_word' id='word_1_471' title='bbox 2907 2967 2999 3021; x_wconf 87' lang='lat' dir='ltr'><strong>sit.</strong></span> <span class='ocrx_word' id='word_1_472' title='bbox 3049 2965 3146 3022; x_wconf 84' lang='lat' dir='ltr'><strong>Est</strong></span> <span class='ocrx_word' id='word_1_473' title='bbox 3209 2978 3374 3034; x_wconf 90' lang='lat' dir='ltr'><strong>porro</strong></span> <span class='ocrx_word' id='word_1_474' title='bbox 3429 2961 3551 3017; x_wconf 77' lang='lat' dir='ltr'><strong>dua:</strong></span> 
     </span>
    </p>
   </div>
   <div class='ocr_carea' id='block_1_62' title="bbox 298 3056 3548 3128">
    <p class='ocr_par' dir='ltr' id='par_1_62' title="bbox 298 3056 3548 3128">
     <span class='ocr_line' id='line_1_62' title="bbox 298 3056 3548 3128; baseline -0.001 -18"><span class='ocrx_word' id='word_1_475' title='bbox 298 3065 537 3120; x_wconf 75' lang='lat' dir='ltr'><strong>naturae,</strong></span> <span class='ocrx_word' id='word_1_476' title='bbox 569 3057 664 3126; x_wconf 88' lang='lat' dir='ltr'><strong>qui</strong></span> <span class='ocrx_word' id='word_1_477' title='bbox 702 3067 1076 3112; x_wconf 72' lang='lat' dir='ltr'><strong>extremorum</strong></span> <span class='ocrx_word' id='word_1_478' title='bbox 1163 3059 1780 3125; x_wconf 86' lang='lat' dir='ltr'><strong>consubstantialitate,</strong></span> <span class='ocrx_word' id='word_1_479' title='bbox 1841 3075 1905 3113; x_wconf 89' lang='lat' dir='ltr'><strong>ac</strong></span> <span class='ocrx_word' id='word_1_480' title='bbox 1981 3061 2221 3128; x_wconf 90' lang='lat' dir='ltr'><strong>partium</strong></span> <span class='ocrx_word' id='word_1_481' title='bbox 2281 3059 2621 3120; x_wconf 83' lang='lat' dir='ltr'><strong>diversitate,</strong></span> <span class='ocrx_word' id='word_1_482' title='bbox 2686 3073 2810 3112; x_wconf 89' lang='lat' dir='ltr'><strong>cum</strong></span> <span class='ocrx_word' id='word_1_483' title='bbox 2882 3057 3094 3120; x_wconf 89' lang='lat' dir='ltr'><strong>unitus,</strong></span> <span class='ocrx_word' id='word_1_484' title='bbox 3157 3063 3273 3110; x_wconf 89' lang='lat' dir='ltr'><strong>tum</strong></span> <span class='ocrx_word' id='word_1_485' title='bbox 3335 3056 3548 3110; x_wconf 80' lang='lat' dir='ltr'><strong>discre-</strong></span> 
     </span>
    </p>
   </div>
   <div class='ocr_carea' id='block_1_63' title="bbox 303 3158 538 3204">
    <p class='ocr_par' dir='ltr' id='par_1_63' title="bbox 303 3158 538 3204">
     <span class='ocr_line' id='line_1_63' title="bbox 303 3158 538 3204; baseline 0 -2"><span class='ocrx_word' id='word_1_486' title='bbox 303 3158 395 3204; x_wconf 75' lang='grc' dir='ltr'><strong>ωε</strong></span> <span class='ocrx_word' id='word_1_487' title='bbox 429 3158 538 3203; x_wconf 76' lang='grc' dir='ltr'>εει.</span> 
     </span>
    </p>
   </div>
   <div class='ocr_carea' id='block_1_64' title="bbox 373 3238 1869 3311">
    <p class='ocr_par' dir='ltr' id='par_1_64' title="bbox 373 3238 1869 3311">
     <span class='ocr_line' id='line_1_64' title="bbox 373 3238 1869 3311; baseline 0 -17"><span class='ocrx_word' id='word_1_488' title='bbox 373 3248 485 3294; x_wconf 72' lang='lat' dir='ltr'><strong>ara’.</strong></span> <span class='ocrx_word' id='word_1_489' title='bbox 527 3240 632 3294; x_wconf 89' lang='grc' dir='ltr'>Δύο</span> <span class='ocrx_word' id='word_1_490' title='bbox 662 3241 718 3293; x_wconf 78' lang='grc' dir='ltr'>δὲ</span> <span class='ocrx_word' id='word_1_491' title='bbox 761 3239 954 3308; x_wconf 84' lang='grc' dir='ltr'>φύσεις</span> <span class='ocrx_word' id='word_1_492' title='bbox 997 3239 1266 3308; x_wconf 79' lang='grc' dir='ltr'>λέγοντες,</span> <span class='ocrx_word' id='word_1_493' title='bbox 1321 3240 1380 3292; x_wconf 84' lang='grc' dir='ltr'><strong>ού</strong></span> <span class='ocrx_word' id='word_1_494' title='bbox 1432 3238 1743 3310; x_wconf 87' lang='grc' dir='ltr'>διαιροῦμεν</span> <span class='ocrx_word' id='word_1_495' title='bbox 1774 3241 1869 3311; x_wconf 83' lang='grc' dir='ltr'>τὴν</span> 
     </span>
    </p>
   </div>
   <div class='ocr_carea' id='block_1_65' title="bbox 1971 3238 3550 3311">
    <p class='ocr_par' dir='ltr' id='par_1_65' title="bbox 2048 3240 3550 3309">
     <span class='ocr_line' id='line_1_65' title="bbox 2048 3240 3550 3309; baseline -0.004 -10"><span class='ocrx_word' id='word_1_496' title='bbox 2048 3245 2137 3301; x_wconf 87' lang='lat'><strong>8|.</strong></span> <span class='ocrx_word' id='word_1_497' title='bbox 2171 3244 2412 3301; x_wconf 78' lang='lat' dir='ltr'><strong>Naturae</strong></span> <span class='ocrx_word' id='word_1_498' title='bbox 2441 3245 2582 3302; x_wconf 89' lang='lat' dir='ltr'><strong>duas</strong></span> <span class='ocrx_word' id='word_1_499' title='bbox 2615 3243 2874 3309; x_wconf 89' lang='lat' dir='ltr'><strong>dicendo,</strong></span> <span class='ocrx_word' id='word_1_500' title='bbox 2903 3242 3161 3298; x_wconf 88' lang='lat' dir='ltr'><strong>unionem</strong></span> <span class='ocrx_word' id='word_1_501' title='bbox 3199 3256 3308 3296; x_wconf 89' lang='lat' dir='ltr'><strong>non</strong></span> <span class='ocrx_word' id='word_1_502' title='bbox 3338 3240 3550 3297; x_wconf 81' lang='lat' dir='ltr'><strong>divelli-</strong></span> 
     </span>
    </p>
   </div>
   <div class='ocr_carea' id='block_1_66' title="bbox 299 3329 1873 3402">
    <p class='ocr_par' dir='ltr' id='par_1_66' title="bbox 299 3329 1873 3402">
     <span class='ocr_line' id='line_1_66' title="bbox 299 3329 1873 3402; baseline -0.001 -16"><span class='ocrx_word' id='word_1_503' title='bbox 299 3335 516 3399; x_wconf 75' lang='grc' dir='ltr'>ἕνωσιν,</span> <span class='ocrx_word' id='word_1_504' title='bbox 540 3334 640 3402; x_wconf 81' lang='grc' dir='ltr'><strong>τὴν</strong></span> <span class='ocrx_word' id='word_1_505' title='bbox 669 3332 726 3386; x_wconf 82' lang='grc' dir='ltr'>δὲ</span> <span class='ocrx_word' id='word_1_506' title='bbox 750 3330 959 3401; x_wconf 78' lang='grc' dir='ltr'>τροπὴν</span> <span class='ocrx_word' id='word_1_507' title='bbox 1003 3332 1098 3384; x_wconf 73' lang='grc' dir='ltr'>καὶ</span> <span class='ocrx_word' id='word_1_508' title='bbox 1121 3330 1222 3400; x_wconf 82' lang='grc' dir='ltr'>τὴν</span> <span class='ocrx_word' id='word_1_509' title='bbox 1265 3329 1526 3400; x_wconf 88' lang='grc' dir='ltr'>σύγχυσιν</span> <span class='ocrx_word' id='word_1_510' title='bbox 1581 3331 1873 3402; x_wconf 84' lang='grc' dir='ltr'>φεύγομεν.</span> 
     </span>
    </p>
   </div>
   <div class='ocr_carea' id='block_1_67' title="bbox 301 3420 1876 3494">
    <p class='ocr_par' dir='ltr' id='par_1_67' title="bbox 301 3420 1876 3494">
     <span class='ocr_line' id='line_1_67' title="bbox 301 3420 1876 3494; baseline 0 -19"><span class='ocrx_word' id='word_1_511' title='bbox 301 3422 468 3491; x_wconf 85' lang='grc' dir='ltr'>Λόγῳ</span> <span class='ocrx_word' id='word_1_512' title='bbox 503 3422 612 3492; x_wconf 81' lang='grc' dir='ltr'>γὰρ</span> <span class='ocrx_word' id='word_1_513' title='bbox 635 3423 729 3474; x_wconf 79' lang='grc' dir='ltr'><strong>καὶ</strong></span> <span class='ocrx_word' id='word_1_514' title='bbox 753 3422 940 3492; x_wconf 81' lang='grc' dir='ltr'>τρόπῳ</span> <span class='ocrx_word' id='word_1_515' title='bbox 969 3423 1067 3491; x_wconf 76' lang='grc' dir='ltr'>τῆς</span> <span class='ocrx_word' id='word_1_516' title='bbox 1105 3420 1366 3490; x_wconf 77' lang='grc' dir='ltr'>διαφορᾶς</span> <span class='ocrx_word' id='word_1_517' title='bbox 1393 3421 1594 3485; x_wconf 86' lang='grc' dir='ltr'>ταύτας</span> <span class='ocrx_word' id='word_1_518' title='bbox 1623 3423 1876 3494; x_wconf 83' lang='grc' dir='ltr'>ἀριθμεῖ-</span> 
     </span>
    </p>
   </div>
   <div class='ocr_carea' id='block_1_68' title="bbox 303 3509 1878 3582">
    <p class='ocr_par' dir='ltr' id='par_1_68' title="bbox 303 3509 1878 3582">
     <span class='ocr_line' id='line_1_68' title="bbox 303 3509 1878 3582; baseline 0.001 -18"><span class='ocrx_word' id='word_1_519' title='bbox 303 3511 432 3565; x_wconf 86' lang='grc' dir='ltr'>σθαι</span> <span class='ocrx_word' id='word_1_520' title='bbox 457 3510 821 3580; x_wconf 85' lang='grc' dir='ltr'>γινώσκομεν.</span> <span class='ocrx_word' id='word_1_521' title='bbox 852 3512 946 3563; x_wconf 89' lang='grc' dir='ltr'>Ὃν</span> <span class='ocrx_word' id='word_1_522' title='bbox 973 3509 1082 3580; x_wconf 80' lang='grc' dir='ltr'>γὰρ</span> <span class='ocrx_word' id='word_1_523' title='bbox 1105 3509 1307 3581; x_wconf 85' lang='grc' dir='ltr'>τρόπον</span> <span class='ocrx_word' id='word_1_524' title='bbox 1330 3511 1428 3582; x_wconf 80' lang='grc' dir='ltr'>τὴν</span> <span class='ocrx_word' id='word_1_525' title='bbox 1459 3515 1722 3582; x_wconf 85' lang='grc' dir='ltr'>σύγχυσιν</span> <span class='ocrx_word' id='word_1_526' title='bbox 1749 3513 1878 3580; x_wconf 83' lang='grc' dir='ltr'>φεύ-</span> 
     </span>
    </p>
   </div>
   <div class='ocr_carea' id='block_1_69' title="bbox 303 3601 1878 3673">
    <p class='ocr_par' dir='ltr' id='par_1_69' title="bbox 303 3601 1878 3673">
     <span class='ocr_line' id='line_1_69' title="bbox 303 3601 1878 3673; baseline 0.001 -20"><span class='ocrx_word' id='word_1_527' title='bbox 303 3619 496 3671; x_wconf 84' lang='grc' dir='ltr'>γομεν,</span> <span class='ocrx_word' id='word_1_528' title='bbox 532 3601 674 3654; x_wconf 78' lang='grc' dir='ltr'>οὕτω</span> <span class='ocrx_word' id='word_1_529' title='bbox 699 3601 790 3656; x_wconf 81' lang='grc' dir='ltr'><strong>καὶ</strong></span> <span class='ocrx_word' id='word_1_530' title='bbox 818 3601 918 3670; x_wconf 82' lang='grc' dir='ltr'>τὴν</span> <span class='ocrx_word' id='word_1_531' title='bbox 946 3601 1210 3672; x_wconf 81' lang='grc' dir='ltr'>διαίρεσιν</span> <span class='ocrx_word' id='word_1_532' title='bbox 1239 3602 1672 3673; x_wconf 80' lang='grc' dir='ltr'>παραιτούμεθα,</span> <span class='ocrx_word' id='word_1_533' title='bbox 1704 3604 1796 3656; x_wconf 77' lang='grc' dir='ltr'><strong>ἐπί</strong></span> <span class='ocrx_word' id='word_1_534' title='bbox 1819 3620 1878 3655; x_wconf 89' lang='grc' dir='ltr'><strong>τε</strong></span> 
     </span>
    </p>
   </div>
   <div class='ocr_carea' id='block_1_70' title="bbox 305 3691 1878 3764">
    <p class='ocr_par' dir='ltr' id='par_1_70' title="bbox 305 3691 1878 3764">
     <span class='ocr_line' id='line_1_70' title="bbox 305 3691 1878 3764; baseline 0 -18"><span class='ocrx_word' id='word_1_535' title='bbox 305 3693 414 3760; x_wconf 81' lang='grc' dir='ltr'><strong>τῆς</strong></span> <span class='ocrx_word' id='word_1_536' title='bbox 443 3692 607 3760; x_wconf 84' lang='grc' dir='ltr'>ἁγίας</span> <span class='ocrx_word' id='word_1_537' title='bbox 659 3692 754 3746; x_wconf 81' lang='grc' dir='ltr'>καὶ</span> <span class='ocrx_word' id='word_1_538' title='bbox 789 3691 1092 3764; x_wconf 80' lang='grc' dir='ltr'>θεαρχικῆς</span> <span class='ocrx_word' id='word_1_539' title='bbox 1137 3693 1387 3764; x_wconf 85' lang='grc' dir='ltr'>Τριάδος,</span> <span class='ocrx_word' id='word_1_540' title='bbox 1428 3695 1521 3747; x_wconf 67' lang='grc' dir='ltr'><strong>κα)⁸</strong></span> <span class='ocrx_word' id='word_1_541' title='bbox 1543 3695 1635 3747; x_wconf 74' lang='grc' dir='ltr'>ἐπὶ</span> <span class='ocrx_word' id='word_1_542' title='bbox 1657 3695 1758 3764; x_wconf 86' lang='grc' dir='ltr'>τῆς</span> <span class='ocrx_word' id='word_1_543' title='bbox 1783 3693 1878 3748; x_wconf 93' lang='grc' dir='ltr'><strong>τοῦ</strong></span> 
     </span>
    </p>
   </div>
   <div class='ocr_carea' id='block_1_71' title="bbox 305 3783 1880 3855">
    <p class='ocr_par' dir='ltr' id='par_1_71' title="bbox 305 3783 1880 3855">
     <span class='ocr_line' id='line_1_71' title="bbox 305 3783 1880 3855; baseline 0 -19"><span class='ocrx_word' id='word_1_544' title='bbox 305 3783 428 3845; x_wconf 74' lang='grc' dir='ltr'>ἑνὸς</span> <span class='ocrx_word' id='word_1_545' title='bbox 453 3783 550 3851; x_wconf 78' lang='grc' dir='ltr'>τῆς</span> <span class='ocrx_word' id='word_1_546' title='bbox 566 3783 726 3850; x_wconf 79' lang='grc' dir='ltr'>ἁγίας</span> <span class='ocrx_word' id='word_1_547' title='bbox 742 3783 968 3853; x_wconf 87' lang='grc' dir='ltr'>Τριάδος</span> <span class='ocrx_word' id='word_1_548' title='bbox 988 3784 1321 3854; x_wconf 86' lang='grc' dir='ltr'>οἰκονομίας.</span> <span class='ocrx_word' id='word_1_549' title='bbox 1361 3785 1447 3847; x_wconf 79' lang='grc' dir='ltr'>Ὠς</span> <span class='ocrx_word' id='word_1_550' title='bbox 1476 3784 1584 3854; x_wconf 85' lang='grc' dir='ltr'>γὰρ</span> <span class='ocrx_word' id='word_1_551' title='bbox 1600 3785 1717 3836; x_wconf 71' lang='grc' dir='ltr'>ἐκεῖ</span> <span class='ocrx_word' id='word_1_552' title='bbox 1729 3787 1880 3855; x_wconf 78' lang='grc' dir='ltr'>τρεῖς</span> 
     </span>
    </p>
   </div>
   <div class='ocr_carea' id='block_1_72' title="bbox 307 3874 1880 3945">
    <p class='ocr_par' dir='ltr' id='par_1_72' title="bbox 307 3874 1880 3945">
     <span class='ocr_line' id='line_1_72' title="bbox 307 3874 1880 3945; baseline 0.001 -19"><span class='ocrx_word' id='word_1_553' title='bbox 307 3874 410 3945; x_wconf 73' lang='grc' dir='ltr'>μὲν</span> <span class='ocrx_word' id='word_1_554' title='bbox 447 3874 770 3936; x_wconf 81' lang='grc' dir='ltr'>ὑποστάσεις</span> <span class='ocrx_word' id='word_1_555' title='bbox 807 3875 1199 3945; x_wconf 83' lang='grc' dir='ltr'>ὁμολογοῦμεν,</span> <span class='ocrx_word' id='word_1_556' title='bbox 1256 3874 1386 3945; x_wconf 87' lang='grc' dir='ltr'>μίαν</span> <span class='ocrx_word' id='word_1_557' title='bbox 1439 3874 1497 3927; x_wconf 86' lang='grc' dir='ltr'>δὲ</span> <span class='ocrx_word' id='word_1_558' title='bbox 1547 3874 1735 3928; x_wconf 83' lang='grc' dir='ltr'>οὐσίαν</span> <span class='ocrx_word' id='word_1_559' title='bbox 1785 3876 1880 3928; x_wconf 58' lang='grc' dir='ltr'><strong>καὶ⁹</strong></span> 
     </span>
    </p>
   </div>
   <div class='ocr_carea' id='block_1_73' title="bbox 305 3963 1880 4035">
    <p class='ocr_par' dir='ltr' id='par_1_73' title="bbox 305 3963 1880 4035">
     <span class='ocr_line' id='line_1_73' title="bbox 305 3963 1880 4035; baseline 0.002 -20"><span class='ocrx_word' id='word_1_560' title='bbox 305 3963 470 4034; x_wconf 83' lang='grc' dir='ltr'>φύσιν</span> <span class='ocrx_word' id='word_1_561' title='bbox 509 3965 874 4035; x_wconf 82' lang='grc' dir='ltr'>κηρύττομεν,</span> <span class='ocrx_word' id='word_1_562' title='bbox 904 3964 1014 4016; x_wconf 77' lang='grc' dir='ltr'>οὐδ’</span> <span class='ocrx_word' id='word_1_563' title='bbox 1048 3964 1314 4034; x_wconf 82' lang='grc' dir='ltr'>ὁποτέραν</span> <span class='ocrx_word' id='word_1_564' title='bbox 1358 3965 1455 4032; x_wconf 88' lang='grc' dir='ltr'><strong>μὲν</strong></span> <span class='ocrx_word' id='word_1_565' title='bbox 1499 3964 1608 4019; x_wconf 84' lang='grc' dir='ltr'>τῶν</span> <span class='ocrx_word' id='word_1_566' title='bbox 1644 3965 1880 4018; x_wconf 81' lang='grc' dir='ltr'>ὑποστά-</span> 
     </span>
    </p>
   </div>
   <div class='ocr_carea' id='block_1_74' title="bbox 305 4053 1879 4127">
    <p class='ocr_par' dir='ltr' id='par_1_74' title="bbox 305 4053 1879 4127">
     <span class='ocr_line' id='line_1_74' title="bbox 305 4053 1879 4127; baseline 0 -21"><span class='ocrx_word' id='word_1_567' title='bbox 305 4070 450 4107; x_wconf 87' lang='grc' dir='ltr'>σεων</span> <span class='ocrx_word' id='word_1_568' title='bbox 479 4054 678 4118; x_wconf 83' lang='grc' dir='ltr'>εἰδότες</span> <span class='ocrx_word' id='word_1_569' title='bbox 705 4053 952 4108; x_wconf 78' lang='grc' dir='ltr'>ἁνούσιον</span> <span class='ocrx_word' id='word_1_570' title='bbox 973 4069 987 4082; x_wconf 87' lang='grc'><strong>·</strong></span> <span class='ocrx_word' id='word_1_571' title='bbox 1021 4053 1134 4106; x_wconf 87' lang='grc' dir='ltr'>ἀλλ’</span> <span class='ocrx_word' id='word_1_572' title='bbox 1161 4055 1221 4106; x_wconf 88' lang='grc' dir='ltr'><strong>οὐ</strong></span> <span class='ocrx_word' id='word_1_573' title='bbox 1258 4054 1429 4124; x_wconf 80' lang='grc' dir='ltr'>ταύτῃ</span> <span class='ocrx_word' id='word_1_574' title='bbox 1453 4055 1640 4107; x_wconf 76' lang='grc' dir='ltr'>οὐσίαν</span> <span class='ocrx_word' id='word_1_575' title='bbox 1655 4056 1879 4127; x_wconf 76' lang='grc' dir='ltr'>,ἑκάστῃ</span> 
     </span>
    </p>
   </div>
   <div class='ocr_carea' id='block_1_75' title="bbox 305 4138 1880 4218">
    <p class='ocr_par' dir='ltr' id='par_1_75' title="bbox 305 4138 1880 4218">
     <span class='ocr_line' id='line_1_75' title="bbox 305 4138 1880 4218; baseline 0.001 -18"><span class='ocrx_word' id='word_1_576' title='bbox 305 4146 611 4214; x_wconf 82' lang='grc' dir='ltr'>ἰδιαιρέτως</span> <span class='ocrx_word' id='word_1_577' title='bbox 633 4146 1048 4216; x_wconf 83' lang='grc' dir='ltr'>προσνέμοντες,</span> <span class='ocrx_word' id='word_1_578' title='bbox 1075 4147 1182 4199; x_wconf 80' lang='grc' dir='ltr'>οὐδ’</span> <span class='ocrx_word' id='word_1_579' title='bbox 1203 4138 1554 4216; x_wconf 76' lang='grc' dir='ltr'>ἀφοριστικὸν</span> <span class='ocrx_word' id='word_1_580' title='bbox 1581 4150 1880 4218; x_wconf 84' lang='grc' dir='ltr'>ποσότητος</span> 
     </span>
    </p>
   </div>
   <div class='ocr_carea' id='block_1_76' title="bbox 304 4235 1882 4312">
    <p class='ocr_par' dir='ltr' id='par_1_76' title="bbox 304 4235 1882 4312">
     <span class='ocr_line' id='line_1_76' title="bbox 304 4235 1882 4312; baseline 0.003 -22"><span class='ocrx_word' id='word_1_581' title='bbox 304 4235 542 4305; x_wconf 77' lang='grc' dir='ltr'>ἀριθμὸν</span> <span class='ocrx_word' id='word_1_582' title='bbox 571 4237 768 4290; x_wconf 81' lang='grc' dir='ltr'>οὐσιῶν</span> <span class='ocrx_word' id='word_1_583' title='bbox 789 4237 1272 4305; x_wconf 80' lang='grc' dir='ltr'>καταγγέλλοντες,</span> <span class='ocrx_word' id='word_1_584' title='bbox 1298 4238 1384 4291; x_wconf 81' lang='grc' dir='ltr'><strong>ἵνα</strong></span> <span class='ocrx_word' id='word_1_585' title='bbox 1408 4239 1562 4310; x_wconf 82' lang='grc' dir='ltr'>μὴτὸ</span> <span class='ocrx_word' id='word_1_586' title='bbox 1590 4241 1882 4312; x_wconf 81' lang='grc' dir='ltr'>ὲτεροφυὲς</span> 
     </span>
    </p>
   </div>
   <div class='ocr_carea' id='block_1_77' title="bbox 304 4326 1882 4398">
    <p class='ocr_par' dir='ltr' id='par_1_77' title="bbox 304 4326 1882 4398">
     <span class='ocr_line' id='line_1_77' title="bbox 304 4326 1882 4398; baseline 0.001 -16"><span class='ocrx_word' id='word_1_587' title='bbox 304 4327 404 4382; x_wconf 78' lang='grc' dir='ltr'><strong>καὶ</strong></span> <span class='ocrx_word' id='word_1_588' title='bbox 433 4327 768 4397; x_wconf 80' lang='grc' dir='ltr'>ἐτεροούσιον</span> <span class='ocrx_word' id='word_1_589' title='bbox 796 4327 1105 4398; x_wconf 75' lang='grc' dir='ltr'>εἰσάγωμεν</span> <span class='ocrx_word' id='word_1_590' title='bbox 1127 4344 1140 4357; x_wconf 86' lang='lat'><strong><em>°</em></strong></span> <span class='ocrx_word' id='word_1_591' title='bbox 1172 4326 1316 4382; x_wconf 78' lang='grc' dir='ltr'>οὑτω</span> <span class='ocrx_word' id='word_1_592' title='bbox 1344 4330 1643 4395; x_wconf 82' lang='grc' dir='ltr'>κάνταῦθα,</span> <span class='ocrx_word' id='word_1_593' title='bbox 1677 4331 1769 4384; x_wconf 91' lang='grc' dir='ltr'><strong>δύο</strong></span> <span class='ocrx_word' id='word_1_594' title='bbox 1797 4331 1882 4384; x_wconf 82' lang='grc' dir='ltr'><strong>λέ-</strong></span> 
     </span>
    </p>
   </div>
   <div class='ocr_carea' id='block_1_78' title="bbox 305 4416 1878 4490">
    <p class='ocr_par' dir='ltr' id='par_1_78' title="bbox 305 4416 1878 4490">
     <span class='ocr_line' id='line_1_78' title="bbox 305 4416 1878 4490; baseline 0.004 -20"><span class='ocrx_word' id='word_1_595' title='bbox 305 4433 498 4486; x_wconf 88' lang='grc' dir='ltr'>γοντες</span> <span class='ocrx_word' id='word_1_596' title='bbox 532 4416 743 4487; x_wconf 82' lang='grc' dir='ltr'>φύσεις,</span> <span class='ocrx_word' id='word_1_597' title='bbox 789 4419 852 4472; x_wconf 81' lang='grc' dir='ltr'><strong>οὐ</strong></span> <span class='ocrx_word' id='word_1_598' title='bbox 905 4417 1222 4488; x_wconf 86' lang='grc' dir='ltr'>διαιροῦμεν</span> <span class='ocrx_word' id='word_1_599' title='bbox 1261 4417 1358 4490; x_wconf 81' lang='grc' dir='ltr'>τὴν</span> <span class='ocrx_word' id='word_1_600' title='bbox 1403 4417 1527 4474; x_wconf 84' lang='grc' dir='ltr'>καθ’</span> <span class='ocrx_word' id='word_1_601' title='bbox 1580 4419 1878 4478; x_wconf 82' lang='grc' dir='ltr'>ὑπόστασιν</span> 
     </span>
    </p>
   </div>
   <div class='ocr_carea' id='block_1_79' title="bbox 305 4507 1877 4581">
    <p class='ocr_par' dir='ltr' id='par_1_79' title="bbox 305 4507 1877 4581">
     <span class='ocr_line' id='line_1_79' title="bbox 305 4507 1877 4581; baseline 0.001 -19"><span class='ocrx_word' id='word_1_602' title='bbox 305 4509 524 4573; x_wconf 71' lang='grc' dir='ltr'>ἕνωσιν,</span> <span class='ocrx_word' id='word_1_603' title='bbox 561 4507 670 4560; x_wconf 78' lang='grc' dir='ltr'>οὐδ’</span> <span class='ocrx_word' id='word_1_604' title='bbox 694 4507 1044 4562; x_wconf 78' lang='grc' dir='ltr'>ὑποστάσεων</span> <span class='ocrx_word' id='word_1_605' title='bbox 1078 4507 1310 4579; x_wconf 81' lang='grc' dir='ltr'>ἀριθμὸν</span> <span class='ocrx_word' id='word_1_606' title='bbox 1351 4511 1797 4581; x_wconf 82' lang='grc' dir='ltr'>συνεισφέρομεν,</span> <span class='ocrx_word' id='word_1_607' title='bbox 1829 4514 1877 4564; x_wconf 86' lang='grc' dir='ltr'><strong>εί</strong></span> 
     </span>
    </p>
   </div>
   <div class='ocr_carea' id='block_1_80' title="bbox 1981 3332 3546 3402">
    <p class='ocr_par' dir='ltr' id='par_1_80' title="bbox 1981 3332 3546 3402">
     <span class='ocr_line' id='line_1_80' title="bbox 1981 3332 3546 3402; baseline -0.001 -14"><span class='ocrx_word' id='word_1_608' title='bbox 1981 3351 2125 3402; x_wconf 90' lang='lat' dir='ltr'><strong>mus,</strong></span> <span class='ocrx_word' id='word_1_609' title='bbox 2157 3337 2252 3391; x_wconf 90' lang='lat' dir='ltr'><strong>sed</strong></span> <span class='ocrx_word' id='word_1_610' title='bbox 2278 3335 2696 3394; x_wconf 85' lang='lat' dir='ltr'><strong>conversionem</strong></span> <span class='ocrx_word' id='word_1_611' title='bbox 2745 3343 2800 3389; x_wconf 90' lang='lat' dir='ltr'><strong>et</strong></span> <span class='ocrx_word' id='word_1_612' title='bbox 2847 3332 3236 3390; x_wconf 81' lang='lat' dir='ltr'><strong>confusionem</strong></span> <span class='ocrx_word' id='word_1_613' title='bbox 3287 3333 3546 3387; x_wconf 86' lang='lat' dir='ltr'><strong>vitamus.</strong></span> 
     </span>
    </p>
   </div>
   <div class='ocr_carea' id='block_1_81' title="bbox 1981 3420 3549 3482">
    <p class='ocr_par' dir='ltr' id='par_1_81' title="bbox 1981 3420 3549 3482">
     <span class='ocr_line' id='line_1_81' title="bbox 1981 3420 3549 3482; baseline -0.003 -5"><span class='ocrx_word' id='word_1_614' title='bbox 1981 3423 2212 3479; x_wconf 80' lang='lat' dir='ltr'><strong>Ratione</strong></span> <span class='ocrx_word' id='word_1_615' title='bbox 2263 3424 2410 3480; x_wconf 85' lang='lat' dir='ltr'><strong>enim</strong></span> <span class='ocrx_word' id='word_1_616' title='bbox 2457 3432 2514 3479; x_wconf 88' lang='lat' dir='ltr'><strong>et</strong></span> <span class='ocrx_word' id='word_1_617' title='bbox 2553 3423 2719 3478; x_wconf 90' lang='lat' dir='ltr'><strong>modo</strong></span> <span class='ocrx_word' id='word_1_618' title='bbox 2746 3421 3070 3478; x_wconf 71' lang='lat' dir='ltr'><strong>diﬂ‘erentiae</strong></span> <span class='ocrx_word' id='word_1_619' title='bbox 3119 3422 3218 3482; x_wconf 84' lang='lat' dir='ltr'><strong>has</strong></span> <span class='ocrx_word' id='word_1_620' title='bbox 3267 3420 3549 3474; x_wconf 81' lang='lat' dir='ltr'><strong>numerari</strong></span> 
     </span>
    </p>
   </div>
   <div class='ocr_carea' id='block_1_82' title="bbox 1978 3507 3548 3581">
    <p class='ocr_par' dir='ltr' id='par_1_82' title="bbox 1978 3507 3548 3581">
     <span class='ocr_line' id='line_1_82' title="bbox 1978 3507 3548 3581; baseline -0.005 -13"><span class='ocrx_word' id='word_1_621' title='bbox 1978 3513 2256 3571; x_wconf 87' lang='lat' dir='ltr'><strong>novimus.</strong></span> <span class='ocrx_word' id='word_1_622' title='bbox 2290 3513 2764 3581; x_wconf 86' lang='lat' dir='ltr'><strong>Quemadmodum</strong></span> <span class='ocrx_word' id='word_1_623' title='bbox 2805 3511 2954 3566; x_wconf 89' lang='lat' dir='ltr'><strong>enim</strong></span> <span class='ocrx_word' id='word_1_624' title='bbox 2985 3508 3374 3565; x_wconf 80' lang='lat' dir='ltr'><strong>confusionem</strong></span> <span class='ocrx_word' id='word_1_625' title='bbox 3404 3507 3548 3578; x_wconf 71' lang='lat' dir='ltr'><strong>fugi-</strong></span> 
     </span>
    </p>
   </div>
   <div class='ocr_carea' id='block_1_83' title="bbox 1979 3599 3548 3672">
    <p class='ocr_par' dir='ltr' id='par_1_83' title="bbox 1979 3599 3548 3672">
     <span class='ocr_line' id='line_1_83' title="bbox 1979 3599 3548 3672; baseline -0.005 -15"><span class='ocrx_word' id='word_1_626' title='bbox 1979 3618 2122 3670; x_wconf 83' lang='lat' dir='ltr'><strong>mus,</strong></span> <span class='ocrx_word' id='word_1_627' title='bbox 2153 3604 2234 3659; x_wconf 88' lang='lat' dir='ltr'><strong>sic</strong></span> <span class='ocrx_word' id='word_1_628' title='bbox 2262 3617 2484 3672; x_wconf 88' lang='lat' dir='ltr'><strong>quoque</strong></span> <span class='ocrx_word' id='word_1_629' title='bbox 2522 3601 2934 3672; x_wconf 85' lang='lat' dir='ltr'><strong>sejunctionem</strong></span> <span class='ocrx_word' id='word_1_630' title='bbox 2982 3599 3372 3664; x_wconf 85' lang='lat' dir='ltr'><strong>exhorremus,</strong></span> <span class='ocrx_word' id='word_1_631' title='bbox 3421 3613 3548 3652; x_wconf 89' lang='lat' dir='ltr'><strong>cum</strong></span> 
     </span>
    </p>
   </div>
   <div class='ocr_carea' id='block_1_84' title="bbox 1978 3685 3550 3760">
    <p class='ocr_par' dir='ltr' id='par_1_84' title="bbox 1978 3685 3550 3760">
     <span class='ocr_line' id='line_1_84' title="bbox 1978 3685 3550 3760; baseline -0.005 -14"><span class='ocrx_word' id='word_1_632' title='bbox 1978 3691 2033 3746; x_wconf 90' lang='lat' dir='ltr'><strong>in</strong></span> <span class='ocrx_word' id='word_1_633' title='bbox 2065 3698 2255 3747; x_wconf 88' lang='lat' dir='ltr'><strong>sancta</strong></span> <span class='ocrx_word' id='word_1_634' title='bbox 2280 3691 2575 3760; x_wconf 85' lang='lat' dir='ltr'><strong>divinaque</strong></span> <span class='ocrx_word' id='word_1_635' title='bbox 2605 3688 2900 3752; x_wconf 89' lang='lat' dir='ltr'><strong>&#39;l‘rinitate,</strong></span> <span class='ocrx_word' id='word_1_636' title='bbox 2931 3697 3048 3741; x_wconf 92' lang='lat' dir='ltr'><strong>tum</strong></span> <span class='ocrx_word' id='word_1_637' title='bbox 3081 3686 3136 3740; x_wconf 93' lang='lat' dir='ltr'><strong>in</strong></span> <span class='ocrx_word' id='word_1_638' title='bbox 3166 3685 3550 3740; x_wconf 80' lang='lat' dir='ltr'><strong>incarnatione</strong></span> 
     </span>
    </p>
   </div>
   <div class='ocr_carea' id='block_1_85' title="bbox 1979 3773 3546 3845">
    <p class='ocr_par' dir='ltr' id='par_1_85' title="bbox 1979 3773 3546 3845">
     <span class='ocr_line' id='line_1_85' title="bbox 1979 3773 3546 3845; baseline -0.007 -7"><span class='ocrx_word' id='word_1_639' title='bbox 1979 3787 2144 3840; x_wconf 90' lang='lat' dir='ltr'><strong>unius</strong></span> <span class='ocrx_word' id='word_1_640' title='bbox 2169 3783 2238 3838; x_wconf 90' lang='lat' dir='ltr'><strong>de</strong></span> <span class='ocrx_word' id='word_1_641' title='bbox 2276 3791 2464 3838; x_wconf 89' lang='lat' dir='ltr'><strong>sancta</strong></span> <span class='ocrx_word' id='word_1_642' title='bbox 2515 3780 2810 3834; x_wconf 85' lang='lat' dir='ltr'><strong>Trinitate.</strong></span> <span class='ocrx_word' id='word_1_643' title='bbox 2841 3778 2976 3832; x_wconf 84' lang='lat' dir='ltr'><strong>Nam</strong></span> <span class='ocrx_word' id='word_1_644' title='bbox 3010 3777 3154 3834; x_wconf 88' lang='lat' dir='ltr'><strong>sicut</strong></span> <span class='ocrx_word' id='word_1_645' title='bbox 3182 3783 3297 3830; x_wconf 89' lang='lat' dir='ltr'><strong>tres</strong></span> <span class='ocrx_word' id='word_1_646' title='bbox 3327 3773 3546 3845; x_wconf 91' lang='lat' dir='ltr'><strong>quidem</strong></span> 
     </span>
    </p>
   </div>
   <div class='ocr_carea' id='block_1_86' title="bbox 1976 3867 3550 3947">
    <p class='ocr_par' dir='ltr' id='par_1_86' title="bbox 1976 3867 3550 3947">
     <span class='ocr_line' id='line_1_86' title="bbox 1976 3867 3550 3947; baseline -0.008 -15"><span class='ocrx_word' id='word_1_647' title='bbox 1976 3877 2092 3932; x_wconf 90' lang='lat' dir='ltr'><strong>illic</strong></span> <span class='ocrx_word' id='word_1_648' title='bbox 2117 3876 2446 3947; x_wconf 86' lang='lat' dir='ltr'><strong>hypostases</strong></span> <span class='ocrx_word' id='word_1_649' title='bbox 2479 3874 2832 3936; x_wconf 81' lang='lat' dir='ltr'><strong>conﬁtemur,</strong></span> <span class='ocrx_word' id='word_1_650' title='bbox 2871 3884 3148 3938; x_wconf 91' lang='lat' dir='ltr'><strong>unamque</strong></span> <span class='ocrx_word' id='word_1_651' title='bbox 3184 3867 3550 3938; x_wconf 60' lang='lat' dir='ltr'><strong>praedicamus</strong></span> 
     </span>
    </p>
   </div>
   <div class='ocr_carea' id='block_1_87' title="bbox 1977 3961 3548 4031">
    <p class='ocr_par' dir='ltr' id='par_1_87' title="bbox 1977 3961 3548 4031">
     <span class='ocr_line' id='line_1_87' title="bbox 1977 3961 3548 4031; baseline -0.007 -6"><span class='ocrx_word' id='word_1_652' title='bbox 1977 3967 2350 4026; x_wconf 86' lang='lat' dir='ltr'><strong>substantiam</strong></span> <span class='ocrx_word' id='word_1_653' title='bbox 2400 3974 2455 4022; x_wconf 89' lang='lat' dir='ltr'><strong>et</strong></span> <span class='ocrx_word' id='word_1_654' title='bbox 2507 3973 2791 4029; x_wconf 90' lang='lat' dir='ltr'><strong>naturam,</strong></span> <span class='ocrx_word' id='word_1_655' title='bbox 2845 3971 2905 4022; x_wconf 89' lang='lat' dir='ltr'><strong>ut</strong></span> <span class='ocrx_word' id='word_1_656' title='bbox 2959 3961 3166 4016; x_wconf 85' lang='lat' dir='ltr'><strong>nullam</strong></span> <span class='ocrx_word' id='word_1_657' title='bbox 3203 3975 3429 4031; x_wconf 85' lang='lat' dir='ltr'><strong>prorsus</strong></span> <span class='ocrx_word' id='word_1_658' title='bbox 3481 3974 3548 4014; x_wconf 79' lang='lat' dir='ltr'><strong>ex</strong></span> 
     </span>
    </p>
   </div>
   <div class='ocr_carea' id='block_1_88' title="bbox 1976 4051 3548 4128">
    <p class='ocr_par' dir='ltr' id='par_1_88' title="bbox 1976 4051 3548 4128">
     <span class='ocr_line' id='line_1_88' title="bbox 1976 4051 3548 4128; baseline -0.011 -14"><span class='ocrx_word' id='word_1_659' title='bbox 1976 4059 2157 4115; x_wconf 89' lang='lat' dir='ltr'><strong>tribus</strong></span> <span class='ocrx_word' id='word_1_660' title='bbox 2204 4058 2318 4113; x_wconf 90' lang='lat' dir='ltr'><strong>illis</strong></span> <span class='ocrx_word' id='word_1_661' title='bbox 2351 4054 2768 4128; x_wconf 86' lang='lat' dir='ltr'><strong>hypostasibus,</strong></span> <span class='ocrx_word' id='word_1_662' title='bbox 2799 4051 3114 4109; x_wconf 88' lang='lat' dir='ltr'><strong>substantia</strong></span> <span class='ocrx_word' id='word_1_663' title='bbox 3153 4065 3345 4106; x_wconf 80' lang='lat' dir='ltr'><strong>carere</strong></span> <span class='ocrx_word' id='word_1_664' title='bbox 3379 4064 3548 4120; x_wconf 76' lang='lat' dir='ltr'><strong>agno.</strong></span> 
     </span>
    </p>
   </div>
   <div class='ocr_carea' id='block_1_89' title="bbox 1977 4141 3546 4215">
    <p class='ocr_par' dir='ltr' id='par_1_89' title="bbox 1977 4141 3546 4215">
     <span class='ocr_line' id='line_1_89' title="bbox 1977 4141 3546 4215; baseline -0.011 -7"><span class='ocrx_word' id='word_1_665' title='bbox 1977 4165 2220 4215; x_wconf 87' lang='lat' dir='ltr'><strong>scamus,</strong></span> <span class='ocrx_word' id='word_1_666' title='bbox 2289 4149 2403 4204; x_wconf 92' lang='lat' dir='ltr'><strong>imo</strong></span> <span class='ocrx_word' id='word_1_667' title='bbox 2449 4161 2552 4203; x_wconf 89' lang='lat' dir='ltr'><strong>nec</strong></span> <span class='ocrx_word' id='word_1_668' title='bbox 2607 4145 2910 4214; x_wconf 89' lang='lat' dir='ltr'><strong>unicuique</strong></span> <span class='ocrx_word' id='word_1_669' title='bbox 2966 4141 3338 4198; x_wconf 85' lang='lat' dir='ltr'><strong>substantiam</strong></span> <span class='ocrx_word' id='word_1_670' title='bbox 3392 4153 3546 4192; x_wconf 85' lang='lat' dir='ltr'><strong>suam</strong></span> 
     </span>
    </p>
   </div>
   <div class='ocr_carea' id='block_1_90' title="bbox 1979 4229 3550 4311">
    <p class='ocr_par' dir='ltr' id='par_1_90' title="bbox 1979 4229 3550 4311">
     <span class='ocr_line' id='line_1_90' title="bbox 1979 4229 3550 4311; baseline -0.009 -13"><span class='ocrx_word' id='word_1_671' title='bbox 1979 4242 2291 4311; x_wconf 86' lang='lat' dir='ltr'><strong>specialiter</strong></span> <span class='ocrx_word' id='word_1_672' title='bbox 2342 4238 2675 4300; x_wconf 88' lang='lat' dir='ltr'><strong>tribuamus,</strong></span> <span class='ocrx_word' id='word_1_673' title='bbox 2738 4243 2836 4290; x_wconf 88' lang='lat' dir='ltr'><strong>aut</strong></span> <span class='ocrx_word' id='word_1_674' title='bbox 2886 4233 3173 4288; x_wconf 79' lang='lat' dir='ltr'><strong>deﬁnitum</strong></span> <span class='ocrx_word' id='word_1_675' title='bbox 3225 4229 3550 4299; x_wconf 87' lang='lat' dir='ltr'><strong>quantitatis</strong></span> 
     </span>
    </p>
   </div>
   <div class='ocr_carea' id='block_1_91' title="bbox 1979 4315 3549 4389">
    <p class='ocr_par' dir='ltr' id='par_1_91' title="bbox 1979 4315 3549 4389">
     <span class='ocr_line' id='line_1_91' title="bbox 1979 4315 3549 4389; baseline -0.008 -3"><span class='ocrx_word' id='word_1_676' title='bbox 1979 4332 2414 4388; x_wconf 73' lang='lat' dir='ltr'><strong>Substantiarum</strong></span> <span class='ocrx_word' id='word_1_677' title='bbox 2465 4315 2758 4384; x_wconf 83' lang='lat' dir='ltr'><strong>numerum</strong></span> <span class='ocrx_word' id='word_1_678' title='bbox 2814 4325 3086 4389; x_wconf 86' lang='lat' dir='ltr'><strong>dicamus,</strong></span> <span class='ocrx_word' id='word_1_679' title='bbox 3143 4337 3209 4375; x_wconf 84' lang='lat' dir='ltr'><strong>ne</strong></span> <span class='ocrx_word' id='word_1_680' title='bbox 3256 4320 3549 4375; x_wconf 85' lang='lat' dir='ltr'><strong>diversitas</strong></span> 
     </span>
    </p>
   </div>
   <div class='ocr_carea' id='block_1_92' title="bbox 1980 4409 3546 4484">
    <p class='ocr_par' dir='ltr' id='par_1_92' title="bbox 1980 4409 3546 4484">
     <span class='ocr_line' id='line_1_92' title="bbox 1980 4409 3546 4484; baseline -0.008 -9"><span class='ocrx_word' id='word_1_681' title='bbox 1980 4429 2302 4475; x_wconf 88' lang='lat' dir='ltr'><strong>naturarum</strong></span> <span class='ocrx_word' id='word_1_682' title='bbox 2362 4417 2910 4484; x_wconf 87' lang='lat' dir='ltr'><strong>substantiarumque</strong></span> <span class='ocrx_word' id='word_1_683' title='bbox 2967 4412 3358 4466; x_wconf 89' lang='lat' dir='ltr'><strong>introducatur</strong></span> <span class='ocrx_word' id='word_1_684' title='bbox 3403 4427 3416 4463; x_wconf 89' lang='lat'><strong>:</strong></span> <span class='ocrx_word' id='word_1_685' title='bbox 3465 4409 3546 4465; x_wconf 81' lang='lat' dir='ltr'><strong>sic</strong></span> 
     </span>
    </p>
   </div>
   <div class='ocr_carea' id='block_1_93' title="bbox 1978 4501 3548 4574">
    <p class='ocr_par' dir='ltr' id='par_1_93' title="bbox 1978 4501 3548 4574">
     <span class='ocr_line' id='line_1_93' title="bbox 1978 4501 3548 4574; baseline -0.008 -9"><span class='ocrx_word' id='word_1_686' title='bbox 1978 4512 2168 4574; x_wconf 86' lang='lat' dir='ltr'><strong>etiam,</strong></span> <span class='ocrx_word' id='word_1_687' title='bbox 2211 4523 2338 4563; x_wconf 89' lang='lat' dir='ltr'><strong>cum</strong></span> <span class='ocrx_word' id='word_1_688' title='bbox 2370 4509 2463 4564; x_wconf 89' lang='lat' dir='ltr'><strong>hic</strong></span> <span class='ocrx_word' id='word_1_689' title='bbox 2496 4508 2638 4562; x_wconf 84' lang='lat' dir='ltr'><strong>duas</strong></span> <span class='ocrx_word' id='word_1_690' title='bbox 2673 4512 2901 4560; x_wconf 88' lang='lat' dir='ltr'><strong>naturas</strong></span> <span class='ocrx_word' id='word_1_691' title='bbox 2939 4501 3390 4574; x_wconf 88' lang='lat' dir='ltr'><strong>pronuntiamus,</strong></span> <span class='ocrx_word' id='word_1_692' title='bbox 3436 4513 3548 4554; x_wconf 88' lang='lat' dir='ltr'><strong>non</strong></span> 
     </span>
    </p>
   </div>
   <div class='ocr_carea' id='block_1_94' title="bbox 306 4587 1869 4672">
    <p class='ocr_par' dir='ltr' id='par_1_94' title="bbox 306 4596 1869 4672">
     <span class='ocr_line' id='line_1_94' title="bbox 306 4596 1869 4672; baseline 0.002 -19"><span class='ocrx_word' id='word_1_693' title='bbox 306 4598 405 4653; x_wconf 77' lang='grc' dir='ltr'>καὶ</span> <span class='ocrx_word' id='word_1_694' title='bbox 435 4597 510 4668; x_wconf 82' lang='grc' dir='ltr'>μὴ</span> <span class='ocrx_word' id='word_1_695' title='bbox 543 4599 906 4656; x_wconf 77' lang='grc' dir='ltr'>ἀνυπόστατοι</span> <span class='ocrx_word' id='word_1_696' title='bbox 931 4596 1072 4654; x_wconf 79' lang='grc' dir='ltr'>εἶεν·</span> <span class='ocrx_word' id='word_1_697' title='bbox 1099 4599 1160 4654; x_wconf 83' lang='grc' dir='ltr'><strong>τδ</strong></span> <span class='ocrx_word' id='word_1_698' title='bbox 1193 4601 1486 4670; x_wconf 81' lang='grc' dir='ltr'>ἑτεροειδὲς</span> <span class='ocrx_word' id='word_1_699' title='bbox 1511 4602 1569 4655; x_wconf 77' lang='grc' dir='ltr'>δὲ</span> <span class='ocrx_word' id='word_1_700' title='bbox 1610 4602 1869 4672; x_wconf 84' lang='grc' dir='ltr'>δηλοῦμεν</span> 
     </span>
    </p>
   </div>
   <div class='ocr_carea' id='block_1_95' title="bbox 1971 4587 3549 4672">
    <p class='ocr_par' dir='ltr' id='par_1_95' title="bbox 1979 4590 3549 4668">
     <span class='ocr_line' id='line_1_95' title="bbox 1979 4590 3549 4668; baseline -0.01 -11"><span class='ocrx_word' id='word_1_701' title='bbox 1979 4601 2279 4657; x_wconf 90' lang='lat' dir='ltr'><strong>dividimus</strong></span> <span class='ocrx_word' id='word_1_702' title='bbox 2306 4597 2712 4668; x_wconf 88' lang='lat' dir='ltr'><strong>bypostaticam</strong></span> <span class='ocrx_word' id='word_1_703' title='bbox 2758 4595 3044 4657; x_wconf 87' lang='lat' dir='ltr'><strong>unionem,</strong></span> <span class='ocrx_word' id='word_1_704' title='bbox 3077 4606 3256 4662; x_wconf 89' lang='lat' dir='ltr'><strong>neque</strong></span> <span class='ocrx_word' id='word_1_705' title='bbox 3285 4590 3549 4661; x_wconf 86' lang='lat' dir='ltr'><strong>hyposta-</strong></span> 
     </span>
    </p>
   </div>
   <div class='ocr_carea' id='block_1_96' title="bbox 307 4687 1875 4762">
    <p class='ocr_par' dir='ltr' id='par_1_96' title="bbox 307 4687 1875 4762">
     <span class='ocr_line' id='line_1_96' title="bbox 307 4687 1875 4762; baseline 0.002 -20"><span class='ocrx_word' id='word_1_706' title='bbox 307 4687 406 4742; x_wconf 83' lang='grc' dir='ltr'>καὶ</span> <span class='ocrx_word' id='word_1_707' title='bbox 428 4687 784 4758; x_wconf 80' lang='grc' dir='ltr'>ὲτεροούσιον.</span> <span class='ocrx_word' id='word_1_708' title='bbox 819 4689 1028 4761; x_wconf 79' lang='grc' dir='ltr'>Ὠσπερ</span> <span class='ocrx_word' id='word_1_709' title='bbox 1052 4690 1163 4762; x_wconf 83' lang='grc' dir='ltr'><strong>γὰρ</strong></span> <span class='ocrx_word' id='word_1_710' title='bbox 1197 4692 1316 4744; x_wconf 82' lang='grc' dir='ltr'>ἐκεῖ</span> <span class='ocrx_word' id='word_1_711' title='bbox 1340 4692 1369 4744; x_wconf 83' lang='grc' dir='ltr'><strong>ὁ</strong></span> <span class='ocrx_word' id='word_1_712' title='bbox 1397 4691 1504 4745; x_wconf 85' lang='grc' dir='ltr'><strong>τῶν</strong></span> <span class='ocrx_word' id='word_1_713' title='bbox 1527 4693 1875 4750; x_wconf 84' lang='grc' dir='ltr'>ὑποστάσεων</span> 
     </span>
    </p>
   </div>
   <div class='ocr_carea' id='block_1_97' title="bbox 307 4777 1876 4854">
    <p class='ocr_par' dir='ltr' id='par_1_97' title="bbox 307 4777 1876 4854">
     <span class='ocr_line' id='line_1_97' title="bbox 307 4777 1876 4854; baseline 0.003 -23"><span class='ocrx_word' id='word_1_714' title='bbox 307 4777 542 4848; x_wconf 76' lang='grc' dir='ltr'>ἀριθμὸς</span> <span class='ocrx_word' id='word_1_715' title='bbox 575 4779 635 4832; x_wconf 83' lang='grc' dir='ltr'><strong>τὸ</strong></span> <span class='ocrx_word' id='word_1_716' title='bbox 654 4779 939 4849; x_wconf 86' lang='grc' dir='ltr'>ὁμοούσιον</span> <span class='ocrx_word' id='word_1_717' title='bbox 971 4781 1032 4832; x_wconf 86' lang='grc' dir='ltr'><strong>ού</strong></span> <span class='ocrx_word' id='word_1_718' title='bbox 1071 4780 1412 4851; x_wconf 86' lang='grc' dir='ltr'>λυμαίνεται,</span> <span class='ocrx_word' id='word_1_719' title='bbox 1444 4782 1564 4835; x_wconf 86' lang='grc' dir='ltr'>οὑδὲ</span> <span class='ocrx_word' id='word_1_720' title='bbox 1615 4784 1712 4854; x_wconf 79' lang='grc' dir='ltr'>τὴν</span> <span class='ocrx_word' id='word_1_721' title='bbox 1737 4787 1876 4836; x_wconf 77' lang='grc' dir='ltr'>κατὰ</span> 
     </span>
    </p>
   </div>
   <div class='ocr_carea' id='block_1_98' title="bbox 311 4869 1877 4941">
    <p class='ocr_par' dir='ltr' id='par_1_98' title="bbox 311 4869 1877 4941">
     <span class='ocr_line' id='line_1_98' title="bbox 311 4869 1877 4941; baseline 0.003 -20"><span class='ocrx_word' id='word_1_722' title='bbox 311 4869 473 4937; x_wconf 80' lang='grc' dir='ltr'>φύσιν</span> <span class='ocrx_word' id='word_1_723' title='bbox 517 4870 782 4941; x_wconf 83' lang='grc' dir='ltr'>διαίρεσιν</span> <span class='ocrx_word' id='word_1_724' title='bbox 831 4870 1041 4938; x_wconf 75' lang='grc' dir='ltr'>εἰσάγει</span> <span class='ocrx_word' id='word_1_725' title='bbox 1071 4874 1191 4936; x_wconf 84' lang='grc' dir='ltr'>ταῖς</span> <span class='ocrx_word' id='word_1_726' title='bbox 1214 4871 1597 4938; x_wconf 73' lang='grc' dir='ltr'>ὑποστάσεσιν,</span> <span class='ocrx_word' id='word_1_727' title='bbox 1650 4872 1787 4928; x_wconf 81' lang='grc' dir='ltr'>ἀλλὰ</span> <span class='ocrx_word' id='word_1_728' title='bbox 1815 4873 1877 4926; x_wconf 83' lang='grc' dir='ltr'>τὸ</span> 
     </span>
    </p>
   </div>
   <div class='ocr_carea' id='block_1_99' title="bbox 310 4958 1874 5034">
    <p class='ocr_par' dir='ltr' id='par_1_99' title="bbox 310 4958 1874 5034">
     <span class='ocr_line' id='line_1_99' title="bbox 310 4958 1874 5034; baseline 0.004 -24"><span class='ocrx_word' id='word_1_729' title='bbox 310 4958 420 5011; x_wconf 80' lang='grc' dir='ltr'>τῶν</span> <span class='ocrx_word' id='word_1_730' title='bbox 447 4959 795 5014; x_wconf 85' lang='grc' dir='ltr'>ὑποστάσεων</span> <span class='ocrx_word' id='word_1_731' title='bbox 829 4960 1132 5031; x_wconf 83' lang='grc' dir='ltr'>σημαίνων,</span> <span class='ocrx_word' id='word_1_732' title='bbox 1149 4962 1211 5014; x_wconf 84' lang='grc' dir='ltr'><strong>τὸ</strong></span> <span class='ocrx_word' id='word_1_733' title='bbox 1238 4963 1437 5017; x_wconf 82' lang='grc' dir='ltr'>ἑνιαῖον</span> <span class='ocrx_word' id='word_1_734' title='bbox 1473 4963 1572 5034; x_wconf 83' lang='grc' dir='ltr'>τῆς</span> <span class='ocrx_word' id='word_1_735' title='bbox 1597 4962 1786 5026; x_wconf 85' lang='grc' dir='ltr'>οὐσίας</span> <span class='ocrx_word' id='word_1_736' title='bbox 1811 4962 1874 5016; x_wconf 79' lang='grc' dir='ltr'><strong>οὐ</strong></span> 
     </span>
    </p>
   </div>
   <div class='ocr_carea' id='block_1_100' title="bbox 311 5045 1880 5123">
    <p class='ocr_par' dir='ltr' id='par_1_100' title="bbox 311 5045 1880 5123">
     <span class='ocr_line' id='line_1_100' title="bbox 311 5045 1880 5123; baseline 0.001 -19"><span class='ocrx_word' id='word_1_737' title='bbox 311 5048 605 5118; x_wconf 76' lang='grc' dir='ltr'>διατέμνειο</span> <span class='ocrx_word' id='word_1_738' title='bbox 633 5050 809 5114; x_wconf 76' lang='grc' dir='ltr'>οὕτως</span> <span class='ocrx_word' id='word_1_739' title='bbox 833 5045 957 5116; x_wconf 73' lang='grc' dir='ltr'>ὧδε,</span> <span class='ocrx_word' id='word_1_740' title='bbox 978 5052 1012 5122; x_wconf 76' lang='grc' dir='ltr'>ἡ</span> <span class='ocrx_word' id='word_1_741' title='bbox 1042 5053 1276 5123; x_wconf 83' lang='grc' dir='ltr'>ποσότης</span> <span class='ocrx_word' id='word_1_742' title='bbox 1297 5053 1405 5108; x_wconf 85' lang='grc' dir='ltr'>τῶν</span> <span class='ocrx_word' id='word_1_743' title='bbox 1428 5053 1644 5123; x_wconf 83' lang='grc' dir='ltr'>φύσεων</span> <span class='ocrx_word' id='word_1_744' title='bbox 1669 5054 1731 5107; x_wconf 86' lang='grc' dir='ltr'>τὸ</span> <span class='ocrx_word' id='word_1_745' title='bbox 1751 5070 1880 5106; x_wconf 88' lang='grc' dir='ltr'>ταυ-</span> 
     </span>
    </p>
   </div>
   <div class='ocr_carea' id='block_1_101' title="bbox 312 5139 1879 5214">
    <p class='ocr_par' dir='ltr' id='par_1_101' title="bbox 312 5139 1879 5214">
     <span class='ocr_line' id='line_1_101' title="bbox 312 5139 1879 5214; baseline 0.003 -22"><span class='ocrx_word' id='word_1_746' title='bbox 312 5140 403 5194; x_wconf 81' lang='grc' dir='ltr'><strong>τὸν</strong></span> <span class='ocrx_word' id='word_1_747' title='bbox 429 5141 524 5193; x_wconf 76' lang='grc' dir='ltr'><strong>καὶ</strong></span> <span class='ocrx_word' id='word_1_748' title='bbox 550 5139 610 5192; x_wconf 80' lang='grc' dir='ltr'><strong>τὸ</strong></span> <span class='ocrx_word' id='word_1_749' title='bbox 646 5143 845 5195; x_wconf 78' lang='grc' dir='ltr'>ἑνιαίον</span> <span class='ocrx_word' id='word_1_750' title='bbox 897 5143 955 5198; x_wconf 73' lang='grc' dir='ltr'><strong>οὐ</strong></span> <span class='ocrx_word' id='word_1_751' title='bbox 998 5143 1198 5214; x_wconf 84' lang='grc' dir='ltr'>διαιρεῖ</span> <span class='ocrx_word' id='word_1_752' title='bbox 1221 5146 1331 5198; x_wconf 86' lang='grc' dir='ltr'>τῶν</span> <span class='ocrx_word' id='word_1_753' title='bbox 1378 5145 1750 5211; x_wconf 85' lang='grc' dir='ltr'>ὑποστάσεων,</span> <span class='ocrx_word' id='word_1_754' title='bbox 1780 5145 1879 5214; x_wconf 80' lang='grc' dir='ltr'>τὴν</span> 
     </span>
    </p>
   </div>
   <div class='ocr_carea' id='block_1_102' title="bbox 385 5296 1520 5367">
    <p class='ocr_par' dir='ltr' id='par_1_102' title="bbox 385 5296 1520 5367">
     <span class='ocr_line' id='line_1_102' title="bbox 385 5296 1520 5367; baseline 0.004 -17"><span class='ocrx_word' id='word_1_755' title='bbox 385 5296 432 5328; x_wconf 78' lang='grc'>³⁸</span> <span class='ocrx_word' id='word_1_756' title='bbox 457 5297 628 5353; x_wconf 86' lang='lat' dir='ltr'><strong>Levit.</strong></span> <span class='ocrx_word' id='word_1_757' title='bbox 665 5315 812 5362; x_wconf 72' lang='lat' dir='ltr'><strong>xxvi,</strong></span> <span class='ocrx_word' id='word_1_758' title='bbox 856 5299 944 5362; x_wconf 79' lang='lat' dir='ltr'><strong>ll,</strong></span> <span class='ocrx_word' id='word_1_759' title='bbox 971 5299 1072 5367; x_wconf 72' lang='grc' dir='ltr'>ης</span> <span class='ocrx_word' id='word_1_760' title='bbox 1105 5299 1298 5355; x_wconf 88' lang='lat' dir='ltr'><strong>IlCor.</strong></span> <span class='ocrx_word' id='word_1_761' title='bbox 1330 5316 1406 5366; x_wconf 79' lang='lat' dir='ltr'><strong>VI,</strong></span> <span class='ocrx_word' id='word_1_762' title='bbox 1434 5300 1520 5355; x_wconf 85' lang='lat' dir='ltr'><strong>l6.</strong></span> 
     </span>
    </p>
   </div>
   <div class='ocr_carea' id='block_1_103' title="bbox 1981 4680 3552 4752">
    <p class='ocr_par' dir='ltr' id='par_1_103' title="bbox 1981 4680 3552 4752">
     <span class='ocr_line' id='line_1_103' title="bbox 1981 4680 3552 4752; baseline -0.01 -4"><span class='ocrx_word' id='word_1_763' title='bbox 1981 4693 2124 4748; x_wconf 89' lang='lat' dir='ltr'><strong>sium</strong></span> <span class='ocrx_word' id='word_1_764' title='bbox 2181 4704 2470 4746; x_wconf 89' lang='lat' dir='ltr'><strong>numerum</strong></span> <span class='ocrx_word' id='word_1_765' title='bbox 2522 4688 2836 4752; x_wconf 77' lang='lat' dir='ltr'><strong>inferimus,</strong></span> <span class='ocrx_word' id='word_1_766' title='bbox 2889 4686 3109 4741; x_wconf 89' lang='lat' dir='ltr'><strong>tametsi</strong></span> <span class='ocrx_word' id='word_1_767' title='bbox 3165 4691 3377 4737; x_wconf 75' lang='lat' dir='ltr'><strong>natura:</strong></span> <span class='ocrx_word' id='word_1_768' title='bbox 3432 4680 3552 4736; x_wconf 60' lang='lat' dir='ltr'><strong>istas</strong></span> 
     </span>
    </p>
   </div>
   <div class='ocr_carea' id='block_1_104' title="bbox 1981 4771 3551 4848">
    <p class='ocr_par' dir='ltr' id='par_1_104' title="bbox 1981 4771 3551 4848">
     <span class='ocr_line' id='line_1_104' title="bbox 1981 4771 3551 4848; baseline -0.01 -8"><span class='ocrx_word' id='word_1_769' title='bbox 1981 4783 2356 4844; x_wconf 62' lang='lat' dir='ltr'><strong>subsistentia:</strong></span> <span class='ocrx_word' id='word_1_770' title='bbox 2387 4779 2619 4836; x_wconf 89' lang='lat' dir='ltr'><strong>minime</strong></span> <span class='ocrx_word' id='word_1_771' title='bbox 2649 4779 2762 4834; x_wconf 89' lang='lat' dir='ltr'><strong>sint</strong></span> <span class='ocrx_word' id='word_1_772' title='bbox 2795 4784 3086 4848; x_wconf 83' lang='lat' dir='ltr'><strong>expertes;</strong></span> <span class='ocrx_word' id='word_1_773' title='bbox 3119 4773 3216 4831; x_wconf 90' lang='lat' dir='ltr'><strong>sed</strong></span> <span class='ocrx_word' id='word_1_774' title='bbox 3251 4771 3551 4830; x_wconf 88' lang='lat' dir='ltr'><strong>discrimen</strong></span> 
     </span>
    </p>
   </div>
   <div class='ocr_carea' id='block_1_105' title="bbox 1981 4863 3553 4932">
    <p class='ocr_par' dir='ltr' id='par_1_105' title="bbox 1981 4863 3553 4932">
     <span class='ocr_line' id='line_1_105' title="bbox 1981 4863 3553 4932; baseline -0.011 0"><span class='ocrx_word' id='word_1_775' title='bbox 1981 4885 2306 4932; x_wconf 85' lang='lat' dir='ltr'><strong>naturarum</strong></span> <span class='ocrx_word' id='word_1_776' title='bbox 2350 4871 2787 4927; x_wconf 86' lang='lat' dir='ltr'><strong>essentiarumve</strong></span> <span class='ocrx_word' id='word_1_777' title='bbox 2821 4868 3196 4925; x_wconf 88' lang='lat' dir='ltr'><strong>declaramus.</strong></span> <span class='ocrx_word' id='word_1_778' title='bbox 3231 4863 3368 4918; x_wconf 89' lang='lat' dir='ltr'><strong>Nam</strong></span> <span class='ocrx_word' id='word_1_779' title='bbox 3405 4863 3553 4917; x_wconf 88' lang='lat' dir='ltr'><strong>velut</strong></span> 
     </span>
    </p>
   </div>
   <div class='ocr_carea' id='block_1_106' title="bbox 1980 4953 3550 5032">
    <p class='ocr_par' dir='ltr' id='par_1_106' title="bbox 1980 4953 3550 5032">
     <span class='ocr_line' id='line_1_106' title="bbox 1980 4953 3550 5032; baseline -0.013 -14"><span class='ocrx_word' id='word_1_780' title='bbox 1980 4964 2096 5019; x_wconf 90' lang='lat' dir='ltr'><strong>illic</strong></span> <span class='ocrx_word' id='word_1_781' title='bbox 2117 4975 2380 5032; x_wconf 85' lang='lat' dir='ltr'><strong>numerus</strong></span> <span class='ocrx_word' id='word_1_782' title='bbox 2402 4958 2774 5030; x_wconf 87' lang='lat' dir='ltr'><strong>hypostasium</strong></span> <span class='ocrx_word' id='word_1_783' title='bbox 2800 4955 3122 5013; x_wconf 71' lang='lat' dir='ltr'><strong>substantia:</strong></span> <span class='ocrx_word' id='word_1_784' title='bbox 3153 4953 3418 5008; x_wconf 88' lang='lat' dir='ltr'><strong>unitatem</strong></span> <span class='ocrx_word' id='word_1_785' title='bbox 3441 4962 3550 5000; x_wconf 89' lang='lat' dir='ltr'><strong>non</strong></span> 
     </span>
    </p>
   </div>
   <div class='ocr_carea' id='block_1_107' title="bbox 1984 5039 3550 5122">
    <p class='ocr_par' dir='ltr' id='par_1_107' title="bbox 1984 5039 3550 5122">
     <span class='ocr_line' id='line_1_107' title="bbox 1984 5039 3550 5122; baseline -0.012 -14"><span class='ocrx_word' id='word_1_786' title='bbox 1984 5053 2154 5119; x_wconf 81' lang='lat' dir='ltr'><strong>laedit,</strong></span> <span class='ocrx_word' id='word_1_787' title='bbox 2186 5066 2291 5107; x_wconf 89' lang='lat' dir='ltr'><strong>nec</strong></span> <span class='ocrx_word' id='word_1_788' title='bbox 2320 5059 2544 5121; x_wconf 89' lang='lat' dir='ltr'><strong>propter</strong></span> <span class='ocrx_word' id='word_1_789' title='bbox 2571 5050 2898 5122; x_wconf 77' lang='lat' dir='ltr'><strong>hypostases</strong></span> <span class='ocrx_word' id='word_1_790' title='bbox 2927 5055 3138 5102; x_wconf 74' lang='lat' dir='ltr'><strong>naturae</strong></span> <span class='ocrx_word' id='word_1_791' title='bbox 3171 5039 3550 5098; x_wconf 81' lang='lat' dir='ltr'><strong>diversitatem</strong></span> 
     </span>
    </p>
   </div>
   <div class='ocr_carea' id='block_1_108' title="bbox 1985 5123 3551 5211">
    <p class='ocr_par' dir='ltr' id='par_1_108' title="bbox 1985 5123 3551 5211">
     <span class='ocr_line' id='line_1_108' title="bbox 1985 5123 3551 5211; baseline -0.013 -15"><span class='ocrx_word' id='word_1_792' title='bbox 1985 5141 2228 5207; x_wconf 89' lang='lat' dir='ltr'><strong>inducit;</strong></span> <span class='ocrx_word' id='word_1_793' title='bbox 2276 5140 2408 5210; x_wconf 89' lang='lat' dir='ltr'><strong>quin</strong></span> <span class='ocrx_word' id='word_1_794' title='bbox 2437 5140 2619 5211; x_wconf 78' lang='lat' dir='ltr'><strong>potius</strong></span> <span class='ocrx_word' id='word_1_795' title='bbox 2654 5139 2977 5210; x_wconf 87' lang='lat' dir='ltr'><strong>hypostases</strong></span> <span class='ocrx_word' id='word_1_796' title='bbox 3007 5130 3386 5206; x_wconf 74' lang='lat' dir='ltr'><strong>signiﬁcando,</strong></span> <span class='ocrx_word' id='word_1_797' title='bbox 3429 5123 3551 5180; x_wconf 83' lang='lat' dir='ltr'><strong>uui-</strong></span> 
     </span>
    </p>
   </div>
   <div class='ocr_carea' id='block_1_109' title="bbox 1629 5296 2091 5356">
    <p class='ocr_par' dir='ltr' id='par_1_109' title="bbox 1629 5296 2091 5356">
     <span class='ocr_line' id='line_1_109' title="bbox 1629 5296 2091 5356; baseline -0.011 -3"><span class='ocrx_word' id='word_1_798' title='bbox 1629 5301 1670 5332; x_wconf 82' lang='grc'><strong>²¹</strong></span> <span class='ocrx_word' id='word_1_799' title='bbox 1698 5297 1720 5352; x_wconf 87' lang='grc' dir='ltr'><strong>ι</strong></span> <span class='ocrx_word' id='word_1_800' title='bbox 1747 5296 1978 5356; x_wconf 54' lang='lat' dir='ltr'><strong>Cornu,</strong></span> <span class='ocrx_word' id='word_1_801' title='bbox 2007 5296 2091 5350; x_wconf 85' lang='grc'><strong>16.</strong></span> 
     </span>
    </p>
   </div>
   <div class='ocr_carea' id='block_1_110' title="bbox 1631 5422 2291 5481">
    <p class='ocr_par' dir='ltr' id='par_1_110' title="bbox 1631 5422 2291 5481">
     <span class='ocr_line' id='line_1_110' title="bbox 1631 5422 2291 5481; baseline -0.006 0"><span class='ocrx_word' id='word_1_802' title='bbox 1631 5423 1857 5481; x_wconf 67' lang='grc' dir='ltr'>νΑιιιΑι</span> <span class='ocrx_word' id='word_1_803' title='bbox 1889 5422 2291 5479; x_wconf 82' lang='lat' dir='ltr'><strong>LECTIONES.</strong></span> 
     </span>
    </p>
   </div>
   <div class='ocr_carea' id='block_1_111' title="bbox 388 5516 3546 5624">
    <p class='ocr_par' dir='ltr' id='par_1_111' title="bbox 388 5516 3546 5624">
     <span class='ocr_line' id='line_1_111' title="bbox 388 5516 3546 5624; baseline -0.008 -27"><span class='ocrx_word' id='word_1_804' title='bbox 388 5551 435 5589; x_wconf 68' lang='grc' dir='ltr'>νο</span> <span class='ocrx_word' id='word_1_805' title='bbox 453 5541 667 5624; x_wconf 61' lang='lat' dir='ltr'><strong>Clarius</strong></span> <span class='ocrx_word' id='word_1_806' title='bbox 702 5542 934 5623; x_wconf 75' lang='lat' dir='ltr'><strong>interpr.</strong></span> <span class='ocrx_word' id='word_1_807' title='bbox 965 5537 1128 5593; x_wconf 70' lang='lat' dir='ltr'><strong>nrab.</strong></span> <span class='ocrx_word' id='word_1_808' title='bbox 1156 5556 1169 5592; x_wconf 89' lang='lat'><strong>:</strong></span> <span class='ocrx_word' id='word_1_809' title='bbox 1195 5537 1386 5610; x_wconf 76' lang='lat' dir='ltr'><strong>Estque</strong></span> <span class='ocrx_word' id='word_1_810' title='bbox 1409 5539 1650 5594; x_wconf 82' lang='lat' dir='ltr'><strong>Christus</strong></span> <span class='ocrx_word' id='word_1_811' title='bbox 1679 5549 1885 5592; x_wconf 80' lang='lat' dir='ltr'><strong>natura:</strong></span> <span class='ocrx_word' id='word_1_812' title='bbox 1908 5536 2046 5600; x_wconf 68' lang='lat' dir='ltr'><strong>duae,</strong></span> <span class='ocrx_word' id='word_1_813' title='bbox 2071 5540 2249 5589; x_wconf 74' lang='lat' dir='ltr'><strong>imitus</strong></span> <span class='ocrx_word' id='word_1_814' title='bbox 2272 5543 2320 5587; x_wconf 85' lang='lat' dir='ltr'><strong>et</strong></span> <span class='ocrx_word' id='word_1_815' title='bbox 2342 5532 2599 5589; x_wconf 78' lang='lat' dir='ltr'><strong>discretus</strong></span> <span class='ocrx_word' id='word_1_816' title='bbox 2623 5546 2640 5584; x_wconf 93' lang='lat'><strong><em>:</em></strong></span> <span class='ocrx_word' id='word_1_817' title='bbox 2663 5528 2840 5584; x_wconf 73' lang='lat' dir='ltr'><strong>imitus</strong></span> <span class='ocrx_word' id='word_1_818' title='bbox 2871 5523 3074 5578; x_wconf 80' lang='lat' dir='ltr'><strong>imitate</strong></span> <span class='ocrx_word' id='word_1_819' title='bbox 3093 5516 3407 5592; x_wconf 71' lang='lat' dir='ltr'><strong>hypostasis,</strong></span> <span class='ocrx_word' id='word_1_820' title='bbox 3437 5519 3546 5573; x_wconf 82' lang='lat' dir='ltr'><strong>ais-</strong></span> 
     </span>
    </p>
   </div>
   <div class='ocr_carea' id='block_1_112' title="bbox 317 5612 1204 5666">
    <p class='ocr_par' dir='ltr' id='par_1_112' title="bbox 317 5612 1204 5666">
     <span class='ocr_line' id='line_1_112' title="bbox 317 5612 1204 5666; baseline -0.005 -1"><span class='ocrx_word' id='word_1_821' title='bbox 317 5627 488 5666; x_wconf 80' lang='lat' dir='ltr'><strong>cretus</strong></span> <span class='ocrx_word' id='word_1_822' title='bbox 525 5612 828 5666; x_wconf 76' lang='lat' dir='ltr'><strong>diversitate</strong></span> <span class='ocrx_word' id='word_1_823' title='bbox 867 5619 1204 5664; x_wconf 85' lang='lat' dir='ltr'><strong>naturarum.</strong></span> 
     </span>
    </p>
   </div>
  </div>
