3980 6140
479 226 614 299 M79

478 434 630 492 titas,
676 428 792 483 sive
843 441 1106 480 numerus
1138 432 1465 478 naturarum
1517 439 1680 478 unam
1717 434 1768 480 et
1802 426 2049 480 eamdem

478 517 818 591 iiypostasim
856 531 964 570 non
1001 515 1231 580 dirimit,
1265 515 1358 570 sed
1412 516 1559 570 velut
1617 517 1670 570 in
1728 525 2049 571 naturarum

477 611 810 680 quantitate,
846 606 1149 662 discrimen
1189 607 1623 677 congeriemque
1667 610 1932 679 exprimit
1957 622 2052 663 eo-

477 715 596 754 rum
630 714 751 768 qua:
783 699 947 754 simul
977 699 1211 752 coivere.
1241 698 1641 766 Quamobrem,
1669 716 1796 755 cum
1825 717 1889 754 ex
1917 699 2052 754 dua-

479 793 582 845 bus
613 790 829 844 naturis
862 790 1123 858 perfectis
1161 790 1422 843 unionem
1477 806 1600 845 esse
1661 790 1864 844 factam
1913 791 2051 844 dici-

480 895 626 941 mus,
653 894 773 934 eam
814 893 922 933 non
963 879 1140 932 aimus
1166 894 1288 934 esse
1331 881 1538 934 factam
1584 882 1885 935 secundum
1919 895 2053 933 con-

479 971 818 1034 versionem,
855 979 948 1023 aut
981 968 1386 1033 confusionem,
1437 979 1533 1023 aut
1595 970 2047 1035 demutationem,

481 1069 575 1114 aut
601 1060 1046 1130 permistionem,
1085 1075 1261 1129 neque
1306 1061 1612 1114 secundum
1645 1060 1924 1126 allectum,
1957 1069 2052 1114 aut

477 1150 823 1218 dignitatem,
865 1155 961 1201 aut
993 1147 1212 1202 demum
1246 1164 1343 1216 per
1373 1148 1822 1202 communionem
1855 1149 2049 1202 volun-

478 1241 609 1295 tatis
639 1239 909 1308 ejusdem,
965 1241 1053 1293 vel
1102 1240 1366 1302 nominis,
1416 1240 1499 1294 vel
1545 1239 1855 1310 dignitatis,
1907 1243 2049 1296 sicut

476 1331 616 1384 dixit
648 1331 848 1398 impius
883 1328 1170 1384 Nestorius
1199 1348 1212 1383 :
1249 1331 1384 1399 quin
1416 1332 1598 1400 potius
1627 1331 1887 1386 unionem
1919 1333 2048 1387 sub-

477 1421 772 1474 stantivam
805 1428 860 1474 et
888 1420 1189 1474 secundum
1220 1414 1557 1491 hypostasim
1593 1431 1743 1477 recta
1775 1423 1879 1478 ﬁde
1904 1438 2045 1493 prae-

475 1510 774 1564 dicamus:
815 1523 924 1562 non
977 1517 1037 1563 ut
1085 1511 1206 1564 dua:
1247 1512 1557 1579 subtantiaa,
1605 1514 1720 1568 sive
1768 1515 2041 1575 essentiae,

473 1603 769 1654 essentiam
802 1616 964 1655 unam
1015 1602 1372 1668 compositam
1428 1603 1795 1675 perfecerint;
1849 1604 1943 1658 sed
1984 1613 2043 1657 ut

477 1690 647 1744 unita!
679 1691 820 1745 inter
839 1706 898 1745 se
924 1690 1131 1744 fuerint
1157 1691 1459 1746 secundum
1485 1693 1772 1747 veritatem
1799 1694 1851 1747 in
1876 1710 2040 1747 unam

478 1781 571 1834 Dei
605 1780 727 1835 Filii
757 1783 1117 1852 compositam
1148 1783 1489 1853 liypostasim
1524 1801 1536 1836 :
1568 1799 1876 1854 earumque
1907 1785 2043 1841 adeo

476 1873 897 1928 substantialem
929 1872 1301 1928 diﬂ'erentiam
1333 1881 1538 1928 sartam
1590 1881 1790 1929 tectam
1839 1877 2042 1930 servari

473 1961 636 2032 $17
675 1962 987 2016 deﬁnimus.
1024 1962 1226 2016 Mansit
1256 1963 1544 2017 enimvero
1581 1973 1852 2032 creatum,
1897 1967 2042 2035 quod

476 2062 724 2107 creatum
751 2061 894 2116 erat,
924 2062 979 2109 et
1016 2070 1125 2106 non
1157 2061 1407 2107 creatum
1431 2093 1445 2118 ,
1479 2054 1626 2120 quod
1657 2065 1898 2109 creatum
1933 2071 2041 2109 non

475 2153 634 2198 erat:
666 2144 900 2198 mortale
940 2145 1067 2198 item
1101 2146 1250 2214 quod
1282 2147 1515 2199 nmrtale
1553 2156 1696 2208 erat.
1727 2153 1782 2200 et
1813 2147 2036 2200 immor~

478 2232 589 2286 tale
627 2233 774 2302 quod
810 2233 1143 2287 immortale.
1184 2232 1365 2287 Unum
1399 2235 1617 2304 quidem
1643 2244 1902 2290 coruscat
1944 2236 2044 2287 mia

477 2323 702 2388 raculis,
750 2323 902 2378 aliud
938 2324 1249 2379 succumbit
1281 2325 1524 2393 injuriis.
1556 2323 1671 2380 Etsi
1704 2326 1850 2379 enim
1896 2341 2041 2380 unus

476 2419 562 2467 est
587 2413 680 2482 qui
727 2413 845 2468 haec
887 2413 1114 2482 patitur,
1148 2421 1204 2467 et
1244 2414 1352 2467 alia
1395 2413 1724 2468 mirabiliter
1759 2423 2039 2483 operatur,

477 2513 538 2558 ut
565 2513 797 2573 utraque
831 2505 1144 2558 communia
1185 2507 1350 2558 unius
1387 2506 1593 2559 fuerint
1626 2525 1640 2560 :
1672 2507 1820 2559 aliud
1856 2515 2037 2560 tamen

480 2592 615 2646 illud
663 2599 770 2656 est,
803 2607 867 2646 ex
914 2606 1023 2660 quo
1071 2593 1470 2645 contumeliosa
1517 2593 1827 2646 communia
1863 2603 2039 2658 erant,

477 2691 532 2735 et
565 2680 712 2734 aliud
743 2681 793 2734 id
818 2695 886 2735 ex
919 2696 1030 2750 quo
1058 2683 1372 2735 communia
1407 2683 1670 2750 praecelsa
1719 2698 1952 2752 quaeque
1974 2685 2039 2735 “.

477 2770 746 2824 Caeterum
773 2769 922 2824 aliud
953 2778 1007 2826 et
1039 2770 1209 2834 aliud,
1250 2772 1464 2827 ratione
1507 2778 1564 2827 et
1601 2773 1764 2827 modo
1794 2775 2042 2830 diﬂ‘ereno

480 2861 611 2914 tiae:
647 2862 960 2915 communia
1013 2875 1142 2915 vero
1200 2861 1492 2931 utriusque
1535 2870 1796 2931 utraque,
1876 2864 2042 2919 modo

1663 227 1722 286 S.
1753 227 2070 286 JOANNIS
2109 227 2536 288 DAMASCENI

364 374 368 376 -
479 351 646 394 tatem
663 335 985 393 substantiae
1003 349 1113 390 non
1141 333 1379 389 scindit:
1402 320 1486 386 ita
1519 336 1742 405 perinde
1765 337 1852 391 liic
1879 351 2041 406 quan-

2149 337 2224 400 ὡς
2249 340 2307 390 ὲν
2338 339 2596 408 ποσότητι
2621 338 2676 391 δὲ
2713 340 2912 408 φυσικῇ
2937 339 3222 409 διαφορὰν,
3265 339 3359 392 καὶ
3393 338 3504 390 τῶν
3540 337 3741 390 συνελ-

3587 226 3741 289 1480

2153 428 2353 480 θόντων
2371 430 2469 499 τὴν
2508 428 2740 500 σωρείαν
2772 430 2939 500 δηλοῖ.
2971 431 3061 481 Διὸ
3080 429 3143 498 δὴ
3172 431 3234 481 ἐκ
3262 429 3354 481 δύο
3385 427 3610 497 φύσεων
3646 444 3740 478 τε·

2150 517 2309 569 λείων
2332 517 2430 588 τὴν
2463 518 2654 571 ἕνωσιν
2677 517 3006 585 γεγενῆσθαι
3027 517 3296 580 λέγοντες,
3327 517 3388 569 οὐ
3413 515 3560 568 κατὰ
3591 533 3742 584 φυρ-

2153 608 2273 676 μὸν,
2303 607 2337 677 ἦ
2366 606 2646 677 σύγχυσιν,
2677 608 2710 677 ἢ
2743 607 2972 677 τροπὴν,
3003 606 3036 674 ἢ
3081 607 3379 675 ἀνάκρασιν
3411 605 3736 674 φάσκομενο

2149 701 2258 754 οὐδ’
2283 698 2349 754 αὖ
2370 701 2530 754 πάλιν
2555 700 2935 770 προσωπικὴν,
2959 698 2990 767 ἦ
3022 700 3298 768 σχετικὴν,
3321 697 3353 766 ἢ
3388 699 3510 748 κατ’
3543 697 3736 760 ἀξίαν,

2149 792 2182 861 ἢ
2217 791 2620 853 ταυτοόουλίαν,
2652 791 2685 861 ἢ
2721 789 3122 858 ταυτωνυμίαν,
3151 788 3183 857 ἦ
3215 786 3510 856 ὁμοτιμίαν
3532 825 3547 846 ,
3593 786 3681 845 ὡς
3712 788 3740 835 ὁ

2151 882 2446 951 θεοστυγὴς
2491 881 2592 951 ἔφη
2649 880 2977 950 Νεστόριος·
3029 877 3256 947 ούσιώδη
3285 877 3583 946 δὲμᾶλλον
3638 877 3739 928 καὶ

2149 972 2271 1026 καθ’
2300 973 2598 1024 ὑπόστασιν
2630 970 2924 1039 ὀρθοδόξως
2969 967 3343 1038 κηρύττομεν·
3375 970 3474 1038 οὐχ
3507 969 3588 1029 ὡς
3623 968 3740 1020 τῶν

2148 1064 2241 1116 δύο
2265 1063 2461 1116 ούσιῶν
2492 1063 2622 1132 μίαν
2651 1062 2837 1114 οὐσίαν
2867 1060 3279 1114 ἀποτελεσασῶν
3307 1051 3735 1122 σύνθετονξάλϊ

2150 1151 2452 1207 ὲνωθεισῶν
2482 1150 2731 1222 ἀλλήλοις
2765 1151 2884 1204 κατ’
2915 1151 3176 1220 ἀλήθειαν
3203 1153 3282 1212 εἰς
3315 1150 3446 1220 μίαν
3481 1150 3733 1204 ὑπόσταο

2151 1259 2234 1304 σιν
2268 1241 2520 1294 σύνθετον
2545 1239 2637 1293 τοῦ
2667 1240 2798 1293 Υῐοῧ
2824 1240 2919 1293 τοῦ
2937 1241 3094 1305 Θεοῦ,
3124 1239 3389 1303 σώζεσθαι
3419 1240 3609 1292 αὑτῶν
3634 1241 3736 1309 τὴν

2149 1333 2378 1402 ούσιώδη
2412 1331 2674 1403 διαφορὰν
2705 1331 3018 1403 ὁριζόμεθα.
3061 1332 3354 1402 Μεμένηκε
3384 1331 3496 1402 γὰρ
3522 1332 3585 1384 τὸ
3617 1350 3736 1384 κτι-

2149 1424 2274 1476 στὸν
2299 1423 2419 1492 μὲν,
2454 1423 2691 1486 κτιστὸν,
2725 1423 2786 1475 τὸ
2818 1423 2874 1475 δὲ
2905 1422 3158 1476 ἄκτιστον
3182 1462 3197 1483 ,
3238 1409 3530 1476 ἀκτιστον·
3561 1439 3734 1490 75w;-

2146 1513 2234 1565 τὸν
2265 1527 2313 1580 ι,
2345 1512 2408 1564 τὸ
2440 1511 2652 1582 θνητὸν,
2685 1511 2780 1564 καὶ
2810 1511 3098 1572 ἀθάνατον,
3123 1512 3183 1563 τὸ
3213 1511 3484 1564 ἀθάνατον
3503 1527 3520 1542 ο
3551 1512 3650 1564 καὶ
3675 1513 3734 1563 τὸ

2148 1602 2245 1672 μὲν
2275 1601 2575 1670 διαλάμπει
2599 1603 2712 1664 τοῖς
2735 1599 2998 1670 θαύμασι,
3021 1600 3081 1652 τὸ
3105 1600 3160 1652 δὲ
3188 1601 3309 1663 ταῖς
3335 1594 3569 1670 ὕϐρεσιν
3596 1602 3733 1652 ὑπο-

2145 1693 2447 1745 πέπτωκεν.
2484 1692 2547 1743 El
2574 1691 2682 1759 γὰρ
2703 1693 2798 1743 καὶ
2831 1685 2911 1753 εἷς
2939 1693 2966 1742 ό
2996 1689 3168 1743 ταῦτα
3209 1691 3454 1760 πάσχων,
3491 1691 3731 1742 κάκεῖνα

2145 1779 2578 1848 θαυματουργῶν
2603 1819 2616 1843 ,
2666 1779 2759 1831 καὶ
2800 1777 2953 1830 κοινὰ
2985 1777 3078 1830 τοῦ
3114 1778 3229 1840 ἐνὸς
3261 1777 3509 1847 ὑπῆρχεν
3554 1779 3730 1846 ἀμφό-

2143 1886 2299 1936 τερα,
2331 1867 2446 1921 ἀλλ’
2476 1867 2662 1936 ἕτερον
2682 1867 2740 1932 ἐξ
2760 1861 2822 1922 οὗ
2845 1867 3001 1920 κοινὰ
3026 1868 3094 1922 τὰ
3128 1871 3224 1938 τῆς
3264 1867 3498 1938 ὕϐρεως,
3544 1869 3642 1920 καὶ
3671 1869 3731 1933 ἐξ

2143 1955 2204 2014 οὗ
2238 1960 2391 2014 κοινὰ
2441 1959 2508 2012 τὰ
2560 1960 2872 2028 αὐχήματα,
2905 1959 3122 2028 ἕτερον·
3161 1959 3346 2028 ἕτερον
3399 1959 3584 2029 μέντοι
3635 1963 3728 2012 καὶ

2143 2052 2327 2122 ἕτερον
2359 2051 2502 2121 λόγῳ
2532 2051 2622 2104 καὶ
2654 2051 2838 2121 τρόπῳ
2862 2051 2959 2122 τῆς
2984 2051 3272 2132 διαφορᾶς,
3310 2053 3465 2105 κοινὰ
3505 2053 3564 2105 δὲ
3590 2055 3725 2105 ἑκα-

2142 2142 2284 2213 τέρῳ
2304 2143 2539 2213 ἑκάτερα
2574 2141 2650 2211 τῷ
2686 2143 2871 2213 τρόπῳ
2899 2143 3000 2212 τῆς
3033 2141 3374 2205 ἀντιδόσεως,
3401 2142 3489 2195 διὰ
3514 2143 3614 2213 τὴν
3645 2145 3725 2205 εξς

2144 2232 2346 2303 ἄλληλα
2377 2232 2486 2285 τῶν
2513 2231 2694 2302 μερῶν
2722 2231 3095 2303 περιχώρησιν
3116 2273 3130 2297 ,
3160 2232 3251 2285 καὶ
3289 2232 3388 2302 τὴν
3430 2233 3555 2286 καθ’
3587 2233 3722 2286 ὑπό-

2145 2339 2333 2376 στασιν
2384 2322 2596 2376 ἕνωσιν.
2643 2321 2885 2392 Ἐνεργεϊ
2933 2322 3042 2391 γὰρ
3071 2323 3322 2392 ,ἑκατέρᾳ
3365 2326 3549 2392 μορφῇ
3584 2324 3723 2392 μετὰ

2143 2413 2242 2482 τῆς
2275 2412 2506 2483 Θατέρου
2541 2411 2846 2475 κοινωνίας,
2870 2411 3020 2464 τοῦθ’
3049 2413 3186 2482 ὅπερ
3221 2412 3352 2464 ῐδιον
3385 2412 3610 2481 ἔσχηκε*
3641 2415 3723 2465 διὸ

2141 2503 2204 2573 δὴ
2233 2503 2325 2556 καὶ
2347 2505 2376 2556 ό
2408 2502 2612 2572 Κύριος
2637 2503 2736 2571 τῆς
2761 2500 2918 2570 δόξης
2943 2499 3322 2572 ἐσταυρῶσθαι
3351 2500 3598 2568 λέγεται,
3627 2502 3721 2568 δη-

2141 2592 2294 2665 λαδὴ,
2322 2593 2397 2655 ὡς
2426 2594 2485 2644 ού
2517 2592 2756 2663 θεότητι,
2798 2589 2934 2644 ἀλλὰ
2957 2595 3022 2662 τῇ
3057 2590 3500 2662 συνυφεστηκυία
3531 2593 3717 2660 σαρκί·

2143 2687 2238 2740 καὶ
2271 2688 2300 2739 ὁ
2337 2686 2464 2748 Υἱὸς
2493 2683 2590 2738 τοῦ
2645 2683 2930 2755 ἀνθρώπου
2975 2682 3357 2752 ἀνεληλυθέναι
3391 2682 3525 2735 ὅπου
3555 2678 3620 2751 ἦν
3661 2683 3724 2733 τὸ

2143 2779 2406 2850 πρότερον
2454 2779 2801 2848 γέγραπται·
2843 2767 3000 2847 οὐχῇ
3042 2773 3100 2826 τὸ
3129 2775 3394 2844 πρότερον
3427 2772 3723 2842 ἄνθρωπος

2141 2867 2230 2940 ἦν,
2263 2869 2376 2922 ἀλλ’
2407 2868 2536 2921 ἔνθα
2558 2868 2634 2930 ὡς
2659 2867 2792 2928 Θεὸς
2815 2866 3046 2935 ὑπῆρχε,
3073 2864 3164 2917 καὶ
3190 2863 3284 2915 τοῦ
3314 2863 3527 2932 [ἰατρὸς
3549 2863 3727 2914 ἀδιαίο

479 2957 681 3004 mutua:
729 2951 1252 3016 communicationis
1284 2961 1510 3021 propter
1558 2953 2037 3010 circuiiiinsassio-

2149 2977 2322 3031 ρετος.
2355 2959 2490 3013 Ούτε
2524 2959 2632 3028 γὰρ
2664 2959 2761 3028 τὴν
2789 2955 3020 3026 θεότητα
3073 2953 3344 3024 παθητὴν,
3392 2953 3426 3022 ἢ
3480 2955 3724 3021 πάσχειν

480 3055 602 3094 nem
637 3044 872 3110 partium
908 3043 960 3096 in
1009 3057 1070 3098 se
1122 3043 1381 3109 invicem,
1410 3055 1463 3096 et
1501 3052 1726 3113 propter
1781 3043 2033 3097 unionem

480 3132 908 3202 liypostaticam.
955 3135 1078 3204 Agit
1107 3135 1254 3188 enim
1285 3142 1516 3203 utraque
1543 3135 1714 3189 forma
1749 3150 1871 3189 cum
1904 3134 2031 3190 alte-

477 3223 596 3278 rius
625 3226 1032 3289 communione,
1070 3225 1219 3296 quod
1255 3227 1538 3295 proprium
1575 3227 1738 3280 habet
1776 3248 1786 3282 :
1820 3225 1930 3296 quo
1982 3226 2042 3280 tit

482 3323 540 3367 ut
573 3315 838 3370 Dominus
880 3317 1070 3384 gloria
1105 3318 1404 3372 cruciﬁxus
1441 3318 1656 3372 dicatur
1685 3319 1730 3350 "
1756 3318 2036 3388 (nimirum

477 3418 588 3458 non
626 3405 850 3470 deitate,
901 3405 996 3459 sed
1031 3421 1200 3460 carne
1238 3422 1344 3460 una
1380 3422 1505 3461 cum
1540 3408 1634 3462 illa
1659 3410 2036 3478 subsistente),

476 3502 533 3547 et
566 3493 708 3548 [ilius
740 3496 978 3550 hominis
1005 3498 1323 3552 ascendisse
1351 3502 1594 3570 scriptus
1618 3503 1691 3556 sit
1721 3502 1787 3566 “,
1813 3504 2040 3557 ubierat

478 3583 652 3653 prius.
683 3584 803 3639 Non
836 3587 928 3639 ubi
956 3588 1104 3655 prius
1136 3589 1297 3642 homo
1325 3598 1463 3655 erat,
1511 3591 1604 3645 sed
1656 3591 1744 3644 ubi
1776 3603 2033 3660 tanquam

480 3673 622 3728 Deus
656 3675 974 3742 exsistebat,
1028 3678 1339 3755 indivulsus
1391 3695 1420 3732 a
1471 3679 1650 3734 Patre.
1681 3679 2034 3750 Nequaquam

475 3765 622 3816 enim
652 3764 907 3820 deitatem
944 3769 1188 3835 patiendi
1239 3785 1532 3839 capacem,
1574 3779 1667 3824 aut
1707 3786 1873 3826 carne
1916 3787 2039 3840 pas-

477 3867 597 3907 sam
627 3853 888 3911 docemus
916 3875 930 3921 ;
963 3874 1139 3928 neque
1173 3875 1422 3924 carnem,
1455 3863 1570 3916 sive
1617 3863 2036 3927 humanitatem,

478 3950 608 3997 ante
636 3945 838 3998 saecula
866 3955 1082 4002 exstare
1107 3950 1435 4003 confitemur
1468 3967 1481 4003 :
1509 3951 1607 4005 sed
1639 3967 1764 4006 eum
1794 3953 1889 4020 qui
1927 3967 2041 4004 ani-

477 4033 598 4098 bas,
647 4031 790 4088 banc
840 4045 896 4090 et
947 4037 1115 4102 illam,
1147 4039 1332 4102 habet,
1365 4040 1657 4108 aliquando
1701 4041 1922 4109 quidem
1975 4059 2041 4097 ex

478 4131 710 4194 utraque
746 4123 1031 4179 Christum
1071 4129 1450 4194 nominamus,
1502 4129 1798 4197 aliquando
1823 4145 1949 4184 vero
1976 4147 2042 4186 ex

475 4213 644 4268 altera
675 4217 935 4283 partium,
957 4227 1126 4284 atque
1150 4232 1215 4270 ex
1255 4217 1544 4272 divinitate
1566 4219 1814 4287 quidem,
1847 4220 2040 4289 Deum,

2146 3050 2310 3120 σαρκὶ
2339 3046 2806 3116 καταγγέλλομεν,
2837 3044 2960 3098 οὔτε
2985 3043 3083 3114 τὴν
3117 3044 3314 3114 σάρκα,
3343 3043 3460 3112 ἦτοι
3497 3041 3598 3111 τὴν
3622 3042 3723 3092 ἀνι

2143 3137 2486 3206 θρωπότητα,
2515 3133 2844 3206 προαιώνιον
2881 3132 3269 3203 ὁμολογοῦμεν,
3308 3131 3447 3184 ἀλλὰ
3473 3130 3575 3184 τὰς
3603 3131 3721 3199 ἀμ⁸

2143 3229 2394 3297 φοτέρας,
2426 3226 2629 3296 ταύτην
2655 3243 2714 3278 τε
2745 3226 3004 3295 κάκείνην
3034 3224 3247 3294 ἔχοντα,
3279 3224 3368 3276 ὅτε
3402 3223 3497 3293 μὲν
3525 3224 3590 3274 ἑκ
3614 3221 3721 3274 τοῦ

2142 3317 2573 3387 συναμφοτέρου,
2618 3315 2854 3386 Χριστὸν
2883 3316 3243 3384 ὀνομάζομεν,
3289 3315 3377 3366 ὅτε
3404 3314 3458 3366 δὲ
3501 3313 3563 3377 ἐξ
3591 3313 3720 3375 ἐνὸς

2139 3409 2247 3460 τῶν
2277 3409 2481 3478 μερῶν,
2505 3408 2568 3460 ὲκ
2603 3407 2984 3478 μὲνθεότητος
3004 3407 3173 3470 Θεὸν,“
3199 3406 3482 3475 ἄνθρωπον
3510 3405 3568 3456 δὲ
3613 3407 3722 3458 πά-

2141 3497 2222 3549 λιν
2244 3496 2303 3560 ὲξ
2327 3496 2747 3567 ἀνθρωπότητος
2779 3496 3079 3564 φάσκομεν.
3110 3493 3218 3546 Καὶ
3241 3493 3372 3546 Θεὸν
3403 3494 3500 3560 μὲν
3533 3490 3721 3559 παθη-

2139 3589 2252 3652 τὸν,
2283 3587 2381 3657 οὐχ
2405 3587 2479 3649 ὡς
2501 3587 2633 3639 Θεὸν
2659 3585 2737 3652 δὲ,
2769 3586 2882 3638 ἀλλ’
2917 3586 2992 3647 ὼς
3015 3584 3110 3637 καὶ
3144 3583 3427 3652 ἄνθρωπον
3457 3582 3722 3649 λέγομενο

2143 3677 2352 3730 παιδίον
2387 3677 2444 3730 δὲ
2473 3675 2818 3747 προαιώνιον,
2869 3675 2968 3744 οὐχ
3073 3672 3300 3737 παιδίον,
3353 3672 3466 3724 ἀλλ’
3507 3670 3583 3732 ὡς
3614 3672 3726 3722 καὶ

2143 3771 2274 3824 Θεὸν
2306 3768 2763 3837 καταγγέλλομεν.
2815 3760 2909 3828 Εἷς
2954 3767 3064 3835 γάρ
3105 3766 3218 3816 ἐστι
3271 3762 3425 3814 τοῦτο
3458 3763 3720 3822 κάκεῖνο,

2143 3860 2272 3922 Θεός
2305 3876 2365 3911 τε
2390 3859 2487 3912 καὶ
2518 3858 2613 3912 ἄνθ
2625 3874 2802 3928 ρωπος
2821 3872 2834 3885 ⁸
2863 3855 2995 3919 Θεὸς
3024 3855 3245 3918 τέλειος,
3277 3855 3365 3904 καὶ
3412 3851 3724 3920 ἅνθρωπος

2141 3951 2364 4013 τέλειος,
2401 3949 2578 4003 πάντα
2612 3948 2794 4019 φέρων
2814 3947 2883 4000 τὰ
2904 3947 3004 4016 τῆς
3035 3946 3275 4015 θεότητος
3302 3942 3583 4010 ἰδιώματα,
3601 3941 3725 4010 τὴν

2143 4042 2391 4110 θεότητα,
2440 4041 2503 4092 τὸ
2541 4039 2797 4109 ἄναρχον,
2825 4039 2886 4091 τὸ
2923 4037 3212 4098 ἀθάνατον,
3255 4035 3351 4103 τὴν
3381 4032 3718 4101 κυριότητα,

2141 4131 2246 4200 τὴν
2268 4129 2674 4199 παντοδύναμον
2697 4128 2914 4198 θέλησιν
2941 4129 3034 4180 καὶ
3072 4126 3369 4196 ἐνέργειαν,
3400 4123 3492 4174 καὶ
3523 4123 3720 4173 πᾶσαν

2147 4223 2327 4293 φέρων
2380 4222 2479 4292 τὴν
2519 4221 2620 4290 τῆς
2669 4221 2868 4290 σαρκὸς
2919 4218 3106 4272 οὐσίαν
3137 4216 3459 4276 ἀνελλιπῶς,
3506 4213 3715 4282 ψυχὴν,

474 4303 751 4361 hominem
805 4321 935 4360 vero
982 4321 1225 4373 rursum,
1279 4323 1343 4362 ex
1399 4309 1756 4366 humanitate.
1785 4303 2038 4383 Cumque

2144 4313 2323 4383 σῶμα,
2358 4312 2501 4375 νοῦν,
2537 4311 2630 4364 καὶ
2672 4311 2742 4364 τὰ
2769 4310 2972 4364 τούτων
3015 4308 3220 4378 φυσικὰ
3271 4308 3366 4361 καὶ
3410 4304 3717 4373 aerem,“

476 4395 646 4451 Deum
677 4399 990 4466 passibilem
1025 4400 1295 4462 dicamus,
1347 4415 1457 4454 non
1502 4410 1682 4454 tamen
1733 4412 1792 4457 ut
1838 4403 2034 4472 Deum,

476 4487 571 4540 sed
600 4496 859 4557 tanquam
903 4489 1176 4544 hominem
1209 4509 1222 4543 :
1251 4492 1381 4560 quin
1415 4507 1642 4561 puerum
1688 4495 1911 4550 saeculis
1937 4512 2035 4550 an-

2137 4404 2286 4474 πάθη
2341 4404 2436 4457 καὶ
2473 4401 2740 4472 ἰδιώματα
2765 4441 2782 4467 ,
2815 4401 2914 4471 τὴν
2955 4399 3300 4465 αὐτεξούσιον
3347 4395 3571 4465 θέλησιν
3618 4397 3716 4447 καὶ

2136 4495 2435 4564 ἐνέργειαν,
2487 4493 2586 4564 τὴν
2629 4494 2839 4556 πεῖναν,
2873 4491 2973 4560 τὴν
3013 4489 3194 4557 δίψαν,
3226 4489 3288 4540 τὸ
3319 4487 3575 4556 δάκρυον,
3613 4486 3714 4553 τὴν

477 4579 755 4642 terioreni,
787 4593 893 4632 non
927 4580 1004 4632 uti
1041 4595 1293 4648 puerum,
1327 4581 1421 4634 sed
1452 4590 1510 4634 ut
1540 4583 1634 4652 qui
1678 4584 1842 4637 etiam
1891 4584 2036 4642 Deus

2144 4583 2328 4652 λύπην,
2358 4581 2456 4652 τὴν
2485 4581 2803 4652 ἀδημονίαν,
2832 4580 2922 4632 τὸν
2953 4579 3201 4632 θάνατον.
3237 4597 3254 4629 ι
3291 4578 3352 4629 '0
3379 4577 3584 4647 Κύριος
3604 4577 3713 4641 γάρ

477 4670 569 4730 sit,
604 4670 1018 4725 annuntiamus.
1052 4669 1207 4725 Unus
1235 4674 1440 4742 quippe
1481 4682 1583 4737 est,
1628 4675 1730 4731 hoc
1774 4683 1829 4731 et
1877 4677 2033 4743 illud,

480 4759 621 4812 Deus
651 4767 706 4813 et
737 4759 924 4825 homo,
968 4759 1112 4816 Deus
1148 4763 1428 4830 perfectus
1457 4774 1509 4820 ct
1539 4766 1815 4834 perfectus
1853 4769 2034 4835 homo,

476 4863 668 4904 omnes
707 4851 761 4902 in
790 4864 848 4903 se
880 4850 1059 4906 ferens
1087 4853 1306 4909 deitatis
1345 4857 1742 4925 proprietates;
1776 4859 2035 4915 deitatem

476 4938 724 5004 inquam,
775 4930 1174 4997 immunitatem
1225 4960 1253 4997 a
1302 4947 1598 5014 principio,
1647 4949 2036 5003 immortalita-

475 5035 606 5094 tem,
671 5028 1032 5098 dominatum,
1086 5035 1422 5088 voluntatem
1481 5038 1912 5106 omnipotentem
1979 5050 2036 5094 et

2143 4691 2242 4743 μου
2271 4675 2362 4726 καὶ
2392 4673 2523 4734 Θεὸς
2551 4711 2564 4735 ,
2613 4689 2631 4723 r
2672 4658 2837 4741 φησιν
2868 4672 2898 4722 ὁ
2921 4671 3144 4739 Θωμᾶς.
3197 4669 3326 4722 Καί·
3367 4687 3386 4719 ι
3423 4667 3559 4730 Θεὸς
3585 4662 3651 4735 ἦν
3683 4667 3714 4718 ὀ

2141 4765 2331 4832 Λόγος,
2364 4765 2460 4816 καὶ
2489 4765 2516 4815 ό
2545 4757 2714 4829 Λόγος
2767 4761 2902 4832 σὰρξ
2931 4761 3149 4830 ἐγένετο
3173 4801 3187 4825 ,
3224 4779 3242 4811 ι
3275 4761 3304 4812 ὁ
3341 4759 3604 4826 Θεολόγος
3629 4753 3711 4808 εἴ·

2139 4874 2236 4909 πεν
2262 4858 2319 4908 ὲν
2343 4855 2640 4924 Πνεύματι.
2664 4855 2790 4908 Καί·
2823 4874 2839 4906 ι
2873 4855 2962 4906 Ἐν
2991 4855 3132 4924 ἀρχῇ
3166 4849 3233 4923 ἦν
3262 4854 3288 4904 ὁ
3312 4853 3500 4919 Λόγος.
3531 4868 3551 4901 ι
3577 4849 3712 4902 Καί·

2145 4965 2161 4998 ι
2201 4947 2371 5010 Θέλω,
2408 4945 2792 5016 καθαρίσθητι’
2849 4962 2869 4996 ι
2905 4945 3016 4997 καὶο
3055 4961 3074 4994 ι
3114 4944 3230 4998 Οὐκ
3275 4943 3342 4997 ἂν
3373 4942 3465 4994 τὸν
3502 4939 3716 5009 Κύριοι

2135 5038 2234 5106 τῆς
2266 5036 2423 5108 δόξης
2453 5036 2823 5107 ἐσταύρωσαν.
2865 5055 2883 5088 ι
2913 5033 3097 5088 Ταῦτα
3123 5035 3216 5089 καὶ
3241 5032 3311 5085 τὰ
3343 5031 3593 5098 τοιαῦτα,
3618 5031 3715 5084 καὶ

577 5235 598 5264 ²
631 5230 740 5289 Leo
777 5232 849 5287 Μ.
891 5234 1052 5302 epist.
1083 5237 1148 5287 all
1199 5233 1352 5290 Flav.
1433 5235 1514 5288 "1
1544 5237 1670 5292 Cor.
1699 5255 1758 5303 ll,
1791 5240 1846 5294 8.
1918 5242 1965 5272 “
1991 5239 2150 5296 Joan.
2185 5259 2257 5308 vr,
2289 5243 2376 5297 62.

1766 5413 1994 5469 νΑιιιίΕ
2033 5415 2432 5472 LECTIONES.

562 5527 585 5556 ⁷⁸
605 5541 734 5614 Leg.
762 5545 974 5616 θνητόν,
1002 5547 1081 5603 sic
1103 5546 1290 5614 Turn,
1329 5547 1549 5603 mortale
1583 5549 1748 5603 Arab.
