3970 6156
517 346 676 411 (1483

1734 341 1796 400 S.
1824 339 2144 402 JOANNIS
2190 340 2624 402 DAMASCENI

3636 337 3748 406 1485

531 453 787 509 deincata
842 450 965 513 fuit,
1016 450 1220 505 unione
1270 454 1532 504 servante
1574 460 1700 518 quae
1735 447 1892 502 unita
1946 454 2101 514 sunt,

2206 448 2301 502 καὶ
2330 448 2390 502 τὸ
2421 447 2762 520 ἀνθρώπινον
2810 446 2905 501 τοῦ
2939 445 3177 519 Χριστοῦ
3221 446 3285 500 τδ
3340 447 3484 518 ὑπὲρ
3522 447 3751 518 ἡμᾶςκαὶ

530 544 717 616 qualia
766 541 922 596 unita
968 539 1154 606 fuere;
1205 555 1315 594 non
1364 540 1420 594 id
1456 540 1633 596 solum
1671 539 1819 609 quod
1851 538 2102 596 divinum

510 643 639 702 'cst,
675 635 925 704 inquam;
956 631 1054 687 sed
1085 633 1189 687 hoc
1216 633 1384 688 etiam
1421 630 1572 702 quod
1597 630 1902 698 humanum
1937 639 2022 688 est
2049 629 2105 687 in

514 725 768 791 Christo,
825 722 974 794 quod
1021 723 1201 778 nostri
1239 721 1415 793 gratia
1468 729 1523 777 et
1571 721 1640 776 ad
1693 721 1871 778 instar
1916 721 2097 777 nostri

528 814 745 870 habuit.
799 811 987 883 Neque
1021 811 1171 868 enim
1228 826 1354 868 cum
1408 810 1645 881 primum
1686 811 1865 869 nostri
1904 811 2104 868 similis

526 913 696 970 esset,
729 904 1084 975 postmodum
1139 918 1306 973 supra
1340 916 1443 958 nos
1478 901 1659 958 tactus
1696 912 1818 959 est:
1849 903 1981 973 quin
2008 916 2107 973 po-

529 998 641 1051 tius
667 1012 909 1067 semper,
941 1005 998 1051 et
1032 1011 1097 1050 ex
1124 1011 1235 1065 quo
1264 994 1504 1066 primum
1534 994 1773 1059 exstitit,
1804 1003 2106 1066 utrumque

2210 538 2335 592 καθ’
2367 540 2535 609 ἡμᾶς.
2571 538 2710 592 οὕτε
2730 538 2839 610 γὰρ
2864 538 3151 609 γενόμενος
3177 537 3446 609 πρότερον
3475 538 3591 593 καθ’
3609 541 3748 612 ἡμᾶς,

2210 630 2436 711 ὕστερον
2491 630 2713 700 γέγονεν
2768 630 2910 702 ὑπὲρ
2948 630 3092 701 ἡμᾶς
3115 645 3130 659 ο
3166 628 3283 682 ἀλλ’
3316 630 3407 683 ἀεὶ
3450 631 3515 683 ὲκ
3564 630 3751 705 πρώτης

2210 721 2497 792 ὑπάρξεως
2525 723 2695 792 ἄμφω
2715 721 2929 792 ὑπῆρχε
2950 722 3041 776 διὰ
3075 721 3136 774 τὸ
3161 719 3219 786 ἐξ
3267 721 3449 792 ἄκρας
3476 721 3748 797 συλλήψεω,

2209 813 2268 867 ὲν
2294 812 2440 883 αὐτῷ
2467 812 2547 884 τῷ
2565 813 2723 884 Λόγῳ
2745 813 2845 884 τὴν
2874 813 3109 883 ὕπαρξιν
3131 813 3448 884 ἐσχηκέναι.
3486 814 3747 887 Ἀνθρώπι-

2208 919 2299 956 νον
2326 901 2425 973 μὲν
2448 896 2542 956 οῦν
2572 903 2688 955 ἔστι
2724 903 2867 956 κατὰ
2888 900 2985 973 τὴν
3009 900 3214 956 οἰκείαν
3234 900 3422 971 φύσιν,
3445 901 3575 956 θεοῦ
3605 902 3656 956 δὲ
3677 921 3749 961 και

2210 990 2371 1058 θεῖον,
2390 992 2703 1064 ὑπερφυῶς.

532 1091 660 1159 fuit,
710 1090 839 1161 quia
877 1103 908 1143 a
946 1087 1336 1158 conceptionis
1388 1086 1512 1157 ejus
1559 1087 1717 1141 initio
1769 1086 1827 1141 in
1878 1087 2114 1157 ipsomet
2150 1083 2332 1141 Verbo
2359 1086 2745 1143 exsistentiam
2770 1083 3033 1142 habuere.
3061 1082 3221 1153 Quod
3292 1100 3428 1158 ergo
3488 1086 3745 1145 humanum

522 1192 638 1249 est,
677 1182 982 1239 secundum
1018 1196 1175 1237 suam
1223 1192 1481 1236 naturam
1525 1181 1764 1246 exsistit,
1804 1180 1952 1253 quod
1983 1196 2116 1237 vero
2151 1178 2249 1237 Dei
2278 1190 2335 1237 et
2360 1181 2632 1247 divinum,
2667 1196 2837 1252 supra
2877 1190 3154 1237 naturam.

602 1276 691 1332 84.
731 1273 903 1330 Porro
954 1280 1205 1331 sanctam
1260 1271 1543 1345 Virginem
1597 1273 1818 1343 proprie
1862 1287 2099 1344 vereque

526 1365 627 1422 Dei
668 1362 899 1419 Matrem
942 1361 1305 1432 praedicamus
1337 1381 1359 1435 ε,
1385 1364 1588 1433 quippe
1614 1377 1762 1429 eum,
1786 1364 1933 1419 sicut
1958 1363 2099 1418 Deus

530 1471 695 1514 verus
725 1462 811 1511 est
843 1453 937 1524 qui
982 1469 1049 1509 ex
1088 1467 1151 1508 ea
1182 1461 1347 1509 natus
1370 1460 1476 1519 est,
1516 1454 1598 1509 sic
1620 1469 1748 1510 vere
1777 1453 1947 1510 Mater
1980 1452 2097 1519 Dei,

524 1564 654 1621 qute
683 1548 852 1603 Deum
882 1561 953 1601 ex
999 1560 1060 1601 se
1092 1560 1314 1601 carnem
1356 1544 1567 1600 factum
1606 1546 1900 1617 pepererit.
1930 1544 2098 1617 Atqui

529 1638 698 1695 Deum
728 1652 793 1692 ex
823 1637 945 1707 ipsa
993 1643 1182 1689 natum
1228 1649 1357 1692 esse
1402 1634 1606 1698 aimus,
1636 1650 1744 1691 non
1788 1643 1848 1691 ut
1877 1651 1944 1691 ex
1976 1636 2099 1706 ipsa

526 1737 784 1786 aeternam
828 1726 1057 1782 Deitatis
1087 1728 1429 1782 exstantiam
1484 1727 1784 1798 acceperit,
1822 1728 1919 1784 sed
1950 1726 2097 1799 quod

526 1838 593 1878 ex
628 1821 750 1893 ipsa
781 1820 851 1877 sit
872 1818 1201 1874 incarnatus
1234 1819 1355 1874 sine
1374 1820 1760 1887 conversione,
1791 1820 2103 1891 factusque,
2135 1805 2178 1861 Β

525 1920 582 1967 et
629 1910 847 1982 genitus
901 1910 1089 1975 homo,
1148 1908 1410 1964 Christus
1462 1925 1630 1976 unus,
1700 1909 1876 1967 Filius
1937 1927 2107 1978 unus,

448 2018 455 2024 '
527 2005 803 2062 Dominus
834 2018 1002 2067 unus,
1036 2002 1355 2074 hypostasis
1384 2018 1516 2067 una,
1548 2002 1693 2058 idem
1728 2003 1847 2074 ipse
1881 2001 2025 2060 Deus
2053 2011 2109 2060 et

529 2098 715 2163 homo,
760 2086 873 2165 qui'
911 2095 1140 2149 alteram
1188 2091 1450 2149 Trinitati
1496 2108 1795 2163 personam
1851 2108 1967 2151 non
2020 2095 2108 2151 in-

526 2191 765 2243 vexerit.

598 2278 689 2333 85.
707 2277 981 2345 Quocirca
999 2275 1366 2348 adjectionem
1393 2291 1613 2349 quoque
1632 2275 2108 2350 Trisagiobymno

534 2367 736 2423 factam
767 2367 1144 2438 blasphemam
1174 2381 1296 2423 esse
1321 2367 1694 2433 decernimus,
1721 2382 1822 2425 ceu
1852 2384 1960 2441 qua
1986 2366 2108 2424 Tri-

529 2459 691 2515 nitati
723 2469 921 2530 quarta
958 2474 1202 2530 persona
1250 2459 1556 2524 inseratur,
1585 2468 1640 2515 et
1671 2461 1903 2517 seorsim
1941 2468 2109 2531 ponat

530 2550 933 2606 subsistentem
986 2548 1079 2605 Dei
1115 2549 1377 2603 virtutem
1405 2591 1419 2614 ,
1458 2550 1803 2620 seorsimque
1849 2566 1973 2605 eum
2011 2550 2106 2620 qui

528 2641 829 2696 erucilixus
859 2648 965 2705 est,
994 2654 1057 2694 ac
1087 2639 1137 2696 si
1176 2640 1320 2696 alius
1355 2639 1497 2695 l'orct
1526 2649 1726 2711 praeter
1777 2641 1937 2696 illum
1995 2642 2105 2712 [or-

524 2746 631 2789 tem
668 2749 687 2788 :
724 2732 809 2787 vel
839 2746 947 2802 qua
976 2729 1226 2787 Trinitas
1263 2740 1461 2787 sancta
1509 2731 1766 2787 laudetur
1795 2746 1894 2788 ceu
1920 2734 2104 2803 passi-

524 2825 682 2891 bilis,
719 2838 939 2895 unaque
968 2837 1096 2879 cum
1123 2820 1264 2879 Filio
1296 2822 1659 2895 cruciﬁgatur
1693 2822 1855 2879 Pater
1892 2832 1950 2880 et
1982 2822 2107 2895 Spi-

531 2914 675 2968 ritus
700 2919 970 2969 sanctus:
1010 2911 1093 2966 vel
1143 2925 1250 2983 qua
1281 2910 1523 2982 denique
1589 2910 1831 2984 Spiritus
1876 2921 2105 2969 sanctus

531 3003 869 3070 immortalis,
908 3003 1191 3074 passibilis
1247 3003 1614 3075 signiﬁcetur.
1671 3001 1809 3058 Nam
1865 3005 2103 3076 hymnus

520 3096 622 3196 hic
653 3092 939 3196 :l'risagius
973 3093 1105 3196 olim
1129 3108 1163 3196 a
1194 3092 1403 3196 Spiritu
1440 3107 1634 3196 sancto
1668 3110 1773 3196 per
1791 3094 2100 3196 Serapliim,
2128 3132 2173 3196 ε

531 3184 821 3241 ministros
847 3184 975 3255 ejus
1008 3184 1259 3255 spiritus,
1298 3185 1504 3241 videnti
1554 3184 1723 3241 Deum
1758 3185 1914 3242 Isaiae
1941 3201 2101 3241 reve-

534 3277 677 3333 latus
708 3285 794 3333 est
824 3276 893 3342 δ’,
944 3292 1050 3349 quo
1090 3283 1205 3332 tres
1252 3275 1486 3332 Deitatis
1519 3276 1846 3348 hypostases
1901 3291 2103 3332 arcano

532 3368 697 3424 modo
723 3367 1178 3434 declarabantur,
1206 3381 1462 3437 unusque
1484 3364 1823 3430 dominatus,
1851 3375 1905 3422 et
1941 3365 2107 3439 419

532 3468 757 3516 natura.
821 3459 947 3531 Ipse
1009 3456 1285 3529 siquidem
1339 3456 1511 3514 Isaias
1566 3472 1628 3513 se
1677 3456 1889 3513 vidisse
1934 3456 2104 3514 Deum

531 3560 590 3608 et
634 3551 853 3607 Patrem
906 3550 1017 3617 ait;
1066 3549 1313 3605 Joannes
1364 3564 1499 3605 vero
1544 3547 1854 3621 Theologus
1900 3549 2103 3606 Filium

518 3646 582 3701 -ei
620 3641 1031 3699 manifestatum
1071 3640 1149 3696 ait
1195 3641 1279 3707 “;
1319 3639 1522 3696 Paulus
1573 3640 1834 3712 denique,
1884 3641 2103 3699 divinus

536 3735 630 3790 ille
664 3734 974 3804 apostolus,
1028 3730 1299 3802 Spiritum
1325 3740 1579 3787 sanctum
1615 3732 1684 3788 ”.
1720 3731 1862 3789 Hinc
1909 3749 2104 3789 omnes

536 3824 717 3877 sancti
758 3820 951 3878 Patres
987 3830 1071 3878 ter
1109 3833 1363 3878 sanetum
1386 3822 1535 3878 hunc
1562 3822 1828 3894 hymnum
1868 3823 1938 3880 de
1971 3839 2106 3880 san-

534 3926 622 3970 cta
695 3912 967 3968 Trinitate
1032 3923 1390 3983 acceperunt.
1452 3915 1726 3981 Quocirca
1804 3914 2111 3987 Gregorius

520 4004 845 4077 'Theologus
879 4003 958 4058 ait
999 4020 1014 4056 :
1053 4022 1072 4055 ι
1102 4000 1217 4058 Hoc
1245 4012 1413 4074 pacto
1437 4005 1627 4077 itaque
1663 4014 1853 4062 sancta
1884 4015 2107 4062 sancto-

520 4113 655 4153 'rum
692 4108 811 4170 qua:
836 4111 865 4149 a
899 4093 1224 4167 Seraphiuis
1254 4094 1611 4167 obteguntur,
1642 4098 2107 4170 celebranturque

518 4189 712 4246 etribus
741 4187 1055 4245 sanctitatis
1088 4185 1606 4254 acclamationibus,
1643 4188 1697 4242 in
1733 4205 1897 4243 uuam
1929 4190 2102 4245 domi-

518 4281 812 4336 ~natiunem
841 4278 1218 4350 Deitatemque
1266 4285 1491 4347 coeunt,
1523 4277 1591 4335 de
1635 4294 1743 4350 quo
1774 4281 1918 4336 alius
1951 4282 2105 4353 quis-

518 4374 677 4441 qiiam
733 4382 856 4428 ante
883 4386 987 4428 nos
1019 4371 1234 4443 egregie
1275 4369 1570 4426 admodum
1601 4380 1655 4428 et
1679 4366 1950 4430 altissime
1983 4374 2103 4445 phi-

522 4466 854 4536 -losopliatus
876 4472 987 4519 est.
1025 4481 1045 4517 ι

530 4647 640 4701 cha
670 4642 1313 4714 Constantinopolitano,
1355 4658 1477 4699 cum
1525 4644 1766 4715 populus
1821 4645 1938 4699 illic
1976 4661 2108 4715 sup-

538 4741 763 4808 plicaret
809 4743 1034 4807 propter
1090 4735 1186 4791 Dei
1233 4736 1527 4807 quamdam
1596 4737 2109 4805 comminationem,

539 4838 754 4901 raptum
788 4844 819 4883 e
848 4829 1004 4898 plebe
1052 4844 1305 4898 puerum,
1342 4829 1601 4901 hymnum
1638 4829 1962 4901 hujusmodi
2004 4846 2106 4885 an-

538 4918 678 4989 gelis
709 4915 1037 4971 docentibus
1079 4916 1384 4972 didicisse:
1425 4916 1652 4973 Sanctus
1686 4918 1845 4988 Deus,
1885 4929 2102 4974 sanctus

539 5010 718 5079 fortis,
751 5016 968 5062 sanctus
1016 5006 1359 5070 {mutat-talis,
1402 5009 1652 5064 miserere
1709 5012 1899 5076 nobis;
1941 5027 2103 5082 quem

516 5107 701 5156 'etiam
742 5116 938 5157 canere
967 5099 1159 5169 jussus
1205 5106 1310 5153 est.
1356 5098 1414 5154 ld
1453 5104 1597 5170 quod
1635 5106 1935 5160 revelatum
1986 5092 2105 5160 erat

540 5191 890 5247 confirmavit
941 5196 1170 5246 eventus
1218 5208 1233 5243 :
1287 5190 1455 5245 simul
1516 5193 1662 5246 enim
1731 5203 1896 5264 atque
1961 5200 2103 5251 ceci-

544 5292 765 5350 nerunt,
796 5283 876 5336 ira
916 5281 1175 5337 cessavit.
1207 5281 1376 5351 Atqui
1431 5281 1573 5335 hanc
1608 5298 1729 5338 esse
1776 5285 1961 5355 hymni
1995 5287 2100 5339 vim

2278 1272 2384 1328 τπδ’.
2418 1274 2532 1345 Τὴν
2580 1273 2638 1328 δὲ
2680 1275 2841 1344 ἁγίαν
2879 1274 3153 1345 Παρθένον
3199 1256 3412 1345 κυρίως
3455 1274 3547 1329 καὶ
3569 1274 3746 1348 ἀληθῶς

2205 1363 2469 1420 Θεοτόκον
2491 1366 2854 1438 κηρύττομεν.
2889 1367 2977 1429 Ὠς
2998 1365 3107 1436 γὰρ
3144 1364 3280 1429 Θεὸς
3307 1364 3515 1436 ἀληθὴς
3552 1369 3578 1420 ὁ
3599 1366 3650 1432 ἐξ
3672 1369 3745 1420 αὺ-

2204 1456 2305 1525 τῆς
2335 1458 2751 1528 γεγεννημένος,
2803 1454 2946 1511 οὕτω
2965 1456 3228 1520 Θεοτόκος
3250 1455 3477 1528 ἀληθὴς,
3509 1457 3541 1527 ἠ
3564 1455 3678 1511 Θεὸν
3698 1459 3743 1526 ἐξ

2204 1546 2375 1618 αὐτῆς
2406 1548 2821 1619 σεσαρκωμένον
2853 1548 3125 1619 κυήσασα.
3150 1547 3286 1602 Θεὸν
3309 1547 3370 1601 δέ
3398 1564 3573 1618 φαμεν
3597 1550 3648 1616 ἐξ
3667 1551 3741 1605 αὑ-

2203 1638 2303 1707 τῆς
2330 1637 2710 1708 γεγεννῆσθαι,
2740 1638 2839 1709 οὑχ
2872 1637 2949 1705 ᾡς
2972 1639 3031 1705 ἐξ
3056 1637 3230 1704 αὑτῆς
3277 1638 3546 1711 ἐσχηκότα
3568 1641 3656 1713 τὴν
3678 1642 3741 1695 iii-

2203 1730 2312 1784 διον
2340 1730 2439 1802 τῆς
2473 1730 2724 1803 θεότητος
2757 1729 3019 1799 ὕπαρξιν,
3054 1730 3171 1784 ἁλλ’
3202 1728 3283 1793 ὡς
3319 1731 3382 1798 ἐξ
3417 1733 3578 1803 αὐτῆς
3609 1736 3738 1804 ἀτρέ-

2207 1840 2356 1887 πτως
2386 1822 2754 1895 σαρκωθέντα,
2777 1823 2870 1876 καλ⁸
2898 1821 3188 1893 γενόμενον
3218 1822 3521 1897 ἄνθρωπον,
3541 1826 3625 1879 καὶ
3644 1844 3736 1896 γεν-

2208 1913 2460 1984 νηθέντα,
2512 1913 2608 1966 ἱνα
2649 1910 2905 1983 Χριστὸν,
2950 1911 3048 1967 ἕνα
3080 1911 3234 1978 Υίὸν,
3261 1913 3359 1967 ἕνα
3395 1913 3606 1986 Κύριον,
3635 1917 3735 1985 μίαν

2209 2006 2526 2069 ὑπόστασιν,
2578 2004 2669 2058 τὸν
2718 2003 2880 2058 αὑτὸν
2923 2004 3055 2058 Θεόν
3108 2021 3171 2058 τε
3201 2005 3299 2058 καὶ
3352 2004 3734 2076 ἁνθρωπον,οὑχ

2207 2095 2393 2168 ἕτερον
2421 2098 2480 2151 ὲν
2509 2098 2575 2168 τῇ
2606 2096 2794 2168 Τριὰδι
2832 2097 3245 2168 παρεισάγοντα
3298 2097 3593 2170 πρόσωπον.

2279 2276 2383 2325 πε’.
2432 2270 2712 2325 Ἐντεῦθεν
2742 2271 2834 2327 καὶ
2886 2272 2945 2327 ὲν
2995 2271 3073 2343 τῷ
3128 2273 3415 2344 Τρισαγὶῳ
3465 2274 3727 2346 προσθήκην

2208 2361 2527 2435 βλάσφημον
2548 2363 2863 2434 ὀριζόμεθα,
2886 2362 2961 2428 ὡς
2990 2364 3252 2435 τέταρτον
3280 2366 3339 2419 ὲν
3364 2364 3545 2438 Τριὰδι
3569 2380 3728 2437 παρεν-

2206 2455 2444 2508 τιθεῖσαν
2466 2455 2776 2526 πρόσωπον,
2814 2456 2909 2508 καί⁸
2934 2454 3041 2509 ὀινὰ
3066 2456 3235 2528 μέρος
3256 2455 3490 2511 τιθεῖσαν
3517 2456 3599 2510 τοῦ
3623 2455 3724 2509 Θεοῦ

2205 2544 2304 2615 τὴν
2332 2545 2693 2598 ὲνυπόστατον
2715 2545 2966 2617 δύναμιν,
2996 2547 3092 2599 καὶ
3129 2547 3237 2601 ἁνὰ
3281 2548 3442 2619 μέρος
3469 2547 3551 2602 τὸν
3578 2548 3726 2599 ὲσταυ·

2208 2636 2472 2709 ρωμένον,
2492 2637 2567 2699 ὡς
2598 2637 2757 2691 ἄλλον
2782 2637 2909 2691 ὄντα
2940 2638 3092 2708 παρὰ
3114 2637 3213 2694 τὸν
3240 2639 3506 2708 ἰσχυρὸν,
3533 2638 3564 2709 ἢ
3593 2636 3725 2707 παθη·

2204 2728 2303 2799 τὴν
2323 2728 2420 2799 τὴν
2448 2729 2610 2797 ἁγίαν
2634 2729 2839 2799 Τριὰδα
2870 2728 3224 2797 δοξάζουσαν,
3253 2730 3351 2783 καὶ
3377 2727 3726 2792 συσταυροῦσεν

2204 2820 2282 2892 τῷ
2308 2820 2425 2891 Υἱῷ
2461 2820 2552 2874 τὸν
2609 2820 2830 2892 Πατέρα
2876 2821 2972 2875 κα.)⁸
3001 2821 3061 2875 τὸ
3108 2821 3338 2893 Πνεῦμα
3367 2823 3427 2875 τὸ
3454 2823 3607 2889 ἅγιον,
3631 2819 3658 2891 ἢ
3681 2818 3725 2871 τὸ

2205 2911 2428 2983 Πνεῦμα
2465 2911 2526 2965 τὸ
2570 2912 2723 2981 ἅγιον
2757 2912 2851 2964 καὶ
2896 2911 3199 2967 ἀθάνατον
3222 2954 3238 2979 ,
3280 2911 3510 2984 παθητὸν
3550 2909 3723 2964 ἀποδει-

2204 3002 2492 3057 κνύουσαν.
2533 3001 2591 3056 ’0
2615 3001 2724 3074 γὰρ
2754 3001 3047 3075 Τρισὰγιος
3078 2994 3238 3069 οὗτος
3269 3002 3452 3075 ὕμνος,
3478 3002 3621 3055 πὰλαι
3641 2999 3724 3070 μὲν

2205 3093 2310 3148 ὑπὸ
2330 3093 2422 3147 τοῦ
2458 3092 2773 3164 Πνεὺματος
2809 3093 2904 3147 τοῦ
2937 3094 3095 3163 ἁγίου
3127 3093 3223 3148 διὰ
3255 3095 3364 3149 τῶν
3388 3090 3723 3164 λειτουργικῶν

2203 3185 2368 3241 αὑτοῦ
2408 3186 2734 3257 πνευμάτων
2766 3184 2871 3239 τῶν
2917 3187 3168 3258 Σεραφὶμ
3206 3186 3285 3257 τῷ
3328 3186 3518 3257 θεόπτῃ
3567 3182 3724 3250 Ἡσαΐᾳ

2205 3294 2271 3348 με
2280 3274 2697 3353 μυσταγώγητο,
2718 3275 2816 3338 τὰς
2842 3276 2991 3346 τρεῖς
3029 3274 3362 3339 ὑποστάσεις
3390 3274 3483 3344 τῆς
3503 3271 3721 3339 Θεότητος

2206 3366 2489 3438 μυστικῶς
2516 3366 2869 3436 ἐμφαίνοντος
2908 3378 2933 3406 ι
2959 3408 2974 3434 ,
3019 3365 3117 3419 καὶ
3150 3365 3256 3438 τὴν
3292 3366 3417 3437 μίαν
3457 3362 3720 3434 κυριότητα,

2205 3458 2299 3513 καὶ
2343 3456 2520 3526 φύσιν.
2554 3455 2727 3519 Αὐτὸς
2762 3455 2860 3527 μὲν
2912 3456 3020 3527 γὰρ
3048 3457 3077 3510 ὀ
3116 3456 3345 3521 Ἡσαΐας
3379 3455 3465 3508 τὸν
3503 3452 3616 3507 Θεὸν
3650 3448 3723 3502 καὶ

2203 3549 2426 3622 Πατέρα
2452 3547 2556 3616 ἔφη
2584 3545 2889 3617 ἑωρακέναι
2908 3562 2921 3576 ·
2946 3547 2974 3599 ὁ
3006 3545 3268 3616 Θεολόγος
3318 3546 3374 3600 δὲ
3412 3544 3631 3612 Ἰωάννης
3650 3538 3722 3591 τδν

2204 3640 2333 3695 Υίὸν
2389 3638 2536 3710 αὑτῷ
2586 3637 2690 3709 ἔφη
2741 3637 3232 3707 ἁποκεκαλὺφθαιο
3289 3638 3490 3700 Παῦλος
3536 3634 3585 3688 δὲ
3612 3632 3721 3693 θεῖος

2204 3731 2517 3797 ἀπόστολος,
2551 3728 2613 3782 τὸ
2669 3727 2890 3798 Πνεῦμα
2918 3729 2979 3781 τὸ
3008 3729 3185 3797 ἁγιον.
3238 3728 3504 3783 Ἐντεῦθεν
3550 3725 3670 3786 ἄπας
3697 3722 3720 3774 ό

2204 3823 2309 3876 τῶν
2338 3823 2509 3892 ἁγίων
2555 3819 2817 3892 Πατέρων
2854 3821 3042 3893 ἐσμὸς,
3100 3825 3181 3886 εἰς
3212 3824 3312 3893 τὴν
3361 3821 3511 3891 ἁγίαν
3555 3814 3721 3887 Τριάδα

2204 3911 2389 3967 τοῦτον
2416 3913 2506 3966 τὸν
2535 3912 2829 3983 Τρισὰγιον
2882 3912 3230 3983 ὲξειλήφασιν
3269 3914 3449 3986 ὕμνον.
3477 3910 3598 3982 Φησὶ
3618 3905 3720 3976 γοῦν

2206 4005 2235 4057 ὁ
2264 4003 2521 4073 Θεολόγος
2554 4003 2852 4073 Γρηγόριος
2872 4020 2887 4036 ο
2926 4004 3109 4058 «Οὕτω
3141 4005 3241 4075 μὲν
3269 4000 3359 4059 οῦν
3381 4004 3445 4058 τὰ
3476 4003 3618 4069 Ἀγια
3636 3995 3718 4049 τῶν

2206 4096 2395 4165 ἁγίων,
2422 4096 2459 4150 ἁ
2485 4096 2712 4159 καὶτοῖς
2742 4095 2992 4167 Σεραφὶμ
3015 4097 3470 4165 συγκαλύπτεται,
3492 4092 3576 4148 καὶ
3601 4087 3719 4153 6066-

2206 4186 2358 4252 ζεται
2387 4186 2563 4257 τρισὶν
2609 4188 2899 4259 ἁγιασμοῖς
2940 4189 3015 4251 εἰ,
3048 4188 3178 4258 μίαν
3216 4188 3450 4242 συνιοῦσι
3479 4179 3721 4255 κυριότητά

2206 4296 2266 4333 τε
2310 4279 2402 4333 καὶ
2442 4280 2682 4352 Θεότητα
2699 4296 2713 4310 ·
2743 4279 2772 4334 ὃ
2804 4282 2898 4334 καὶ
2924 4279 3068 4351 ἄλλῳ
3103 4282 3211 4334 τινὶ
3239 4280 3346 4335 τῶν
3371 4279 3472 4351 πρὸ
3493 4274 3626 4349 ἡμῶν
3646 4287 3720 4323 πεί

2209 4373 2563 4445 φιλοσόφηται
2596 4373 2857 4428 κάλλιστά
2884 4391 2943 4427 τε
2973 4375 3068 4428 καὶ
3089 4352 3423 4445 ὑψηλότατα,
3447 4371 3507 4423 ἐκ
3538 4380 3658 4425 τινος
3677 4358 3719 4411 δὲ

1306 4536 1315 4543 1
2138 4474 2181 4530 D
2210 4464 2359 4529 Θείας
2384 4466 2798 4536 ἀποκαλύψεως.

597 4554 690 4611 ‘86.
748 4553 944 4608 Fertur
994 4551 1051 4607 in
1082 4552 1241 4608 libris
1288 4551 1589 4618 historicis,
1624 4550 1822 4609 Proclo
1871 4555 2107 4626 patriar-
2152 4544 2193 4636 -'

2280 4559 2397 4625 πς-’.
2436 4563 2499 4615 Ai
2536 4561 2808 4631 ἱστορικαὶ
2835 4561 3217 4631 διαγορεὺουσι
3256 4558 3447 4631 βίὸλοι,
3482 4553 3569 4609 ἐπὶ
3609 4542 3715 4614 Πρό-

2209 4652 2337 4708 κλου
2363 4652 2630 4725 προέδρου
2684 4652 3349 4715 Κωνσταντινουπόλεως,
3404 4640 3718 4701 λιτανεύοντας

2210 4744 2305 4799 τοῦ
2339 4745 2528 4798 αὑτὸθι
2559 4744 2690 4798 λαοῦ
2723 4744 2811 4798 διὰ
2834 4762 2956 4800 τινα
2993 4744 3256 4815 θεήλατον
3302 4738 3542 4809 ἀπειλὴν,
3579 4733 3717 4799 ἀφαρ’

2213 4834 2458 4906 παγῆναι
2479 4837 2571 4891 τοῦ
2600 4836 2731 4890 λαοῦ
2759 4837 2990 4902 παιδίον,
3040 4836 3136 4890 καὶ
3175 4836 3266 4888 τὸν
3302 4832 3465 4904 ὕμνον
3497 4826 3622 4880 οὕτω
3658 4819 3719 4870 δι’

2213 4926 2475 4998 δαχθῆναι
2521 4928 2612 4980 ὑπ’
2647 4927 2944 4998 ἀγγελικῆς
2963 4944 3106 4991 τινος
3125 4921 3506 4998 μυσταγωγῖας
3525 4933 3536 4946 ·
3559 4916 3721 4981 Ἀγιος

2213 5020 2244 5071 ό
2272 5016 2436 5083 Θεὸς,
2460 5016 2624 5085 ἅγιος
2654 5017 2903 5086 ὶσχιῳὸς
2922 5055 2936 5080 ,
2978 5015 3143 5085 ἅγιος
3176 5013 3482 5074 ἀθάνατος,
3508 5003 3725 5066 ἐλέησον

2214 5107 2391 5176 ἡμᾶς,
2421 5108 2515 5161 καὶ
2545 5108 2902 5177 κελευσθῆναι
2932 5107 3098 5179 ᾄδειν.
3132 5103 3407 5174 Ἐκύρωσε
3437 5094 3594 5187 δέτὴν
3611 5088 3719 5187 dno:

2209 5198 2441 5266 κὰλυψιν
2475 5201 2507 5267 ἡ
2544 5198 2805 5270 σύντομος
2858 5198 3117 5262 έκϐασις¹
3165 5197 3283 5266 ἁμα
3311 5193 3416 5263 γὰρ
3469 5183 3613 5262 ᾖσαν.
3648 5183 3721 5229 καὶ

2209 5289 2477 5343 ἐκόπασεν
2511 5291 2543 5360 ἠ
2573 5290 2731 5359 ὀργή.
2755 5290 2938 5360 Φαμὲν
2969 5289 3024 5342 δὲ
3053 5286 3256 5357 ταύτην
3287 5282 3422 5339 εἶναι
3465 5275 3552 5332 τοῦ
3578 5271 3713 5341 ὕμνου

613 5457 658 5488 ’⁵³
694 5458 867 5522 lsa.v,
903 5460 924 5510 l
959 5472 1112 5529 seqq.
1184 5452 1406 5513 “Joan.
1448 5456 1652 5525 1:11,“.
1728 5461 1772 5493 ⁸⁸
1801 5461 1924 5516 Act.
1968 5476 2164 5527 xxvm,
2195 5460 2285 5514 25.

1832 5621 2065 5677 ΥΑῐιίιΕ
2107 5619 2506 5678 LECTIONES.

635 5692 651 5711 ⁸
674 5698 800 5768 Leg.
834 5702 1135 5769 ἐμφαίνων.
