3980 6140
373 346 511 410 1485

1624 341 1923 406 CONTRA
1951 333 2357 406 IACOBITAS
2379 374 2395 390 .

3476 324 3614 393 1486

367 455 468 523 ⁴τὴν
500 449 753 520 δύναμιν⁸
786 447 977 519 Ἄγιος
1013 449 1049 503 ό
1079 446 1243 514 Θεὸς,
1264 449 1292 501 ὁ
1331 446 1522 518 Πατὴρ
1555 445 1616 511 ὲξ
1651 440 1714 501 οῦ
1743 447 1876 510 Θεὸς
1907 448 1936 499 ὁ

2059 457 2370 514 ιοηευιηιιυθ
2399 438 2658 496 dicimus.
2690 437 2918 494 Sanctus
2956 436 3097 492 Deus
3119 478 3135 499 ,
3165 434 3330 490 Pater
3365 433 3616 498 scilicet,

368 541 521 605 Υἱὸς,
548 539 644 592 καὶ
673 539 804 601 Θεὸς
832 539 893 591 τὸ
923 535 1150 609 Πνεῦμα
1176 538 1237 591 τὸ
1254 537 1409 604 ἅγιον
1432 554 1446 566 ο
1483 535 1649 605 ἅγιος
1667 536 1937 604 ἰσχυρὸς,

369 636 398 686 ὁ
433 632 576 694 Υἱὸς,
636 632 671 701 ἡ
721 630 816 683 τοῦ
857 629 1069 700 Πατρὸς
1128 629 1291 698 σοφία
1341 630 1438 682 καὶ
1477 627 1739 698 δύναμις·
1773 626 1945 695 ἅγιος

368 720 666 787 ἀθάνατος
685 761 702 785 ,
729 722 789 774 τὺ
817 720 1040 791 Πνεῦμα
1065 720 1125 773 τὺ
1154 719 1311 788 ἅγιον
1329 734 1343 749 ⁸
1374 721 1435 772 τὸ
1463 719 1685 790 Πνεῦμα
1701 719 1809 789 γάρ
1826 721 1943 770 ἐστι

370 815 432 868 τὺ
485 812 804 877 ζωοποιοῦν,
869 814 965 866 καὶ
991 814 1020 865 ὁ
1053 830 1072 864 ι
1108 813 1272 882 νόμος
1316 810 1412 865 τοῦ
1470 811 1789 881 Πνεύματος
1843 808 1944 878 τῆς

371 908 543 980 ζωῆς.
576 927 595 961 ι
632 909 792 962 Καὶὸ
828 907 1129 980 Θεοπάτωρ
1165 908 1353 961 Δαὸίῶ
1378 926 1398 961 ι
1431 909 1771 981 Ἐδίψησενή
1795 907 1942 978 ψυχή

374 1017 476 1071 μου
503 999 639 1071 πρὸς
668 999 760 1054 τὸν
784 999 938 1061 Θεὸν,
969 998 1061 1053 τὸν
1094 1000 1332 1070 ἰσχυρὸν,
1366 1000 1458 1054 τὸν
1478 1000 1678 1066 ζῶντα.
1703 1021 1721 1052 ι
1759 1000 1945 1054 Ταῦτα

368 1090 428 1142 δὲ
459 1090 709 1162 λέγομεν,
737 1089 799 1143 οὐ
850 1090 1013 1159 μόνον
1061 1088 1141 1158 τῷ
1193 1089 1369 1161 Πατρὶ
1411 1089 1819 1162 περιορίζοντες
1843 1088 1945 1159 τὴν

266 1173 276 1183 ’
369 1181 618 1252 θεότητα,
653 1179 775 1234 οὐδὲ
805 1180 952 1252 μόνῳ
975 1179 1053 1252 τῷ
1083 1179 1198 1252 Υἱῷ
1220 1182 1319 1251 τὴν
1345 1180 1596 1250 δύναμιν,
1623 1181 1658 1253 ἢ
1691 1180 1789 1252 τὴν
1814 1178 1947 1234 ἀθα-

367 1271 561 1325 νασίαν
597 1269 743 1341 μόνῳ
801 1268 880 1341 τῷ
925 1268 1226 1342 Πνεῦματι,
1287 1269 1415 1323 ἀλλ’
1449 1271 1534 1340 ἐφ’
1568 1273 1807 1344 ἑκάστης
1836 1272 1946 1327 τῶν

369 1364 725 1417 ὖποστάσεων
750 1360 929 1426 πάσας
952 1362 1051 1426 τὰς
1072 1361 1375 1432 θεωνυμίας
1404 1363 1592 1428 ἁπλῶς
1620 1365 1717 1418 καῖ⁵
1730 1366 1946 1430 ἐνιαίως
1983 1418 1988 1429 ,

368 1451 762 1522 λαμϐάνοντες,
815 1451 909 1505 τὸν
949 1450 1093 1505 θεῖον
1156 1451 1481 1505 Ἀπόστολον
1548 1452 1944 1524 ἐκμιμούμενοι

368 1544 652 1614 φάσκοντα
673 1558 688 1572 ·
728 1560 747 1593 ι
797 1540 961 1610 Ἡμῖν
995 1541 1053 1594 δὲ
1101 1534 1183 1604 εἷς
1240 1540 1372 1605 Θεὸς
1401 1543 1429 1594 ὁ
1451 1541 1664 1613 Πατὴρ,
1700 1542 1759 1607 ἐξ
1781 1535 1843 1596 οὗ
1877 1542 1946 1597 τὰ

369 1635 577 1699 πάντα,
604 1633 700 1687 καὶ
725 1633 887 1703 ἡμεῖς
943 1628 1005 1695 ἐξ
1056 1629 1220 1684 αὐτοῦ
1246 1630 1276 1671 ι)
1301 1645 1315 1659 ·
1349 1630 1445 1685 καὶ
1476 1625 1559 1693 εἷς
1587 1630 1793 1704 Κύριος
1834 1634 1944 1704 Ἰη-

368 1722 501 1786 σοῦς
516 1720 767 1792 Χριστὸς,
797 1719 865 1773 δι’
892 1715 955 1772 οὒ
983 1718 1052 1773 τὰ
1080 1718 1279 1784 πάντα,
1319 1720 1414 1774 καὶ
1442 1720 1606 1790 ἡμεῖς
1634 1720 1703 1773 δι’
1739 1721 1938 1775 αὐτοῦ’

2043 551 2110 590 ex
2134 549 2242 605 quo
2259 534 2402 590 Deus
2421 531 2616 596 Filius,
2641 531 2895 601 Deusque
2922 528 3167 599 Spiritus
3192 534 3445 583 sanctus.
3471 525 3612 582 San-

2043 636 2158 681 ctus
2191 626 2372 696 fortis,
2401 623 2593 689 Filius,
2623 623 2900 693 sapientia
2926 620 3111 676 Patris
3139 625 3195 674 et
3224 618 3400 675 virtus
3429 636 3443 673 :
3476 617 3619 673 San-

2042 727 2159 772 ctus
2189 716 2534 783 immortalis,
2567 714 2807 785 Spiritus
2862 719 3124 776 sanctus;
3170 717 3360 779 utpote
3393 709 3486 779 qui
3533 709 3618 763 vi-

2043 808 2238 865 vitieus
2263 808 2372 874 sit;
2396 814 2614 878 estque,
2645 826 2665 859 ι
2682 806 2767 862 lex
2799 803 3040 875 Spiritus
3068 804 3195 858 vitm
3220 802 3288 855 “.
3314 820 3334 854 ι
3362 801 3618 868 Quinimo

2048 900 2350 970 Deiparens
2380 899 2552 954 David
2589 916 2605 954 :
2640 918 2661 951 ι
2702 898 2888 953 Sitivit
2921 897 3105 951 anima
3145 910 3289 959 mea,
3317 895 3519 964 inquit,
3551 896 3619 949 ad

2044 991 2217 1048 Deum
2251 990 2673 1056 fortem,vivum
2687 989 2754 1043 ⁸⁷.
2776 1004 2794 1036 ι
2820 988 2977 1055 Quod
3024 987 3248 1058 quidem
3289 1001 3319 1040 a
3351 986 3509 1041 nobis
3537 986 3623 1040 di-

2045 1092 2198 1139 ctum
2220 1099 2332 1139 non
2363 1084 2456 1148 sit,
2487 1091 2548 1139 ut
2572 1083 2628 1138 in
2656 1083 2776 1139 solo
2796 1080 2963 1138 Patre
2987 1082 3253 1138 divinitas
3274 1081 3624 1137 circumscri-

2035 1176 2301 1243 batur,in
2323 1176 2445 1233 solo
2468 1174 2630 1241 Filio,
2651 1174 2854 1238 virtus,
2883 1182 2938 1231 et
2966 1175 3022 1230 in
3042 1176 3160 1231 solo
3190 1172 3397 1244 Spiritu
3426 1181 3624 1229 sancto

2045 1270 2435 1325 immortalitas
2457 1287 2473 1337 ;
2495 1268 2629 1340 quin
2663 1268 2853 1340 potius
2879 1269 2934 1324 in
2962 1282 3296 1338 unaquaque
3337 1267 3625 1339 hypostasi

2044 1368 2245 1415 cuncta
2279 1361 2501 1416 nomina
2518 1360 2704 1415 divina
2729 1358 3058 1428 simpliciter
3079 1369 3135 1412 et
3160 1357 3516 1427 singulariter
3531 1370 3626 1410 ac-

2043 1455 2304 1524 cipimus,
2349 1453 2672 1523 Apostolum
2694 1451 2912 1519 imitati,
2948 1450 3042 1505 ubi
3080 1450 3187 1504 ait:
3222 1448 3626 1504 «Nobisautem

2046 1560 2192 1603 unus
2215 1544 2360 1602 Deus
2388 1544 2568 1610 Pater,
2597 1558 2664 1598 ex
2696 1557 2807 1613 quo
2838 1541 3026 1597 omnia
3045 1548 3098 1595 ct
3117 1555 3217 1595 nos
3233 1541 3441 1610 exipso
3462 1537 3538 1605 “‘;
3571 1548 3626 1592 et

2043 1652 2190 1694 unus
2205 1634 2475 1689 Dominus
2507 1632 2673 1689 Jesus
2697 1631 2979 1697 Christus,
3011 1646 3110 1700 per
3133 1645 3295 1700 quem
3332 1629 3539 1693 omnia,
3569 1636 3627 1684 et

2046 1742 2151 1783 nos
2192 1739 2291 1797 per
2320 1725 2501 1796 ipsum
2533 1723 2579 1757 "
2605 1739 2621 1791 ;
2654 1732 2707 1779 et
2734 1737 2878 1778 unus
2906 1722 3144 1792 Spiritus
3174 1723 3495 1781 sanctus,in
3518 1736 3629 1791 quo

366 1814 470 1869 καὶ⁵
495 1814 553 1868 ἓν
573 1791 798 1884 Πνεῦμα
848 1811 1024 1880 ἅγιον,
1060 1812 1118 1864 ὲν
1146 1806 1189 1880 ᾧ
1218 1811 1288 1865 τὰ
1329 1815 1530 1876 πάντα,
1566 1814 1661 1867 καὶ
1690 1815 1854 1884 ἡμεῖς
1885 1814 1944 1867 έν

2059 1816 2236 1871 omnia
2280 1822 2335 1870 et
2362 1829 2466 1869 nos
2510 1812 2567 1868 in
2599 1813 2742 1884 ipso.
2794 1832 2814 1866 ι
2858 1811 2972 1868 Imo
3024 1810 3350 1885 Gregorium
3409 1827 3629 1884 quoque

365 1908 521 1976 αὐτῷ
551 1916 604 1961 ο.
630 1924 650 1958 ι
679 1906 757 1959 Οὐ
789 1902 896 1976 μὴν
921 1903 1058 1958 ἀλλὰ
1083 1904 1179 1958 καὶ
1215 1903 1307 1958 τὸν
1336 1903 1598 1973 Θεολόγον
1644 1903 1945 1977 Γρηγόριον

366 1994 477 2070 ᾧδέ
505 2017 581 2071 πη
606 1997 881 2068 λέγονταοι
904 1997 1064 2066 Ἡμῖν
1088 1996 1144 2049 δὲ
1160 1992 1242 2060 εἷς
1269 1995 1400 2060 Θεδς
1429 1995 1683 2068 ὁΠατήρ,
1703 1995 1762 2062 ἐξ
1791 1990 1853 2050 οὗ
1876 1996 1946 2051 τὰ

369 2094 577 2158 πάντα,
638 2093 734 2147 καὶ
762 2089 842 2154 εἷς
878 2091 1082 2161 Κύριος
1144 2087 1352 2161 Ἰησοῦς
1402 2088 1657 2161 Χριστὸς,
1688 2087 1758 2142 δι’
1779 2081 1842 2143 οὖ
1878 2087 1949 2141 τὰ

369 2186 573 2248 πάντα,
598 2184 694 2237 καὶ
724 2181 782 2235 ἓν
842 2180 1067 2254 Πνεῦμα
1107 2180 1284 2250 διγιον,
1311 2183 1369 2235 ὲν
1405 2174 1450 2250 ᾧ
1501 2180 1570 2235 τὰ
1602 2179 1780 2234 πάντα
1803 2197 1819 2212 ο
1851 2180 1946 2235 τοῦ

368 2274 432 2342 ἐξ
455 2267 538 2339 οὗ,
558 2275 654 2326 καὶ
678 2271 745 2325 δι’
773 2265 858 2338 οὗ,
889 2271 986 2324 καὶ
1025 2272 1082 2323 ὲν
1135 2263 1202 2338 ᾧ,
1246 2269 1321 2342 μὴ
1371 2269 1562 2341 φύσεις
1616 2269 1947 2338 τεμνόντων,

368 2365 512 2420 ἀλλὰ
539 2363 1054 2435 χαρακτηριζόντων
1087 2363 1219 2433 μιᾶς
1263 2364 1358 2415 κα)⁸
1393 2361 1704 2433 άσυγχύτου
1733 2360 1948 2432 φύσεως

373 2458 674 2527 ἰδιότητας.
708 2474 727 2508 ι

445 2549 554 2614 πζ’.
580 2548 759 2612 Γέλως
781 2541 875 2602 οὖν
900 2547 1072 2611 ὅντως
1118 2547 1214 2601 καὶ
1255 2547 1528 2614 παίγνιον,
1562 2546 1661 2619 τὴν
1687 2546 1756 2600 δι’
1782 2546 1951 2617 ἀγγέ-

369 2643 483 2694 λων
539 2640 842 2711 μυηθεῖσαν
893 2637 1159 2709 πρότερόν
1201 2654 1262 2690 τε
1321 2639 1418 2692 καὶ
1450 2636 1696 2708 ὕστερον,
1742 2639 1836 2703 καὶ
1881 2639 1948 2709 τῇ

371 2731 474 2801 τῆς
501 2730 794 2801 ἐπαγωγῆς
826 2728 978 2800 λήξει
1000 2728 1389 2793 πιστωθεῖσαν,
1416 2729 1510 2782 καὶ
1536 2731 1603 2800 τῇ
1639 2727 1748 2781 τῶν
1779 2728 1950 2798 ἁγίων

374 2817 639 2889 ΙΙατέρων
675 2816 952 2888 μαρτυρίᾳ
974 2815 1365 2886 βεϐαιωθεῖσαν
1388 2817 1672 2888 τρισάγιον
1696 2816 1859 2888 ᾠδὴν,
1877 2821 1953 2881 ὡς

372 2912 479 2982 τῆς
510 2911 636 2983 μιᾶς
682 2908 1116 2981 τρισυποστάτου
1160 2908 1425 2978 Θεότητος
1482 2909 1845 2981 ὲμφαντικὴν,
1883 2912 1951 2980 τῇ

371 3003 472 3057 τοῦ
492 3001 758 3071 Κναφέως
811 2993 923 3053 οἷον
985 2999 1439 3070 καταπατηθῆναι
1498 3001 1680 3072 άλόγῳ
1731 3003 1905 3072 οἱήσει
1937 3016 1950 3030 ·

2047 1906 2386 1977 Theologum
2439 1905 2514 1960 ita
2572 1905 2888 1976 loquentem
2918 1922 2990 1981 ει
3052 1902 3227 1959 Nobis
3265 1910 3445 1959 autem
3482 1920 3628 1960 unus

2048 1999 2194 2056 Deus
2239 1997 2403 2054 Pater
2429 2012 2497 2054 ex
2523 2013 2636 2068 quo
2670 1998 2879 2063 omnia,
2912 2005 2966 2053 et
2996 2012 3138 2051 unus
3169 1996 3437 2052 Dominus
3464 1995 3628 2052 Jesus

2048 2090 2306 2148 Christus
2342 2104 2440 2160 per
2481 2104 2645 2159 quem
2676 2089 2902 2154 omnia;
2933 2097 2987 2144 et
3024 2103 3168 2143 unus
3219 2086 3461 2158 Spiritus
3500 2102 3629 2143 san-

2048 2193 2171 2240 ctus
2198 2224 2214 2251 ,
2246 2183 2302 2237 in
2338 2197 2449 2253 quo
2475 2182 2681 2236 omnia.
2713 2198 2732 2232 i
2775 2178 2912 2235 lllud
2940 2195 3008 2235 ex
3032 2196 3157 2251 quo,
3197 2188 3251 2236 et
3277 2195 3371 2249 per
3397 2195 3548 2250 quem
3572 2190 3629 2234 et

2048 2279 2104 2330 in
2158 2291 2296 2345 quo,
2333 2281 2561 2328 naturas
2614 2287 2728 2327 non
2775 2270 3185 2337 scindentibus,
3228 2272 3325 2325 scd
3383 2269 3631 2341 proprie-

2049 2375 2195 2423 tates
2249 2364 2690 2438 exprimentibus
2749 2365 2918 2420 unius
2975 2371 3031 2419 et
3080 2378 3193 2419 non
3231 2361 3481 2419 confusae
3528 2376 3627 2416 na;

2050 2471 2207 2515 tum.
2251 2479 2269 2512 ι

2119 2552 2209 2608 87.
2244 2550 2561 2607 Ridiculum
2593 2565 2725 2620 ergo
2765 2555 2937 2605 estet
2982 2546 3259 2603 ludicrum
3287 2583 3304 2610 ,
3351 2545 3628 2601 canticum

2052 2642 2389 2714 Trisagium,
2428 2642 2576 2713 quod
2620 2639 2801 2711 angeli
2850 2639 2986 2694 olim
3025 2637 3494 2709 postmodumque
3526 2638 3630 2693 do-

2051 2742 2308 2800 eneruat,
2335 2736 2484 2804 quod
2525 2732 2770 2790 cessatio
2804 2730 3024 2788 inﬂictae
3076 2732 3249 2802 plagae
3293 2731 3631 2802 comproba-

2052 2829 2152 2893 vit,
2182 2827 2329 2898 quod
2363 2828 2544 2884 sancti
2594 2825 2789 2882 Patres
2830 2825 3150 2881 testimonio
3186 2839 3290 2880 suo
3339 2824 3634 2881 conﬁrma-
3694 2824 3705 2833 “

2054 2927 2225 2982 runt,
2285 2917 2639 2972 Divinitatem
2698 2916 2867 2970 trium
2915 2930 3280 2986 personarum
3327 2916 3631 2981 declarare,

2055 3010 2249 3066 insana
2306 3007 2625 3081 arrogantia
2674 3006 2823 3062 Petri
2876 3006 3127 3064 Fullonis
3182 3006 3345 3063 modo
3395 3006 3634 3078 quodam

372 3094 453 3157 ὡς
478 3094 586 3164 γὰρ
628 3093 842 3163 ἱμάτιον
866 3090 959 3144 τὸν
1020 3090 1166 3161 ἱερὸν
1211 3090 1401 3144 τοῦτον
1447 3090 1615 3161 ὕμνον
1672 3092 1951 3165 καθαίρειν

2059 3100 2396 3156 conculcari.
2434 3098 2666 3154 Sacrum
2698 3098 2974 3169 siquidem
3011 3098 3277 3169 hymnum
3310 3098 3478 3153 istum
3513 3096 3635 3167 pal-

371 3186 644 3255 οῖόμενος,
692 3183 788 3238 καὶ
843 3181 1005 3236 πλέον
1071 3180 1413 3252 λαμπρύνειν
1441 3222 1456 3248 ,
1498 3182 1532 3254 ἢ
1595 3182 1777 3247 καλῶς
1818 3184 1953 3254 ἔχει,

372 3274 699 3347 προσθήκην
755 3272 833 3343 τῷ
885 3273 1188 3343 Τρισαγίῳ,
1239 3271 1314 3336 ὡς
1365 3271 1528 3342 δῆθεν
1568 3273 1678 3327 τῶν
1706 3276 1957 3345 Σεραφὶμ

373 3366 699 3437 ὑπέρτερος,
755 3364 1103 3434 παρενέθετο,
1157 3361 1346 3432 ὥσπερ
1394 3363 1825 3434 ἀντινομοθετῶν
1877 3366 1957 3438 τῷ

371 3457 522 3527 ἁγίῳ
548 3456 847 3525 Πνεύματι.
890 3453 1034 3506 Ἀλλ’
1069 3452 1115 3506 ὢ
1146 3454 1248 3524 τῆς
1276 3453 1558 3520 αὐθαδίας,
1588 3455 1676 3508 ἵνα
1705 3456 1781 3526 μὴ
1812 3455 1957 3524 λέγω

371 3550 480 3619 τῆς
503 3548 687 3610 ἀνοίας
712 3548 726 3600 ι
759 3545 951 3617 Ἡμεῖς
978 3545 1036 3598 δὲ
1059 3543 1204 3599 οὕτω
1234 3545 1438 3616 φαμὲν,
1472 3546 1576 3599 κᾶν
1617 3547 1669 3599 οἱ
1702 3546 1958 3617 δαίμονες

370 3640 845 3713 διειιῤῥιινιγνυνται⁶
904 3631 1111 3706 ’Ἄγιος
1158 3640 1192 3691 ό
1261 3638 1426 3704 Θεὸς,
1467 3637 1636 3709 ἅγιος
1681 3639 1952 3709 ἰσχυρὸς,

370 3732 547 3801 ἅγιος
568 3729 883 3794 ἀθάνατος,
913 3728 1176 3796 ἐλέησον

450 3829 565 3894 πη’.
596 3823 741 3894 Πρὸς
795 3822 853 3875 δὲ
893 3820 1000 3873 τῶν
1039 3820 1347 3892 εἰρημένων
1388 3820 1677 3886 πίστωσιν,
1700 3822 1794 3875 καὶ
1818 3822 1956 3894 χρή-

372 3933 439 3969 σε
450 3932 498 3980 ις
525 3912 633 3967 τῶν
668 3913 840 3983 ἁγίων
875 3913 1162 3984 Πατέρων,
1190 3906 1265 3966 ὧν
1296 3912 1358 3965 τὸ
1388 3912 1563 3984 στόμα
1590 3912 1726 3967 Θεοῦ
1749 3931 1955 3986 κεχρη-

370 4008 581 4079 μάτικε
610 4005 808 4074 στόμα,
838 4003 1189 4075 ὑπετάξαμεν
1243 3997 1319 4057 ὧν
1336 4003 1751 4075 δυσωπηθέντες
1779 4006 1841 4059 τὸ
1866 4007 1956 4059 αῖ·

369 4100 624 4167 δέσιμον,
658 4097 776 4165 μεθ’
801 4094 960 4165 ἡμῶν
980 4094 1075 4148 καὶ⁸
1108 4096 1205 4166 τῆς
1239 4093 1501 4165 ἀληθείας
1527 4094 1626 4148 ἕνα
1673 4096 1828 4161 Θεὸν,
1859 4099 1956 4151 καὶ

371 4189 517 4264 μίαν
545 4188 706 4256 φύσιν
741 4188 798 4239 ὲν
827 4186 1007 4254 τρισὶν
1066 4187 1420 4252 ὑποστάσεσι,
1480 4186 1574 4240 καὶ
1615 4187 1709 4241 τὸν
1741 4188 1838 4242 ἕνα
1857 4189 1957 4260 τῆς

370 4281 545 4351 ἁγίας
569 4279 816 4351 Τριάδος,
841 4278 932 4331 τὸν
967 4279 1230 4348 μονογενῆ
1254 4279 1382 4332 Υἱὸν
1393 4278 1486 4332 τοῦ
1514 4278 1674 4343 Θεοῦ,
1704 4280 1798 4333 καὶ
1817 4281 1957 4351 μετὰ

368 4372 664 4440 σάρκωσιν
712 4369 809 4421 ἕνα
862 4368 1118 4439 Χριστὸν,
1146 4367 1245 4421 ἕνα
1293 4367 1441 4432 Υἱὸν,
1468 4367 1565 4421 ἕνα
1610 4369 1836 4441 Κύριον,
1860 4371 1954 4426 καὶ

2058 3193 2116 3245 1ἰί
2155 3192 2335 3248 instar
2386 3205 2684 3262 repurgare
2739 3204 2799 3247 se
2838 3199 3063 3261 putans,
3097 3188 3638 3260 splendidiommque

2060 3282 2312 3349 reddere,
2358 3298 2422 3338 ac
2483 3284 2528 3339 si
2565 3282 2888 3352 Serapliinis
2938 3280 3078 3337 foret
3131 3280 3502 3351 praestantior,
3538 3279 3637 3332 ad-

2051 3375 2301 3446 jcctione
2365 3374 2680 3446 Tnsagium
2734 3372 2989 3436 infersit,
3043 3372 3312 3428 adversus
3369 3371 3635 3442 Spiritum

2058 3476 2309 3522 sanctum
2346 3465 2514 3520 veluti
2571 3465 2722 3535 leges
2773 3463 3051 3519 sanciens.
3103 3464 3145 3515 0
3176 3476 3492 3533 supremam
3545 3477 3637 3516 ar-

2056 3551 2383 3623 rogantiam,
2409 3566 2479 3607 ne
2501 3551 2705 3615 dicam,
2738 3550 3045 3606 insaniam!
3065 3548 3178 3605 Nos
3198 3564 3349 3616 vero,
3374 3564 3637 3620 rumpan-

2057 3647 2148 3695 tur
2168 3640 2295 3695 licet
2315 3639 2660 3696 daemonibus
2691 3639 2804 3705 ilia,
2830 3639 2913 3696 sic
2934 3639 3169 3695 dicimus
3192 3657 3207 3694 :
3227 3636 3456 3694 Sanctus
3475 3637 3637 3704 Deus,

2056 3740 2271 3787 sanctus
2292 3731 2468 3800 fortis,
2496 3740 2712 3787 sanctus
2745 3731 3090 3799 immortalis,
3125 3733 3372 3788 miserere
3400 3734 3593 3788 nostri.

2127 3823 2217 3879 88.
2263 3820 2535 3880 Ceterum
2580 3824 2651 3880 ad
2680 3824 3058 3881 conﬁrmanda
3096 3841 3219 3897 quae
3290 3827 3435 3883 dicta
3483 3837 3636 3893 sunt,

2056 3915 2419 3970 auctoritates
2469 3915 2800 3982 subjicimus
2849 3923 3167 3971 sanctorum
3216 3915 3465 3983 Patrum,
3497 3933 3637 3988 quo-

2053 4019 2176 4060 rum
2210 4021 2305 4071 os,
2336 4018 2401 4062 os
2430 4004 2528 4062 Dei
2563 4006 2734 4063 fuerit
2764 4024 2779 4062 :
2816 4013 2877 4062 ut
2911 4022 3102 4062 eorum
3152 4009 3461 4063 reverentia
3511 4024 3636 4077 per-

2054 4096 2219 4163 culsi,
2254 4097 2532 4154 nobiscum
2553 4105 2608 4155 et
2637 4114 2764 4154 cum
2786 4100 3022 4161 veritate
3049 4115 3223 4154 unum
3251 4098 3419 4170 420
3438 4097 3635 4162 Deum,

2055 4205 2335 4261 unamque
2366 4199 2621 4246 naturam
2655 4192 2710 4246 in
2748 4192 2932 4247 tribus
2974 4192 3250 4260 personis,
3297 4206 3468 4244 unum
3503 4191 3633 4265 item

2054 4283 2124 4337 de
2147 4290 2343 4337 sancta
2365 4280 2638 4337 Trinitate
2671 4281 3036 4352 unigenitum,
3068 4280 3160 4335 Dei
3199 4280 3418 4344 Filium,
3440 4297 3632 4345 unum,

2058 4375 2323 4443 inquam,
2390 4381 2515 4442 post
2565 4373 3002 4427 incarnationem
3056 4371 3380 4436 Christum,
3432 4370 3629 4427 Filium

373 4462 518 4535 μίαν
552 4459 847 4513 ὑπόστασιν
866 4460 923 4513 ὲν
948 4458 1069 4512 δυσὶ
1085 4459 1310 4526 φύσεσιν
1329 4458 1648 4531 ἀσυγχύτως
1675 4461 1768 4516 καὶ
1782 4460 1951 4516 ἀδιαι-

2066 4474 2272 4525 unum,
2330 4457 2623 4516 Dominum
2677 4476 2848 4516 unum
2875 4500 2889 4523 ,
2925 4460 3269 4531 liypostasim
3325 4475 3490 4516 unam
3519 4502 3534 4526 ,
3576 4463 3631 4517 in

369 4554 557 4629 ρέτως
600 4549 898 4621 ὀρθοδόξως
947 4548 1245 4621 κηρύξατε.

632 4729 929 4786 ΧΡΗΣΕΙΣ
979 4730 1118 4783 ΤΩΝ
1154 4731 1363 4784 ΔΓΙΩΝ
1402 4731 1724 4786 ΠᾹΤΕΡΩΝ

377 4821 939 4883 Ἀποδεικνύουσαι,
973 4821 1054 4886 ὡς
1079 4815 1167 4887 εἷς
1192 4821 1364 4875 ἐστιν
1385 4824 1417 4875 d
1457 4822 1726 4889 Χριστὸς,
1759 4822 1828 4876 ἐκ
1853 4822 1963 4879 δύο

447 4896 716 4966 φύσεων.
749 4890 859 4966 καὶ.
876 4890 987 4944 δύο
1024 4891 1271 4966 φύσεις1
1318 4892 1414 4966 καὶ
1453 4892 1954 4966 ero-00290150201,

449 4958 555 5049 Ξιιιὶ
590 4966 759 5049 μετὰ,
800 4958 917 5029 τὴν
970 4958 1314 5030 σωτηριὼδη
1360 4958 1740 5031 ὐπεράγαθοᾶ·
1767 4963 1956 5018 αὐτοῦ

450 5047 782 5101 σαρκωσιν.

822 5121 1042 5175 ’Σκόπει
1083 5120 1494 5190 ἀναγινώσκων.

370 5214 505 5278 Τοῦ
531 5211 704 5281 ἁγίου
736 5214 1057 5284 Εὶρηναίου
1079 5214 1418 5268 ἐπισκόπου
1449 5213 1953 5284 Λουγδούνων,ἑκ

790 5286 897 5339 τοῦ
932 5289 1084 5340 κατὰ
1116 5286 1545 5339 Οὐαλεντίνου.

457 5400 481 5431 ι
514 5382 724 5451 ’Ὠσπερ
752 5379 860 5449 γὰρ
885 5380 918 5450 ἠ
948 5378 1179 5443 κιϐωτὸς
1239 5376 1635 5447 κεχρυσωμένη
1661 5371 1729 5448 ῆν
1756 5376 1957 5430 ἔσωθεν

369 5471 482 5532 καὶ
504 5472 701 5538 ἔξωθεν
744 5472 956 5541 χρυσίῳ
1000 5468 1248 5541 καθαρῷ,
1278 5467 1452 5529 οὕτως
1483 5468 1658 5523 καὶτὸ
1698 5469 1789 5522 τοῦ
1822 5470 1959 5540 Χρι-

418 5585 479 5619 ⁸⁶
501 5582 659 5641 Rom.
692 5600 812 5652 rm,
839 5583 875 5637 2
969 5583 1014 5615 ⁸⁷
1039 5581 1186 5639 Psal.
1218 5582 1400 5646 “1,2.
1474 5582 1520 5613 "
1543 5581 1560 5635 Ι
1584 5580 1710 5638 Cor.
1749 5598 1866 5647 vm,
1887 5582 1939 5639 6.

2055 4548 2274 4606 duabus
2302 4549 2540 4616 naturis,
2569 4550 2687 4605 sine
2716 4549 3072 4616 confusione,
3100 4559 3157 4607 et
3190 4551 3313 4606 sine
3341 4550 3632 4616 divisione,

2055 4650 2204 4697 recta
2239 4640 2564 4711 sinceraque
2594 4641 2698 4697 ﬁde
2732 4643 3069 4713 praedicetis.

2334 4728 2880 4787 AUCTORITATES
2923 4730 3025 4788 SS.
3066 4731 3356 4788 PATRUM

2065 4823 2266 4891 Quibus
2303 4823 2699 4878 demonstratur
2745 4840 2908 4879 unum
2955 4840 3067 4881 esse
3117 4826 3390 4881 Christum
3433 4842 3498 4881 ea:
3540 4843 3637 4880 na-

2133 4896 2268 4967 turis
2297 4894 2542 4967 duabus,
2567 4904 2618 4949 et
2654 4905 2877 4949 naturas
2906 4894 3042 4950 duas
3064 4936 3078 4959 ,
3110 4898 3267 4967 inque
3296 4896 3504 4950 duabus
3533 4914 3634 4949 ua-

2135 4965 2305 5047 turis,
2334 4974 2451 5047 post
2494 4965 2608 5034 ejus
2640 4967 2932 5019 salutarem
3014 4965 3338 5038 infinitaque
3385 4967 3635 5021 bonitatis

2113 5045 2570 5089 'tncamattonem.

2574 5126 2788 5199 Inspice
2828 5129 2924 5200 qui
2964 5128 3124 5200 legis.

2064 5215 2251 5273 Sancti
2291 5217 2487 5275 Irenwi
2530 5220 2770 5304 episcopi
2785 5220 3191 5304 Lugdunensis,
3216 5230 3406 5274 contra
3444 5219 3639 5275 Valen-

2757 5302 2944 5344 tinum.

2139 5397 2157 5429 ι
2209 5378 2366 5435 Sicut
2409 5380 2556 5435 enim
2589 5395 2714 5435 arca
2781 5388 2975 5434 aurata
3034 5379 3183 5434 intus
3218 5387 3272 5432 et
3313 5387 3465 5434 extra
3520 5387 3640 5436 erat

2066 5482 2201 5524 auro
2230 5486 2403 5541 puro;
2445 5472 2527 5525 sic
2555 5473 2719 5526 etiam
2749 5471 2951 5526 Christi
2987 5486 3190 5542 corpus
3222 5488 3419 5542 purum
3449 5472 3638 5542 splen-

1689 5672 1922 5728 VABUE
1960 5672 2388 5730 ιΕοτιοΝΕεά

457 5771 495 5811 ι’
526 5769 643 5826 Als.
673 5771 752 5833 εἰς
774 5771 957 5825 αὐτόν.
1037 5779 1061 5809 α
1086 5767 1214 5823 Haec
1249 5777 1531 5839 postrema
1565 5781 1695 5837 pars
1727 5767 1880 5840 deest
1923 5765 2255 5840 in__Araiiica
2289 5767 2656 5825 translatione
2687 5766 2813 5824 etin
2845 5773 3000 5823 textu
3036 5766 3321 5840 Apostoli:
3358 5774 3412 5822 at
3443 5763 3629 5822 multis

371 5845 439 5899 in
478 5841 615 5897 locis
641 5840 838 5912 legitur
868 5840 1014 5912 apud
1053 5834 1473 5903 Damascenum,
1511 5834 1583 5892 ut‘
1599 5845 1653 5892 et
1680 5835 1823 5906 apud
1844 5834 2130 5890 Basiliuui.

2242 5960 2300 5985 Δ,
