3970 6156
364 314 499 384 M89

1612 344 1913 405 CONTRA
1941 345 2358 407 JACOBITAS.

3465 356 3481 407 t
3494 351 3602 417 490

360 441 521 532 πξυην
566 437 803 532 μορφήν.
846 437 996 495 Ἐπεὶ
1026 437 1117 498 οὖν
1164 445 1258 500 δύο
1317 451 1512 522 ἔχομεν
1574 457 1809 526 μορφάς,
1836 457 1933 526 τὴν

2044 457 2265 512 formam
2299 461 2594 516 recusavit.
2637 461 3087 532 Quandoquidem
3142 463 3307 531 igitur
3335 461 3474 517 duas
3501 464 3602 516 ha-

361 525 695 615 ᾼεσποτικήν
733 545 876 600 φημι
923 536 1016 587 καὶ
1062 537 1160 607 τὴν
1192 538 1462 611 δουλικὴν·
1506 545 1602 614 τὴν
1635 525 1733 614 μὲν
1768 525 1927 615 φύσει

358 614 516 679 Θεοῦ,
539 615 640 688 τὴν
664 619 722 674 δὲ
771 623 929 691 φύσει
985 627 1328 700 ἀνθρωπείαν
1357 651 1372 666 ·
1402 635 1498 705 τὴν
1541 641 1638 706 μὲν
1669 614 1928 709 πρὸναίὼε-

359 721 487 800 νων,
519 711 644 800 ,τὴν
689 713 745 766 δὲ
776 716 836 780 ἐξ
861 717 1102 789 ὑστέρων
1152 725 1358 795 καιρῶν
1383 743 1395 756 ⁸
1437 728 1535 798 τὴν
1588 733 1687 800 μὲν
1736 734 1798 785 ἐκ
1832 730 1927 785 τοῦ

362 797 595 892 ῐίατρδς,
635 802 737 872 τὴν
765 804 821 857 δὲ
842 807 906 860 ἐκ
934 808 1031 878 τῆς
1060 811 1338 884 Παρθένου
1361 833 1375 848 ο
1404 797 1503 888 τὴν
1533 797 1628 889 μέν
1650 822 1715 874 ὲκ
1742 823 1926 892 μόνου,

358 888 459 957 τὴν
490 890 546 942 δὲ
574 893 639 946 ὲκ
673 895 841 967 μόνης
873 916 887 930 ·
925 901 1114 974 ἐπειδὴ
1142 905 1237 960 δύο
1275 908 1448 963 ταῦτα
1477 888 1755 984 ὑφέστηκε
1789 915 1929 984 πρά-

361 984 683 1050 γματα,δύο
713 989 770 1040 ἐν
801 991 882 1042 ἑνί
907 1008 921 1023 ο
970 992 1096 1048 οὔτε
1152 997 1261 1069 γάρ
1323 999 1640 1073 διαιροῦμεν
1672 1005 1761 1058 τὸν
1798 1006 1930 1060 Θεὸν

357 1074 534 1164 Λόγον
562 1076 671 1129 άπὸ
693 1080 787 1132 τοῦ
816 1081 1091 1155 σώματος,
1119 1087 1243 1141 οὕτε
1273 1090 1366 1144 δύο
1385 1091 1609 1164 οἴδαμεν
1645 1095 1810 1161 υἱοὺς,
1835 1098 1930 1149 καὶ

362 1163 630 1234 Χριστούς
655 1184 668 1197 ·
700 1171 836 1227 ἀλλὰ
863 1175 952 1228 τὸν
977 1178 1084 1248 πρὸ
1130 1179 1345 1235 αἰώνων
1379 1163 1520 1236 Υίδν
1553 1185 1646 1239 τοῦ
1690 1187 1848 1252 Θεοῦ,
1873 1190 1930 1241 ὲν

364 1257 613 1348 ὑστέροις
651 1266 868 1334 καιροῖς
919 1268 1204 1338 ἄνθρωπον
1245 1273 1304 1338 ἐξ
1349 1273 1520 1345 αὐτῆς
1566 1277 1779 1348 μήτρας
1831 1278 1931 1346 τῆς

365 1347 642 1418 Παρθένου
683 1356 974 1426 γενόμενον
1032 1361 1256 1419 τέλειον.
1299 1363 1387 1429 Ὣς
1439 1367 1547 1436 γὰρ
1601 1368 1628 1418 ὁ
1659 1365 1934 1440 γεννήσας

365 1442 576 1514 Πατὴρ,
629 1447 832 1503 τέλειον
893 1450 1184 1524 ἐγέννησεν
1216 1455 1366 1520 Υίδν,
1397 1457 1572 1522 οὕτως
1590 1459 1684 1511 καὶ
1713 1461 1741 1512 ὁ
1771 1459 1935 1522 αὐτὸς

365 1536 460 1588 καὶ
513 1535 595 1603 εἷς
648 1539 795 1606 Υἱὸς,
846 1544 940 1597 καὶ
993 1547 1166 1615 Λόγος
1191 1547 1286 1601 τοῦ
1333 1548 1566 1620 Πατρὺς,
1598 1551 1690 1603 τὸν
1715 1551 1935 1615 τελείως

361 1628 736 1700 ἀπολλύμενον
776 1631 1059 1705 ἄνθρωπον
1119 1638 1292 1692 σῶσαι
1348 1637 1689 1709 βουλόμενος,
1731 1641 1934 1706 τέλειος

359 1721 578 1788 ἐγένετο
597 1723 906 1795 ἄνθρωπος,
942 1727 1028 1781 ἵνα
1052 1729 1128 1800 μὴ
1151 1731 1209 1782 τὸ
1233 1729 1432 1794 ἔξωθεν
1464 1731 1662 1800 σώσας,
1695 1733 1756 1786 τὸ
1797 1733 1934 1788 ἔσω-

2034 549 2227 603 bemus
2280 549 2504 618 formas,
2562 551 2775 607 Domini
2829 555 3041 609 scilicet
3097 563 3153 608 et
3201 554 3380 618 servi,
3435 555 3595 608 aliam

2035 645 2231 692 natura
2289 639 2558 704 divinam,
2611 643 2774 696 aliam
2821 651 3039 718 natura
3069 643 3389 707 humanam;
3435 643 3596 697 aliam

2035 738 2162 784 ante
2189 730 2411 796 saacula,
2443 731 2604 785 aliam
2633 735 2923 801 postremis
2955 733 3323 803 temporibus;
3349 734 3512 787 aliam
3533 749 3599 787 ex

2034 820 2216 885 Patre,
2261 821 2424 874 aliam
2457 835 2524 876 ex
2573 821 2832 899 Virgine;
2865 825 3026 896 aliam
3072 839 3137 878 ex
3167 825 3306 887 solo,
3337 809 3500 877 aliam
3535 838 3599 876 cx

2037 911 2191 978 Sola;
2222 923 2403 983 atque.
2435 911 2557 967 dua:
2609 929 2698 969 res
2739 915 2854 970 istae
2905 916 3182 981 substant,
3213 916 3333 970 dua:
3359 916 3414 970 in
3467 930 3598 968 uno.

2034 1001 2152 1057 Non
2183 1003 2329 1058 enim
2358 1004 2604 1069 divinum
2648 1005 2885 1060 Verbum
2922 1023 2952 1061 a
2993 1023 3224 1079 corpore
3264 1007 3602 1070 dirimimus,

2037 1109 2214 1163 neque
2259 1093 2400 1148 duos
2435 1094 2598 1160 tilios,
2630 1094 2996 1164 Christosquc
3043 1098 3335 1152 novimus:
3373 1096 3467 1152 sed
3517 1092 3606 1148 Fi-

2037 1183 2172 1237 lium
2203 1181 2297 1237 Dei
2334 1183 2426 1253 qui
2460 1193 2588 1238 ante
2620 1184 2820 1239 swcula
2855 1183 2974 1250 fuit,
3006 1185 3061 1238 in
3105 1186 3310 1240 ultimis
3341 1183 3606 1253 tempori-

2039 1275 2144 1330 bus
2177 1275 2490 1341 hominem,
2526 1291 2593 1331 ex
2649 1276 2767 1346 ipsa
2800 1274 3043 1346 Virginis
3099 1277 3260 1330 vulva
3301 1275 3604 1346 perfectum

2038 1366 2265 1422 editum.
2318 1365 2798 1432 Quemadmodum
2857 1369 3002 1421 enim
3061 1367 3154 1437 qui
3203 1366 3382 1437 ipsum
3421 1366 3608 1436 genuit

2039 1457 2218 1524 Pater,
2251 1458 2548 1528 perfectum
2582 1460 2768 1530 genuit
2823 1457 3056 1524 Filium,
3103 1460 3177 1514 ita
3209 1467 3264 1514 et
3313 1458 3430 1527 ipse
3466 1474 3608 1512 unus

2040 1548 2211 1606 Filius
2256 1558 2310 1604 et
2341 1548 2576 1604 Verbum
2631 1549 2846 1617 Patris,
2880 1550 3155 1606 hominem
3189 1549 3283 1620 qui
3327 1549 3383 1603 in
3437 1556 3607 1602 totum

2039 1642 2318 1712 perierat,
2363 1640 2544 1696 facere
2590 1641 2801 1695 salvum
2852 1642 3107 1711 cupiens,
3139 1641 3414 1712 perfectus
3445 1639 3609 1693 homo

2040 1731 2286 1793 exstitit,
2334 1744 2401 1784 ne
2451 1731 2780 1785 exteriorem
2826 1729 3127 1794 salvando,
3166 1729 3483 1787 interiorem
3512 1727 3605 1797 qui

360 1814 452 1868 θεν
498 1817 887 1889 προδεδομένον
949 1821 1124 1892 ἐάσῃ·
1180 1822 1303 1877 οὐδὲ
1354 1822 1461 1896 γὰρ
1519 1824 1684 1894 σῶμα
1732 1826 1930 1882 ἅναλα·

2044 1821 2278 1891 perditus
2325 1830 2478 1885 erat,
2521 1819 2852 1891 negligeret.
2903 1818 3087 1896 Neque
3133 1819 3280 1875 enim
3325 1826 3609 1888 assumpto

361 1903 493 1969 ὖὼν,
539 1907 688 1962 εἴασε
723 1909 822 1980 τὴν
872 1909 1074 1982 ψυχὴν,
1138 1912 1274 1966 ἀλλὰ
1332 1913 1424 1967 καὶ
1481 1914 1656 1986 ψυχὴν
1687 1918 1782 1970 καὶ
1807 1916 1931 1971 νοῦν

359 1998 642 2056 ἀνέλαὸεν.
675 2019 696 2054 s

365 2092 504 2170 Τοῦ.
532 2092 706 2161 ἁγίου
751 2095 1062 2170 Ιῌεθοδζουᾼ
1093 2097 1453 2170 ἐπισκόπου,
1486 2100 1770 2170 Πατάρων
1833 2101 1931 2155 καὶ

422 2161 744 2231 μάρτυρος,
766 2164 836 2218 ἐκ
865 2167 972 2220 τοῦ
988 2167 1173 2238 λόγου
1193 2171 1279 2235 εὶς
1301 2170 1417 2238 τὴν
1444 2169 1458 2189 '
1472 2161 1858 2244 Υπαπὶιντήν.

436 2270 455 2304 ι
495 2253 599 2306 Τὸν
629 2255 686 2307 ὲν
707 2255 894 2325 ὁράσει
917 2258 1168 2328 ἀόρατον,
1194 2259 1290 2315 τὸν
1319 2261 1377 2314 ὲν
1413 2261 1702 2332 περιλήψει
1733 2262 1930 2333 ἀπερί-

361 2348 582 2413 ληπτον,
613 2345 704 2399 τὸν
730 2348 790 2401 ὲν
835 2351 1162 2420 σμικρότητι
1203 2351 1580 2424 ὑπερμεγέθη,
1608 2353 1699 2416 τὸν
1728 2354 1786 2408 ὲν
1818 2354 1931 2426 ναῷ

360 2434 454 2486 καὶ
487 2435 544 2487 ὲν
571 2434 835 2506 ὑψίστοις,
868 2438 959 2491 τὸν
993 2441 1086 2494 ἐπὶ
1107 2440 1298 2514 θρόνου
1329 2441 1685 2512 παρθενικοῦ,
1727 2445 1931 2497 καὶέπὶ

360 2519 637 2590 ὀχήματος
669 2523 1027 2594 Χερουϐικοῦ,
1051 2526 1141 2580 τὸν
1159 2529 1311 2582 κάτω
1335 2530 1430 2582 καί
1444 2530 1557 2584 ἄνω
1575 2531 1935 2598 ἀδιαστάτως,

367 2608 449 2660 τὸν
493 2611 551 2662 ὲν
615 2615 796 2684 μορφῇ
851 2613 1039 2667 δούλου
1073 2615 1168 2668 καὶ
1215 2616 1275 2670 ὲν
1313 2620 1497 2688 μορφῇ
1530 2617 1666 2672 Θεοῦ
1697 2621 1932 2690 Πατρὸς,

369 2697 451 2751 ςδν
475 2697 710 2772 ὑπήκοον
759 2704 853 2756 καὶ
880 2703 1105 2773 βασιλέα
1130 2703 1239 2759 τῶν
1255 2705 1540 2765 ἁπάντων.
1581 2726 1601 2760 ι

367 2962 477 3018 Τοῦ
500 2963 670 3043 13-1031
697 2965 1032 3043 extendng
1058 2970 1379 3043 Bgatlelov
1399 2976 1758 3043 Καισαρείας
1777 2981 1936 3032 Καπ-

429 3033 738 3113 παδοκίας,
755 3036 822 3089 ἐκ
834 3037 940 3113 τοῦ
966 3041 1091 3113 κατ’
1109 3040 1409 3113 Εὐνομιου
1435 3033 1623 3113 λόγου
1638 3052 1711 3101 a’.
1730 3033 1934 3103 .—'0tt

429 3105 650 3157 ταυτόν
670 3106 842 3160 ἐστιν
873 3108 1055 3162 οὐσία
1082 3109 1181 3162 καὶ
1211 3105 1413 3181 μορφή
1452 3105 1551 3184 (5f.

438 3212 456 3244 ι
508 3194 648 3262 Ἐγὼ
675 3195 785 3268 γὰρ
807 3200 904 3253 καὶ
934 3198 996 3252 τὸ
1019 3201 1079 3254 ὲν
1111 3205 1292 3275 μορφῇ
1327 3203 1464 3258 Θεοῦ
1500 3206 1790 3279 ὑπάρχειν,
1818 3211 1936 3264 [σον

361 3281 623 3374 διξνασθαι
647 3285 825 3374 τῷᾉὲν
875 3288 1036 3360 οὐσία
1063 3290 1200 3345 Θεοῦ
1229 3311 1373 3365 φημι
1392 3310 1408 3324 ο
1453 3295 1528 3362 ὡς
1558 3299 1670 3371 γάρ
1698 3301 1758 3354 τὸ
1794 3319 1936 3374 μορ-

363 3368 464 3440 φὴν
489 3370 847 3442 ἀνειληφέναι
879 3375 1090 3444 δούλου,
1120 3379 1180 3433 ἐν
1207 3383 1274 3452 τῇ
1329 3383 1488 3456 οὐσίᾳ
1513 3388 1613 3458 τῆς
1639 3368 1937 3461 *ἀνθρωτέὼ

365 3478 523 3531 εητος
548 3462 643 3516 τὸν
675 3465 882 3534 Κύριον
913 3470 1240 3541 γεγενῆσθαι
1265 3475 1542 3544 σημαίνειο
1577 3477 1719 3532 οὕτω
1760 3480 1822 3534 τὸ
1846 3481 1935 3536 λέ-

371 3569 500 3621 γειν,
560 3555 618 3607 ὲν
682 3559 865 3628 μορφῇ
929 3559 1066 3616 Θεοῦ
1103 3562 1387 3634 ὑπάρχειν,
1419 3566 1520 3638 τῆς
1555 3567 1708 3635 θείας
1752 3571 1938 3637 οὐσίας

369 3643 660 3716 παρίστησι
695 3646 795 3720 τὴν
830 3649 1087 3722 ἰδιότητα.
1129 3673 1149 3706 ι

367 3735 709 3802 Τοῦαύτοῦ,
761 3738 831 3793 ἐκ
884 3741 996 3823 τῆς
1019 3744 1364 3823 ,διαλέεεως-
1377 3752 1494 3823 Ῑῆς
1521 3752 1672 3821 πρὸς
1713 3751 1938 3809 ’Δέτιον

857 3811 966 3866 τὸν
1019 3814 1322 3885 Ἀρειανόν
1337 3811 1447 3889 (6))

437 3915 457 3986 ι
488 3899 560 3952 Οὐ
583 3900 694 3970 γὰρ
723 3899 792 3956 ἂν
818 3901 1023 3976 δυνήσῃ
1068 3908 1201 3961 ποτὲ
1248 3911 1336 3976 σὺ,
1372 3909 1404 3981 ἢ
1436 3911 1596 3975 ἄλλος
1617 3930 1721 3982 τις,
1761 3932 1938 3986 παρα-

365 3985 562 4057 στῆσαι
592 3988 625 4059 ἢ
654 3989 938 4056 ἀποδεῖξαι
970 3993 1029 4047 ὲν
1067 3993 1318 4066 ἀληθείς
1350 3999 1478 4062 τοὺς
1503 3985 1938 4074 προειρημένους

362 4076 550 4145 ἁγίους
597 4079 846 4152 Πατέρας
889 4081 1045 4150 ἡμῶν
1075 4085 1172 4138 καὶ
1210 4085 1586 4155 διδασκάλους,
1633 4090 1665 4162 ἢ
1703 4094 1869 4162 ἡμᾶς.
1901 4095 1936 4164 ἦ

361 4180 486 4218 τινα
522 4166 629 4219 τῶν
684 4167 954 4239 ἐκκρίτων
1007 4171 1270 4244 Πατέρων
1314 4177 1412 4230 καὶ
1463 4177 1802 4236 διδασκάλων
1836 4183 1938 4252 τῆς

363 4253 526 4322 ἁγίας
550 4256 845 4330 καθολικῆς
888 4260 984 4315 καὶ
1027 4262 1396 4334 άποστολικῆς
1428 4266 1832 4343 Ἐκκλησίας,ἢ
1860 4274 1937 4326 εί-

363 4345 588 4413 πόντας,
617 4347 651 4418 ἢ
677 4349 996 4416 διδάξαντας
1023 4354 1340 4426 ἐγγράφως,
1375 4356 1407 4428 ἧ
1449 4360 1736 4432 ἀγράφως,
1763 4363 1840 4427 ὡς
1869 4365 1934 4418 σὺ

361 4435 541 4532 λέγεις
560 4439 656 4532 επὶ
687 4441 923 4512 Χριστοῦ
961 4444 1058 4498 τοῦ
1091 4445 1227 4499 Θεοῦ
1265 4449 1426 4518 ήμῶν
1459 4450 1592 4523 μίαν
1621 4452 1785 4522 φύσιν
1811 4456 1936 4509 σύν-
1965 4475 2011 4532 D

363 4527 538 4595 θετον,
565 4531 598 4601 ἢ
634 4534 902 4606 μονοειδῆ,
927 4535 961 4606 ἢ
991 4536 1050 4590 ἓν
1078 4537 1308 4610 θέλημα,
1335 4543 1429 4596 καὶ
1462 4545 1592 4614 μίαν
1625 4545 1928 4618 ἐνέργειαν,

361 4620 396 4691 ἧ
421 4638 475 4712 τι
502 4621 613 4676 τῶν
637 4624 1104 4698 ἀπηγορευμένων
1146 4630 1453 4703 δογμάτων,
1503 4637 1598 4690 καὶ
1633 4637 1936 4712 ἀποϐεϐλησ

369 4711 548 4803 μενων
577 4715 643 4769 ὲκ
686 4717 786 4787 τῆς
840 4718 1132 4792 καὼλικῆς
1169 4723 1264 4777 καὶ
1306 4725 1667 4799 ἀποπολικῆς
1707 4711 1937 4803 Ἐκκλη-

372 4802 514 4866 σίας.
545 4804 608 4857 Εί
641 4804 750 4878 γὰρ
781 4807 1182 4880 κατελύσαμεν,
1216 4812 1386 4868 ταῦτα
1427 4816 1594 4871 πάλιν
1619 4802 1934 4893 οίκοδομοῦ-

375 4911 496 4964 μεν,
524 4894 666 4949 κατὰ
688 4896 781 4951 τὸν
808 4897 950 4952 θεῖον
987 4901 1331 4970 Ἀπόστολον,
1350 4889 1681 4976 Μραὸάτᾶς
1705 4889 1935 4978 ἑαυτοὺς

366 4991 780 5062 συνιστάνομεν.
801 4992 1125 5049 Τούναντίον
1153 4995 1209 5048 δὲ
1243 4997 1464 5067 μᾶλλον,
1496 4999 1716 5057 διπλοῦν
1738 5004 1937 5076 ἐκηρύ-

363 5079 428 5145 ξα
437 5097 536 5149 μεν
566 5081 829 5152 ὑπάρξειν
851 5084 992 5138 κατὰ
1009 5085 1186 5142 πάντα
1199 5087 1292 5141 τὸν
1314 5088 1516 5160 Κύριον
1539 5093 1698 5161 ἡμῶν
1729 5095 1937 5165 Ἰησοῦν

361 5171 599 5240 Χριστὸν
641 5173 708 5225 ὲν.
731 5175 831 5245 μιᾷ
853 5175 1175 5245 ὑποστάσει,
1207 5177 1303 5232 καὶ
1325 5179 1408 5231 ἑνὶ
1441 5181 1739 5253 προσώπῳ,
1765 5184 1932 5252 χωρὶς

437 5323 485 5355 ⁸⁸
514 5327 693 5384 Galat.
719 5336 777 5398 II,
810 5330 900 5386 18.

2029 1926 2259 1980 corpore
2309 1911 2545 1965 animam
2597 1909 2820 1971 omisit,
2865 1909 2957 1965 sed
3011 1909 3249 1970 animam
3299 1923 3518 1979 quoque
3553 1916 3609 1964 et

2030 2009 2268 2056 mentem
2307 2001 2630 2071 assumpsit.
2671 2019 2689 2052 ι

2030 2091 2216 2148 Sancti
2246 2092 2496 2147 Methodii
2528 2093 2756 2161 episcopi
2789 2091 3120 2161 Patarorum
3152 2099 3202 2144 et
3241 2091 3516 2161 martyris,
3543 2107 3608 2145 ex

2171 2177 2411 2216 sermone
2443 2163 2500 2215 in
2536 2159 2852 2221 Occursum,
2881 2177 2973 2215 seu
3003 2159 3464 2229 Pitriﬁcatione'm.

2110 2273 2130 2306 ι
2170 2254 2305 2308 Eum
2344 2253 2441 2327 qui
2479 2253 2611 2308 dum
2647 2251 2936 2322 aspicitur,
2964 2251 3320 2321 aspectabilis
3353 2267 3460 2306 non
3499 2261 3608 2316 est,

2031 2345 2128 2416 qui
2189 2344 2320 2399 dum
2379 2343 2763 2414 prehenditur,
2823 2343 3342 2413 incomprehensus.
3396 2343 3489 2412 qui
3554 2345 3609 2398 in

2030 2435 2302 2509 parvitate
2357 2450 2691 2507 supraquam
2742 2449 2976 2505 magnus
3007 2443 3113 2498 est,
3163 2435 3258 2504 qui
3303 2435 3356 2488 in
3406 2435 3611 2505 templo

2031 2532 2088 2578 et
2154 2524 2211 2578 in
2255 2522 2545 2577 altissimis
2585 2521 2762 2586 adest,
2814 2521 2908 2590 qui
2965 2521 3166 2575 throno
3224 2521 3478 2592 virginali
3535 2524 3615 2576 si—

2033 2615 2150 2667 mul
2204 2619 2260 2667 et
2299 2613 2492 2666 currui
2571 2612 2882 2667 Cherubico
2927 2611 3158 2675 insidet,
3202 2613 3293 2682 qui
3359 2613 3612 2667 intirmus

2033 2709 2138 2770 est,
2176 2711 2231 2758 et
2269 2715 2565 2772 supremus
2619 2701 2832 2770 absque
2881 2700 3290 2770 intercapedine
3337 2701 3471 2766 ulla,
3515 2702 3610 2770 qui

2036 2793 2090 2848 in
2137 2793 2311 2846 forma
2347 2793 2491 2849 servi
2531 2792 2697 2862 inque
2723 2791 2820 2847 Dei
2857 2790 3041 2847 Patris
3076 2792 3274 2859 forma,
3304 2792 3609 2862 subjectus.

2033 2891 2088 2939 et
2128 2885 2506 2940 universorum
2538 2881 2678 2946 Rex,
2717 2900 2735 2934 ι
2771 2890 2880 2938 etc.

2035 2973 2224 3030 Sancti
2276 2972 2474 3027 Basilii
2524 2972 2752 3042 episcopi
2815 2971 3074 3026 Cwsarete
3115 2970 3494 3040 Cappadocia,
3545 2984 3611 3024 ea:

2106 3043 2244 3098 libro
2271 3045 2442 3112 primo
2484 3051 2670 3094 contra
2717 3042 3060 3096 Eunomium.
3091 3072 3160 3082 —
3183 3042 3337 3109 Quod
3383 3042 3610 3094 essentia

1961 3144 2006 3205 ο
2107 3123 2158 3168 et
2188 3114 2359 3182 forma
2383 3112 2522 3166 idem
2551 3112 2683 3166 sint.

2114 3224 2133 3258 ι
2165 3205 2280 3276 Ego
2304 3203 2508 3261 etenim
2543 3203 2599 3258 in
2645 3201 2822 3258 forma
2853 3201 2949 3257 Dei
2977 3215 3102 3257 esse
3131 3200 3476 3255 tantumdem
3511 3214 3608 3252 va-

2037 3297 2151 3354 lere
2208 3298 2372 3364 dico,
2428 3302 2698 3366 quantum
2733 3308 2859 3350 esse
2899 3292 2956 3348 in
2991 3292 3089 3348 Dei
3138 3290 3403 3347 essentia.
3453 3289 3612 3344 Sicut

2037 3385 2184 3443 enim
2243 3384 2529 3456 accepisse
2589 3383 2737 3440 servi
2796 3382 3054 3448 formam,
3105 3381 3386 3452 signiﬁcat
3436 3380 3612 3435 fuisse

2035 3474 2330 3531 Dominum
2369 3475 2425 3530 in
2453 3475 2698 3531 essentia
2730 3474 3096 3529 humanitatis
3119 3489 3138 3539 ,°
3175 3473 3256 3528 sie
3280 3472 3465 3528 dicere
3488 3488 3612 3528 esse

2037 3567 2094 3622 in
2126 3565 2304 3622 forma
2352 3567 2474 3633 Dei,
2519 3566 2575 3622 id
2623 3567 2771 3638 quod
2824 3573 2908 3622 est
2943 3565 3144 3620 divina:
3193 3567 3453 3622 essentia:
3481 3582 3612 3635 pro-

1947 3677 1951 3682 ·
2037 3656 2218 3728 prium
2251 3656 2528 3727 exprimit.
2566 3674 2586 3708 ι

2039 3750 2315 3820 Eiusdem,
2357 3766 2422 3807 ea;
2452 3751 2816 3820 disputatione
2851 3758 3037 3805 contra
3087 3749 3298 3804 Aetium
3329 3748 3609 3802 Arianum.

2112 3923 2132 3956 ι
2171 3903 2292 3958 Νοη
2327 3902 2474 3958 enim
2509 3903 2716 3974 pateris
2745 3917 2990 3974 unquam
3026 3909 3086 3957 tu
3118 3908 3212 3956 aut
3234 3901 3419 3972 quivis
3451 3898 3610 3961 alius,

2038 3997 2283 4062 vincere,
2330 4003 2425 4051 aut
2467 3995 2856 4051 demonstrare
2902 4010 3099 4056 verum
3166 4009 3315 4060 esse,
3389 3999 3616 4046 sanctos

2038 4089 2256 4153 Patres,
2287 4103 2428 4158 quos
2458 4088 2724 4153 diximus,
2759 4095 2816 4144 et
2850 4088 3153 4159 magistros
3187 4093 3391 4140 sanctae
3424 4082 3614 4137 Eccle-

2038 4180 2138 4235 sia
2177 4178 2472 4236 catholica
2522 4184 2577 4234 et
2631 4177 2967 4247 apostolicae,
3041 4184 3136 4230 aut
3194 4172 3611 4244 pronuntiasse,

2039 4280 2137 4326 aut
2166 4271 2394 4340 scriptis
2445 4270 2778 4340 prodidisse,
2825 4278 2921 4323 aut
2969 4269 3161 4333 etiam,
3206 4267 3326 4321 sine
3357 4265 3611 4334 scriptis,

2037 4357 2093 4412 id
2120 4354 2268 4426 quod
2307 4363 2363 4408 tu
2397 4353 2498 4416 ais,
2541 4353 2596 4405 in
2636 4351 2859 4406 Christo
2915 4350 3027 4405 Deo
3070 4360 3274 4404 nostro
3316 4362 3478 4401 uitam
3511 4361 3612 4399 na—

2038 4457 2215 4504 turam
2274 4443 2664 4514 compositam,
2723 4441 2958 4497 uniusve
3014 4440 3248 4511 speciei,
3298 4439 3381 4494 vel
3442 4453 3608 4492 uuam

2035 4538 2399 4600 voluntatem,
2425 4542 2482 4589 et
2518 4548 2682 4589 unam
2714 4532 3137 4604 operationem;
3188 4537 3285 4584 aut
3325 4528 3606 4600 quidpiam

2034 4647 2104 4687 ex
2133 4628 2319 4685 vetitis
2343 4627 2643 4698 dogmatis,
2670 4634 2726 4681 et
2772 4639 2802 4679 a
2835 4633 3032 4680 sancta
3079 4623 3354 4678 catholica
3391 4629 3444 4677 et
3473 4637 3609 4691 apo.

2037 4721 2231 4781 stolica
2268 4717 2520 4775 Ecclesia
2572 4716 2816 4788 rejectis.
2849 4716 2907 4772 Si
2937 4717 3086 4771 enim
3138 4731 3262 4786 quae
3327 4714 3610 4770 destruxi-

2039 4829 2185 4880 mus,
2247 4811 2363 4870 haec
2414 4824 2665 4870 rursum,
2713 4818 2775 4863 ut
2821 4807 3120 4878 Apostolus
3149 4807 3226 4860 ait
3265 4807 3338 4870 '°,
3377 4805 3611 4860 aediﬁcat»

2038 4920 2184 4968 mus,
2216 4911 2659 4974 transgressores
2695 4914 2799 4955 nos
2852 4899 2958 4967 ipsi
3009 4897 3428 4954 constituimus.
3466 4895 3609 4950 Con-

2044 5005 2130 5052 tra
2189 4996 2378 5066 potius
2436 4991 2713 5062 duplicem
2771 5007 2869 5062 per
2915 4989 3103 5046 omnia
3145 5002 3271 5043 esse
3317 4986 3607 5041 Dominum

2041 5089 2229 5146 Jesum
2244 5087 2526 5144 Christum
2545 5085 2602 5140 in
2626 5099 2737 5139 una
2756 5084 3039 5156 hypostasi
3061 5079 3501 5154 praedicavimus.
3525 5076 3609 5129 in-

2039 5196 2155 5253 que.
2181 5195 2293 5237 una
2323 5191 2563 5251 persona
2616 5177 2738 5232 sine
2773 5177 2882 5231 ulla
2929 5175 3307 5246 qualicunque
3338 5166 3610 5222 divisione

1869 5485 2104 5543 NOTAE.

441 5576 518 5648 (εξ)
541 5574 676 5648 'l'ur.
708 5575 869 5648 habet
903 5593 916 5630 :
939 5580 1077 5648 quod
1098 5580 1231 5634 idem
1257 5583 1324 5636 sit
1344 5583 1644 5636 substantia
1665 5593 1712 5637 et
1736 5583 1929 5647 forma.

2107 5581 2188 5650 (6)
2228 5585 2343 5640 Iloc
2403 5597 2542 5651 Opus
2596 5579 2795 5636 Basilio
2825 5579 2926 5651 _M.,
2968 5579 3078 5633 imo
3117 5587 3170 5633 et
3199 5577 3402 5651 Severo
3433 5571 3604 5651 haereo

364 5661 428 5700 ea:
467 5645 665 5721 Basilio
713 5643 961 5721 episcopo
1010 5649 1268 5706 Cresarcw
1320 5651 1670 5721 Cappadocia!
1701 5643 1763 5707 ea;
1795 5652 1926 5704 libro
2032 5643 2610 5721 sia'rchaAntiocheno
2631 5648 2909 5705 recentius
2933 5655 3037 5712 est,
3089 5662 3188 5702 nec
3241 5643 3604 5702 cditumllao-

360 5722 549 5769 contra
573 5714 914 5770 Eunomium'.

2033 5726 2194 5774 tenus
2220 5720 2342 5774 fuit.
