3980 6140
449 280 582 348 1491
1640 294 1701 354 S.
1738 295 2005 358 JOANNI

2120 303 2521 367 )AMASCENI
3573 313 3722 380 1492

443 408 531 462 vel
583 405 930 463 confusione.
994 407 1187 464 Dicere
1222 410 1372 466 enim
1420 428 1585 469 unam
1638 427 1920 486 naturam,
1973 436 2002 474 e

2133 427 2526 499 οἱασδηποτοῦν
2563 433 2942 507 διαιρέσεωςῆ
2991 432 3324 506 συγχύσεως.
3359 436 3432 489 Τὸ
3471 435 3591 508 γὰρ
3626 439 3721 493 λέ-

443 499 778 553 voluntatem
831 505 883 553 et
920 498 1084 569 422
1117 502 1498 571 operationem
1554 507 1613 561 in
1665 507 1858 564 eodem
1915 511 2005 566 Do‘

2125 536 2245 587 γειν
2285 498 2415 590 μίαν
2447 523 2634 592 φύσιν,
2677 498 2770 580 uel
2797 498 3037 593 θέλησιν,
3062 498 3159 580 ἑὼ
3181 527 3468 600 ἐνέργειαν
3486 498 3596 583 -ὲπὶ
3617 531 3720 584 τοῦ

445 590 600 644 mino
630 597 824 645 nostro
851 587 984 645 Jesu
1016 589 1264 656 Christo,
1302 603 1356 648 et
1406 612 1517 651 non
1560 597 1726 663 duas,
1764 599 2005 656 doctrin:

2124 611 2291 666 αὐτοῦ
2324 613 2525 684 Κυρίου
2554 617 2710 686 ήμῶν
2742 617 2920 687 Ἰησοῦ
2946 619 3206 689 Χριστοῦ,
3237 620 3330 672 καὶ
3358 621 3419 672 οὐ
3447 620 3567 686 δύο,
3602 624 3720 674 τῶν

441 683 835 753 sententiaque
876 692 963 738 est
994 684 1279 740 hominum
1333 704 1610 759 perversa:
1661 693 1945 762 opinionis
1969 711 2005 752 e1

2125 683 2434 766 κακοδὸξων
2464 683 2926 776 καὶ-βλασφήρων
2953 683 3049 759 καὶ
3083 705 3399 776 ὁμοφρόνων
3465 683 3562 759 σου
3610 707 3715 760 ἀν·-

439 775 918 844 blasphemorum,
943 791 1247 848 eorumque
1281 781 1380 849 qui
1409 789 1592 837 tecum
1626 786 1894 841 sentiunt.
1927 806 1946 840 ι

2122 792 2266 862 δρῶν
2293 793 2528 866 ὑπάρχει
2557 775 2796 866 δίδαγμα
2814 775 2876 850 τε
2897 796 2994 850 καὶ
3018 775 3190 867 φρόνη
3201 775 3298 867 μα.
3337 815 3357 850 ι

543 864 734 920 Sancti
761 867 1068 936 Athanasii,
1104 885 1170 924 ea:
1214 871 1442 940 epistola
1490 874 1560 928 ad
1592 874 1911 946 Epictetum.

2127 883 2239 939 Τοῦ
2271 864 2452 955 ἁγίου
2480 864 2850 950 Ἀθαναάίου,
2890 887 2958 940 ἐκ
2997 864 3110 954 τῆς
3159 864 3309 956 πρὸς
3349 888 3718 956 Ἐπίκτητον

2728 957 3081 1011 ἐπιστολῆς.

2761 973 3081 1026 πιστολης.

511 1046 530 1077 ι
565 1025 622 1080 Si
653 1025 893 1083 Verbum
932 1027 1182 1098 ejusdem
1227 1030 1554 1088 Substantize
1598 1040 1684 1088 est
1714 1048 1780 1089 ac
1812 1049 2005 1106 corpus

2196 1065 2216 1098 ι
2251 1047 2313 1099 El
2363 1046 2421 1099 δὲ
2474 1047 2760 1118 ὀμοούσιος
2812 1050 2841 1101 6
2884 1048 3059 1116 Λόγος
3102 1047 3180 1119 τῷ
3229 1046 3442 1118 σώματι
3496 1049 3564 1102 ὲκ
3603 1049 3718 1118 γῆς

433 1117 581 1185 quod
644 1117 711 1174 de
771 1130 922 1175 terra
978 1128 1234 1175 naturam
1288 1121 1492 1178 habet:
1531 1133 1616 1182 est
1659 1140 1789 1181 vero
1821 1143 2005 1183 secun-

2120 1133 2296 1204 ἔχοντι
2339 1136 2440 1206 τὴν
2483 1117 2678 1205 φύσιν·
2710 1135 2996 1206 ὁμοούσιος
3014 1135 3070 1190 δὲ
3103 1136 3132 1188 6
3154 1117 3351 1204 -Λόγος
3379 1136 3460 1207 τῷ
3495 1137 3717 1207 Ila-cpt,

433 1210 565 1262 dum
621 1208 845 1264 Patrum
887 1209 1322 1277 confessionem,
1381 1212 1624 1268 Verbum
1679 1215 1828 1271 Patri
1878 1233 2005 1273 con-

2120 1225 2261 1280 κατὰ
2287 1226 2384 1297 τὴν
2447 1227 2558 1281 τῶν
2614 1228 2875 1299 Πατέρων
2925 1227 3239 1298 ὁμολογίαν,
3273 1228 3563 1299 ὁμοούσιος
3610 1229 3718 1282 καὶ

434 1297 848 1355 substantiale:
915 1300 1023 1354 erit
1079 1301 1247 1372 igitur
1305 1301 1468 1359 Pater
1515 1307 2005 1364 eonsubstantialis

2120 1318 2277 1382 αὐτὸς
2334 1321 2363 1372 6
2415 1319 2602 1391 Πατὴρ
2643 1319 2722 1390 τῷ
2769 1297 2982 1390 σώματι
3027 1319 3107 1390 τῷ
3158 1321 3230 1373 ἐκ
3257 1297 3360 1389 ﬁt;
3389 1321 3712 1390 γενομένῳ.

433 1391 680 1459 corpori,
711 1391 856 1460 quod
904 1407 935 1446 θ
968 1400 1115 1446 terra
1151 1393 1362 1448 editum
1397 1403 1505 1452 est.
1544 1395 1657 1450 Cur
1702 1397 1890 1468 itaque
1921 1415 2005 1454 ac-

2120 1412 2228 1464 Ka‘t
2251 1412 2306 1465 τί
2369 1411 2448 1465 ἔτι
2497 1412 2803 1483 μέμφονται
2852 1413 2965 1474 τοῖς
3002 1412 3303 1481 Ἀρειανοῖς
3351 1413 3580 1480 λέγουσι
3612 1413 3714 1466 τὸν

433 1491 632 1539 cusant
677 1481 934 1547 Arianos,
993 1482 1090 1551 qui
1144 1481 1346 1538 Filium
1403 1501 1527 1540 esse
1572 1495 1883 1543 creaturam
1929 1488 2005 1543 di-

2120 1501 2246 1556 Υίὸν
2272 1481 2508 1573 κτίσμα,
2531 1501 2781 1570 λέγοντες
2811 1501 2966 1554 αὐτοὶ
2999 1501 3094 1554 καὶ
3122 1501 3213 1554 τὸν
3245 1502 3464 1573 Πατέρα
3499 1502 3713 1572 ὀμ.οοὺ-

431 1579 586 1635 cant,
638 1571 864 1640 quando
909 1573 1016 1644 ipsi
1053 1571 1274 1629 Patrem
1316 1577 1590 1633 creaturis
1641 1580 2012 1638 consubstan-
2117 1607 2265 1657 cm;
2309 1609 2328 1642 ι

428 1661 617 1716 tialem
659 1662 854 1718 aiunt?
890 1683 910 1716 ι
1613 1705 1638 1720 ς

503 1750 574 1806 Et
611 1755 772 1823 paulo
823 1763 984 1825 post:
1023 1775 1042 1808 ι
1079 1754 1216 1823 Quis
1251 1755 1507 1813 infernus
1560 1759 1836 1815 ructando
1893 1760 2002 1814 hoc

2185 1767 2293 1822 Kal
2311 1765 2462 1836 μετὰ
2489 1766 2744 1834 ,βραχέω
2783 1786 2801 1819 ι
2841 1767 3001 1829 Ποῖος
3049 1767 3182 1838 ᾅδης
3216 1768 3554 1838 ἐξηρεύξατο
3574 1771 3710 1839 ἀμο-

433 1844 645 1900 dictum
690 1847 944 1917 protulit,
985 1863 1190 1918 corpus
1213 1865 1280 1905 ex
1311 1848 1486 1903 Maria
1518 1851 2005 1908 consubstantiale

2120 1859 2294 1914 οὐσιον
2328 1859 2504 1912 εἰπεῖν
2525 1857 2586 1912 τὸ
2611 1858 2676 1911 ὲκ
2702 1857 2922 1930 Μαρίας
2967 1857 3129 1929 σῶμα
3157 1862 3223 1929 τῇ
3241 1859 3334 1912 τοῦ
3372 1861 3554 1928 Λόγου
3579 1862 3706 1915 θεό-

428 1951 553 1992 esse
584 1936 863 1994 divinitati
898 1937 1101 1994 Verbi?
1141 1959 1160 1992 ι

2120 1968 2233 2020 εητι
2264 1949 2377 2020 (7);
2423 1966 2441 2000 ι

430 2026 618 2082 Sancti
654 2029 892 2101 Gregorii
927 2031 1200 2112 Theologj,
1221 2048 1286 2112 ea:
1325 2033 1557 2088 secunda
1598 2035 1666 2088 ad
1695 2033 2005 2090 Cledonium

2120 2042 2229 2097 Τοῦ
2250 2041 2423 2112 ἁγίου
2451 2039 2783 2112 Γρῃγορίου
2818 2039 2926 2092 τοῦ
2964 2041 3349 2112 Θεολργουῄἐκ
3381 2040 3499 2110 τῆς
3541 2045 3705 2111 πρὸς

1077 2103 1324 2168 epistola.

2296 2103 2309 2112 ⁷
2387 2103 2723 2178 Κλήδόὀριον
2750 2108 3084 2178 ἐπιστολῆς
3104 2103 3404 2177 δέυτέρας.

503 2215 524 2240 ο
561 2190 786 2247 Natura:
814 2192 1038 2262 quidem
1069 2195 1213 2261 duae,
1247 2196 1395 2251 Dcus
1422 2203 1479 2251 et
1510 2196 1699 2264 homo,
1741 2196 2005 2266 quoniam

427 2282 612 2336 anima
663 2291 718 2339 et
752 2299 995 2355 corpus:
1053 2286 1152 2348 lilii
1203 2302 1335 2343 vero
1380 2304 1492 2344 non
1529 2287 1672 2353 duo;
1697 2304 1877 2358 neque
1907 2288 2003 2343 dii.

424 2371 619 2443 Neque
670 2375 814 2430 enim
862 2376 954 2430 hic
996 2376 1107 2431 duo
1154 2377 1446 2445 homines;
1494 2378 1601 2433 etsi
1643 2377 1870 2441 Paulus,
1905 2377 2008 2432 ho-

425 2463 632 2518 minem
663 2465 760 2535 qui
785 2466 920 2524 loris
951 2475 1060 2533 est,
1089 2474 1143 2523 et
1173 2467 1451 2525 hominem
1473 2467 1570 2538 qui
1606 2467 1755 2523 intus
1775 2474 1886 2533 cst,
1918 2483 2008 2538 ap-

425 2555 649 2625 pellarit
680 2556 747 2611 ⁸¹.
781 2576 802 2610 ι

816 2645 1097 2716 Ejusdem,
1149 2663 1215 2702 ea:
1253 2647 1612 2718 Apotogetico.

505 2756 524 2791 ι
563 2735 682 2794 Hoc
725 2739 884 2796 nobis
926 2741 1011 2794 lex
1059 2741 1177 2796 vult
1223 2741 1557 2812 pmdagogus
1588 2740 1634 2772 ⁸²
1669 2758 1684 2794 :
1734 2739 1841 2795 hoc
1872 2755 2006 2810 pro-

425 2829 609 2899 phetae
646 2828 874 2886 Christo
897 2838 955 2886 et
982 2831 1086 2901 legi
1134 2830 1418 2901 intcrjecti
1453 2851 1466 2888 :
1497 2832 1604 2887 hoc
1638 2831 1896 2886 Christus
1927 2831 2006 2886 le-

424 2921 512 2990 gis
549 2920 858 2991 spintualis
917 2922 1188 2992 perfectio
1242 2929 1298 2976 et
1354 2923 1523 2978 ﬁnis:
1581 2921 1686 2977 hoc
1725 2921 2006 2977 exinanita

423 3012 612 3072 Deitas
638 3031 652 3067 :
678 3011 780 3067 hoc
808 3020 1092 3082 assumpta
1119 3029 1250 3068 caro
1278 3031 1292 3068 :
1321 3013 1427 3070 hoc
1457 3028 1599 3068 nova
1630 3013 1840 3079 mistio,
1861 3014 2006 3069 Deus

2185 2222 2204 2258 ‹
2239 2201 2437 2266 Φύσεις
2475 2200 2574 2272 μὲν
2606 2200 2715 2271 γὰρ
2750 2200 2866 2266 δύο,
2906 2200 3041 2259 Θεὸς
3100 2201 3196 2254 καὶ
3229 2201 3537 2272 ἄνθρωπος,
3568 2206 3702 2259 ἐπεὶ

2109 2299 2206 2352 καὶ
2235 2298 2381 2369 ψυχὴ
2405 2296 2502 2351 καὶ
2532 2296 2690 2368 σῶμα
2717 2311 2732 2326 °
2761 2295 2870 2349 υἱοὶ
2891 2294 3024 2348 δὲού
3049 2295 3163 2360 δύο,
3179 2296 3299 2350 οὐδὲ
3326 2296 3454 2350 θεοί.
3478 2298 3559 2349 Οὐ
3582 2299 3700 2369 γὰρ

2108 2388 2346 2443 ἐνταῦθα
2388 2389 2481 2442 δύο
2529 2387 2829 2460 ἄνθρωποι,
2874 2389 2924 2440 εί
2979 2386 3074 2440 καὶ
3115 2386 3288 2450 οὕτως
3325 2387 3352 2440 6
3382 2387 3596 2452 ﬂaﬁ‘Ao;
3635 2393 3703 2442 th

2109 2481 2266 2544 ἐκτὸς
2299 2479 2394 2534 τοῦ
2428 2477 2718 2550 ἀνθρώπου
2748 2478 2842 2531 καὶ
2877 2477 2940 2531 τὸ
2978 2477 3131 2540 ἐντὸς
3160 2477 3630 2548 προσηγόρευσεν,
3671 2496 3695 2529 ι

2337 2641 2447 2695 Τοῦ
2471 2641 2681 2704 αὐτοῦ,
2710 2641 2780 2696 ἐκ
2825 2641 2932 2697 τοῦ
2972 2641 3449 2713 Ἆπολογητικοῦ.

2185 2750 2202 2783 t
2243 2731 2416 2785 Τοῦτο
2449 2733 2582 2802 ἡμῖν
2611 2735 2639 2786 6
2669 2731 3015 2802 παιδαγωγὸς
3039 2733 3284 2804 βούλεται
3303 2733 3496 2804 νόμος·
3529 2731 3700 2788 τοῦτο

2107 2821 2158 2874 οἱ
2211 2821 2367 2891 μέσοι
2414 2821 2656 2891 Χριστοῦ
2708 2823 2803 2876 καὶ
2853 2823 3020 2894 νόμου
3053 2824 3332 2894 προφῆται
3357 2839 3372 2854 ⁶
3400 2821 3560 2876 τοῦτο
3588 2823 3695 2875 τοῦ

2110 2911 2483 2982 πνευματικοῦ
2510 2912 2676 2982 νόμου
2717 2912 2992 2984 τελειότης
3017 2916 3113 2969 καὶ
3145 2917 3206 2969 τὸ
3237 2915 3390 2978 τέλος
3417 2915 3692 2985 Χριστός·

2109 3003 2267 3057 τοῦτο
2323 3005 2357 3073 ὴ
2406 3002 2705 3056 κενωθείσα
2736 3002 2960 3076 Θεότης·
3010 3004 3170 3058 τοῦτο
3198 3008 3232 3076 ή
3267 3005 3695 3076 προσληφθεῖσα

422 3109 479 3156 ct
504 3101 694 3168 homo,
715 3117 884 3157 unum
904 3117 971 3158 ex
997 3103 1290 3170 ambobus,
1312 3111 1368 3158 et
1390 3112 1624 3174 utraque
1653 3119 1750 3175 per
1767 3118 1958 3161 unum.
1980 3123 1999 3156 ι

2120 3095 2281 3166 σάρξ·
2308 3094 2469 3149 τοῦτο
2498 3095 2531 3166 ἡ
2563 3095 2722 3164 καινὴ
2751 3095 2919 3165 μίξις,
2974 3096 3109 3161 Θεὸς
3152 3098 3247 3151 καὶ
3283 3097 3592 3168 ἄνθρωπος,
3623 3097 3691 3152 ἓν

599 3276 879 3347 Ejusdem,
918 3294 985 3333 ex
1017 3295 1259 3334 sermone
1305 3279 1531 3335 secundo
1557 3279 1621 3334 de
1656 3279 1824 3334 Filio.

498 3390 521 3424 ι
556 3370 786 3442 Signum
823 3386 959 3428 vero
988 3372 1093 3428 hoc
1143 3380 1272 3428 est:
1323 3373 1553 3444 quando
1599 3381 1813 3430 naturae
1851 3373 2005 3444 cogi-

423 3465 635 3519 tatione
703 3463 1048 3534 discrepant,
1120 3465 1287 3520 simul
1353 3465 1578 3520 nomina
1655 3464 2000 3519 dividuntur.

421 3555 566 3610 Audi
607 3553 836 3609 Paulum
871 3555 1148 3612 dicentem
1179 3576 1192 3612 :
1234 3555 1304 3612 Ut
1335 3557 1474 3613 Deus
1511 3567 1562 3612 et
1592 3557 1760 3612 Pater
1787 3557 2004 3613 Domini

423 3647 596 3702 nostri
643 3645 774 3701 Iesu
823 3645 1051 3713 Christi,
1100 3647 1263 3702 Pater
1306 3648 1490 3719 gloria:
1525 3648 1601 3714 ⁵³;
1633 3646 1841 3703 Christi
1878 3647 2002 3718 qui-

421 3739 547 3792 dem
577 3739 749 3803 Deus,
802 3738 993 3809 gloriae
1024 3755 1156 3795 vero
1207 3739 1393 3795 Pater.
1428 3738 1484 3794 Si
1523 3740 1668 3795 enim
1705 3747 2004 3810 utrumque

424 3844 631 3894 unum;
665 3834 720 3882 at
760 3843 868 3884 non
907 3837 1132 3897 natura,
1171 3830 1268 3886 sed
1301 3831 1564 3886 coitione.
1593 3850 1612 3883 ι

423 3917 704 3988 Ejusdem,
739 3920 948 3989 reliqua
978 3938 1104 3990 pars
1161 3923 1510 3976 auctoritatis
1557 3923 1718 3990 paulo
1755 3930 1878 3976 ante
1927 3921 2003 3975 ci-

735 4000 862 4045 tata:
895 4007 961 4045 ετ
987 3991 1233 4060 Epistola
1266 3992 1334 4045 ad
1355 3990 1694 4047 Cledonium.

497 4096 519 4131 ι
555 4077 616 4135 Si
656 4095 788 4136 vero
835 4095 1051 4136 summa
1096 4080 1392 4135 dicendum
1437 4088 1547 4143 est,
1591 4079 1742 4135 aliud
1777 4080 2001 4150 quidem

421 4179 477 4226 et
506 4173 683 4239 aliud,
717 4189 782 4229 ea
833 4188 902 4229 ex
956 4173 1160 4242 quibus
1189 4184 1274 4227 εει
1305 4172 1598 4241 Salvator;
1639 4173 1848 4244 quippe
1872 4188 2001 4228 cum

423 4261 567 4317 idem
617 4277 726 4318 non
783 4263 898 4318 sint
951 4263 1002 4318 id
1039 4262 1186 4332 quod
1223 4261 1562 4333 aspectabile
1611 4269 1696 4316 est
1755 4272 1812 4316 et
1865 4261 2002 4317 illud

422 4351 573 4423 quod
645 4355 886 4424 spectari
949 4355 1192 4424 nequit:
1240 4368 1367 4410 esse
1427 4363 1584 4409 extra
1631 4361 1884 4423 tempus,
1948 4363 2006 4410 et

423 4445 654 4500 subesse
675 4446 911 4515 tempori
939 4467 952 4500 :
985 4454 1168 4500 atnon
1189 4445 1395 4502 aliuset
1423 4445 1597 4508 alius;
1632 4444 1794 4502 absit!
1822 4445 1998 4501 Ambo
2029 4431 2074 4488 Ῑ)

423 4536 694 4605 siquidem
727 4552 896 4590 unum
929 4537 1352 4607 temperatione,
1401 4537 1514 4592 Deo
1548 4535 1775 4593 homine
1808 4537 1956 4593 facta
1982 4578 1999 4606 ,

422 4639 478 4682 et
519 4628 741 4682 homine
774 4626 920 4681 facto
951 4628 1085 4693 Deo,
1128 4628 1214 4682 vel
1256 4629 1763 4698 quomodocunque
1811 4628 1996 4684 uomi-

423 4733 563 4772 nare
615 4717 794 4787 ipsum
842 4717 1092 4773 libuerit,
1153 4718 1291 4772 Dico
1334 4727 1517 4774 autem
1553 4717 1702 4774 aliud
1731 4727 1786 4774 et
1820 4718 1994 4784 aliud,

424 4813 623 4860 contra
679 4813 845 4874 atque
896 4807 954 4861 in
998 4816 1188 4862 sancta
1220 4806 1492 4863 Trinitate
1544 4823 1605 4864 se
1661 4809 1849 4867 habet.
1881 4807 1999 4865 Illic

422 4897 570 4951 enim
602 4895 746 4951 alius
790 4904 845 4951 et
885 4897 1033 4952 alius
1067 4897 1296 4966 dicitur,
1341 4915 1406 4954 ne
1459 4898 1871 4954 conluudamus
1901 4899 2001 4970 hy-

427 4997 716 5058 postases:
777 5003 890 5042 non
951 4989 1084 5043 item
1121 4991 1268 5045 aliud
1325 5001 1382 5046 et
1413 4991 1583 5046 aliud.
1640 4987 1823 5045 Unum
1855 4991 2002 5046 enim

426 5079 531 5133 tria
562 5088 712 5144 sunt,
749 5077 1006 5148 idemque
1031 5079 1266 5134 Deitate.
1302 5099 1321 5130 ι

498 5169 818 5224 Scholium:
871 5169 929 5223 Si
974 5185 1084 5224 non
1118 5178 1202 5224 est
1252 5168 1401 5222 aliud
1430 5179 1483 5222 et
1517 5168 1690 5236 aliud,
1743 5171 1870 5238 quia
1916 5176 2004 5223 est

431 5275 541 5317 una
595 5271 816 5330 natura,
868 5262 1018 5316 aliud
1055 5261 1222 5327 igitur
1273 5270 1326 5316 et
1379 5260 1524 5315 aliud
1567 5278 1675 5316 non
1723 5270 1852 5317 sunt
1891 5276 2001 5314 una

497 5432 542 5464 ⁵⁸
579 5429 622 5484 ll
654 5432 782 5487 Cor.
818 5447 889 5496 ιν,
918 5429 1006 5485 16.

2107 3184 2168 3250 ἐξ
2195 3186 2416 3256 ἀμφοῖν,
2442 3187 2538 3240 καὶ
2570 3186 2638 3240 δι’
2669 3187 2788 3251 ἑνὸς
2810 3188 3149 3258 ἀμφότερα.»

2113 3277 2224 3334 Τοῦ
2252 3279 2461 3345 αὑτοῦ,
2505 3279 2576 3333 ἐκ
2622 3279 2728 3335 τοῦ
2787 3281 2920 3350 περὶ
2976 3280 3112 3334 Υιοῦ
3160 3280 3443 3349 δευτέρου
3470 3279 3688 3349 λόγου.

2183 3371 2457 3441 «Σημεῖαν
2499 3371 2577 3436 δὲ,
2637 3371 2802 3441 ἡνίκα
2854 3374 2911 3426 αἱ
2969 3371 3161 3442 φύσεις
3215 3371 3514 3425 διίστανται
3561 3374 3691 3435 ταῖς

2105 3464 2396 3530 ἐπινοίαις,
2431 3465 2817 3534 συνδιαιρεὴαι
2843 3465 2940 3517 καὶ
2963 3465 3032 3518 τὰ
3059 3465 3299 3535 ὀνόματα
3315 3480 3332 3494 ·
3353 3465 3564 3518 Παύλου
3591 3464 3690 3516 λέ-

2104 3571 2291 3622 γοντος
2312 3555 2571 3610 ἄκουσονο
2594 3557 2718 3611 Ἵνα
2735 3560 2768 3612 ὁ
2790 3555 2932 3622 Θεὸς
2950 3556 3047 3610 καὶ
3067 3559 3099 3610 d
3115 3554 3319 3624 Πατὴρ
3337 3555 3443 3610 τοῦ
3462 3555 3694 3622 Κυρίου

2105 3645 2275 3715 ἡμῶν
2309 3646 2503 3714 Ἰησοῦ
2530 3647 2812 3716 Χριστοῦ,
2851 3652 2886 3702 ὀ
2923 3647 3126 3716 Πατὴρ
3151 3646 3259 3714 τῆς
3285 3647 3472 3714 δόξης
3497 3662 3512 3676 ·
3541 3647 3688 3716 Χρι-

2105 3736 2232 3791 στοῦ
2261 3737 2359 3809 μὲν
2391 3738 2544 3804 Θεὸς,
2583 3741 2683 3810 τῆς
2705 3740 2760 3792 δὲ
2791 3738 2951 3810 δόξης
2983 3741 3203 3811 Πατήρ’
3230 3740 3279 3792 εί
3314 3738 3421 3807 γὰρ
3467 3737 3526 3789 τὸ
3551 3753 3687 3789 συν-

2104 3829 2411 3901 αμφότερον
2435 3830 2515 3896 ἓν,
2550 3831 2664 3884 ἀλλ’
2692 3833 2752 3884 οὐ
2786 3835 2854 3904 τῇ
2885 3831 3068 3901 φύσει,
3099 3833 3167 3902 τῇ
3202 3831 3257 3884 δὲ
3284 3829 3498 3897 συνόδῳ.
3538 3846 3559 3877 ι

2108 3919 2220 3975 Τοῦ
2235 3920 2444 3996 αὐτοῦ,
2490 3921 3074 3996 ιζναπλῄρωσιςλτῆς
3126 3922 3255 3996 πρὸ⁸
3273 3915 3685 3996 μικροῦ-ῃῆ-

2191 4004 2346 4057 σεως
2365 3991 2434 4044 ἐκ
2466 3991 2578 4060 τῆς
2607 3992 2764 4061 πρῲ
2782 3992 3128 4062 Κληδόνων
3155 3992 3214 4056 ,ϐ’
3233 3991 3578 4054 ἐπιστολῆς.

2181 4099 2200 4133 ι
2233 4083 2296 4136 El
2325 4081 2382 4134 δὲ
2407 4082 2489 4136 δεῖ
2517 4084 2795 4154 συντόμως
2853 4087 3050 4150 εἰπεῖν,
3092 4082 3223 4138 ἄλλο
3269 4082 3363 4152 μὲν
3417 4079 3515 4132 κσῖι
3544 4077 3687 4132 ἄλλο

2101 4172 2172 4227 τὰ
2196 4173 2257 4238 ἐξ
2282 4166 2356 4229 ὧν
2385 4176 2415 4228 6
2441 4176 2591 4246 Σωτή
2601 4193 2632 4246 ρ
2661 4193 2674 4207 ·
2716 4176 2875 4248 εἴπερ
2907 4176 2981 4247 μὴ
3025 4175 3221 4229 ταυτὸν
3250 4174 3312 4226 τὸ
3339 4174 3568 4242 ἀόρατον
3600 4171 3685 4240 τῷ

2101 4263 2304 4333 ὁρατῷ,
2336 4265 2431 4318 καὶ
2458 4264 2518 4318 τὸ
2543 4265 2774 4336 ἄχρονον
2825 4266 2906 4336 τῷ
2952 4265 3262 4336 ὑποχρὸνῳ·
3306 4264 3408 4316 οὐκ
3437 4262 3593 4325 ἄλλος
3618 4262 3684 4315 δὲ

2104 4358 2202 4410 καὶ
2235 4357 2394 4421 ἄλλος
2411 4375 2425 4389 ·
2457 4358 2531 4429 μὴ
2554 4359 2791 4427 γένοιτοε
2824 4359 2906 4412 Τὰ
2929 4359 3038 4430 γὰρ
3058 4359 3345 4428 ἀμφότερα
3369 4356 3426 4411 ἓν
3455 4359 3522 4427 τῇ
3548 4373 3682 4423 συγ-

2107 4449 2323 4520 κράσει,
2357 4449 2494 4506 Θεοῦ
2555 4451 2654 4522 μὲν
2707 4451 3252 4522 ἐνανθρωπήσαντος,
3304 4447 3594 4520 ἀνθρώπω
3622 4446 3684 4500 δὲ

2107 4541 2420 4607 θεωθέντος,
2450 4543 2483 4614 ἢ
2508 4545 2657 4607 ὅπως
2707 4544 2777 4599 ἄν
2817 4561 2902 4608 τις
2937 4542 3248 4613 ὀνομάσειε.
3283 4541 3444 4609 Λέγω
3471 4539 3528 4594 δὲ
3554 4540 3683 4593 ἄλλο

2104 4636 2200 4690 καὶ
2219 4635 2348 4690 ἄλλο
2373 4636 2677 4707 ἕμπαλιν,ἦ
2709 4637 2801 4690 ἐπὶ
2823 4637 2923 4706 τῆς
2963 4635 3192 4706 Τριάδος
3229 4633 3365 4703 ἔχει.
3411 4635 3562 4685 Ἐκεῖ
3581 4633 3679 4702 μὲν

2102 4727 2211 4798 γὰρ
2244 4726 2406 4791 ἄλλος
2455 4729 2550 4781 καὶ
2607 4727 2784 4792 ἄλλος,
2817 4728 2906 4781 ἵνα
2942 4727 3018 4797 μὴ
3055 4725 3156 4789 τὰς
3193 4725 3523 4786 ὑποστάσεις
3550 4739 3683 4791 συγ-

2105 4820 2341 4890 χέωμεν,
2372 4821 2473 4873 οὐκ
2504 4819 2633 4874 ἄλλο
2664 4819 2722 4872 δὲ
2755 4821 2851 4874 καὶ
2878 4819 3026 4875 ἄλλο.
3057 4819 3154 4872 Ἓν
3182 4818 3294 4887 γὰρ
3315 4816 3382 4871 τὰ
3412 4816 3565 4887 τρία,
3584 4815 3686 4869 καὶ

2103 4907 2300 4964 ταυτὸν
2319 4911 2384 4980 τῇ
2407 4909 2652 4981 Θεότητι.
2690 4929 2708 4961 ι

2179 5173 2458 5242 Σχόλιον.
2494 5172 2557 5224 Et
2580 5172 2681 5225 οὐκ
2701 5171 2828 5227 ἄλλο
2859 5171 2953 5225 ml.
2981 5169 3129 5234 ἄλλο,
3157 5169 3248 5224 διὰ
3277 5167 3340 5220 τδ
3377 5166 3508 5237 μίαν
3540 5159 3687 5219 εἶναι

2108 5264 2208 5334 τὴν
2228 5264 2409 5334 φύσιν,
2433 5264 2496 5317 τὸ
2521 5263 2647 5319 ἄλλο
2675 5265 2782 5336 ἄρα
2829 5265 2925 5319 καὶ
2955 5263 3082 5318 ἄλλο
3122 5262 3183 5316 οὐ
3227 5259 3325 5332 μία
3355 5260 3541 5329 φύσις.
3575 5259 3690 5314 Καὶ

1104 5427 1349 5483 “Galat.
1379 5445 1458 5495 nt,
1499 5429 1589 5484 ‘26.
1656 5429 1699 5460 ⁵³
1728 5427 1926 5499 Ephcs.
1985 5445 2026 5493 ι,
2065 5430 2120 5495 5,
2170 5430 2250 5486 l7.

1912 5580 2144 5638 NOTAE.

516 5673 591 5746 (7)
630 5677 754 5732 Παῖς
773 5676 986 5749 aliaque
1008 5679 1330 5738 Ambrosius
1359 5679 1602 5735 imitatus
1625 5684 1727 5742 cst,
1753 5674 2004 5731 citaudus
2037 5671 2198 5729 infra.
