  <div class='ocr_page' id='page_1' title='image "/cluster/home/n/w/nwhite01/storage/ocr_20150623/94/mdp.39015008918610/754.png"; bbox 0 0 3970 6156; ppageno 0'>
   <div class='ocr_carea' id='block_1_1' title="bbox 369 289 506 358">
    <p class='ocr_par' dir='ltr' id='par_1_1' title="bbox 369 289 506 358">
     <span class='ocr_line' id='line_1_1' title="bbox 369 289 506 358; baseline -0.007 0"><span class='ocrx_word' id='word_1_1' title='bbox 369 289 506 358; x_wconf 78' lang='grc'><strong>1493</strong></span> 
     </span>
    </p>
   </div>
   <div class='ocr_carea' id='block_1_2' title="bbox 1625 297 2370 360">
    <p class='ocr_par' dir='ltr' id='par_1_2' title="bbox 1625 297 2370 360">
     <span class='ocr_line' id='line_1_2' title="bbox 1625 297 2370 360; baseline 0 0"><span class='ocrx_word' id='word_1_2' title='bbox 1625 297 1929 360; x_wconf 83' lang='lat' dir='ltr'><strong>CONTRA</strong></span> <span class='ocrx_word' id='word_1_3' title='bbox 1953 297 2370 360; x_wconf 83' lang='lat' dir='ltr'><strong>JACOBITAS.</strong></span> 
     </span>
    </p>
   </div>
   <div class='ocr_carea' id='block_1_3' title="bbox 2368 169 2449 199">
    <p class='ocr_par' dir='ltr' id='par_1_3' title="bbox 2368 169 2449 199">
     <span class='ocr_line' id='line_1_3' title="bbox 2368 169 2449 199; baseline 0 -14"><span class='ocrx_word' id='word_1_4' title='bbox 2368 169 2449 199; x_wconf 54' lang='grc' dir='ltr'><strong>..ἐ</strong></span> 
     </span>
    </p>
   </div>
   <div class='ocr_carea' id='block_1_4' title="bbox 3485 299 3621 367">
    <p class='ocr_par' dir='ltr' id='par_1_4' title="bbox 3485 299 3621 367">
     <span class='ocr_line' id='line_1_4' title="bbox 3485 299 3621 367; baseline 0.022 -3"><span class='ocrx_word' id='word_1_5' title='bbox 3485 299 3621 367; x_wconf 67' lang='grc'><strong>1494</strong></span> 
     </span>
    </p>
   </div>
   <div class='ocr_carea' id='block_1_5' title="bbox 366 405 1948 479">
    <p class='ocr_par' dir='ltr' id='par_1_5' title="bbox 366 405 1944 479">
     <span class='ocr_line' id='line_1_5' title="bbox 366 405 1944 479; baseline -0.001 -17"><span class='ocrx_word' id='word_1_6' title='bbox 366 409 418 462; x_wconf 80' lang='grc' dir='ltr'><strong>εί</strong></span> <span class='ocrx_word' id='word_1_7' title='bbox 446 405 684 478; x_wconf 74' lang='grc' dir='ltr'>ἔμπαλιν</span> <span class='ocrx_word' id='word_1_8' title='bbox 733 405 767 476; x_wconf 79' lang='grc' dir='ltr'>ἢ</span> <span class='ocrx_word' id='word_1_9' title='bbox 830 405 922 461; x_wconf 70' lang='grc' dir='ltr'><strong>ἐπὶ</strong></span> <span class='ocrx_word' id='word_1_10' title='bbox 983 406 1085 478; x_wconf 75' lang='grc' dir='ltr'>τῆς</span> <span class='ocrx_word' id='word_1_11' title='bbox 1118 405 1347 479; x_wconf 82' lang='grc' dir='ltr'>Τριὰδος</span> <span class='ocrx_word' id='word_1_12' title='bbox 1377 405 1512 478; x_wconf 74' lang='grc' dir='ltr'>ἔχει,</span> <span class='ocrx_word' id='word_1_13' title='bbox 1540 409 1658 462; x_wconf 77' lang='grc' dir='ltr'>ἐκεῖ</span> <span class='ocrx_word' id='word_1_14' title='bbox 1697 409 1757 463; x_wconf 76' lang='grc' dir='ltr'>δὲ</span> <span class='ocrx_word' id='word_1_15' title='bbox 1792 410 1944 479; x_wconf 77' lang='grc' dir='ltr'>τρεῖς</span> 
     </span>
    </p>
   </div>
   <div class='ocr_carea' id='block_1_6' title="bbox 2064 405 3626 479">
    <p class='ocr_par' dir='ltr' id='par_1_6' title="bbox 2064 409 3626 474">
     <span class='ocr_line' id='line_1_6' title="bbox 2064 409 3626 474; baseline 0.003 -13"><span class='ocrx_word' id='word_1_16' title='bbox 2064 421 2267 464; x_wconf 65' lang='grc' dir='ltr'>ιειιιτιι.</span> <span class='ocrx_word' id='word_1_17' title='bbox 2302 409 2368 463; x_wconf 85' lang='grc' dir='ltr'>Ει</span> <span class='ocrx_word' id='word_1_18' title='bbox 2398 409 2444 464; x_wconf 91' lang='lat' dir='ltr'><strong>si</strong></span> <span class='ocrx_word' id='word_1_19' title='bbox 2470 422 2713 474; x_wconf 86' lang='lat' dir='ltr'><strong>rursum,</strong></span> <span class='ocrx_word' id='word_1_20' title='bbox 2750 415 2947 464; x_wconf 89' lang='lat' dir='ltr'><strong>contra</strong></span> <span class='ocrx_word' id='word_1_21' title='bbox 2990 424 3055 464; x_wconf 88' lang='lat' dir='ltr'><strong>ac</strong></span> <span class='ocrx_word' id='word_1_22' title='bbox 3086 409 3141 464; x_wconf 90' lang='lat' dir='ltr'><strong>in</strong></span> <span class='ocrx_word' id='word_1_23' title='bbox 3191 417 3388 466; x_wconf 84' lang='lat' dir='ltr'><strong>sancta</strong></span> <span class='ocrx_word' id='word_1_24' title='bbox 3438 411 3626 466; x_wconf 84' lang='lat' dir='ltr'><strong>Trini-</strong></span> 
     </span>
    </p>
   </div>
   <div class='ocr_carea' id='block_1_7' title="bbox 365 497 1945 580">
    <p class='ocr_par' dir='ltr' id='par_1_7' title="bbox 365 497 1945 580">
     <span class='ocr_line' id='line_1_7' title="bbox 365 497 1945 580; baseline 0.001 -27"><span class='ocrx_word' id='word_1_25' title='bbox 365 500 722 580; x_wconf 68' lang='grc' dir='ltr'>ὑποστάσεις,</span> <span class='ocrx_word' id='word_1_26' title='bbox 764 497 854 554; x_wconf 80' lang='grc' dir='ltr'>διὰ</span> <span class='ocrx_word' id='word_1_27' title='bbox 892 500 976 564; x_wconf 79' lang='grc' dir='ltr'><strong>τὸ,</strong></span> <span class='ocrx_word' id='word_1_28' title='bbox 1007 499 1166 563; x_wconf 81' lang='grc' dir='ltr'>ἄλλος</span> <span class='ocrx_word' id='word_1_29' title='bbox 1212 500 1310 552; x_wconf 80' lang='grc' dir='ltr'><strong>καὶ</strong></span> <span class='ocrx_word' id='word_1_30' title='bbox 1338 499 1517 564; x_wconf 76' lang='grc' dir='ltr'>ἄλλος,</span> <span class='ocrx_word' id='word_1_31' title='bbox 1562 499 1661 570; x_wconf 88' lang='grc' dir='ltr'><strong>μία</strong></span> <span class='ocrx_word' id='word_1_32' title='bbox 1696 501 1754 554; x_wconf 83' lang='grc' dir='ltr'>δὲ</span> <span class='ocrx_word' id='word_1_33' title='bbox 1781 500 1945 570; x_wconf 82' lang='grc' dir='ltr'>φύσις</span> 
     </span>
    </p>
   </div>
   <div class='ocr_carea' id='block_1_8' title="bbox 364 588 1946 662">
    <p class='ocr_par' dir='ltr' id='par_1_8' title="bbox 364 588 1946 662">
     <span class='ocr_line' id='line_1_8' title="bbox 364 588 1946 662; baseline 0 -18"><span class='ocrx_word' id='word_1_34' title='bbox 364 590 536 644; x_wconf 84' lang='grc' dir='ltr'>διὰτὸ</span> <span class='ocrx_word' id='word_1_35' title='bbox 567 588 642 660; x_wconf 79' lang='grc' dir='ltr'>μὴ</span> <span class='ocrx_word' id='word_1_36' title='bbox 676 588 803 643; x_wconf 77' lang='grc' dir='ltr'>ἄλλο</span> <span class='ocrx_word' id='word_1_37' title='bbox 853 590 950 644; x_wconf 80' lang='grc' dir='ltr'><strong>καὶ</strong></span> <span class='ocrx_word' id='word_1_38' title='bbox 1009 590 1168 658; x_wconf 75' lang='grc' dir='ltr'>ἄλλο·</span> <span class='ocrx_word' id='word_1_39' title='bbox 1215 589 1451 644; x_wconf 67' lang='grc' dir='ltr'>ἐνταῦθα</span> <span class='ocrx_word' id='word_1_40' title='bbox 1481 589 1576 644; x_wconf 85' lang='grc' dir='ltr'><strong>δύο</strong></span> <span class='ocrx_word' id='word_1_41' title='bbox 1611 591 1712 662; x_wconf 80' lang='grc' dir='ltr'>μὲν</span> <span class='ocrx_word' id='word_1_42' title='bbox 1755 590 1946 660; x_wconf 83' lang='grc' dir='ltr'>φύσεις</span> 
     </span>
    </p>
   </div>
   <div class='ocr_carea' id='block_1_9' title="bbox 363 682 1947 756">
    <p class='ocr_par' dir='ltr' id='par_1_9' title="bbox 363 682 1947 756">
     <span class='ocr_line' id='line_1_9' title="bbox 363 682 1947 756; baseline 0.004 -21"><span class='ocrx_word' id='word_1_43' title='bbox 363 682 551 750; x_wconf 77' lang='grc' dir='ltr'>διὰτὸ,</span> <span class='ocrx_word' id='word_1_44' title='bbox 579 683 706 738; x_wconf 75' lang='grc' dir='ltr'>ἄλλο</span> <span class='ocrx_word' id='word_1_45' title='bbox 735 684 831 737; x_wconf 70' lang='grc' dir='ltr'>καὶ</span> <span class='ocrx_word' id='word_1_46' title='bbox 854 683 1006 753; x_wconf 79' lang='grc' dir='ltr'>ἄλλο,</span> <span class='ocrx_word' id='word_1_47' title='bbox 1057 685 1156 756; x_wconf 97' lang='grc' dir='ltr'><strong>μία</strong></span> <span class='ocrx_word' id='word_1_48' title='bbox 1182 684 1240 741; x_wconf 85' lang='grc' dir='ltr'>δὲ</span> <span class='ocrx_word' id='word_1_49' title='bbox 1279 685 1603 754; x_wconf 82' lang='grc' dir='ltr'><strong>ὑπόστασις,</strong></span> <span class='ocrx_word' id='word_1_50' title='bbox 1641 687 1730 741; x_wconf 84' lang='grc' dir='ltr'>διὰ</span> <span class='ocrx_word' id='word_1_51' title='bbox 1763 687 1824 741; x_wconf 87' lang='grc' dir='ltr'><strong>τὸ</strong></span> <span class='ocrx_word' id='word_1_52' title='bbox 1845 687 1947 742; x_wconf 85' lang='grc' dir='ltr'><strong>οὐκ</strong></span> 
     </span>
    </p>
   </div>
   <div class='ocr_carea' id='block_1_10' title="bbox 367 774 855 840">
    <p class='ocr_par' dir='ltr' id='par_1_10' title="bbox 367 774 855 840">
     <span class='ocr_line' id='line_1_10' title="bbox 367 774 855 840; baseline 0.006 -12"><span class='ocrx_word' id='word_1_53' title='bbox 367 774 526 840; x_wconf 78' lang='grc' dir='ltr'>ἄλλος</span> <span class='ocrx_word' id='word_1_54' title='bbox 557 775 652 828; x_wconf 75' lang='grc' dir='ltr'>καὶ</span> <span class='ocrx_word' id='word_1_55' title='bbox 678 774 855 839; x_wconf 80' lang='grc' dir='ltr'>ἄλλος.</span> 
     </span>
    </p>
   </div>
   <div class='ocr_carea' id='block_1_11' title="bbox 429 953 1881 1026">
    <p class='ocr_par' dir='ltr' id='par_1_11' title="bbox 429 953 1881 1026">
     <span class='ocr_line' id='line_1_11' title="bbox 429 953 1881 1026; baseline 0.001 -17"><span class='ocrx_word' id='word_1_56' title='bbox 429 953 542 1009; x_wconf 87' lang='grc' dir='ltr'><strong>Τοῦ</strong></span> <span class='ocrx_word' id='word_1_57' title='bbox 567 954 774 1021; x_wconf 81' lang='grc' dir='ltr'>αὐτοῦ,</span> <span class='ocrx_word' id='word_1_58' title='bbox 803 954 872 1008; x_wconf 78' lang='grc' dir='ltr'>ἐκ</span> <span class='ocrx_word' id='word_1_59' title='bbox 891 954 1000 1010; x_wconf 86' lang='grc' dir='ltr'><strong>τοῦ</strong></span> <span class='ocrx_word' id='word_1_60' title='bbox 1023 954 1157 1024; x_wconf 78' lang='grc' dir='ltr'>περὶ</span> <span class='ocrx_word' id='word_1_61' title='bbox 1187 957 1326 1012; x_wconf 80' lang='grc' dir='ltr'>Υιοῦ</span> <span class='ocrx_word' id='word_1_62' title='bbox 1350 957 1635 1026; x_wconf 82' lang='grc' dir='ltr'>δευτέρου</span> <span class='ocrx_word' id='word_1_63' title='bbox 1675 958 1881 1026; x_wconf 75' lang='grc' dir='ltr'>λόγου.</span> 
     </span>
    </p>
   </div>
   <div class='ocr_carea' id='block_1_12' title="bbox 440 1043 1930 1119">
    <p class='ocr_par' dir='ltr' id='par_1_12' title="bbox 440 1043 1930 1119">
     <span class='ocr_line' id='line_1_12' title="bbox 440 1043 1930 1119; baseline 0.003 -22"><span class='ocrx_word' id='word_1_64' title='bbox 440 1062 461 1097; x_wconf 80' lang='grc' dir='ltr'><strong>ι</strong></span> <span class='ocrx_word' id='word_1_65' title='bbox 485 1043 654 1098; x_wconf 81' lang='grc' dir='ltr'>Τοῦτό</span> <span class='ocrx_word' id='word_1_66' title='bbox 681 1046 829 1098; x_wconf 77' lang='grc' dir='ltr'>ἐστιν</span> <span class='ocrx_word' id='word_1_67' title='bbox 855 1045 885 1099; x_wconf 81' lang='grc' dir='ltr'>ὃ</span> <span class='ocrx_word' id='word_1_68' title='bbox 913 1049 1368 1117; x_wconf 75' lang='grc' dir='ltr'>ποιεϊαίρετικοῖς</span> <span class='ocrx_word' id='word_1_69' title='bbox 1389 1048 1487 1119; x_wconf 84' lang='grc' dir='ltr'><strong>τὴν</strong></span> <span class='ocrx_word' id='word_1_70' title='bbox 1514 1048 1742 1118; x_wconf 80' lang='grc' dir='ltr'><strong>πλάνην,</strong></span> <span class='ocrx_word' id='word_1_71' title='bbox 1769 1049 1801 1118; x_wconf 81' lang='grc' dir='ltr'><strong>ἡ</strong></span> <span class='ocrx_word' id='word_1_72' title='bbox 1823 1047 1930 1102; x_wconf 87' lang='grc' dir='ltr'>τῶν</span> 
     </span>
    </p>
   </div>
   <div class='ocr_carea' id='block_1_13' title="bbox 366 1135 1945 1210">
    <p class='ocr_par' dir='ltr' id='par_1_13' title="bbox 366 1135 1945 1210">
     <span class='ocr_line' id='line_1_13' title="bbox 366 1135 1945 1210; baseline 0.002 -21"><span class='ocrx_word' id='word_1_73' title='bbox 366 1135 647 1205; x_wconf 81' lang='grc' dir='ltr'><strong>ὀνομάτων</strong></span> <span class='ocrx_word' id='word_1_74' title='bbox 679 1135 978 1204; x_wconf 78' lang='grc' dir='ltr'>ὲπίξευξις,</span> <span class='ocrx_word' id='word_1_75' title='bbox 1000 1137 1486 1210; x_wconf 81' lang='grc' dir='ltr'>ὲπαλλαττομένων</span> <span class='ocrx_word' id='word_1_76' title='bbox 1507 1139 1617 1192; x_wconf 86' lang='grc' dir='ltr'><strong>τῶν</strong></span> <span class='ocrx_word' id='word_1_77' title='bbox 1645 1138 1945 1209; x_wconf 83' lang='grc' dir='ltr'><strong>ὀνομάτων,</strong></span> 
     </span>
    </p>
   </div>
   <div class='ocr_carea' id='block_1_14' title="bbox 365 1224 1950 1300">
    <p class='ocr_par' dir='ltr' id='par_1_14' title="bbox 365 1224 1950 1300">
     <span class='ocr_line' id='line_1_14' title="bbox 365 1224 1950 1300; baseline 0.003 -23"><span class='ocrx_word' id='word_1_78' title='bbox 365 1224 456 1278; x_wconf 79' lang='grc' dir='ltr'>διὰ</span> <span class='ocrx_word' id='word_1_79' title='bbox 494 1224 594 1294; x_wconf 87' lang='grc' dir='ltr'><strong>τὴν</strong></span> <span class='ocrx_word' id='word_1_80' title='bbox 650 1224 978 1296; x_wconf 79' lang='grc' dir='ltr'>σύγκρασιν.</span> <span class='ocrx_word' id='word_1_81' title='bbox 1035 1227 1270 1298; x_wconf 83' lang='grc' dir='ltr'>Σημεϊον</span> <span class='ocrx_word' id='word_1_82' title='bbox 1318 1228 1376 1282; x_wconf 85' lang='grc' dir='ltr'>δὲ</span> <span class='ocrx_word' id='word_1_83' title='bbox 1398 1229 1473 1292; x_wconf 85' lang='grc' dir='ltr'>ὡς</span> <span class='ocrx_word' id='word_1_84' title='bbox 1493 1228 1654 1300; x_wconf 81' lang='grc' dir='ltr'>ἡνίκα</span> <span class='ocrx_word' id='word_1_85' title='bbox 1678 1231 1734 1282; x_wconf 76' lang='grc' dir='ltr'><strong>αἱ</strong></span> <span class='ocrx_word' id='word_1_86' title='bbox 1756 1229 1950 1298; x_wconf 80' lang='grc' dir='ltr'>φύσεις</span> 
     </span>
    </p>
   </div>
   <div class='ocr_carea' id='block_1_15' title="bbox 364 1316 1946 1390">
    <p class='ocr_par' dir='ltr' id='par_1_15' title="bbox 364 1316 1946 1390">
     <span class='ocr_line' id='line_1_15' title="bbox 364 1316 1946 1390; baseline 0.004 -22"><span class='ocrx_word' id='word_1_87' title='bbox 364 1316 672 1370; x_wconf 78' lang='grc' dir='ltr'>διίστανται</span> <span class='ocrx_word' id='word_1_88' title='bbox 696 1319 818 1382; x_wconf 78' lang='grc' dir='ltr'>ταῖς</span> <span class='ocrx_word' id='word_1_89' title='bbox 845 1317 1140 1385; x_wconf 73' lang='grc' dir='ltr'>ἐπινοίαις,</span> <span class='ocrx_word' id='word_1_90' title='bbox 1169 1319 1564 1389; x_wconf 83' lang='grc' dir='ltr'>συνδιαιρεϊται</span> <span class='ocrx_word' id='word_1_91' title='bbox 1588 1319 1657 1372; x_wconf 83' lang='grc' dir='ltr'><strong>τὰ</strong></span> <span class='ocrx_word' id='word_1_92' title='bbox 1685 1319 1946 1390; x_wconf 87' lang='grc' dir='ltr'>ὀνόματα.</span> 
     </span>
    </p>
   </div>
   <div class='ocr_carea' id='block_1_16' title="bbox 365 1407 1949 1479">
    <p class='ocr_par' dir='ltr' id='par_1_16' title="bbox 365 1407 1949 1479">
     <span class='ocr_line' id='line_1_16' title="bbox 365 1407 1949 1479; baseline 0.004 -19"><span class='ocrx_word' id='word_1_93' title='bbox 365 1407 582 1462; x_wconf 81' lang='grc' dir='ltr'>Παύλου</span> <span class='ocrx_word' id='word_1_94' title='bbox 611 1409 862 1478; x_wconf 83' lang='grc' dir='ltr'>λέγοντος</span> <span class='ocrx_word' id='word_1_95' title='bbox 902 1409 1138 1466; x_wconf 76' lang='grc' dir='ltr'>ἄκουσον</span> <span class='ocrx_word' id='word_1_96' title='bbox 1160 1428 1173 1443; x_wconf 86' lang='grc'>·</span> <span class='ocrx_word' id='word_1_97' title='bbox 1203 1410 1328 1466; x_wconf 85' lang='grc' dir='ltr'><strong>Ἵνα</strong></span> <span class='ocrx_word' id='word_1_98' title='bbox 1364 1413 1398 1466; x_wconf 82' lang='grc' dir='ltr'><em>ὀ</em></span> <span class='ocrx_word' id='word_1_99' title='bbox 1431 1409 1576 1478; x_wconf 83' lang='grc' dir='ltr'><strong>Θεὸς</strong></span> <span class='ocrx_word' id='word_1_100' title='bbox 1597 1409 1705 1464; x_wconf 76' lang='grc' dir='ltr'><strong>τοῦ</strong></span> <span class='ocrx_word' id='word_1_101' title='bbox 1725 1411 1949 1479; x_wconf 83' lang='grc' dir='ltr'><strong>Κυρίου</strong></span> 
     </span>
    </p>
   </div>
   <div class='ocr_carea' id='block_1_17' title="bbox 364 1499 1950 1575">
    <p class='ocr_par' dir='ltr' id='par_1_17' title="bbox 364 1499 1950 1575">
     <span class='ocr_line' id='line_1_17' title="bbox 364 1499 1950 1575; baseline -0.009 -15"><span class='ocrx_word' id='word_1_102' title='bbox 364 1499 533 1570; x_wconf 73' lang='grc' dir='ltr'><strong>ἡμῶν</strong></span> <span class='ocrx_word' id='word_1_103' title='bbox 561 1500 766 1570; x_wconf 87' lang='grc' dir='ltr'>Ἰησοῦ</span> <span class='ocrx_word' id='word_1_104' title='bbox 794 1503 1075 1571; x_wconf 82' lang='grc' dir='ltr'>Χριστοῦ,</span> <span class='ocrx_word' id='word_1_105' title='bbox 1106 1507 1140 1559; x_wconf 85' lang='grc' dir='ltr'><em>ὀ</em></span> <span class='ocrx_word' id='word_1_106' title='bbox 1163 1502 1371 1572; x_wconf 80' lang='grc' dir='ltr'>Πατὴρ</span> <span class='ocrx_word' id='word_1_107' title='bbox 1400 1502 1510 1573; x_wconf 82' lang='grc' dir='ltr'>τῆς</span> <span class='ocrx_word' id='word_1_108' title='bbox 1540 1503 1727 1571; x_wconf 82' lang='grc' dir='ltr'>δόξης</span> <span class='ocrx_word' id='word_1_109' title='bbox 1747 1519 1760 1532; x_wconf 89' lang='grc'><strong>·</strong></span> <span class='ocrx_word' id='word_1_110' title='bbox 1818 1505 1950 1575; x_wconf 76' lang='grc' dir='ltr'>Χρι-</span> 
     </span>
    </p>
   </div>
   <div class='ocr_carea' id='block_1_18' title="bbox 369 1589 1950 1664">
    <p class='ocr_par' dir='ltr' id='par_1_18' title="bbox 369 1589 1950 1664">
     <span class='ocr_line' id='line_1_18' title="bbox 369 1589 1950 1664; baseline 0.003 -20"><span class='ocrx_word' id='word_1_111' title='bbox 369 1589 497 1644; x_wconf 80' lang='grc' dir='ltr'>στοῦ</span> <span class='ocrx_word' id='word_1_112' title='bbox 533 1591 632 1662; x_wconf 80' lang='grc' dir='ltr'>μὲν</span> <span class='ocrx_word' id='word_1_113' title='bbox 668 1591 821 1657; x_wconf 84' lang='grc' dir='ltr'><strong>Θεὸς,</strong></span> <span class='ocrx_word' id='word_1_114' title='bbox 847 1592 950 1664; x_wconf 83' lang='grc' dir='ltr'>τῆς</span> <span class='ocrx_word' id='word_1_115' title='bbox 986 1592 1042 1646; x_wconf 87' lang='grc' dir='ltr'>δὲ</span> <span class='ocrx_word' id='word_1_116' title='bbox 1059 1593 1219 1664; x_wconf 82' lang='grc' dir='ltr'><strong>δόξης</strong></span> <span class='ocrx_word' id='word_1_117' title='bbox 1254 1594 1463 1664; x_wconf 90' lang='grc' dir='ltr'>Πατήρ.</span> <span class='ocrx_word' id='word_1_118' title='bbox 1496 1591 1561 1646; x_wconf 82' lang='grc' dir='ltr'><strong>Εἰ</strong></span> <span class='ocrx_word' id='word_1_119' title='bbox 1582 1594 1690 1664; x_wconf 82' lang='grc' dir='ltr'>γὰρ</span> <span class='ocrx_word' id='word_1_120' title='bbox 1723 1593 1784 1648; x_wconf 79' lang='grc' dir='ltr'>τὸ</span> <span class='ocrx_word' id='word_1_121' title='bbox 1822 1611 1950 1648; x_wconf 90' lang='grc' dir='ltr'>συν-</span> 
     </span>
    </p>
   </div>
   <div class='ocr_carea' id='block_1_19' title="bbox 367 1683 1947 1758">
    <p class='ocr_par' dir='ltr' id='par_1_19' title="bbox 367 1683 1947 1758">
     <span class='ocr_line' id='line_1_19' title="bbox 367 1683 1947 1758; baseline -0.004 -21"><span class='ocrx_word' id='word_1_122' title='bbox 367 1683 675 1754; x_wconf 86' lang='grc' dir='ltr'>αμφότερον</span> <span class='ocrx_word' id='word_1_123' title='bbox 705 1683 784 1750; x_wconf 79' lang='grc' dir='ltr'>ἓν,</span> <span class='ocrx_word' id='word_1_124' title='bbox 812 1684 932 1738; x_wconf 87' lang='grc' dir='ltr'>ἀλλ’</span> <span class='ocrx_word' id='word_1_125' title='bbox 959 1685 1020 1738; x_wconf 87' lang='grc' dir='ltr'><strong>οὐ</strong></span> <span class='ocrx_word' id='word_1_126' title='bbox 1048 1688 1115 1758; x_wconf 80' lang='grc' dir='ltr'>τῇ</span> <span class='ocrx_word' id='word_1_127' title='bbox 1148 1685 1332 1756; x_wconf 88' lang='grc' dir='ltr'>φύσει,</span> <span class='ocrx_word' id='word_1_128' title='bbox 1365 1687 1432 1757; x_wconf 76' lang='grc' dir='ltr'>τῇ</span> <span class='ocrx_word' id='word_1_129' title='bbox 1463 1683 1520 1738; x_wconf 83' lang='grc' dir='ltr'><strong>δὲ</strong></span> <span class='ocrx_word' id='word_1_130' title='bbox 1555 1683 1758 1756; x_wconf 85' lang='grc' dir='ltr'>συνόδῳ</span> <span class='ocrx_word' id='word_1_131' title='bbox 1784 1701 1799 1718; x_wconf 87' lang='grc'><strong>·</strong></span> <span class='ocrx_word' id='word_1_132' title='bbox 1824 1685 1947 1740; x_wconf 70' lang='grc' dir='ltr'>τοις..</span> 
     </span>
    </p>
   </div>
   <div class='ocr_carea' id='block_1_20' title="bbox 365 1775 1420 1853">
    <p class='ocr_par' dir='ltr' id='par_1_20' title="bbox 365 1775 1420 1853">
     <span class='ocr_line' id='line_1_20' title="bbox 365 1775 1420 1853; baseline 0.006 -25"><span class='ocrx_word' id='word_1_133' title='bbox 365 1791 475 1829; x_wconf 89' lang='grc' dir='ltr'>των</span> <span class='ocrx_word' id='word_1_134' title='bbox 502 1777 554 1831; x_wconf 89' lang='grc' dir='ltr'><strong>τί</strong></span> <span class='ocrx_word' id='word_1_135' title='bbox 584 1775 650 1830; x_wconf 82' lang='grc' dir='ltr'><strong>ἂν</strong></span> <span class='ocrx_word' id='word_1_136' title='bbox 685 1777 899 1846; x_wconf 86' lang='grc' dir='ltr'>γένοιτο</span> <span class='ocrx_word' id='word_1_137' title='bbox 923 1778 1378 1853; x_wconf 83' lang='grc' dir='ltr'>γνωριμώτερον;</span> <span class='ocrx_word' id='word_1_138' title='bbox 1400 1799 1420 1833; x_wconf 70' lang='grc' dir='ltr'><strong>ι</strong></span> 
     </span>
    </p>
   </div>
   <div class='ocr_carea' id='block_1_21' title="bbox 438 1867 1946 1946">
    <p class='ocr_par' dir='ltr' id='par_1_21' title="bbox 438 1867 1946 1946">
     <span class='ocr_line' id='line_1_21' title="bbox 438 1867 1946 1946; baseline 0.005 -26"><span class='ocrx_word' id='word_1_139' title='bbox 438 1867 718 1936; x_wconf 78' lang='grc' dir='ltr'>Σχόλιον.</span> <span class='ocrx_word' id='word_1_140' title='bbox 746 1869 827 1923; x_wconf 79' lang='grc' dir='ltr'>Τὰ</span> <span class='ocrx_word' id='word_1_141' title='bbox 861 1869 936 1941; x_wconf 73' lang='grc' dir='ltr'>μὴ</span> <span class='ocrx_word' id='word_1_142' title='bbox 977 1870 1138 1939; x_wconf 89' lang='grc' dir='ltr'>φύσει</span> <span class='ocrx_word' id='word_1_143' title='bbox 1179 1870 1260 1938; x_wconf 85' lang='grc' dir='ltr'>ἓν,</span> <span class='ocrx_word' id='word_1_144' title='bbox 1308 1872 1527 1940; x_wconf 87' lang='grc' dir='ltr'>πάντως</span> <span class='ocrx_word' id='word_1_145' title='bbox 1572 1875 1684 1929; x_wconf 88' lang='grc' dir='ltr'>δύο.</span> <span class='ocrx_word' id='word_1_146' title='bbox 1719 1875 1782 1928; x_wconf 75' lang='grc' dir='ltr'><strong>Εἰ</strong></span> <span class='ocrx_word' id='word_1_147' title='bbox 1826 1874 1946 1946; x_wconf 85' lang='grc' dir='ltr'><strong>δὲή</strong></span> 
     </span>
    </p>
   </div>
   <div class='ocr_carea' id='block_1_22' title="bbox 369 1955 1946 2037">
    <p class='ocr_par' dir='ltr' id='par_1_22' title="bbox 369 1955 1946 2037">
     <span class='ocr_line' id='line_1_22' title="bbox 369 1955 1946 2037; baseline 0.006 -28"><span class='ocrx_word' id='word_1_148' title='bbox 369 1955 588 2021; x_wconf 81' lang='grc' dir='ltr'>σύνοδος</span> <span class='ocrx_word' id='word_1_149' title='bbox 611 1958 734 2012; x_wconf 80' lang='grc' dir='ltr'>καθ’</span> <span class='ocrx_word' id='word_1_150' title='bbox 763 1960 1085 2028; x_wconf 83' lang='grc' dir='ltr'>ὑπόστασιν,</span> <span class='ocrx_word' id='word_1_151' title='bbox 1111 1963 1218 2034; x_wconf 78' lang='grc' dir='ltr'><strong>ἄρα</strong></span> <span class='ocrx_word' id='word_1_152' title='bbox 1245 1965 1279 2036; x_wconf 81' lang='grc' dir='ltr'>ἡ</span> <span class='ocrx_word' id='word_1_153' title='bbox 1318 1963 1512 2037; x_wconf 78' lang='grc' dir='ltr'>’θεότης</span> <span class='ocrx_word' id='word_1_154' title='bbox 1553 1967 1649 2019; x_wconf 84' lang='grc' dir='ltr'><strong>τοῦ</strong></span> <span class='ocrx_word' id='word_1_155' title='bbox 1687 1965 1946 2037; x_wconf 83' lang='grc' dir='ltr'>Χριστοῦ,</span> 
     </span>
    </p>
   </div>
   <div class='ocr_carea' id='block_1_23' title="bbox 368 2046 1948 2129">
    <p class='ocr_par' dir='ltr' id='par_1_23' title="bbox 368 2046 1948 2129">
     <span class='ocr_line' id='line_1_23' title="bbox 368 2046 1948 2129; baseline 0.007 -29"><span class='ocrx_word' id='word_1_156' title='bbox 368 2046 464 2100; x_wconf 75' lang='grc' dir='ltr'><strong>καὶ</strong></span> <span class='ocrx_word' id='word_1_157' title='bbox 492 2048 526 2118; x_wconf 78' lang='grc' dir='ltr'><strong>ἡ</strong></span> <span class='ocrx_word' id='word_1_158' title='bbox 578 2049 934 2124; x_wconf 82' lang='grc' dir='ltr'>ἀνθρωπότης</span> <span class='ocrx_word' id='word_1_159' title='bbox 983 2051 1174 2119; x_wconf 84' lang='grc' dir='ltr'>αὐτοῦ,</span> <span class='ocrx_word' id='word_1_160' title='bbox 1209 2053 1303 2108; x_wconf 89' lang='grc' dir='ltr'><strong>δύο</strong></span> <span class='ocrx_word' id='word_1_161' title='bbox 1343 2056 1440 2126; x_wconf 83' lang='grc' dir='ltr'><strong>μὲν</strong></span> <span class='ocrx_word' id='word_1_162' title='bbox 1472 2059 1541 2129; x_wconf 75' lang='grc' dir='ltr'>τῇ</span> <span class='ocrx_word' id='word_1_163' title='bbox 1585 2056 1765 2129; x_wconf 89' lang='grc' dir='ltr'>φύσει,</span> <span class='ocrx_word' id='word_1_164' title='bbox 1805 2057 1863 2112; x_wconf 78' lang='grc' dir='ltr'>ἓν</span> <span class='ocrx_word' id='word_1_165' title='bbox 1890 2057 1948 2111; x_wconf 82' lang='grc' dir='ltr'>δὲ</span> 
     </span>
    </p>
   </div>
   <div class='ocr_carea' id='block_1_24' title="bbox 367 2139 789 2210">
    <p class='ocr_par' dir='ltr' id='par_1_24' title="bbox 367 2139 789 2210">
     <span class='ocr_line' id='line_1_24' title="bbox 367 2139 789 2210; baseline 0.012 -18"><span class='ocrx_word' id='word_1_166' title='bbox 367 2141 434 2210; x_wconf 82' lang='grc' dir='ltr'>τῇ</span> <span class='ocrx_word' id='word_1_167' title='bbox 469 2139 789 2198; x_wconf 79' lang='grc' dir='ltr'>ὑποστάσει.</span> 
     </span>
    </p>
   </div>
   <div class='ocr_carea' id='block_1_25' title="bbox 759 2318 1552 2388">
    <p class='ocr_par' dir='ltr' id='par_1_25' title="bbox 759 2318 1552 2388">
     <span class='ocr_line' id='line_1_25' title="bbox 759 2318 1552 2388; baseline 0.003 -14"><span class='ocrx_word' id='word_1_168' title='bbox 759 2318 870 2375; x_wconf 86' lang='grc' dir='ltr'><strong>Τοῦ</strong></span> <span class='ocrx_word' id='word_1_169' title='bbox 895 2319 1106 2388; x_wconf 84' lang='grc' dir='ltr'>αὐτοῦ,</span> <span class='ocrx_word' id='word_1_170' title='bbox 1133 2321 1202 2374; x_wconf 82' lang='grc' dir='ltr'>ἐκ</span> <span class='ocrx_word' id='word_1_171' title='bbox 1229 2319 1353 2376; x_wconf 82' lang='grc' dir='ltr'><strong>τῶν</strong></span> <span class='ocrx_word' id='word_1_172' title='bbox 1369 2321 1552 2378; x_wconf 74' lang='grc' dir='ltr'>ἐπῶν.</span> 
     </span>
    </p>
   </div>
   <div class='ocr_carea' id='block_1_26' title="bbox 376 2403 1891 2486">
    <p class='ocr_par' dir='ltr' id='par_1_26' title="bbox 376 2403 1891 2486">
     <span class='ocr_line' id='line_1_26' title="bbox 376 2403 1891 2486; baseline 0.007 -27"><span class='ocrx_word' id='word_1_173' title='bbox 376 2425 395 2459; x_wconf 82' lang='grc' dir='ltr'><strong>ι</strong></span> <span class='ocrx_word' id='word_1_174' title='bbox 420 2403 593 2463; x_wconf 85' lang='grc' dir='ltr'>Ἦλθε</span> <span class='ocrx_word' id='word_1_175' title='bbox 623 2409 758 2475; x_wconf 81' lang='grc' dir='ltr'>Θεὸς</span> <span class='ocrx_word' id='word_1_176' title='bbox 781 2410 974 2482; x_wconf 83' lang='grc' dir='ltr'>Θνητός</span> <span class='ocrx_word' id='word_1_177' title='bbox 997 2428 1083 2479; x_wconf 87' lang='grc' dir='ltr'><strong>τε,</strong></span> <span class='ocrx_word' id='word_1_178' title='bbox 1119 2411 1310 2482; x_wconf 84' lang='grc' dir='ltr'>φύσεις</span> <span class='ocrx_word' id='word_1_179' title='bbox 1335 2411 1428 2466; x_wconf 90' lang='grc' dir='ltr'><strong>δύο</strong></span> <span class='ocrx_word' id='word_1_180' title='bbox 1457 2413 1537 2477; x_wconf 80' lang='grc' dir='ltr'>εἰς</span> <span class='ocrx_word' id='word_1_181' title='bbox 1561 2412 1620 2468; x_wconf 82' lang='grc' dir='ltr'>ἓν</span> <span class='ocrx_word' id='word_1_182' title='bbox 1641 2414 1891 2486; x_wconf 77' lang='grc' dir='ltr'>ἀγείρας,</span> 
     </span>
    </p>
   </div>
   <div class='ocr_carea' id='block_1_27' title="bbox 379 2561 1946 2638">
    <p class='ocr_par' dir='ltr' id='par_1_27' title="bbox 379 2561 1946 2638">
     <span class='ocr_line' id='line_1_27' title="bbox 379 2561 1946 2638; baseline 0.006 -25"><span class='ocrx_word' id='word_1_183' title='bbox 379 2580 398 2614; x_wconf 82' lang='grc' dir='ltr'><strong>ι</strong></span> <span class='ocrx_word' id='word_1_184' title='bbox 417 2561 526 2632; x_wconf 79' lang='grc' dir='ltr'><strong>Τὴν</strong></span> <span class='ocrx_word' id='word_1_185' title='bbox 553 2562 650 2633; x_wconf 78' lang='grc' dir='ltr'>μὲν</span> <span class='ocrx_word' id='word_1_186' title='bbox 670 2563 1027 2636; x_wconf 79' lang='grc' dir='ltr'>κενουμένην,</span> <span class='ocrx_word' id='word_1_187' title='bbox 1050 2566 1150 2638; x_wconf 73' lang='grc' dir='ltr'>τὴν</span> <span class='ocrx_word' id='word_1_188' title='bbox 1169 2566 1214 2619; x_wconf 81' lang='grc' dir='ltr'>δ’</span> <span class='ocrx_word' id='word_1_189' title='bbox 1246 2566 1523 2638; x_wconf 81' lang='grc' dir='ltr'>ἀμφαδίην</span> <span class='ocrx_word' id='word_1_190' title='bbox 1551 2567 1903 2638; x_wconf 81' lang='grc' dir='ltr'>μερόπεσσιν.</span> <span class='ocrx_word' id='word_1_191' title='bbox 1926 2587 1946 2622; x_wconf 74' lang='grc' dir='ltr'><strong>ν</strong></span> 
     </span>
    </p>
   </div>
   <div class='ocr_carea' id='block_1_28' title="bbox 376 2714 1954 2795">
    <p class='ocr_par' dir='ltr' id='par_1_28' title="bbox 376 2714 1954 2795">
     <span class='ocr_line' id='line_1_28' title="bbox 376 2714 1954 2795; baseline 0.005 -23"><span class='ocrx_word' id='word_1_192' title='bbox 376 2714 495 2772; x_wconf 82' lang='grc' dir='ltr'><strong>Τοῦ</strong></span> <span class='ocrx_word' id='word_1_193' title='bbox 538 2716 738 2795; x_wconf 15' lang='grc' dir='ltr'>ιζγίουί</span> <span class='ocrx_word' id='word_1_194' title='bbox 760 2721 1117 2795; x_wconf 77' lang='grc' dir='ltr'>’Λμϐροσίου</span> <span class='ocrx_word' id='word_1_195' title='bbox 1157 2722 1550 2795; x_wconf 63' lang='grc' dir='ltr'>Μεδιολάγωνξ</span> <span class='ocrx_word' id='word_1_196' title='bbox 1589 2723 1689 2794; x_wconf 89' lang='lat'><strong>(8),</strong></span> <span class='ocrx_word' id='word_1_197' title='bbox 1729 2725 1801 2780; x_wconf 78' lang='grc' dir='ltr'>ἐκ</span> <span class='ocrx_word' id='word_1_198' title='bbox 1832 2726 1954 2795; x_wconf 40' lang='grc' dir='ltr'>,τοῦ</span> 
     </span>
    </p>
   </div>
   <div class='ocr_carea' id='block_1_29' title="bbox 442 2785 1952 2925">
    <p class='ocr_par' dir='ltr' id='par_1_29' title="bbox 442 2785 1952 2925">
     <span class='ocr_line' id='line_1_29' title="bbox 442 2785 1952 2925; baseline 0.007 -85"><span class='ocrx_word' id='word_1_199' title='bbox 442 2785 1095 2925; x_wconf 61' lang='grc' dir='ltr'>υιὶνθρώπῆσεως,</span> <span class='ocrx_word' id='word_1_200' title='bbox 1147 2790 1280 2861; x_wconf 76' lang='grc' dir='ltr'>ἤτοι</span> <span class='ocrx_word' id='word_1_201' title='bbox 1332 2796 1483 2848; x_wconf 78' lang='grc' dir='ltr'>κατὰ</span> <span class='ocrx_word' id='word_1_202' title='bbox 1539 2785 1952 2867; x_wconf 60' lang='grc' dir='ltr'>Ἀξττοζὶιναρίου</span> 
     </span>
    </p>
   </div>
   <div class='ocr_carea' id='block_1_30' title="bbox 451 2947 1952 3029">
    <p class='ocr_par' dir='ltr' id='par_1_30' title="bbox 451 2947 1952 3029">
     <span class='ocr_line' id='line_1_30' title="bbox 451 2947 1952 3029; baseline 0.009 -30"><span class='ocrx_word' id='word_1_203' title='bbox 451 2964 471 2999; x_wconf 84' lang='grc' dir='ltr'><strong>ι</strong></span> <span class='ocrx_word' id='word_1_204' title='bbox 514 2947 654 3002; x_wconf 83' lang='grc' dir='ltr'>Ἀλλ’</span> <span class='ocrx_word' id='word_1_205' title='bbox 684 2950 741 3003; x_wconf 79' lang='grc' dir='ltr'>ἐν</span> <span class='ocrx_word' id='word_1_206' title='bbox 764 2950 875 3022; x_wconf 85' lang='grc' dir='ltr'><strong>ὅσῳ</strong></span> <span class='ocrx_word' id='word_1_207' title='bbox 906 2951 1131 3016; x_wconf 85' lang='grc' dir='ltr'>τούτους</span> <span class='ocrx_word' id='word_1_208' title='bbox 1154 2953 1470 3026; x_wconf 79' lang='grc' dir='ltr'>ἐλέγχομεν,</span> <span class='ocrx_word' id='word_1_209' title='bbox 1495 2956 1809 3029; x_wconf 82' lang='grc' dir='ltr'>ἀνεφύησαν</span> <span class='ocrx_word' id='word_1_210' title='bbox 1837 2959 1952 3015; x_wconf 83' lang='grc' dir='ltr'>ἓτε-</span> 
     </span>
    </p>
   </div>
   <div class='ocr_carea' id='block_1_31' title="bbox 2045 500 3626 572">
    <p class='ocr_par' dir='ltr' id='par_1_31' title="bbox 2045 500 3626 572">
     <span class='ocr_line' id='line_1_31' title="bbox 2045 500 3626 572; baseline 0.003 -20"><span class='ocrx_word' id='word_1_211' title='bbox 2045 507 2180 564; x_wconf 86' lang='lat' dir='ltr'><strong>tate,</strong></span> <span class='ocrx_word' id='word_1_212' title='bbox 2215 500 2328 554; x_wconf 89' lang='lat' dir='ltr'><strong>illic</strong></span> <span class='ocrx_word' id='word_1_213' title='bbox 2361 509 2540 554; x_wconf 90' lang='lat' dir='ltr'><strong>autem</strong></span> <span class='ocrx_word' id='word_1_214' title='bbox 2577 509 2690 556; x_wconf 83' lang='lat' dir='ltr'><strong>tres</strong></span> <span class='ocrx_word' id='word_1_215' title='bbox 2725 500 3058 570; x_wconf 84' lang='lat' dir='ltr'><strong>hypostases</strong></span> <span class='ocrx_word' id='word_1_216' title='bbox 3093 511 3248 568; x_wconf 90' lang='lat' dir='ltr'><strong>sunt,</strong></span> <span class='ocrx_word' id='word_1_217' title='bbox 3299 501 3429 572; x_wconf 86' lang='lat' dir='ltr'><strong>quia</strong></span> <span class='ocrx_word' id='word_1_218' title='bbox 3481 502 3626 558; x_wconf 89' lang='lat' dir='ltr'><strong>alius</strong></span> 
     </span>
    </p>
   </div>
   <div class='ocr_carea' id='block_1_32' title="bbox 2045 580 3628 662">
    <p class='ocr_par' dir='ltr' id='par_1_32' title="bbox 2045 580 3628 662">
     <span class='ocr_line' id='line_1_32' title="bbox 2045 580 3628 662; baseline 0.003 -18"><span class='ocrx_word' id='word_1_219' title='bbox 2045 595 2099 644; x_wconf 90' lang='lat' dir='ltr'><strong>et</strong></span> <span class='ocrx_word' id='word_1_220' title='bbox 2134 589 2315 655; x_wconf 88' lang='lat' dir='ltr'><strong>alius;</strong></span> <span class='ocrx_word' id='word_1_221' title='bbox 2353 603 2462 643; x_wconf 90' lang='lat' dir='ltr'><strong>una</strong></span> <span class='ocrx_word' id='word_1_222' title='bbox 2514 604 2646 645; x_wconf 87' lang='lat' dir='ltr'><strong>vero</strong></span> <span class='ocrx_word' id='word_1_223' title='bbox 2695 600 2917 656; x_wconf 89' lang='lat' dir='ltr'><strong>natura,</strong></span> <span class='ocrx_word' id='word_1_224' title='bbox 2952 591 3086 662; x_wconf 86' lang='lat' dir='ltr'><strong>quia</strong></span> <span class='ocrx_word' id='word_1_225' title='bbox 3122 580 3237 647; x_wconf 86' lang='lat' dir='ltr'><strong>non</strong></span> <span class='ocrx_word' id='word_1_226' title='bbox 3275 602 3360 648; x_wconf 90' lang='lat' dir='ltr'><strong>cst</strong></span> <span class='ocrx_word' id='word_1_227' title='bbox 3391 595 3544 649; x_wconf 91' lang='lat' dir='ltr'><strong>aliud</strong></span> <span class='ocrx_word' id='word_1_228' title='bbox 3572 603 3628 649; x_wconf 89' lang='lat' dir='ltr'><strong>et</strong></span> 
     </span>
    </p>
   </div>
   <div class='ocr_carea' id='block_1_33' title="bbox 2045 679 3627 756">
    <p class='ocr_par' dir='ltr' id='par_1_33' title="bbox 2045 679 3627 756">
     <span class='ocr_line' id='line_1_33' title="bbox 2045 679 3627 756; baseline 0.004 -21"><span class='ocrx_word' id='word_1_229' title='bbox 2045 679 2196 735; x_wconf 81' lang='lat' dir='ltr'><strong>aliud</strong></span> <span class='ocrx_word' id='word_1_230' title='bbox 2223 697 2237 746; x_wconf 94' lang='lat'><strong>;</strong></span> <span class='ocrx_word' id='word_1_231' title='bbox 2263 679 2354 735; x_wconf 91' lang='lat' dir='ltr'><strong>hic</strong></span> <span class='ocrx_word' id='word_1_232' title='bbox 2384 681 2549 751; x_wconf 77' lang='lat' dir='ltr'><strong>igitur</strong></span> <span class='ocrx_word' id='word_1_233' title='bbox 2580 682 2701 736; x_wconf 63' lang='lat' dir='ltr'><strong>dua:</strong></span> <span class='ocrx_word' id='word_1_234' title='bbox 2730 683 2953 751; x_wconf 87' lang='lat' dir='ltr'><strong>quidem</strong></span> <span class='ocrx_word' id='word_1_235' title='bbox 3001 691 3239 750; x_wconf 64' lang='lat' dir='ltr'><strong>naturae,</strong></span> <span class='ocrx_word' id='word_1_236' title='bbox 3289 687 3421 756; x_wconf 90' lang='lat' dir='ltr'><strong>quia</strong></span> <span class='ocrx_word' id='word_1_237' title='bbox 3475 685 3627 741; x_wconf 89' lang='lat' dir='ltr'><strong>aliud</strong></span> 
     </span>
    </p>
   </div>
   <div class='ocr_carea' id='block_1_34' title="bbox 2045 772 3627 846">
    <p class='ocr_par' dir='ltr' id='par_1_34' title="bbox 2045 772 3627 846">
     <span class='ocr_line' id='line_1_34' title="bbox 2045 772 3627 846; baseline 0.003 -18"><span class='ocrx_word' id='word_1_238' title='bbox 2045 783 2101 828; x_wconf 86' lang='lat' dir='ltr'><strong>et</strong></span> <span class='ocrx_word' id='word_1_239' title='bbox 2122 772 2296 838; x_wconf 86' lang='lat' dir='ltr'><strong>aliud,</strong></span> <span class='ocrx_word' id='word_1_240' title='bbox 2329 787 2436 826; x_wconf 88' lang='lat' dir='ltr'><strong>una</strong></span> <span class='ocrx_word' id='word_1_241' title='bbox 2475 781 2658 831; x_wconf 88' lang='lat' dir='ltr'><strong>autem</strong></span> <span class='ocrx_word' id='word_1_242' title='bbox 2694 775 3028 846; x_wconf 87' lang='lat' dir='ltr'><strong>hypostasis,</strong></span> <span class='ocrx_word' id='word_1_243' title='bbox 3064 777 3195 846; x_wconf 87' lang='lat' dir='ltr'><strong>quia</strong></span> <span class='ocrx_word' id='word_1_244' title='bbox 3229 791 3340 832; x_wconf 86' lang='lat' dir='ltr'><strong>non</strong></span> <span class='ocrx_word' id='word_1_245' title='bbox 3365 784 3451 834; x_wconf 88' lang='lat' dir='ltr'><strong>est</strong></span> <span class='ocrx_word' id='word_1_246' title='bbox 3483 777 3627 833; x_wconf 89' lang='lat' dir='ltr'><strong>alius</strong></span> 
     </span>
    </p>
   </div>
   <div class='ocr_carea' id='block_1_35' title="bbox 2044 862 2292 928">
    <p class='ocr_par' dir='ltr' id='par_1_35' title="bbox 2044 862 2292 928">
     <span class='ocr_line' id='line_1_35' title="bbox 2044 862 2292 928; baseline 0.008 -11"><span class='ocrx_word' id='word_1_247' title='bbox 2044 870 2101 917; x_wconf 89' lang='lat' dir='ltr'><strong>et</strong></span> <span class='ocrx_word' id='word_1_248' title='bbox 2129 862 2292 928; x_wconf 85' lang='lat' dir='ltr'><strong>alius.</strong></span> 
     </span>
    </p>
   </div>
   <div class='ocr_carea' id='block_1_36' title="bbox 2227 955 3445 1033">
    <p class='ocr_par' dir='ltr' id='par_1_36' title="bbox 2227 955 3445 1033">
     <span class='ocr_line' id='line_1_36' title="bbox 2227 955 3445 1033; baseline 0.003 -23"><span class='ocrx_word' id='word_1_249' title='bbox 2227 955 2504 1033; x_wconf 80' lang='lat' dir='ltr'><strong>Ejusdem,</strong></span> <span class='ocrx_word' id='word_1_250' title='bbox 2536 973 2602 1012; x_wconf 75' lang='lat' dir='ltr'><strong>ex</strong></span> <span class='ocrx_word' id='word_1_251' title='bbox 2637 974 2872 1014; x_wconf 78' lang='lat' dir='ltr'><strong>sermone</strong></span> <span class='ocrx_word' id='word_1_252' title='bbox 2919 959 3148 1014; x_wconf 79' lang='lat' dir='ltr'><strong>secundo</strong></span> <span class='ocrx_word' id='word_1_253' title='bbox 3173 957 3239 1014; x_wconf 89' lang='lat' dir='ltr'><strong>de</strong></span> <span class='ocrx_word' id='word_1_254' title='bbox 3277 957 3445 1014; x_wconf 84' lang='lat' dir='ltr'><strong>Filio.</strong></span> 
     </span>
    </p>
   </div>
   <div class='ocr_carea' id='block_1_37' title="bbox 2121 1049 3627 1120">
    <p class='ocr_par' dir='ltr' id='par_1_37' title="bbox 2121 1049 3627 1120">
     <span class='ocr_line' id='line_1_37' title="bbox 2121 1049 3627 1120; baseline 0.007 -20"><span class='ocrx_word' id='word_1_255' title='bbox 2121 1067 2143 1100; x_wconf 77' lang='grc' dir='ltr'><strong>ι</strong></span> <span class='ocrx_word' id='word_1_256' title='bbox 2177 1049 2344 1119; x_wconf 89' lang='lat' dir='ltr'><strong>Atqui</strong></span> <span class='ocrx_word' id='word_1_257' title='bbox 2375 1050 2480 1104; x_wconf 90' lang='lat' dir='ltr'><strong>hoc</strong></span> <span class='ocrx_word' id='word_1_258' title='bbox 2515 1058 2599 1104; x_wconf 88' lang='lat' dir='ltr'><strong>est</strong></span> <span class='ocrx_word' id='word_1_259' title='bbox 2627 1049 2775 1120; x_wconf 88' lang='lat' dir='ltr'><strong>quod</strong></span> <span class='ocrx_word' id='word_1_260' title='bbox 2825 1051 3117 1107; x_wconf 75' lang='lat' dir='ltr'><strong>luereticos</strong></span> <span class='ocrx_word' id='word_1_261' title='bbox 3153 1052 3209 1106; x_wconf 91' lang='lat' dir='ltr'><strong>in</strong></span> <span class='ocrx_word' id='word_1_262' title='bbox 3245 1067 3491 1107; x_wconf 87' lang='lat' dir='ltr'><strong>errorem</strong></span> <span class='ocrx_word' id='word_1_263' title='bbox 3536 1053 3627 1110; x_wconf 85' lang='lat' dir='ltr'><strong>ad-</strong></span> 
     </span>
    </p>
   </div>
   <div class='ocr_carea' id='block_1_38' title="bbox 2047 1138 3628 1210">
    <p class='ocr_par' dir='ltr' id='par_1_38' title="bbox 2047 1138 3628 1210">
     <span class='ocr_line' id='line_1_38' title="bbox 2047 1138 3628 1210; baseline 0.003 -16"><span class='ocrx_word' id='word_1_264' title='bbox 2047 1139 2230 1202; x_wconf 89' lang='lat' dir='ltr'><strong>ducit,</strong></span> <span class='ocrx_word' id='word_1_265' title='bbox 2299 1138 2628 1209; x_wconf 73' lang='lat' dir='ltr'><strong>coniunctio</strong></span> <span class='ocrx_word' id='word_1_266' title='bbox 2705 1141 3208 1210; x_wconf 86' lang='lat' dir='ltr'><strong>nuncupationum,</strong></span> <span class='ocrx_word' id='word_1_267' title='bbox 3269 1143 3628 1200; x_wconf 73' lang='lat' dir='ltr'><strong>commutatis</strong></span> 
     </span>
    </p>
   </div>
   <div class='ocr_carea' id='block_1_39' title="bbox 2047 1229 3629 1301">
    <p class='ocr_par' dir='ltr' id='par_1_39' title="bbox 2047 1229 3629 1301">
     <span class='ocr_line' id='line_1_39' title="bbox 2047 1229 3629 1301; baseline 0.004 -21"><span class='ocrx_word' id='word_1_268' title='bbox 2047 1229 2209 1301; x_wconf 60' lang='grc'><strong>423</strong></span> <span class='ocrx_word' id='word_1_269' title='bbox 2246 1238 2472 1300; x_wconf 87' lang='lat' dir='ltr'><strong>propter</strong></span> <span class='ocrx_word' id='word_1_270' title='bbox 2505 1231 3073 1299; x_wconf 86' lang='lat' dir='ltr'><strong>contemperationem</strong></span> <span class='ocrx_word' id='word_1_271' title='bbox 3106 1232 3448 1287; x_wconf 85' lang='lat' dir='ltr'><strong>nominibus.</strong></span> <span class='ocrx_word' id='word_1_272' title='bbox 3489 1231 3629 1289; x_wconf 87' lang='lat' dir='ltr'><strong>Cer-</strong></span> 
     </span>
    </p>
   </div>
   <div class='ocr_carea' id='block_1_40' title="bbox 2049 1323 3631 1396">
    <p class='ocr_par' dir='ltr' id='par_1_40' title="bbox 2049 1323 3631 1396">
     <span class='ocr_line' id='line_1_40' title="bbox 2049 1323 3631 1396; baseline 0.003 -19"><span class='ocrx_word' id='word_1_273' title='bbox 2049 1331 2164 1377; x_wconf 93' lang='lat' dir='ltr'><strong>tum</strong></span> <span class='ocrx_word' id='word_1_274' title='bbox 2204 1337 2334 1377; x_wconf 89' lang='lat' dir='ltr'><strong>vero</strong></span> <span class='ocrx_word' id='word_1_275' title='bbox 2365 1324 2583 1393; x_wconf 81' lang='lat' dir='ltr'><strong>signum</strong></span> <span class='ocrx_word' id='word_1_276' title='bbox 2615 1330 2720 1387; x_wconf 88' lang='lat' dir='ltr'><strong>est,</strong></span> <span class='ocrx_word' id='word_1_277' title='bbox 2763 1323 2989 1392; x_wconf 86' lang='lat' dir='ltr'><strong>quando</strong></span> <span class='ocrx_word' id='word_1_278' title='bbox 3037 1335 3249 1380; x_wconf 70' lang='lat' dir='ltr'><strong>natura:</strong></span> <span class='ocrx_word' id='word_1_279' title='bbox 3295 1327 3631 1396; x_wconf 85' lang='lat' dir='ltr'><strong>cogitatione</strong></span> 
     </span>
    </p>
   </div>
   <div class='ocr_carea' id='block_1_41' title="bbox 2049 1415 3630 1480">
    <p class='ocr_par' dir='ltr' id='par_1_41' title="bbox 2049 1415 3630 1480">
     <span class='ocr_line' id='line_1_41' title="bbox 2049 1415 3630 1480; baseline 0.003 -11"><span class='ocrx_word' id='word_1_280' title='bbox 2049 1423 2442 1480; x_wconf 89' lang='lat' dir='ltr'><strong>secernuntur,</strong></span> <span class='ocrx_word' id='word_1_281' title='bbox 2492 1415 2660 1471; x_wconf 84' lang='lat' dir='ltr'><strong>simul</strong></span> <span class='ocrx_word' id='word_1_282' title='bbox 2711 1418 2942 1471; x_wconf 90' lang='lat' dir='ltr'><strong>nomina</strong></span> <span class='ocrx_word' id='word_1_283' title='bbox 2993 1416 3192 1472; x_wconf 88' lang='lat' dir='ltr'><strong>dividi.</strong></span> <span class='ocrx_word' id='word_1_284' title='bbox 3225 1416 3369 1473; x_wconf 82' lang='lat' dir='ltr'><strong>Audi</strong></span> <span class='ocrx_word' id='word_1_285' title='bbox 3399 1417 3630 1473; x_wconf 87' lang='lat' dir='ltr'><strong>Paulum</strong></span> 
     </span>
    </p>
   </div>
   <div class='ocr_carea' id='block_1_42' title="bbox 2049 1507 3627 1573">
    <p class='ocr_par' dir='ltr' id='par_1_42' title="bbox 2049 1507 3627 1573">
     <span class='ocr_line' id='line_1_42' title="bbox 2049 1507 3627 1573; baseline 0.001 -11"><span class='ocrx_word' id='word_1_286' title='bbox 2049 1507 2366 1563; x_wconf 87' lang='lat' dir='ltr'><strong>dicentem:</strong></span> <span class='ocrx_word' id='word_1_287' title='bbox 2417 1507 2489 1561; x_wconf 86' lang='lat' dir='ltr'><strong>Ut</strong></span> <span class='ocrx_word' id='word_1_288' title='bbox 2538 1507 2678 1563; x_wconf 80' lang='lat' dir='ltr'><strong>Deus</strong></span> <span class='ocrx_word' id='word_1_289' title='bbox 2733 1508 2951 1564; x_wconf 89' lang='lat' dir='ltr'><strong>Domini</strong></span> <span class='ocrx_word' id='word_1_290' title='bbox 3003 1511 3178 1565; x_wconf 79' lang='lat' dir='ltr'><strong>nostri</strong></span> <span class='ocrx_word' id='word_1_291' title='bbox 3220 1508 3352 1566; x_wconf 79' lang='lat' dir='ltr'><strong>Jesu</strong></span> <span class='ocrx_word' id='word_1_292' title='bbox 3405 1509 3627 1573; x_wconf 72' lang='lat' dir='ltr'><strong>Christi,</strong></span> 
     </span>
    </p>
   </div>
   <div class='ocr_carea' id='block_1_43' title="bbox 2047 1595 3629 1672">
    <p class='ocr_par' dir='ltr' id='par_1_43' title="bbox 2047 1595 3629 1672">
     <span class='ocr_line' id='line_1_43' title="bbox 2047 1595 3629 1672; baseline 0.003 -22"><span class='ocrx_word' id='word_1_293' title='bbox 2047 1595 2221 1651; x_wconf 86' lang='lat' dir='ltr'><strong>Pater‘</strong></span> <span class='ocrx_word' id='word_1_294' title='bbox 2246 1596 2472 1668; x_wconf 80' lang='lat' dir='ltr'><strong>gloriw:</strong></span> <span class='ocrx_word' id='word_1_295' title='bbox 2502 1596 2710 1654; x_wconf 86' lang='lat' dir='ltr'><strong>Christi</strong></span> <span class='ocrx_word' id='word_1_296' title='bbox 2759 1599 2981 1672; x_wconf 88' lang='lat' dir='ltr'><strong>quidem</strong></span> <span class='ocrx_word' id='word_1_297' title='bbox 3037 1599 3208 1666; x_wconf 83' lang='lat' dir='ltr'><strong>Deus,</strong></span> <span class='ocrx_word' id='word_1_298' title='bbox 3260 1601 3452 1671; x_wconf 80' lang='lat' dir='ltr'><strong>gloriae</strong></span> <span class='ocrx_word' id='word_1_299' title='bbox 3498 1615 3629 1656; x_wconf 88' lang='lat' dir='ltr'><strong>vero</strong></span> 
     </span>
    </p>
   </div>
   <div class='ocr_carea' id='block_1_44' title="bbox 2047 1682 3629 1758">
    <p class='ocr_par' dir='ltr' id='par_1_44' title="bbox 2047 1682 3629 1758">
     <span class='ocr_line' id='line_1_44' title="bbox 2047 1682 3629 1758; baseline 0.004 -21"><span class='ocrx_word' id='word_1_300' title='bbox 2047 1682 2234 1742; x_wconf 90' lang='lat' dir='ltr'><strong>Pater.</strong></span> <span class='ocrx_word' id='word_1_301' title='bbox 2267 1684 2382 1740; x_wconf 87' lang='lat' dir='ltr'><strong>Etsi</strong></span> <span class='ocrx_word' id='word_1_302' title='bbox 2411 1701 2557 1740; x_wconf 76' lang='lat' dir='ltr'><strong>enim</strong></span> <span class='ocrx_word' id='word_1_303' title='bbox 2591 1695 2890 1758; x_wconf 90' lang='lat' dir='ltr'><strong>utrumque</strong></span> <span class='ocrx_word' id='word_1_304' title='bbox 2935 1703 3104 1743; x_wconf 90' lang='lat' dir='ltr'><strong>unum</strong></span> <span class='ocrx_word' id='word_1_305' title='bbox 3138 1696 3245 1753; x_wconf 83' lang='lat' dir='ltr'><strong>est,</strong></span> <span class='ocrx_word' id='word_1_306' title='bbox 3282 1704 3393 1744; x_wconf 89' lang='lat' dir='ltr'><strong>non</strong></span> <span class='ocrx_word' id='word_1_307' title='bbox 3443 1697 3629 1744; x_wconf 84' lang='lat' dir='ltr'><strong>tamen</strong></span> 
     </span>
    </p>
   </div>
   <div class='ocr_carea' id='block_1_45' title="bbox 1976 1747 3623 1850">
    <p class='ocr_par' dir='ltr' id='par_1_45' title="bbox 1976 1747 3623 1850">
     <span class='ocr_line' id='line_1_45' title="bbox 1976 1747 3623 1850; baseline 0.002 -21"><span class='ocrx_word' id='word_1_308' title='bbox 1976 1747 2022 1808; x_wconf 73' lang='grc' dir='ltr'><strong>Β</strong></span> <span class='ocrx_word' id='word_1_309' title='bbox 2048 1783 2266 1842; x_wconf 89' lang='lat' dir='ltr'><strong>natura,</strong></span> <span class='ocrx_word' id='word_1_310' title='bbox 2300 1777 2395 1832; x_wconf 89' lang='lat' dir='ltr'><strong>sed</strong></span> <span class='ocrx_word' id='word_1_311' title='bbox 2430 1777 2689 1833; x_wconf 90' lang='lat' dir='ltr'><strong>coitione.</strong></span> <span class='ocrx_word' id='word_1_312' title='bbox 2712 1777 2833 1844; x_wconf 89' lang='lat' dir='ltr'><strong>Quo</strong></span> <span class='ocrx_word' id='word_1_313' title='bbox 2856 1778 2988 1850; x_wconf 91' lang='lat' dir='ltr'><strong>quid</strong></span> <span class='ocrx_word' id='word_1_314' title='bbox 3017 1794 3142 1836; x_wconf 88' lang='lat' dir='ltr'><strong>esse</strong></span> <span class='ocrx_word' id='word_1_315' title='bbox 3157 1779 3344 1834; x_wconf 89' lang='lat' dir='ltr'><strong>notius</strong></span> <span class='ocrx_word' id='word_1_316' title='bbox 3367 1778 3623 1850; x_wconf 62' lang='lat' dir='ltr'><strong>possit?»</strong></span> 
     </span>
    </p>
   </div>
   <div class='ocr_carea' id='block_1_46' title="bbox 2117 1868 3629 1938">
    <p class='ocr_par' dir='ltr' id='par_1_46' title="bbox 2117 1868 3629 1938">
     <span class='ocr_line' id='line_1_46' title="bbox 2117 1868 3629 1938; baseline 0.001 -13"><span class='ocrx_word' id='word_1_317' title='bbox 2117 1868 2415 1925; x_wconf 85' lang='lat' dir='ltr'><strong>Scholium.</strong></span> <span class='ocrx_word' id='word_1_318' title='bbox 2484 1868 2619 1936; x_wconf 70' lang='lat' dir='ltr'><strong>Quae</strong></span> <span class='ocrx_word' id='word_1_319' title='bbox 2679 1879 2876 1926; x_wconf 89' lang='lat' dir='ltr'><strong>natura</strong></span> <span class='ocrx_word' id='word_1_320' title='bbox 2938 1886 3050 1926; x_wconf 92' lang='lat' dir='ltr'><strong>non</strong></span> <span class='ocrx_word' id='word_1_321' title='bbox 3091 1878 3223 1927; x_wconf 90' lang='lat' dir='ltr'><strong>sunt</strong></span> <span class='ocrx_word' id='word_1_322' title='bbox 3283 1887 3475 1938; x_wconf 92' lang='lat' dir='ltr'><strong>unum,</strong></span> <span class='ocrx_word' id='word_1_323' title='bbox 3508 1886 3629 1927; x_wconf 55' lang='lat' dir='ltr'><strong>om-</strong></span> 
     </span>
    </p>
   </div>
   <div class='ocr_carea' id='block_1_47' title="bbox 2045 1957 3630 2031">
    <p class='ocr_par' dir='ltr' id='par_1_47' title="bbox 2045 1957 3630 2031">
     <span class='ocr_line' id='line_1_47' title="bbox 2045 1957 3630 2031; baseline -0.003 -15"><span class='ocrx_word' id='word_1_324' title='bbox 2045 1959 2182 2016; x_wconf 86' lang='lat' dir='ltr'><strong>nino</strong></span> <span class='ocrx_word' id='word_1_325' title='bbox 2234 1959 2348 2015; x_wconf 90' lang='lat' dir='ltr'><strong>duo</strong></span> <span class='ocrx_word' id='word_1_326' title='bbox 2401 1966 2556 2014; x_wconf 92' lang='lat' dir='ltr'><strong>sunt.</strong></span> <span class='ocrx_word' id='word_1_327' title='bbox 2630 1957 2729 2014; x_wconf 90' lang='lat' dir='ltr'><strong>Sin</strong></span> <span class='ocrx_word' id='word_1_328' title='bbox 2770 1975 2903 2015; x_wconf 88' lang='lat' dir='ltr'><strong>vero</strong></span> <span class='ocrx_word' id='word_1_329' title='bbox 2961 1961 3128 2016; x_wconf 86' lang='lat' dir='ltr'><strong>coitio</strong></span> <span class='ocrx_word' id='word_1_330' title='bbox 3180 1961 3492 2016; x_wconf 88' lang='lat' dir='ltr'><strong>secundum</strong></span> <span class='ocrx_word' id='word_1_331' title='bbox 3527 1961 3630 2031; x_wconf 82' lang='lat' dir='ltr'><strong>hy-</strong></span> 
     </span>
    </p>
   </div>
   <div class='ocr_carea' id='block_1_48' title="bbox 2050 2050 3632 2123">
    <p class='ocr_par' dir='ltr' id='par_1_48' title="bbox 2050 2050 3632 2123">
     <span class='ocr_line' id='line_1_48' title="bbox 2050 2050 3632 2123; baseline -0.001 -16"><span class='ocrx_word' id='word_1_332' title='bbox 2050 2053 2318 2123; x_wconf 89' lang='lat' dir='ltr'><strong>postaslm</strong></span> <span class='ocrx_word' id='word_1_333' title='bbox 2352 2059 2480 2119; x_wconf 89' lang='lat' dir='ltr'><strong>est;</strong></span> <span class='ocrx_word' id='word_1_334' title='bbox 2536 2063 2672 2119; x_wconf 76' lang='lat' dir='ltr'><strong>ergo</strong></span> <span class='ocrx_word' id='word_1_335' title='bbox 2720 2050 3142 2109; x_wconf 88' lang='lat' dir='ltr'><strong>Deitas.Christi</strong></span> <span class='ocrx_word' id='word_1_336' title='bbox 3172 2051 3400 2122; x_wconf 84' lang='lat' dir='ltr'><strong>ejusque</strong></span> <span class='ocrx_word' id='word_1_337' title='bbox 3434 2050 3632 2106; x_wconf 87' lang='lat' dir='ltr'><strong>huma-</strong></span> 
     </span>
    </p>
   </div>
   <div class='ocr_carea' id='block_1_49' title="bbox 2047 2141 3628 2220">
    <p class='ocr_par' dir='ltr' id='par_1_49' title="bbox 2047 2141 3628 2220">
     <span class='ocr_line' id='line_1_49' title="bbox 2047 2141 3628 2220; baseline -0.003 -20"><span class='ocrx_word' id='word_1_338' title='bbox 2047 2144 2219 2208; x_wconf 85' lang='lat' dir='ltr'><strong>nitas,</strong></span> <span class='ocrx_word' id='word_1_339' title='bbox 2257 2151 2459 2201; x_wconf 87' lang='lat' dir='ltr'><strong>natura</strong></span> <span class='ocrx_word' id='word_1_340' title='bbox 2489 2141 2718 2213; x_wconf 88' lang='lat' dir='ltr'><strong>quidem</strong></span> <span class='ocrx_word' id='word_1_341' title='bbox 2770 2141 2880 2198; x_wconf 93' lang='lat' dir='ltr'><strong>duo</strong></span> <span class='ocrx_word' id='word_1_342' title='bbox 2909 2150 3060 2212; x_wconf 88' lang='lat' dir='ltr'><strong>sunt,</strong></span> <span class='ocrx_word' id='word_1_343' title='bbox 3098 2158 3270 2198; x_wconf 91' lang='lat' dir='ltr'><strong>unum</strong></span> <span class='ocrx_word' id='word_1_344' title='bbox 3315 2149 3500 2198; x_wconf 81' lang='lat' dir='ltr'><strong>autem</strong></span> <span class='ocrx_word' id='word_1_345' title='bbox 3528 2141 3628 2220; x_wconf 66' lang='lat' dir='ltr'><strong>hy-</strong></span> 
     </span>
    </p>
   </div>
   <div class='ocr_carea' id='block_1_50' title="bbox 2049 2221 3447 2308">
    <p class='ocr_par' dir='ltr' id='par_1_50' title="bbox 2049 2221 3447 2308">
     <span class='ocr_line' id='line_1_50' title="bbox 2049 2221 3447 2308; baseline 0.001 -16"><span class='ocrx_word' id='word_1_346' title='bbox 2049 2237 2287 2308; x_wconf 87' lang='lat' dir='ltr'><strong>postasi.</strong></span> <span class='ocrx_word' id='word_1_347' title='bbox 2335 2233 2337 2236; x_wconf 48' lang='grc'><em>⁴</em></span> <span class='ocrx_word' id='word_1_348' title='bbox 2737 2241 2739 2244; x_wconf 71' lang='lat'><em>‘</em></span> <span class='ocrx_word' id='word_1_349' title='bbox 3337 2223 3340 2226; x_wconf 53' lang='grc'><strong>’</strong></span> <span class='ocrx_word' id='word_1_350' title='bbox 3405 2221 3415 2226; x_wconf 49' lang='grc'>⁷</span> <span class='ocrx_word' id='word_1_351' title='bbox 3442 2221 3447 2225; x_wconf 60' lang='grc'><em>’</em></span> 
     </span>
    </p>
   </div>
   <div class='ocr_carea' id='block_1_51' title="bbox 2475 2329 3197 2403">
    <p class='ocr_par' dir='ltr' id='par_1_51' title="bbox 2475 2329 3197 2403">
     <span class='ocr_line' id='line_1_51' title="bbox 2475 2329 3197 2403; baseline 0 -19"><span class='ocrx_word' id='word_1_352' title='bbox 2475 2330 2732 2403; x_wconf 81' lang='lat' dir='ltr'><strong>Ejusdem</strong></span> <span class='ocrx_word' id='word_1_353' title='bbox 2772 2347 2837 2386; x_wconf 79' lang='lat' dir='ltr'><strong>ea:</strong></span> <span class='ocrx_word' id='word_1_354' title='bbox 2869 2329 3106 2386; x_wconf 80' lang='lat' dir='ltr'><strong>versibus</strong></span> <span class='ocrx_word' id='word_1_355' title='bbox 3128 2330 3197 2384; x_wconf 73' lang='lat'><strong>“.</strong></span> 
     </span>
    </p>
   </div>
   <div class='ocr_carea' id='block_1_52' title="bbox 2051 2406 3629 2490">
    <p class='ocr_par' dir='ltr' id='par_1_52' title="bbox 2051 2406 3629 2490">
     <span class='ocr_line' id='line_1_52' title="bbox 2051 2406 3629 2490; baseline 0.005 -21"><span class='ocrx_word' id='word_1_356' title='bbox 2051 2406 2056 2410; x_wconf 73' lang='grc'><strong>’</strong></span> <span class='ocrx_word' id='word_1_357' title='bbox 2131 2435 2151 2469; x_wconf 73' lang='grc' dir='ltr'><strong>ι</strong></span> <span class='ocrx_word' id='word_1_358' title='bbox 2183 2416 2350 2474; x_wconf 85' lang='lat' dir='ltr'><strong>Venit</strong></span> <span class='ocrx_word' id='word_1_359' title='bbox 2396 2421 2543 2482; x_wconf 83' lang='lat' dir='ltr'><strong>Deus</strong></span> <span class='ocrx_word' id='word_1_360' title='bbox 2587 2437 2652 2480; x_wconf 89' lang='lat' dir='ltr'><strong>ac</strong></span> <span class='ocrx_word' id='word_1_361' title='bbox 2702 2422 2976 2490; x_wconf 85' lang='lat' dir='ltr'><strong>mortalis,</strong></span> <span class='ocrx_word' id='word_1_362' title='bbox 3031 2428 3259 2476; x_wconf 90' lang='lat' dir='ltr'><strong>naturas</strong></span> <span class='ocrx_word' id='word_1_363' title='bbox 3312 2421 3504 2478; x_wconf 83' lang='lat' dir='ltr'><strong>ambas</strong></span> <span class='ocrx_word' id='word_1_364' title='bbox 3573 2422 3629 2477; x_wconf 91' lang='lat' dir='ltr'><strong>in</strong></span> 
     </span>
    </p>
   </div>
   <div class='ocr_carea' id='block_1_53' title="bbox 3035 2490 3540 2563">
    <p class='ocr_par' dir='ltr' id='par_1_53' title="bbox 3035 2490 3540 2563">
     <span class='ocr_line' id='line_1_53' title="bbox 3035 2490 3540 2563; baseline 0.004 -18"><span class='ocrx_word' id='word_1_365' title='bbox 3035 2490 3227 2562; x_wconf 90' lang='lat' dir='ltr'><strong>[unum</strong></span> <span class='ocrx_word' id='word_1_366' title='bbox 3249 2493 3540 2563; x_wconf 89' lang='lat' dir='ltr'><strong>c0pulans,</strong></span> 
     </span>
    </p>
   </div>
   <div class='ocr_carea' id='block_1_54' title="bbox 2128 2578 3632 2654">
    <p class='ocr_par' dir='ltr' id='par_1_54' title="bbox 2128 2578 3632 2654">
     <span class='ocr_line' id='line_1_54' title="bbox 2128 2578 3632 2654; baseline 0.003 -23"><span class='ocrx_word' id='word_1_367' title='bbox 2128 2597 2147 2630; x_wconf 79' lang='grc' dir='ltr'><strong>ι</strong></span> <span class='ocrx_word' id='word_1_368' title='bbox 2182 2578 2360 2634; x_wconf 82' lang='lat' dir='ltr'><strong>Aliam</strong></span> <span class='ocrx_word' id='word_1_369' title='bbox 2388 2582 2609 2652; x_wconf 89' lang='lat' dir='ltr'><strong>quidem</strong></span> <span class='ocrx_word' id='word_1_370' title='bbox 2667 2584 2968 2648; x_wconf 87' lang='lat' dir='ltr'><strong>occultam,</strong></span> <span class='ocrx_word' id='word_1_371' title='bbox 3027 2589 3306 2654; x_wconf 80' lang='lat' dir='ltr'><strong>patentem</strong></span> <span class='ocrx_word' id='word_1_372' title='bbox 3338 2583 3500 2637; x_wconf 84' lang='lat' dir='ltr'><strong>aliam</strong></span> <span class='ocrx_word' id='word_1_373' title='bbox 3534 2583 3632 2636; x_wconf 77' lang='lat' dir='ltr'><strong>lio-</strong></span> 
     </span>
    </p>
   </div>
   <div class='ocr_carea' id='block_1_55' title="bbox 3179 2651 3515 2724">
    <p class='ocr_par' dir='ltr' id='par_1_55' title="bbox 3179 2651 3515 2724">
     <span class='ocr_line' id='line_1_55' title="bbox 3179 2651 3515 2724; baseline -0.006 -18"><span class='ocrx_word' id='word_1_374' title='bbox 3179 2651 3472 2724; x_wconf 85' lang='lat' dir='ltr'><strong>[minibus.</strong></span> <span class='ocrx_word' id='word_1_375' title='bbox 3497 2671 3515 2704; x_wconf 70' lang='grc' dir='ltr'><strong>ι</strong></span> 
     </span>
    </p>
   </div>
   <div class='ocr_carea' id='block_1_56' title="bbox 2054 2734 3632 2809">
    <p class='ocr_par' dir='ltr' id='par_1_56' title="bbox 2054 2734 3632 2809">
     <span class='ocr_line' id='line_1_56' title="bbox 2054 2734 3632 2809; baseline 0.004 -17"><span class='ocrx_word' id='word_1_376' title='bbox 2054 2734 2240 2792; x_wconf 82' lang='lat' dir='ltr'><strong>Sancti</strong></span> <span class='ocrx_word' id='word_1_377' title='bbox 2282 2739 2553 2796; x_wconf 78' lang='lat' dir='ltr'><strong>Ambrosii</strong></span> <span class='ocrx_word' id='word_1_378' title='bbox 2588 2740 3032 2809; x_wconf 76' lang='lat' dir='ltr'><strong>Mediolanensis,</strong></span> <span class='ocrx_word' id='word_1_379' title='bbox 3072 2757 3139 2796; x_wconf 79' lang='lat' dir='ltr'><strong>ea:</strong></span> <span class='ocrx_word' id='word_1_380' title='bbox 3181 2742 3316 2798; x_wconf 80' lang='lat' dir='ltr'><strong>libro</strong></span> <span class='ocrx_word' id='word_1_381' title='bbox 3350 2743 3428 2800; x_wconf 87' lang='lat' dir='ltr'><strong>De</strong></span> <span class='ocrx_word' id='word_1_382' title='bbox 3453 2745 3632 2800; x_wconf 85' lang='lat' dir='ltr'><strong>incar-</strong></span> 
     </span>
    </p>
   </div>
   <div class='ocr_carea' id='block_1_57' title="bbox 2338 2813 3347 2881">
    <p class='ocr_par' dir='ltr' id='par_1_57' title="bbox 2338 2813 3347 2881">
     <span class='ocr_line' id='line_1_57' title="bbox 2338 2813 3347 2881; baseline 0.004 -17"><span class='ocrx_word' id='word_1_383' title='bbox 2338 2813 2576 2880; x_wconf 87' lang='lat' dir='ltr'><strong>natione,</strong></span> <span class='ocrx_word' id='word_1_384' title='bbox 2601 2829 2693 2867; x_wconf 76' lang='lat' dir='ltr'><strong>seu</strong></span> <span class='ocrx_word' id='word_1_385' title='bbox 2727 2822 2914 2868; x_wconf 87' lang='lat' dir='ltr'><strong>contra</strong></span> <span class='ocrx_word' id='word_1_386' title='bbox 2933 2813 3347 2881; x_wconf 81' lang='lat' dir='ltr'><strong>Apollinarium.</strong></span> 
     </span>
    </p>
   </div>
   <div class='ocr_carea' id='block_1_58' title="bbox 2131 2964 3628 3038">
    <p class='ocr_par' dir='ltr' id='par_1_58' title="bbox 2131 2964 3628 3038">
     <span class='ocr_line' id='line_1_58' title="bbox 2131 2964 3628 3038; baseline 0.004 -20"><span class='ocrx_word' id='word_1_387' title='bbox 2131 2984 2150 3018; x_wconf 83' lang='grc' dir='ltr'><strong>ι</strong></span> <span class='ocrx_word' id='word_1_388' title='bbox 2191 2964 2323 3031; x_wconf 86' lang='lat' dir='ltr'><strong>Sed,</strong></span> <span class='ocrx_word' id='word_1_389' title='bbox 2366 2965 2497 3022; x_wconf 89' lang='lat' dir='ltr'><strong>dum</strong></span> <span class='ocrx_word' id='word_1_390' title='bbox 2539 2965 2643 3021; x_wconf 85' lang='lat' dir='ltr'><strong>hos</strong></span> <span class='ocrx_word' id='word_1_391' title='bbox 2691 2966 3103 3037; x_wconf 79' lang='lat' dir='ltr'><strong>redarguimus,</strong></span> <span class='ocrx_word' id='word_1_392' title='bbox 3169 2975 3460 3038; x_wconf 81' lang='lat' dir='ltr'><strong>emergunt</strong></span> <span class='ocrx_word' id='word_1_393' title='bbox 3514 2967 3628 3037; x_wconf 87' lang='lat' dir='ltr'><strong>alii,</strong></span> 
     </span>
    </p>
   </div>
   <div class='ocr_carea' id='block_1_59' title="bbox 377 3037 1948 3151">
    <p class='ocr_par' dir='ltr' id='par_1_59' title="bbox 377 3037 1948 3122">
     <span class='ocr_line' id='line_1_59' title="bbox 377 3037 1948 3122; baseline 0.01 -31"><span class='ocrx_word' id='word_1_394' title='bbox 377 3054 483 3110; x_wconf 90' lang='grc' dir='ltr'>ροι,</span> <span class='ocrx_word' id='word_1_395' title='bbox 511 3037 760 3109; x_wconf 83' lang='grc' dir='ltr'>λέγοντες</span> <span class='ocrx_word' id='word_1_396' title='bbox 801 3041 863 3095; x_wconf 86' lang='grc' dir='ltr'><strong>τὸ</strong></span> <span class='ocrx_word' id='word_1_397' title='bbox 907 3042 1068 3114; x_wconf 86' lang='grc' dir='ltr'>σῶμα</span> <span class='ocrx_word' id='word_1_398' title='bbox 1119 3043 1213 3098; x_wconf 82' lang='grc' dir='ltr'><strong>τοῦ</strong></span> <span class='ocrx_word' id='word_1_399' title='bbox 1275 3047 1505 3118; x_wconf 82' lang='grc' dir='ltr'>Κυρίου,</span> <span class='ocrx_word' id='word_1_400' title='bbox 1549 3049 1645 3102; x_wconf 72' lang='grc' dir='ltr'><strong>καὶ</strong></span> <span class='ocrx_word' id='word_1_401' title='bbox 1691 3049 1791 3122; x_wconf 81' lang='grc' dir='ltr'><strong>τὴν</strong></span> <span class='ocrx_word' id='word_1_402' title='bbox 1835 3049 1948 3107; x_wconf 75' lang='grc' dir='ltr'><strong>θεό⁴</strong></span> 
     </span>
    </p>
   </div>
   <div class='ocr_carea' id='block_1_60' title="bbox 2064 3037 3632 3151">
    <p class='ocr_par' dir='ltr' id='par_1_60' title="bbox 2064 3037 3632 3128">
     <span class='ocr_line' id='line_1_60' title="bbox 2064 3037 3632 3128; baseline 0.002 -16"><span class='ocrx_word' id='word_1_403' title='bbox 2064 3058 2148 3128; x_wconf 81' lang='lat' dir='ltr'><strong>qui</strong></span> <span class='ocrx_word' id='word_1_404' title='bbox 2180 3072 2403 3113; x_wconf 90' lang='lat' dir='ltr'><strong>carnem</strong></span> <span class='ocrx_word' id='word_1_405' title='bbox 2453 3057 2675 3113; x_wconf 90' lang='lat' dir='ltr'><strong>Domini</strong></span> <span class='ocrx_word' id='word_1_406' title='bbox 2722 3067 2780 3116; x_wconf 89' lang='lat' dir='ltr'><strong>et</strong></span> <span class='ocrx_word' id='word_1_407' title='bbox 2835 3059 3184 3115; x_wconf 86' lang='lat' dir='ltr'><strong>divinitatem</strong></span> <span class='ocrx_word' id='word_1_408' title='bbox 3236 3037 3424 3115; x_wconf 81' lang='lat' dir='ltr'><strong>dicant</strong></span> <span class='ocrx_word' id='word_1_409' title='bbox 3468 3062 3632 3116; x_wconf 89' lang='lat' dir='ltr'><strong>unius</strong></span> 
     </span>
    </p>
   </div>
   <div class='ocr_carea' id='block_1_61' title="bbox 373 3129 1954 3218">
    <p class='ocr_par' dir='ltr' id='par_1_61' title="bbox 373 3129 1954 3218">
     <span class='ocr_line' id='line_1_61' title="bbox 373 3129 1954 3218; baseline 0.009 -33"><span class='ocrx_word' id='word_1_410' title='bbox 373 3148 514 3203; x_wconf 79' lang='grc' dir='ltr'>τητα</span> <span class='ocrx_word' id='word_1_411' title='bbox 555 3133 686 3203; x_wconf 85' lang='grc' dir='ltr'>μιᾶς</span> <span class='ocrx_word' id='word_1_412' title='bbox 735 3129 875 3187; x_wconf 72' lang='grc' dir='ltr'>εἶναι</span> <span class='ocrx_word' id='word_1_413' title='bbox 916 3134 1154 3204; x_wconf 86' lang='grc' dir='ltr'>φύσεως.</span> <span class='ocrx_word' id='word_1_414' title='bbox 1187 3138 1344 3204; x_wconf 86' lang='grc' dir='ltr'>Ποῖος</span> <span class='ocrx_word' id='word_1_415' title='bbox 1393 3139 1525 3212; x_wconf 74' lang='grc' dir='ltr'>ᾅδης</span> <span class='ocrx_word' id='word_1_416' title='bbox 1561 3141 1661 3213; x_wconf 83' lang='grc' dir='ltr'><strong>τὴν</strong></span> <span class='ocrx_word' id='word_1_417' title='bbox 1683 3143 1954 3218; x_wconf 84' lang='grc' dir='ltr'>τοσαύτην</span> 
     </span>
    </p>
   </div>
   <div class='ocr_carea' id='block_1_62' title="bbox 378 3223 1954 3307">
    <p class='ocr_par' dir='ltr' id='par_1_62' title="bbox 378 3223 1954 3307">
     <span class='ocr_line' id='line_1_62' title="bbox 378 3223 1954 3307; baseline 0.01 -32"><span class='ocrx_word' id='word_1_418' title='bbox 378 3223 730 3295; x_wconf 81' lang='grc' dir='ltr'>βλασφημίαν</span> <span class='ocrx_word' id='word_1_419' title='bbox 782 3225 1084 3295; x_wconf 80' lang='grc' dir='ltr'>ἡρεύξατο;</span> <span class='ocrx_word' id='word_1_420' title='bbox 1143 3229 1416 3301; x_wconf 78' lang='grc' dir='ltr'>Ἀρειανοὶ</span> <span class='ocrx_word' id='word_1_421' title='bbox 1471 3231 1580 3306; x_wconf 82' lang='grc' dir='ltr'>γὰρ</span> <span class='ocrx_word' id='word_1_422' title='bbox 1608 3233 1710 3305; x_wconf 69' lang='grc' dir='ltr'><strong>ἤδη</strong></span> <span class='ocrx_word' id='word_1_423' title='bbox 1745 3235 1954 3307; x_wconf 64' lang='grc' dir='ltr'>τυγχάφ</span> 
     </span>
    </p>
   </div>
   <div class='ocr_carea' id='block_1_63' title="bbox 375 3315 1956 3398">
    <p class='ocr_par' dir='ltr' id='par_1_63' title="bbox 375 3315 1956 3398">
     <span class='ocr_line' id='line_1_63' title="bbox 375 3315 1956 3398; baseline 0.01 -31"><span class='ocrx_word' id='word_1_424' title='bbox 375 3331 529 3368; x_wconf 90' lang='grc' dir='ltr'>νουσι</span> <span class='ocrx_word' id='word_1_425' title='bbox 562 3316 919 3387; x_wconf 79' lang='grc' dir='ltr'>φορητότεροι</span> <span class='ocrx_word' id='word_1_426' title='bbox 940 3333 952 3348; x_wconf 86' lang='grc'><strong>·</strong></span> <span class='ocrx_word' id='word_1_427' title='bbox 987 3315 1066 3382; x_wconf 74' lang='grc' dir='ltr'>οἷς</span> <span class='ocrx_word' id='word_1_428' title='bbox 1103 3322 1168 3374; x_wconf 81' lang='grc' dir='ltr'>ὲκ</span> <span class='ocrx_word' id='word_1_429' title='bbox 1198 3320 1404 3376; x_wconf 87' lang='grc' dir='ltr'>τούτων</span> <span class='ocrx_word' id='word_1_430' title='bbox 1435 3322 1654 3388; x_wconf 76' lang='grc' dir='ltr'>αὔξεται</span> <span class='ocrx_word' id='word_1_431' title='bbox 1683 3323 1781 3398; x_wconf 78' lang='grc' dir='ltr'>τῆς</span> <span class='ocrx_word' id='word_1_432' title='bbox 1811 3328 1956 3398; x_wconf 88' lang='grc' dir='ltr'>φιλο-</span> 
     </span>
    </p>
   </div>
   <div class='ocr_carea' id='block_1_64' title="bbox 375 3402 1955 3491">
    <p class='ocr_par' dir='ltr' id='par_1_64' title="bbox 375 3402 1955 3491">
     <span class='ocr_line' id='line_1_64' title="bbox 375 3402 1955 3491; baseline 0.012 -35"><span class='ocrx_word' id='word_1_433' title='bbox 375 3402 607 3469; x_wconf 84' lang='grc' dir='ltr'>νεικίας,</span> <span class='ocrx_word' id='word_1_434' title='bbox 653 3407 747 3460; x_wconf 72' lang='grc' dir='ltr'><strong>καὶ</strong></span> <span class='ocrx_word' id='word_1_435' title='bbox 797 3407 1055 3473; x_wconf 84' lang='grc' dir='ltr'>ἀπιστίας</span> <span class='ocrx_word' id='word_1_436' title='bbox 1106 3409 1168 3464; x_wconf 85' lang='grc' dir='ltr'><strong>τὸ</strong></span> <span class='ocrx_word' id='word_1_437' title='bbox 1209 3411 1497 3484; x_wconf 83' lang='grc' dir='ltr'>στέλεχος,</span> <span class='ocrx_word' id='word_1_438' title='bbox 1525 3414 1955 3491; x_wconf 79' lang='grc' dir='ltr'>φιλονεικότερον</span> 
     </span>
    </p>
   </div>
   <div class='ocr_carea' id='block_1_65' title="bbox 374 3495 1952 3577">
    <p class='ocr_par' dir='ltr' id='par_1_65' title="bbox 374 3495 1952 3577">
     <span class='ocr_line' id='line_1_65' title="bbox 374 3495 1952 3577; baseline 0.01 -30"><span class='ocrx_word' id='word_1_439' title='bbox 374 3495 856 3568; x_wconf 78' lang='grc' dir='ltr'>διαϐεϐαιούμενον</span> <span class='ocrx_word' id='word_1_440' title='bbox 904 3498 1085 3568; x_wconf 87' lang='grc' dir='ltr'>λέγειν</span> <span class='ocrx_word' id='word_1_441' title='bbox 1127 3502 1219 3556; x_wconf 84' lang='grc' dir='ltr'><strong>τὸν</strong></span> <span class='ocrx_word' id='word_1_442' title='bbox 1257 3503 1498 3576; x_wconf 81' lang='grc' dir='ltr'>Πατέρα,</span> <span class='ocrx_word' id='word_1_443' title='bbox 1537 3506 1632 3559; x_wconf 79' lang='grc' dir='ltr'>καὶ</span> <span class='ocrx_word' id='word_1_444' title='bbox 1679 3508 1770 3563; x_wconf 84' lang='grc' dir='ltr'><strong>τὸν</strong></span> <span class='ocrx_word' id='word_1_445' title='bbox 1804 3509 1952 3577; x_wconf 84' lang='grc' dir='ltr'>Υίὸν,</span> 
     </span>
    </p>
   </div>
   <div class='ocr_carea' id='block_1_66' title="bbox 375 3586 1954 3676">
    <p class='ocr_par' dir='ltr' id='par_1_66' title="bbox 375 3586 1954 3676">
     <span class='ocr_line' id='line_1_66' title="bbox 375 3586 1954 3676; baseline 0.011 -38"><span class='ocrx_word' id='word_1_446' title='bbox 375 3587 470 3676; x_wconf 76' lang='grc' dir='ltr'><strong>καὶ</strong></span> <span class='ocrx_word' id='word_1_447' title='bbox 497 3587 558 3640; x_wconf 83' lang='grc' dir='ltr'>τὺ</span> <span class='ocrx_word' id='word_1_448' title='bbox 589 3586 813 3658; x_wconf 84' lang='grc' dir='ltr'>Πνεῦμα</span> <span class='ocrx_word' id='word_1_449' title='bbox 837 3589 896 3642; x_wconf 86' lang='grc' dir='ltr'><strong>τὸ</strong></span> <span class='ocrx_word' id='word_1_450' title='bbox 920 3591 1072 3659; x_wconf 73' lang='grc' dir='ltr'>ἅγιον</span> <span class='ocrx_word' id='word_1_451' title='bbox 1097 3593 1227 3662; x_wconf 71' lang='grc' dir='ltr'>μιᾶς</span> <span class='ocrx_word' id='word_1_452' title='bbox 1252 3593 1438 3662; x_wconf 84' lang='grc' dir='ltr'>οὐσίας</span> <span class='ocrx_word' id='word_1_453' title='bbox 1469 3595 1543 3668; x_wconf 85' lang='grc' dir='ltr'>μὴ</span> <span class='ocrx_word' id='word_1_454' title='bbox 1572 3591 1742 3654; x_wconf 78' lang='grc' dir='ltr'>εἶναι’</span> <span class='ocrx_word' id='word_1_455' title='bbox 1767 3600 1954 3676; x_wconf 76' lang='grc' dir='ltr'>ἐπειδὴ</span> 
     </span>
    </p>
   </div>
   <div class='ocr_carea' id='block_1_67' title="bbox 374 3675 1953 3762">
    <p class='ocr_par' dir='ltr' id='par_1_67' title="bbox 374 3675 1953 3762">
     <span class='ocr_line' id='line_1_67' title="bbox 374 3675 1953 3762; baseline 0.008 -29"><span class='ocrx_word' id='word_1_456' title='bbox 374 3675 522 3735; x_wconf 75' lang='grc' dir='ltr'>οὗτοι</span> <span class='ocrx_word' id='word_1_457' title='bbox 552 3680 650 3751; x_wconf 86' lang='grc' dir='ltr'><strong>τὴν</strong></span> <span class='ocrx_word' id='word_1_458' title='bbox 685 3681 916 3752; x_wconf 80' lang='grc' dir='ltr'>θεότητα</span> <span class='ocrx_word' id='word_1_459' title='bbox 944 3683 1039 3741; x_wconf 70' lang='grc' dir='ltr'><strong>τοῦ</strong></span> <span class='ocrx_word' id='word_1_460' title='bbox 1071 3685 1277 3756; x_wconf 74' lang='grc' dir='ltr'>Κυρίου</span> <span class='ocrx_word' id='word_1_461' title='bbox 1321 3687 1416 3739; x_wconf 80' lang='grc' dir='ltr'><strong>καὶ</strong></span> <span class='ocrx_word' id='word_1_462' title='bbox 1453 3686 1552 3758; x_wconf 83' lang='grc' dir='ltr'>τὴν</span> <span class='ocrx_word' id='word_1_463' title='bbox 1588 3691 1785 3760; x_wconf 81' lang='grc' dir='ltr'>σάρκα,</span> <span class='ocrx_word' id='word_1_464' title='bbox 1825 3693 1953 3762; x_wconf 84' lang='grc' dir='ltr'>μιᾶς</span> 
     </span>
    </p>
   </div>
   <div class='ocr_carea' id='block_1_68' title="bbox 378 3771 1195 3843">
    <p class='ocr_par' dir='ltr' id='par_1_68' title="bbox 378 3771 1195 3843">
     <span class='ocr_line' id='line_1_68' title="bbox 378 3771 1195 3843; baseline 0.005 -19"><span class='ocrx_word' id='word_1_465' title='bbox 378 3787 542 3838; x_wconf 84' lang='grc' dir='ltr'>φασιν</span> <span class='ocrx_word' id='word_1_466' title='bbox 571 3771 842 3843; x_wconf 86' lang='grc' dir='ltr'>ὑπάρχειν</span> <span class='ocrx_word' id='word_1_467' title='bbox 871 3775 1060 3839; x_wconf 83' lang='grc' dir='ltr'>οὐσίας</span> <span class='ocrx_word' id='word_1_468' title='bbox 1089 3773 1134 3830; x_wconf 69' lang='grc' dir='ltr'><strong>ί.</strong></span> <span class='ocrx_word' id='word_1_469' title='bbox 1176 3795 1195 3828; x_wconf 76' lang='grc' dir='ltr'><strong>ι</strong></span> 
     </span>
    </p>
   </div>
   <div class='ocr_carea' id='block_1_69' title="bbox 383 3861 1952 3933">
    <p class='ocr_par' dir='ltr' id='par_1_69' title="bbox 383 3861 1952 3933">
     <span class='ocr_line' id='line_1_69' title="bbox 383 3861 1952 3933; baseline 0.008 -19"><span class='ocrx_word' id='word_1_470' title='bbox 383 3861 493 3915; x_wconf 85' lang='grc' dir='ltr'>Τοῦ</span> <span class='ocrx_word' id='word_1_471' title='bbox 520 3861 728 3933; x_wconf 71' lang='grc' dir='ltr'>αὐτοῦ,</span> <span class='ocrx_word' id='word_1_472' title='bbox 747 3862 816 3933; x_wconf 76' lang='grc' dir='ltr'>ἐκ</span> <span class='ocrx_word' id='word_1_473' title='bbox 849 3863 954 3916; x_wconf 88' lang='grc' dir='ltr'><strong>τοῦ</strong></span> <span class='ocrx_word' id='word_1_474' title='bbox 981 3864 1131 3932; x_wconf 85' lang='grc' dir='ltr'>πρὸς</span> <span class='ocrx_word' id='word_1_475' title='bbox 1166 3867 1505 3933; x_wconf 80' lang='grc' dir='ltr'>Γρατιανὸν</span> <span class='ocrx_word' id='word_1_476' title='bbox 1536 3867 1642 3922; x_wconf 78' lang='grc' dir='ltr'><strong>τὸν</strong></span> <span class='ocrx_word' id='word_1_477' title='bbox 1664 3868 1952 3932; x_wconf 75' lang='grc' dir='ltr'>βασιλέα.</span> 
     </span>
    </p>
   </div>
   <div class='ocr_carea' id='block_1_70' title="bbox 455 3931 1957 4011">
    <p class='ocr_par' dir='ltr' id='par_1_70' title="bbox 455 3931 1957 4011">
     <span class='ocr_line' id='line_1_70' title="bbox 455 3931 1957 4011; baseline 0.007 -27"><span class='ocrx_word' id='word_1_478' title='bbox 455 3932 686 4011; x_wconf 43' lang='grc' dir='ltr'>Ταύτῃ-γ</span> <span class='ocrx_word' id='word_1_479' title='bbox 700 3931 768 3984; x_wconf 76' lang='grc' dir='ltr'>δὲ</span> <span class='ocrx_word' id='word_1_480' title='bbox 796 3931 1384 4011; x_wconf 58' lang='grc' dir='ltr'>χρῆσινςζροήᾷθατεν</span> <span class='ocrx_word' id='word_1_481' title='bbox 1407 3939 1442 3990; x_wconf 81' lang='lat' dir='ltr'><strong>d</strong></span> <span class='ocrx_word' id='word_1_482' title='bbox 1467 3931 1768 4006; x_wconf 67' lang='grc' dir='ltr'>Κύριλλος</span> <span class='ocrx_word' id='word_1_483' title='bbox 1790 3939 1860 3993; x_wconf 72' lang='grc' dir='ltr'><strong>ἐν</strong></span> <span class='ocrx_word' id='word_1_484' title='bbox 1881 3941 1957 4011; x_wconf 76' lang='grc' dir='ltr'>τῇ</span> 
     </span>
    </p>
   </div>
   <div class='ocr_carea' id='block_1_71' title="bbox 448 4003 1160 4071">
    <p class='ocr_par' dir='ltr' id='par_1_71' title="bbox 448 4003 1160 4071">
     <span class='ocr_line' id='line_1_71' title="bbox 448 4003 1160 4071; baseline 0.006 -17"><span class='ocrx_word' id='word_1_485' title='bbox 448 4003 578 4054; x_wconf 82' lang='grc' dir='ltr'>κατ’</span> <span class='ocrx_word' id='word_1_486' title='bbox 607 4004 870 4071; x_wconf 72' lang='grc' dir='ltr'>Ἔφεσον</span> <span class='ocrx_word' id='word_1_487' title='bbox 897 4003 1160 4069; x_wconf 79' lang='grc' dir='ltr'>συνόδῳ.</span> 
     </span>
    </p>
   </div>
   <div class='ocr_carea' id='block_1_72' title="bbox 455 4093 1958 4172">
    <p class='ocr_par' dir='ltr' id='par_1_72' title="bbox 455 4093 1958 4172">
     <span class='ocr_line' id='line_1_72' title="bbox 455 4093 1958 4172; baseline 0.007 -27"><span class='ocrx_word' id='word_1_488' title='bbox 455 4111 475 4145; x_wconf 82' lang='grc' dir='ltr'><strong>ι</strong></span> <span class='ocrx_word' id='word_1_489' title='bbox 515 4094 848 4165; x_wconf 78' lang='grc' dir='ltr'>Φυλάξωμεν</span> <span class='ocrx_word' id='word_1_490' title='bbox 881 4093 978 4164; x_wconf 88' lang='grc' dir='ltr'><strong>τὴν</strong></span> <span class='ocrx_word' id='word_1_491' title='bbox 1012 4094 1276 4166; x_wconf 81' lang='grc' dir='ltr'>διαφορὰν</span> <span class='ocrx_word' id='word_1_492' title='bbox 1301 4096 1399 4165; x_wconf 83' lang='grc' dir='ltr'>τῆς</span> <span class='ocrx_word' id='word_1_493' title='bbox 1445 4096 1700 4166; x_wconf 82' lang='grc' dir='ltr'>Θεότητος</span> <span class='ocrx_word' id='word_1_494' title='bbox 1734 4101 1830 4154; x_wconf 74' lang='grc' dir='ltr'>καὶ</span> <span class='ocrx_word' id='word_1_495' title='bbox 1856 4102 1958 4172; x_wconf 84' lang='grc' dir='ltr'>τῆς</span> 
     </span>
    </p>
   </div>
   <div class='ocr_carea' id='block_1_73' title="bbox 380 4180 1954 4262">
    <p class='ocr_par' dir='ltr' id='par_1_73' title="bbox 380 4180 1954 4262">
     <span class='ocr_line' id='line_1_73' title="bbox 380 4180 1954 4262; baseline 0.007 -25"><span class='ocrx_word' id='word_1_496' title='bbox 380 4185 583 4257; x_wconf 89' lang='grc' dir='ltr'>σαρκός</span> <span class='ocrx_word' id='word_1_497' title='bbox 601 4202 616 4216; x_wconf 77' lang='grc' dir='ltr'><strong>ο</strong></span> <span class='ocrx_word' id='word_1_498' title='bbox 643 4180 724 4250; x_wconf 74' lang='grc' dir='ltr'>εἷς</span> <span class='ocrx_word' id='word_1_499' title='bbox 756 4188 865 4258; x_wconf 83' lang='grc' dir='ltr'>γὰρ</span> <span class='ocrx_word' id='word_1_500' title='bbox 893 4188 952 4240; x_wconf 82' lang='grc' dir='ltr'>ὲν</span> <span class='ocrx_word' id='word_1_501' title='bbox 983 4187 1224 4259; x_wconf 74' lang='grc' dir='ltr'>ἑκατέρᾳ</span> <span class='ocrx_word' id='word_1_502' title='bbox 1251 4188 1398 4241; x_wconf 80' lang='grc' dir='ltr'>τελεῖ</span> <span class='ocrx_word' id='word_1_503' title='bbox 1416 4197 1442 4238; x_wconf 74' lang='grc' dir='ltr'><strong>ε</strong></span> <span class='ocrx_word' id='word_1_504' title='bbox 1472 4190 1502 4241; x_wconf 86' lang='grc' dir='ltr'><strong>ό</strong></span> <span class='ocrx_word' id='word_1_505' title='bbox 1521 4191 1620 4244; x_wconf 80' lang='grc' dir='ltr'><strong>τοῦ</strong></span> <span class='ocrx_word' id='word_1_506' title='bbox 1645 4191 1780 4246; x_wconf 79' lang='grc' dir='ltr'>Θεοῦ</span> <span class='ocrx_word' id='word_1_507' title='bbox 1807 4193 1954 4262; x_wconf 82' lang='grc' dir='ltr'>Υἱὸς,</span> 
     </span>
    </p>
   </div>
   <div class='ocr_carea' id='block_1_74' title="bbox 380 4275 1669 4350">
    <p class='ocr_par' dir='ltr' id='par_1_74' title="bbox 380 4275 1669 4350">
     <span class='ocr_line' id='line_1_74' title="bbox 380 4275 1669 4350; baseline 0.005 -22"><span class='ocrx_word' id='word_1_508' title='bbox 380 4275 679 4348; x_wconf 75' lang='grc' dir='ltr'>ἐπειδήπερ</span> <span class='ocrx_word' id='word_1_509' title='bbox 705 4279 764 4331; x_wconf 80' lang='grc' dir='ltr'>ἐν</span> <span class='ocrx_word' id='word_1_510' title='bbox 797 4278 946 4350; x_wconf 87' lang='grc' dir='ltr'>αὐτῷ</span> <span class='ocrx_word' id='word_1_511' title='bbox 978 4279 1215 4350; x_wconf 78' lang='grc' dir='ltr'>ἑκατέρα</span> <span class='ocrx_word' id='word_1_512' title='bbox 1249 4279 1411 4349; x_wconf 80' lang='grc' dir='ltr'>φύσις</span> <span class='ocrx_word' id='word_1_513' title='bbox 1444 4281 1618 4338; x_wconf 80' lang='grc' dir='ltr'>ἐστίν.</span> <span class='ocrx_word' id='word_1_514' title='bbox 1650 4302 1669 4335; x_wconf 71' lang='grc' dir='ltr'><strong>ι</strong></span> 
     </span>
    </p>
   </div>
   <div class='ocr_carea' id='block_1_75' title="bbox 386 4366 1958 4494">
    <p class='ocr_par' dir='ltr' id='par_1_75' title="bbox 386 4366 1958 4494">
     <span class='ocr_line' id='line_1_75' title="bbox 386 4366 1958 4494; baseline 0.008 -74"><span class='ocrx_word' id='word_1_515' title='bbox 386 4366 496 4421; x_wconf 87' lang='grc' dir='ltr'><strong>Τοῦ</strong></span> <span class='ocrx_word' id='word_1_516' title='bbox 531 4368 739 4436; x_wconf 85' lang='grc' dir='ltr'>αὐτοῦ,</span> <span class='ocrx_word' id='word_1_517' title='bbox 787 4372 855 4423; x_wconf 73' lang='grc' dir='ltr'>ἐκ</span> <span class='ocrx_word' id='word_1_518' title='bbox 899 4369 1010 4440; x_wconf 84' lang='grc' dir='ltr'>τῆς</span> <span class='ocrx_word' id='word_1_519' title='bbox 1064 4370 1385 4494; x_wconf 47' lang='grc' dir='ltr'><strong>ἓῧῖιὶηνείας</strong></span> <span class='ocrx_word' id='word_1_520' title='bbox 1432 4373 1540 4428; x_wconf 82' lang='grc' dir='ltr'><strong>τοῦ</strong></span> <span class='ocrx_word' id='word_1_521' title='bbox 1587 4374 1748 4429; x_wconf 84' lang='grc' dir='ltr'>θείου</span> <span class='ocrx_word' id='word_1_522' title='bbox 1804 4392 1958 4448; x_wconf 80' lang='grc' dir='ltr'>συμο</span> 
     </span>
     <span class='ocr_line' id='line_1_76' title="bbox 1175 4457 1270 4494; baseline 0.011 -1"><span class='ocrx_word' id='word_1_523' title='bbox 1175 4457 1270 4494; x_wconf 92' lang='grc' dir='ltr'><strong>ου.</strong></span> 
     </span>
    </p>
   </div>
   <div class='ocr_carea' id='block_1_76' title="bbox 1175 4457 1270 4497">
    <p class='ocr_par' dir='ltr' id='par_1_76' title="bbox 1175 4457 1270 4497">
     <span class='ocr_line' id='line_1_77' title="bbox 1175 4457 1270 4497; baseline 0.042 -4"><span class='ocrx_word' id='word_1_524' title='bbox 1175 4457 1270 4497; x_wconf 80' lang='grc' dir='ltr'><strong>Ουο</strong></span> 
     </span>
    </p>
   </div>
   <div class='ocr_carea' id='block_1_77' title="bbox 456 4531 1950 4607">
    <p class='ocr_par' dir='ltr' id='par_1_77' title="bbox 456 4531 1950 4607">
     <span class='ocr_line' id='line_1_78' title="bbox 456 4531 1950 4607; baseline 0.007 -25"><span class='ocrx_word' id='word_1_525' title='bbox 456 4549 475 4581; x_wconf 84' lang='grc' dir='ltr'><strong>ι</strong></span> <span class='ocrx_word' id='word_1_526' title='bbox 506 4531 644 4594; x_wconf 81' lang='grc' dir='ltr'>Τοὺς</span> <span class='ocrx_word' id='word_1_527' title='bbox 672 4531 730 4584; x_wconf 82' lang='grc' dir='ltr'>δὲ</span> <span class='ocrx_word' id='word_1_528' title='bbox 762 4531 1022 4599; x_wconf 85' lang='grc' dir='ltr'>λέγοντας</span> <span class='ocrx_word' id='word_1_529' title='bbox 1057 4532 1212 4602; x_wconf 75' lang='grc' dir='ltr'>ψιλὸν</span> <span class='ocrx_word' id='word_1_530' title='bbox 1250 4533 1535 4606; x_wconf 80' lang='grc' dir='ltr'>ἄνθρωπον</span> <span class='ocrx_word' id='word_1_531' title='bbox 1566 4535 1656 4590; x_wconf 81' lang='grc' dir='ltr'><strong>τόν</strong></span> <span class='ocrx_word' id='word_1_532' title='bbox 1693 4538 1950 4607; x_wconf 71' lang='grc' dir='ltr'>Χριστὸν,</span> 
     </span>
    </p>
   </div>
   <div class='ocr_carea' id='block_1_78' title="bbox 381 4621 1951 4705">
    <p class='ocr_par' dir='ltr' id='par_1_78' title="bbox 381 4621 1951 4705">
     <span class='ocr_line' id='line_1_79' title="bbox 381 4621 1951 4705; baseline 0.007 -30"><span class='ocrx_word' id='word_1_533' title='bbox 381 4622 414 4691; x_wconf 81' lang='grc' dir='ltr'>ἢ</span> <span class='ocrx_word' id='word_1_534' title='bbox 445 4621 684 4694; x_wconf 82' lang='grc' dir='ltr'>παθητὸν</span> <span class='ocrx_word' id='word_1_535' title='bbox 713 4624 802 4678; x_wconf 83' lang='grc' dir='ltr'><strong>τὸν</strong></span> <span class='ocrx_word' id='word_1_536' title='bbox 829 4624 962 4678; x_wconf 82' lang='grc' dir='ltr'>Θεὸν</span> <span class='ocrx_word' id='word_1_537' title='bbox 996 4626 1189 4693; x_wconf 83' lang='grc' dir='ltr'>Λόγον,</span> <span class='ocrx_word' id='word_1_538' title='bbox 1214 4627 1246 4696; x_wconf 80' lang='grc' dir='ltr'>ἢ</span> <span class='ocrx_word' id='word_1_539' title='bbox 1271 4628 1350 4690; x_wconf 79' lang='grc' dir='ltr'><strong>είς</strong></span> <span class='ocrx_word' id='word_1_540' title='bbox 1389 4629 1565 4699; x_wconf 84' lang='grc' dir='ltr'>σάρκα</span> <span class='ocrx_word' id='word_1_541' title='bbox 1590 4630 1886 4701; x_wconf 81' lang='grc' dir='ltr'>τραπέντα,</span> <span class='ocrx_word' id='word_1_542' title='bbox 1918 4634 1951 4705; x_wconf 80' lang='grc' dir='ltr'>ἢ</span> 
     </span>
    </p>
   </div>
   <div class='ocr_carea' id='block_1_79' title="bbox 386 4715 1956 4793">
    <p class='ocr_par' dir='ltr' id='par_1_79' title="bbox 386 4715 1956 4793">
     <span class='ocr_line' id='line_1_80' title="bbox 386 4715 1956 4793; baseline 0.008 -26"><span class='ocrx_word' id='word_1_543' title='bbox 386 4715 814 4786; x_wconf 78' lang='grc' dir='ltr'>συνουσιωμένον</span> <span class='ocrx_word' id='word_1_544' title='bbox 839 4717 1133 4788; x_wconf 81' lang='grc' dir='ltr'>ἐσχηκέναι</span> <span class='ocrx_word' id='word_1_545' title='bbox 1159 4721 1221 4770; x_wconf 88' lang='grc' dir='ltr'>τὸ</span> <span class='ocrx_word' id='word_1_546' title='bbox 1251 4717 1432 4789; x_wconf 83' lang='grc' dir='ltr'>σῶμα,</span> <span class='ocrx_word' id='word_1_547' title='bbox 1454 4720 1487 4790; x_wconf 84' lang='grc' dir='ltr'>ἢ</span> <span class='ocrx_word' id='word_1_548' title='bbox 1509 4721 1799 4793; x_wconf 82' lang='grc' dir='ltr'>οὐρανόθεν</span> <span class='ocrx_word' id='word_1_549' title='bbox 1823 4724 1956 4779; x_wconf 86' lang='grc' dir='ltr'>αὐτὸ</span> 
     </span>
    </p>
   </div>
   <div class='ocr_carea' id='block_1_80' title="bbox 445 4871 1461 4935">
    <p class='ocr_par' dir='ltr' id='par_1_80' title="bbox 445 4871 1461 4935">
     <span class='ocr_line' id='line_1_81' title="bbox 445 4871 1461 4935; baseline 0 -7"><span class='ocrx_word' id='word_1_550' title='bbox 445 4871 494 4905; x_wconf 71' lang='grc'><strong>⁸⁸</strong></span> <span class='ocrx_word' id='word_1_551' title='bbox 515 4873 696 4935; x_wconf 83' lang='lat' dir='ltr'><strong>Carm.</strong></span> <span class='ocrx_word' id='word_1_552' title='bbox 726 4874 802 4930; x_wconf 89' lang='lat' dir='ltr'><strong>De</strong></span> <span class='ocrx_word' id='word_1_553' title='bbox 833 4879 961 4930; x_wconf 89' lang='lat' dir='ltr'><strong>test.</strong></span> <span class='ocrx_word' id='word_1_554' title='bbox 998 4879 1055 4928; x_wconf 92' lang='lat' dir='ltr'><strong>et</strong></span> <span class='ocrx_word' id='word_1_555' title='bbox 1083 4875 1208 4930; x_wconf 85' lang='lat' dir='ltr'><strong>adv.</strong></span> <span class='ocrx_word' id='word_1_556' title='bbox 1234 4873 1461 4930; x_wconf 87' lang='lat' dir='ltr'><strong>Christi.</strong></span> 
     </span>
    </p>
   </div>
   <div class='ocr_carea' id='block_1_81' title="bbox 2053 3151 3632 3230">
    <p class='ocr_par' dir='ltr' id='par_1_81' title="bbox 2053 3151 3632 3230">
     <span class='ocr_line' id='line_1_82' title="bbox 2053 3151 3632 3230; baseline -0.001 -22"><span class='ocrx_word' id='word_1_557' title='bbox 2053 3166 2180 3230; x_wconf 84' lang='lat' dir='ltr'><strong>esse</strong></span> <span class='ocrx_word' id='word_1_558' title='bbox 2203 3158 2443 3207; x_wconf 67' lang='lat' dir='ltr'><strong>naturae.</strong></span> <span class='ocrx_word' id='word_1_559' title='bbox 2482 3151 2614 3220; x_wconf 78' lang='lat' dir='ltr'><strong>Qua:</strong></span> <span class='ocrx_word' id='word_1_560' title='bbox 2640 3160 2858 3208; x_wconf 87' lang='lat' dir='ltr'><strong>tantum</strong></span> <span class='ocrx_word' id='word_1_561' title='bbox 2893 3152 3244 3224; x_wconf 76' lang='lat' dir='ltr'><strong>sacrilegium</strong></span> <span class='ocrx_word' id='word_1_562' title='bbox 3280 3151 3496 3208; x_wconf 86' lang='lat' dir='ltr'><strong>inferna</strong></span> <span class='ocrx_word' id='word_1_563' title='bbox 3527 3167 3632 3207; x_wconf 88' lang='lat' dir='ltr'><strong>vo-</strong></span> 
     </span>
    </p>
   </div>
   <div class='ocr_carea' id='block_1_82' title="bbox 2053 3242 3629 3314">
    <p class='ocr_par' dir='ltr' id='par_1_82' title="bbox 2053 3242 3629 3314">
     <span class='ocr_line' id='line_1_83' title="bbox 2053 3242 3629 3314; baseline -0.001 -14"><span class='ocrx_word' id='word_1_564' title='bbox 2053 3243 2355 3300; x_wconf 84' lang='lat' dir='ltr'><strong>muerunt?</strong></span> <span class='ocrx_word' id='word_1_565' title='bbox 2382 3242 2503 3300; x_wconf 78' lang='lat' dir='ltr'><strong>Jam</strong></span> <span class='ocrx_word' id='word_1_566' title='bbox 2539 3243 2940 3300; x_wconf 81' lang='lat' dir='ltr'><strong>tolerabiliores</strong></span> <span class='ocrx_word' id='word_1_567' title='bbox 2969 3250 3102 3300; x_wconf 89' lang='lat' dir='ltr'><strong>sunt</strong></span> <span class='ocrx_word' id='word_1_568' title='bbox 3137 3242 3355 3308; x_wconf 87' lang='lat' dir='ltr'><strong>Ariani,</strong></span> <span class='ocrx_word' id='word_1_569' title='bbox 3394 3257 3629 3314; x_wconf 89' lang='lat' dir='ltr'><strong>quorum</strong></span> 
     </span>
    </p>
   </div>
   <div class='ocr_carea' id='block_1_83' title="bbox 2053 3332 3629 3407">
    <p class='ocr_par' dir='ltr' id='par_1_83' title="bbox 2053 3332 3629 3407">
     <span class='ocr_line' id='line_1_84' title="bbox 2053 3332 3629 3407; baseline -0.002 -18"><span class='ocrx_word' id='word_1_570' title='bbox 2053 3349 2151 3406; x_wconf 88' lang='lat' dir='ltr'><strong>per</strong></span> <span class='ocrx_word' id='word_1_571' title='bbox 2174 3334 2316 3390; x_wconf 85' lang='lat' dir='ltr'><strong>istos</strong></span> <span class='ocrx_word' id='word_1_572' title='bbox 2369 3332 2658 3406; x_wconf 73' lang='lat' dir='ltr'><strong>{rixarum</strong></span> <span class='ocrx_word' id='word_1_573' title='bbox 2684 3333 2779 3407; x_wconf 89' lang='lat' dir='ltr'><strong>et]</strong></span> <span class='ocrx_word' id='word_1_574' title='bbox 2822 3333 3067 3405; x_wconf 64' lang='lat' dir='ltr'><strong>perﬁdiae</strong></span> <span class='ocrx_word' id='word_1_575' title='bbox 3116 3332 3286 3388; x_wconf 87' lang='lat' dir='ltr'><strong>robur</strong></span> <span class='ocrx_word' id='word_1_576' title='bbox 3337 3332 3629 3400; x_wconf 88' lang='lat' dir='ltr'><strong>adolescit,</strong></span> 
     </span>
    </p>
   </div>
   <div class='ocr_carea' id='block_1_84' title="bbox 2054 3423 3630 3496">
    <p class='ocr_par' dir='ltr' id='par_1_84' title="bbox 2054 3423 3630 3496">
     <span class='ocr_line' id='line_1_85' title="bbox 2054 3423 3630 3496; baseline -0.001 -14"><span class='ocrx_word' id='word_1_577' title='bbox 2054 3433 2116 3482; x_wconf 91' lang='lat' dir='ltr'><strong>ut</strong></span> <span class='ocrx_word' id='word_1_578' title='bbox 2135 3425 2344 3496; x_wconf 86' lang='lat' dir='ltr'><strong>majore</strong></span> <span class='ocrx_word' id='word_1_579' title='bbox 2374 3426 2732 3483; x_wconf 88' lang='lat' dir='ltr'><strong>contentione</strong></span> <span class='ocrx_word' id='word_1_580' title='bbox 2784 3433 3041 3482; x_wconf 88' lang='lat' dir='ltr'><strong>asserant</strong></span> <span class='ocrx_word' id='word_1_581' title='bbox 3084 3425 3304 3481; x_wconf 89' lang='lat' dir='ltr'><strong>Patrem</strong></span> <span class='ocrx_word' id='word_1_582' title='bbox 3341 3433 3396 3481; x_wconf 92' lang='lat' dir='ltr'><strong>et</strong></span> <span class='ocrx_word' id='word_1_583' title='bbox 3429 3423 3630 3480; x_wconf 89' lang='lat' dir='ltr'><strong>Filium</strong></span> 
     </span>
    </p>
   </div>
   <div class='ocr_carea' id='block_1_85' title="bbox 2053 3517 3627 3589">
    <p class='ocr_par' dir='ltr' id='par_1_85' title="bbox 2053 3517 3627 3589">
     <span class='ocr_line' id='line_1_86' title="bbox 2053 3517 3627 3589; baseline 0.001 -15"><span class='ocrx_word' id='word_1_584' title='bbox 2053 3527 2109 3575; x_wconf 87' lang='lat' dir='ltr'><strong>ct</strong></span> <span class='ocrx_word' id='word_1_585' title='bbox 2141 3518 2410 3589; x_wconf 87' lang='lat' dir='ltr'><strong>Spiritum</strong></span> <span class='ocrx_word' id='word_1_586' title='bbox 2456 3526 2712 3576; x_wconf 86' lang='lat' dir='ltr'><strong>sanctum</strong></span> <span class='ocrx_word' id='word_1_587' title='bbox 2751 3518 2916 3574; x_wconf 89' lang='lat' dir='ltr'><strong>unius</strong></span> <span class='ocrx_word' id='word_1_588' title='bbox 2951 3532 3064 3574; x_wconf 91' lang='lat' dir='ltr'><strong>non</strong></span> <span class='ocrx_word' id='word_1_589' title='bbox 3099 3533 3223 3575; x_wconf 88' lang='lat' dir='ltr'><strong>esse</strong></span> <span class='ocrx_word' id='word_1_590' title='bbox 3269 3517 3627 3586; x_wconf 66' lang='lat' dir='ltr'><strong>substantiae;</strong></span> 
     </span>
    </p>
   </div>
   <div class='ocr_carea' id='block_1_86' title="bbox 2055 3606 3634 3686">
    <p class='ocr_par' dir='ltr' id='par_1_86' title="bbox 2055 3606 3634 3686">
     <span class='ocr_line' id='line_1_87' title="bbox 2055 3606 3634 3686; baseline -0.001 -22"><span class='ocrx_word' id='word_1_591' title='bbox 2055 3609 2184 3686; x_wconf 86' lang='lat' dir='ltr'><strong>quia</strong></span> <span class='ocrx_word' id='word_1_592' title='bbox 2219 3608 2311 3663; x_wconf 84' lang='lat' dir='ltr'><strong>isti</strong></span> <span class='ocrx_word' id='word_1_593' title='bbox 2341 3608 2692 3664; x_wconf 82' lang='lat' dir='ltr'><strong>divinitatem</strong></span> <span class='ocrx_word' id='word_1_594' title='bbox 2744 3606 2964 3663; x_wconf 89' lang='lat' dir='ltr'><strong>Domini</strong></span> <span class='ocrx_word' id='word_1_595' title='bbox 3003 3619 3061 3664; x_wconf 90' lang='lat' dir='ltr'><strong>et</strong></span> <span class='ocrx_word' id='word_1_596' title='bbox 3095 3621 3343 3675; x_wconf 89' lang='lat' dir='ltr'><strong>carnem,</strong></span> <span class='ocrx_word' id='word_1_597' title='bbox 3372 3607 3634 3663; x_wconf 85' lang='lat' dir='ltr'><strong>substan-</strong></span> 
     </span>
    </p>
   </div>
   <div class='ocr_carea' id='block_1_87' title="bbox 2054 3701 3030 3759">
    <p class='ocr_par' dir='ltr' id='par_1_87' title="bbox 2054 3701 3030 3759">
     <span class='ocr_line' id='line_1_88' title="bbox 2054 3701 3030 3759; baseline -0.006 -2"><span class='ocrx_word' id='word_1_598' title='bbox 2054 3703 2146 3757; x_wconf 61' lang='lat' dir='ltr'><strong>tiae</strong></span> <span class='ocrx_word' id='word_1_599' title='bbox 2181 3702 2345 3759; x_wconf 90' lang='lat' dir='ltr'><strong>unius</strong></span> <span class='ocrx_word' id='word_1_600' title='bbox 2375 3701 2560 3757; x_wconf 89' lang='lat' dir='ltr'><strong>dicere</strong></span> <span class='ocrx_word' id='word_1_601' title='bbox 2599 3708 2978 3757; x_wconf 87' lang='lat' dir='ltr'><strong>tentaverunt.</strong></span> <span class='ocrx_word' id='word_1_602' title='bbox 3012 3719 3030 3751; x_wconf 73' lang='grc' dir='ltr'><strong>ι</strong></span> 
     </span>
    </p>
   </div>
   <div class='ocr_carea' id='block_1_88' title="bbox 2059 3875 3633 3952">
    <p class='ocr_par' dir='ltr' id='par_1_88' title="bbox 2059 3875 3633 3952">
     <span class='ocr_line' id='line_1_89' title="bbox 2059 3875 3633 3952; baseline -0.004 -17"><span class='ocrx_word' id='word_1_603' title='bbox 2059 3880 2336 3952; x_wconf 82' lang='lat' dir='ltr'><strong>Ejusdem,</strong></span> <span class='ocrx_word' id='word_1_604' title='bbox 2380 3894 2446 3935; x_wconf 75' lang='lat' dir='ltr'><strong>ea;</strong></span> <span class='ocrx_word' id='word_1_605' title='bbox 2526 3883 2658 3937; x_wconf 82' lang='lat' dir='ltr'><strong>libro</strong></span> <span class='ocrx_word' id='word_1_606' title='bbox 2719 3875 2788 3952; x_wconf 65' lang='lat' dir='ltr'><strong>ad</strong></span> <span class='ocrx_word' id='word_1_607' title='bbox 2851 3875 3633 3952; x_wconf 47' lang='lat' dir='ltr'><strong>Cratianum“imperatorem.</strong></span> 
     </span>
    </p>
   </div>
   <div class='ocr_carea' id='block_1_89' title="bbox 2128 3942 3638 4074">
    <p class='ocr_par' dir='ltr' id='par_1_89' title="bbox 2128 3942 3638 4074">
     <span class='ocr_line' id='line_1_90' title="bbox 2132 3942 3638 4073; baseline -0.004 -69"><span class='ocrx_word' id='word_1_608' title='bbox 2132 3942 2709 4073; x_wconf 33' lang='lat' dir='ltr'><strong>Quartrlt’auctoritatem</strong></span> <span class='ocrx_word' id='word_1_609' title='bbox 2736 3946 2978 4018; x_wconf 82' lang='lat' dir='ltr'><strong>Cyrillus</strong></span> <span class='ocrx_word' id='word_1_610' title='bbox 3018 3945 3240 4016; x_wconf 85' lang='lat' dir='ltr'><strong>protulit</strong></span> <span class='ocrx_word' id='word_1_611' title='bbox 3284 3944 3339 3998; x_wconf 88' lang='lat' dir='ltr'><strong>in</strong></span> <span class='ocrx_word' id='word_1_612' title='bbox 3373 3942 3638 4013; x_wconf 79' lang='lat' dir='ltr'><strong>Ephesina</strong></span> 
     </span>
     <span class='ocr_line' id='line_1_91' title="bbox 2128 4037 2350 4074; baseline 0 0"><span class='ocrx_word' id='word_1_613' title='bbox 2128 4037 2258 4074; x_wconf 87' lang='lat' dir='ltr'><strong>suno</strong></span> <span class='ocrx_word' id='word_1_614' title='bbox 2299 4037 2350 4074; x_wconf 89' lang='grc' dir='ltr'><strong>ο.</strong></span> 
     </span>
    </p>
   </div>
   <div class='ocr_carea' id='block_1_90' title="bbox 2158 4037 2350 4092">
    <p class='ocr_par' dir='ltr' id='par_1_90' title="bbox 2158 4037 2350 4092">
     <span class='ocr_line' id='line_1_92' title="bbox 2158 4037 2350 4092; baseline 0 -18"><span class='ocrx_word' id='word_1_615' title='bbox 2158 4037 2350 4092; x_wconf 85' lang='lat' dir='ltr'><strong>ynoao.</strong></span> 
     </span>
    </p>
   </div>
   <div class='ocr_carea' id='block_1_91' title="bbox 2136 4106 3632 4168">
    <p class='ocr_par' dir='ltr' id='par_1_91' title="bbox 2136 4106 3632 4168">
     <span class='ocr_line' id='line_1_93' title="bbox 2136 4106 3632 4168; baseline -0.005 -2"><span class='ocrx_word' id='word_1_616' title='bbox 2136 4135 2155 4166; x_wconf 75' lang='grc' dir='ltr'><strong>ι</strong></span> <span class='ocrx_word' id='word_1_617' title='bbox 2192 4113 2487 4168; x_wconf 89' lang='lat' dir='ltr'><strong>Servemus</strong></span> <span class='ocrx_word' id='word_1_618' title='bbox 2537 4109 2952 4167; x_wconf 89' lang='lat' dir='ltr'><strong>distinctionem</strong></span> <span class='ocrx_word' id='word_1_619' title='bbox 2990 4106 3301 4164; x_wconf 85' lang='lat' dir='ltr'><strong>divinitatis</strong></span> <span class='ocrx_word' id='word_1_620' title='bbox 3332 4113 3386 4161; x_wconf 87' lang='lat' dir='ltr'><strong>et</strong></span> <span class='ocrx_word' id='word_1_621' title='bbox 3425 4109 3632 4163; x_wconf 87' lang='lat' dir='ltr'><strong>carnis.</strong></span> 
     </span>
    </p>
   </div>
   <div class='ocr_carea' id='block_1_92' title="bbox 2060 4197 3634 4274">
    <p class='ocr_par' dir='ltr' id='par_1_92' title="bbox 2060 4197 3634 4274">
     <span class='ocr_line' id='line_1_94' title="bbox 2060 4197 3634 4274; baseline -0.004 -14"><span class='ocrx_word' id='word_1_622' title='bbox 2060 4203 2218 4260; x_wconf 85' lang='lat' dir='ltr'><strong>Unus</strong></span> <span class='ocrx_word' id='word_1_623' title='bbox 2272 4206 2330 4260; x_wconf 90' lang='lat' dir='ltr'><strong>in</strong></span> <span class='ocrx_word' id='word_1_624' title='bbox 2391 4213 2624 4274; x_wconf 91' lang='lat' dir='ltr'><strong>utraque</strong></span> <span class='ocrx_word' id='word_1_625' title='bbox 2667 4201 2914 4272; x_wconf 90' lang='lat' dir='ltr'><strong>loquitur</strong></span> <span class='ocrx_word' id='word_1_626' title='bbox 2945 4199 3044 4255; x_wconf 89' lang='lat' dir='ltr'><strong>Dei</strong></span> <span class='ocrx_word' id='word_1_627' title='bbox 3071 4197 3264 4263; x_wconf 83' lang='lat' dir='ltr'><strong>Filius,</strong></span> <span class='ocrx_word' id='word_1_628' title='bbox 3301 4197 3430 4268; x_wconf 87' lang='lat' dir='ltr'><strong>quia</strong></span> <span class='ocrx_word' id='word_1_629' title='bbox 3458 4197 3513 4251; x_wconf 90' lang='lat' dir='ltr'><strong>in</strong></span> <span class='ocrx_word' id='word_1_630' title='bbox 3542 4211 3634 4253; x_wconf 85' lang='lat' dir='ltr'><strong>eo-</strong></span> 
     </span>
    </p>
   </div>
   <div class='ocr_carea' id='block_1_93' title="bbox 2059 4297 2880 4366">
    <p class='ocr_par' dir='ltr' id='par_1_93' title="bbox 2059 4297 2880 4366">
     <span class='ocr_line' id='line_1_95' title="bbox 2059 4297 2880 4366; baseline -0.01 -14"><span class='ocrx_word' id='word_1_631' title='bbox 2059 4297 2181 4353; x_wconf 90' lang='lat' dir='ltr'><strong>dem</strong></span> <span class='ocrx_word' id='word_1_632' title='bbox 2213 4306 2446 4366; x_wconf 91' lang='lat' dir='ltr'><strong>utraque</strong></span> <span class='ocrx_word' id='word_1_633' title='bbox 2482 4303 2682 4349; x_wconf 89' lang='lat' dir='ltr'><strong>natura</strong></span> <span class='ocrx_word' id='word_1_634' title='bbox 2720 4299 2824 4348; x_wconf 84' lang='lat' dir='ltr'><strong>est.</strong></span> <span class='ocrx_word' id='word_1_635' title='bbox 2860 4310 2880 4344; x_wconf 73' lang='grc' dir='ltr'><strong>ι</strong></span> 
     </span>
    </p>
   </div>
   <div class='ocr_carea' id='block_1_94' title="bbox 2169 4378 3520 4453">
    <p class='ocr_par' dir='ltr' id='par_1_94' title="bbox 2169 4378 3520 4453">
     <span class='ocr_line' id='line_1_96' title="bbox 2169 4378 3520 4453; baseline -0.004 -13"><span class='ocrx_word' id='word_1_636' title='bbox 2169 4385 2444 4442; x_wconf 77' lang='lat' dir='ltr'><strong>Eiusdem.</strong></span> <span class='ocrx_word' id='word_1_637' title='bbox 2475 4399 2540 4439; x_wconf 78' lang='lat' dir='ltr'><strong>ex</strong></span> <span class='ocrx_word' id='word_1_638' title='bbox 2574 4382 3005 4453; x_wconf 83' lang='lat' dir='ltr'><strong>interpretatione</strong></span> <span class='ocrx_word' id='word_1_639' title='bbox 3059 4379 3224 4436; x_wconf 84' lang='lat' dir='ltr'><strong>divini</strong></span> <span class='ocrx_word' id='word_1_640' title='bbox 3263 4378 3520 4450; x_wconf 84' lang='lat' dir='ltr'><strong>Symboli.</strong></span> 
     </span>
    </p>
   </div>
   <div class='ocr_carea' id='block_1_95' title="bbox 2135 4534 3634 4610">
    <p class='ocr_par' dir='ltr' id='par_1_95' title="bbox 2135 4534 3634 4610">
     <span class='ocr_line' id='line_1_97' title="bbox 2135 4534 3634 4610; baseline -0.004 -15"><span class='ocrx_word' id='word_1_641' title='bbox 2135 4561 2154 4595; x_wconf 81' lang='grc' dir='ltr'><strong>ι</strong></span> <span class='ocrx_word' id='word_1_642' title='bbox 2183 4542 2292 4597; x_wconf 86' lang='lat' dir='ltr'><strong>Eos</strong></span> <span class='ocrx_word' id='word_1_643' title='bbox 2331 4555 2461 4596; x_wconf 88' lang='lat' dir='ltr'><strong>vero</strong></span> <span class='ocrx_word' id='word_1_644' title='bbox 2487 4541 2596 4610; x_wconf 20' lang='lat' dir='ltr'><strong>qui.</strong></span> <span class='ocrx_word' id='word_1_645' title='bbox 2634 4541 2843 4594; x_wconf 91' lang='lat' dir='ltr'><strong>nudum</strong></span> <span class='ocrx_word' id='word_1_646' title='bbox 2893 4537 3176 4593; x_wconf 86' lang='lat' dir='ltr'><strong>hominem</strong></span> <span class='ocrx_word' id='word_1_647' title='bbox 3237 4536 3518 4591; x_wconf 83' lang='lat' dir='ltr'><strong>Clmstum</strong></span> <span class='ocrx_word' id='word_1_648' title='bbox 3554 4534 3634 4589; x_wconf 89' lang='lat' dir='ltr'><strong>di-</strong></span> 
     </span>
    </p>
   </div>
   <div class='ocr_carea' id='block_1_96' title="bbox 2058 4627 3632 4704">
    <p class='ocr_par' dir='ltr' id='par_1_96' title="bbox 2058 4627 3632 4704">
     <span class='ocr_line' id='line_1_98' title="bbox 2058 4627 3632 4704; baseline -0.007 -13"><span class='ocrx_word' id='word_1_649' title='bbox 2058 4642 2212 4701; x_wconf 88' lang='lat' dir='ltr'><strong>cunt,</strong></span> <span class='ocrx_word' id='word_1_650' title='bbox 2259 4642 2354 4688; x_wconf 87' lang='lat' dir='ltr'><strong>aut</strong></span> <span class='ocrx_word' id='word_1_651' title='bbox 2392 4633 2659 4704; x_wconf 73' lang='lat' dir='ltr'><strong>possibile</strong></span> <span class='ocrx_word' id='word_1_652' title='bbox 2698 4629 2935 4686; x_wconf 79' lang='lat' dir='ltr'><strong>Verbum</strong></span> <span class='ocrx_word' id='word_1_653' title='bbox 2967 4629 3086 4695; x_wconf 89' lang='lat' dir='ltr'><strong>Dei,</strong></span> <span class='ocrx_word' id='word_1_654' title='bbox 3123 4637 3222 4683; x_wconf 87' lang='lat' dir='ltr'><strong>aut</strong></span> <span class='ocrx_word' id='word_1_655' title='bbox 3272 4634 3544 4682; x_wconf 84' lang='lat' dir='ltr'><strong>mutatum</strong></span> <span class='ocrx_word' id='word_1_656' title='bbox 3575 4627 3632 4681; x_wconf 93' lang='lat' dir='ltr'><strong>in</strong></span> 
     </span>
    </p>
   </div>
   <div class='ocr_carea' id='block_1_97' title="bbox 2059 4717 3634 4790">
    <p class='ocr_par' dir='ltr' id='par_1_97' title="bbox 2059 4717 3634 4790">
     <span class='ocr_line' id='line_1_99' title="bbox 2059 4717 3634 4790; baseline -0.005 -10"><span class='ocrx_word' id='word_1_657' title='bbox 2059 4739 2304 4790; x_wconf 87' lang='lat' dir='ltr'><strong>carnem,</strong></span> <span class='ocrx_word' id='word_1_658' title='bbox 2348 4733 2437 4778; x_wconf 86' lang='lat' dir='ltr'><strong>aut</strong></span> <span class='ocrx_word' id='word_1_659' title='bbox 2464 4721 3006 4778; x_wconf 83' lang='lat' dir='ltr'><strong>consubstantialum</strong></span> <span class='ocrx_word' id='word_1_660' title='bbox 3049 4735 3175 4776; x_wconf 91' lang='lat' dir='ltr'><strong>cum</strong></span> <span class='ocrx_word' id='word_1_661' title='bbox 3206 4717 3387 4776; x_wconf 78' lang='lat' dir='ltr'><strong>Verbo</strong></span> <span class='ocrx_word' id='word_1_662' title='bbox 3429 4733 3634 4788; x_wconf 84' lang='lat' dir='ltr'><strong>corpus</strong></span> 
     </span>
    </p>
   </div>
   <div class='ocr_carea' id='block_1_98' title="bbox 2588 4807 2612 4837">
    <p class='ocr_par' dir='ltr' id='par_1_98' title="bbox 2588 4807 2612 4837">
     <span class='ocr_line' id='line_1_100' title="bbox 2588 4807 2612 4837; baseline 0 -9"><span class='ocrx_word' id='word_1_663' title='bbox 2588 4807 2612 4837; x_wconf 58' lang='grc' dir='ltr'><strong>,ε</strong></span> 
     </span>
    </p>
   </div>
   <div class='ocr_carea' id='block_1_99' title="bbox 1690 4970 2362 5031">
    <p class='ocr_par' dir='ltr' id='par_1_99' title="bbox 1690 4970 2362 5031">
     <span class='ocr_line' id='line_1_101' title="bbox 1690 4970 2362 5031; baseline 0.004 -6"><span class='ocrx_word' id='word_1_664' title='bbox 1690 4970 1924 5028; x_wconf 64' lang='lat' dir='ltr'><strong>VARL‘E</strong></span> <span class='ocrx_word' id='word_1_665' title='bbox 1963 4972 2362 5031; x_wconf 71' lang='lat' dir='ltr'><strong>LECTIONES.</strong></span> 
     </span>
    </p>
   </div>
   <div class='ocr_carea' id='block_1_100' title="bbox 462 5099 1982 5174">
    <p class='ocr_par' dir='ltr' id='par_1_100' title="bbox 462 5099 1982 5174">
     <span class='ocr_line' id='line_1_102' title="bbox 462 5099 1982 5174; baseline 0.003 -22"><span class='ocrx_word' id='word_1_666' title='bbox 462 5099 482 5138; x_wconf 74' lang='grc' dir='ltr'><strong>ί</strong></span> <span class='ocrx_word' id='word_1_667' title='bbox 517 5100 736 5174; x_wconf 69' lang='lat' dir='ltr'><strong>Alioqui</strong></span> <span class='ocrx_word' id='word_1_668' title='bbox 795 5101 1086 5174; x_wconf 80' lang='lat' dir='ltr'><strong>legendum</strong></span> <span class='ocrx_word' id='word_1_669' title='bbox 1120 5111 1291 5174; x_wconf 78' lang='lat' dir='ltr'><strong>esset,</strong></span> <span class='ocrx_word' id='word_1_670' title='bbox 1356 5101 1565 5174; x_wconf 60' lang='grc' dir='ltr'>λέγειν-</span> <span class='ocrx_word' id='word_1_671' title='bbox 1586 5101 1982 5174; x_wconf 82' lang='grc' dir='ltr'>πεπείρανται.</span> 
     </span>
    </p>
   </div>
   <div class='ocr_carea' id='block_1_101' title="bbox 2047 5099 3634 5174">
    <p class='ocr_par' dir='ltr' id='par_1_101' title="bbox 2047 5099 3634 5174">
     <span class='ocr_line' id='line_1_103' title="bbox 2047 5099 3634 5174; baseline 0 -18"><span class='ocrx_word' id='word_1_672' title='bbox 2047 5113 2141 5158; x_wconf 87' lang='lat' dir='ltr'><strong>aut</strong></span> <span class='ocrx_word' id='word_1_673' title='bbox 2186 5103 2370 5160; x_wconf 88' lang='lat' dir='ltr'><strong>simile</strong></span> <span class='ocrx_word' id='word_1_674' title='bbox 2427 5104 2733 5173; x_wconf 77' lang='lat' dir='ltr'><strong>quidpiam.</strong></span> <span class='ocrx_word' id='word_1_675' title='bbox 2816 5106 2839 5142; x_wconf 79' lang='grc' dir='ltr'>ε</span> <span class='ocrx_word' id='word_1_676' title='bbox 2871 5103 2999 5174; x_wconf 75' lang='lat' dir='ltr'><strong>Leg.</strong></span> <span class='ocrx_word' id='word_1_677' title='bbox 3041 5104 3211 5168; x_wconf 78' lang='grc' dir='ltr'>λαλεῖ,</span> <span class='ocrx_word' id='word_1_678' title='bbox 3251 5114 3311 5159; x_wconf 91' lang='lat' dir='ltr'><strong>ut</strong></span> <span class='ocrx_word' id='word_1_679' title='bbox 3370 5099 3634 5156; x_wconf 88' lang='lat' dir='ltr'><strong>Leontius</strong></span> 
     </span>
    </p>
   </div>
   <div class='ocr_carea' id='block_1_102' title="bbox 383 5169 3639 5243">
    <p class='ocr_par' dir='ltr' id='par_1_102' title="bbox 383 5169 3639 5243">
     <span class='ocr_line' id='line_1_104' title="bbox 383 5169 3639 5243; baseline -0 -21"><span class='ocrx_word' id='word_1_680' title='bbox 383 5177 509 5243; x_wconf 83' lang='lat' dir='ltr'><strong>post</strong></span> <span class='ocrx_word' id='word_1_681' title='bbox 562 5170 829 5241; x_wconf 81' lang='lat' dir='ltr'><strong>Cyrillum</strong></span> <span class='ocrx_word' id='word_1_682' title='bbox 857 5169 1138 5227; x_wconf 55' lang='lat' dir='ltr'><strong>&#39;Ambros.</strong></span> <span class='ocrx_word' id='word_1_683' title='bbox 1166 5239 1178 5243; x_wconf 31' lang='grc' dir='ltr'><strong>Α</strong></span> <span class='ocrx_word' id='word_1_684' title='bbox 1201 5169 1476 5243; x_wconf 72' lang='lat' dir='ltr'><strong>Loquitur.</strong></span> <span class='ocrx_word' id='word_1_685' title='bbox 1526 5169 1910 5240; x_wconf 78' lang='lat' dir='ltr'><strong>Fragmentum</strong></span> <span class='ocrx_word' id='word_1_686' title='bbox 1967 5174 2109 5229; x_wconf 90' lang='lat' dir='ltr'><strong>istud</strong></span> <span class='ocrx_word' id='word_1_687' title='bbox 2156 5190 2266 5229; x_wconf 88' lang='lat' dir='ltr'><strong>non</strong></span> <span class='ocrx_word' id='word_1_688' title='bbox 2314 5169 2580 5229; x_wconf 56' lang='lat' dir='ltr'><strong>occurrit&#39;</strong></span> <span class='ocrx_word' id='word_1_689' title='bbox 2605 5174 2660 5226; x_wconf 92' lang='lat' dir='ltr'><strong>in</strong></span> <span class='ocrx_word' id='word_1_690' title='bbox 2690 5182 2925 5227; x_wconf 87' lang='lat' dir='ltr'><strong>tractatu</strong></span> <span class='ocrx_word' id='word_1_691' title='bbox 2950 5169 3031 5227; x_wconf 61' lang='lat' dir='ltr'><strong>&#39;in</strong></span> <span class='ocrx_word' id='word_1_692' title='bbox 3065 5173 3374 5242; x_wconf 84' lang='lat' dir='ltr'><strong>Symbolum</strong></span> <span class='ocrx_word' id='word_1_693' title='bbox 3406 5179 3639 5243; x_wconf 77' lang='lat' dir='ltr'><strong>_aposto-</strong></span> 
     </span>
    </p>
   </div>
   <div class='ocr_carea' id='block_1_103' title="bbox 381 5238 3632 5314">
    <p class='ocr_par' dir='ltr' id='par_1_103' title="bbox 381 5238 3632 5314">
     <span class='ocr_line' id='line_1_105' title="bbox 381 5238 3632 5314; baseline 0.001 -22"><span class='ocrx_word' id='word_1_694' title='bbox 381 5238 706 5314; x_wconf 12' lang='lat' dir='ltr'><strong>lorum,rqui</strong></span> <span class='ocrx_word' id='word_1_695' title='bbox 739 5243 881 5314; x_wconf 81' lang='lat' dir='ltr'><strong>inter</strong></span> <span class='ocrx_word' id='word_1_696' title='bbox 903 5238 1370 5314; x_wconf 60' lang='lat' dir='ltr'><strong>Arnbrosiiopera</strong></span> <span class='ocrx_word' id='word_1_697' title='bbox 1411 5241 1594 5297; x_wconf 89' lang='lat' dir='ltr'><strong>editus</strong></span> <span class='ocrx_word' id='word_1_698' title='bbox 1631 5238 2099 5314; x_wconf 70' lang='lat' dir='ltr'><strong>fuit:acceptum</strong></span> <span class='ocrx_word' id='word_1_699' title='bbox 2167 5261 2297 5301; x_wconf 81' lang='lat' dir='ltr'><strong>vero</strong></span> <span class='ocrx_word' id='word_1_700' title='bbox 2351 5253 2438 5301; x_wconf 83' lang='lat' dir='ltr'><strong>est</strong></span> <span class='ocrx_word' id='word_1_701' title='bbox 2494 5251 2603 5298; x_wconf 88' lang='lat' dir='ltr'><strong>tam</strong></span> <span class='ocrx_word' id='word_1_702' title='bbox 2647 5258 2676 5296; x_wconf 90' lang='lat' dir='ltr'><strong>a</strong></span> <span class='ocrx_word' id='word_1_703' title='bbox 2707 5244 3045 5298; x_wconf 88' lang='lat' dir='ltr'><strong>Damasccno</strong></span> <span class='ocrx_word' id='word_1_704' title='bbox 3103 5238 3266 5312; x_wconf 79' lang='lat' dir='ltr'><strong>quam</strong></span> <span class='ocrx_word' id='word_1_705' title='bbox 3321 5257 3349 5294; x_wconf 89' lang='lat' dir='ltr'><strong>a</strong></span> <span class='ocrx_word' id='word_1_706' title='bbox 3403 5238 3632 5294; x_wconf 88' lang='lat' dir='ltr'><strong>Leontio</strong></span> 
     </span>
    </p>
   </div>
   <div class='ocr_carea' id='block_1_104' title="bbox 384 5309 1932 5382">
    <p class='ocr_par' dir='ltr' id='par_1_104' title="bbox 384 5309 1932 5382">
     <span class='ocr_line' id='line_1_106' title="bbox 384 5309 1932 5382; baseline 0.004 -20"><span class='ocrx_word' id='word_1_707' title='bbox 384 5309 690 5380; x_wconf 78' lang='lat' dir='ltr'><strong>Byzantina</strong></span> <span class='ocrx_word' id='word_1_708' title='bbox 721 5327 787 5368; x_wconf 83' lang='lat' dir='ltr'><strong>ex</strong></span> <span class='ocrx_word' id='word_1_709' title='bbox 817 5312 1037 5382; x_wconf 78' lang='lat' dir='ltr'><strong>dialogo</strong></span> <span class='ocrx_word' id='word_1_710' title='bbox 1057 5312 1095 5366; x_wconf 79' lang='grc'><strong>2</strong></span> <span class='ocrx_word' id='word_1_711' title='bbox 1125 5309 1455 5370; x_wconf 77' lang='lat' dir='ltr'><strong>Theodoreti</strong></span> <span class='ocrx_word' id='word_1_712' title='bbox 1491 5327 1617 5368; x_wconf 89' lang='lat' dir='ltr'><strong>cum</strong></span> <span class='ocrx_word' id='word_1_713' title='bbox 1653 5313 1932 5368; x_wconf 83' lang='lat' dir='ltr'><strong>Eranista.</strong></span> 
     </span>
    </p>
   </div>
   <div class='ocr_carea' id='block_1_105' title="bbox 1916 5429 2195 5497">
    <p class='ocr_par' dir='ltr' id='par_1_105' title="bbox 1916 5429 2195 5497">
     <span class='ocr_line' id='line_1_107' title="bbox 1916 5429 2195 5497; baseline 0 -13"><span class='ocrx_word' id='word_1_714' title='bbox 1916 5495 1920 5497; x_wconf 7' lang='grc' dir='ltr'><em>ἓ</em></span> <span class='ocrx_word' id='word_1_715' title='bbox 1967 5429 2195 5486; x_wconf 72' lang='lat' dir='ltr'><strong>NOT/E.</strong></span> 
     </span>
    </p>
   </div>
   <div class='ocr_carea' id='block_1_106' title="bbox 355 5491 1954 5612">
    <p class='ocr_par' dir='ltr' id='par_1_106' title="bbox 355 5491 1954 5612">
     <span class='ocr_line' id='line_1_108' title="bbox 355 5491 1954 5612; baseline 0.003 -20"><span class='ocrx_word' id='word_1_716' title='bbox 355 5491 363 5530; x_wconf 45' lang='grc' dir='ltr'><em>ε</em></span> <span class='ocrx_word' id='word_1_717' title='bbox 458 5539 550 5612; x_wconf 31' lang='grc'><strong>(8),</strong></span> <span class='ocrx_word' id='word_1_718' title='bbox 587 5538 720 5612; x_wconf 73' lang='lat' dir='ltr'><strong>Qua:</strong></span> <span class='ocrx_word' id='word_1_719' title='bbox 767 5538 858 5592; x_wconf 74' lang='lat' dir='ltr'><strong>llic</strong></span> <span class='ocrx_word' id='word_1_720' title='bbox 906 5539 1148 5612; x_wconf 67' lang='lat' dir='ltr'><strong>citantur</strong></span> <span class='ocrx_word' id='word_1_721' title='bbox 1201 5542 1374 5612; x_wconf 80' lang='lat' dir='ltr'><strong>sancti</strong></span> <span class='ocrx_word' id='word_1_722' title='bbox 1418 5541 1692 5596; x_wconf 88' lang='lat' dir='ltr'><strong>Ambrosii</strong></span> <span class='ocrx_word' id='word_1_723' title='bbox 1754 5557 1954 5612; x_wconf 71' lang='lat' dir='ltr'><strong>opera,</strong></span> 
     </span>
    </p>
   </div>
   <div class='ocr_carea' id='block_1_107' title="bbox 385 5609 1953 5666">
    <p class='ocr_par' dir='ltr' id='par_1_107' title="bbox 385 5609 1953 5666">
     <span class='ocr_line' id='line_1_109' title="bbox 385 5609 1953 5666; baseline 0.002 -4"><span class='ocrx_word' id='word_1_724' title='bbox 385 5609 558 5664; x_wconf 81' lang='lat' dir='ltr'><strong>missa</strong></span> <span class='ocrx_word' id='word_1_725' title='bbox 593 5609 810 5661; x_wconf 80' lang='lat' dir='ltr'><strong>luerunt</strong></span> <span class='ocrx_word' id='word_1_726' title='bbox 840 5624 880 5661; x_wconf 80' lang='lat' dir='ltr'><strong>a</strong></span> <span class='ocrx_word' id='word_1_727' title='bbox 927 5609 1195 5664; x_wconf 82' lang='lat' dir='ltr'><strong>Martiano</strong></span> <span class='ocrx_word' id='word_1_728' title='bbox 1233 5611 1620 5666; x_wconf 80' lang='lat' dir='ltr'><strong>Mediolanensi</strong></span> <span class='ocrx_word' id='word_1_729' title='bbox 1664 5612 1728 5665; x_wconf 85' lang='lat' dir='ltr'><strong>ad</strong></span> <span class='ocrx_word' id='word_1_730' title='bbox 1775 5609 1953 5665; x_wconf 89' lang='lat' dir='ltr'><strong>Theo-</strong></span> 
     </span>
    </p>
   </div>
   <div class='ocr_carea' id='block_1_108' title="bbox 391 5678 1949 5750">
    <p class='ocr_par' dir='ltr' id='par_1_108' title="bbox 391 5678 1949 5750">
     <span class='ocr_line' id='line_1_110' title="bbox 391 5678 1949 5750; baseline 0 -16"><span class='ocrx_word' id='word_1_731' title='bbox 391 5679 606 5737; x_wconf 81' lang='lat' dir='ltr'><strong>dosium</strong></span> <span class='ocrx_word' id='word_1_732' title='bbox 633 5678 934 5744; x_wconf 79' lang='lat' dir='ltr'><strong>Juniorem,</strong></span> <span class='ocrx_word' id='word_1_733' title='bbox 969 5694 1079 5750; x_wconf 86' lang='lat' dir='ltr'><strong>quo</strong></span> <span class='ocrx_word' id='word_1_734' title='bbox 1111 5689 1352 5750; x_wconf 78' lang='lat' dir='ltr'><strong>tempore</strong></span> <span class='ocrx_word' id='word_1_735' title='bbox 1378 5679 1665 5738; x_wconf 80' lang='lat' dir='ltr'><strong>Nestorius</strong></span> <span class='ocrx_word' id='word_1_736' title='bbox 1700 5683 1949 5738; x_wconf 64' lang='lat' dir='ltr'><strong>hauesim</strong></span> 
     </span>
    </p>
   </div>
   <div class='ocr_carea' id='block_1_109' title="bbox 2066 5532 3628 5604">
    <p class='ocr_par' dir='ltr' id='par_1_109' title="bbox 2066 5532 3628 5604">
     <span class='ocr_line' id='line_1_111' title="bbox 2066 5532 3628 5604; baseline -0.006 -10"><span class='ocrx_word' id='word_1_737' title='bbox 2066 5554 2222 5594; x_wconf 88' lang='lat' dir='ltr'><strong>suam</strong></span> <span class='ocrx_word' id='word_1_738' title='bbox 2253 5538 2443 5601; x_wconf 87' lang='lat' dir='ltr'><strong>edidit,</strong></span> <span class='ocrx_word' id='word_1_739' title='bbox 2468 5546 2706 5604; x_wconf 85' lang='lat' dir='ltr'><strong>tuncque</strong></span> <span class='ocrx_word' id='word_1_740' title='bbox 2740 5533 2874 5587; x_wconf 90' lang='lat' dir='ltr'><strong>adeo</strong></span> <span class='ocrx_word' id='word_1_741' title='bbox 2911 5533 3176 5588; x_wconf 87' lang='lat' dir='ltr'><strong>translata</strong></span> <span class='ocrx_word' id='word_1_742' title='bbox 3209 5532 3358 5588; x_wconf 83' lang='lat' dir='ltr'><strong>fuere</strong></span> <span class='ocrx_word' id='word_1_743' title='bbox 3389 5533 3443 5588; x_wconf 91' lang='lat' dir='ltr'><strong>in</strong></span> <span class='ocrx_word' id='word_1_744' title='bbox 3475 5532 3628 5586; x_wconf 61' lang='lat' dir='ltr'><strong>Grae-</strong></span> 
     </span>
    </p>
   </div>
   <div class='ocr_carea' id='block_1_110' title="bbox 2064 5604 3629 5676">
    <p class='ocr_par' dir='ltr' id='par_1_110' title="bbox 2064 5604 3629 5676">
     <span class='ocr_line' id='line_1_112' title="bbox 2064 5604 3629 5676; baseline -0.003 -15"><span class='ocrx_word' id='word_1_745' title='bbox 2064 5625 2181 5661; x_wconf 86' lang='lat' dir='ltr'><strong>cam</strong></span> <span class='ocrx_word' id='word_1_746' title='bbox 2220 5609 2485 5676; x_wconf 82' lang='lat' dir='ltr'><strong>linguam.</strong></span> <span class='ocrx_word' id='word_1_747' title='bbox 2529 5605 2648 5670; x_wconf 79' lang='lat' dir='ltr'><strong>Quo</strong></span> <span class='ocrx_word' id='word_1_748' title='bbox 2694 5605 2896 5676; x_wconf 78' lang='lat' dir='ltr'><strong>factum</strong></span> <span class='ocrx_word' id='word_1_749' title='bbox 2954 5612 3040 5676; x_wconf 64' lang='lat' dir='ltr'><strong>est</strong></span> <span class='ocrx_word' id='word_1_750' title='bbox 3099 5611 3169 5676; x_wconf 87' lang='lat' dir='ltr'><strong>ut_</strong></span> <span class='ocrx_word' id='word_1_751' title='bbox 3218 5604 3369 5676; x_wconf 88' lang='lat' dir='ltr'><strong>varia</strong></span> <span class='ocrx_word' id='word_1_752' title='bbox 3426 5605 3629 5676; x_wconf 82' lang='lat' dir='ltr'><strong>passim</strong></span> 
     </span>
    </p>
   </div>
   <div class='ocr_carea' id='block_1_111' title="bbox 2059 5670 3626 5746">
    <p class='ocr_par' dir='ltr' id='par_1_111' title="bbox 2059 5670 3626 5746">
     <span class='ocr_line' id='line_1_113' title="bbox 2059 5670 3626 5746; baseline -0.003 -14"><span class='ocrx_word' id='word_1_753' title='bbox 2059 5678 2252 5733; x_wconf 81' lang='lat' dir='ltr'><strong>horum</strong></span> <span class='ocrx_word' id='word_1_754' title='bbox 2303 5670 2560 5746; x_wconf 69' lang='lat' dir='ltr'><strong>cxcerpta</strong></span> <span class='ocrx_word' id='word_1_755' title='bbox 2610 5678 2772 5730; x_wconf 87' lang='lat' dir='ltr'><strong>citata</strong></span> <span class='ocrx_word' id='word_1_756' title='bbox 2805 5673 2918 5728; x_wconf 87' lang='lat' dir='ltr'><strong>sint</strong></span> <span class='ocrx_word' id='word_1_757' title='bbox 2945 5688 2974 5726; x_wconf 92' lang='lat' dir='ltr'><strong>a</strong></span> <span class='ocrx_word' id='word_1_758' title='bbox 3003 5670 3206 5730; x_wconf 68' lang='lat' dir='ltr'><strong>Graecis</strong></span> <span class='ocrx_word' id='word_1_759' title='bbox 3247 5670 3626 5745; x_wconf 68' lang='lat' dir='ltr'><strong>scriptoribus;</strong></span> 
     </span>
    </p>
   </div>
  </div>
