3980 6140
225 300 358 369 Ῑᾶθτ

1473 293 1773 360 CONTRA
1805 290 2225 358 IACOBITAS.

3308 247 3475 354 ’1498

218 417 486 491 ἀφράστῳ
509 413 668 487 λόγῳυ
686 415 751 470 οὗ
772 405 1118 483 κεκραμένος
1149 408 1209 464 ἓν
1238 408 1409 481 αὐτῷ,
1431 409 1466 482 ἢ
1488 410 1799 479 άποσεσαρ·

1927 407 1996 478 lui
2035 424 2140 467 nec
2182 406 2298 467 dici
2349 419 2453 464 nec
2484 405 2719 479 exprimi
2758 407 2961 480 possit,
3002 421 3111 464 non
3143 404 3199 462 in
3238 420 3304 462 eo
3338 415 3477 463 tem-

219 508 486 581 κωμένος,
511 507 628 561 ἀλλ’
662 502 962 568 άποσώζων
1014 500 1074 555 ὲν
1106 500 1284 573 ἑαυτῷ
1310 500 1419 555 τῶν
1459 500 1555 556 δύο
1583 499 1800 570 φύσεων

214 601 328 655 τῶν
355 597 714 670 ὲτεροουσίων
742 592 1087 665 ἀσυγχύτους
1130 593 1230 657 τὰς
1264 592 1556 664 ἰδιότητας.
1586 592 1663 645 Ού
1689 589 1801 662 γὰρ

212 693 391 762 δήπου
427 689 744 762 ὲκράθησαν
776 687 831 740 αἱ
864 684 1056 756 φύσεις
1079 685 1138 738 ὲν
1158 685 1226 755 τῇ
1253 684 1478 754 άρρήτῳ
1502 681 1601 738 καὶ
1629 683 1803 749 ἀσυγ-

210 784 367 855 χύτῳ
392 782 613 845 ἑνώσει,
649 778 765 832 ἀλλ’
796 775 1087 848 ἡνὼθησαν
1125 776 1352 847 ἀρρήτῳ
1398 773 1495 828 καὶ
1534 773 1802 844 ἀφράστῳ

207 875 384 945 λόγῳ,
411 873 511 929 καὶ
540 870 873 941 ὑπερέκεινα
905 867 1111 932 παντὸς
1141 866 1235 922 νοῦ
1270 864 1624 937 τυγχάνουσι,
1659 863 1803 919 κατὰ

208 966 306 1019 τὸν
325 962 736 1036 τρισμακάριον
758 959 853 1015 καὶ
878 958 1098 1030 ἀληθῶς
1122 955 1506 1028 οίκουμενικδν
1525 956 1625 1027 τῆς
1642 954 1804 1027 ὀρθο-

204 1054 367 1122 δόξου
400 1054 647 1117 πίστεως
678 1049 1022 1118 διδάσκαλον,
1052 1047 1152 1105 καὶ
1189 1048 1623 1120 ἀρχιεπίσκοπον
1646 1046 1805 1119 ἡμῶν

219 1149 583 1214 Ἀθανάσιον,
613 1146 709 1200 τὸν
748 1147 808 1198 ὲν
836 1146 906 1217 τῇ
958 1142 1176 1215 μεγάλῃ
1227 1143 1286 1195 ὲν
1340 1140 1550 1212 Νικαίᾳ
1598 1139 1806 1211 συνόδῳ

204 1237 635 1310 διαστράψαντα
666 1233 871 1307 μεταξὺ
898 1232 1010 1288 τῶν
1040 1232 1367 1306 τριακοσίων
1394 1231 1527 1285 δέκα
1543 1226 1641 1286 καὶ
1660 1230 1808 1285 ὀκτὼ

204 1329 571 1394 ἐπισκόπων,
595 1327 857 1381 εἰπόντα⁹
886 1324 993 1379 Δύο
1031 1324 1378 1396 πραγμάτων
1412 1323 1682 1395 ἀνομοίων
1712 1322 1808 1377 καὶ

203 1424 422 1479 ἀνίσων
448 1419 600 1475 κατὰ
626 1419 728 1490 τὴν
763 1416 926 1488 φύσιν
954 1414 1177 1479 σύνοδος
1201 1414 1446 1485 γέγονεν,
1474 1414 1534 1468 οὐ
1563 1414 1809 1484 σύγκρα-

207 1534 319 1582 σις,
344 1513 493 1569 Θεοῦ
520 1514 597 1583 ἀφ
605 1512 805 1585 ράστου
821 1510 917 1565 καὶ
934 1506 1130 1580 Θνητοῢ
1154 1507 1425 1579 σώματος,
1445 1507 1508 1562 ού
1525 1509 1644 1561 κατ’
1663 1507 1808 1577 ἀφαο

184 1608 414 1679 -νισμὸν
458 1606 498 1677 ἢ
544 1604 958 1675 άποσάρκωσιν,
989 1598 1127 1654 ἀλλὰ
1176 1597 1301 1653 καθ’
1344 1598 1541 1653 ἕνωσιν
1570 1597 1810 1671 ἄρρητον

208 1700 315 1755 καὶ
368 1699 779 1767 ὰνὲκφραστον,
830 1692 929 1747 καὶ
969 1689 1364 1761 άνεκδιήγητον
1383 1706 1398 1723 ·
1442 1689 1537 1744 δύο
1593 1688 1810 1759 φύσεων

89 1776 143 1836 γι·
210 1793 330 1847 τῶν
354 1787 744 1862 ἑτεροουσίων,
762 1783 873 1838 τῶν
893 1783 952 1838 ιν
972 1781 1055 1835 ἑνὶ
1080 1780 1325 1852 χριστῷ,
1342 1780 1531 1851 nos:
1554 1780 1649 1833 τοῦ
1673 1776 1809 1833 Θεοῦ

215 1885 581 1958 σωζομένων,
606 1882 701 1937 καὶ
729 1881 868 1953 μήτε
895 1872 1299 1947 συγχεομένων,
1336 1874 1477 1945 μήτε
1500 1871 1814 1944 ἀπολλυμέ-

217 1997 356 2049 νων,
385 1977 424 2050 ἢ
451 1974 885 2050 διαιρεθεισῶν.»

299 2261 586 2332 Σχόλιον.
625 2256 846 2328 Ὁρᾶτε,
874 2253 950 2319 ὡς
973 2252 1024 2307 oi
1054 2252 1201 2321 άγιοι
1228 2246 1471 2325 Πατέρες
1491 2243 1551 2309 ὲξ
1577 2242 1699 2314 ἴσης
1717 2237 1818 2311 τὴν

230 2354 507 2423 σύγχυσιν
540 2348 635 2405 καὶ
665 2347 767 2415 τὴν
792 2345 1061 2417 διαίρεσιν
1088 2340 1404 2411 φεύγοντες,
1428 2332 1696 2401 σώζεσθαι
1719 2332 1820 2397 τὰς

227 2443 327 2497 δύο
376 2440 573 2511 φύσεις
618 2438 785 2510 φασὶν
829 2437 888 2492 tv
937 2435 1021 2490 ἑνὶ
1060 2429 1324 2505 Χριστῷ,
1354 2430 1474 2501 ἦτοι
1534 2427 1638 2498 μιᾷ
1677 2425 1815 2479 ὕποσ-

234 2534 452 2615 στάσει.
1406 2550 1419 2559 ~

382 2646 496 2703 Τοῦ
524 2643 731 2709 αὑτοῦ,
762 2641 830 2696 ἐκ
854 2638 964 2696 τοῦ
985 2637 1121 2707 περὶ
1161 2637 1422 2701 πίστεως
1465 2634 1679 2704 λόγου.

316 2755 336 2791 ι
368 2736 643 2791 Οὐδέποτε
671 2732 782 2802 γὰρ
809 2730 1023 2798 ἀπέστη
1052 2728 1155 2798 τῆς
1186 2726 1322 2790 ίδίας
1347 2724 1627 2795 θεότητος,
1645 2722 1698 2777 εί
1728 2722 1825 2779 καὶ

240 2829 512 2889 ἐκένωσεν
564 2827 780 2891 ἑαυτὸν,
820 2823 1036 2894 μορφὴν
1084 2820 1275 2875 δούλου
1309 2818 1491 2874 λαϐὼν
1540 2817 1608 2872 δι’
1649 2818 1820 2888 ἡμᾶς,

239 2926 343 2980 ούκ
374 2919 651 2982 ἀπολέσας
678 2916 778 2986 τὴν
800 2914 990 2983 θεῖκὴν
1023 2912 1264 2984 μορφὴν,
1293 2910 1384 2964 ἵνα
1423 2908 1565 2964 κατὰ
1604 2907 1665 2962 σὲ
1690 2907 1824 2986 ἐτοίτ

246 2974 747 3087 ἕλῠυίς-δγέοποιτίθῇν.
774 3005 850 3070 ὡς
1248 2974 1344 3074 νμὴ
1380 3001 1608 3071 γένοιτο.
1666 2974 1829 3053 Ἀλλά

1901 512 2153 577 peratus,
2200 510 2297 559 aut
2343 510 2507 558 exuta
2557 517 2769 570 carne;
2816 502 2914 560 sed
2964 502 3167 559 illaesas
3205 503 3261 557 in
3293 500 3480 571 seipso

1901 609 2133 653 servans
2186 594 2473 651 ambarum
2528 594 2797 651 essentia:
2848 594 3081 650 diversa:
3151 600 3477 648 naturarum

1901 684 2292 755 proprietates.
2324 681 2445 738 Non
2474 682 2624 739 enim
2655 690 3085 753 contemperatae
3108 690 3324 736 natura:
3349 684 3482 736 sunt

1904 777 1962 833 in
1992 776 2307 847 explicabiii
2344 784 2402 832 et
2440 774 2737 832 inconfusa
2772 773 2869 829 illa
2912 773 3143 838 unione,
3180 772 3276 830 sed
3312 786 3477 842 copu-

1902 870 2029 926 latae
2052 876 2184 925 sunt
2214 881 2419 924 arcana
2452 868 2667 924 ratione
2696 881 2822 939 quae
2849 865 3036 923 eﬂ‘erri
3083 880 3341 922 sermone
3372 878 3482 919 non

1904 969 2089 1033 potest
2114 980 2131 1018 :
2154 968 2398 1031 suntque
2418 973 2587 1031 supra
2608 958 3031 1030 intelligentiam
3060 971 3299 1024 omnem,
3326 957 3483 1027 juxta

1906 1070 1971 1111 ac
1998 1052 2380 1126 pronuntiavit
2422 1050 2784 1107 beatissimus
2822 1064 3063 1120 vereque
3101 1046 3486 1104 meumenicus

1906 1146 2230 1203 orthodoxae
2276 1142 2402 1199 fidei
2452 1142 2743 1212 magister,
2777 1139 3350 1211 archiepiscopusqne
3379 1153 3484 1193 no-

1909 1245 2023 1296 ster
2077 1235 2435 1300 Athanasius,
2490 1233 2586 1304 qui
2640 1232 2788 1288 inter
2847 1237 3131 1286 trecentos
3185 1229 3375 1285 decem
3428 1234 3487 1285 et

1907 1337 2037 1385 octo
2090 1324 2359 1398 praesules
2406 1321 2688 1395 splenduit
2741 1321 2800 1375 in
2849 1333 3051 1389 magno
3098 1316 3340 1373 concilio
3383 1314 3485 1369 Ni-

1907 1434 2082 1477 ceno.
2113 1420 2357 1475 Duarum
2394 1429 2584 1473 rerum
2632 1411 2993 1469 dissimilium
3044 1416 3100 1466 et
3134 1408 3488 1479 inacqualium

1909 1512 2080 1570 coitio
2109 1511 2410 1569 secundum
2454 1514 2714 1565 naturam
2757 1504 2903 1561 facta
2936 1512 3043 1571 est,
3094 1518 3204 1559 non
3240 1508 3489 1559 contem-

1910 1603 2159 1675 peratio;
2201 1601 2323 1669 Dei,
2355 1601 2605 1671 inquam,
2655 1597 2750 1668 qui
2776 1594 2963 1652 verbis
3004 1594 3239 1666 exprimi
3271 1593 3489 1663 nequit,

1915 1709 1982 1751 ac
2020 1693 2272 1750 mortalis
2306 1690 2603 1763 corporis:
2647 1703 2760 1745 non
2789 1701 2892 1758 per
2915 1685 3366 1748 exstinctionem,
3395 1688 3491 1738 aut

1915 1790 2374 1861 exspoliationem
2410 1787 2622 1851 carnis,
2663 1783 2761 1841 sed
2805 1796 2904 1853 per
2947 1779 3302 1843 ineffabilem,
3330 1778 3491 1833 inex-

1914 1881 2360 1956 plicabilemque,
2405 1885 2461 1935 et
2491 1873 2928 1933 inenarrabiiem
2959 1872 3221 1928 unionem
3251 1869 3489 1924 duarum

1913 1973 2172 2031 essentia:
2208 1970 2441 2027 diversa:
2476 1976 2824 2031 naturarum,
2856 1977 2982 2036 quae
3015 1962 3073 2017 in
3101 1974 3214 2016 uno
3239 1958 3488 2026 Christo,

1915 2064 2017 2121 Dei
2049 2070 2232 2119 autem
2284 2060 2453 2125 Filio,
2510 2058 2679 2115 salva:
2729 2060 2884 2123 sunt,
2930 2066 3041 2108 nec
3075 2051 3341 2117 confusae,
3388 2062 3492 2115 nec

1916 2155 2237 2228 deperdita,
2274 2167 2379 2209 nec
2416 2151 2629 2208 divisae.
2658 2168 2677 2203 ι

1985 2246 2149 2320 425
2180 2244 2454 2302 Scholium
2479 2259 2499 2298 :
2527 2241 2761 2304 Videtis,
2782 2236 3063 2310 quomodo
3092 2232 3270 2292 sancti
3300 2231 3495 2286 Patres

1917 2337 2301 2394 confusionem
2329 2334 2772 2401 divisionemque
2794 2347 2861 2387 ex
2882 2343 3041 2402 atquo
3068 2326 3366 2399 fugientes,
3383 2323 3496 2379 sal-

1917 2444 2016 2487 vas
2047 2443 2176 2486 esse
2205 2436 2439 2485 naturas
2464 2426 2603 2485 duas
2639 2426 2839 2482 docent
2865 2422 2926 2479 in
2965 2421 3211 2485 Christo,
3243 2418 3299 2474 id
3328 2423 3414 2475 est
3437 2415 3498 2472 in

1919 2534 2031 2576 una
2068 2518 2376 2590 bypostasi.

2302 2624 2583 2696 Eiusdem,
2612 2638 2678 2681 ea:
2712 2622 2846 2679 libro
2879 2620 2955 2676 De
2988 2617 3113 2691 fide.

1995 2738 2017 2776 ι
2049 2721 2411 2793 Nequaquam
2439 2718 2586 2777 enim
2618 2715 2855 2773 descivit
2878 2728 2909 2769 a
2944 2727 3044 2769 sua
3076 2707 3381 2770 divinitate,
3417 2711 3497 2760 ta-

1920 2814 2087 2870 metsi
2122 2812 2478 2880 semetipsum
2508 2806 2840 2872 exinanivit,
2883 2803 3062 2861 forma
3100 2798 3247 2859 servi
3280 2804 3499 2870 propter

1921 2920 2026 2962 nos
2055 2910 2340 2973 assumpta
2364 2902 2437 2966 ⁸⁵,
2475 2915 2587 2956 non
2620 2898 2827 2954 amissa
2867 2894 3077 2959 divina,
3111 2901 3192 2957 ut,
3237 2887 3493 2960 quemad-

1924 2995 2148 3052 modum
2178 2995 2283 3061 ais,
2316 2995 2384 3050 de
2414 2991 2565 3047 facili
2588 2998 2863 3062 quatenus
2884 2994 3009 3043 erat
3036 2985 3224 3046 homo,
3248 2979 3503 3037 evaderet

384 3103 512 3157 ναὸν
544 3072 726 3169 ἑαύτῷ
755 3072 1019 3169 ἔμψυχον,
1049 3092 1149 3150 καὶ
1175 3072 1381 3146 τέλειον
1409 3089 1819 3152 κατασκευάσας

1928 3088 2076 3145 Deus
2102 3102 2117 3141 :
2154 3087 2337 3143 absit!
2372 3084 2515 3153 Quin
2544 3083 2733 3156 potius
2769 3081 3072 3137 animatum
3100 3076 3209 3134 sibi
3240 3072 3502 3177 templum

246 3201 307 3254 ἑν
336 3198 405 3268 τῇ
437 3193 570 3265 ἁγίᾳ
592 3189 905 3262 Παρθενικῇ
940 3186 1143 3258 μήτρᾳ,
1168 3183 1265 3239 καὶ
1284 3183 1644 3268 ἐνδυσάμενος
1664 3180 1854 3244 αὑτὸν,

248 3288 347 3345 καὶ
378 3259 621 3349 suos,
671 3259 821 3351 ἀετῷ
876 3279 1105 3351 ἀρρήτῳ
1154 3275 1233 3347 τῷ
1272 3274 1446 3344 λόγῳ,
1504 3259 1829 3345 ἇωζομένων

250 3379 579 3451 ἀμφοτέρων
609 3374 719 3429 τῶν
769 3372 1007 3443 φύσεων,
1034 3369 1130 3423 καὶ
1169 3368 1233 3422 ού
1281 3364 1660 3438 κεκραμᾶνων,
1691 3382 1828 3435 προ-

250 3475 407 3546 ἦλθε,
438 3469 766 3541 φαινόμενος
809 3466 910 3538 μὲν
955 3462 1263 3535 ἅνθρωπος,
1291 3457 1581 3531 νοούμενος
1611 3456 1670 3511 δὲ
1694 3455 1827 3520 Θεὸς

259 3548 477 3637 ’Ἰησοῦς
506 3564 552 3616 Χ
560 3560 763 3632 ριστός.
797 3575 818 3610 ι

260 3656 372 3714 Τοῦ
391 3652 600 3721 αὐτοῦ,
617 3650 686 3704 ἐκ
708 3647 819 3718 τῆς
838 3645 988 3721 πρὸς
1019 3644 1308 3721 Ἰωάννην
1326 3640 1435 3696 τὸν
1464 3637 1829 3707 ’Δγτιογεὶας

268 3712 285 3746 '—
586 3712 599 3721 ’
768 3712 779 3718 ⁷
794 3712 807 3715 ⁷
859 3712 1211 3783 ἐπιστολῆς.

330 3838 352 3873 ι
383 3816 497 3881 Τάς
534 3812 593 3870 δὲ
633 3806 1001 3879 εὐαγγελικὰς
1034 3805 1130 3860 καὶ
1175 3799 1544 3865 άποστολικὰς
1573 3800 1708 3872 περὶ
1733 3798 1828 3853 τοῦ

254 3910 464 3985 Κυρίου
496 3904 680 3979 φωνάς
710 3903 872 3973 ἴσμεν
895 3900 1023 3963 τοὺς
1049 3897 1334 3967 θεολόγους
1361 3895 1580 3966 ἄνδρας,
1606 3892 1706 3957 τὰς
1732 3892 1832 3964 μὲν

255 3994 820 4059 κοιωποιοῦντας,-ὡς
856 3992 944 4059 ἰφ’
973 3989 1091 4053 ἑνὸς
1118 3986 1436 4059 προσώπου,
1464 3985 1564 4048 τὰς
1605 3985 1663 4038 δὲ
1693 3985 1833 4038 διαι-

257 4074 488 4169 ροῦντας
511 4089 588 4153 ὡς
608 4086 703 4139 ἐπὶ
729 4083 825 4139 δύο
856 4082 1095 4151 φύσεων,
1116 4078 1214 4132 xui.
1242 4076 1342 4141 τὰς
1382 4075 1482 4146 μὲν
1511 4074 1832 4145 θεοπρεπεϊς

255 4166 399 4241 κατὰ
431 4183 532 4252 τὴν
581 4176 814 4246 θεότητα
862 4172 960 4227 τοῦ
1006 4168 1269 4245 Χριστοῦ,
1317 4167 1418 4233 τὰς
1447 4166 1508 4222 δὲ
1573 4166 1831 4231 ταπεινὰς

256 4276 402 4333 κατὰ
425 4272 527 4345 τὴν
563 4265 985 4342 άνθρωπότητα.
1011 4283 1034 4319 ι

1926 3178 2348 3252 perfectumque
2377 3176 2434 3232 in
2465 3182 2625 3231 utero
2653 3172 2896 3245 Virginis
2928 3166 3238 3232 fabricavit,
3267 3165 3320 3219 in
3358 3160 3501 3232 quod

1927 3272 2236 3344 ingressus,
2297 3269 2462 3340 eique
2513 3264 2781 3322 ineii‘abili
2818 3260 2985 3317 modo
3035 3258 3254 3321 unitus,
3290 3252 3505 3309 naturis

1927 3343 2198 3419 ambabus
2228 3360 2420 3427 salvis,
2463 3373 2579 3423 non
2627 3371 2742 3413 una
2790 3347 3247 3422 contemperatis,
3278 3343 3503 3417 prodiit,

1928 3455 2005 3512 ita
2037 3461 2098 3509 ut
2130 3453 2301 3509 homo
2324 3450 2549 3523 quidem
2588 3453 2940 3506 cerneretur.
2969 3443 3119 3500 Deus
3148 3452 3280 3497 vero
3302 3433 3503 3493 intelli-

1928 3550 2174 3617 geretur,
2201 3542 2367 3601 Iesus
2394 3541 2675 3598 Christus.
2707 3557 2727 3592 ι

1929 3637 2219 3711 Ejusdem,
2278 3650 2343 3705 ea:
2390 3632 2619 3705 epistola
2673 3630 2743 3687 ad
2787 3627 3054 3689 Joannem
3098 3627 3504 3685 Antiochenam.

2004 3816 2025 3852 ι
2069 3797 2294 3855 Scimus
2328 3795 2482 3853 viros
2508 3792 2824 3850 divinarum
2862 3804 3047 3848 rerum
3095 3789 3309 3861 peritos
3348 3804 3505 3845 evan-

1931 3890 2137 3961 gelicas
2162 3895 2218 3946 et
2262 3886 2601 3959 apostolicas
2624 3884 2693 3941 de
2722 3882 2955 3938 Domino
2986 3896 3178 3943 voces,
3216 3879 3354 3935 alias
3379 3880 3507 3949 qui-

1931 3981 2056 4038 dem
2089 3993 2415 4037 communes
2455 3978 2658 4043 facere,
2690 3981 2954 4045 tanquam
2989 3971 3046 4027 in
3082 3985 3191 4027 una
3223 3984 3461 4041 persona
3490 3987 3506 4024 :

1932 4073 2073 4130 alias
2102 4086 2239 4129 vero
2278 4070 2546 4136 dividere,
2587 4077 2850 4137 tanquam
2899 4064 2958 4119 in
2990 4062 3207 4118 duabus
3262 4062 3506 4126 naturis;

1932 4175 2097 4237 atque
2120 4164 2265 4219 alias
2294 4161 2521 4234 quidem
2546 4174 2670 4231 quae
2702 4157 2875 4213 Deum
2899 4156 3151 4217 deceant,
3180 4167 3279 4223 pro
3300 4152 3508 4207 Christi

1933 4257 2260 4320 divinitate;
2302 4254 2440 4310 alias
2464 4266 2617 4318 vero,
2643 4264 2769 4321 qua:
2797 4246 3036 4303 humiles
3070 4245 3200 4312 sint,
3231 4257 3333 4315 pro
3359 4242 3500 4313 ejus.
3606 4304 3621 4315 ,

1934 4346 2058 4403 dem
2104 4343 2466 4401 humanitate.
2498 4358 2518 4392 ι

333 4453 610 4523 Σχόλιον.
648 4448 714 4504 Εἴ
762 4445 982 4525 ἀληθῶς
1025 4443 1085 4498 ἓν
1123 4442 1412 4514 πρόσωπον
1463 4440 1557 4494 επὶ
1586 4440 1819 4511 Χριστοῦ

2004 4436 2277 4493 Scholium
2303 4447 2323 4486 :
2356 4432 2414 4488 Si
2466 4444 2596 4486 vere
2635 4442 2744 4484 una
2779 4438 3019 4498 persona
3052 4431 3178 4495 post
3207 4420 3509 4477 unitionem

259 4546 403 4618 μετὰ
426 4544 526 4617 τὴν
550 4543 769 4607 ἕνωσιν,
800 4538 1020 4601 πάντως
1053 4533 1272 4607 ἀληθῶς
1299 4532 1395 4587 καὶ
1419 4532 1513 4587 δύο
1544 4530 1757 4602 φύσεις.

262 4716 373 4773 Ἡοῦ
399 4712 608 4781 αὐτοῦ,
636 4710 708 4766 ἐκ
736 4707 1033 4781 τῆςμπρὸς-
1050 4705 1332 4781 Ἀκὰκιον
1354 4704 1695 4761 ἐπίσκοπον
1716 4707 1831 4761 Ms-

730 4775 987 4846 suam
1011 4775 1359 4845 ἐπιστολῆς.

332 4897 354 4931 ι
396 4875 559 4935 Ἀλλὰ
577 4872 687 4943 γὰρ
715 4872 845 4934 ἴσως
874 4870 1051 4923 ἐκεῖνο
1073 4870 1233 4938 φαῖεν
1265 4866 1331 4930 ἂν
1368 4868 1417 4922 οἱ
1456 4867 1525 4921 δι’
1547 4865 1831 4931 ὲναντίαςο

273 4970 406 5025 Ἰδοὺ
434 4969 500 5039 δὴ
530 4965 721 5037 σαφῶς
746 4964 794 5018 oi
832 4962 931 5033 τῆς
964 4961 1134 5032 ὀρθῆς
1161 4960 1403 5024 πίστεως
1426 4960 1525 5031 τὴν
1546 4959 1838 5032 ὁμολογίαν

266 5061 601 5131 ποιούμενοι,
638 5057 735 5112 δύο
762 5056 863 5127 μὲν
902 5051 1233 5124 ὀνομάζουσι
1266 5052 1478 5122 φύσεις,
1506 5052 1837 5124 διαιρεῖσθαι

256 5152 440 5215 δὲτὰς
483 5151 593 5217 τῶν
628 5147 911 5217 θεηγόρων
950 5142 1135 5212 φωνάς
1178 5143 1553 5208 διατείνονται,
1599 5141 1740 5196 κατά
1771 5157 1837 5210 γε

257 5239 358 5312 τὴν
385 5236 649 5309 διαφορὰν
682 5236 884 5301 αὐτῷν.
935 5230 1072 5301 Εἶτα
1119 5232 1240 5301 πῶς
1276 5234 1379 5292 οὐκ
1418 5232 1636 5289 ἐναντία
1663 5231 1837 5288 ταῦτα

260 5332 373 5395 τοῖς
402 5331 549 5395 σοῖς;
581 5327 656 5381 Ού
688 5326 797 5398 γὰρ
832 5325 899 5379 ἂν
940 5325 1085 5396 ἔχεις
1112 5325 1429 5396 προσώποις
1457 5324 1634 5393 δυσὶν,
1667 5324 1836 5396 ἤγουν

266 5419 613 5484 ὑποστάσεσι,
643 5418 742 5481 τὰς
771 5416 955 5487 φωνὰς
975 5417 1251 5488 διανέμειν
1273 5433 1287 5449 ’
1312 5416 1434 5485 ἀλλ,
1456 5409 1503 5471 ὧ
1534 5415 1831 5487 βέλτιστοι,

262 5513 428 5593 φαίην
455 5512 542 5579 ἂν,
578 5509 939 5583 γεγράφαμεν
972 5511 1029 5565 ὲν
1070 5512 1183 5575 τοῖς
1222 5510 1539 5582 κεφαλαίοις
1562 5526 1575 5541 ο
1614 5531 1633 5564 ί
1658 5510 1725 5565 Εἴ
1750 5527 1833 5575 τις

322 5714 380 5783 ,ξε
411 5708 641 5799 Philipp.
694 5723 753 5777 ιι,
781 5707 832 5775 6,
873 5707 922 5761 7.

1935 4538 2023 4587 est
2069 4528 2126 4582 in
2155 4524 2405 4590 Christo,
2428 4535 2558 4579 vere
2601 4532 2834 4592 prorsus
2865 4516 2988 4572 duae
3032 4528 3254 4586 quoque
3299 4520 3510 4568 naturae

1937 4629 2358 4779 sumoEjusdem,
2381 4717 2447 4759 ea:
2474 4699 2700 4782 epistola
2730 4698 2799 4752 ad
2824 4695 3080 4752 Acacium
3109 4692 3373 4751 Helitenae

2566 4783 2883 4839 episcopum.

2008 4889 2029 4925 ι
2054 4866 2162 4925 Sed
2182 4865 2331 4925 enim
2355 4862 2615 4920 fortassis
2638 4858 2777 4917 illud
2812 4859 2999 4915 dicent
3017 4856 3344 4915 adversarii.
3370 4856 3514 4914 Ecce

1929 4977 2046 5035 1am
2081 4960 2177 5033 qui
2208 4967 2372 5016 rectae
2397 4956 2523 5013 fidei
2552 4952 2962 5010 confessionem
2993 4950 3187 5017 edunt,
3227 4950 3370 5006 duas
3390 4950 3512 5020 qui-

1934 5058 2058 5114 dem
2088 5063 2317 5111 naturas
2347 5059 2540 5123 aperte
2564 5047 2889 5105 nominant:
2920 5046 3091 5102 dividi
3129 5060 3258 5102 vero
3283 5051 3512 5101 conten-

1942 5148 2084 5205 dunt
2117 5151 2438 5202 sanctorum
2466 5141 2694 5197 Patrum
2734 5153 2900 5195 voces
2938 5136 3243 5194 secundum
3276 5143 3510 5189 natura-

1942 5256 2067 5297 rum
2114 5240 2361 5310 ipsarum
2414 5236 2738 5293 discrimen.
2787 5233 2858 5286 At
2905 5228 3182 5300 quomodo
3228 5226 3346 5280 hac
3396 5236 3509 5279 non

1941 5330 2307 5385 adversantur
2366 5323 2664 5381 assertioni
2725 5319 2885 5375 tuas?
2940 5316 3299 5385 Nequaquam
3359 5313 3507 5367 enim

1940 5422 2127 5493 possis
2161 5434 2331 5476 voces
2376 5417 2515 5473 istas
2570 5410 2829 5484 personis
2887 5388 3102 5462 duabtﬁ
3152 5402 3506 5460 distribuere.

1941 5490 2166 5580 Verum,
2207 5523 2332 5566 cum
2359 5506 2504 5563 bona
2533 5509 2716 5559 vestra
2744 5496 2916 5572 gratia
2938 5496 3141 5563 dicam,
3168 5492 3225 5550 in
3252 5490 3508 5567 capitulis
