  <div class='ocr_page' id='page_1' title='image "/cluster/home/n/w/nwhite01/storage/ocr_20150623/94/mdp.39015008918610/757.png"; bbox 0 0 3970 6156; ppageno 0'>
   <div class='ocr_carea' id='block_1_1' title="bbox 569 226 709 298">
    <p class='ocr_par' dir='ltr' id='par_1_1' title="bbox 569 226 709 298">
     <span class='ocr_line' id='line_1_1' title="bbox 569 226 709 298; baseline 0.029 -5"><span class='ocrx_word' id='word_1_1' title='bbox 569 226 709 298; x_wconf 73' lang='grc'><strong>1499</strong></span> 
     </span>
    </p>
   </div>
   <div class='ocr_carea' id='block_1_2' title="bbox 1752 250 2632 327">
    <p class='ocr_par' dir='ltr' id='par_1_2' title="bbox 1752 250 2632 327">
     <span class='ocr_line' id='line_1_2' title="bbox 1752 250 2632 327; baseline 0.016 -14"><span class='ocrx_word' id='word_1_2' title='bbox 1752 253 1816 318; x_wconf 93' lang='lat' dir='ltr'><strong>S.</strong></span> <span class='ocrx_word' id='word_1_3' title='bbox 1847 250 2086 317; x_wconf 71' lang='lat' dir='ltr'><strong>IOANN</strong></span> <span class='ocrx_word' id='word_1_4' title='bbox 2090 256 2164 318; x_wconf 92' lang='lat' dir='ltr'><strong>IS</strong></span> <span class='ocrx_word' id='word_1_5' title='bbox 2201 257 2632 327; x_wconf 82' lang='lat' dir='ltr'><strong>DAMASCENI</strong></span> 
     </span>
    </p>
   </div>
   <div class='ocr_carea' id='block_1_3' title="bbox 3717 275 3826 343">
    <p class='ocr_par' dir='ltr' id='par_1_3' title="bbox 3717 275 3826 343">
     <span class='ocr_line' id='line_1_3' title="bbox 3717 275 3826 343; baseline 0.028 -3"><span class='ocrx_word' id='word_1_6' title='bbox 3717 275 3826 343; x_wconf 79' lang='lat'><strong>1500</strong></span> 
     </span>
    </p>
   </div>
   <div class='ocr_carea' id='block_1_4' title="bbox 564 346 2111 463">
    <p class='ocr_par' dir='ltr' id='par_1_4' title="bbox 564 346 2110 441">
     <span class='ocr_line' id='line_1_4' title="bbox 564 346 2110 441; baseline 0.013 -39"><span class='ocrx_word' id='word_1_7' title='bbox 564 346 896 417; x_wconf 75' lang='lat' dir='ltr'><strong>scripsimus</strong></span> <span class='ocrx_word' id='word_1_8' title='bbox 919 351 1006 407; x_wconf 82' lang='lat'><strong>&quot;:</strong></span> <span class='ocrx_word' id='word_1_9' title='bbox 1037 369 1058 404; x_wconf 85' lang='grc'><strong><em>‹</em></strong></span> <span class='ocrx_word' id='word_1_10' title='bbox 1093 351 1154 407; x_wconf 87' lang='lat' dir='ltr'><strong>Si</strong></span> <span class='ocrx_word' id='word_1_11' title='bbox 1179 352 1307 424; x_wconf 82' lang='lat' dir='ltr'><strong>quis</strong></span> <span class='ocrx_word' id='word_1_12' title='bbox 1337 353 1552 416; x_wconf 81' lang='lat' dir='ltr'><strong>duabus</strong></span> <span class='ocrx_word' id='word_1_13' title='bbox 1584 364 1862 432; x_wconf 78' lang='lat' dir='ltr'><strong>personis,</strong></span> <span class='ocrx_word' id='word_1_14' title='bbox 1897 381 1996 423; x_wconf 80' lang='lat' dir='ltr'><strong>seu</strong></span> <span class='ocrx_word' id='word_1_15' title='bbox 2039 367 2110 441; x_wconf 82' lang='lat' dir='ltr'><strong>hy</strong></span> 
     </span>
    </p>
   </div>
   <div class='ocr_carea' id='block_1_5' title="bbox 2215 346 3823 463">
    <p class='ocr_par' dir='ltr' id='par_1_5' title="bbox 2215 363 3823 463">
     <span class='ocr_line' id='line_1_5' title="bbox 2215 363 3823 463; baseline 0.013 -41"><span class='ocrx_word' id='word_1_16' title='bbox 2215 426 2219 436; x_wconf 58' lang='grc'><strong>,</strong></span> <span class='ocrx_word' id='word_1_17' title='bbox 2249 387 2270 423; x_wconf 81' lang='grc' dir='ltr'><strong>ι</strong></span> <span class='ocrx_word' id='word_1_18' title='bbox 2310 374 2627 441; x_wconf 79' lang='grc' dir='ltr'>προσώποις</span> <span class='ocrx_word' id='word_1_19' title='bbox 2655 363 2830 443; x_wconf 76' lang='grc' dir='ltr'>δυσὶν,</span> <span class='ocrx_word' id='word_1_20' title='bbox 2860 379 3032 462; x_wconf 73' lang='grc' dir='ltr'>ἥγοιιν</span> <span class='ocrx_word' id='word_1_21' title='bbox 3062 381 3426 449; x_wconf 76' lang='grc' dir='ltr'><strong>ὑποστάσεσι,</strong></span> <span class='ocrx_word' id='word_1_22' title='bbox 3471 384 3726 463; x_wconf 76' lang='grc' dir='ltr'>διανέμει</span> <span class='ocrx_word' id='word_1_23' title='bbox 3748 392 3823 454; x_wconf 71' lang='grc' dir='ltr'><strong>τὰς</strong></span> 
     </span>
    </p>
   </div>
   <div class='ocr_carea' id='block_1_6' title="bbox 570 440 2134 528">
    <p class='ocr_par' dir='ltr' id='par_1_6' title="bbox 570 440 2134 528">
     <span class='ocr_line' id='line_1_6' title="bbox 570 440 2134 528; baseline 0.019 -40"><span class='ocrx_word' id='word_1_24' title='bbox 570 454 591 488; x_wconf 77' lang='grc' dir='ltr'><strong>ι</strong></span> <span class='ocrx_word' id='word_1_25' title='bbox 628 440 947 509; x_wconf 86' lang='lat' dir='ltr'><strong>postasibus</strong></span> <span class='ocrx_word' id='word_1_26' title='bbox 992 455 1158 500; x_wconf 79' lang='lat' dir='ltr'><strong>voces</strong></span> <span class='ocrx_word' id='word_1_27' title='bbox 1223 445 1545 516; x_wconf 75' lang='lat' dir='ltr'><strong>distribuit,</strong></span> <span class='ocrx_word' id='word_1_28' title='bbox 1597 459 1653 507; x_wconf 90' lang='lat' dir='ltr'><strong>et</strong></span> <span class='ocrx_word' id='word_1_29' title='bbox 1707 455 1846 511; x_wconf 78' lang='lat' dir='ltr'><strong>alias</strong></span> <span class='ocrx_word' id='word_1_30' title='bbox 1906 440 2134 528; x_wconf 82' lang='lat' dir='ltr'><strong>quidem</strong></span> 
     </span>
    </p>
   </div>
   <div class='ocr_carea' id='block_1_7' title="bbox 568 530 2136 619">
    <p class='ocr_par' dir='ltr' id='par_1_7' title="bbox 568 530 2136 619">
     <span class='ocr_line' id='line_1_7' title="bbox 568 530 2136 619; baseline 0.017 -39"><span class='ocrx_word' id='word_1_31' title='bbox 568 546 589 579; x_wconf 76' lang='grc' dir='ltr'><strong>ι</strong></span> <span class='ocrx_word' id='word_1_32' title='bbox 629 538 893 598; x_wconf 86' lang='lat' dir='ltr'><strong>tauquam</strong></span> <span class='ocrx_word' id='word_1_33' title='bbox 933 530 1166 600; x_wconf 84' lang='lat' dir='ltr'><strong>homini,</strong></span> <span class='ocrx_word' id='word_1_34' title='bbox 1221 549 1474 595; x_wconf 76' lang='lat' dir='ltr'><strong>seorsum</strong></span> <span class='ocrx_word' id='word_1_35' title='bbox 1528 556 1558 595; x_wconf 88' lang='lat' dir='ltr'><strong>a</strong></span> <span class='ocrx_word' id='word_1_36' title='bbox 1600 542 1788 600; x_wconf 82' lang='lat' dir='ltr'><strong>Verbo</strong></span> <span class='ocrx_word' id='word_1_37' title='bbox 1812 585 1828 612; x_wconf 96' lang='lat'><strong>,</strong></span> <span class='ocrx_word' id='word_1_38' title='bbox 1881 550 2032 619; x_wconf 85' lang='lat' dir='ltr'><strong>quod</strong></span> <span class='ocrx_word' id='word_1_39' title='bbox 2066 564 2136 606; x_wconf 78' lang='lat' dir='ltr'><strong>ex</strong></span> 
     </span>
    </p>
   </div>
   <div class='ocr_carea' id='block_1_8' title="bbox 572 617 2132 706">
    <p class='ocr_par' dir='ltr' id='par_1_8' title="bbox 572 617 2132 706">
     <span class='ocr_line' id='line_1_8' title="bbox 572 617 2132 706; baseline 0.019 -38"><span class='ocrx_word' id='word_1_40' title='bbox 572 637 592 668; x_wconf 77' lang='grc' dir='ltr'><strong>ι</strong></span> <span class='ocrx_word' id='word_1_41' title='bbox 631 617 745 673; x_wconf 91' lang='lat' dir='ltr'><strong>Deo</strong></span> <span class='ocrx_word' id='word_1_42' title='bbox 798 627 884 676; x_wconf 90' lang='lat' dir='ltr'><strong>est</strong></span> <span class='ocrx_word' id='word_1_43' title='bbox 937 621 1221 681; x_wconf 84' lang='lat' dir='ltr'><strong>intellecto</strong></span> <span class='ocrx_word' id='word_1_44' title='bbox 1279 633 1706 703; x_wconf 77' lang='lat' dir='ltr'><strong>accommodat;</strong></span> <span class='ocrx_word' id='word_1_45' title='bbox 1766 617 1914 696; x_wconf 71' lang='lat' dir='ltr'><strong>alias</strong></span> <span class='ocrx_word' id='word_1_46' title='bbox 1965 655 2132 706; x_wconf 77' lang='lat' dir='ltr'><strong>vero,</strong></span> 
     </span>
    </p>
   </div>
   <div class='ocr_carea' id='block_1_9' title="bbox 569 710 2134 800">
    <p class='ocr_par' dir='ltr' id='par_1_9' title="bbox 569 710 2134 800">
     <span class='ocr_line' id='line_1_9' title="bbox 569 710 2134 800; baseline 0.018 -41"><span class='ocrx_word' id='word_1_47' title='bbox 569 725 589 759; x_wconf 78' lang='grc' dir='ltr'><strong>ι</strong></span> <span class='ocrx_word' id='word_1_48' title='bbox 628 710 830 780; x_wconf 86' lang='lat' dir='ltr'><strong>quippe</strong></span> <span class='ocrx_word' id='word_1_49' title='bbox 860 727 983 782; x_wconf 69' lang='lat' dir='ltr'><strong>quae</strong></span> <span class='ocrx_word' id='word_1_50' title='bbox 1015 715 1184 770; x_wconf 89' lang='lat' dir='ltr'><strong>Deum</strong></span> <span class='ocrx_word' id='word_1_51' title='bbox 1216 716 1470 786; x_wconf 90' lang='lat' dir='ltr'><strong>deceant,</strong></span> <span class='ocrx_word' id='word_1_52' title='bbox 1506 725 1609 780; x_wconf 87' lang='lat' dir='ltr'><strong>soli</strong></span> <span class='ocrx_word' id='word_1_53' title='bbox 1647 725 1847 791; x_wconf 86' lang='lat' dir='ltr'><strong>Verbo,</strong></span> <span class='ocrx_word' id='word_1_54' title='bbox 1889 731 2034 800; x_wconf 90' lang='lat' dir='ltr'><strong>quod</strong></span> <span class='ocrx_word' id='word_1_55' title='bbox 2065 746 2134 786; x_wconf 77' lang='lat' dir='ltr'><strong>ex</strong></span> 
     </span>
    </p>
   </div>
   <div class='ocr_carea' id='block_1_10' title="bbox 566 799 2134 881">
    <p class='ocr_par' dir='ltr' id='par_1_10' title="bbox 566 799 2134 881">
     <span class='ocr_line' id='line_1_10' title="bbox 566 799 2134 881; baseline 0.019 -29"><span class='ocrx_word' id='word_1_56' title='bbox 566 817 585 851; x_wconf 80' lang='grc' dir='ltr'><strong>ι</strong></span> <span class='ocrx_word' id='word_1_57' title='bbox 625 799 734 856; x_wconf 89' lang='lat' dir='ltr'><strong>Deo</strong></span> <span class='ocrx_word' id='word_1_58' title='bbox 780 800 945 861; x_wconf 86' lang='lat' dir='ltr'><strong>Patre</strong></span> <span class='ocrx_word' id='word_1_59' title='bbox 981 814 1088 873; x_wconf 87' lang='lat' dir='ltr'><strong>est,</strong></span> <span class='ocrx_word' id='word_1_60' title='bbox 1133 807 1226 864; x_wconf 78' lang='lat' dir='ltr'><strong>hic</strong></span> <span class='ocrx_word' id='word_1_61' title='bbox 1263 809 1562 872; x_wconf 88' lang='lat' dir='ltr'><strong>damnatus</strong></span> <span class='ocrx_word' id='word_1_62' title='bbox 1619 827 1763 876; x_wconf 85' lang='lat' dir='ltr'><strong>esto.</strong></span> <span class='ocrx_word' id='word_1_63' title='bbox 1826 799 2134 881; x_wconf 83' lang='lat' dir='ltr'><strong>Discrimen</strong></span> 
     </span>
    </p>
   </div>
   <div class='ocr_carea' id='block_1_11' title="bbox 567 899 1835 978">
    <p class='ocr_par' dir='ltr' id='par_1_11' title="bbox 567 899 1835 978">
     <span class='ocr_line' id='line_1_11' title="bbox 567 899 1835 978; baseline 0.017 -34"><span class='ocrx_word' id='word_1_64' title='bbox 567 909 586 942; x_wconf 82' lang='grc' dir='ltr'><strong>ι</strong></span> <span class='ocrx_word' id='word_1_65' title='bbox 625 902 807 948; x_wconf 83' lang='lat' dir='ltr'><strong>autem</strong></span> <span class='ocrx_word' id='word_1_66' title='bbox 845 910 1037 951; x_wconf 82' lang='lat' dir='ltr'><strong>vocum</strong></span> <span class='ocrx_word' id='word_1_67' title='bbox 1077 899 1400 960; x_wconf 78' lang='lat' dir='ltr'><strong>nullatenus</strong></span> <span class='ocrx_word' id='word_1_68' title='bbox 1435 909 1782 978; x_wconf 69' lang='lat' dir='ltr'><strong>negavimus.</strong></span> <span class='ocrx_word' id='word_1_69' title='bbox 1814 930 1835 965; x_wconf 83' lang='grc' dir='ltr'><strong>ι</strong></span> 
     </span>
    </p>
   </div>
   <div class='ocr_carea' id='block_1_12' title="bbox 628 982 2132 1065">
    <p class='ocr_par' dir='ltr' id='par_1_12' title="bbox 628 982 2132 1065">
     <span class='ocr_line' id='line_1_12' title="bbox 628 982 2132 1065; baseline 0.019 -27"><span class='ocrx_word' id='word_1_70' title='bbox 628 982 901 1041; x_wconf 79' lang='lat' dir='ltr'><strong>Scholium</strong></span> <span class='ocrx_word' id='word_1_71' title='bbox 923 1003 943 1041; x_wconf 87' lang='lat'><strong><em>:</em></strong></span> <span class='ocrx_word' id='word_1_72' title='bbox 969 987 1157 1057; x_wconf 82' lang='lat' dir='ltr'><strong>Vides,</strong></span> <span class='ocrx_word' id='word_1_73' title='bbox 1185 996 1465 1060; x_wconf 88' lang='lat' dir='ltr'><strong>quomodo</strong></span> <span class='ocrx_word' id='word_1_74' title='bbox 1513 999 1654 1057; x_wconf 82' lang='lat' dir='ltr'><strong>duas</strong></span> <span class='ocrx_word' id='word_1_75' title='bbox 1686 1009 1919 1062; x_wconf 85' lang='lat' dir='ltr'><strong>naturas</strong></span> <span class='ocrx_word' id='word_1_76' title='bbox 1945 1005 2132 1065; x_wconf 89' lang='lat' dir='ltr'><strong>dicere</strong></span> 
     </span>
    </p>
   </div>
   <div class='ocr_carea' id='block_1_13' title="bbox 559 1074 2130 1166">
    <p class='ocr_par' dir='ltr' id='par_1_13' title="bbox 559 1074 2130 1166">
     <span class='ocr_line' id='line_1_13' title="bbox 559 1074 2130 1166; baseline 0.02 -41"><span class='ocrx_word' id='word_1_77' title='bbox 559 1088 670 1127; x_wconf 90' lang='lat' dir='ltr'><strong>non</strong></span> <span class='ocrx_word' id='word_1_78' title='bbox 700 1074 936 1143; x_wconf 80' lang='lat' dir='ltr'><strong>dubitat,</strong></span> <span class='ocrx_word' id='word_1_79' title='bbox 988 1081 1085 1136; x_wconf 88' lang='lat' dir='ltr'><strong>sed</strong></span> <span class='ocrx_word' id='word_1_80' title='bbox 1144 1093 1371 1142; x_wconf 82' lang='lat' dir='ltr'><strong>recusat</strong></span> <span class='ocrx_word' id='word_1_81' title='bbox 1413 1090 1668 1147; x_wconf 91' lang='lat' dir='ltr'><strong>conﬁteri</strong></span> <span class='ocrx_word' id='word_1_82' title='bbox 1723 1109 1819 1151; x_wconf 86' lang='lat' dir='ltr'><strong>eas</strong></span> <span class='ocrx_word' id='word_1_83' title='bbox 1854 1111 1954 1166; x_wconf 90' lang='lat' dir='ltr'><strong>per</strong></span> <span class='ocrx_word' id='word_1_84' title='bbox 1987 1113 2048 1156; x_wconf 88' lang='lat' dir='ltr'><strong>se</strong></span> <span class='ocrx_word' id='word_1_85' title='bbox 2075 1107 2130 1156; x_wconf 86' lang='lat' dir='ltr'><strong>et</strong></span> 
     </span>
    </p>
   </div>
   <div class='ocr_carea' id='block_1_14' title="bbox 555 1165 1144 1234">
    <p class='ocr_par' dir='ltr' id='par_1_14' title="bbox 555 1165 1144 1234">
     <span class='ocr_line' id='line_1_14' title="bbox 555 1165 1144 1234; baseline 0.019 -16"><span class='ocrx_word' id='word_1_86' title='bbox 555 1165 855 1234; x_wconf 79' lang='lat' dir='ltr'><strong>sejunctim</strong></span> <span class='ocrx_word' id='word_1_87' title='bbox 900 1180 1144 1229; x_wconf 79' lang='lat' dir='ltr'><strong>exstare.</strong></span> 
     </span>
    </p>
   </div>
   <div class='ocr_carea' id='block_1_15' title="bbox 784 1259 1889 1342">
    <p class='ocr_par' dir='ltr' id='par_1_15' title="bbox 784 1259 1889 1342">
     <span class='ocr_line' id='line_1_15' title="bbox 784 1259 1889 1342; baseline 0.019 -30"><span class='ocrx_word' id='word_1_88' title='bbox 784 1259 1063 1332; x_wconf 80' lang='lat' dir='ltr'><strong>Ejusdem,</strong></span> <span class='ocrx_word' id='word_1_89' title='bbox 1087 1285 1153 1323; x_wconf 78' lang='lat' dir='ltr'><strong>ea;</strong></span> <span class='ocrx_word' id='word_1_90' title='bbox 1179 1269 1465 1342; x_wconf 78' lang='lat' dir='ltr'><strong>Glaphyris</strong></span> <span class='ocrx_word' id='word_1_91' title='bbox 1487 1274 1544 1328; x_wconf 72' lang='lat' dir='ltr'><strong>in</strong></span> <span class='ocrx_word' id='word_1_92' title='bbox 1572 1272 1889 1334; x_wconf 73' lang='lat' dir='ltr'><strong>Leviticum.</strong></span> 
     </span>
    </p>
   </div>
   <div class='ocr_carea' id='block_1_16' title="bbox 629 1350 2128 1440">
    <p class='ocr_par' dir='ltr' id='par_1_16' title="bbox 629 1350 2128 1440">
     <span class='ocr_line' id='line_1_16' title="bbox 629 1350 2128 1440; baseline 0.018 -36"><span class='ocrx_word' id='word_1_93' title='bbox 629 1369 650 1403; x_wconf 76' lang='grc' dir='ltr'><strong>ι</strong></span> <span class='ocrx_word' id='word_1_94' title='bbox 680 1350 826 1408; x_wconf 88' lang='lat' dir='ltr'><strong>Duas</strong></span> <span class='ocrx_word' id='word_1_95' title='bbox 851 1357 1123 1426; x_wconf 87' lang='lat' dir='ltr'><strong>siquidem</strong></span> <span class='ocrx_word' id='word_1_96' title='bbox 1145 1363 1392 1420; x_wconf 87' lang='lat' dir='ltr'><strong>aviculas</strong></span> <span class='ocrx_word' id='word_1_97' title='bbox 1411 1367 1566 1435; x_wconf 90' lang='lat' dir='ltr'><strong>jubet</strong></span> <span class='ocrx_word' id='word_1_98' title='bbox 1589 1371 1863 1440; x_wconf 85' lang='lat' dir='ltr'><strong>accipere,</strong></span> <span class='ocrx_word' id='word_1_99' title='bbox 1897 1374 2128 1432; x_wconf 87' lang='lat' dir='ltr'><strong>mundas</strong></span> 
     </span>
    </p>
   </div>
   <div class='ocr_carea' id='block_1_17' title="bbox 555 1442 2128 1528">
    <p class='ocr_par' dir='ltr' id='par_1_17' title="bbox 555 1442 2128 1528">
     <span class='ocr_line' id='line_1_17' title="bbox 555 1442 2128 1528; baseline 0.018 -35"><span class='ocrx_word' id='word_1_100' title='bbox 555 1446 612 1494; x_wconf 92' lang='lat' dir='ltr'><strong>et</strong></span> <span class='ocrx_word' id='word_1_101' title='bbox 653 1442 832 1510; x_wconf 81' lang='lat' dir='ltr'><strong>vivas,</strong></span> <span class='ocrx_word' id='word_1_102' title='bbox 873 1455 932 1501; x_wconf 87' lang='lat' dir='ltr'><strong>ut</strong></span> <span class='ocrx_word' id='word_1_103' title='bbox 973 1448 1250 1522; x_wconf 75' lang='lat' dir='ltr'><strong>intelligas</strong></span> <span class='ocrx_word' id='word_1_104' title='bbox 1281 1470 1377 1525; x_wconf 91' lang='lat' dir='ltr'><strong>per</strong></span> <span class='ocrx_word' id='word_1_105' title='bbox 1409 1457 1564 1514; x_wconf 87' lang='lat' dir='ltr'><strong>vivos</strong></span> <span class='ocrx_word' id='word_1_106' title='bbox 1603 1460 1797 1528; x_wconf 84' lang='lat' dir='ltr'><strong>alites,</strong></span> <span class='ocrx_word' id='word_1_107' title='bbox 1845 1465 2128 1520; x_wconf 70' lang='lat' dir='ltr'><strong>cmlestem</strong></span> 
     </span>
    </p>
   </div>
   <div class='ocr_carea' id='block_1_18' title="bbox 546 1534 2126 1614">
    <p class='ocr_par' dir='ltr' id='par_1_18' title="bbox 546 1534 2126 1614">
     <span class='ocr_line' id='line_1_18' title="bbox 546 1534 2126 1614; baseline 0.018 -27"><span class='ocrx_word' id='word_1_108' title='bbox 546 1534 837 1600; x_wconf 65' lang='lat' dir='ltr'><strong>hominem</strong></span> <span class='ocrx_word' id='word_1_109' title='bbox 871 1542 1039 1597; x_wconf 88' lang='lat' dir='ltr'><strong>simul</strong></span> <span class='ocrx_word' id='word_1_110' title='bbox 1069 1554 1124 1601; x_wconf 89' lang='lat' dir='ltr'><strong>et</strong></span> <span class='ocrx_word' id='word_1_111' title='bbox 1169 1546 1338 1603; x_wconf 87' lang='lat' dir='ltr'><strong>Deum</strong></span> <span class='ocrx_word' id='word_1_112' title='bbox 1389 1550 1445 1605; x_wconf 91' lang='lat' dir='ltr'><strong>in</strong></span> <span class='ocrx_word' id='word_1_113' title='bbox 1488 1560 1720 1610; x_wconf 88' lang='lat' dir='ltr'><strong>naturas</strong></span> <span class='ocrx_word' id='word_1_114' title='bbox 1755 1555 1893 1613; x_wconf 92' lang='lat' dir='ltr'><strong>duas</strong></span> <span class='ocrx_word' id='word_1_115' title='bbox 1927 1557 2126 1614; x_wconf 87' lang='lat' dir='ltr'><strong>distin-</strong></span> 
     </span>
    </p>
   </div>
   <div class='ocr_carea' id='block_1_19' title="bbox 553 1637 2123 1715">
    <p class='ocr_par' dir='ltr' id='par_1_19' title="bbox 553 1637 2123 1715">
     <span class='ocr_line' id='line_1_19' title="bbox 553 1637 2123 1715; baseline 0.017 -34"><span class='ocrx_word' id='word_1_116' title='bbox 553 1637 726 1696; x_wconf 88' lang='lat' dir='ltr'><strong>ctum,</strong></span> <span class='ocrx_word' id='word_1_117' title='bbox 763 1647 863 1701; x_wconf 87' lang='lat' dir='ltr'><strong>pro</strong></span> <span class='ocrx_word' id='word_1_118' title='bbox 907 1647 1280 1696; x_wconf 83' lang='lat' dir='ltr'><strong>consentanea</strong></span> <span class='ocrx_word' id='word_1_119' title='bbox 1328 1643 1567 1715; x_wconf 79' lang='lat' dir='ltr'><strong>singulis</strong></span> <span class='ocrx_word' id='word_1_120' title='bbox 1617 1650 1853 1705; x_wconf 86' lang='lat' dir='ltr'><strong>ratione.</strong></span> <span class='ocrx_word' id='word_1_121' title='bbox 1888 1650 2123 1707; x_wconf 84' lang='lat' dir='ltr'><strong>Verbum</strong></span> 
     </span>
    </p>
   </div>
   <div class='ocr_carea' id='block_1_20' title="bbox 551 1721 2124 1812">
    <p class='ocr_par' dir='ltr' id='par_1_20' title="bbox 551 1721 2124 1812">
     <span class='ocr_line' id='line_1_20' title="bbox 551 1721 2124 1812; baseline 0.017 -40"><span class='ocrx_word' id='word_1_122' title='bbox 551 1721 755 1790; x_wconf 87' lang='lat' dir='ltr'><strong>quippe</strong></span> <span class='ocrx_word' id='word_1_123' title='bbox 791 1734 910 1779; x_wconf 90' lang='lat' dir='ltr'><strong>erat</strong></span> <span class='ocrx_word' id='word_1_124' title='bbox 939 1740 1006 1783; x_wconf 83' lang='lat' dir='ltr'><strong>ex</strong></span> <span class='ocrx_word' id='word_1_125' title='bbox 1039 1727 1151 1785; x_wconf 91' lang='lat' dir='ltr'><strong>Deo</strong></span> <span class='ocrx_word' id='word_1_126' title='bbox 1180 1732 1342 1791; x_wconf 89' lang='lat' dir='ltr'><strong>Patre</strong></span> <span class='ocrx_word' id='word_1_127' title='bbox 1393 1736 1448 1791; x_wconf 95' lang='lat' dir='ltr'><strong>in</strong></span> <span class='ocrx_word' id='word_1_128' title='bbox 1477 1752 1644 1793; x_wconf 88' lang='lat' dir='ltr'><strong>carne</strong></span> <span class='ocrx_word' id='word_1_129' title='bbox 1679 1755 1751 1794; x_wconf 81' lang='lat' dir='ltr'><strong>ex</strong></span> <span class='ocrx_word' id='word_1_130' title='bbox 1781 1741 2004 1812; x_wconf 77' lang='lat' dir='ltr'><strong>Virgine</strong></span> <span class='ocrx_word' id='word_1_131' title='bbox 2031 1759 2124 1799; x_wconf 88' lang='lat' dir='ltr'><strong>as-</strong></span> 
     </span>
    </p>
   </div>
   <div class='ocr_carea' id='block_1_21' title="bbox 549 1817 2124 1900">
    <p class='ocr_par' dir='ltr' id='par_1_21' title="bbox 549 1817 2124 1900">
     <span class='ocr_line' id='line_1_21' title="bbox 549 1817 2124 1900; baseline 0.02 -37"><span class='ocrx_word' id='word_1_132' title='bbox 549 1821 771 1883; x_wconf 86' lang='lat' dir='ltr'><strong>sumpta</strong></span> <span class='ocrx_word' id='word_1_133' title='bbox 788 1817 1201 1888; x_wconf 86' lang='lat' dir='ltr'><strong>splendescens,</strong></span> <span class='ocrx_word' id='word_1_134' title='bbox 1225 1826 1321 1880; x_wconf 87' lang='lat' dir='ltr'><strong>sed</strong></span> <span class='ocrx_word' id='word_1_135' title='bbox 1341 1826 1484 1882; x_wconf 89' lang='lat' dir='ltr'><strong>citra</strong></span> <span class='ocrx_word' id='word_1_136' title='bbox 1509 1829 1936 1900; x_wconf 88' lang='lat' dir='ltr'><strong>sejunctionem.</strong></span> <span class='ocrx_word' id='word_1_137' title='bbox 1968 1833 2124 1895; x_wconf 85' lang='lat' dir='ltr'><strong>Unus</strong></span> 
     </span>
    </p>
   </div>
   <div class='ocr_carea' id='block_1_22' title="bbox 549 1903 1588 1978">
    <p class='ocr_par' dir='ltr' id='par_1_22' title="bbox 549 1903 1588 1978">
     <span class='ocr_line' id='line_1_22' title="bbox 549 1903 1588 1978; baseline 0.018 -21"><span class='ocrx_word' id='word_1_138' title='bbox 549 1903 698 1962; x_wconf 84' lang='lat' dir='ltr'><strong>enim</strong></span> <span class='ocrx_word' id='word_1_139' title='bbox 729 1916 814 1963; x_wconf 90' lang='lat' dir='ltr'><strong>est</strong></span> <span class='ocrx_word' id='word_1_140' title='bbox 843 1923 909 1965; x_wconf 80' lang='lat' dir='ltr'><strong>ex</strong></span> <span class='ocrx_word' id='word_1_141' title='bbox 944 1915 1217 1972; x_wconf 87' lang='lat' dir='ltr'><strong>ambobus</strong></span> <span class='ocrx_word' id='word_1_142' title='bbox 1247 1917 1532 1978; x_wconf 85' lang='lat' dir='ltr'><strong>Christus.</strong></span> <span class='ocrx_word' id='word_1_143' title='bbox 1568 1942 1588 1976; x_wconf 75' lang='grc' dir='ltr'><strong>ι</strong></span> 
     </span>
    </p>
   </div>
   <div class='ocr_carea' id='block_1_23' title="bbox 831 1999 1840 2074">
    <p class='ocr_par' dir='ltr' id='par_1_23' title="bbox 831 1999 1840 2074">
     <span class='ocr_line' id='line_1_23' title="bbox 831 1999 1840 2074; baseline 0.02 -20"><span class='ocrx_word' id='word_1_144' title='bbox 831 1999 1108 2072; x_wconf 77' lang='lat' dir='ltr'><strong>Ejusdem,</strong></span> <span class='ocrx_word' id='word_1_145' title='bbox 1129 2022 1195 2062; x_wconf 76' lang='lat' dir='ltr'><strong>ea:</strong></span> <span class='ocrx_word' id='word_1_146' title='bbox 1217 2009 1366 2065; x_wconf 80' lang='lat' dir='ltr'><strong>libris</strong></span> <span class='ocrx_word' id='word_1_147' title='bbox 1395 2015 1459 2067; x_wconf 77' lang='lat' dir='ltr'><strong>de</strong></span> <span class='ocrx_word' id='word_1_148' title='bbox 1491 2016 1746 2073; x_wconf 75' lang='lat' dir='ltr'><strong>Trinitats</strong></span> <span class='ocrx_word' id='word_1_149' title='bbox 1771 2019 1840 2074; x_wconf 87' lang='lat'><strong>&quot;.</strong></span> 
     </span>
    </p>
   </div>
   <div class='ocr_carea' id='block_1_24' title="bbox 622 2088 2120 2176">
    <p class='ocr_par' dir='ltr' id='par_1_24' title="bbox 622 2088 2120 2176">
     <span class='ocr_line' id='line_1_24' title="bbox 622 2088 2120 2176; baseline 0.018 -35"><span class='ocrx_word' id='word_1_150' title='bbox 622 2105 642 2138; x_wconf 79' lang='grc' dir='ltr'><strong>ι</strong></span> <span class='ocrx_word' id='word_1_151' title='bbox 673 2088 930 2150; x_wconf 87' lang='lat' dir='ltr'><strong>Christus</strong></span> <span class='ocrx_word' id='word_1_152' title='bbox 959 2098 1111 2151; x_wconf 90' lang='lat' dir='ltr'><strong>velut</strong></span> <span class='ocrx_word' id='word_1_153' title='bbox 1147 2103 1446 2158; x_wconf 81' lang='lat' dir='ltr'><strong>conﬁnium</strong></span> <span class='ocrx_word' id='word_1_154' title='bbox 1491 2110 1765 2176; x_wconf 83' lang='lat' dir='ltr'><strong>quoddam</strong></span> <span class='ocrx_word' id='word_1_155' title='bbox 1804 2118 1888 2168; x_wconf 84' lang='lat' dir='ltr'><strong>est</strong></span> <span class='ocrx_word' id='word_1_156' title='bbox 1914 2111 2120 2168; x_wconf 86' lang='lat' dir='ltr'><strong>divini-</strong></span> 
     </span>
    </p>
   </div>
   <div class='ocr_carea' id='block_1_25' title="bbox 546 2176 2120 2271">
    <p class='ocr_par' dir='ltr' id='par_1_25' title="bbox 546 2176 2120 2271">
     <span class='ocr_line' id='line_1_25' title="bbox 546 2176 2120 2271; baseline 0.018 -42"><span class='ocrx_word' id='word_1_157' title='bbox 546 2176 679 2232; x_wconf 81' lang='lat' dir='ltr'><strong>tatis</strong></span> <span class='ocrx_word' id='word_1_158' title='bbox 707 2186 762 2234; x_wconf 89' lang='lat' dir='ltr'><strong>et</strong></span> <span class='ocrx_word' id='word_1_159' title='bbox 793 2180 1169 2252; x_wconf 82' lang='lat' dir='ltr'><strong>humanitatis,</strong></span> <span class='ocrx_word' id='word_1_160' title='bbox 1202 2191 1494 2264; x_wconf 85' lang='lat' dir='ltr'><strong>utriusque</strong></span> <span class='ocrx_word' id='word_1_161' title='bbox 1520 2196 1733 2252; x_wconf 89' lang='lat' dir='ltr'><strong>habens</strong></span> <span class='ocrx_word' id='word_1_162' title='bbox 1767 2205 2033 2271; x_wconf 86' lang='lat' dir='ltr'><strong>tanquam</strong></span> <span class='ocrx_word' id='word_1_163' title='bbox 2064 2203 2120 2258; x_wconf 90' lang='lat' dir='ltr'><strong>in</strong></span> 
     </span>
    </p>
   </div>
   <div class='ocr_carea' id='block_1_26' title="bbox 547 2274 2118 2363">
    <p class='ocr_par' dir='ltr' id='par_1_26' title="bbox 547 2274 2118 2363">
     <span class='ocr_line' id='line_1_26' title="bbox 547 2274 2118 2363; baseline 0.018 -41"><span class='ocrx_word' id='word_1_164' title='bbox 547 2283 720 2325; x_wconf 85' lang='lat' dir='ltr'><strong>unum</strong></span> <span class='ocrx_word' id='word_1_165' title='bbox 757 2274 1077 2343; x_wconf 89' lang='lat' dir='ltr'><strong>coitionem,</strong></span> <span class='ocrx_word' id='word_1_166' title='bbox 1107 2287 1163 2335; x_wconf 86' lang='lat' dir='ltr'><strong>et</strong></span> <span class='ocrx_word' id='word_1_167' title='bbox 1208 2295 1395 2338; x_wconf 85' lang='lat' dir='ltr'><strong>rerum</strong></span> <span class='ocrx_word' id='word_1_168' title='bbox 1440 2294 1638 2344; x_wconf 87' lang='lat' dir='ltr'><strong>natura</strong></span> <span class='ocrx_word' id='word_1_169' title='bbox 1679 2290 2118 2363; x_wconf 79' lang='lat' dir='ltr'><strong>discrepantium</strong></span> 
     </span>
    </p>
   </div>
   <div class='ocr_carea' id='block_1_27' title="bbox 543 2366 2118 2454">
    <p class='ocr_par' dir='ltr' id='par_1_27' title="bbox 543 2366 2118 2454">
     <span class='ocr_line' id='line_1_27' title="bbox 543 2366 2118 2454; baseline 0.017 -42"><span class='ocrx_word' id='word_1_170' title='bbox 543 2373 884 2419; x_wconf 87' lang='lat' dir='ltr'><strong>concursum</strong></span> <span class='ocrx_word' id='word_1_171' title='bbox 926 2366 984 2422; x_wconf 91' lang='lat' dir='ltr'><strong>in</strong></span> <span class='ocrx_word' id='word_1_172' title='bbox 1019 2368 1366 2430; x_wconf 86' lang='lat' dir='ltr'><strong>identitatem</strong></span> <span class='ocrx_word' id='word_1_173' title='bbox 1399 2390 1496 2445; x_wconf 86' lang='lat' dir='ltr'><strong>per</strong></span> <span class='ocrx_word' id='word_1_174' title='bbox 1530 2379 1790 2436; x_wconf 91' lang='lat' dir='ltr'><strong>unionem</strong></span> <span class='ocrx_word' id='word_1_175' title='bbox 1835 2391 1890 2438; x_wconf 93' lang='lat' dir='ltr'><strong>et</strong></span> <span class='ocrx_word' id='word_1_176' title='bbox 1933 2383 2118 2454; x_wconf 80' lang='lat' dir='ltr'><strong>impli-</strong></span> 
     </span>
    </p>
   </div>
   <div class='ocr_carea' id='block_1_28' title="bbox 544 2452 892 2510">
    <p class='ocr_par' dir='ltr' id='par_1_28' title="bbox 544 2452 892 2510">
     <span class='ocr_line' id='line_1_28' title="bbox 544 2452 892 2510; baseline 0.014 -7"><span class='ocrx_word' id='word_1_177' title='bbox 544 2452 838 2510; x_wconf 89' lang='lat' dir='ltr'><strong>cationem.</strong></span> <span class='ocrx_word' id='word_1_178' title='bbox 872 2475 892 2508; x_wconf 78' lang='grc' dir='ltr'><strong>ι</strong></span> 
     </span>
    </p>
   </div>
   <div class='ocr_carea' id='block_1_29' title="bbox 680 2539 1976 2625">
    <p class='ocr_par' dir='ltr' id='par_1_29' title="bbox 680 2539 1976 2625">
     <span class='ocr_line' id='line_1_29' title="bbox 680 2539 1976 2625; baseline 0.012 -22"><span class='ocrx_word' id='word_1_179' title='bbox 680 2543 848 2617; x_wconf 68' lang='grc'><strong>426</strong></span> <span class='ocrx_word' id='word_1_180' title='bbox 875 2547 1151 2618; x_wconf 77' lang='lat' dir='ltr'><strong>Ejusdem,</strong></span> <span class='ocrx_word' id='word_1_181' title='bbox 1184 2569 1248 2608; x_wconf 70' lang='lat' dir='ltr'><strong>ex</strong></span> <span class='ocrx_word' id='word_1_182' title='bbox 1277 2539 1504 2625; x_wconf 74' lang='lat' dir='ltr'><strong>epistola</strong></span> <span class='ocrx_word' id='word_1_183' title='bbox 1533 2559 1604 2613; x_wconf 82' lang='lat' dir='ltr'><strong>ad</strong></span> <span class='ocrx_word' id='word_1_184' title='bbox 1633 2559 1976 2618; x_wconf 81' lang='lat' dir='ltr'><strong>Succensum.</strong></span> 
     </span>
    </p>
   </div>
   <div class='ocr_carea' id='block_1_30' title="bbox 615 2634 2114 2719">
    <p class='ocr_par' dir='ltr' id='par_1_30' title="bbox 615 2634 2114 2719">
     <span class='ocr_line' id='line_1_30' title="bbox 615 2634 2114 2719; baseline 0.018 -35"><span class='ocrx_word' id='word_1_185' title='bbox 615 2653 635 2685; x_wconf 75' lang='grc' dir='ltr'><strong>ι</strong></span> <span class='ocrx_word' id='word_1_186' title='bbox 690 2634 1137 2705; x_wconf 88' lang='lat' dir='ltr'><strong>Dispensationis</strong></span> <span class='ocrx_word' id='word_1_187' title='bbox 1184 2645 1393 2716; x_wconf 88' lang='lat' dir='ltr'><strong>itaque,</strong></span> <span class='ocrx_word' id='word_1_188' title='bbox 1453 2657 1515 2704; x_wconf 90' lang='lat' dir='ltr'><strong>ut</strong></span> <span class='ocrx_word' id='word_1_189' title='bbox 1559 2649 1842 2719; x_wconf 86' lang='lat' dir='ltr'><strong>dicebam,</strong></span> <span class='ocrx_word' id='word_1_190' title='bbox 1892 2654 2114 2710; x_wconf 90' lang='lat' dir='ltr'><strong>modum</strong></span> 
     </span>
    </p>
   </div>
   <div class='ocr_carea' id='block_1_31' title="bbox 539 2725 2115 2806">
    <p class='ocr_par' dir='ltr' id='par_1_31' title="bbox 539 2725 2115 2806">
     <span class='ocr_line' id='line_1_31' title="bbox 539 2725 2115 2806; baseline 0.018 -28"><span class='ocrx_word' id='word_1_191' title='bbox 539 2725 728 2781; x_wconf 86' lang='lat' dir='ltr'><strong>animo</strong></span> <span class='ocrx_word' id='word_1_192' title='bbox 760 2738 1105 2800; x_wconf 86' lang='lat' dir='ltr'><strong>reputantes,</strong></span> <span class='ocrx_word' id='word_1_193' title='bbox 1151 2735 1402 2795; x_wconf 82' lang='lat' dir='ltr'><strong>videmus</strong></span> <span class='ocrx_word' id='word_1_194' title='bbox 1459 2748 1689 2798; x_wconf 88' lang='lat' dir='ltr'><strong>naturas</strong></span> <span class='ocrx_word' id='word_1_195' title='bbox 1729 2743 1872 2801; x_wconf 87' lang='lat' dir='ltr'><strong>duas</strong></span> <span class='ocrx_word' id='word_1_196' title='bbox 1922 2756 2115 2806; x_wconf 90' lang='lat' dir='ltr'><strong>mutuo</strong></span> 
     </span>
    </p>
   </div>
   <div class='ocr_carea' id='block_1_32' title="bbox 539 2818 2108 2902">
    <p class='ocr_par' dir='ltr' id='par_1_32' title="bbox 539 2818 2108 2902">
     <span class='ocr_line' id='line_1_32' title="bbox 539 2818 2108 2902; baseline 0.015 -31"><span class='ocrx_word' id='word_1_197' title='bbox 539 2818 780 2876; x_wconf 91' lang='lat' dir='ltr'><strong>coivisse</strong></span> <span class='ocrx_word' id='word_1_198' title='bbox 809 2820 1086 2880; x_wconf 82' lang='lat' dir='ltr'><strong>indivulsa</strong></span> <span class='ocrx_word' id='word_1_199' title='bbox 1118 2827 1342 2896; x_wconf 84' lang='lat' dir='ltr'><strong>unione,</strong></span> <span class='ocrx_word' id='word_1_200' title='bbox 1367 2831 1518 2884; x_wconf 89' lang='lat' dir='ltr'><strong>nulla</strong></span> <span class='ocrx_word' id='word_1_201' title='bbox 1553 2837 1940 2902; x_wconf 87' lang='lat' dir='ltr'><strong>conversione,</strong></span> <span class='ocrx_word' id='word_1_202' title='bbox 1959 2840 2108 2895; x_wconf 83' lang='lat' dir='ltr'><strong>nulla</strong></span> 
     </span>
    </p>
   </div>
   <div class='ocr_carea' id='block_1_33' title="bbox 541 2911 2110 2998">
    <p class='ocr_par' dir='ltr' id='par_1_33' title="bbox 541 2911 2110 2998">
     <span class='ocr_line' id='line_1_33' title="bbox 541 2911 2110 2998; baseline 0.015 -36"><span class='ocrx_word' id='word_1_203' title='bbox 541 2911 867 2967; x_wconf 88' lang='lat' dir='ltr'><strong>mutatione.</strong></span> <span class='ocrx_word' id='word_1_204' title='bbox 906 2912 1042 2969; x_wconf 84' lang='lat' dir='ltr'><strong>Nam</strong></span> <span class='ocrx_word' id='word_1_205' title='bbox 1101 2933 1234 2975; x_wconf 86' lang='lat' dir='ltr'><strong>caro</strong></span> <span class='ocrx_word' id='word_1_206' title='bbox 1275 2936 1408 2976; x_wconf 91' lang='lat' dir='ltr'><strong>caro</strong></span> <span class='ocrx_word' id='word_1_207' title='bbox 1459 2932 1577 2990; x_wconf 90' lang='lat' dir='ltr'><strong>est,</strong></span> <span class='ocrx_word' id='word_1_208' title='bbox 1623 2935 1679 2980; x_wconf 92' lang='lat' dir='ltr'><strong>et</strong></span> <span class='ocrx_word' id='word_1_209' title='bbox 1731 2942 1840 2983; x_wconf 93' lang='lat' dir='ltr'><strong>non</strong></span> <span class='ocrx_word' id='word_1_210' title='bbox 1892 2927 2110 2998; x_wconf 86' lang='lat' dir='ltr'><strong>Deitas;</strong></span> 
     </span>
    </p>
   </div>
   <div class='ocr_carea' id='block_1_34' title="bbox 2243 464 3821 546">
    <p class='ocr_par' dir='ltr' id='par_1_34' title="bbox 2243 464 3821 546">
     <span class='ocr_line' id='line_1_34' title="bbox 2243 464 3821 546; baseline 0.011 -33"><span class='ocrx_word' id='word_1_211' title='bbox 2243 476 2266 512; x_wconf 74' lang='grc' dir='ltr'><strong>ι</strong></span> <span class='ocrx_word' id='word_1_212' title='bbox 2304 464 2512 532; x_wconf 78' lang='grc' dir='ltr'>φωνὰς,</span> <span class='ocrx_word' id='word_1_213' title='bbox 2545 467 2639 520; x_wconf 78' lang='grc' dir='ltr'><strong>καὶ</strong></span> <span class='ocrx_word' id='word_1_214' title='bbox 2675 467 2776 532; x_wconf 78' lang='grc' dir='ltr'><strong>τὰς</strong></span> <span class='ocrx_word' id='word_1_215' title='bbox 2831 470 2952 541; x_wconf 86' lang='grc' dir='ltr'>μὲν,</span> <span class='ocrx_word' id='word_1_216' title='bbox 2983 471 3059 535; x_wconf 84' lang='grc' dir='ltr'>ὡς</span> <span class='ocrx_word' id='word_1_217' title='bbox 3099 473 3381 546; x_wconf 82' lang='grc' dir='ltr'><strong>ἀνθρώπῳ</strong></span> <span class='ocrx_word' id='word_1_218' title='bbox 3437 475 3612 546; x_wconf 80' lang='grc' dir='ltr'>παρὰ</span> <span class='ocrx_word' id='word_1_219' title='bbox 3649 481 3738 530; x_wconf 82' lang='grc' dir='ltr'>τὸν</span> <span class='ocrx_word' id='word_1_220' title='bbox 3774 483 3821 534; x_wconf 80' lang='grc' dir='ltr'><strong>ἐκ</strong></span> 
     </span>
    </p>
   </div>
   <div class='ocr_carea' id='block_1_35' title="bbox 2243 553 3816 638">
    <p class='ocr_par' dir='ltr' id='par_1_35' title="bbox 2243 553 3816 638">
     <span class='ocr_line' id='line_1_35' title="bbox 2243 553 3816 638; baseline 0.013 -33"><span class='ocrx_word' id='word_1_221' title='bbox 2243 569 2263 604; x_wconf 81' lang='grc' dir='ltr'><strong>ι</strong></span> <span class='ocrx_word' id='word_1_222' title='bbox 2305 553 2442 608; x_wconf 88' lang='grc' dir='ltr'>Θεοῦ</span> <span class='ocrx_word' id='word_1_223' title='bbox 2472 557 2644 626; x_wconf 81' lang='grc' dir='ltr'><strong>Λόγον</strong></span> <span class='ocrx_word' id='word_1_224' title='bbox 2677 559 2861 624; x_wconf 82' lang='grc' dir='ltr'>ιδικῶς</span> <span class='ocrx_word' id='word_1_225' title='bbox 2908 566 3184 634; x_wconf 80' lang='grc' dir='ltr'><strong>νοουμένῳ</strong></span> <span class='ocrx_word' id='word_1_226' title='bbox 3233 567 3597 635; x_wconf 83' lang='grc' dir='ltr'><strong>προσάπτει,</strong></span> <span class='ocrx_word' id='word_1_227' title='bbox 3638 570 3734 631; x_wconf 78' lang='grc' dir='ltr'>τὰς</span> <span class='ocrx_word' id='word_1_228' title='bbox 3760 571 3816 638; x_wconf 67' lang='grc' dir='ltr'>δὲ,</span> 
     </span>
    </p>
   </div>
   <div class='ocr_carea' id='block_1_36' title="bbox 2241 643 3816 730">
    <p class='ocr_par' dir='ltr' id='par_1_36' title="bbox 2241 643 3816 730">
     <span class='ocr_line' id='line_1_36' title="bbox 2241 643 3816 730; baseline 0.011 -36"><span class='ocrx_word' id='word_1_229' title='bbox 2241 659 2264 694; x_wconf 75' lang='grc' dir='ltr'><strong>ι</strong></span> <span class='ocrx_word' id='word_1_230' title='bbox 2301 643 2379 707; x_wconf 84' lang='grc' dir='ltr'>ὡς</span> <span class='ocrx_word' id='word_1_231' title='bbox 2413 644 2756 719; x_wconf 85' lang='grc' dir='ltr'>θεοπρεπεῖς,</span> <span class='ocrx_word' id='word_1_232' title='bbox 2807 651 2954 723; x_wconf 84' lang='grc' dir='ltr'><strong>μόνῳ</strong></span> <span class='ocrx_word' id='word_1_233' title='bbox 2984 653 3065 724; x_wconf 86' lang='grc' dir='ltr'><strong>τῷ</strong></span> <span class='ocrx_word' id='word_1_234' title='bbox 3116 656 3182 708; x_wconf 78' lang='grc' dir='ltr'>ἐκ</span> <span class='ocrx_word' id='word_1_235' title='bbox 3211 653 3349 708; x_wconf 83' lang='grc' dir='ltr'>Θεοῦ</span> <span class='ocrx_word' id='word_1_236' title='bbox 3407 657 3640 727; x_wconf 71' lang='grc' dir='ltr'>[ἰατρὸς</span> <span class='ocrx_word' id='word_1_237' title='bbox 3667 659 3816 730; x_wconf 83' lang='grc' dir='ltr'>Λόγῳ,</span> 
     </span>
    </p>
   </div>
   <div class='ocr_carea' id='block_1_37' title="bbox 2239 729 3816 821">
    <p class='ocr_par' dir='ltr' id='par_1_37' title="bbox 2239 729 3816 821">
     <span class='ocr_line' id='line_1_37' title="bbox 2239 729 3816 821; baseline 0.011 -33"><span class='ocrx_word' id='word_1_238' title='bbox 2239 753 2261 789; x_wconf 78' lang='grc' dir='ltr'><strong>ι</strong></span> <span class='ocrx_word' id='word_1_239' title='bbox 2298 729 2455 801; x_wconf 76' lang='grc' dir='ltr'>οὗτος</span> <span class='ocrx_word' id='word_1_240' title='bbox 2489 738 2630 794; x_wconf 77' lang='grc' dir='ltr'>ἔστω</span> <span class='ocrx_word' id='word_1_241' title='bbox 2657 743 3006 815; x_wconf 87' lang='grc' dir='ltr'>κατάκριτος.</span> <span class='ocrx_word' id='word_1_242' title='bbox 3035 748 3234 804; x_wconf 77' lang='grc' dir='ltr'>Φωνῶν</span> <span class='ocrx_word' id='word_1_243' title='bbox 3281 748 3340 803; x_wconf 82' lang='grc' dir='ltr'>δὲ</span> <span class='ocrx_word' id='word_1_244' title='bbox 3395 747 3680 821; x_wconf 78' lang='grc' dir='ltr'>διαφορὰν</span> <span class='ocrx_word' id='word_1_245' title='bbox 3720 729 3816 805; x_wconf 76' lang='grc' dir='ltr'>κατ’</span> 
     </span>
    </p>
   </div>
   <div class='ocr_carea' id='block_1_38' title="bbox 2238 829 3178 909">
    <p class='ocr_par' dir='ltr' id='par_1_38' title="bbox 2238 829 3178 909">
     <span class='ocr_line' id='line_1_38' title="bbox 2238 829 3178 909; baseline 0.011 -29"><span class='ocrx_word' id='word_1_246' title='bbox 2238 845 2260 880; x_wconf 78' lang='grc' dir='ltr'><strong>ι</strong></span> <span class='ocrx_word' id='word_1_247' title='bbox 2299 829 2491 885; x_wconf 78' lang='grc' dir='ltr'><strong>οὐδένα</strong></span> <span class='ocrx_word' id='word_1_248' title='bbox 2515 833 2718 903; x_wconf 83' lang='grc' dir='ltr'><strong>τρόπον</strong></span> <span class='ocrx_word' id='word_1_249' title='bbox 2741 837 3120 909; x_wconf 81' lang='grc' dir='ltr'>ἀνῃρήκαμεν.</span> <span class='ocrx_word' id='word_1_250' title='bbox 3156 855 3178 890; x_wconf 83' lang='grc' dir='ltr'><strong>ι</strong></span> 
     </span>
    </p>
   </div>
   <div class='ocr_carea' id='block_1_39' title="bbox 2301 1011 3814 1088">
    <p class='ocr_par' dir='ltr' id='par_1_39' title="bbox 2301 1011 3814 1088">
     <span class='ocr_line' id='line_1_39' title="bbox 2301 1011 3814 1088; baseline 0.007 -26"><span class='ocrx_word' id='word_1_251' title='bbox 2301 1011 2586 1078; x_wconf 78' lang='grc' dir='ltr'>Σχόλιον.</span> <span class='ocrx_word' id='word_1_252' title='bbox 2647 1013 2846 1086; x_wconf 74' lang='grc' dir='ltr'>Ὁρᾷς,</span> <span class='ocrx_word' id='word_1_253' title='bbox 2899 1016 2978 1080; x_wconf 83' lang='grc' dir='ltr'><strong>ὡς</strong></span> <span class='ocrx_word' id='word_1_254' title='bbox 3021 1017 3084 1072; x_wconf 77' lang='grc' dir='ltr'>οὐ</span> <span class='ocrx_word' id='word_1_255' title='bbox 3132 1018 3198 1072; x_wconf 83' lang='grc' dir='ltr'><strong>τδ</strong></span> <span class='ocrx_word' id='word_1_256' title='bbox 3245 1017 3343 1074; x_wconf 79' lang='grc' dir='ltr'>δύο</span> <span class='ocrx_word' id='word_1_257' title='bbox 3404 1017 3624 1088; x_wconf 75' lang='grc' dir='ltr'>φύσεις</span> <span class='ocrx_word' id='word_1_258' title='bbox 3662 1016 3814 1087; x_wconf 78' lang='grc' dir='ltr'>λέγειν</span> 
     </span>
    </p>
   </div>
   <div class='ocr_carea' id='block_1_40' title="bbox 2227 1095 3811 1181">
    <p class='ocr_par' dir='ltr' id='par_1_40' title="bbox 2227 1095 3811 1181">
     <span class='ocr_line' id='line_1_40' title="bbox 2227 1095 3811 1181; baseline 0.006 -30"><span class='ocrx_word' id='word_1_259' title='bbox 2227 1095 2603 1171; x_wconf 82' lang='grc' dir='ltr'>παραιτεῖται,</span> <span class='ocrx_word' id='word_1_260' title='bbox 2639 1105 2776 1160; x_wconf 80' lang='grc' dir='ltr'>ἀλλὰ</span> <span class='ocrx_word' id='word_1_261' title='bbox 2809 1109 2892 1176; x_wconf 79' lang='grc' dir='ltr'>τὸ,</span> <span class='ocrx_word' id='word_1_262' title='bbox 2935 1108 3044 1180; x_wconf 65' lang='grc' dir='ltr'>ἰδία</span> <span class='ocrx_word' id='word_1_263' title='bbox 3072 1109 3167 1162; x_wconf 77' lang='grc' dir='ltr'><strong>καὶ</strong></span> <span class='ocrx_word' id='word_1_264' title='bbox 3190 1109 3490 1181; x_wconf 80' lang='grc' dir='ltr'>ἀναμὲρος</span> <span class='ocrx_word' id='word_1_265' title='bbox 3512 1106 3690 1173; x_wconf 81' lang='grc' dir='ltr'>αὐτὰς</span> <span class='ocrx_word' id='word_1_266' title='bbox 3706 1110 3811 1180; x_wconf 78' lang='grc' dir='ltr'>όμοι</span> 
     </span>
    </p>
   </div>
   <div class='ocr_carea' id='block_1_41' title="bbox 2228 1191 2429 1261">
    <p class='ocr_par' dir='ltr' id='par_1_41' title="bbox 2228 1191 2429 1261">
     <span class='ocr_line' id='line_1_41' title="bbox 2228 1191 2429 1261; baseline 0.02 -15"><span class='ocrx_word' id='word_1_267' title='bbox 2228 1191 2429 1261; x_wconf 78' lang='grc' dir='ltr'>λογεῖν.</span> 
     </span>
    </p>
   </div>
   <div class='ocr_carea' id='block_1_42' title="bbox 2435 1287 3625 1356">
    <p class='ocr_par' dir='ltr' id='par_1_42' title="bbox 2435 1287 3625 1356">
     <span class='ocr_line' id='line_1_42' title="bbox 2435 1287 3625 1356; baseline 0.003 -14"><span class='ocrx_word' id='word_1_268' title='bbox 2435 1287 2546 1342; x_wconf 78' lang='grc' dir='ltr'>Τοῦ</span> <span class='ocrx_word' id='word_1_269' title='bbox 2578 1287 2786 1355; x_wconf 77' lang='grc' dir='ltr'>αὐτοῦ,</span> <span class='ocrx_word' id='word_1_270' title='bbox 2817 1289 2886 1344; x_wconf 77' lang='grc' dir='ltr'><strong>ἐκ</strong></span> <span class='ocrx_word' id='word_1_271' title='bbox 2923 1289 3031 1344; x_wconf 83' lang='grc' dir='ltr'><strong>τοῦ</strong></span> <span class='ocrx_word' id='word_1_272' title='bbox 3053 1290 3143 1356; x_wconf 78' lang='grc' dir='ltr'>εις</span> <span class='ocrx_word' id='word_1_273' title='bbox 3166 1289 3236 1344; x_wconf 86' lang='grc' dir='ltr'><strong>τό</strong></span> <span class='ocrx_word' id='word_1_274' title='bbox 3265 1289 3625 1345; x_wconf 59' lang='lat' dir='ltr'><strong>Acuta-adv.</strong></span> 
     </span>
    </p>
   </div>
   <div class='ocr_carea' id='block_1_43' title="bbox 2300 1378 3799 1452">
    <p class='ocr_par' dir='ltr' id='par_1_43' title="bbox 2300 1378 3799 1452">
     <span class='ocr_line' id='line_1_43' title="bbox 2300 1378 3799 1452; baseline 0.001 -21"><span class='ocrx_word' id='word_1_275' title='bbox 2300 1392 2321 1431; x_wconf 80' lang='grc' dir='ltr'><strong>ι</strong></span> <span class='ocrx_word' id='word_1_276' title='bbox 2349 1378 2452 1432; x_wconf 81' lang='grc' dir='ltr'><strong>Δύο</strong></span> <span class='ocrx_word' id='word_1_277' title='bbox 2479 1380 2580 1450; x_wconf 82' lang='grc' dir='ltr'>μὲν</span> <span class='ocrx_word' id='word_1_278' title='bbox 2619 1379 2728 1451; x_wconf 81' lang='grc' dir='ltr'><strong>γὰρ</strong></span> <span class='ocrx_word' id='word_1_279' title='bbox 2777 1379 2994 1451; x_wconf 79' lang='grc' dir='ltr'><strong>ὀρνίθια</strong></span> <span class='ocrx_word' id='word_1_280' title='bbox 3031 1380 3307 1452; x_wconf 79' lang='grc' dir='ltr'><strong>ληφθῆναι</strong></span> <span class='ocrx_word' id='word_1_281' title='bbox 3361 1381 3602 1434; x_wconf 81' lang='grc' dir='ltr'><strong>κελεύει</strong></span> <span class='ocrx_word' id='word_1_282' title='bbox 3647 1380 3799 1445; x_wconf 72' lang='grc' dir='ltr'>ζῶντα</span> 
     </span>
    </p>
   </div>
   <div class='ocr_carea' id='block_1_44' title="bbox 2224 1470 3796 1542">
    <p class='ocr_par' dir='ltr' id='par_1_44' title="bbox 2224 1470 3796 1542">
     <span class='ocr_line' id='line_1_44' title="bbox 2224 1470 3796 1542; baseline 0.001 -20"><span class='ocrx_word' id='word_1_283' title='bbox 2224 1470 2322 1524; x_wconf 79' lang='grc' dir='ltr'><strong>καὶ</strong></span> <span class='ocrx_word' id='word_1_284' title='bbox 2352 1470 2587 1540; x_wconf 82' lang='grc' dir='ltr'>καθαρὰ,</span> <span class='ocrx_word' id='word_1_285' title='bbox 2613 1471 2702 1524; x_wconf 71' lang='grc' dir='ltr'>ἵνα</span> <span class='ocrx_word' id='word_1_286' title='bbox 2729 1472 2932 1542; x_wconf 83' lang='grc' dir='ltr'><strong>νοήσῃς</strong></span> <span class='ocrx_word' id='word_1_287' title='bbox 2961 1471 3048 1526; x_wconf 83' lang='grc' dir='ltr'>διὰ</span> <span class='ocrx_word' id='word_1_288' title='bbox 3079 1471 3190 1526; x_wconf 83' lang='grc' dir='ltr'><strong>τῶν</strong></span> <span class='ocrx_word' id='word_1_289' title='bbox 3213 1471 3499 1525; x_wconf 79' lang='grc' dir='ltr'><strong>πετεινῶν</strong></span> <span class='ocrx_word' id='word_1_290' title='bbox 3533 1470 3630 1524; x_wconf 77' lang='grc' dir='ltr'>τὸν</span> <span class='ocrx_word' id='word_1_291' title='bbox 3659 1471 3796 1540; x_wconf 82' lang='grc' dir='ltr'><strong>οὐρά-</strong></span> 
     </span>
    </p>
   </div>
   <div class='ocr_carea' id='block_1_45' title="bbox 2224 1559 3794 1633">
    <p class='ocr_par' dir='ltr' id='par_1_45' title="bbox 2224 1559 3794 1633">
     <span class='ocr_line' id='line_1_45' title="bbox 2224 1559 3794 1633; baseline 0.001 -21"><span class='ocrx_word' id='word_1_292' title='bbox 2224 1575 2338 1614; x_wconf 82' lang='grc' dir='ltr'>νιον</span> <span class='ocrx_word' id='word_1_293' title='bbox 2371 1559 2661 1632; x_wconf 76' lang='grc' dir='ltr'>ἄνθρωπον</span> <span class='ocrx_word' id='word_1_294' title='bbox 2697 1559 2836 1630; x_wconf 83' lang='grc' dir='ltr'>ὁμοῦ</span> <span class='ocrx_word' id='word_1_295' title='bbox 2881 1562 2977 1616; x_wconf 74' lang='grc' dir='ltr'><strong>καὶ</strong></span> <span class='ocrx_word' id='word_1_296' title='bbox 3006 1561 3160 1627; x_wconf 78' lang='grc' dir='ltr'>Θεὸν,</span> <span class='ocrx_word' id='word_1_297' title='bbox 3193 1565 3275 1626; x_wconf 77' lang='grc' dir='ltr'><strong>εἰς</strong></span> <span class='ocrx_word' id='word_1_298' title='bbox 3316 1562 3422 1616; x_wconf 86' lang='grc' dir='ltr'>δύο</span> <span class='ocrx_word' id='word_1_299' title='bbox 3473 1562 3583 1633; x_wconf 84' lang='grc' dir='ltr'>μὲν</span> <span class='ocrx_word' id='word_1_300' title='bbox 3609 1559 3794 1632; x_wconf 79' lang='grc' dir='ltr'>φύσεις,</span> 
     </span>
    </p>
   </div>
   <div class='ocr_carea' id='block_1_46' title="bbox 2225 1643 3794 1725">
    <p class='ocr_par' dir='ltr' id='par_1_46' title="bbox 2225 1643 3794 1725">
     <span class='ocr_line' id='line_1_46' title="bbox 2225 1643 3794 1725; baseline 0.002 -25"><span class='ocrx_word' id='word_1_301' title='bbox 2225 1647 2351 1702; x_wconf 75' lang='grc' dir='ltr'>ὅσον</span> <span class='ocrx_word' id='word_1_302' title='bbox 2374 1643 2511 1720; x_wconf 80' lang='grc' dir='ltr'>ἧκεν</span> <span class='ocrx_word' id='word_1_303' title='bbox 2545 1651 2627 1715; x_wconf 78' lang='grc' dir='ltr'><strong>εἰς</strong></span> <span class='ocrx_word' id='word_1_304' title='bbox 2656 1651 2748 1706; x_wconf 75' lang='grc' dir='ltr'>τὸν</span> <span class='ocrx_word' id='word_1_305' title='bbox 2793 1651 3002 1725; x_wconf 77' lang='grc' dir='ltr'><strong>ἑκάστῃ</strong></span> <span class='ocrx_word' id='word_1_306' title='bbox 3039 1651 3324 1723; x_wconf 82' lang='grc' dir='ltr'>πρέποντα</span> <span class='ocrx_word' id='word_1_307' title='bbox 3353 1651 3556 1721; x_wconf 87' lang='grc' dir='ltr'>λόγον,</span> <span class='ocrx_word' id='word_1_308' title='bbox 3595 1651 3794 1722; x_wconf 80' lang='grc' dir='ltr'>διαιρού-</span> 
     </span>
    </p>
   </div>
   <div class='ocr_carea' id='block_1_47' title="bbox 2154 1707 3790 1813">
    <p class='ocr_par' dir='ltr' id='par_1_47' title="bbox 2154 1707 3790 1813">
     <span class='ocr_line' id='line_1_47' title="bbox 2154 1707 3790 1813; baseline 0.002 -21"><span class='ocrx_word' id='word_1_309' title='bbox 2154 1707 2201 1770; x_wconf 59' lang='grc' dir='ltr'><strong>Β</strong></span> <span class='ocrx_word' id='word_1_310' title='bbox 2229 1707 2410 1810; x_wconf 48' lang='grc' dir='ltr'>μενονξ</span> <span class='ocrx_word' id='word_1_311' title='bbox 2438 1707 2623 1810; x_wconf 67' lang='grc' dir='ltr'><strong>Λόγος⁷</strong></span> <span class='ocrx_word' id='word_1_312' title='bbox 2639 1743 2750 1812; x_wconf 89' lang='grc' dir='ltr'>γὰρ</span> <span class='ocrx_word' id='word_1_313' title='bbox 2778 1737 2848 1813; x_wconf 81' lang='grc' dir='ltr'>ἦν</span> <span class='ocrx_word' id='word_1_314' title='bbox 2872 1743 2902 1796; x_wconf 84' lang='grc' dir='ltr'><strong>ὁ</strong></span> <span class='ocrx_word' id='word_1_315' title='bbox 2945 1707 3011 1796; x_wconf 46' lang='grc' dir='ltr'><strong>ἐξ</strong></span> <span class='ocrx_word' id='word_1_316' title='bbox 3045 1707 3183 1795; x_wconf 64' lang='grc' dir='ltr'>Θεοῦ</span> <span class='ocrx_word' id='word_1_317' title='bbox 3234 1707 3459 1812; x_wconf 64' lang='grc' dir='ltr'>Πατρδς</span> <span class='ocrx_word' id='word_1_318' title='bbox 3493 1707 3790 1812; x_wconf 50' lang='lat' dir='ltr'><strong>amicimine</strong></span> 
     </span>
    </p>
   </div>
   <div class='ocr_carea' id='block_1_48' title="bbox 2223 1829 3788 1905">
    <p class='ocr_par' dir='ltr' id='par_1_48' title="bbox 2223 1829 3788 1905">
     <span class='ocr_line' id='line_1_48' title="bbox 2223 1829 3788 1905; baseline 0.001 -21"><span class='ocrx_word' id='word_1_319' title='bbox 2223 1831 2284 1886; x_wconf 74' lang='grc' dir='ltr'>ἐν</span> <span class='ocrx_word' id='word_1_320' title='bbox 2309 1833 2474 1902; x_wconf 80' lang='grc' dir='ltr'>σαρκὶ</span> <span class='ocrx_word' id='word_1_321' title='bbox 2507 1835 2573 1904; x_wconf 80' lang='grc' dir='ltr'>τῇ</span> <span class='ocrx_word' id='word_1_322' title='bbox 2605 1833 2671 1888; x_wconf 67' lang='grc' dir='ltr'><strong>ἐκ</strong></span> <span class='ocrx_word' id='word_1_323' title='bbox 2714 1834 2998 1901; x_wconf 73' lang='grc' dir='ltr'>γυναικὸς,</span> <span class='ocrx_word' id='word_1_324' title='bbox 3029 1833 3170 1905; x_wconf 71' lang='grc' dir='ltr'>πλὴν</span> <span class='ocrx_word' id='word_1_325' title='bbox 3208 1834 3271 1888; x_wconf 82' lang='grc' dir='ltr'>οὺ</span> <span class='ocrx_word' id='word_1_326' title='bbox 3301 1833 3694 1905; x_wconf 69' lang='grc' dir='ltr'>μεριζόμενον.</span> <span class='ocrx_word' id='word_1_327' title='bbox 3712 1829 3788 1896; x_wconf 78' lang='grc' dir='ltr'><strong>Εἷς</strong></span> 
     </span>
    </p>
   </div>
   <div class='ocr_carea' id='block_1_49' title="bbox 2223 1923 3052 1996">
    <p class='ocr_par' dir='ltr' id='par_1_49' title="bbox 2223 1923 3052 1996">
     <span class='ocr_line' id='line_1_49' title="bbox 2223 1923 3052 1996; baseline 0.002 -19"><span class='ocrx_word' id='word_1_328' title='bbox 2223 1923 2332 1994; x_wconf 80' lang='grc' dir='ltr'><strong>γὰρ</strong></span> <span class='ocrx_word' id='word_1_329' title='bbox 2360 1923 2421 1989; x_wconf 80' lang='grc' dir='ltr'>ἐξ</span> <span class='ocrx_word' id='word_1_330' title='bbox 2449 1926 2655 1996; x_wconf 79' lang='grc' dir='ltr'><strong>ἀμφοῖν</strong></span> <span class='ocrx_word' id='word_1_331' title='bbox 2675 1929 2704 1979; x_wconf 89' lang='grc' dir='ltr'><strong>ό</strong></span> <span class='ocrx_word' id='word_1_332' title='bbox 2737 1927 2992 1996; x_wconf 85' lang='grc' dir='ltr'>Χριστός.</span> <span class='ocrx_word' id='word_1_333' title='bbox 3031 1945 3052 1979; x_wconf 74' lang='grc' dir='ltr'><strong>ι</strong></span> 
     </span>
    </p>
   </div>
   <div class='ocr_carea' id='block_1_50' title="bbox 2383 2015 3655 2089">
    <p class='ocr_par' dir='ltr' id='par_1_50' title="bbox 2383 2015 3655 2089">
     <span class='ocr_line' id='line_1_50' title="bbox 2383 2015 3655 2089; baseline 0.001 -19"><span class='ocrx_word' id='word_1_334' title='bbox 2383 2016 2494 2070; x_wconf 84' lang='grc' dir='ltr'>Τοῦ</span> <span class='ocrx_word' id='word_1_335' title='bbox 2523 2015 2727 2084; x_wconf 85' lang='grc' dir='ltr'>αὐτοῦ,</span> <span class='ocrx_word' id='word_1_336' title='bbox 2756 2019 2827 2072; x_wconf 80' lang='grc' dir='ltr'><strong><em>ἐκ</em></strong></span> <span class='ocrx_word' id='word_1_337' title='bbox 2855 2018 2964 2072; x_wconf 86' lang='grc' dir='ltr'><strong>τοῦ</strong></span> <span class='ocrx_word' id='word_1_338' title='bbox 2993 2018 3128 2087; x_wconf 75' lang='grc' dir='ltr'>περὶ</span> <span class='ocrx_word' id='word_1_339' title='bbox 3159 2018 3410 2087; x_wconf 83' lang='grc' dir='ltr'>Τριάδος</span> <span class='ocrx_word' id='word_1_340' title='bbox 3438 2019 3655 2089; x_wconf 74' lang='grc' dir='ltr'>λόγου.</span> 
     </span>
    </p>
   </div>
   <div class='ocr_carea' id='block_1_51' title="bbox 2299 2103 3777 2178">
    <p class='ocr_par' dir='ltr' id='par_1_51' title="bbox 2299 2103 3777 2178">
     <span class='ocr_line' id='line_1_51' title="bbox 2299 2103 3777 2178; baseline 0.001 -22"><span class='ocrx_word' id='word_1_341' title='bbox 2299 2119 2319 2156; x_wconf 83' lang='grc' dir='ltr'><strong>ι</strong></span> <span class='ocrx_word' id='word_1_342' title='bbox 2349 2103 2619 2175; x_wconf 86' lang='grc' dir='ltr'>Μεθόριον</span> <span class='ocrx_word' id='word_1_343' title='bbox 2650 2104 2706 2158; x_wconf 80' lang='grc' dir='ltr'>δὲ</span> <span class='ocrx_word' id='word_1_344' title='bbox 2736 2105 2927 2177; x_wconf 82' lang='grc' dir='ltr'>ὥσπερ</span> <span class='ocrx_word' id='word_1_345' title='bbox 2958 2124 3011 2160; x_wconf 91' lang='grc' dir='ltr'><strong>τι</strong></span> <span class='ocrx_word' id='word_1_346' title='bbox 3061 2106 3318 2178; x_wconf 84' lang='grc' dir='ltr'>θεότητος</span> <span class='ocrx_word' id='word_1_347' title='bbox 3362 2107 3468 2162; x_wconf 75' lang='grc' dir='ltr'><strong>καὶ</strong></span> <span class='ocrx_word' id='word_1_348' title='bbox 3520 2105 3777 2176; x_wconf 73' lang='grc' dir='ltr'>ἀνθρωπό-</span> 
     </span>
    </p>
   </div>
   <div class='ocr_carea' id='block_1_52' title="bbox 2217 2193 3777 2268">
    <p class='ocr_par' dir='ltr' id='par_1_52' title="bbox 2217 2193 3777 2268">
     <span class='ocr_line' id='line_1_52' title="bbox 2217 2193 3777 2268; baseline 0.001 -24"><span class='ocrx_word' id='word_1_349' title='bbox 2217 2207 2404 2262; x_wconf 83' lang='grc' dir='ltr'>τητος,</span> <span class='ocrx_word' id='word_1_350' title='bbox 2437 2195 2466 2246; x_wconf 89' lang='grc' dir='ltr'><strong>ό</strong></span> <span class='ocrx_word' id='word_1_351' title='bbox 2495 2194 2733 2263; x_wconf 75' lang='grc' dir='ltr'>Χριστὸς</span> <span class='ocrx_word' id='word_1_352' title='bbox 2766 2193 2869 2266; x_wconf 78' lang='grc' dir='ltr'>τὴν</span> <span class='ocrx_word' id='word_1_353' title='bbox 2901 2197 2961 2249; x_wconf 77' lang='grc' dir='ltr'>ὲν</span> <span class='ocrx_word' id='word_1_354' title='bbox 2990 2196 3023 2237; x_wconf 75' lang='grc' dir='ltr'><strong>ιι</strong></span> <span class='ocrx_word' id='word_1_355' title='bbox 3062 2197 3268 2266; x_wconf 80' lang='grc' dir='ltr'>ἀμφοῖν</span> <span class='ocrx_word' id='word_1_356' title='bbox 3300 2196 3448 2268; x_wconf 73' lang='grc' dir='ltr'><strong>ἔχων</strong></span> <span class='ocrx_word' id='word_1_357' title='bbox 3498 2197 3590 2260; x_wconf 56' lang='grc' dir='ltr'><strong>ὡς’</strong></span> <span class='ocrx_word' id='word_1_358' title='bbox 3622 2197 3677 2248; x_wconf 76' lang='grc' dir='ltr'>ὲν</span> <span class='ocrx_word' id='word_1_359' title='bbox 3715 2194 3777 2247; x_wconf 77' lang='grc' dir='ltr'><strong>ἑνὶ</strong></span> 
     </span>
    </p>
   </div>
   <div class='ocr_carea' id='block_1_53' title="bbox 2220 2283 3774 2359">
    <p class='ocr_par' dir='ltr' id='par_1_53' title="bbox 2220 2283 3774 2359">
     <span class='ocr_line' id='line_1_53' title="bbox 2220 2283 3774 2359; baseline 0 -21"><span class='ocrx_word' id='word_1_360' title='bbox 2220 2283 2463 2350; x_wconf 84' lang='grc' dir='ltr'><strong>σύνοδον,</strong></span> <span class='ocrx_word' id='word_1_361' title='bbox 2493 2285 2717 2339; x_wconf 79' lang='grc' dir='ltr'>καὶτῶν</span> <span class='ocrx_word' id='word_1_362' title='bbox 2747 2288 2816 2357; x_wconf 85' lang='grc' dir='ltr'><strong>τῇ</strong></span> <span class='ocrx_word' id='word_1_363' title='bbox 2847 2286 3008 2355; x_wconf 83' lang='grc' dir='ltr'>φύσει</span> <span class='ocrx_word' id='word_1_364' title='bbox 3033 2287 3406 2359; x_wconf 81' lang='grc' dir='ltr'>διεστηκότων</span> <span class='ocrx_word' id='word_1_365' title='bbox 3435 2289 3540 2359; x_wconf 76' lang='grc' dir='ltr'>τὴν</span> <span class='ocrx_word' id='word_1_366' title='bbox 3572 2288 3650 2350; x_wconf 75' lang='grc' dir='ltr'>εἰς</span> <span class='ocrx_word' id='word_1_367' title='bbox 3669 2302 3774 2340; x_wconf 77' lang='grc' dir='ltr'>ταν·</span> 
     </span>
    </p>
   </div>
   <div class='ocr_carea' id='block_1_54' title="bbox 2217 2374 3669 2448">
    <p class='ocr_par' dir='ltr' id='par_1_54' title="bbox 2217 2374 3669 2448">
     <span class='ocr_line' id='line_1_54' title="bbox 2217 2374 3669 2448; baseline 0.002 -21"><span class='ocrx_word' id='word_1_368' title='bbox 2217 2374 2419 2445; x_wconf 84' lang='grc' dir='ltr'>τότητα</span> <span class='ocrx_word' id='word_1_369' title='bbox 2443 2375 2750 2448; x_wconf 77' lang='grc' dir='ltr'>συνδρομὴν</span> <span class='ocrx_word' id='word_1_370' title='bbox 2775 2376 2899 2431; x_wconf 84' lang='grc' dir='ltr'>καθ’</span> <span class='ocrx_word' id='word_1_371' title='bbox 2926 2377 3121 2434; x_wconf 70' lang='grc' dir='ltr'>ενωσιν</span> <span class='ocrx_word' id='word_1_372' title='bbox 3153 2380 3249 2434; x_wconf 85' lang='grc' dir='ltr'><strong>καὶ</strong></span> <span class='ocrx_word' id='word_1_373' title='bbox 3273 2379 3621 2448; x_wconf 81' lang='grc' dir='ltr'>ἀναπλοκήν.</span> <span class='ocrx_word' id='word_1_374' title='bbox 3650 2396 3669 2430; x_wconf 80' lang='grc' dir='ltr'><strong>ι</strong></span> 
     </span>
    </p>
   </div>
   <div class='ocr_carea' id='block_1_55' title="bbox 2222 2564 3766 2643">
    <p class='ocr_par' dir='ltr' id='par_1_55' title="bbox 2222 2564 3766 2643">
     <span class='ocr_line' id='line_1_55' title="bbox 2222 2564 3766 2643; baseline 0.002 -19"><span class='ocrx_word' id='word_1_375' title='bbox 2222 2570 2334 2625; x_wconf 81' lang='grc' dir='ltr'>Τοῦ</span> <span class='ocrx_word' id='word_1_376' title='bbox 2374 2564 2586 2636; x_wconf 78' lang='grc' dir='ltr'>αὐτοῦ,</span> <span class='ocrx_word' id='word_1_377' title='bbox 2615 2571 2690 2624; x_wconf 74' lang='grc' dir='ltr'><strong>ἐκ</strong></span> <span class='ocrx_word' id='word_1_378' title='bbox 2719 2571 2832 2640; x_wconf 83' lang='grc' dir='ltr'><strong>τῆς</strong></span> <span class='ocrx_word' id='word_1_379' title='bbox 2857 2573 3010 2643; x_wconf 80' lang='grc' dir='ltr'>πρὸς</span> <span class='ocrx_word' id='word_1_380' title='bbox 3049 2575 3402 2631; x_wconf 78' lang='grc' dir='ltr'>Σούκενσον</span> <span class='ocrx_word' id='word_1_381' title='bbox 3441 2574 3766 2642; x_wconf 72' lang='grc' dir='ltr'><strong>ἐπιστολῆς.</strong></span> 
     </span>
    </p>
   </div>
   <div class='ocr_carea' id='block_1_56' title="bbox 2291 2663 3765 2740">
    <p class='ocr_par' dir='ltr' id='par_1_56' title="bbox 2291 2663 3765 2740">
     <span class='ocr_line' id='line_1_56' title="bbox 2291 2663 3765 2740; baseline 0.01 -25"><span class='ocrx_word' id='word_1_382' title='bbox 2291 2682 2312 2715; x_wconf 80' lang='grc' dir='ltr'><strong>ι</strong></span> <span class='ocrx_word' id='word_1_383' title='bbox 2360 2663 2698 2730; x_wconf 84' lang='grc' dir='ltr'>Ἐννοοῦντες</span> <span class='ocrx_word' id='word_1_384' title='bbox 2725 2666 2926 2735; x_wconf 79' lang='grc' dir='ltr'>τοίνυν,</span> <span class='ocrx_word' id='word_1_385' title='bbox 2957 2667 3033 2732; x_wconf 80' lang='grc' dir='ltr'>ὡς</span> <span class='ocrx_word' id='word_1_386' title='bbox 3058 2667 3216 2740; x_wconf 75' lang='grc' dir='ltr'>ἔφην,</span> <span class='ocrx_word' id='word_1_387' title='bbox 3240 2671 3339 2740; x_wconf 87' lang='grc' dir='ltr'>τῆς</span> <span class='ocrx_word' id='word_1_388' title='bbox 3361 2669 3671 2740; x_wconf 79' lang='grc' dir='ltr'><strong>οἰκονομίας</strong></span> <span class='ocrx_word' id='word_1_389' title='bbox 3693 2666 3765 2720; x_wconf 76' lang='grc' dir='ltr'><strong>τδν</strong></span> 
     </span>
    </p>
   </div>
   <div class='ocr_carea' id='block_1_57' title="bbox 2216 2753 3766 2828">
    <p class='ocr_par' dir='ltr' id='par_1_57' title="bbox 2216 2753 3766 2828">
     <span class='ocr_line' id='line_1_57' title="bbox 2216 2753 3766 2828; baseline 0.006 -23"><span class='ocrx_word' id='word_1_390' title='bbox 2216 2753 2438 2823; x_wconf 84' lang='grc' dir='ltr'>τρόπον,</span> <span class='ocrx_word' id='word_1_391' title='bbox 2469 2753 2708 2826; x_wconf 78' lang='grc' dir='ltr'>ὁρῶμεν,</span> <span class='ocrx_word' id='word_1_392' title='bbox 2741 2757 2823 2810; x_wconf 83' lang='grc' dir='ltr'>ὅτι</span> <span class='ocrx_word' id='word_1_393' title='bbox 2868 2755 2962 2811; x_wconf 83' lang='grc' dir='ltr'><strong>δύο</strong></span> <span class='ocrx_word' id='word_1_394' title='bbox 2993 2757 3182 2827; x_wconf 83' lang='grc' dir='ltr'>φύσεις</span> <span class='ocrx_word' id='word_1_395' title='bbox 3224 2759 3496 2828; x_wconf 84' lang='grc' dir='ltr'>συνῆλθον</span> <span class='ocrx_word' id='word_1_396' title='bbox 3535 2756 3766 2826; x_wconf 77' lang='grc' dir='ltr'><strong>ἀλλήλαις</strong></span> 
     </span>
    </p>
   </div>
   <div class='ocr_carea' id='block_1_58' title="bbox 2215 2844 3762 2921">
    <p class='ocr_par' dir='ltr' id='par_1_58' title="bbox 2215 2844 3762 2921">
     <span class='ocr_line' id='line_1_58' title="bbox 2215 2844 3762 2921; baseline 0.001 -24"><span class='ocrx_word' id='word_1_397' title='bbox 2215 2844 2342 2897; x_wconf 83' lang='grc' dir='ltr'>καθ’</span> <span class='ocrx_word' id='word_1_398' title='bbox 2385 2844 2580 2902; x_wconf 72' lang='grc' dir='ltr'>ἕνωσιν</span> <span class='ocrx_word' id='word_1_399' title='bbox 2609 2847 3001 2916; x_wconf 82' lang='grc' dir='ltr'>ἀδιάσπαστον,</span> <span class='ocrx_word' id='word_1_400' title='bbox 3041 2849 3325 2921; x_wconf 80' lang='grc' dir='ltr'>ἀτρέπτως</span> <span class='ocrx_word' id='word_1_401' title='bbox 3351 2867 3418 2904; x_wconf 86' lang='grc' dir='ltr'><strong>τε</strong></span> <span class='ocrx_word' id='word_1_402' title='bbox 3454 2851 3549 2904; x_wconf 75' lang='grc' dir='ltr'><strong>καὶ</strong></span> <span class='ocrx_word' id='word_1_403' title='bbox 3583 2849 3762 2918; x_wconf 81' lang='grc' dir='ltr'>ἀμετα-</span> 
     </span>
    </p>
   </div>
   <div class='ocr_carea' id='block_1_59' title="bbox 2216 2933 3763 3013">
    <p class='ocr_par' dir='ltr' id='par_1_59' title="bbox 2216 2933 3763 3013">
     <span class='ocr_line' id='line_1_59' title="bbox 2216 2933 3763 3013; baseline 0.01 -27"><span class='ocrx_word' id='word_1_404' title='bbox 2216 2933 2467 3006; x_wconf 80' lang='grc' dir='ltr'><strong>6λήτως’</strong></span> <span class='ocrx_word' id='word_1_405' title='bbox 2508 2938 2542 3009; x_wconf 79' lang='grc' dir='ltr'><strong>ἡ</strong></span> <span class='ocrx_word' id='word_1_406' title='bbox 2593 2939 2704 3008; x_wconf 83' lang='grc' dir='ltr'>γὰρ</span> <span class='ocrx_word' id='word_1_407' title='bbox 2740 2939 2898 3010; x_wconf 80' lang='grc' dir='ltr'>σὰρξ,</span> <span class='ocrx_word' id='word_1_408' title='bbox 2925 2939 3064 3013; x_wconf 80' lang='grc' dir='ltr'>σάρξ</span> <span class='ocrx_word' id='word_1_409' title='bbox 3103 2941 3240 3008; x_wconf 75' lang='grc' dir='ltr'>ἐστι,</span> <span class='ocrx_word' id='word_1_410' title='bbox 3264 2941 3359 2994; x_wconf 74' lang='grc' dir='ltr'><strong>καὶ</strong></span> <span class='ocrx_word' id='word_1_411' title='bbox 3407 2942 3470 2995; x_wconf 77' lang='grc' dir='ltr'>οὐ</span> <span class='ocrx_word' id='word_1_412' title='bbox 3502 2940 3699 3008; x_wconf 66' lang='grc' dir='ltr'>θειότης.</span> <span class='ocrx_word' id='word_1_413' title='bbox 3725 2937 3763 2989; x_wconf 69' lang='grc' dir='ltr'>ει</span> 
     </span>
    </p>
   </div>
   <div class='ocr_carea' id='block_1_60' title="bbox 537 2999 2111 3103">
    <p class='ocr_par' dir='ltr' id='par_1_60' title="bbox 537 2999 2111 3073">
     <span class='ocr_line' id='line_1_60' title="bbox 537 2999 2111 3073; baseline 0.013 -19"><span class='ocrx_word' id='word_1_414' title='bbox 537 2999 644 3056; x_wconf 89' lang='lat' dir='ltr'><strong>etsi</strong></span> <span class='ocrx_word' id='word_1_415' title='bbox 671 3015 801 3055; x_wconf 88' lang='lat' dir='ltr'><strong>caro</strong></span> <span class='ocrx_word' id='word_1_416' title='bbox 828 3001 926 3058; x_wconf 90' lang='lat' dir='ltr'><strong>Dei</strong></span> <span class='ocrx_word' id='word_1_417' title='bbox 957 3004 1101 3060; x_wconf 81' lang='lat' dir='ltr'><strong>facta</strong></span> <span class='ocrx_word' id='word_1_418' title='bbox 1131 3017 1238 3064; x_wconf 89' lang='lat' dir='ltr'><strong>est.</strong></span> <span class='ocrx_word' id='word_1_419' title='bbox 1270 3009 1650 3070; x_wconf 86' lang='lat' dir='ltr'><strong>Consimiliter</strong></span> <span class='ocrx_word' id='word_1_420' title='bbox 1677 3016 1842 3071; x_wconf 91' lang='lat' dir='ltr'><strong>etiam</strong></span> <span class='ocrx_word' id='word_1_421' title='bbox 1873 3015 2111 3073; x_wconf 78' lang='lat' dir='ltr'><strong>Verbum</strong></span> 
     </span>
    </p>
   </div>
   <div class='ocr_carea' id='block_1_61' title="bbox 2215 2999 3760 3103">
    <p class='ocr_par' dir='ltr' id='par_1_61' title="bbox 2219 2999 3760 3103">
     <span class='ocr_line' id='line_1_61' title="bbox 2219 2999 3760 3103; baseline 0.008 -25"><span class='ocrx_word' id='word_1_422' title='bbox 2219 2999 2317 3078; x_wconf 62' lang='grc' dir='ltr'>καί</span> <span class='ocrx_word' id='word_1_423' title='bbox 2339 2999 2541 3096; x_wconf 43' lang='grc' dir='ltr'>γέγονε.</span> <span class='ocrx_word' id='word_1_424' title='bbox 2563 2999 2700 3082; x_wconf 69' lang='grc' dir='ltr'>Θεοῦ</span> <span class='ocrx_word' id='word_1_425' title='bbox 2725 2999 2898 3103; x_wconf 37' lang='grc' dir='ltr'><strong>σάρξ,ζ</strong></span> <span class='ocrx_word' id='word_1_426' title='bbox 2931 2999 3134 3100; x_wconf 68' lang='grc' dir='ltr'>ὁμοίως</span> <span class='ocrx_word' id='word_1_427' title='bbox 3165 2999 3239 3086; x_wconf 39' lang='grc' dir='ltr'><strong>δὲ,</strong></span> <span class='ocrx_word' id='word_1_428' title='bbox 3261 3033 3358 3086; x_wconf 69' lang='grc' dir='ltr'><strong>καὶ</strong></span> <span class='ocrx_word' id='word_1_429' title='bbox 3393 3035 3425 3087; x_wconf 89' lang='grc' dir='ltr'><strong>ό</strong></span> <span class='ocrx_word' id='word_1_430' title='bbox 3457 3032 3626 3100; x_wconf 82' lang='grc' dir='ltr'>Λόγος</span> <span class='ocrx_word' id='word_1_431' title='bbox 3651 3027 3760 3090; x_wconf 81' lang='grc' dir='ltr'>Θεός</span> 
     </span>
    </p>
   </div>
   <div class='ocr_carea' id='block_1_62' title="bbox 535 3084 2111 3180">
    <p class='ocr_par' dir='ltr' id='par_1_62' title="bbox 535 3084 2111 3180">
     <span class='ocr_line' id='line_1_62' title="bbox 535 3084 2111 3180; baseline 0.015 -39"><span class='ocrx_word' id='word_1_432' title='bbox 535 3084 682 3144; x_wconf 87' lang='lat' dir='ltr'><strong>Deus</strong></span> <span class='ocrx_word' id='word_1_433' title='bbox 713 3098 820 3155; x_wconf 90' lang='lat' dir='ltr'><strong>est,</strong></span> <span class='ocrx_word' id='word_1_434' title='bbox 869 3099 925 3147; x_wconf 91' lang='lat' dir='ltr'><strong>et</strong></span> <span class='ocrx_word' id='word_1_435' title='bbox 979 3110 1090 3152; x_wconf 89' lang='lat' dir='ltr'><strong>non</strong></span> <span class='ocrx_word' id='word_1_436' title='bbox 1147 3111 1317 3166; x_wconf 86' lang='lat' dir='ltr'><strong>caro,</strong></span> <span class='ocrx_word' id='word_1_437' title='bbox 1377 3102 1507 3159; x_wconf 90' lang='lat' dir='ltr'><strong>licet</strong></span> <span class='ocrx_word' id='word_1_438' title='bbox 1554 3119 1781 3162; x_wconf 85' lang='lat' dir='ltr'><strong>carnem</strong></span> <span class='ocrx_word' id='word_1_439' title='bbox 1831 3110 2111 3180; x_wconf 86' lang='lat' dir='ltr'><strong>propriam</strong></span> 
     </span>
    </p>
   </div>
   <div class='ocr_carea' id='block_1_63' title="bbox 536 3177 2112 3267">
    <p class='ocr_par' dir='ltr' id='par_1_63' title="bbox 536 3177 2112 3267">
     <span class='ocr_line' id='line_1_63' title="bbox 536 3177 2112 3267; baseline 0.015 -35"><span class='ocrx_word' id='word_1_440' title='bbox 536 3177 942 3250; x_wconf 88' lang='lat' dir='ltr'><strong>dispensatoria</strong></span> <span class='ocrx_word' id='word_1_441' title='bbox 974 3187 1189 3245; x_wconf 87' lang='lat' dir='ltr'><strong>ratione</strong></span> <span class='ocrx_word' id='word_1_442' title='bbox 1225 3190 1334 3245; x_wconf 88' lang='lat' dir='ltr'><strong>sibi</strong></span> <span class='ocrx_word' id='word_1_443' title='bbox 1377 3191 1592 3252; x_wconf 80' lang='lat' dir='ltr'><strong>fecerit.</strong></span> <span class='ocrx_word' id='word_1_444' title='bbox 1623 3194 1797 3267; x_wconf 71' lang='lat' dir='ltr'><strong>Igitur</strong></span> <span class='ocrx_word' id='word_1_445' title='bbox 1829 3177 1956 3253; x_wconf 78' lang='lat' dir='ltr'><strong>cum</strong></span> <span class='ocrx_word' id='word_1_446' title='bbox 2007 3200 2112 3257; x_wconf 86' lang='lat' dir='ltr'><strong>hoc</strong></span> 
     </span>
    </p>
   </div>
   <div class='ocr_carea' id='block_1_64' title="bbox 535 3272 2110 3357">
    <p class='ocr_par' dir='ltr' id='par_1_64' title="bbox 535 3272 2110 3357">
     <span class='ocr_line' id='line_1_64' title="bbox 535 3272 2110 3357; baseline 0.014 -32"><span class='ocrx_word' id='word_1_447' title='bbox 535 3272 972 3342; x_wconf 88' lang='lat' dir='ltr'><strong>consideramus,</strong></span> <span class='ocrx_word' id='word_1_448' title='bbox 1014 3280 1152 3335; x_wconf 87' lang='lat' dir='ltr'><strong>nihil</strong></span> <span class='ocrx_word' id='word_1_449' title='bbox 1194 3283 1414 3351; x_wconf 66' lang='lat' dir='ltr'><strong>injuria:</strong></span> <span class='ocrx_word' id='word_1_450' title='bbox 1451 3286 1763 3357; x_wconf 78' lang='lat' dir='ltr'><strong>lrrogamus</strong></span> <span class='ocrx_word' id='word_1_451' title='bbox 1810 3293 2110 3348; x_wconf 80' lang='lat' dir='ltr'><strong>concursui</strong></span> 
     </span>
    </p>
   </div>
   <div class='ocr_carea' id='block_1_65' title="bbox 535 3358 2109 3440">
    <p class='ocr_par' dir='ltr' id='par_1_65' title="bbox 535 3358 2109 3440">
     <span class='ocr_line' id='line_1_65' title="bbox 535 3358 2109 3440; baseline 0.016 -27"><span class='ocrx_word' id='word_1_452' title='bbox 535 3358 642 3424; x_wconf 89' lang='lat' dir='ltr'><strong>illi,</strong></span> <span class='ocrx_word' id='word_1_453' title='bbox 676 3365 771 3433; x_wconf 90' lang='lat' dir='ltr'><strong>qui</strong></span> <span class='ocrx_word' id='word_1_454' title='bbox 816 3367 871 3419; x_wconf 89' lang='lat' dir='ltr'><strong>in</strong></span> <span class='ocrx_word' id='word_1_455' title='bbox 924 3367 1193 3424; x_wconf 88' lang='lat' dir='ltr'><strong>unitatem</strong></span> <span class='ocrx_word' id='word_1_456' title='bbox 1236 3370 1425 3432; x_wconf 88' lang='lat' dir='ltr'><strong>desiit.</strong></span> <span class='ocrx_word' id='word_1_457' title='bbox 1484 3373 1723 3432; x_wconf 87' lang='lat' dir='ltr'><strong>Dicendo</strong></span> <span class='ocrx_word' id='word_1_458' title='bbox 1775 3393 1845 3434; x_wconf 80' lang='lat' dir='ltr'><strong>ex</strong></span> <span class='ocrx_word' id='word_1_459' title='bbox 1890 3383 2109 3440; x_wconf 89' lang='lat' dir='ltr'><strong>naturis</strong></span> 
     </span>
    </p>
   </div>
   <div class='ocr_carea' id='block_1_66' title="bbox 534 3449 2107 3549">
    <p class='ocr_par' dir='ltr' id='par_1_66' title="bbox 534 3449 2107 3549">
     <span class='ocr_line' id='line_1_66' title="bbox 534 3449 2107 3549; baseline 0.016 -45"><span class='ocrx_word' id='word_1_460' title='bbox 534 3449 752 3508; x_wconf 89' lang='lat' dir='ltr'><strong>duabus</strong></span> <span class='ocrx_word' id='word_1_461' title='bbox 781 3470 905 3509; x_wconf 92' lang='lat' dir='ltr'><strong>eum</strong></span> <span class='ocrx_word' id='word_1_462' title='bbox 939 3473 1082 3522; x_wconf 90' lang='lat' dir='ltr'><strong>esse,</strong></span> <span class='ocrx_word' id='word_1_463' title='bbox 1112 3470 1240 3529; x_wconf 90' lang='lat' dir='ltr'><strong>post</strong></span> <span class='ocrx_word' id='word_1_464' title='bbox 1271 3464 1578 3527; x_wconf 85' lang='lat' dir='ltr'><strong>unitionem</strong></span> <span class='ocrx_word' id='word_1_465' title='bbox 1610 3467 1846 3535; x_wconf 88' lang='lat' dir='ltr'><strong>scilicet,</strong></span> <span class='ocrx_word' id='word_1_466' title='bbox 1879 3483 2107 3549; x_wconf 78' lang='lat' dir='ltr'><strong>naturas</strong></span> 
     </span>
    </p>
   </div>
   <div class='ocr_carea' id='block_1_67' title="bbox 533 3539 2106 3631">
    <p class='ocr_par' dir='ltr' id='par_1_67' title="bbox 533 3539 2106 3631">
     <span class='ocr_line' id='line_1_67' title="bbox 533 3539 2106 3631; baseline 0.018 -39"><span class='ocrx_word' id='word_1_467' title='bbox 533 3539 604 3594; x_wconf 90' lang='lat' dir='ltr'><strong>ab</strong></span> <span class='ocrx_word' id='word_1_468' title='bbox 660 3542 895 3599; x_wconf 86' lang='lat' dir='ltr'><strong>invicem</strong></span> <span class='ocrx_word' id='word_1_469' title='bbox 938 3561 1049 3601; x_wconf 88' lang='lat' dir='ltr'><strong>non</strong></span> <span class='ocrx_word' id='word_1_470' title='bbox 1099 3549 1442 3621; x_wconf 74' lang='lat' dir='ltr'><strong>dirimimus.</strong></span> <span class='ocrx_word' id='word_1_471' title='bbox 1502 3570 1603 3610; x_wconf 91' lang='lat' dir='ltr'><strong>nec</strong></span> <span class='ocrx_word' id='word_1_472' title='bbox 1637 3557 1792 3614; x_wconf 89' lang='lat' dir='ltr'><strong>illum</strong></span> <span class='ocrx_word' id='word_1_473' title='bbox 1827 3541 1926 3631; x_wconf 79' lang='lat' dir='ltr'><strong>qui</strong></span> <span class='ocrx_word' id='word_1_474' title='bbox 1961 3581 2106 3623; x_wconf 89' lang='lat' dir='ltr'><strong>unus</strong></span> 
     </span>
    </p>
   </div>
   <div class='ocr_carea' id='block_1_68' title="bbox 533 3628 2102 3721">
    <p class='ocr_par' dir='ltr' id='par_1_68' title="bbox 533 3628 2102 3721">
     <span class='ocr_line' id='line_1_68' title="bbox 533 3628 2102 3721; baseline 0.02 -40"><span class='ocrx_word' id='word_1_475' title='bbox 533 3628 1001 3706; x_wconf 89' lang='lat' dir='ltr'><strong>indivisibilisque</strong></span> <span class='ocrx_word' id='word_1_476' title='bbox 1028 3648 1138 3706; x_wconf 88' lang='lat' dir='ltr'><strong>est,</strong></span> <span class='ocrx_word' id='word_1_477' title='bbox 1189 3640 1244 3695; x_wconf 91' lang='lat' dir='ltr'><strong>in</strong></span> <span class='ocrx_word' id='word_1_478' title='bbox 1301 3643 1442 3699; x_wconf 93' lang='lat' dir='ltr'><strong>duos</strong></span> <span class='ocrx_word' id='word_1_479' title='bbox 1472 3645 1615 3702; x_wconf 89' lang='lat' dir='ltr'><strong>ﬁlios</strong></span> <span class='ocrx_word' id='word_1_480' title='bbox 1653 3628 1980 3721; x_wconf 79' lang='lat' dir='ltr'><strong>scindimus,</strong></span> <span class='ocrx_word' id='word_1_481' title='bbox 2008 3657 2102 3712; x_wconf 91' lang='lat' dir='ltr'><strong>sed</strong></span> 
     </span>
    </p>
   </div>
   <div class='ocr_carea' id='block_1_69' title="bbox 530 3718 2105 3804">
    <p class='ocr_par' dir='ltr' id='par_1_69' title="bbox 530 3718 2105 3804">
     <span class='ocr_line' id='line_1_69' title="bbox 530 3718 2105 3804; baseline 0.018 -30"><span class='ocrx_word' id='word_1_482' title='bbox 530 3718 730 3776; x_wconf 80' lang='lat' dir='ltr'><strong>Filium</strong></span> <span class='ocrx_word' id='word_1_483' title='bbox 758 3742 927 3781; x_wconf 91' lang='lat' dir='ltr'><strong>unum</strong></span> <span class='ocrx_word' id='word_1_484' title='bbox 952 3733 1400 3799; x_wconf 85' lang='lat' dir='ltr'><strong>pronuntiamus,</strong></span> <span class='ocrx_word' id='word_1_485' title='bbox 1431 3743 1508 3804; x_wconf 90' lang='lat' dir='ltr'><strong>et,</strong></span> <span class='ocrx_word' id='word_1_486' title='bbox 1525 3740 1696 3796; x_wconf 90' lang='lat' dir='ltr'><strong>veluti</strong></span> <span class='ocrx_word' id='word_1_487' title='bbox 1725 3740 1919 3801; x_wconf 85' lang='lat' dir='ltr'><strong>Patres</strong></span> <span class='ocrx_word' id='word_1_488' title='bbox 1949 3718 2105 3802; x_wconf 81' lang='lat' dir='ltr'><strong>dixe-</strong></span> 
     </span>
    </p>
   </div>
   <div class='ocr_carea' id='block_1_70' title="bbox 531 3817 2104 3905">
    <p class='ocr_par' dir='ltr' id='par_1_70' title="bbox 531 3817 2104 3905">
     <span class='ocr_line' id='line_1_70' title="bbox 531 3817 2104 3905; baseline 0.02 -45"><span class='ocrx_word' id='word_1_489' title='bbox 531 3817 696 3876; x_wconf 87' lang='lat' dir='ltr'><strong>runt,</strong></span> <span class='ocrx_word' id='word_1_490' title='bbox 752 3829 912 3870; x_wconf 84' lang='lat' dir='ltr'><strong>unam</strong></span> <span class='ocrx_word' id='word_1_491' title='bbox 967 3828 1218 3876; x_wconf 81' lang='lat' dir='ltr'><strong>naturam</strong></span> <span class='ocrx_word' id='word_1_492' title='bbox 1275 3820 1430 3877; x_wconf 78' lang='lat' dir='ltr'><strong>Verbi</strong></span> <span class='ocrx_word' id='word_1_493' title='bbox 1499 3826 1856 3888; x_wconf 75' lang='lat' dir='ltr'><strong>incantatam.</strong></span> <span class='ocrx_word' id='word_1_494' title='bbox 1917 3833 2104 3905; x_wconf 79' lang='lat' dir='ltr'><strong>Itaque</strong></span> 
     </span>
    </p>
   </div>
   <div class='ocr_carea' id='block_1_71' title="bbox 530 3904 2102 3983">
    <p class='ocr_par' dir='ltr' id='par_1_71' title="bbox 530 3904 2102 3983">
     <span class='ocr_line' id='line_1_71' title="bbox 530 3904 2102 3983; baseline 0.02 -32"><span class='ocrx_word' id='word_1_495' title='bbox 530 3911 796 3967; x_wconf 89' lang='lat' dir='ltr'><strong>quantum</strong></span> <span class='ocrx_word' id='word_1_496' title='bbox 850 3904 904 3956; x_wconf 88' lang='lat' dir='ltr'><strong>in</strong></span> <span class='ocrx_word' id='word_1_497' title='bbox 950 3916 1187 3964; x_wconf 85' lang='lat' dir='ltr'><strong>mentem</strong></span> <span class='ocrx_word' id='word_1_498' title='bbox 1221 3911 1390 3980; x_wconf 88' lang='lat' dir='ltr'><strong>cadit,</strong></span> <span class='ocrx_word' id='word_1_499' title='bbox 1441 3923 1498 3969; x_wconf 89' lang='lat' dir='ltr'><strong>et</strong></span> <span class='ocrx_word' id='word_1_500' title='bbox 1538 3919 1661 3974; x_wconf 87' lang='lat' dir='ltr'><strong>solo</strong></span> <span class='ocrx_word' id='word_1_501' title='bbox 1697 3922 1870 3976; x_wconf 86' lang='lat' dir='ltr'><strong>animi</strong></span> <span class='ocrx_word' id='word_1_502' title='bbox 1902 3904 2102 3983; x_wconf 84' lang='lat' dir='ltr'><strong>obtutu</strong></span> 
     </span>
    </p>
   </div>
   <div class='ocr_carea' id='block_1_72' title="bbox 531 3989 2102 4078">
    <p class='ocr_par' dir='ltr' id='par_1_72' title="bbox 531 3989 2102 4078">
     <span class='ocr_line' id='line_1_72' title="bbox 531 3989 2102 4078; baseline 0.02 -36"><span class='ocrx_word' id='word_1_503' title='bbox 531 3989 930 4048; x_wconf 88' lang='lat' dir='ltr'><strong>considerando</strong></span> <span class='ocrx_word' id='word_1_504' title='bbox 975 4011 1084 4066; x_wconf 85' lang='lat' dir='ltr'><strong>qua</strong></span> <span class='ocrx_word' id='word_1_505' title='bbox 1142 4001 1356 4059; x_wconf 87' lang='lat' dir='ltr'><strong>ratione</strong></span> <span class='ocrx_word' id='word_1_506' title='bbox 1407 4007 1726 4078; x_wconf 71' lang='lat' dir='ltr'><strong>unigenitus</strong></span> <span class='ocrx_word' id='word_1_507' title='bbox 1789 4010 1970 4069; x_wconf 72' lang='lat' dir='ltr'><strong>factus</strong></span> <span class='ocrx_word' id='word_1_508' title='bbox 2029 4018 2102 4074; x_wconf 87' lang='lat' dir='ltr'><strong>sit</strong></span> 
     </span>
    </p>
   </div>
   <div class='ocr_carea' id='block_1_73' title="bbox 529 4079 2100 4160">
    <p class='ocr_par' dir='ltr' id='par_1_73' title="bbox 529 4079 2100 4160">
     <span class='ocr_line' id='line_1_73' title="bbox 529 4079 2100 4160; baseline 0.018 -27"><span class='ocrx_word' id='word_1_509' title='bbox 529 4079 716 4146; x_wconf 86' lang='lat' dir='ltr'><strong>homo,</strong></span> <span class='ocrx_word' id='word_1_510' title='bbox 750 4094 978 4141; x_wconf 88' lang='lat' dir='ltr'><strong>naturas</strong></span> <span class='ocrx_word' id='word_1_511' title='bbox 1019 4087 1157 4145; x_wconf 89' lang='lat' dir='ltr'><strong>duas</strong></span> <span class='ocrx_word' id='word_1_512' title='bbox 1189 4107 1310 4150; x_wconf 89' lang='lat' dir='ltr'><strong>esse</strong></span> <span class='ocrx_word' id='word_1_513' title='bbox 1344 4095 1526 4153; x_wconf 89' lang='lat' dir='ltr'><strong>aimus</strong></span> <span class='ocrx_word' id='word_1_514' title='bbox 1557 4115 1572 4152; x_wconf 87' lang='lat'><strong>:</strong></span> <span class='ocrx_word' id='word_1_515' title='bbox 1614 4115 1785 4156; x_wconf 92' lang='lat' dir='ltr'><strong>unum</strong></span> <span class='ocrx_word' id='word_1_516' title='bbox 1833 4118 1963 4159; x_wconf 88' lang='lat' dir='ltr'><strong>vero</strong></span> <span class='ocrx_word' id='word_1_517' title='bbox 2005 4105 2100 4160; x_wconf 89' lang='lat' dir='ltr'><strong>Fi-</strong></span> 
     </span>
    </p>
   </div>
   <div class='ocr_carea' id='block_1_74' title="bbox 530 4172 2099 4265">
    <p class='ocr_par' dir='ltr' id='par_1_74' title="bbox 530 4172 2099 4265">
     <span class='ocr_line' id='line_1_74' title="bbox 530 4172 2099 4265; baseline 0.02 -40"><span class='ocrx_word' id='word_1_518' title='bbox 530 4172 690 4242; x_wconf 86' lang='lat' dir='ltr'><strong>lium,</strong></span> <span class='ocrx_word' id='word_1_519' title='bbox 731 4185 786 4232; x_wconf 92' lang='lat' dir='ltr'><strong>et</strong></span> <span class='ocrx_word' id='word_1_520' title='bbox 815 4177 1119 4250; x_wconf 92' lang='lat' dir='ltr'><strong>Christum,</strong></span> <span class='ocrx_word' id='word_1_521' title='bbox 1162 4192 1218 4241; x_wconf 90' lang='lat' dir='ltr'><strong>et</strong></span> <span class='ocrx_word' id='word_1_522' title='bbox 1264 4186 1556 4244; x_wconf 84' lang='lat' dir='ltr'><strong>Dominum</strong></span> <span class='ocrx_word' id='word_1_523' title='bbox 1586 4193 1936 4265; x_wconf 90' lang='lat' dir='ltr'><strong>conﬁtemur,</strong></span> <span class='ocrx_word' id='word_1_524' title='bbox 1961 4197 2099 4256; x_wconf 87' lang='lat' dir='ltr'><strong>Ver-</strong></span> 
     </span>
    </p>
   </div>
   <div class='ocr_carea' id='block_1_75' title="bbox 417 4261 1880 4342">
    <p class='ocr_par' dir='ltr' id='par_1_75' title="bbox 417 4261 1880 4342">
     <span class='ocr_line' id='line_1_75' title="bbox 417 4261 1880 4342; baseline 0.018 -27"><span class='ocrx_word' id='word_1_525' title='bbox 417 4261 426 4270; x_wconf 83' lang='grc'><em>’</em></span> <span class='ocrx_word' id='word_1_526' title='bbox 528 4263 658 4320; x_wconf 89' lang='lat' dir='ltr'><strong>bum</strong></span> <span class='ocrx_word' id='word_1_527' title='bbox 686 4265 778 4322; x_wconf 90' lang='lat' dir='ltr'><strong>Dei</strong></span> <span class='ocrx_word' id='word_1_528' title='bbox 821 4269 1024 4326; x_wconf 82' lang='lat' dir='ltr'><strong>factum</strong></span> <span class='ocrx_word' id='word_1_529' title='bbox 1056 4273 1334 4332; x_wconf 83' lang='lat' dir='ltr'><strong>hominem</strong></span> <span class='ocrx_word' id='word_1_530' title='bbox 1365 4289 1420 4334; x_wconf 89' lang='lat' dir='ltr'><strong>et</strong></span> <span class='ocrx_word' id='word_1_531' title='bbox 1456 4281 1827 4340; x_wconf 83' lang='lat' dir='ltr'><strong>incarnatum.</strong></span> <span class='ocrx_word' id='word_1_532' title='bbox 1859 4307 1880 4342; x_wconf 75' lang='grc' dir='ltr'><strong>ι</strong></span> 
     </span>
    </p>
   </div>
   <div class='ocr_carea' id='block_1_76' title="bbox 2185 3114 3762 3194">
    <p class='ocr_par' dir='ltr' id='par_1_76' title="bbox 2185 3114 3762 3194">
     <span class='ocr_line' id='line_1_76' title="bbox 2185 3114 3762 3194; baseline 0.002 -27"><span class='ocrx_word' id='word_1_533' title='bbox 2185 3179 2188 3182; x_wconf 26' lang='grc'><strong>,</strong></span> <span class='ocrx_word' id='word_1_534' title='bbox 2212 3114 2330 3168; x_wconf 79' lang='grc' dir='ltr'>ἐστι</span> <span class='ocrx_word' id='word_1_535' title='bbox 2358 3117 2453 3170; x_wconf 76' lang='grc' dir='ltr'><strong>καὶ</strong></span> <span class='ocrx_word' id='word_1_536' title='bbox 2484 3118 2544 3171; x_wconf 84' lang='grc' dir='ltr'>οὑ</span> <span class='ocrx_word' id='word_1_537' title='bbox 2571 3119 2728 3190; x_wconf 76' lang='grc' dir='ltr'>σὰρξ,</span> <span class='ocrx_word' id='word_1_538' title='bbox 2759 3123 2810 3175; x_wconf 79' lang='grc' dir='ltr'><strong>ει</strong></span> <span class='ocrx_word' id='word_1_539' title='bbox 2840 3120 2936 3175; x_wconf 80' lang='grc' dir='ltr'><strong>καὶ</strong></span> <span class='ocrx_word' id='word_1_540' title='bbox 2979 3123 3119 3176; x_wconf 75' lang='grc' dir='ltr'>ἰδίαν</span> <span class='ocrx_word' id='word_1_541' title='bbox 3154 3124 3459 3194; x_wconf 74' lang='grc' dir='ltr'>ἐποιήσατο</span> <span class='ocrx_word' id='word_1_542' title='bbox 3482 3123 3582 3194; x_wconf 79' lang='grc' dir='ltr'>τὴν</span> <span class='ocrx_word' id='word_1_543' title='bbox 3606 3121 3762 3190; x_wconf 76' lang='grc' dir='ltr'>σάρκα</span> 
     </span>
    </p>
   </div>
   <div class='ocr_carea' id='block_1_77' title="bbox 2210 3208 3757 3284">
    <p class='ocr_par' dir='ltr' id='par_1_77' title="bbox 2210 3208 3757 3284">
     <span class='ocr_line' id='line_1_77' title="bbox 2210 3208 3757 3284; baseline -0.001 -24"><span class='ocrx_word' id='word_1_544' title='bbox 2210 3208 2591 3279; x_wconf 76' lang='grc' dir='ltr'>οἰκονομικῶς.</span> <span class='ocrx_word' id='word_1_545' title='bbox 2623 3211 2792 3265; x_wconf 87' lang='grc' dir='ltr'>Ὅταν</span> <span class='ocrx_word' id='word_1_546' title='bbox 2829 3212 2888 3266; x_wconf 74' lang='grc' dir='ltr'>δὲ</span> <span class='ocrx_word' id='word_1_547' title='bbox 2943 3213 3215 3284; x_wconf 71' lang='grc' dir='ltr'>ἐννοῶμεν</span> <span class='ocrx_word' id='word_1_548' title='bbox 3247 3212 3434 3280; x_wconf 89' lang='grc' dir='ltr'>τοῦτο,</span> <span class='ocrx_word' id='word_1_549' title='bbox 3473 3212 3621 3266; x_wconf 83' lang='grc' dir='ltr'>οὐδὲν</span> <span class='ocrx_word' id='word_1_550' title='bbox 3657 3208 3757 3262; x_wconf 84' lang='grc' dir='ltr'>ἀδι-</span> 
     </span>
    </p>
   </div>
   <div class='ocr_carea' id='block_1_78' title="bbox 2211 3298 3757 3376">
    <p class='ocr_par' dir='ltr' id='par_1_78' title="bbox 2211 3298 3757 3376">
     <span class='ocr_line' id='line_1_78' title="bbox 2211 3298 3757 3376; baseline -0.001 -25"><span class='ocrx_word' id='word_1_551' title='bbox 2211 3298 2418 3369; x_wconf 87' lang='grc' dir='ltr'>κοῦμεν</span> <span class='ocrx_word' id='word_1_552' title='bbox 2454 3300 2556 3371; x_wconf 76' lang='grc' dir='ltr'>τὴν</span> <span class='ocrx_word' id='word_1_553' title='bbox 2585 3302 2666 3366; x_wconf 78' lang='grc' dir='ltr'>εἰς</span> <span class='ocrx_word' id='word_1_554' title='bbox 2709 3303 2938 3373; x_wconf 74' lang='grc' dir='ltr'>ἑνότητα</span> <span class='ocrx_word' id='word_1_555' title='bbox 2968 3304 3277 3376; x_wconf 81' lang='grc' dir='ltr'>συνδρομήν</span> <span class='ocrx_word' id='word_1_556' title='bbox 3300 3320 3314 3336; x_wconf 74' lang='grc' dir='ltr'><strong><em>ο</em></strong></span> <span class='ocrx_word' id='word_1_557' title='bbox 3343 3303 3407 3357; x_wconf 79' lang='grc' dir='ltr'>τὸ</span> <span class='ocrx_word' id='word_1_558' title='bbox 3447 3304 3513 3358; x_wconf 84' lang='grc' dir='ltr'><strong>ὲκ</strong></span> <span class='ocrx_word' id='word_1_559' title='bbox 3543 3301 3631 3356; x_wconf 79' lang='grc' dir='ltr'>δύο</span> <span class='ocrx_word' id='word_1_560' title='bbox 3671 3298 3757 3368; x_wconf 78' lang='grc' dir='ltr'><strong>φύ-</strong></span> 
     </span>
    </p>
   </div>
   <div class='ocr_carea' id='block_1_79' title="bbox 2209 3393 3755 3491">
    <p class='ocr_par' dir='ltr' id='par_1_79' title="bbox 2209 3393 3755 3491">
     <span class='ocr_line' id='line_1_79' title="bbox 2209 3393 3755 3491; baseline 0.007 -50"><span class='ocrx_word' id='word_1_561' title='bbox 2209 3406 2350 3442; x_wconf 85' lang='grc' dir='ltr'>σεων</span> <span class='ocrx_word' id='word_1_562' title='bbox 2374 3393 2709 3461; x_wconf 79' lang='grc' dir='ltr'>γεγενῆσθαι</span> <span class='ocrx_word' id='word_1_563' title='bbox 2744 3393 3017 3468; x_wconf 64' lang='grc' dir='ltr'>λέγοντες,</span> <span class='ocrx_word' id='word_1_564' title='bbox 3048 3395 3187 3466; x_wconf 83' lang='grc' dir='ltr'>μετὰ</span> <span class='ocrx_word' id='word_1_565' title='bbox 3219 3395 3405 3491; x_wconf 61' lang='grc' dir='ltr'>μεντοι</span> <span class='ocrx_word' id='word_1_566' title='bbox 3565 3393 3755 3491; x_wconf 50' lang='grc' dir='ltr'><strong>ἔΥωσέΥι</strong></span> 
     </span>
    </p>
   </div>
   <div class='ocr_carea' id='block_1_80' title="bbox 2209 3476 3756 3553">
    <p class='ocr_par' dir='ltr' id='par_1_80' title="bbox 2209 3476 3756 3553">
     <span class='ocr_line' id='line_1_80' title="bbox 2209 3476 3756 3553; baseline -0.001 -23"><span class='ocrx_word' id='word_1_567' title='bbox 2209 3478 2272 3530; x_wconf 90' lang='grc' dir='ltr'>οὐ</span> <span class='ocrx_word' id='word_1_568' title='bbox 2299 3477 2616 3551; x_wconf 81' lang='grc' dir='ltr'>διαιροῦμεν</span> <span class='ocrx_word' id='word_1_569' title='bbox 2640 3481 2739 3545; x_wconf 82' lang='grc' dir='ltr'>τὰς</span> <span class='ocrx_word' id='word_1_570' title='bbox 2783 3482 2975 3551; x_wconf 80' lang='grc' dir='ltr'>φύσεις</span> <span class='ocrx_word' id='word_1_571' title='bbox 3004 3484 3097 3536; x_wconf 86' lang='grc' dir='ltr'><strong>ἀπ’</strong></span> <span class='ocrx_word' id='word_1_572' title='bbox 3126 3483 3393 3553; x_wconf 82' lang='grc' dir='ltr'>ἀλλήλων,</span> <span class='ocrx_word' id='word_1_573' title='bbox 3428 3482 3547 3536; x_wconf 83' lang='grc' dir='ltr'>οὐδὲ</span> <span class='ocrx_word' id='word_1_574' title='bbox 3575 3481 3648 3541; x_wconf 77' lang='grc' dir='ltr'>εἰς</span> <span class='ocrx_word' id='word_1_575' title='bbox 3678 3476 3756 3529; x_wconf 78' lang='grc' dir='ltr'>δύο</span> 
     </span>
    </p>
   </div>
   <div class='ocr_carea' id='block_1_81' title="bbox 2206 3568 3754 3673">
    <p class='ocr_par' dir='ltr' id='par_1_81' title="bbox 2206 3568 3754 3673">
     <span class='ocr_line' id='line_1_81' title="bbox 2206 3568 3754 3673; baseline -0.004 -48"><span class='ocrx_word' id='word_1_576' title='bbox 2206 3569 2480 3642; x_wconf 79' lang='grc' dir='ltr'>τέμνομεν</span> <span class='ocrx_word' id='word_1_577' title='bbox 2534 3574 2685 3636; x_wconf 78' lang='grc' dir='ltr'>υἱοὺς</span> <span class='ocrx_word' id='word_1_578' title='bbox 2733 3573 2830 3627; x_wconf 77' lang='grc' dir='ltr'>τὸν</span> <span class='ocrx_word' id='word_1_579' title='bbox 2865 3574 2964 3628; x_wconf 66' lang='grc' dir='ltr'>ἕνα</span> <span class='ocrx_word' id='word_1_580' title='bbox 3009 3575 3105 3628; x_wconf 75' lang='grc' dir='ltr'><strong>καὶ</strong></span> <span class='ocrx_word' id='word_1_581' title='bbox 3153 3575 3489 3646; x_wconf 80' lang='grc' dir='ltr'>ἀμέριστον,</span> <span class='ocrx_word' id='word_1_582' title='bbox 3521 3571 3631 3673; x_wconf 63' lang='grc' dir='ltr'>αλλ’</span> <span class='ocrx_word' id='word_1_583' title='bbox 3674 3568 3754 3673; x_wconf 68' lang='grc' dir='ltr'>ἕνα</span> 
     </span>
    </p>
   </div>
   <div class='ocr_carea' id='block_1_82' title="bbox 2207 3663 3752 3764">
    <p class='ocr_par' dir='ltr' id='par_1_82' title="bbox 2207 3663 3752 3764">
     <span class='ocr_line' id='line_1_82' title="bbox 2207 3663 3752 3764; baseline 0.025 -52"><span class='ocrx_word' id='word_1_584' title='bbox 2207 3664 2388 3732; x_wconf 76' lang='grc' dir='ltr'>φαμὲν</span> <span class='ocrx_word' id='word_1_585' title='bbox 2409 3663 2544 3729; x_wconf 80' lang='grc' dir='ltr'>υἱὸν,</span> <span class='ocrx_word' id='word_1_586' title='bbox 2580 3663 2696 3731; x_wconf 71' lang='grc' dir='ltr'>καὶ,</span> <span class='ocrx_word' id='word_1_587' title='bbox 2724 3665 2798 3728; x_wconf 82' lang='grc' dir='ltr'>ὡς</span> <span class='ocrx_word' id='word_1_588' title='bbox 2833 3666 2886 3719; x_wconf 75' lang='grc' dir='ltr'><strong>οἱ</strong></span> <span class='ocrx_word' id='word_1_589' title='bbox 2920 3666 3164 3736; x_wconf 77' lang='grc' dir='ltr'>Πατέρες</span> <span class='ocrx_word' id='word_1_590' title='bbox 3188 3667 3467 3764; x_wconf 38' lang='lat' dir='ltr'><strong>afﬁxa?)</strong></span> <span class='ocrx_word' id='word_1_591' title='bbox 3486 3664 3626 3762; x_wconf 56' lang='grc' dir='ltr'><em>μίαν</em></span> <span class='ocrx_word' id='word_1_592' title='bbox 3651 3663 3752 3764; x_wconf 34' lang='lat'><strong>&quot;9&quot;}:-</strong></span> 
     </span>
    </p>
   </div>
   <div class='ocr_carea' id='block_1_83' title="bbox 2203 3752 3751 3849">
    <p class='ocr_par' dir='ltr' id='par_1_83' title="bbox 2203 3752 3751 3849">
     <span class='ocr_line' id='line_1_83' title="bbox 2203 3752 3751 3849; baseline -0.005 -42"><span class='ocrx_word' id='word_1_593' title='bbox 2203 3769 2314 3807; x_wconf 80' lang='grc' dir='ltr'><strong>σιν</strong></span> <span class='ocrx_word' id='word_1_594' title='bbox 2337 3753 2447 3807; x_wconf 85' lang='grc' dir='ltr'><strong>τοῦ</strong></span> <span class='ocrx_word' id='word_1_595' title='bbox 2475 3753 2623 3808; x_wconf 77' lang='grc' dir='ltr'>Θεοῦ</span> <span class='ocrx_word' id='word_1_596' title='bbox 2651 3755 2844 3824; x_wconf 78' lang='grc' dir='ltr'>Λόγου</span> <span class='ocrx_word' id='word_1_597' title='bbox 2871 3755 3365 3824; x_wconf 77' lang='grc' dir='ltr'>σεσαρκωμένην.</span> <span class='ocrx_word' id='word_1_598' title='bbox 3389 3752 3619 3814; x_wconf 78' lang='grc' dir='ltr'>Οὐκοῦν,</span> <span class='ocrx_word' id='word_1_599' title='bbox 3647 3752 3751 3849; x_wconf 62' lang='grc' dir='ltr'><strong>ὅσρί</strong></span> 
     </span>
    </p>
   </div>
   <div class='ocr_carea' id='block_1_84' title="bbox 2206 3838 3750 3917">
    <p class='ocr_par' dir='ltr' id='par_1_84' title="bbox 2206 3838 3750 3917">
     <span class='ocr_line' id='line_1_84' title="bbox 2206 3838 3750 3917; baseline 0.002 -21"><span class='ocrx_word' id='word_1_600' title='bbox 2206 3844 2307 3915; x_wconf 84' lang='grc' dir='ltr'>μὲν</span> <span class='ocrx_word' id='word_1_601' title='bbox 2331 3838 2468 3916; x_wconf 80' lang='grc' dir='ltr'>ἧκεν</span> <span class='ocrx_word' id='word_1_602' title='bbox 2499 3846 2581 3910; x_wconf 80' lang='grc' dir='ltr'><strong>εἰς</strong></span> <span class='ocrx_word' id='word_1_603' title='bbox 2611 3846 2843 3911; x_wconf 81' lang='grc' dir='ltr'>ἔννοιαν,</span> <span class='ocrx_word' id='word_1_604' title='bbox 2871 3847 2964 3900; x_wconf 67' lang='grc' dir='ltr'>καὶ</span> <span class='ocrx_word' id='word_1_605' title='bbox 2994 3849 3075 3910; x_wconf 76' lang='grc' dir='ltr'>εἰς</span> <span class='ocrx_word' id='word_1_606' title='bbox 3107 3847 3265 3917; x_wconf 85' lang='grc' dir='ltr'>μόνον</span> <span class='ocrx_word' id='word_1_607' title='bbox 3294 3847 3355 3899; x_wconf 82' lang='grc' dir='ltr'>τὸ</span> <span class='ocrx_word' id='word_1_608' title='bbox 3387 3846 3519 3916; x_wconf 75' lang='grc' dir='ltr'>ὁρᾷν</span> <span class='ocrx_word' id='word_1_609' title='bbox 3542 3844 3648 3904; x_wconf 86' lang='grc' dir='ltr'>τοῖς</span> <span class='ocrx_word' id='word_1_610' title='bbox 3667 3839 3750 3906; x_wconf 79' lang='grc' dir='ltr'><strong>τῆς</strong></span> 
     </span>
    </p>
   </div>
   <div class='ocr_carea' id='block_1_85' title="bbox 2200 3934 3748 4010">
    <p class='ocr_par' dir='ltr' id='par_1_85' title="bbox 2200 3934 3748 4010">
     <span class='ocr_line' id='line_1_85' title="bbox 2200 3934 3748 4010; baseline -0.008 -18"><span class='ocrx_word' id='word_1_611' title='bbox 2200 3934 2377 4004; x_wconf 76' lang='grc' dir='ltr'>ψυχῆς</span> <span class='ocrx_word' id='word_1_612' title='bbox 2411 3934 2646 4005; x_wconf 74' lang='grc' dir='ltr'>ὄμμασι,</span> <span class='ocrx_word' id='word_1_613' title='bbox 2689 3937 2816 3991; x_wconf 79' lang='grc' dir='ltr'>τινα</span> <span class='ocrx_word' id='word_1_614' title='bbox 2839 3939 3042 4010; x_wconf 84' lang='grc' dir='ltr'>τρόπον</span> <span class='ocrx_word' id='word_1_615' title='bbox 3092 3937 3521 4009; x_wconf 80' lang='grc' dir='ltr'>ὲνηνθρὼπηκεν</span> <span class='ocrx_word' id='word_1_616' title='bbox 3562 3936 3589 3987; x_wconf 85' lang='grc' dir='ltr'>ὁ</span> <span class='ocrx_word' id='word_1_617' title='bbox 3614 3945 3748 4003; x_wconf 82' lang='grc' dir='ltr'>μονο-</span> 
     </span>
    </p>
   </div>
   <div class='ocr_carea' id='block_1_86' title="bbox 2201 4016 3746 4118">
    <p class='ocr_par' dir='ltr' id='par_1_86' title="bbox 2201 4016 3746 4118">
     <span class='ocr_line' id='line_1_86' title="bbox 2201 4016 3746 4118; baseline 0.021 -26"><span class='ocrx_word' id='word_1_618' title='bbox 2201 4021 2384 4093; x_wconf 76' lang='grc' dir='ltr'><strong>γενὴς,</strong></span> <span class='ocrx_word' id='word_1_619' title='bbox 2419 4023 2514 4078; x_wconf 86' lang='grc' dir='ltr'>δύο</span> <span class='ocrx_word' id='word_1_620' title='bbox 2533 4025 2634 4087; x_wconf 80' lang='grc' dir='ltr'><strong>τὰς</strong></span> <span class='ocrx_word' id='word_1_621' title='bbox 2670 4025 2861 4095; x_wconf 75' lang='grc' dir='ltr'>φύσεις</span> <span class='ocrx_word' id='word_1_622' title='bbox 2885 4021 3026 4080; x_wconf 71' lang='grc' dir='ltr'><strong>εἶναι</strong></span> <span class='ocrx_word' id='word_1_623' title='bbox 3057 4043 3262 4096; x_wconf 74' lang='grc' dir='ltr'><strong>φαμεν’</strong></span> <span class='ocrx_word' id='word_1_624' title='bbox 3291 4027 3390 4081; x_wconf 59' lang='grc' dir='ltr'><strong>ἕνα</strong></span> <span class='ocrx_word' id='word_1_625' title='bbox 3413 4026 3475 4080; x_wconf 61' lang='grc' dir='ltr'><strong>δὲ</strong></span> <span class='ocrx_word' id='word_1_626' title='bbox 3497 4016 3746 4118; x_wconf 47' lang='grc' dir='ltr'><strong>Υὶὲνὶωὲ</strong></span> 
     </span>
    </p>
   </div>
   <div class='ocr_carea' id='block_1_87' title="bbox 2199 4111 3744 4189">
    <p class='ocr_par' dir='ltr' id='par_1_87' title="bbox 2199 4111 3744 4189">
     <span class='ocr_line' id='line_1_87' title="bbox 2199 4111 3744 4189; baseline -0.006 -21"><span class='ocrx_word' id='word_1_627' title='bbox 2199 4114 2436 4185; x_wconf 86' lang='grc' dir='ltr'>Χριστὸν</span> <span class='ocrx_word' id='word_1_628' title='bbox 2460 4155 2476 4183; x_wconf 88' lang='grc'><strong>,</strong></span> <span class='ocrx_word' id='word_1_629' title='bbox 2535 4117 2633 4172; x_wconf 70' lang='grc' dir='ltr'><strong>καὶ</strong></span> <span class='ocrx_word' id='word_1_630' title='bbox 2678 4116 2884 4188; x_wconf 84' lang='grc' dir='ltr'>Κύριον</span> <span class='ocrx_word' id='word_1_631' title='bbox 2923 4118 3290 4189; x_wconf 79' lang='grc' dir='ltr'>ὁμολογοῦμεν</span> <span class='ocrx_word' id='word_1_632' title='bbox 3317 4156 3334 4182; x_wconf 88' lang='grc'><strong>,</strong></span> <span class='ocrx_word' id='word_1_633' title='bbox 3367 4118 3462 4170; x_wconf 84' lang='grc' dir='ltr'>τὸν</span> <span class='ocrx_word' id='word_1_634' title='bbox 3510 4113 3600 4168; x_wconf 89' lang='grc' dir='ltr'><strong>τοῦ</strong></span> <span class='ocrx_word' id='word_1_635' title='bbox 3631 4111 3744 4164; x_wconf 77' lang='grc' dir='ltr'>Θεοῦ</span> 
     </span>
    </p>
   </div>
   <div class='ocr_carea' id='block_1_88' title="bbox 2197 4206 3635 4282">
    <p class='ocr_par' dir='ltr' id='par_1_88' title="bbox 2197 4206 3635 4282">
     <span class='ocr_line' id='line_1_88' title="bbox 2197 4206 3635 4282; baseline 0.002 -24"><span class='ocrx_word' id='word_1_636' title='bbox 2197 4206 2370 4276; x_wconf 89' lang='grc' dir='ltr'>Λόγον</span> <span class='ocrx_word' id='word_1_637' title='bbox 2391 4207 2884 4280; x_wconf 62' lang='grc' dir='ltr'>ὲνανθρωπήησαντα</span> <span class='ocrx_word' id='word_1_638' title='bbox 2915 4211 3008 4262; x_wconf 70' lang='grc' dir='ltr'><strong>καὶ</strong></span> <span class='ocrx_word' id='word_1_639' title='bbox 3037 4209 3478 4282; x_wconf 77' lang='grc' dir='ltr'>σεσαρκωμένον.</span> <span class='ocrx_word' id='word_1_640' title='bbox 3505 4227 3524 4260; x_wconf 78' lang='grc' dir='ltr'><strong>ι</strong></span> <span class='ocrx_word' id='word_1_641' title='bbox 3627 4240 3635 4249; x_wconf 90' lang='lat'><strong><em>-</em></strong></span> 
     </span>
    </p>
   </div>
   <div class='ocr_carea' id='block_1_89' title="bbox 598 4357 2111 4456">
    <p class='ocr_par' dir='ltr' id='par_1_89' title="bbox 598 4357 2100 4445">
     <span class='ocr_line' id='line_1_89' title="bbox 598 4357 2100 4445; baseline 0.02 -32"><span class='ocrx_word' id='word_1_642' title='bbox 598 4357 870 4415; x_wconf 80' lang='lat' dir='ltr'><strong>Scholium</strong></span> <span class='ocrx_word' id='word_1_643' title='bbox 912 4379 931 4419; x_wconf 92' lang='lat'><strong><em>:</em></strong></span> <span class='ocrx_word' id='word_1_644' title='bbox 974 4364 1298 4424; x_wconf 89' lang='lat' dir='ltr'><strong>Consideret</strong></span> <span class='ocrx_word' id='word_1_645' title='bbox 1357 4373 1612 4443; x_wconf 90' lang='lat' dir='ltr'><strong>quisquis</strong></span> <span class='ocrx_word' id='word_1_646' title='bbox 1667 4389 1852 4436; x_wconf 88' lang='lat' dir='ltr'><strong>mente</strong></span> <span class='ocrx_word' id='word_1_647' title='bbox 1920 4399 2100 4445; x_wconf 62' lang='lat' dir='ltr'><strong>cacus</strong></span> 
     </span>
    </p>
   </div>
   <div class='ocr_carea' id='block_1_90' title="bbox 2215 4357 3739 4456">
    <p class='ocr_par' dir='ltr' id='par_1_90' title="bbox 2275 4373 3739 4456">
     <span class='ocr_line' id='line_1_90' title="bbox 2275 4373 3739 4456; baseline -0.004 -21"><span class='ocrx_word' id='word_1_648' title='bbox 2275 4383 2556 4450; x_wconf 74' lang='grc' dir='ltr'>Σχόλιον.</span> <span class='ocrx_word' id='word_1_649' title='bbox 2601 4383 2882 4436; x_wconf 82' lang='grc' dir='ltr'>Σκοπείτω</span> <span class='ocrx_word' id='word_1_650' title='bbox 2922 4384 3028 4448; x_wconf 76' lang='grc' dir='ltr'><strong>πᾶς</strong></span> <span class='ocrx_word' id='word_1_651' title='bbox 3057 4401 3143 4448; x_wconf 85' lang='grc' dir='ltr'><strong>τις</strong></span> <span class='ocrx_word' id='word_1_652' title='bbox 3195 4383 3273 4456; x_wconf 79' lang='grc' dir='ltr'><strong>μὴ</strong></span> <span class='ocrx_word' id='word_1_653' title='bbox 3321 4383 3641 4451; x_wconf 83' lang='grc' dir='ltr'>τυφλώττων</span> <span class='ocrx_word' id='word_1_654' title='bbox 3667 4373 3739 4425; x_wconf 78' lang='grc' dir='ltr'>τὸν</span> 
     </span>
    </p>
   </div>
   <div class='ocr_carea' id='block_1_91' title="bbox 527 4460 2099 4544">
    <p class='ocr_par' dir='ltr' id='par_1_91' title="bbox 527 4460 2099 4544">
     <span class='ocr_line' id='line_1_91' title="bbox 527 4460 2099 4544; baseline 0.019 -40"><span class='ocrx_word' id='word_1_655' title='bbox 527 4466 641 4506; x_wconf 86' lang='lat' dir='ltr'><strong>non</strong></span> <span class='ocrx_word' id='word_1_656' title='bbox 696 4461 801 4518; x_wconf 90' lang='lat' dir='ltr'><strong>cst,</strong></span> <span class='ocrx_word' id='word_1_657' title='bbox 856 4471 1079 4514; x_wconf 86' lang='lat' dir='ltr'><strong>sensum</strong></span> <span class='ocrx_word' id='word_1_658' title='bbox 1121 4460 1289 4530; x_wconf 84' lang='lat' dir='ltr'><strong>hujus</strong></span> <span class='ocrx_word' id='word_1_659' title='bbox 1322 4463 1526 4520; x_wconf 86' lang='lat' dir='ltr'><strong>Patris.</strong></span> <span class='ocrx_word' id='word_1_660' title='bbox 1569 4466 1692 4524; x_wconf 83' lang='lat' dir='ltr'><strong>Non</strong></span> <span class='ocrx_word' id='word_1_661' title='bbox 1734 4473 1880 4528; x_wconf 88' lang='lat' dir='ltr'><strong>enim</strong></span> <span class='ocrx_word' id='word_1_662' title='bbox 1935 4477 2099 4544; x_wconf 76' lang='lat' dir='ltr'><strong>dixit,</strong></span> 
     </span>
    </p>
   </div>
   <div class='ocr_carea' id='block_1_92' title="bbox 525 4540 2097 4638">
    <p class='ocr_par' dir='ltr' id='par_1_92' title="bbox 525 4540 2097 4638">
     <span class='ocr_line' id='line_1_92' title="bbox 525 4540 2097 4638; baseline 0.019 -42"><span class='ocrx_word' id='word_1_663' title='bbox 525 4540 660 4599; x_wconf 90' lang='lat' dir='ltr'><strong>Post</strong></span> <span class='ocrx_word' id='word_1_664' title='bbox 715 4544 1020 4602; x_wconf 89' lang='lat' dir='ltr'><strong>unitionem</strong></span> <span class='ocrx_word' id='word_1_665' title='bbox 1097 4559 1324 4609; x_wconf 88' lang='lat' dir='ltr'><strong>naturas</strong></span> <span class='ocrx_word' id='word_1_666' title='bbox 1380 4569 1489 4610; x_wconf 90' lang='lat' dir='ltr'><strong>non</strong></span> <span class='ocrx_word' id='word_1_667' title='bbox 1544 4560 1900 4630; x_wconf 88' lang='lat' dir='ltr'><strong>conﬁtemur;</strong></span> <span class='ocrx_word' id='word_1_668' title='bbox 1967 4568 2097 4638; x_wconf 86' lang='lat' dir='ltr'><strong>sed,</strong></span> 
     </span>
    </p>
   </div>
   <div class='ocr_carea' id='block_1_93' title="bbox 531 4635 2089 4721">
    <p class='ocr_par' dir='ltr' id='par_1_93' title="bbox 531 4635 2089 4721">
     <span class='ocr_line' id='line_1_93' title="bbox 531 4635 2089 4721; baseline 0.019 -36"><span class='ocrx_word' id='word_1_669' title='bbox 531 4651 552 4684; x_wconf 78' lang='grc' dir='ltr'><strong>ι</strong></span> <span class='ocrx_word' id='word_1_670' title='bbox 597 4648 710 4688; x_wconf 91' lang='lat' dir='ltr'><strong>non</strong></span> <span class='ocrx_word' id='word_1_671' title='bbox 743 4635 1082 4694; x_wconf 89' lang='lat' dir='ltr'><strong>dirimimus.</strong></span> <span class='ocrx_word' id='word_1_672' title='bbox 1115 4659 1133 4692; x_wconf 73' lang='grc' dir='ltr'><strong>ι</strong></span> <span class='ocrx_word' id='word_1_673' title='bbox 1170 4640 1305 4698; x_wconf 82' lang='lat' dir='ltr'><strong>Nam</strong></span> <span class='ocrx_word' id='word_1_674' title='bbox 1343 4644 1485 4703; x_wconf 89' lang='lat' dir='ltr'><strong>duas</strong></span> <span class='ocrx_word' id='word_1_675' title='bbox 1529 4664 1652 4707; x_wconf 87' lang='lat' dir='ltr'><strong>esse</strong></span> <span class='ocrx_word' id='word_1_676' title='bbox 1697 4653 1794 4721; x_wconf 90' lang='lat' dir='ltr'><strong>ait,</strong></span> <span class='ocrx_word' id='word_1_677' title='bbox 1831 4675 1850 4708; x_wconf 80' lang='grc' dir='ltr'><strong>ι</strong></span> <span class='ocrx_word' id='word_1_678' title='bbox 1890 4635 2089 4714; x_wconf 85' lang='lat' dir='ltr'><strong>Filium</strong></span> 
     </span>
    </p>
   </div>
   <div class='ocr_carea' id='block_1_94' title="bbox 524 4729 2089 4820">
    <p class='ocr_par' dir='ltr' id='par_1_94' title="bbox 524 4729 2089 4820">
     <span class='ocr_line' id='line_1_94' title="bbox 524 4729 2089 4820; baseline 0.02 -43"><span class='ocrx_word' id='word_1_679' title='bbox 524 4738 658 4778; x_wconf 90' lang='lat' dir='ltr'><strong>vero</strong></span> <span class='ocrx_word' id='word_1_680' title='bbox 691 4741 882 4791; x_wconf 90' lang='lat' dir='ltr'><strong>unum,</strong></span> <span class='ocrx_word' id='word_1_681' title='bbox 915 4729 1324 4803; x_wconf 85' lang='lat' dir='ltr'><strong>Christumque,</strong></span> <span class='ocrx_word' id='word_1_682' title='bbox 1357 4745 1412 4792; x_wconf 90' lang='lat' dir='ltr'><strong>et</strong></span> <span class='ocrx_word' id='word_1_683' title='bbox 1445 4737 1754 4798; x_wconf 87' lang='lat' dir='ltr'><strong>Dominum.</strong></span> <span class='ocrx_word' id='word_1_684' title='bbox 1793 4765 1811 4798; x_wconf 80' lang='grc' dir='ltr'><strong>ι</strong></span> <span class='ocrx_word' id='word_1_685' title='bbox 1839 4747 1905 4802; x_wconf 87' lang='grc' dir='ltr'>Ει</span> <span class='ocrx_word' id='word_1_686' title='bbox 1936 4761 2089 4820; x_wconf 87' lang='lat' dir='ltr'><strong>post-</strong></span> 
     </span>
    </p>
   </div>
   <div class='ocr_carea' id='block_1_95' title="bbox 525 4813 2085 4904">
    <p class='ocr_par' dir='ltr' id='par_1_95' title="bbox 525 4813 2085 4904">
     <span class='ocr_line' id='line_1_95' title="bbox 525 4813 2085 4904; baseline 0.022 -41"><span class='ocrx_word' id='word_1_687' title='bbox 525 4829 695 4883; x_wconf 86' lang='lat' dir='ltr'><strong>quam</strong></span> <span class='ocrx_word' id='word_1_688' title='bbox 725 4813 885 4879; x_wconf 75' lang='lat' dir='ltr'><strong>dixit,</strong></span> <span class='ocrx_word' id='word_1_689' title='bbox 925 4836 944 4869; x_wconf 85' lang='grc' dir='ltr'><strong>ι</strong></span> <span class='ocrx_word' id='word_1_690' title='bbox 981 4819 1181 4875; x_wconf 88' lang='lat' dir='ltr'><strong>Filium</strong></span> <span class='ocrx_word' id='word_1_691' title='bbox 1223 4841 1392 4880; x_wconf 91' lang='lat' dir='ltr'><strong>unum</strong></span> <span class='ocrx_word' id='word_1_692' title='bbox 1423 4834 1859 4904; x_wconf 85' lang='lat' dir='ltr'><strong>pronuntiamus,</strong></span> <span class='ocrx_word' id='word_1_693' title='bbox 1891 4857 1910 4890; x_wconf 80' lang='grc' dir='ltr'><strong>ι</strong></span> <span class='ocrx_word' id='word_1_694' title='bbox 1936 4813 2085 4896; x_wconf 75' lang='grc' dir='ltr'><strong>ἐυ-ι)-</strong></span> 
     </span>
    </p>
   </div>
   <div class='ocr_carea' id='block_1_96' title="bbox 521 4905 2094 4986">
    <p class='ocr_par' dir='ltr' id='par_1_96' title="bbox 521 4905 2094 4986">
     <span class='ocr_line' id='line_1_96' title="bbox 521 4905 2094 4986; baseline 0.017 -28"><span class='ocrx_word' id='word_1_695' title='bbox 521 4905 724 4974; x_wconf 77' lang='lat' dir='ltr'><strong>jungit,</strong></span> <span class='ocrx_word' id='word_1_696' title='bbox 756 4922 774 4954; x_wconf 84' lang='grc' dir='ltr'><strong>ι</strong></span> <span class='ocrx_word' id='word_1_697' title='bbox 803 4914 859 4960; x_wconf 89' lang='lat' dir='ltr'><strong>et</strong></span> <span class='ocrx_word' id='word_1_698' title='bbox 891 4917 1146 4964; x_wconf 86' lang='lat' dir='ltr'><strong>naturam</strong></span> <span class='ocrx_word' id='word_1_699' title='bbox 1169 4928 1334 4969; x_wconf 90' lang='lat' dir='ltr'><strong>unam</strong></span> <span class='ocrx_word' id='word_1_700' title='bbox 1364 4917 1526 4974; x_wconf 80' lang='lat' dir='ltr'><strong>Verbi</strong></span> <span class='ocrx_word' id='word_1_701' title='bbox 1549 4922 1910 4981; x_wconf 72' lang='lat' dir='ltr'><strong>incantatam.</strong></span> <span class='ocrx_word' id='word_1_702' title='bbox 1935 4945 1958 4981; x_wconf 73' lang='grc' dir='ltr'><strong>ι</strong></span> <span class='ocrx_word' id='word_1_703' title='bbox 1993 4929 2094 4986; x_wconf 89' lang='lat' dir='ltr'><strong>Ubi</strong></span> 
     </span>
    </p>
   </div>
   <div class='ocr_carea' id='block_1_97' title="bbox 526 5003 2094 5088">
    <p class='ocr_par' dir='ltr' id='par_1_97' title="bbox 526 5003 2094 5088">
     <span class='ocr_line' id='line_1_97' title="bbox 526 5003 2094 5088; baseline 0.017 -37"><span class='ocrx_word' id='word_1_704' title='bbox 526 5005 778 5052; x_wconf 78' lang='lat' dir='ltr'><strong>naturam</strong></span> <span class='ocrx_word' id='word_1_705' title='bbox 817 5009 978 5055; x_wconf 85' lang='lat' dir='ltr'><strong>vocat</strong></span> <span class='ocrx_word' id='word_1_706' title='bbox 1019 5003 1385 5071; x_wconf 85' lang='lat' dir='ltr'><strong>hypostasim.</strong></span> <span class='ocrx_word' id='word_1_707' title='bbox 1416 5008 1534 5064; x_wconf 78' lang='lat' dir='ltr'><strong>Non</strong></span> <span class='ocrx_word' id='word_1_708' title='bbox 1557 5013 1702 5068; x_wconf 89' lang='lat' dir='ltr'><strong>enim</strong></span> <span class='ocrx_word' id='word_1_709' title='bbox 1754 5024 1951 5072; x_wconf 88' lang='lat' dir='ltr'><strong>natura</strong></span> <span class='ocrx_word' id='word_1_710' title='bbox 1983 5032 2094 5088; x_wconf 78' lang='lat' dir='ltr'><strong>est,</strong></span> 
     </span>
    </p>
   </div>
   <div class='ocr_carea' id='block_1_98' title="bbox 524 5084 2094 5166">
    <p class='ocr_par' dir='ltr' id='par_1_98' title="bbox 524 5084 2094 5166">
     <span class='ocr_line' id='line_1_98' title="bbox 524 5084 2094 5166; baseline 0.017 -27"><span class='ocrx_word' id='word_1_711' title='bbox 524 5093 620 5139; x_wconf 88' lang='lat' dir='ltr'><strong>aut</strong></span> <span class='ocrx_word' id='word_1_712' title='bbox 647 5084 962 5142; x_wconf 85' lang='lat' dir='ltr'><strong>substantia</strong></span> <span class='ocrx_word' id='word_1_713' title='bbox 987 5089 1186 5156; x_wconf 83' lang='lat' dir='ltr'><strong>Filius,</strong></span> <span class='ocrx_word' id='word_1_714' title='bbox 1213 5094 1307 5147; x_wconf 91' lang='lat' dir='ltr'><strong>sed</strong></span> <span class='ocrx_word' id='word_1_715' title='bbox 1337 5095 1674 5164; x_wconf 81' lang='lat' dir='ltr'><strong>hypostasis.</strong></span> <span class='ocrx_word' id='word_1_716' title='bbox 1695 5099 1828 5154; x_wconf 84' lang='lat' dir='ltr'><strong>Nam</strong></span> <span class='ocrx_word' id='word_1_717' title='bbox 1861 5107 1908 5158; x_wconf 87' lang='lat' dir='ltr'><strong>si</strong></span> <span class='ocrx_word' id='word_1_718' title='bbox 1945 5084 2094 5166; x_wconf 75' lang='lat' dir='ltr'><strong>esset</strong></span> 
     </span>
    </p>
   </div>
   <div class='ocr_carea' id='block_1_99' title="bbox 524 5179 2089 5263">
    <p class='ocr_par' dir='ltr' id='par_1_99' title="bbox 524 5179 2089 5263">
     <span class='ocr_line' id='line_1_99' title="bbox 524 5179 2089 5263; baseline 0.017 -33"><span class='ocrx_word' id='word_1_719' title='bbox 524 5182 746 5242; x_wconf 80' lang='lat' dir='ltr'><strong>natura,</strong></span> <span class='ocrx_word' id='word_1_720' title='bbox 776 5189 900 5232; x_wconf 91' lang='lat' dir='ltr'><strong>cum</strong></span> <span class='ocrx_word' id='word_1_721' title='bbox 939 5179 1104 5236; x_wconf 87' lang='lat' dir='ltr'><strong>Pater</strong></span> <span class='ocrx_word' id='word_1_722' title='bbox 1131 5181 1306 5238; x_wconf 89' lang='lat' dir='ltr'><strong>Filius</strong></span> <span class='ocrx_word' id='word_1_723' title='bbox 1353 5200 1465 5239; x_wconf 91' lang='lat' dir='ltr'><strong>non</strong></span> <span class='ocrx_word' id='word_1_724' title='bbox 1503 5188 1597 5251; x_wconf 86' lang='lat' dir='ltr'><strong>sit,</strong></span> <span class='ocrx_word' id='word_1_725' title='bbox 1649 5189 1812 5246; x_wconf 83' lang='lat' dir='ltr'><strong>Pater</strong></span> <span class='ocrx_word' id='word_1_726' title='bbox 1840 5195 2089 5263; x_wconf 78' lang='lat' dir='ltr'><strong>ejsdem</strong></span> 
     </span>
    </p>
   </div>
   <div class='ocr_carea' id='block_1_100' title="bbox 574 5332 1730 5424">
    <p class='ocr_par' dir='ltr' id='par_1_100' title="bbox 574 5332 1730 5424">
     <span class='ocr_line' id='line_1_100' title="bbox 574 5332 1730 5424; baseline 0.02 -24"><span class='ocrx_word' id='word_1_727' title='bbox 574 5332 933 5411; x_wconf 75' lang='lat' dir='ltr'><strong>&quot;Anatbcm.</strong></span> <span class='ocrx_word' id='word_1_728' title='bbox 970 5359 1027 5411; x_wconf 78' lang='grc'><strong>4.</strong></span> <span class='ocrx_word' id='word_1_729' title='bbox 1099 5358 1144 5388; x_wconf 81' lang='grc'><strong>⁵⁷</strong></span> <span class='ocrx_word' id='word_1_730' title='bbox 1179 5356 1302 5414; x_wconf 88' lang='lat' dir='ltr'><strong>Lib.</strong></span> <span class='ocrx_word' id='word_1_731' title='bbox 1348 5377 1409 5416; x_wconf 86' lang='grc' dir='ltr'><strong>ιιι</strong></span> <span class='ocrx_word' id='word_1_732' title='bbox 1444 5363 1514 5418; x_wconf 86' lang='lat' dir='ltr'><strong>ad</strong></span> <span class='ocrx_word' id='word_1_733' title='bbox 1549 5365 1730 5424; x_wconf 83' lang='lat' dir='ltr'><strong>Herm.</strong></span> 
     </span>
    </p>
   </div>
   <div class='ocr_carea' id='block_1_101' title="bbox 2205 4460 3740 4541">
    <p class='ocr_par' dir='ltr' id='par_1_101' title="bbox 2205 4460 3740 4541">
     <span class='ocr_line' id='line_1_101' title="bbox 2205 4460 3740 4541; baseline -0.003 -18"><span class='ocrx_word' id='word_1_734' title='bbox 2205 4469 2352 4535; x_wconf 90' lang='grc' dir='ltr'>νοῦν,</span> <span class='ocrx_word' id='word_1_735' title='bbox 2384 4469 2479 4524; x_wconf 89' lang='grc' dir='ltr'><strong>τοῦ</strong></span> <span class='ocrx_word' id='word_1_736' title='bbox 2510 4471 2723 4540; x_wconf 82' lang='grc' dir='ltr'>Πατρὸς</span> <span class='ocrx_word' id='word_1_737' title='bbox 2751 4471 2849 4540; x_wconf 81' lang='grc' dir='ltr'><strong>τὴν</strong></span> <span class='ocrx_word' id='word_1_738' title='bbox 2874 4472 3106 4526; x_wconf 77' lang='grc' dir='ltr'>ἔννοιαν.</span> <span class='ocrx_word' id='word_1_739' title='bbox 3130 4472 3244 4525; x_wconf 74' lang='grc' dir='ltr'><strong>Οὐκ</strong></span> <span class='ocrx_word' id='word_1_740' title='bbox 3298 4466 3418 4524; x_wconf 76' lang='grc' dir='ltr'>εἶπε</span> <span class='ocrx_word' id='word_1_741' title='bbox 3447 4471 3574 4541; x_wconf 82' lang='grc' dir='ltr'>γὰρ,</span> <span class='ocrx_word' id='word_1_742' title='bbox 3611 4460 3740 4520; x_wconf 73' lang='grc' dir='ltr'>Μετὰ</span> 
     </span>
    </p>
   </div>
   <div class='ocr_carea' id='block_1_102' title="bbox 2207 4557 3737 4656">
    <p class='ocr_par' dir='ltr' id='par_1_102' title="bbox 2207 4557 3737 4656">
     <span class='ocr_line' id='line_1_102' title="bbox 2207 4557 3737 4656; baseline 0.001 -43"><span class='ocrx_word' id='word_1_743' title='bbox 2207 4561 2392 4632; x_wconf 83' lang='grc' dir='ltr'>μέντοι</span> <span class='ocrx_word' id='word_1_744' title='bbox 2444 4561 2546 4631; x_wconf 80' lang='grc' dir='ltr'>τὴν</span> <span class='ocrx_word' id='word_1_745' title='bbox 2603 4561 2818 4629; x_wconf 76' lang='grc' dir='ltr'>ἕνωσιν,</span> <span class='ocrx_word' id='word_1_746' title='bbox 2878 4563 2977 4633; x_wconf 81' lang='grc' dir='ltr'><strong>οὐχ</strong></span> <span class='ocrx_word' id='word_1_747' title='bbox 3013 4563 3383 4634; x_wconf 76' lang='grc' dir='ltr'>ὁμολογοῦμεν</span> <span class='ocrx_word' id='word_1_748' title='bbox 3425 4563 3524 4656; x_wconf 72' lang='grc' dir='ltr'>τὰς</span> <span class='ocrx_word' id='word_1_749' title='bbox 3556 4557 3737 4656; x_wconf 53' lang='grc' dir='ltr'>φύσξιςζ</span> 
     </span>
    </p>
   </div>
   <div class='ocr_carea' id='block_1_103' title="bbox 2202 4641 3737 4724">
    <p class='ocr_par' dir='ltr' id='par_1_103' title="bbox 2202 4641 3737 4724">
     <span class='ocr_line' id='line_1_103' title="bbox 2202 4641 3737 4724; baseline -0.007 -18"><span class='ocrx_word' id='word_1_750' title='bbox 2202 4653 2338 4717; x_wconf 77' lang='grc' dir='ltr'>ἀλλ’,</span> <span class='ocrx_word' id='word_1_751' title='bbox 2379 4669 2400 4705; x_wconf 81' lang='grc' dir='ltr'><strong>ι</strong></span> <span class='ocrx_word' id='word_1_752' title='bbox 2431 4653 2506 4706; x_wconf 84' lang='grc' dir='ltr'><strong>Οὐ</strong></span> <span class='ocrx_word' id='word_1_753' title='bbox 2547 4651 2883 4723; x_wconf 60' lang='grc' dir='ltr'>διαιροῦμεν</span> <span class='ocrx_word' id='word_1_754' title='bbox 2913 4672 2935 4706; x_wconf 71' lang='grc' dir='ltr'><strong>ι</strong></span> <span class='ocrx_word' id='word_1_755' title='bbox 2978 4653 3084 4706; x_wconf 83' lang='grc' dir='ltr'><strong>Δύο</strong></span> <span class='ocrx_word' id='word_1_756' title='bbox 3111 4653 3221 4724; x_wconf 84' lang='grc' dir='ltr'>γὰρ</span> <span class='ocrx_word' id='word_1_757' title='bbox 3259 4655 3360 4719; x_wconf 84' lang='grc' dir='ltr'><strong>τὰς</strong></span> <span class='ocrx_word' id='word_1_758' title='bbox 3396 4653 3583 4722; x_wconf 84' lang='grc' dir='ltr'>φύσεις</span> <span class='ocrx_word' id='word_1_759' title='bbox 3620 4641 3737 4708; x_wconf 74' lang='grc' dir='ltr'>εἷναί</span> 
     </span>
    </p>
   </div>
   <div class='ocr_carea' id='block_1_104' title="bbox 2204 4743 3729 4815">
    <p class='ocr_par' dir='ltr' id='par_1_104' title="bbox 2204 4743 3729 4815">
     <span class='ocr_line' id='line_1_104' title="bbox 2204 4743 3729 4815; baseline -0.008 -18"><span class='ocrx_word' id='word_1_760' title='bbox 2204 4760 2391 4815; x_wconf 82' lang='grc' dir='ltr'>φησιν,</span> <span class='ocrx_word' id='word_1_761' title='bbox 2421 4763 2440 4795; x_wconf 79' lang='grc' dir='ltr'><strong>ι</strong></span> <span class='ocrx_word' id='word_1_762' title='bbox 2471 4744 2607 4798; x_wconf 81' lang='grc' dir='ltr'>Ἕνα</span> <span class='ocrx_word' id='word_1_763' title='bbox 2633 4745 2690 4797; x_wconf 75' lang='grc' dir='ltr'>δὲ</span> <span class='ocrx_word' id='word_1_764' title='bbox 2733 4744 2884 4811; x_wconf 83' lang='grc' dir='ltr'>Υῑὸν,</span> <span class='ocrx_word' id='word_1_765' title='bbox 2918 4746 3013 4797; x_wconf 70' lang='grc' dir='ltr'>καὶ</span> <span class='ocrx_word' id='word_1_766' title='bbox 3043 4743 3302 4815; x_wconf 69' lang='grc' dir='ltr'>Χριστὸν,</span> <span class='ocrx_word' id='word_1_767' title='bbox 3342 4747 3437 4799; x_wconf 72' lang='grc' dir='ltr'><strong>καὶ</strong></span> <span class='ocrx_word' id='word_1_768' title='bbox 3475 4743 3688 4812; x_wconf 85' lang='grc' dir='ltr'>Κύριον·</span> <span class='ocrx_word' id='word_1_769' title='bbox 3714 4752 3729 4785; x_wconf 89' lang='grc' dir='ltr'><strong>ι</strong></span> 
     </span>
    </p>
   </div>
   <div class='ocr_carea' id='block_1_105' title="bbox 2203 4827 3734 4909">
    <p class='ocr_par' dir='ltr' id='par_1_105' title="bbox 2203 4827 3734 4909">
     <span class='ocr_line' id='line_1_105' title="bbox 2203 4827 3734 4909; baseline -0.005 -22"><span class='ocrx_word' id='word_1_770' title='bbox 2203 4835 2295 4888; x_wconf 73' lang='grc' dir='ltr'><strong>καὶ</strong></span> <span class='ocrx_word' id='word_1_771' title='bbox 2353 4835 2544 4902; x_wconf 86' lang='grc' dir='ltr'>εἰπὼν,</span> <span class='ocrx_word' id='word_1_772' title='bbox 2606 4855 2626 4889; x_wconf 77' lang='grc' dir='ltr'><strong>ι</strong></span> <span class='ocrx_word' id='word_1_773' title='bbox 2669 4836 2764 4891; x_wconf 77' lang='grc' dir='ltr'>ἕνα</span> <span class='ocrx_word' id='word_1_774' title='bbox 2811 4837 2994 4906; x_wconf 73' lang='grc' dir='ltr'>φαμὲν</span> <span class='ocrx_word' id='word_1_775' title='bbox 3039 4837 3197 4904; x_wconf 77' lang='grc' dir='ltr'>Υἱδν,</span> <span class='ocrx_word' id='word_1_776' title='bbox 3237 4856 3257 4889; x_wconf 71' lang='grc' dir='ltr'><strong>ι</strong></span> <span class='ocrx_word' id='word_1_777' title='bbox 3303 4838 3576 4909; x_wconf 79' lang='grc' dir='ltr'>ἐπήγαγε,</span> <span class='ocrx_word' id='word_1_778' title='bbox 3608 4851 3625 4882; x_wconf 80' lang='grc' dir='ltr'><strong>ι</strong></span> <span class='ocrx_word' id='word_1_779' title='bbox 3660 4827 3734 4882; x_wconf 72' lang='grc' dir='ltr'><strong>καὶ</strong></span> 
     </span>
    </p>
   </div>
   <div class='ocr_carea' id='block_1_106' title="bbox 2198 4921 3732 5027">
    <p class='ocr_par' dir='ltr' id='par_1_106' title="bbox 2198 4921 3732 5027">
     <span class='ocr_line' id='line_1_106' title="bbox 2198 4921 3732 5027; baseline -0.008 -46"><span class='ocrx_word' id='word_1_780' title='bbox 2198 4927 2328 4996; x_wconf 82' lang='grc' dir='ltr'>μίαν</span> <span class='ocrx_word' id='word_1_781' title='bbox 2376 4927 2540 4995; x_wconf 82' lang='grc' dir='ltr'>φύσιν</span> <span class='ocrx_word' id='word_1_782' title='bbox 2601 4927 2696 4980; x_wconf 87' lang='grc' dir='ltr'><strong>τοῦ</strong></span> <span class='ocrx_word' id='word_1_783' title='bbox 2743 4927 2915 4996; x_wconf 85' lang='grc' dir='ltr'>Λόγου</span> <span class='ocrx_word' id='word_1_784' title='bbox 2979 4929 3442 5000; x_wconf 81' lang='grc' dir='ltr'>σεσαρκωμένην,</span> <span class='ocrx_word' id='word_1_785' title='bbox 3476 4947 3520 5027; x_wconf 36' lang='grc' dir='ltr'><strong>ι»</strong></span> <span class='ocrx_word' id='word_1_786' title='bbox 3572 4921 3732 5027; x_wconf 47' lang='grc' dir='ltr'><strong>ςιςιξσνιι⁴</strong></span> 
     </span>
    </p>
   </div>
   <div class='ocr_carea' id='block_1_107' title="bbox 2193 5016 3730 5117">
    <p class='ocr_par' dir='ltr' id='par_1_107' title="bbox 2193 5016 3730 5117">
     <span class='ocr_line' id='line_1_107' title="bbox 2193 5016 3730 5117; baseline -0.002 -46"><span class='ocrx_word' id='word_1_787' title='bbox 2193 5016 2432 5073; x_wconf 69' lang='grc' dir='ltr'>ἐνταῦθα</span> <span class='ocrx_word' id='word_1_788' title='bbox 2473 5017 2574 5089; x_wconf 79' lang='grc' dir='ltr'><strong>τὴν</strong></span> <span class='ocrx_word' id='word_1_789' title='bbox 2618 5018 2912 5072; x_wconf 83' lang='grc' dir='ltr'>ὑπόστασιν</span> <span class='ocrx_word' id='word_1_790' title='bbox 2969 5019 3263 5090; x_wconf 81' lang='grc' dir='ltr'>ὀνομάσας.</span> <span class='ocrx_word' id='word_1_791' title='bbox 3305 5016 3730 5117; x_wconf 40' lang='grc' dir='ltr'><strong>Οὺ-γὰρ-φύσξν</strong></span> 
     </span>
    </p>
   </div>
   <div class='ocr_carea' id='block_1_108' title="bbox 2193 5110 3728 5204">
    <p class='ocr_par' dir='ltr' id='par_1_108' title="bbox 2193 5110 3728 5204">
     <span class='ocr_line' id='line_1_108' title="bbox 2193 5110 3728 5204; baseline -0.008 -40"><span class='ocrx_word' id='word_1_792' title='bbox 2193 5110 2311 5180; x_wconf 72' lang='grc' dir='ltr'>ἤτοι</span> <span class='ocrx_word' id='word_1_793' title='bbox 2355 5111 2535 5176; x_wconf 84' lang='grc' dir='ltr'>οὐσία,</span> <span class='ocrx_word' id='word_1_794' title='bbox 2564 5112 2594 5162; x_wconf 82' lang='grc' dir='ltr'><strong>δ</strong></span> <span class='ocrx_word' id='word_1_795' title='bbox 2650 5111 2797 5176; x_wconf 74' lang='grc' dir='ltr'>Υἱὸς,</span> <span class='ocrx_word' id='word_1_796' title='bbox 2842 5111 2959 5164; x_wconf 82' lang='grc' dir='ltr'>ἀλλ’</span> <span class='ocrx_word' id='word_1_797' title='bbox 3007 5111 3326 5176; x_wconf 81' lang='grc' dir='ltr'>ὑπόστασις.</span> <span class='ocrx_word' id='word_1_798' title='bbox 3386 5111 3450 5166; x_wconf 76' lang='grc' dir='ltr'><strong>ΕΞ</strong></span> <span class='ocrx_word' id='word_1_799' title='bbox 3501 5110 3611 5204; x_wconf 64' lang='grc' dir='ltr'><strong>γὰρΔ</strong></span> <span class='ocrx_word' id='word_1_800' title='bbox 3645 5110 3728 5204; x_wconf 53' lang='grc' dir='ltr'>φῦ-</span> 
     </span>
    </p>
   </div>
   <div class='ocr_carea' id='block_1_109' title="bbox 2195 5200 3730 5277">
    <p class='ocr_par' dir='ltr' id='par_1_109' title="bbox 2195 5200 3730 5277">
     <span class='ocr_line' id='line_1_109' title="bbox 2195 5200 3730 5277; baseline -0.002 -23"><span class='ocrx_word' id='word_1_801' title='bbox 2195 5217 2280 5264; x_wconf 89' lang='grc' dir='ltr'><strong>σις</strong></span> <span class='ocrx_word' id='word_1_802' title='bbox 2321 5204 2355 5254; x_wconf 85' lang='grc' dir='ltr'><strong>ό</strong></span> <span class='ocrx_word' id='word_1_803' title='bbox 2411 5202 2578 5269; x_wconf 75' lang='grc' dir='ltr'>Υἱὸς,</span> <span class='ocrx_word' id='word_1_804' title='bbox 2631 5203 2731 5254; x_wconf 78' lang='grc' dir='ltr'><strong>οὐκ</strong></span> <span class='ocrx_word' id='word_1_805' title='bbox 2783 5201 2897 5256; x_wconf 73' lang='grc' dir='ltr'>ἔστι</span> <span class='ocrx_word' id='word_1_806' title='bbox 2943 5203 3000 5258; x_wconf 71' lang='grc' dir='ltr'>δὲ</span> <span class='ocrx_word' id='word_1_807' title='bbox 3048 5205 3078 5257; x_wconf 88' lang='grc' dir='ltr'><strong>ό</strong></span> <span class='ocrx_word' id='word_1_808' title='bbox 3131 5205 3324 5277; x_wconf 79' lang='grc' dir='ltr'>Πατὴρ</span> <span class='ocrx_word' id='word_1_809' title='bbox 3364 5206 3527 5269; x_wconf 74' lang='grc' dir='ltr'>Υιδς,</span> <span class='ocrx_word' id='word_1_810' title='bbox 3563 5200 3730 5253; x_wconf 79' lang='grc' dir='ltr'>οὐκοῦν</span> 
     </span>
    </p>
   </div>
   <div class='ocr_carea' id='block_1_110' title="bbox 1827 5521 2494 5584">
    <p class='ocr_par' dir='ltr' id='par_1_110' title="bbox 1827 5521 2494 5584">
     <span class='ocr_line' id='line_1_110' title="bbox 1827 5521 2494 5584; baseline 0.013 -9"><span class='ocrx_word' id='word_1_811' title='bbox 1827 5521 2057 5578; x_wconf 57' lang='grc' dir='ltr'>γειιιιαι]</span> <span class='ocrx_word' id='word_1_812' title='bbox 2097 5523 2494 5584; x_wconf 77' lang='lat' dir='ltr'><strong>LECTIONES.</strong></span> 
     </span>
    </p>
   </div>
   <div class='ocr_carea' id='block_1_111' title="bbox 602 5597 1217 5670">
    <p class='ocr_par' dir='ltr' id='par_1_111' title="bbox 602 5597 1217 5670">
     <span class='ocr_line' id='line_1_111' title="bbox 602 5597 1217 5670; baseline 0.031 -19"><span class='ocrx_word' id='word_1_813' title='bbox 602 5597 630 5640; x_wconf 77' lang='lat' dir='ltr'><strong>h</strong></span> <span class='ocrx_word' id='word_1_814' title='bbox 666 5599 828 5661; x_wconf 85' lang='lat' dir='ltr'><strong>Deest</strong></span> <span class='ocrx_word' id='word_1_815' title='bbox 859 5609 914 5663; x_wconf 82' lang='grc' dir='ltr'>ὲν</span> <span class='ocrx_word' id='word_1_816' title='bbox 944 5613 997 5668; x_wconf 89' lang='lat' dir='ltr'><strong>in</strong></span> <span class='ocrx_word' id='word_1_817' title='bbox 1037 5614 1217 5670; x_wconf 86' lang='lat' dir='ltr'><strong>editis.</strong></span> 
     </span>
    </p>
   </div>
  </div>
