3980 6140
202 226 378 298 1501
1544 236 1844 298 CONTRA
1882 234 2301 296 JACOBITAS.
3002 286 3004 288 ,
3401 230 3540 296 1502

202 345 342 400 οὐδ’
400 344 482 401 ἂν
510 346 622 420 ,εἴη
671 349 700 401 ὀ
732 346 921 418 Πατὴρ
962 345 1062 416 τῆς
1112 343 1286 416 αὐτῆς
1329 345 1543 416 φύσεως
1587 345 1666 418 τῷ
1703 345 1822 418 Υἰῷ

1965 362 2032 400 ac
2066 345 2238 400 Filius
2271 349 2482 398 naturae
2516 356 2624 399 non
2657 340 2818 399 foret.
2853 343 3108 398 Attamen
3137 348 3391 397 naturam
3413 356 3528 396 car-

205 435 394 506 ὂμως
433 439 548 493 καὶ
609 441 706 508 τῆς
744 438 946 509 σαρκὸς
975 434 1312 492 ἐνδείκνυται
1338 437 1439 508 τὴν
1482 438 1681 507 φύσιν,
1722 438 1838 508 πρὸς

1959 437 2049 492 nis
2095 437 2321 501 indicat,
2360 450 2485 490 cum
2517 433 2587 488 ad
2637 433 2890 490 eumdem
2939 432 3276 489 Succensum
3316 421 3535 491 scribit.

201 526 319 580 τὸν
357 528 562 582 αὐτὸν
589 529 893 584 Σούκενσον
918 527 1176 598 γράφων·
1210 529 1348 582 ὥστε
1375 528 1424 580 εἰ
1453 529 1548 580 καὶ
1576 527 1838 598 καθ’ύμᾶι

1959 526 2330 594 Quamobrem
2380 525 2484 582 etsi
2546 525 2944 588 substantiam,
2997 523 3388 586 essentiamve,
3442 521 3536 576 hic

199 619 440 673 οὐσίαν
473 619 733 676 ἐνταῦθα
760 622 859 691 τὴν
891 621 1052 690 φύσιν
1084 621 1271 690 φησὶν,
1299 619 1602 689 εἰσκομίζει
1636 621 1732 674 καλ.
1760 620 1838 692 τὴπ

1957 626 2215 673 naturam
2269 616 2501 687 perinde
2528 631 2593 670 ac
2627 631 2724 672 vos
2777 615 3042 687 appellat,
3095 613 3314 668 inducit
3362 612 3531 667 etiam

199 711 326 779 τῆς
364 713 616 783 σαρκὸς
646 713 808 782 φύσιν
849 713 938 767 διὰ
967 711 1063 766 τοῦ
1102 715 1311 779 εἰπεῖν,
1365 712 1835 782 σεσαρκωμένην

1959 717 2215 764 naturam
2245 707 2453 774 carnis,
2483 722 2608 763 cum
2644 709 2745 775 ait,
2791 708 3150 761 incarnatam.
3201 704 3282 759 lta
3331 703 3535 774 quippe

200 801 466 873 Γράφει
508 805 655 873 γοῦν
685 802 882 866 οὕτως’

1957 804 2181 861 scribit:

254 894 395 946 Τοῦ
435 896 675 960 αὑτοῦ,
700 896 768 949 ἐκ
810 893 921 962 τῆς
962 894 1113 962 πρὸς
1162 894 1511 948 Σούκενσον
1536 893 1820 960 δευτέρας

890 963 1239 1018 ἐπιστολῆο.

2064 894 2336 964 Ejusdem,
2358 907 2423 947 ea:
2461 891 2691 946 secunda
2719 890 2786 944 ad
2816 891 3136 946 Succensum
3167 889 3415 958 epistola.

923 977 1239 1032 πιστολης.

2031 1075 2050 1110 ι
2091 1056 2149 1111 Si
2183 1056 2332 1112 enim
2358 1070 2519 1108 unam
2564 1052 2721 1108 Verbi
2753 1062 3004 1107 naturam
3063 1051 3320 1116 dicendo,
3353 1053 3532 1106 conti-

1954 1151 2290 1212 cuissemus,
2320 1161 2422 1202 nec
2448 1146 2960 1215 subjunxissemus,
2988 1145 3343 1209 incarnatam,
3381 1145 3530 1200 velut

1954 1241 2179 1296 exclusa
2205 1238 2607 1294 incarnationis
2631 1235 3071 1307 dispensatione,
3098 1242 3246 1290 esset
3275 1235 3530 1291 fortassis

1953 1349 2143 1390 eorum
2179 1347 2288 1387 non
2321 1331 2542 1401 ineptus
2584 1343 2790 1394 sermo,
2827 1342 2953 1383 cum
2994 1341 3190 1398 rogare
3220 1326 3525 1382 simulant:

1953 1426 2000 1481 si
2031 1440 2138 1479 una
2170 1433 2367 1478 natura
2394 1429 2569 1477 totum
2598 1428 2703 1485 est,
2739 1420 2964 1474 ubinam
2986 1419 3078 1472 illa
3108 1419 3162 1473 in
3189 1417 3531 1473 humanitate

297 1073 322 1106 ς
371 1054 455 1109 Εἰ
506 1057 620 1127 μὲν
652 1054 763 1125 γὰρ
788 1060 940 1125 μίαν
966 1057 1240 1120 εἰπόντες
1280 1053 1388 1109 τοῦ
1409 1054 1604 1124 Λόγου
1641 1054 1852 1122 φύσιν,

203 1147 677 1217 σεσιγήκαμεν,
706 1148 807 1200 οὐκ
834 1147 1226 1216 ἐπενεγκόντες
1257 1147 1338 1210 τὸ,
1361 1147 1852 1215 σεσαρκωμένην,

202 1235 349 1290 ἀλλ’
392 1232 534 1290 οἷον
589 1237 694 1303 ἔξω
730 1238 974 1302 τιθέντες
1017 1237 1116 1310 τὴν
1165 1237 1516 1306 οἰκονομίαν,
1571 1232 1640 1306 ἦν
1670 1236 1855 1300 αὐτοῖς

200 1326 381 1397 τάχα
446 1343 578 1380 που
632 1327 729 1381 καὶ
780 1327 1043 1390 ἀπίθανος
1081 1329 1108 1381 ὁ
1154 1326 1311 1395 λόγος
1365 1325 1854 1396 προσποιουμένοις

205 1415 498 1488 ἐρωτᾷν,
547 1419 601 1471 εἰ
636 1417 734 1487 μία
781 1416 945 1487 φύσις
996 1417 1057 1472 τὸ
1089 1417 1228 1484 ὅλον,
1283 1415 1387 1470 ποῦ
1441 1415 1502 1470 τὸ
1546 1416 1750 1469 τέλειον
1796 1415 1853 1468 ὲν

204 1508 684 1580 ἀνθρωπότητι,
715 1509 748 1580 ἢ
781 1507 900 1574 πῶς
928 1508 1235 1580 ὑφέστηκεν
1262 1511 1297 1578 ἡ
1329 1508 1452 1562 καθ’
1481 1509 1630 1578 ἡμᾶς
1657 1505 1838 1560 οὐσίαι

1952 1514 2219 1585 perfectio
2253 1515 2346 1578 sit,
2382 1519 2478 1568 aut
2507 1528 2616 1583 quo
2658 1522 2820 1583 pacto
2852 1516 3049 1564 natura
3102 1519 3297 1564 nostra
3345 1508 3530 1562 consi-

209 1602 448 1674 ἐπειδὴ
485 1603 550 1657 δὲ
587 1605 743 1675 καὶὴ
778 1605 838 1657 ὲν
882 1604 1264 1675 ἀνθρωπότητι
1288 1602 1584 1672 τελειότης.
1630 1601 1838 1669 καὶτῆς

1954 1604 2107 1661 stat?
2135 1604 2397 1673 quoniam
2433 1617 2564 1657 vero
2593 1597 3380 1669 incarnatampronuntiando,
3406 1597 3527 1666 ipsa

211 1692 362 1746 καθ’
391 1695 570 1764 ἡμᾶς
602 1693 792 1758 οὐσίας
821 1697 854 1764 ἡ
897 1695 1130 1765 δήλωσις
1167 1694 1580 1764 είσκεκόμισται
1629 1692 1718 1746 διὰ
1753 1692 1838 1745 τοῦ

1953 1711 2172 1769 quoque
2203 1695 2471 1766 perfectio
2501 1692 2686 1765 quoad
2731 1692 3152 1753 humanitatem,
3187 1697 3242 1745 et
3274 1689 3528 1744 essentia:

215 1784 434 1837 εἰπεῖν
461 1825 480 1848 ,
537 1787 1047 1854 σεσαρκωμένην,
1097 1785 1502 1840 παυσάσθωσαν
1544 1782 1838 1854 καλαμίνην

1949 1799 2152 1844 nostrae
2184 1787 2480 1842 declaratio
2542 1786 2712 1839 allata
2768 1791 2874 1847 est.
2940 1781 3101 1838 inniti
3127 1779 3239 1852 jam
3270 1779 3528 1836 desinant

218 1876 458 1946 ῥάϐδον
493 1879 712 1941 ἑαυτοῖς
742 1879 1170 1949 ὑποστήσαντες.
1200 1897 1220 1930 ι

1949 1879 2147 1936 baculo
2179 1879 2506 1933 aruudineo.
2548 1898 2568 1932 ι
3440 1865 3453 1876 ’

309 1969 625 2036 Σχόλιον.
664 1968 954 2022 Παύσασθε
994 1968 1305 2039 τοιγαροῦν,
1337 1959 1383 2021 ὦ
1413 1959 1578 2030 οὗτοι,
1615 1965 1838 2036 καλαμί-

2019 1970 2289 2028 Scholium
2319 1987 2339 2026 :
2380 1969 2627 2024 Desinite
2688 1977 2876 2037 Itaque
2928 1976 2983 2020 et
3040 1979 3142 2020 vos
3192 1963 3390 2020 baculo
3422 1962 3525 2018 niti

219 2076 343 2130 νην
392 2059 607 2130 ῥάϐδον
658 2061 872 2124 ἑαυτοῖς
921 2060 1360 2130 ὑποστήσαντες,
1419 2057 1499 2129 τῷ
1544 2057 1838 2128 διδασκάλῳ

1949 2064 2290 2132 arundineo,
2339 2077 2552 2118 morem
2595 2068 2854 2131 gerentes
2906 2057 3145 2113 doctori.
3194 2056 3336 2111 Ecce
3375 2055 3524 2110 enim

227 2150 608 2220 πειθόμενοι.
653 2149 748 2204 ’ἰδὲ
779 2152 891 2223 γὰρ
922 2153 1108 2220 σαφῶς
1143 2151 1332 2221 εἴρηκε
1358 2148 1448 2202 διὰ
1469 2148 1584 2212 τοῦ,
1619 2162 1842 2216 σεσαρ-

229 2240 568 2310 κωμένην,
604 2243 778 2294 εἰπεῖν
816 2243 915 2312 τὴν
962 2242 1020 2294 ὲν
1067 2239 1446 2309 ἀνθρωπότητι
1510 2236 1842 2306 τελειότητα,

233 2333 348 2387 καὶ
388 2330 506 2401 τῆς
548 2329 670 2385 καθ’
717 2333 866 2402 ἡμᾶς
897 2331 1086 2396 οὐσίας
1131 2331 1229 2402 τὴν
1259 2329 1488 2400 δήλωσιν
1535 2326 1845 2397 εἰσκεκομί-

237 2423 406 2486 σθαι,
445 2423 547 2477 καὶ
578 2423 654 2488 ὡς
705 2425 766 2477 ού
798 2423 898 2495 μία
935 2423 1098 2493 φύσις
1135 2423 1196 2476 τὸ
1225 2421 1344 2477 ὅλον
1379 2422 1554 2476 ἐστίν·
1599 2421 1649 2473 εἰ
1696 2419 1841 2472 δὲού

243 2516 384 2586 μία,
415 2515 588 2569 παντί
618 2533 723 2568 που
755 2515 934 2584 δῆλον,
963 2514 1038 2578 ὡς
1063 2512 1178 2567 δύο.

245 2607 375 2664 Τοῦ
419 2606 598 2670 ἁγίου
649 2607 931 2660 Ἰωάννου
979 2606 1087 2659 τοῦ
1121 2605 1580 2673 Χρυσοστόμου,
1615 2603 1685 2657 ἐκ
1733 2599 1840 2655 τοῦ

620 2679 707 2742 εἰς
737 2677 844 2729 τὸν
879 2674 1144 2744 Λάζαρον
1164 2671 1364 2743 ήλόγου
1388 2671 1485 2742 (9).

332 2785 355 2819 ι
387 2765 733 2836 Κασσίτερος
774 2764 1027 2834 μολίϐδου
1065 2767 1162 2816 καὶ
1190 2763 1433 2833 ἀργύρου
1469 2762 1713 2831 μετέχει·
1743 2761 1843 2831 ἀρ-

245 2857 435 2928 γύρου
479 2856 580 2928 τὴν
635 2855 783 2926 ὄψιν,
825 2855 1076 2927 μολίϐδου
1115 2855 1214 2924 τὴν
1253 2853 1450 2922 φύσιν·
1490 2851 1653 2916 οὕτω,
1685 2851 1776 2904 καὶ
1810 2852 1848 2904 ὁ

248 2947 502 3020 Χριστὸς
530 2948 664 3012 Θεὸς
698 2947 773 3001 ὢν
807 2947 902 3000 καὶ
944 2945 1251 3016 ἄνθρωπος,
1288 2943 1385 3006 τὰς
1432 2941 1525 2995 δύο
1557 2941 1748 3012 φύσεις
1780 2943 1840 2994 ὲν

1947 2156 2256 2212 luculenter
2288 2154 2389 2220 ait,
2432 2155 2769 2208 incarnatum
2803 2147 3217 2220 pronuntiando
3238 2188 3256 2214 ,
3315 2145 3526 2216 signiﬁ-

1945 2247 2062 2302 cari
2093 2246 2488 2318 perfectionem
2523 2244 2708 2315 quoad
2739 2243 3156 2304 humanitatem,
3179 2253 3525 2310 expressam-

1944 2353 2052 2409 que
2108 2337 2435 2392 substantiae
2487 2342 2695 2389 nostrae
2741 2333 3214 2397 declarationem;
3265 2330 3378 2385 imo
3410 2343 3524 2384 non

1944 2442 2110 2482 unam
2141 2436 2397 2481 naturam
2434 2433 2609 2480 totum
2657 2439 2801 2482 esse.
2855 2421 2914 2477 Si
2970 2434 3156 2477 autem
3213 2437 3327 2478 non
3379 2435 3520 2489 una,

1941 2516 2147 2572 nemini
2179 2531 2287 2570 non
2326 2517 2678 2585 perspicuum
2710 2520 2796 2568 est
2825 2513 2964 2568 duas
2991 2527 3136 2567 esse.

1941 2603 2130 2663 Sancti
2147 2603 2378 2659 Joannis
2400 2604 2790 2675 Chrysostomi,
2817 2618 2881 2657 ea;
2899 2618 3134 2657 sermone
3155 2601 3208 2654 in
3225 2598 3516 2653 Lazarum.

2019 2773 2039 2808 ι
2083 2754 2355 2810 Stann-um
2384 2755 2595 2826 plumbi
2625 2763 2680 2810 et
2723 2753 2936 2825 argenti
2967 2743 3246 2822 particeps
3276 2757 3385 2815 est,
3429 2766 3522 2806 ar-

1941 2846 2090 2916 genti
2115 2846 2336 2916 quidem
2364 2847 2547 2915 quoad
2577 2856 2888 2916 aspectum,
2910 2846 3119 2917 plumbi
3141 2859 3275 2900 vero
3297 2853 3518 2900 natura.

1941 2935 2035 2992 Sic
2061 2936 2321 2993 Christus
2345 2935 2491 2992 Deus
2516 2946 2570 2992 et
2595 2937 2758 2992 homo
2787 2952 2912 2992 cum
2946 2938 3039 3001 sit,
3064 2936 3204 2992 duas
3238 2937 3294 2992 in
3337 2937 3519 3007 seipse

158 3059 164 3064 -
250 3006 446 3106 ἑαυτῷ
477 3006 753 3100 αποσιθςει
803 3035 934 3108 [τὰς
973 3006 1371 3104 φύσειςλοῦτω
1431 3031 1525 3084 καὶ
1568 3006 1730 3095 αὐτὸς
1780 3030 1838 3083 ὲν

1949 3035 2176 3083 naturas
2210 3035 2527 3082 conservat.
2577 3025 2672 3082 Sic
2720 3035 2776 3084 et
2815 3029 2933 3099 ipse
2982 3030 3040 3085 in
3075 3030 3212 3101 ipsis
3259 3036 3367 3098 est,
3417 3006 3520 3084 nec

252 3125 459 3188 αὐταῖς
480 3127 651 3194 ἐστιν,
675 3126 774 3196 οὐχ
803 3125 1063 3196 ὑπάρχων
1093 3123 1280 3194 ἕτερον
1309 3121 1439 3193 παρ’
1468 3121 1659 3183 αὑτάς.

1946 3117 2097 3173 aliud
2130 3127 2333 3190 praeter
2358 3119 2504 3190 ipsas
2532 3120 2774 3178 exsistit.

326 3213 497 3287 427
533 3216 805 3270 Scholium
829 3214 944 3286 (l0)
981 3212 1264 3270 :Necesse
1304 3227 1414 3267 non
1447 3219 1532 3267 est
1565 3217 1626 3264 ut
1653 3207 1962 3279 exemplum
1992 3209 2148 3264 omni
2189 3217 2347 3280 parte
2415 3210 2832 3267 similitudinem
2896 3210 3100 3268 referat
3168 3211 3319 3268 illius
3389 3224 3515 3267 cum

253 3325 378 3381 quo
415 3307 793 3378 componitur.
827 3305 1104 3361 Stannum
1139 3317 1274 3360 esse
1294 3301 1516 3373 quidem
1546 3305 1835 3372 argentum
1873 3297 2119 3367 videtur,
2195 3298 2292 3356 sed
2339 3315 2452 3354 non
2525 3308 2610 3356 est
2648 3320 2661 3356 :
2706 3301 2962 3358 Christus
3007 3310 3192 3358 autem
3247 3317 3378 3360 vere
3427 3313 3515 3362 est

255 3403 452 3461 homo.

259 3497 379 3556 Τοῦ
413 3495 618 3563 αὐτοῦ,
640 3495 709 3550 ἐκ
729 3497 839 3564 τῆς
872 3494 1021 3619 irpr
1042 3492 1366 3618 thgdptor
1385 3490 1492 3546 τὸν
1510 3488 1840 3562 μονάζοντα

908 3578 1088 3618 πιστο
1132 3583 1228 3619 nc.

908 3578 1228 3633 πιστολης.

337 3675 358 3710 ι
388 3654 548 3712 Οὕτω
587 3655 865 3710 κάνταῦθα
889 3655 994 3725 τῆς
1023 3655 1176 3718 θείας
1204 3651 1354 3724 αύτῷ
1387 3651 1602 3722 φύσεως
1631 3651 1838 3720 ἐνιδρυ-

259 3748 462 3820 σάσης,
490 3747 587 3802 ἕνα
616 3747 768 3812 Υίδν,
796 3746 853 3800 ἓν
877 3746 1189 3818 πρόσωπον,
1211 3744 1275 3798 τὸ
1302 3743 1711 3814 συναμφότερον
1732 3742 1838 3794 ἁπ-

256 3841 499 3905 ετέλεσε,
527 3838 932 3912 γνωριζόμενον
978 3839 1166 3908 μέντοι
1213 3835 1504 3905 ἀδιαιρέτῳ
1538 3835 1635 3888 καὶ
1669 3835 1838 3903 ἀσυγ-

257 3933 410 4004 χύτῳ
433 3931 609 4001 λόγῳο
640 3931 741 3983 οὐκ
770 3932 828 3984 ὲν
862 3931 962 3999 μιᾷ
1006 3929 1144 4000 μόνῃ
1170 3930 1237 3998 τῇ
1265 3927 1448 3995 φύσει,
1472 3925 1589 3978 ἀλλ’
1617 3927 1675 3979 ὲν
1715 3925 1838 3978 δυσὶ

257 4021 518 4086 τελείαις.
537 4021 661 4074 Ἐπὶ
693 4019 802 4091 γὰρ
832 4022 983 4089 μιᾶς,
1020 4018 1125 4072 ποῦ
1154 4019 1214 4071 τὸ
1251 4019 1595 4087 ἀσύγχυτονς
1641 4016 1746 4070 ποῦ
1776 4017 1837 4070 τὸ

259 4113 607 4184 ἀδιαίρετον;
643 4110 748 4164 ποῦ
783 4113 816 4180 ὴ
845 4109 1038 4173 ἓνωσις
1063 4107 1277 4180 λεχθείη
1304 4123 1318 4138 ·
1349 4108 1516 4178 ἑαυτῇ
1545 4107 1654 4177 γὰρ
1688 4107 1840 4161 ἑνοῦ-

261 4205 386 4260 σθαι
434 4203 468 4274 ῆ
518 4201 842 4270 διαιρεῖσθαι
890 4200 1172 4255 ἀδύνατον.
1207 4199 1366 4262 Ποῖος
1406 4197 1540 4270 ᾅδης
1569 4197 1836 4268 ἠρεύξατο

263 4295 392 4368 μίαν
420 4293 516 4348 ἐπὶ
543 4293 783 4364 Χριστοῦ
815 4292 975 4362 φύσιν
1007 4292 1187 4361 λέγειν
1220 4290 1360 4362 μετὰ
1401 4291 1498 4361 τὴν
1538 4290 1764 4358 ἓνωσιν;
1798 4291 1830 4362 ἢ

2008 3483 2284 3552 Ejusdem,
2322 3498 2388 3537 ea:
2421 3483 2642 3552 epistola
2683 3484 2752 3538 ad
2781 3484 3076 3540 Cazsarz'um
3105 3487 3443 3542 monachum.

2015 3678 2033 3712 ι
2074 3657 2168 3714 Sic
2199 3659 2367 3714 etiam
2400 3659 2492 3714 hic
2523 3659 2711 3716 divina
2743 3672 2939 3716 natura
2976 3663 3032 3716 in
3064 3663 3185 3732 ipso
3215 3661 3511 3730 insidente,

1940 3765 2110 3803 unum
2153 3749 2378 3815 Filium,
2424 3766 2588 3805 unam
2629 3767 2944 3823 personam,
2983 3761 3280 3824 utrumque
3311 3753 3518 3810 consti-
3628 3742 3632 3746 ’

1938 3841 2076 3908 tuit;
2127 3841 2223 3911 qui
2275 3844 2496 3912 quidem
2551 3844 2791 3900 indivisa
2842 3845 3248 3916 inconfusaque
3301 3848 3517 3906 ratione

1936 3932 2272 4004 agnoscitur,
2310 3950 2418 3989 non
2450 3935 2506 3989 in
2531 3951 2640 3990 una
2672 3937 2790 3991 sola
2833 3947 3052 4001 natura,
3083 3937 3178 3992 sed
3211 3936 3267 3991 in
3297 3936 3514 3994 duabus

1935 4021 2219 4092 perfectis.
2243 4025 2300 4080 Si
2329 4027 2555 4096 quidem
2585 4028 2641 4081 in
2677 4042 2809 4091 una.
2848 4028 2941 4084 ubi
2969 4021 3126 4095 illud,
3153 4031 3294 4084 citra
3318 4029 3512 4084 confu-

1935 4117 2145 4172 sionem
2163 4117 2186 4172 ?
2207 4118 2300 4174 ubi
2317 4128 2472 4174 extra
2496 4120 2868 4174 divisionem?
2897 4121 2985 4175 ubi
3016 4121 3149 4175 unio
3174 4120 3280 4174 dici
3313 4118 3514 4189 queat?

1935 4201 2112 4259 Unam
2160 4208 2305 4262 enim
2341 4209 2447 4262 sibi
2490 4208 2595 4278 ipsi
2646 4210 2814 4273 uniri,
2845 4211 2930 4264 vel
2963 4210 3134 4264 dividi
3166 4209 3513 4280 impossibile

1935 4302 2040 4350 est.
2097 4293 2233 4361 Quis
2293 4296 2544 4351 infernus
2599 4297 2907 4352 eructando
2939 4298 3188 4367 protulit,
3233 4314 3400 4352 unam
3454 4299 3511 4354 in

256 4387 371 4457 γὰρ
411 4384 512 4455 τὴν
556 4383 708 4437 θείαν
761 4382 921 4452 φύσιν
965 4382 1310 4452 κρατοῦντες,
1345 4380 1443 4453 τὴν
1493 4380 1838 4452 ἀνθρωπίνην

1949 4384 2169 4440 Christo
2200 4393 2454 4440 naturam
2508 4395 2633 4456 post
2661 4389 3012 4444 unitionem?
3043 4387 3136 4444 Vel
3169 4389 3316 4444 enim
3369 4388 3511 4444 divi-

259 4475 576 4548 ἀρνοῦνται,
611 4475 757 4546 φημὶ
780 4474 880 4546 τὴν
908 4474 1184 4546 ἡμετέραν
1216 4474 1520 4544 σωτηρίαν
1555 4475 1589 4546 ἢ
1627 4474 1726 4545 τὴν
1745 4476 1838 4528 ἀν-

260 4568 544 4640 θρωπίνην
583 4568 927 4637 κατέχοντες,
954 4567 1058 4636 τῆς
1090 4566 1242 4630 θείας
1284 4566 1500 4636 φύσεως
1532 4566 1632 4638 τὴν
1665 4568 1835 4640 ἄρνη-

263 4677 349 4716 σιν
391 4661 709 4714 ποιοῦνται·
744 4659 868 4712 ἐπεὶ
911 4659 1220 4728 λεγέτωσαν
1267 4661 1396 4712 ποῖα
1439 4657 1750 4713 ἀπολώλεκε
1775 4661 1836 4714 τὸ

265 4750 438 4815 ῐδιον;
471 4750 534 4802 Ei
563 4748 673 4820 γὰρ
723 4746 805 4801 ἔτι
854 4746 1092 4820 έῤῥωται
1137 4749 1172 4818 ἡ
1217 4745 1434 4810 ἕνωσις,
1483 4747 1701 4812 πάντως
1742 4751 1838 4803 καὶ

264 4839 402 4907 μετὰ
450 4842 548 4910 τῆς
590 4837 835 4901 ὲνώσεως
870 4837 1134 4908 ἰδιώματα
1180 4833 1572 4900 ἀποσώζεσθαι
1592 4839 1828 4911 ἀνάγκη.

271 4927 426 4982 Ἐπεὶ
453 4930 552 4999 οὐχ
581 4929 774 4992 ἕνωσις
796 4925 973 4995 τοῦτο,
1004 4925 1140 4981 ἀλλὰ
1182 4924 1445 4996 σύγχυσις
1489 4926 1585 4981 καὶ
1632 4929 1829 4997 ἀφανι-

263 5015 398 5087 sub;
423 5018 533 5074 τῶν
562 5019 796 5089 φύσεων.
831 5035 851 5070 ι

1935 4490 2062 4530 nam
2121 4484 2377 4531 naturam
2437 4487 2724 4546 tenentes,
2777 4481 3072 4534 humanam
3130 4490 3361 4552 negant,
3397 4479 3511 4534 imo

1934 4575 2178 4622 nOstram
2210 4569 2434 4640 inquam
2467 4571 2704 4626 salutem
2740 4589 2754 4627 :
2791 4579 2885 4626 aut
2920 4572 3216 4626 humanam
3236 4580 3507 4640 tenentes,

1934 4659 2176 4714 divinam
2208 4672 2464 4717 naturam
2522 4663 2761 4733 ejurant.
2803 4663 3080 4731 Quocirca
3116 4665 3324 4726 dicant,
3359 4679 3506 4735 quae-

1934 4765 2061 4805 nam
2100 4753 2248 4822 quod
2298 4755 2587 4826 proprium
2643 4757 2752 4813 sibi
2791 4765 2934 4826 erat,
2988 4757 3218 4813 amisit?
3270 4755 3406 4811 Nam
3459 4755 3508 4814 si

1938 4841 2120 4898 adhuc
2161 4845 2313 4900 salva
2355 4848 2487 4902 unio
2539 4858 2650 4915 est,
2711 4851 3082 4921 proprietates
3123 4851 3350 4905 omnino
3385 4864 3508 4905 esse

1935 4933 2118 4990 salvas
2145 4945 2383 5006 oportet.
2416 4939 2637 5010 Alioqui
2686 4941 2793 4997 hoc
2829 4944 2960 4999 unio
3015 4959 3127 5000 non
3173 4949 3363 5007 esset,
3411 4940 3506 4996 sed

1933 5025 2183 5082 confusio
2207 5038 2263 5084 et
2291 5031 2589 5089 exstinctio
2618 5045 2955 5091 naturarum.
2989 5055 3008 5088 ι

1768 5201 1999 5262 ΝΟΤΕ.

332 5337 412 5417 (_9_)_
451 5336 780 5417 Excerptum
825 5336 978 5417 istud
1031 5355 1140 5395 non
1194 5343 1372 5417 reperi
1439 5345 1823 5417 in__genuinis,

267 5408 536 5473 dubiisve,
565 5415 661 5480 aut
689 5407 891 5475 spuriis
917 5407 1297 5480 Qhrysostonii
1332 5407 1575 5471 homiliis
1623 5417 1691 5470 de
1720 5407 1827 5469 La;

269 5492 414 5543 εει-ο,
450 5491 572 5546 qua:
600 5476 864 5532 hactenus
896 5476 1059 5533 editae
1088 5487 1237 5534 sunt.
1280 5481 1550 5538 Caeterum
1593 5484 1825 5541 Chalce-

269 5547 748 5624 donensisnsynodi
797 5553 955 5602 aetate
989 5549 1260 5624 recentior
1309 5551 1534 5624 h‘omilia
1567 5563 1669 5621 est,
1702 5571 1826 5624 pro-

271 5614 505 5687 indequc
525 5614 919 5690 Clirysostomo
947 5634 961 5672 :
989 5618 1449 5687 quemadmodum
1493 5614 1728 5694 epistola
1757 5627 1825 5681 ad

1934 5345 2244 5418 Philippum
2278 5350 2441 5417 paulo
2467 5360 2594 5406 ante
2624 5352 2792 5404 citata
2822 5365 2943 5420 quae
2995 5349 3243 5419 Gregorii
3268 5347 3498 5416 Nysseni

1935 5433 2134 5472 nomen
2165 5420 2407 5487 praefert.

2004 5487 2117 5555 (10)
2168 5486 2457 5541 Scholium
2519 5487 2662 5541 istud
2703 5487 2848 5556 quod
2892 5487 2947 5542 in
2975 5486 3228 5556 Turriani
3271 5487 3493 5544 translac

1935 5555 2082 5612 tione
2103 5557 2304 5625 reperi,
2343 5556 2684 5612 desideratur
2718 5555 2775 5613 in
2827 5557 3019 5614 codice
3056 5555 3346 5613 Vaticano.
