3980 6140
525 244 668 313 1507

1695 241 1754 300 S.
1796 236 2116 300 JOANNIS
2170 235 2598 296 DAMASCENI

3662 227 3818 290 1508

518 355 976 424 MAN.Quidnam
1021 369 1153 424 ergo
1183 363 1268 408 est
1304 351 1558 406 falsitas?
1605 347 1816 406 ORTll.
1869 349 2097 412 Eurum,

2219 345 2371 400 ὅντων
2400 345 2661 414 ἀγνωσία.
2735 343 2910 398 MAN.
2960 341 3168 414 Ὀρθῶς
3197 342 3456 414 εἴρηκας.
3534 341 3701 394 ΟΡΘ.
3755 341 3817 393 ει

515 466 638 522 qua:
656 456 804 510 sunt,
825 447 1121 514 ignoratio.
1156 441 1324 499 MAN.
1356 443 1526 498 Recte
1560 441 1772 497 dixisti.
1805 440 2014 496 ORTH.
2042 441 2100 494 Si

514 545 682 613 igitur
707 540 942 598 veritas,
985 550 1177 592 eorum
1209 549 1334 605 qua:
1372 541 1528 597 sunt,
1577 533 1819 603 cognitio
1845 540 1953 596 est,
1985 531 2104 585 fal—

514 635 650 689 sitas
677 637 858 684 autem
893 629 1017 698 ejus
1051 627 1195 696 quod
1231 634 1339 689 est,
1373 623 1682 695 ignoratio;
1715 623 1958 694 cognitio
1997 622 2100 675 ha-

513 724 739 779 bitusue
769 721 889 775 est?
925 717 1089 773 MAN.
1124 718 1223 772 Est
1259 717 1447 787 planc.
1485 713 1697 769 OltTll.
1743 715 1800 768 Si
1857 713 2102 784 cognitio

516 825 605 870 est
654 813 901 877 habitus,
959 810 1236 880 ignoratio
1287 809 1449 878 plane
1503 806 1740 876 privatio
1767 807 1896 860 erit.
1932 803 2096 860 MAN.

519 905 634 960 lmo
669 902 946 974 ignoratio
1002 916 1224 970 quoque
1282 898 1506 952 habitus
1537 905 1641 952 est.
1683 895 1896 952 ORTH.
1957 895 2101 962 Quid

521 1006 606 1051 est
657 993 969 1063 ignoratio?
1044 989 1214 1046 MAN.
1277 988 1396 1044 Non
1453 988 1653 1042 habere
1705 987 2099 1056 cognitionem.

521 1083 733 1140 ORTH.
767 1084 1071 1146 l’articula,
1112 1098 1245 1146 non,
1279 1081 1738 1151 privationemne,
1768 1095 1837 1134 an
1870 1078 2105 1134 aﬂirma-

524 1179 756 1239 tionem,
788 1185 841 1230 et
869 1175 1118 1229 habitum
1143 1172 1458 1243 significat?
1507 1171 1671 1224 MAN.
1699 1170 2096 1226 Privationem.

523 1261 735 1318 ORTH.
766 1261 1030 1331 Nunquid
1053 1276 1161 1315 non
1191 1260 1429 1314 dicimus
1455 1275 1563 1315 non
1594 1276 1712 1324 ens,
1739 1261 1790 1314 id
1815 1261 1961 1330 quod
1994 1275 2104 1316 non

523 1353 692 1409 habet
725 1363 784 1406 ut
836 1353 952 1407 sit?
984 1350 1148 1405 MAN.
1191 1350 1466 1405 Profecto.
1519 1348 1728 1404 ORTH.
1787 1349 1929 1421 Ergo
1980 1365 2104 1404 cum

526 1444 802 1514 ignoratio
841 1444 980 1497 nihil
1031 1443 1179 1496 aliud
1233 1443 1306 1496 sit
1357 1457 1521 1511 quam
1573 1441 1939 1511 cognitionem
1993 1456 2106 1496 non

523 1534 765 1598 habere;
799 1532 1071 1602 particula
1103 1543 1314 1595 autem,
1345 1547 1479 1596 non,
1504 1531 1670 1602 53o
1703 1532 1969 1601 privativa
2002 1535 2105 1598 sit;

525 1623 800 1693 ignoratio
825 1617 1058 1690 proinde
1096 1622 1333 1690 privatio
1368 1628 1474 1686 est,
1503 1636 1612 1673 non
1656 1620 1904 1674 habitus.
1937 1619 2104 1674 MAN.

525 1717 767 1788 Optime.
821 1715 1032 1771 ORTH.
1085 1716 1222 1771 Cum
1262 1716 1431 1787 igitur
1456 1717 1667 1772 veritas
1731 1716 1975 1786 cognitio
2010 1715 2102 1779 sit,
2140 1693 2180 1747 Β

527 1810 751 1865 habitus
774 1824 995 1880 quoque
1021 1809 1128 1863 erit
1161 1826 1175 1864 :
1210 1807 1516 1879 eodemque.
1545 1808 1710 1863 modo
1736 1823 1859 1862 cum
1894 1806 2106 1863 falsitas

527 1899 803 1968 ignoratio
831 1901 924 1965 sit,
954 1915 1060 1954 non
1086 1909 1172 1956 est
1215 1899 1446 1954 dubium
1487 1900 1621 1969 quin
1662 1899 1989 1968 privationis
2017 1914 2106 1954 ra-

464 1977 467 1980 ’
528 1990 734 2044 tionem
763 1990 1026 2044 obtineat.
1060 1987 1262 2059 Sicque
1293 1988 1502 2043 veritas
1558 1989 1781 2044 habitus
1831 1989 1958 2056 erit,
2005 1989 2104 2044 fal-

529 2079 663 2134 sitas
695 2081 929 2150 privatio
966 2097 979 2134 :
1013 2094 1077 2132 ac
1104 2079 1310 2134 veritas
1331 2079 1556 2149 quidem
1587 2094 1707 2141 ens,
1736 2078 1952 2134 falsitas
2002 2093 2106 2133 au-

528 2175 640 2224 tem
675 2184 782 2223 non
815 2184 936 2224 ens.
969 2167 1135 2223 MAN.
1168 2168 1248 2222 lta
1293 2184 1448 2224 sane.
1495 2166 1708 2223 ORTll.
1744 2168 1968 2233 Malum,
2000 2169 2106 2226 fal-

2201 432 2295 488 οῦν
2323 437 2357 505 ὴ
2389 435 2486 504 μὲν
2517 433 2744 505 ἀλήθεια
2773 432 2882 484 τῶν
2906 432 3076 483 όντων
3103 431 3222 483 ἐστὶ
3247 431 3475 498 γνῶσις,
3498 430 3565 481 τὸ
3584 430 3644 481 δὲ
3668 428 3803 497 ψεῦ-

2201 528 2290 590 δος
2341 528 2533 594 ἄγνοια
2577 524 2671 578 τοῦ
2721 525 2893 589 ὄντος,
2943 522 3064 576 εἰπέ
3119 541 3233 594 μοι,
3280 525 3314 593 ἡ
3362 523 3600 591 γνῶσις,
3649 521 3811 596 ἕξις;

2201 619 2374 674 MAN.
2415 618 2544 672 Ναί.
2621 616 2775 670 ΟΡΘ.
2815 617 2877 668 Εἰ
2931 617 2964 684 ἢ
3012 615 3246 682 γνῶσις,
3295 613 3432 678 ἕξις,
3581 613 3812 680 ἄγνοια,

2202 712 2420 773 πάντως
2477 709 2753 780 στέρησις.
2862 707 3033 762 MAN.
3095 705 3206 759 Kal.
3256 707 3290 775 ὴ
3340 705 3542 774 ἄγνοια
3574 744 3592 768 ,
3675 704 3811 767 ἕξις.

2203 803 2356 857 ΟΡΘ.
2397 801 2464 854 Τί
2496 803 2645 855 ἐστιν
2671 801 2894 869 ἀγνοιας
2969 799 3142 854 MAN.
3186 797 3258 851 Τὸ
3289 798 3364 865 μὴ
3394 797 3552 867 ἔχειν
3578 797 3812 862 γνῶσιν.

2204 895 2355 950 ΟΡΘ.
2399 895 2494 955 Τὸ,
2532 894 2627 964 μὴ,
2666 892 2984 963 στερητικόν
3031 891 3211 952 ὲστιν;
3263 889 3294 959 ῆ
3344 888 3814 957 ἀποφαντικὸν,ῆ

2203 988 2443 1044 ἑκτικόν.
2500 987 2674 1041 MAN.
2698 986 2793 1050 Τὸ,
2817 983 2911 1055 μὴ,
2938 1000 3026 1036 στε
3038 982 3257 1052 ρητικόν
3279 983 3452 1033 ἐστιν.
3513 979 3688 1033 ΟΡΘ.
3729 979 3816 1047 Mi;

2203 1078 2264 1132 δν
2301 1080 2566 1151 λέγομεν;
2603 1078 2665 1131 τδ
2695 1075 3058 1146 ἐστερημένον
3091 1072 3184 1126 τοῦ
3227 1068 3402 1136 εῐναι;
3480 1069 3676 1124 ΜΔΝ.
3717 1072 3816 1137 Δη-

2206 1171 2406 1225 λονότι.
2479 1170 2631 1224 ΟΡΘ.
2673 1167 2884 1222 Οὐκοῦν
2907 1169 2940 1235 ή
2969 1165 3182 1234 ἄγνοια,
3209 1164 3272 1217 τὸ
3304 1163 3381 1234 μὴ
3407 1161 3567 1231 ἔχειν
3610 1163 3816 1228 γνῶσίν

2206 1266 2324 1317 ἐστι
2344 1280 2357 1293 ·
2385 1263 2446 1316 τὸ
2472 1263 2549 1327 δὲ,
2584 1262 2681 1334 μὴ,
2709 1259 3054 1331 στερητικόν·
3086 1259 3119 1327 ή
3150 1257 3342 1325 ἄγνοια
3371 1255 3486 1326 ἀρα
3515 1254 3812 1323 στέρησις,

2207 1358 2306 1411 καὶ
2353 1359 2452 1428 ούχ
2491 1357 2624 1423 ἕξις.
2711 1355 2886 1409 MAN.
2948 1351 3155 1421 Ὀρθῶς
3201 1351 3458 1419 εἴρηκας.
3541 1347 3709 1401 ΟΡΘ.
3758 1348 3815 1399 ΕΞ

2206 1445 2299 1503 οῦν
2327 1449 2554 1519 ἀλήθεια
2591 1447 2812 1516 γνῶσις,
2846 1445 2958 1510 ἕξις
2988 1443 3231 1515 δηλονότι
3257 1459 3270 1472 ·
3307 1444 3358 1494 εἱ
3390 1441 3473 1504 δὲ,
3507 1442 3575 1493 τὸ
3619 1439 3815 1504 sparsos,-

2207 1543 2423 1611 ἄγνοια,
2483 1540 2740 1611 στέρησις
2798 1538 2943 1591 κατά
2991 1537 3084 1590 τὸν
3133 1537 3233 1607 τῆς
3280 1533 3552 1604 ἀληθείας
3610 1533 3810 1598 λόγον’

2209 1634 2362 1686 ἔσται
2405 1627 2499 1685 οῦν
2541 1633 2574 1702 ἡ
2610 1632 2708 1700 μὲν
2737 1630 2967 1700 ἀλήθεια
3001 1628 3136 1692 ἕξις,
3179 1628 3240 1680 τὸ
3265 1627 3321 1679 δὲ
3350 1625 3580 1695 ψεῦδος,
3620 1624 3814 1691 στέρη-

2212 1739 2329 1787 σις⁸
2361 1724 2456 1777 καὶ
2497 1723 2652 1776 ἔσται
2697 1725 2732 1790 ή
2777 1722 2876 1792 μὲν
2909 1719 3156 1790 ἀλήθεια,
3187 1719 3268 1784 ὃν,
3300 1717 3361 1770 τὸ
3386 1717 3445 1770 δὲ
3480 1714 3711 1783 ψεῦδος.
3747 1713 3816 1782 μὴ

2209 1816 2290 1871 δν.
2367 1815 2539 1868 MAN.
2585 1816 2682 1868 Ἐκ
2730 1814 2957 1876 παντὸς.
3032 1811 3184 1866 ΟΡΘ.
3224 1809 3437 1869 Ψεῦδος
3474 1809 3510 1877 ἡ
3545 1805 3812 1873 κακία,ή

2210 1905 2469 1977 ἀλήθεια;
2545 1906 2716 1962 MAN.
2759 1905 2992 1966 Ψεῦδος.
3069 1902 3220 1954 ore.
3263 1902 3378 1953 Οὐκ
3411 1900 3478 1952 ὃν
3509 1899 3628 1969 ἄρα
3661 1900 3696 1967 ἡ
3721 1914 3816 1947 κα-

2210 1998 2326 2064 κία,
2353 1998 2450 2051 καὶ
2478 1997 2646 2060 ὅντως
2677 1997 2956 2067 στέρησις,
2989 1993 3084 2047 καὶ
3115 1994 3189 2064 μὴ
3218 1993 3278 2046 δν
3299 2011 3312 2025 ο
3359 1992 3457 2044 καὶ
3496 1990 3579 2052 ὡς
3624 1989 3815 2057 στέρηο

2216 2105 2296 2152 σις
2345 2089 2478 2154 ἕξει,
2509 2089 2810 2142 ἀντίκειται
2854 2086 2936 2156 τῷ
2969 2085 3340 2155 ἀγαθῷ.Ἀλλ’
3372 2084 3470 2136 ἐπὶ
3500 2083 3566 2136 τὸ
3598 2079 3812 2152 προκεί-

2216 2196 2375 2249 μενον
2403 2177 2803 2245 ἐπανέλθωμεν.
2878 2176 3049 2230 MAN.
3088 2173 3394 2242 Ἐλθωμεν.

542 2257 756 2312 sitasne
787 2266 892 2318 est.
917 2271 984 2311 an
1014 2257 1253 2312 veritas?
1279 2255 1445 2311 MAN.
1475 2257 1735 2312 Falsitas.
1791 2255 2004 2311 Olt'l‘H.
2075 2259 2276 2320 Malum
2346 2281 2477 2337 ergo
2529 2275 2614 2321 est
2670 2281 2778 2320 non
2822 2280 2943 2330 ens,
3009 2278 3246 2332 vereque
3288 2259 3536 2331 privatio
3583 2270 3697 2319 est,
3757 2272 3814 2310 ac

531 2348 670 2404 nihil
731 2365 746 2402 :

533 2438 703 2495 MAN.
743 2439 877 2509 Age,
912 2438 1228 2495 redeamus.

601 2533 658 2587 2.
704 2531 917 2588 ORTH.
975 2530 1155 2586 Unum
1215 2531 1360 2588 dicis
1413 2546 1596 2586 rerum
1647 2532 2006 2603 principium,
2043 2549 2114 2590 an

533 2623 685 2679 duo?
723 2621 890 2675 MAN.
945 2621 1061 2676 Duo
1106 2640 1120 2675 :
1161 2637 1335 2676 unum
1365 2623 1593 2690 bonum,
1617 2623 1848 2678 alterum
1883 2626 2110 2684 malum.

533 2716 613 2768 Ac
644 2712 846 2767 bonum
880 2708 1126 2780 quidem,
1160 2709 1418 2764 arborem
1466 2711 1666 2766 bonam
1710 2713 1950 2783 appello,
1990 2728 2112 2783 qua:

535 2805 743 2858 bonum
803 2814 968 2855 omne
1026 2798 1328 2866 contineat,
1361 2807 1416 2854 et
1457 2798 1681 2867 efficiat,
1730 2817 1833 2856 nec
1871 2802 2111 2857 fructum

537 2895 742 2948 malum
769 2891 932 2948 edere
950 2900 1118 2962 queat
1155 2908 1169 2946 :
1211 2891 1417 2946 malum
1447 2903 1654 2956 autem,
1681 2893 1958 2959 tenebras,
1987 2909 2112 2949 cor-

536 2985 874 3055 ruptionem,
924 2983 1174 3038 arborem
1219 2982 1454 3048 malam,
1503 2998 1625 3053 quae
1689 2985 1888 3039 malum
1956 2999 2118 3040 omne

536 3054 769 3146 Vitiique
795 3089 972 3145 genus
999 3087 1162 3128 omne
1215 3072 1408 3136 faciat,
1461 3089 1563 3129 nec
1612 3073 1854 3130 fructum
1909 3076 2112 3130 bonum
2145 3054 2188 3115 C

542 3166 690 3220 ferre
728 3165 921 3235 possit.
952 3161 1160 3219 ORTll.
1189 3161 1574 3233 Quidquamne
1622 3165 1766 3219 inter
1831 3167 1949 3221 hac
2005 3167 2116 3221 duo

541 3255 811 3327 principia
868 3254 1191 3309 commercii
1263 3263 1386 3320 est,
1447 3255 1663 3330 necne?
1740 3254 1910 3312 MAN.
1970 3256 2118 3313 Nihil

541 3365 794 3421 prorsus.
879 3347 986 3404 Sed
1061 3349 1295 3403 alterum
1373 3349 1534 3403 alteri
1611 3352 1952 3405 contrarium
2011 3360 2117 3406 est.

540 3437 754 3494 OltTﬂ.
788 3435 956 3493 Estne
1000 3453 1166 3492 unum
1198 3437 1251 3491 in
1279 3437 1408 3501 alio,
1437 3449 1531 3492 aut
1565 3452 1690 3492 cum
1739 3439 1885 3508 alio;
1921 3455 2123 3496 numve

540 3531 664 3586 loco
707 3529 949 3584 discreta
983 3528 1156 3584 sunt?
1183 3526 1349 3582 MAN.
1390 3527 1634 3584 Discreta
1657 3531 1894 3600 primum
1937 3539 2120 3596 erant,

541 3631 707 3692 atque
789 3631 1085 3691 utrumque
1165 3620 1330 3676 suis.
1353 3636 1412 3676 se.
1496 3621 1695 3676 finibus
1773 3624 2119 3678 continebat.

542 3711 758 3767 ORTH.
777 3714 1026 3778 Quonam
1058 3711 1226 3784 igitur
1245 3718 1407 3782 pacto
1425 3728 1570 3767 nunc
1589 3713 1730 3768 inter
1753 3729 1812 3768 se
1831 3716 2123 3769 commista

545 3803 715 3857 sunt?
742 3801 908 3858 MAN.
944 3801 1132 3857 Bonus
1167 3804 1366 3858 inloco
1395 3818 1522 3869 suo,
1560 3805 1618 3860 iu
1637 3805 1786 3860 omni
1810 3805 2054 3861 bonitate
2070 3813 2124 3861 et

549 3892 814 3948 felicitate
863 3893 1077 3962 agebat.
1111 3892 1341 3948 Materia
1389 3902 1594 3962 autem,
1632 3896 1738 3950 hoc
1778 3903 1862 3950 est
1892 3896 2121 3963 malum,

545 3998 674 4038 eum
703 3983 822 4039 sine
861 3983 991 4048 vita,
1025 3983 1145 4036 sine
1174 3992 1346 4047 motu,
1390 3999 1614 4052 spurca,
1649 3983 1942 4040 horrendae
1967 3992 2123 4043 tene-

544 4077 679 4141 braz,
712 4090 742 4128 a
767 4089 936 4128 sensu
964 4081 1196 4138 remota,
1238 4073 1431 4128 multis
1460 4081 1608 4128 retro
1640 4077 1862 4131 saeculis
1889 4076 2121 4141 fuisset;

550 4179 663 4222 tum
704 4173 898 4237 postea
949 4181 1138 4221 secum
1191 4165 1304 4234 ipsa
1342 4165 1515 4235 erepit
1567 4165 1863 4232 dissidere,
1893 4167 2126 4237 ejusque

549 4259 766 4314 fructus
809 4265 1001 4311 mutuo
1049 4257 1192 4310 inter
1225 4271 1283 4310 se
1320 4271 1593 4327 pugnare.
1624 4257 1876 4328 Cumque
1909 4259 2005 4313 alii
2035 4260 2124 4314 in-

808 2355 863 2402 ct
919 2346 1388 2418 quemadmodum
1447 2347 1683 2418 privatio
1760 2347 1992 2412 habitui,
2048 2351 2132 2407 sic
2187 2355 2334 2411 bono
2399 2356 2723 2428 opponitur.
2787 2354 2894 2410 Sed
2948 2353 3022 2409 ad
3089 2352 3434 2423 propositum
3496 2350 3816 2405 redeamus.

2292 2537 2358 2608 β’.
2397 2537 2548 2592 ΟΡΘ.
2589 2536 2735 2590 Μίαν
2786 2534 2965 2606 ἀρχὴν
3009 2534 3191 2603 λέγεις
3233 2533 3342 2586 τῶν
3388 2532 3592 2598 ὄντων,
3623 2534 3655 2604 ἢ
3686 2533 3818 2597 δύος

2217 2628 2390 2683 MAN.
2418 2627 2541 2691 Δύο,
2575 2627 2704 2698 μίαν
2737 2626 2837 2697 μὲν
2863 2625 3095 2694 ἀγαθὴν,
3121 2625 3215 2678 καὶ
3250 2623 3381 2694 μίαν
3406 2625 3705 2694 πονηρά-δ’
3734 2624 3823 2678 καὶ

2217 2722 2317 2792 τὴν
2375 2721 2474 2792 μὲν
2526 2719 2738 2792 ἀγαθήν
2787 2718 3040 2790 ὀνομάζω
3085 2717 3302 2788 δένδρον
3350 2716 3584 2785 ἀγαθὸν,
3619 2719 3823 2780 παντός

2217 2812 2424 2882 ἀγαθοῦ
2471 2811 2819 2882 περιεκτικὸν
2869 2809 2966 2863 καὶ
3011 2807 3324 2878 ποιητικὸν,
3385 2807 3457 2878 μὴ
3509 2808 3826 2879 δυνάμενον

2219 2905 2431 2976 καρπὸν
2458 2904 2628 2958 κακὸν
2667 2906 2872 2956 ποιεῖν’
2907 2902 3004 2972 τὴν
3031 2901 3088 2954 δὲ
3128 2900 3391 2971 πονηρὰν,
3432 2901 3658 2964 σκότος,
3698 2901 3827 2970 φθο-

2223 2998 2344 3070 ρὰν,
2376 2997 2590 3067 δένδρον
2622 2994 2882 3065 πονηρὸν,
2923 2994 3127 3056 παντὸς
3173 2993 3414 3064 πονηροῦ
3465 2993 3570 3044 καὶ
3617 2995 3827 3056 κακίας

2219 3089 2500 3158 ποιητικὸν
2529 3127 2544 3152 ,
2596 3087 2670 3158 μὴ
2715 3087 3014 3156 δυνάμενον
3058 3085 3268 3155 καρπὸν
3328 3084 3543 3151 ἀγαθὸν
3619 3087 3825 3138 ποιεῖν.

2221 3181 2371 3234 ΟΡΘ.
2415 3179 2780 3233 Κοινωνοῦσιν
2829 3177 3090 3248 ἀλλήλαις
3132 3170 3293 3230 αῦται
3339 3177 3396 3230 αί
3426 3175 3524 3229 δύο
3553 3177 3760 3246 ἀρχαὶ,
3793 3181 3826 3247 ἧ

2219 3271 2317 3338 οῦς
2408 3272 2583 3328 MAN.
2646 3269 2934 3334 Παντελῶς
2985 3271 3368 3338 ἁκοινώνητοι.
3420 3269 3515 3323 καὶ
3567 3271 3831 3323 ἐναντίαι

2219 3363 2474 3434 ἀλλήλαις
2519 3361 2878 3433 ὑπάρχουσιν.
2955 3360 3105 3414 ΟΡΘ.
3151 3362 3239 3413 Ἐν
3266 3360 3552 3430 ἀλλήλαις,
3581 3362 3692 3413 καὶ
3730 3364 3830 3415 σὺν
3941 3341 3943 3394 ﬁ

2220 3455 2482 3525 ἀλλήλαις
2529 3455 2689 3516 εἰσὶν,
2739 3453 2773 3524 ἢ
2829 3452 3267 3522 κεχωρισμέναις
3344 3452 3519 3506 MAN.
3562 3454 3829 3524 Κεχωρι-

2223 3546 2416 3616 σμέναι
2441 3540 2580 3616 ἦσαν
2615 3542 2672 3608 ἐξ
2712 3544 2908 3613 ἀρχῆς,
2940 3543 3148 3614 ἑκάστη
3196 3545 3254 3595 ἐν
3301 3545 3415 3605 τοῖς
3456 3543 3612 3605 ἰδέοις
3648 3546 3828 3614 ὅροις.

2223 3637 2371 3690 ΟΡΘ.
2415 3637 2540 3698 Πῶς
2560 3632 2653 3688 οὖν
2683 3634 2776 3687 νῦν
2797 3636 2904 3687 είσι
2930 3633 3420 3704 συμμεμιγμέναι;
3498 3635 3690 3690 MAN.
3722 3630 3829 3687 Ἦν

2223 3729 2251 3780 ὁ
2279 3726 2482 3796 ἀγαθὸς
2529 3729 2587 3782 ὲν
2633 3727 2712 3799 τῷ
2757 3727 2871 3798 ἰδίῳ
2901 3728 3076 3798 τόπῳ,
3107 3727 3164 3780 ὲν
3194 3727 3336 3798 πάσῃ
3365 3727 3702 3800 ἁγαθοσύνῃ
3736 3729 3829 3781 καὶ

2227 3817 2612 3890 μακαριότητι,
2664 3820 2697 3889 ἡ
2742 3818 2800 3871 δὲ
2849 3818 2989 3889 ὕλη,
3040 3819 3210 3889 ήγουν
3258 3820 3288 3888 ἡ
3331 3817 3533 3881 κακία,
3589 3821 3826 3884 ἄζωος.

2224 3912 2498 3980 ἀκίνητος,
2544 3912 2767 3981 αίσχρά,
2802 3911 2993 3974 σκότος
3032 3911 3290 3974 δυσειδὲς,
3336 3908 3681 3980 ἀναίσθητος
3744 3915 3827 3965 sua

2224 4002 2452 4065 πολλοὺς
2483 4001 2686 4064 αἰῶνας
2707 4018 2722 4035 ·
2770 3999 2999 4071 ὕστερον
3037 4000 3096 4052 δὲ
3134 4001 3448 4053 ἐστασίασεν
3475 4001 3513 4068 ἡ
3541 3999 3653 4071 ῦλη
3691 4003 3827 4072 πρὸς

2225 4093 2446 4163 ἑαυτὴν,
2475 4094 2568 4145 καὶ
2591 4094 2640 4146 οἱ
2671 4093 2875 4163 καρποὶ
2907 4092 3078 4162 αὐτῆς
3104 4092 3452 4162 ἐπολέμησαν
3476 4091 3620 4160 πρὸς
3656 4094 3825 4164 ἀλλή-

2223 4181 2381 4246 λους·
2417 4182 2511 4234 καὶ
2554 4183 2662 4235 τῶν
2718 4181 2817 4252 μὲν
2865 4181 3188 4243 διωκόντων,
3219 4182 3328 4234 τῶν
3369 4182 3428 4234 δὲ
3473 4183 3822 4250 φευγόντων,

2228 4274 2474 4343 ἔφθασαν
2505 4275 2582 4336 είς
2606 4273 2676 4327 τά
2703 4274 2826 4344 ὅρια
2854 4274 2949 4326 τοῦ
2978 4274 3154 4342 φωτός
3174 4290 3187 4303 ο
3221 4274 3319 4327 καὶ
3353 4273 3557 4336 ἰδόντες
3583 4275 3649 4327 τὸ
3690 4277 3823 4343 φῶς,

548 4354 936 4418 sequerentur,
973 4345 1224 4416 fugerent
1258 4345 1373 4412 alii,
1413 4346 1480 4400 ad
1513 4345 1654 4400 lucis
1687 4346 1826 4402 ﬁnes
1859 4363 2114 4418 pervene-

2232 4365 2584 4434 ἐπεθύμησαν
2616 4363 2711 4417 τοῦ
2747 4364 2978 4428 κάλλους
3021 4364 3206 4430 αὑτοῦ,
3241 4366 3336 4418 καὶ
3377 4365 3707 4419 ἐπαύσαντο
3737 4365 3821 4416 τοῦ

549 4453 715 4511 runt;
774 4444 842 4499 ad
896 4442 1058 4513 cujus
1091 4448 1398 4511 aspectum,
1465 4440 1900 4509 pulchritudinis
1949 4441 2114 4510 ipsius

2233 4456 2371 4528 πρὸς
2418 4455 2679 4526 ἀλλήλους
2729 4455 2987 4525 πολέμου,
3023 4455 3116 4508 καὶ
3163 4459 3637 4526 συμφωνήσαντες
3694 4455 3824 4525 πρὸς

547 4536 849 4606 cupiditate
891 4535 1076 4604 capti,
1120 4548 1316 4604 pugna:
1371 4541 1577 4587 mutuae
1626 4533 1788 4586 finem
1838 4533 2126 4599 facientes,

553 4626 802 4682 unanimi
863 4642 1142 4682 consensu
1209 4625 1386 4678 lucem
1463 4624 1674 4679 adoriri
1741 4625 2124 4680 instituerunt.

553 4718 920 4784 Quamobrem
948 4731 1072 4771 cum
1114 4720 1298 4776 bonus
1331 4716 1594 4771 virtutem
1634 4731 1700 4770 ex
1733 4730 1791 4770 se
1825 4714 2124 4780 emisisset,

552 4815 813 4863 conserto
845 4808 1058 4877 pretio,
1088 4809 1440 4864 tenebrarum
1496 4809 1779 4878 principes
1824 4808 1964 4863 lucis
2001 4823 2128 4878 par-

551 4905 661 4956 tem
696 4906 1050 4987 voraverunt.
1088 4899 1269 4954 Bonus
1297 4900 1499 4970 quippe
1531 4901 1790 4954 virtutem
1844 4899 1992 4952 illam
2021 4899 2128 4953 sibi

552 4990 692 5060 eripi
723 5004 920 5059 passus
950 4997 1074 5054 est;
1109 4989 1322 5044 veritus
1372 5006 1440 5044 ne
1469 5004 1572 5044 suo
1603 5004 1823 5060 quoque
1848 4988 1969 5043 loco
2006 4997 2128 5041 tan-

552 5083 676 5138 dem
707 5082 788 5136 illi
814 5081 1144 5152 potirentur.
1173 5079 1288 5136 lloc
1317 5088 1499 5136 autem
1545 5095 1608 5135 ea
1643 5090 1826 5135 incute
1882 5079 2034 5145 fecit,
2068 5086 2128 5132 ut

554 5192 652 5246 per
699 5190 818 5231 eam
864 5182 1101 5245 partem.
1131 5189 1302 5244 quam
1361 5173 1686 5235 tradiderat,
1743 5170 2036 5239 imperium
2071 5172 2125 5224 in

555 5269 760 5324 malum
789 5269 1082 5326 obtineret.
1132 5261 1334 5337 Sicque
1371 5265 1502 5320 boni
1534 5264 1776 5334 malique
1813 5263 2129 5318 commistio

557 5361 853 5431 contingit.
885 5359 1021 5416 Nam
1066 5375 1132 5414 ex
1181 5356 1435 5428 portione
1488 5355 1640 5418 boni,
1680 5353 1912 5416 animae;
1961 5361 2015 5407 et
2062 5368 2129 5407 ex

557 5452 683 5504 mali
711 5453 1044 5519 substantia,
1077 5464 1311 5520 corpora
1344 5446 1687 5516 prodierunt.
1717 5443 1928 5500 ORTH.
1951 5443 2130 5510 Nunc,

563 5557 768 5610 quaeso,
800 5547 911 5598 haec
935 5560 1045 5600 una
1073 5543 1510 5602 consideremus.
1544 5539 1714 5598 MAN.
1760 5538 1963 5611 Utique
1994 5555 2129 5596 con-

563 5633 886 5688 siderrmus.

2232 4546 2515 4618 ἀλλήλους,
2547 4544 2803 4598 ὲπέθεντο
2823 4543 2900 4614 τῷ
2919 4545 3091 4613 φωτίο
3121 4545 3236 4610 καὶ,
3267 4545 3596 4597 ἀπέστειλεν
3623 4548 3658 4598 δ
3687 4547 3825 4611 ἀγα-

2234 4638 2324 4702 θὸς
2373 4639 2472 4710 τὴν
2527 4637 2758 4708 δύναμιν
2792 4639 2923 4708 παρ’
2952 4635 3140 4702 αὐτοῦ,
3173 4637 3266 4690 καὶ
3295 4637 3623 4706 συμπλοκῆς
3677 4653 3825 4704 γενο-

2237 4729 2424 4799 μένης,
2445 4728 2646 4797 ἕφαγον
2674 4730 2837 4800 μέρος
2860 4726 2953 4780 τοῦ
2983 4727 3183 4796 φωτὸς,
3201 4729 3251 4780 οἱ
3283 4729 3547 4798 ἄρχοντες
3575 4729 3680 4782 τοῦ
3713 4731 3825 4782 πό-

2232 4835 2377 4882 τους.
2409 4817 2781 4890 Παρεχώρησε
2815 4818 2925 4889 γὰρ
2952 4819 2981 4871 ὁ
3010 4817 3214 4884 ἀγαθὸς
3240 4818 3563 4886 ἀρπαγήναι
3593 4817 3828 4890 δύναμιν

2231 4910 2291 4975 ἐξ
2316 4910 2481 4964 αὐτοῦ
2508 4927 2521 4940 ⁸
2553 4912 2645 4964 καὶ
2671 4910 2954 4980 φοϐηθεὶς,
2985 4909 3074 4962 ἵνα
3101 4908 3177 4978 μὴ
3205 4908 3711 4977 κατακυριεύσωσι
3745 4908 3830 4963 τοῦ

2230 5003 2397 5056 τόπου
2433 5003 2617 5068 αὐτοῦ,
2645 5001 2805 5056 τοῦτο
2832 5001 3111 5072 ἐποίησεν,
3139 5001 3227 5052 ἵνα
3251 4999 3340 5052 διὰ
3373 4999 3474 5069 τῆς
3508 5001 3748 5074 μοίρας,
3773 4997 3832 5073 ἧς

2234 5094 2542 5164 παρέδωκε,
2572 5094 2984 5165 κατακυριεύσῃ
3002 5094 3100 5163 τῆς
3125 5093 3340 5154 κακίας.
3360 5094 3476 5146 Kal.
3501 5092 3700 5158 οὕτως
3722 5096 3832 5162 ἐγέ-

2234 5203 2356 5238 νετο
2388 5185 2692 5256 σύγκρασις
2714 5185 2806 5238 τοῦ
2833 5183 3040 5253 ἀγαθοῦ
3066 5184 3161 5238 καὶ
3186 5184 3278 5237 τοῦ
3305 5185 3582 5255 πονηροῦ.
3601 5187 3708 5240 Ἐκ
3733 5187 3836 5256 γὰρ

2235 5281 2334 5348 τῆς
2359 5275 2555 5349 μοίρας
2577 5277 2669 5330 τοῦ
2699 5274 2929 5345 ἀγαθοῦ,
2953 5277 3204 5344 ἐγένοντο
3230 5277 3285 5330 αἱ
3308 5275 3508 5345 ψυχαὶ,
3548 5279 3620 5330 ἐκ
3650 5278 3714 5331 δὲ
3743 5279 3835 5342 τῆς

2239 5369 2426 5431 οὐσίας
2475 5369 2572 5437 τῆς
2615 5368 2834 5432 κακίας,
2869 5367 2938 5420 τὰ
2968 5369 3215 5436 σώματα.
3291 5367 3447 5420 ΟΡΘ.
3491 5368 3656 5432 Τέως
3714 5369 3836 5442 περὶ

2239 5459 2444 5516 τούτων
2476 5458 2918 5530 διασκεψώμεθα.
2995 5459 3167 5513 MAN.
3208 5457 3691 5530 Διασκεψώμεθα.
