3980 6140
209 325 350 386 1309

1196 322 1578 385 DIALOGUS
1615 324 1913 385 CONTRA
1944 319 2426 386 MANICH/EOS.

3309 319 3447 393 1510

275 441 343 508 γ’.
367 433 512 489 οΡΘ.
528 434 592 487 Ἥ
613 433 757 504 ἁρχὴ
775 425 1028 501 ποσαχῶς
1040 428 1411 502 λαμϐάνεται;
1453 434 1626 487 MAN.
1645 435 1782 506 Φρά-

1953 439 2008 494 5.
2043 437 2257 494 ORTH.
2303 436 2506 508 Ἀρχὴ,
2539 434 2593 490 id
2622 443 2728 500 est,
2758 436 3281 508 principium,'quot
3327 457 3448 495 mo-

103 525 112 532 ’
205 544 295 582 σον
341 531 427 583 σύ.
502 525 652 579 ΟΡΘ.
691 525 961 594 ’Λναρχον
1011 523 1112 594 μέν
1155 526 1292 592 ἐστι,
1325 526 1385 579 τὺ
1430 526 1504 597 μὴ
1545 527 1780 598 ὲσχηκὸς

205 616 377 686 ἀρχήν
395 629 410 646 ο
443 613 502 667 τὸ
526 613 583 666 δὲ
615 615 716 684 τῆς
744 613 919 684 ἀρχῆς
944 612 1138 684 δνομα,
1169 614 1464 684 ὁμώνυμόν
1491 615 1614 668 ἐστι
1634 630 1648 644 °
1687 619 1783 671 καὶ

199 706 309 775 γὰρ
336 703 504 757 πολλὰ
527 704 782 774 σημαίνει
805 720 818 734 ·
845 704 1065 772 λέγεται
1095 705 1205 774 7&9
1231 705 1373 776 ἀρχὴ
1400 705 1539 759 κατὰ
1563 707 1776 776 χρόνον·

199 799 275 860 ὡς
305 797 538 865 λέγομεν
568 795 744 866 ἀρχὴν
776 795 1010 865 ἡμέρας,
1043 796 1143 866 τὴν
1173 796 1268 850 τοῦ
1300 795 1451 865 ἡλίου
1492 797 1779 866 ἀνατολὴν,

196 886 293 938 καὶ
325 885 472 956 ἀρχὴ
501 884 746 938 ἐνιαυτοῦ
777 884 1031 953 λέγεταιο
1067 885 1242 955 ἀρχὴν
1272 885 1368 938 καὶ
1411 885 1556 939 κατὰ
1584 887 1785 951 τόπους

195 975 455 1046 λέγομεν,
489 974 662 1045 ἀρχὴν
692 974 836 1040 ὁδοῦ,
866 975 964 1028 καὶ
987 975 1163 1046 ἀρχὴν
1195 975 1291 1030 τοῦ
1319 975 1527 1042 Φυσὼν,
1555 976 1647 1030 τὸν
1681 995 1785 1030 πα-

194 1065 474 1135 ράδεισον.
511 1065 744 1130 Λέγεται
775 1063 921 1135 ἀρχὴ
951 1065 1045 1118 καὶ
1072 1065 1216 1119 κατὰ
1257 1065 1318 1119 τὸ
1339 1065 1556 1137 ἀξίωμα
1580 1066 1676 1121 καὶ
1705 1067 1788 1134 ὲξ-

192 1155 428 1218 ουσίαν,
461 1153 540 1216 ὠς
589 1153 826 1224 λέγομεν
871 1155 1048 1224 ἀρχὴν
1090 1153 1230 1208 εἶναι
1278 1156 1369 1210 τὸν
1413 1157 1640 1227 βασιλέα
1675 1157 1785 1216 τῶν

193 1242 490 1313 ὑπηκόωνο
528 1241 747 1310 λέγεται
776 1243 943 1315 ἀρχὴ,
973 1246 1069 1298 καὶ
1111 1246 1174 1298 τὸ
1213 1247 1373 1314 φύσει
1403 1247 1688 1318 πρότερον,
1711 1249 1788 1312 ὡς

193 1333 288 1385 ἐπὶ
327 1331 429 1386 τοῦ
481 1333 754 1404 ἀριθμοῦο
807 1334 902 1386 δύο
938 1335 1037 1404 μὲν
1071 1335 1180 1407 7&9
1208 1336 1399 1404 ὄντων,
1431 1336 1490 1402 ἐξ
1538 1339 1786 1407 ἀνάγκης

190 1424 312 1476 ἐστὶ
357 1423 421 1476 τὸ
466 1425 548 1478 ἒν.
567 1425 716 1488 Ἑνὸς
745 1425 802 1478 δὲ
837 1425 990 1488 ὄντος
1019 1428 1121 1480 οὐκ
1152 1428 1210 1494 ἐξ
1242 1428 1488 1498 ἀνάγκης
1519 1430 1625 1482 εἰσι
1651 1430 1746 1483 δύο
1769 1446 1783 1460 ·

189 1513 350 1568 ἔσται
403 1515 519 1584 7&9
568 1514 679 1579 δύο,
709 1516 768 1570 ἓν
800 1517 894 1570 καὶ
928 1516 1020 1570 ’ἐν’
1065 1518 1126 1570 τὸ
1167 1518 1222 1571 δὲ
1267 1517 1346 1584 ἓν,
1384 1520 1445 1572 οὐ
1481 1517 1591 1574 δύο.
1623 1520 1788 1591 Ἀρχὴ

187 1603 284 1662 οὖν
317 1607 432 1661 τῶν
472 1607 588 1672 δύο,
617 1608 679 1660 τὸ
709 1608 767 1660 ἒν
796 1608 1036 1677 λέγεται.
1055 1609 1224 1681 ’Δρχὴ
1267 1611 1360 1664 καὶ
1401 1611 1544 1665 κατὰ
1591 1611 1745 1676 τάξιν
1768 1629 1784 1644 ο

189 1699 270 1763 ὡς
302 1701 533 1772 πρῶτον
561 1701 622 1755 τὸ
648 1700 743 1753 τοῦ
777 1699 1125 1769 ἀναγνώστου
1152 1700 1390 1774 ἀξίωμα,
1420 1700 1539 1757 εἶτα
1567 1704 1788 1758 ὑποδιά-

1879 527 1966 584 dis
2045 527 2387 598 usurpatur?
2461 525 2628 581 MAN.
2682 525 2739 580 ld
2814 533 2873 580 tu
2948 526 3069 596 ipse
3143 528 3446 588 edisseras.

1880 612 2091 670 OBTH.
2113 616 2403 685 Ἂναρχον,
2428 615 2653 677 dicitur,
2682 613 2834 683 quod
2855 613 3191 684 principium
3218 630 3326 669 non
3351 616 3449 670 ha-

1881 705 2002 760 buit
2035 745 2050 761 .
2079 718 2186 758 vox
2221 717 2404 758 autem
2433 702 2578 774 ἀρχὴ
2619 702 2978 774 (principium)
3016 705 3301 774 aequivoca
3338 715 3446 769 est;

1883 794 2051 849 Multa
2075 796 2275 864 quippe
2296 795 2592 865 signiﬁcat.
2627 793 2763 849 Nam
2803 803 2858 850 et
2883 795 2950 850 de
2975 805 3218 866 tempore
3246 796 3451 865 princi-

1884 887 2033 958 pium
2048 886 2271 941 dicitur.
2293 883 2386 940 Sic
2415 883 2525 941 diei
2553 885 2910 956 principium,
2930 887 3064 942 solis
3091 894 3276 940 ortum
3305 887 3446 941 dici-

1883 993 2008 1032 mus
2037 976 2206 1032 :anni
2227 989 2449 1045 quoque
2479 975 2810 1046 principium
2842 975 3178 1045 assignatur.
3215 975 3347 1032 ltem
3381 975 3450 1031 de

1885 1069 2022 1124 locis
2059 1067 2392 1137 principium
2433 1067 2690 1130 dicimus,
2737 1074 2800 1121 ut
2845 1068 2948 1122 viae
2985 1067 3352 1137 principium;
3395 1073 3451 1120 et

1885 1156 2231 1222 Paradisum,
2265 1154 2508 1210 ﬂuminis
2529 1155 2742 1226 Physon
2765 1157 3120 1227 principium.
3141 1157 3284 1223 Quin
3307 1155 3451 1226 ἀρχὴ

1885 1263 2105 1319 quoque
2143 1248 2212 1304 de
2246 1247 2516 1317 dignitate
2550 1255 2604 1301 et
2642 1249 2887 1316 potentia
2923 1248 3165 1302 dicitur:
3196 1247 3348 1302 velut
3373 1262 3453 1300 re—

1885 1352 2004 1409 gem
2054 1336 2401 1392 subditorum
2427 1337 2606 1407 ἀρχὴν
2641 1337 2720 1403 (id
2755 1344 2861 1400 est,
2903 1336 3282 1406 principatum)
3314 1335 3453 1389 dici-

1887 1444 2010 1484 mus
2035 1429 2076 1481 ί.
2107 1428 2186 1483 Ad
2213 1428 2327 1483 haec
2355 1428 2688 1498 principium
2731 1426 2953 1493 dicitur,
2996 1428 3050 1482 id
3083 1427 3230 1496 quod
3256 1435 3452 1480 natura

1887 1521 2043 1590 prius
2071 1529 2178 1584 est,
2213 1520 2362 1574 velut
2417 1520 2471 1574 in
2527 1533 2779 1575 numero.
2829 1516 3047 1575 Etenim
3091 1520 3140 1574 si
3179 1521 3290 1574 duo
3317 1519 3453 1582 sint,

1887 1609 2203 1664 necessario
2232 1623 2402 1663 unum
2432 1608 2538 1663 erit
2571 1627 2585 1662 :
2616 1609 2702 1664 sin
2750 1615 2932 1664 autem
2963 1624 3131 1663 unum
3189 1616 3296 1674 est,
3344 1623 3455 1664 non

1889 1701 2018 1756 item
2047 1700 2155 1755 duo
2177 1715 2300 1756 esse
2339 1713 2629 1755 necessum
2691 1707 2800 1756 est.
2852 1698 3031 1754 Erunt
3074 1700 3279 1769 quippe
3320 1699 3451 1762 duo,

188 1806 376 1857 κονος,
408 1793 504 1845 καὶ
535 1789 706 1856 οὕτως
732 1792 1122 1864 πρεσϐύτερος,
1149 1793 1245 1848 καὶ
1265 1793 1439 1859 οὕτως
1461 1797 1779 1860 ὶπίσκοπος.

1889 1806 2052 1846 unum
2080 1799 2138 1846 et
2169 1807 2338 1846 unum
2375 1808 2390 1845 :
2423 1805 2591 1846 unum
2626 1797 2831 1854 autem,
2866 1791 2976 1846 duo
3017 1805 3126 1846 non
3149 1798 3256 1846 est.
3292 1789 3366 1844 ita
3400 1791 3458 1844 lit

187 1882 431 1950 Λέγεται
466 1884 560 1936 καὶ
594 1885 737 1954 ἀρχὴ
766 1884 907 1937 κατὰ
937 1885 997 1938 τὸ
1022 1884 1213 1952 αῐτιον,
1242 1885 1516 1941 καὶτοῦτο
1546 1887 1745 1960 τριχῶς
1765 1905 1780 1918 ’

187 1967 225 2040 ἢ
275 1968 392 2039 7&9
445 1971 696 2038 φυσικὸν,
746 1971 820 2034 ὼς
858 1971 1000 2043 ἀρχὴ
1046 1972 1188 2037 υἱοῦ,
1218 1975 1435 2046 πατήρ·
1485 1975 1519 2046 ἢ
1571 1994 1784 2047 ποιητι-

191 2057 316 2125 κὸν,
369 2057 451 2121 ὡς
502 2060 644 2131 ἀρχὴ
703 2061 954 2128 κτίσεως,
992 2075 1020 2127 ὁ
1063 2063 1322 2133 κτίστης·
1382 2064 1416 2136 ἢ
1470 2066 1784 2136 μιμητικὸν,

190 2147 271 2211 ὡς
321 2149 472 2220 ἁρχὴ
525 2151 735 2214 εἰκόνος
771 2151 830 2205 τὸ
859 2153 1290 2226 είκονιζόμενον·
1326 2157 1469 2210 κατὰ
1498 2157 1791 2223 τοσούτους

191 2235 291 2292 οῦν
319 2242 586 2309 τρόπους,
628 2242 929 2314 λεγομένης
975 2245 1076 2314 τῆς
1123 2247 1320 2317 ἀρχῆς,
1355 2249 1531 2303 ἐκεῖνό
1575 2252 1692 2304 ἐστι
1727 2252 1788 2305 τὸ

205 2331 386 2393 ὅντως
415 2329 650 2402 ἄναρχον
670 2331 961 2402 λεγόμενον
978 2350 991 2364 ο
1016 2334 1133 2398 πῶς
1158 2333 1251 2390 οῦν
1271 2337 1365 2391 δύο
1385 2339 1557 2411 ἀρχὰς
1586 2341 1651 2393 σὺ
1683 2341 1789 2411 φὴς

193 2421 512 2491 ἀνάρχους;
620 2423 792 2476 MAN.
851 2424 1008 2478 Κατὰ
1068 2425 1280 2494 πάντας
1338 2429 1466 2492 τοὺς
1532 2429 1785 2500 τρόπους.

196 2513 355 2568 ΟΡΘ.
418 2512 651 2576 ιὈὕτως
698 2513 808 2585 γὰρ
852 2514 1066 2568 ἔσονται
1108 2517 1370 2587 ἄναρχοι·
1428 2519 1543 2572 ἀλλ’
1577 2520 1788 2588 ἐψεύσω

196 2603 348 2657 κατὰ
369 2603 470 2674 τῆς
495 2603 723 2657 σεαυτοῦ
751 2604 998 2675 κορυφῆς
1018 2621 1032 2634 ·
1067 2605 1177 2658 ἀπὸ
1204 2606 1434 2675 ψεύδους
1459 2608 1786 2680 ἀρξάμενος,

197 2697 468 2766 ἀδόκιμον
501 2695 643 2760 ἕξεις
673 2697 734 2749 τὸ
763 2698 934 2761 τέλος.
1010 2699 1183 2753 MAN.
1225 2700 1350 2764 Πῶς
1382 2700 1541 2756 τοῦτο
1568 2703 1786 2774 λέγεις;

200 2787 362 2840 υΡΘ.
408 2785 512 2838 Δύο
545 2786 734 2852 εἰπὼν,
763 2789 870 2841 ἀπὺ
894 2789 1128 2860 ἀριθμοῦ
1159 2791 1309 2862 ῆρξω
1331 2808 1346 2824 ο
1381 2792 1447 2846 τὰ
1471 2793 1526 2848 δὲ
1552 2794 1667 2862 δύο,
1688 2798 1789 2850 οὐκ

199 2879 352 2950 ἀρχή
376 2893 390 2907 ·
421 2876 554 2947 ἄλλη
586 2877 694 2948 7&9
721 2877 864 2948 ἀρχὴ
890 2878 999 2932 τῶν
1028 2879 1199 2952 δύο.ἡ
1233 2881 1422 2951 μονάς.
1446 2884 1582 2955 Περὶ
1613 2886 1792 2956 ἀρχῆς

200 2969 301 3024 οῦν
347 2969 753 3040 διαλεγόμενος,
805 2969 934 3040 μίαν
983 2969 1159 3042 ἀρχὴν
1192 2973 1336 3038 εἰπὲ,
1367 2975 1456 3028 ἵνα
1543 2977 1726 3030 τελεία
1753 2979 1787 3048 ή

1887 1890 1947 1938 ιιι
1974 1897 2138 1938 unum
2163 1881 2323 1953 5.3],
2354 1881 2588 1938 duorum
2621 1881 2956 1951 principium
2983 1880 3218 1936 dicatur.
3245 1879 3458 1934 Princi-

1884 1973 2036 2045 pium
2061 1972 2129 2029 de
2151 1973 2349 2028 ordine
2375 1987 2598 2043 quoque
2622 1972 2828 2028 dicitur
2851 1989 2867 2038 ;
2900 1979 2961 2026 ut
2987 1971 3164 2042 prima
3194 1971 3457 2041 dignitas,

1885 2066 2061 2120 lector
2105 2071 2220 2131 est,
2268 2064 2468 2120 deinde
2508 2063 2908 2128 subdiaconus,
2941 2070 3134 2132 postea
3163 2063 3457 2125 diaconus,

1886 2163 2001 2212 tum
2035 2156 2345 2226 presbyter,
2372 2169 2436 2210 ac
2461 2155 2678 2210 demum
2701 2156 3017 2224 episcopus.
3042 2152 3285 2224 Denique
3309 2153 3462 2223 prin-

1887 2247 2090 2317 cipium
2126 2246 2195 2302 de
2238 2261 2406 2302 causa
2457 2247 2701 2312 dicitur;
2769 2245 2934 2316 idque
2993 2245 3284 2300 trifariam.
3351 2246 3462 2298 Aut

1885 2339 2028 2392 enim
2064 2352 2232 2393 causa
2280 2336 2548 2393 naturalis
2595 2346 2703 2403 est,
2748 2344 2808 2392 ut
2846 2338 3181 2409 principium
3234 2336 3332 2391 lilii
3376 2347 3462 2392 est

1887 2436 2043 2499 pater
2094 2446 2109 2483 :
2159 2435 2256 2482 aut
2287 2426 2546 2492 elliciens,
2601 2434 2662 2482 ut
2699 2429 2778 2482 rei
2836 2427 3074 2482 condita:
3129 2426 3460 2496 principium

1887 2527 1973 2574 est
2010 2517 2263 2573 conditor
2291 2535 2305 2572 :
2360 2525 2456 2573 aut
2499 2517 2852 2587 exemplaris,
2881 2525 2941 2572 ut
2971 2517 3226 2586 imaginis
3256 2517 3464 2586 princi-

1887 2610 2036 2679 pium
2065 2617 2151 2664 εει
2181 2607 2236 2662 id
2276 2622 2305 2662 a
2345 2623 2456 2678 quo
2489 2607 2669 2676 imago
2700 2605 2943 2661 ducitur.
2991 2605 3128 2660 Cum
3172 2606 3337 2676 igitur
3384 2614 3466 2660 tot

1887 2700 2066 2758 modis
2100 2699 2356 2771 principii
2407 2713 2608 2752 nomen
2660 2705 2934 2761 sumatur,
2962 2696 3016 2751 id
3061 2697 3282 2752 demum
3337 2711 3465 2754 vere

1887 2794 2141 2864 ἄναρχον,
2174 2793 2290 2847 sire
2312 2790 2569 2862 principii
2599 2805 2815 2861 expers,
2835 2787 3221 2860 diciturlquod
3251 2789 3468 2843 nullum

1887 2883 2220 2955 principium
2259 2879 2555 2951 agnoscit].
2593 2878 2828 2945 Quinam
2872 2880 3040 2950 igitur
3061 2879 3170 2934 duo
3196 2878 3472 2950 principia
3514 2867 3516 2869 ’

1887 2990 2010 3032 εεεε
2033 2975 2139 3040 ais,
2168 2987 2290 3044 quae
2329 2971 2604 3042 principio
2636 2972 2899 3028 careant?
2935 2969 3103 3027 MAN.
3152 2971 3471 3027 Secundum

202 3059 387 3129 ἀρχή’
439 3057 596 3126 φύσει
643 3058 750 3129 γὰρ
801 3059 988 3130 μονὰς,
1019 3061 1163 3132 ἀρχὴ
1201 3062 1410 3126 δυάδος.
1443 3065 1506 3116 Εἰ
1556 3060 1650 3119 οὖν
1695 3065 1789 3120 δύο

1890 3081 2084 3122 omnes
2131 3064 2270 3120 istos
2303 3062 2524 3118 modos.
2567 3061 2780 3118 ORTH.
2822 3061 2915 3118 Sic
2966 3063 3158 3133 utique
3203 3063 3326 3119 sine
3354 3062 3471 3117 ullo

203 3150 401 3222 αρχοιὶ,
421 3150 522 3203 ποῦ
549 3152 582 3222 ἡ
617 3152 776 3221 φύσει
799 3151 1038 3224 προτέρα
1063 3153 1226 3224 ἀρχὴ,
1243 3155 1566 3228 τουτέστινή
1588 3157 1755 3224 μονάς
1776 3175 1789 3222 ς

1898 3156 2172 3228 principio
2216 3164 2401 3211 erunt.
2438 3154 2639 3209 Verum
2689 3153 2952 3210 mentitus
2990 3170 3050 3210 es
3084 3162 3277 3210 contra
3306 3161 3471 3223 caput

207 3253 371 3298 tuum
401 3259 414 3296 :
445 3258 679 3313 cumque
716 3259 746 3298 a
785 3245 927 3298 falso
954 3245 1245 3315 inceperis,
1276 3245 1548 3302 infelicem
1578 3263 1796 3320 quoque
1834 3249 1993 3304 linem
2026 3248 2318 3304 obtinebis.
2345 3244 2628 3302 MANICII.
2671 3245 2776 3313 Qui
2806 3245 3064 3300 tandem?
3090 3244 3301 3301 OR'l‘H.
3351 3244 3497 3309 Quo-

206 3335 388 3398 niam,
441 3349 567 3388 cum
613 3335 723 3390 duo
767 3336 997 3402 dixeris,
1046 3352 1076 3392 a
1122 3353 1355 3395 numero
1408 3342 1687 3412 incepisti.
1761 3342 2017 3398 Binarius
2076 3350 2270 3412 autem,
2317 3341 2650 3412 principium
2718 3354 2828 3396 non
2870 3349 2976 3396 est.
3046 3338 3248 3394 Binarii
3283 3333 3471 3407 siqui-

205 3427 338 3482 dem
395 3424 541 3479 aliud
599 3425 928 3495 principium
971 3432 1076 3489 est,
1116 3425 1314 3498 nempe
1369 3429 1580 3486 unitas.
1643 3430 1823 3498 Quare
1893 3447 2018 3488 cum
2041 3431 2109 3487 de
2139 3431 2412 3502 principio
2432 3429 2868 3491 disseris,unum
2895 3427 3049 3482 dicas
3072 3436 3291 3498 oportet
3318 3428 3474 3498 prin-

206 3519 446 3589 cipium,
479 3532 589 3588 quo
617 3516 918 3586 perfectum
943 3519 1274 3590 principium
1305 3521 1398 3579 sit.
1431 3521 1629 3580 Unitas
1644 3525 1796 3581 enim
1833 3524 2034 3580 binarii
2060 3523 2390 3594 principium
2413 3531 2521 3580 est.
2553 3520 2612 3577 Si
2641 3522 2815 3592 igitur
2864 3519 2975 3576 duo
2999 3529 3131 3576 sunt
3181 3519 3472 3590 principia,

207 3615 448 3669 ubinam
483 3611 812 3684 principium
855 3613 989 3669 illud
1035 3614 1160 3682 erit,
1205 3617 1348 3685 quod
1384 3625 1585 3672 natura
1636 3619 1794 3690 prius
1831 3619 1925 3685 sit,
1960 3620 2066 3675 hoc
2097 3627 2184 3674 est
2216 3617 2439 3674 unitas?

284 3705 353 3761 δ’.
394 3706 566 3761 MAN.
608 3705 680 3758 Σὺ
727 3703 822 3760 οὖν
869 3710 1018 3777 τρεῖς
1053 3708 1381 3776 ὑποστάσεις
1423 3713 1639 3781 λέγεις;
1688 3713 1798 3768 Καὶ

209 3799 340 3862 πῶς
370 3797 674 3866 λέγεις,ὃτι
695 3798 803 3852 ἀπὸ
833 3799 1059 3869 μονάδος
1083 3800 1165 3853 δεῖ
1191 3800 1482 3872 ἄρχεσθαι;
1558 3803 1705 3858 ΟΡΘ.
1733 3805 1798 3859 Ei

211 3890 314 3942 καὶ
341 3890 490 3957 τρεῖς
523 3887 847 3950 ὑποστάσεις
876 3886 1042 3956 λέγω,
1075 3888 1212 3942 ἀλλὰ
1239 3891 1368 3960 μίαν
1406 3892 1582 3964 ἀρχήν
1611 3911 1754 3965 φημι
1777 3909 1794 3926 ο

209 3977 399 4051 ἀρχὴν
433 3976 540 4048 γὰρ
577 3979 606 4030 ὁ
655 3976 844 4047 Πατὴρ
868 3976 998 4030 Υἱοῦ
1043 3979 1142 4032 καὶ
1189 3979 1527 4052 Πνεύματος,
1562 3984 1622 4036 οὐ
1654 3984 1797 4038 κατὰ

210 4071 436 4142 χρόνον,
467 4066 603 4122 ἀλλὰ
630 4067 751 4119 κατ’
777 4066 1092 4121 αἰτίαν.Ἐκ
1124 4069 1335 4140 Πατρδς
1364 4070 1473 4141 γὰρ
1504 4072 1676 4140 Λόγος
1704 4073 1800 4128 καὶ

211 4159 476 4230 Πνεῦμα,
509 4160 557 4210 εἰ
588 4155 682 4210 καὶ
717 4156 791 4228 μὴ
821 4156 960 4226 μετὰ
989 4157 1452 4232 Πατέρα.Ὢσπερ
1478 4161 1586 4232 7&9
1612 4163 1678 4216 ὲκ
1702 4163 1798 4218 τοῦ

211 4251 396 4324 πυρὸς
429 4249 670 4318 φῶς,καὶ
694 4249 753 4302 οὐ
776 4249 1095 4319 προτερεύει
1121 4251 1263 4305 κατὰ
1287 4253 1478 4322 χρόνον
1501 4255 1561 4308 τὸ
1580 4255 1688 4325 πῦρ
1707 4255 1801 4310 τοῦ

1908 3753 1912 3758 -
2010 3714 2064 3770 4.
2104 3711 2272 3768 MAN.
2319 3713 2483 3782 Atqui
2520 3718 2579 3765 tu
2621 3723 2842 3781 quoque
2872 3715 2986 3764 tres
3023 3720 3288 3776 personas
3313 3705 3476 3763 dicis.

1901 3802 2044 3869 Quid
2067 3803 2236 3875 igitur
2260 3809 2368 3867 est,
2403 3815 2504 3856 cur
2543 3799 2613 3853 ab
2637 3799 2848 3853 unitate
2882 3796 3254 3866 incipiendum
3290 3796 3476 3852 dicas!

1900 3894 2111 3951 ORTH.
2140 3893 2258 3949 Etsi
2295 3900 2408 3949 tres
2433 3905 2700 3961 personas
2733 3889 2895 3956 dico;
2936 3897 3118 3943 tamen
3149 3888 3476 3958 principium

1901 4001 2073 4040 unum
2103 4000 2229 4041 esse
2258 3985 2366 4038 aio.
2393 3983 2553 4037 Pater
2580 3981 2726 4037 enim
2758 3980 2882 4034 Filii
2929 3986 2985 4035 et
3031 3978 3269 4049 Spiritus
3299 3979 3478 4034 sancti

1903 4078 2234 4148 principium
2265 4084 2384 4142 est;
2417 4089 2529 4128 non
2575 4072 2860 4142 temporis,
2892 4070 2990 4126 sed
3021 4085 3204 4126 causa
3239 4070 3474 4123 ratione.

1906 4169 2188 4240 Siquidem
2227 4177 2282 4224 et
2337 4166 2510 4222 Filius
2545 4176 2601 4220 et
2643 4165 2880 4234 Spiritus
2925 4170 3156 4218 sanctus
3205 4176 3270 4215 ex
3316 4159 3478 4216 Patre

1907 4271 2070 4326 sunt,
2123 4276 2235 4316 non
2288 4268 2472 4315 tamen
2532 4265 2656 4329 post
2717 4255 2958 4310 Patrem.
3009 4253 3478 4319 Quemadmodum

212 4342 442 4414 φωτός’
487 4341 748 4395 ἀδύνατον
772 4340 881 4413 γάρ
910 4337 1049 4394 εἶναι
1079 4342 1190 4414 πῦρ
1215 4344 1546 4412 ἀφώτιστον
1579 4348 1723 4419 ἀρχὴ
1747 4348 1804 4402 δέ

212 4439 367 4498 ἐστι,
400 4433 493 4486 καὶ
521 4433 669 4486 αἰτία
699 4432 759 4486 τὸ
790 4432 900 4504 πῦρ
944 4432 1038 4486 τοῦ
1089 4435 1150 4498 ἐξ
1197 4435 1359 4500 αὐτοῦ
1411 4439 1620 4506 φωτός’
1662 4440 1803 4494 οὕτω

1905 4369 1970 4410 ει
1998 4354 2122 4425 igne
2155 4355 2246 4406 lux
2273 4351 2467 4413 oritur,
2497 4365 2601 4404 nec
2633 4356 2815 4402 tamen
2848 4345 2991 4416 ignis
3023 4345 3201 4398 lucem
3237 4351 3479 4412 tempore

1904 4445 2177 4500 antecedit
2212 4456 2414 4511 ineque
2454 4439 2602 4494 enim
2638 4437 2752 4491 ﬁeri
2787 4441 3000 4506 potest,
3055 4443 3112 4488 ut
3159 4434 3304 4503 ignis
3359 4434 3483 4488 luce

213 4526 322 4580 καὶ
353 4525 381 4577 ὁ
411 4522 598 4594 Πατὴρ
646 4521 824 4593 ἀρχὴ,
859 4523 953 4576 καὶ
1001 4523 1150 4578 αἰτία
1202 4525 1297 4579 τοῦ
1342 4527 1517 4597 Λόγου
1569 4530 1663 4583 καὶ
1706 4529 1789 4584 τοί

1902 4543 2130 4605 careat),
2171 4548 2360 4589 verum
2395 4533 2536 4602 ignis
2568 4529 2795 4585 luminis
2830 4529 2976 4583 illius
3013 4526 3158 4597 quod
3183 4542 3247 4580 ex
3281 4541 3340 4581 se
3369 4525 3481 4580 ori-

212 4615 580 4685 Πνεῦματοςο
611 4616 676 4667 ὲκ
701 4614 798 4667 τοῦ
835 4613 1047 4685 Πατρδς
1079 4616 1188 4688 7&9
1219 4617 1392 4686 Λόγος
1421 4621 1518 4674 καὶ
1546 4621 1789 4693 πνεῦμα⁴

1906 4638 2016 4692 tur,
2033 4626 2368 4697 principium
2395 4633 2563 4694 atque
2597 4637 2766 4678 causa
2799 4630 2882 4676 est
2913 4639 2927 4675 :
2963 4620 3153 4674 eodem
3186 4620 3351 4673 modo
3382 4617 3480 4672 Pa-

210 4711 282 4763 οὐ
317 4706 637 4778 προτερεύει
667 4706 724 4760 δὲ
749 4706 942 4778 χρόνῳ.
960 4707 1245 4762 ’Λδύνατον
1272 4712 1383 4782 7&9
1408 4708 1549 4766 εἶναι
1575 4716 1789 4786 Πατέρα

1901 4727 1986 4775 ιει·
2012 4732 2233 4788 quoque
2299 4716 2464 4772 Verbi
2493 4723 2548 4770 et
2579 4714 2816 4785 Spiritus
2847 4713 3027 4770 sancti
3066 4711 3394 4782 principium
3430 4721 3482 4765 et

212 4801 289 4854 ὲκ
317 4797 414 4850 τοῦ
444 4796 594 4864 Υἱοῦ,
628 4796 657 4864 ἢ
682 4797 878 4866 Λόγου,
913 4799 978 4849 ὲκ
1000 4796 1097 4850 τοῦ
1123 4799 1435 4870 Πνεῦματος
1454 4814 1499 4858 ο.
1528 4803 1672 4858 Μίαν
1703 4802 1789 4859 οὖν

1903 4823 2071 4862 causa
2095 4815 2177 4863 est
2201 4807 2351 4878 (nam
2369 4814 2425 4862 et
2438 4805 2680 4861 Verbum
2701 4811 2756 4860 et
2782 4802 3025 4874 Spiritus
3041 4816 3109 4858 ex
3128 4801 3288 4857 Patre
3309 4801 3487 4871 sunt),

308 4938 328 4968 ⁸
388 4933 522 4989 Vide
555 4931 782 4988 Dialect.
808 4944 930 5002 cap.
958 4932 990 4986 7
1032 4941 1086 4990 et
1106 4932 1194 4989 59.

1477 5097 1713 5158 VARIE
1770 5097 2171 5154 LECTIONES.

273 5255 309 5328 Ρ
329 5249 455 5328 Haec
470 5255 631 5328 verba
650 5255 947 5328 ilanichaeo
973 5257 1261 5328 tribuenda
1278 5266 1468 5313 censet
1487 5257 1680 5312 Billius
1705 5257 2123 5328 refragantibus
2141 5273 2273 5314 mss.
2288 5297 2303 5321 ,
2330 5259 2410 5312 uti
2440 5272 2541 5313 nec
2569 5259 2686 5324 ipse
2706 5257 2969 5313 dillitetur
2996 5275 3012 5311 :
3033 5273 3060 5310 a
3079 5255 3483 5328 quibustamen

228 5323 523 5399 discedere
556 5325 690 5399 nillil
722 5340 822 5380 nos
857 5329 1026 5399 cogit.
1089 5338 1110 5366 ο
1129 5327 1352 5399 Legis_s_e
1382 5329 1600 5399 ridetur
1633 5323 2024 5394 Billiusféxrbg
2051 5329 2144 5383 τοῦ
2166 5329 2401 5399 Λόγου,ῆ
2437 5323 2629 5399 Λόγον,
2654 5329 2810 5399 ἐκτὸς
2839 5328 2932 5399 τοῦ
2951 5323 3484 5399 Πνεῦματος..νεινιιι

229 5393 432 5447 enim:
487 5402 546 5465 ut
614 5391 776 5465 Pater
829 5391 953 5449 sine
972 5399 1142 5461 verbo,
1189 5391 1237 5450 εἱ
1283 5395 1506 5451 Verbum
1537 5399 1648 5452 sine
1677 5391 1867 5465 spiritu
1897 5391 2118 5454 sit—An
2175 5391 2318 5454 idin
2349 5391 2480 5453 'cbu.
2526 5391 2840 5451 'cardinalis
2895 5391 3351 5462 Sirleti'lcgerit,
3399 5405 3485 5465 me

232 5478 473 5532 prorsus
510 5464 677 5536 latet.
697 5463 895 5536 Verum
926 5467 1327 5536 alia_auctoris
1360 5483 1515 5522 mens
1537 5483 1658 5522 esse
1688 5460 1926 5525 ridetur.
1966 5468 2220 5525 Declarat
2248 5483 2446 5536 nempe
2486 5465 2802 5536 divinarum
2860 5460 3279 5536 processionum
3337 5460 3486 5536 (διίη-

235 5529 390 5608 irem,
425 5547 535 5608 quo
560 5532 680 5608 ﬁeri
713 5535 925 5603 nequit,
957 5544 1017 5608 ut
1043 5534 1202 5591 Pater
1236 5534 1362 5592 Filii
1406 5538 1738 5608 principium
1775 5555 1884 5594 non
1916 5541 2008 5602 sit,
2039 5546 2137 5592 aut
2169 5553 2198 5590 a
2232 5529 2444 5608 Spiritu
2480 5544 2679 5608 sancto
2713 5529 3286 5608 origin_em___aecipiat
3346 5529 3485 5583 Vcr-

235 5601 398 5654 bum.
433 5601 518 5680 De
542 5601 849 5680 divinarum
880 5607 1082 5680 quippe
1123 5601 1484 5680 perspnarum
1527 5601 1692 5680 unico
1719 5601 2001 5680 principio
2023 5601 2647 5679 disputat'Ortboduxus
2671 5645 2686 5673 ,
2720 5601 2830 5660 non
2871 5604 2938 5660 de
2984 5601 3201 5658 illarum
3238 5603 3380 5658 inter
3423 5611 3486 5655 se

235 5672 631 5728 communione
656 5672 912 5740 indivisa,
949 5672 1030 5731 de
1055 5672 1162 5746 qua
1186 5675 1331 5730 infra
1365 5677 1685 5752 disseritur.
