3980 6140
550 260 684 327 1511

1718 259 1780 319 S.
1813 257 2134 320 JOANNIS
2172 252 2605 325 DAMASCENI

3684 258 3798 324 iE-li

544 392 648 433 nec
680 384 862 432 tamen
891 382 1138 444 tempore
1163 373 1233 431 iis
1266 372 1552 444 antiquior
1588 382 1695 428 est.
1731 370 1917 443 Neque
1971 373 2116 429 enim

2234 375 2388 448 ὶρχὴν
2415 377 2679 448 ὁμολογῶ,
2710 378 2785 441 ὡς
2818 380 2991 433 αίτιον
3021 376 3267 447 φυσικὸν,
3295 378 3390 431 τὸν
3423 376 3664 447 Πατέρα
3714 376 3801 429 διὸ-

545 466 668 522 lieri
704 474 882 537 potest
910 473 969 520 ut
998 464 1160 520 Pater
1195 480 1262 521 ex
1299 464 1444 519 Filio
1488 464 1563 521 sit
1585 502 1602 529 ,
1648 472 1744 519 aut
1776 463 2011 520 Verbum
2049 479 2115 521 ex

2234 483 2319 536 γου
2360 466 2457 521 καὶ
2497 468 2834 540 Πνεύματος.
2866 470 2937 524 Σὺ
2966 470 3022 523 δὲ
3060 470 3121 523 οὐ
3153 469 3330 538 λέγεις
3364 467 3427 522 ἐκ
3464 467 3574 521 τοῦ
3606 468 3799 535 ἀγαθοῦ

546 556 756 629 Spiritu
789 564 1004 614 sancto.
1038 555 1312 622 Quocirca
1341 556 1676 627 principium
1722 570 1892 610 unum
1941 555 2115 611 conli-

2217 558 2312 612 τὸν
2340 562 2600 632 πονηρὸν,
2627 561 2749 616 οὐδὲ
2771 558 2861 617 τὸν
2883 562 3089 632 ἀγαθὸν
3112 564 3177 616 ὲκ
3196 562 3293 615 τοῦ
3318 560 3599 632 πονηροῦ.

543 662 685 711 reor,
726 654 787 701 ut
813 646 977 702 Verbi
1005 660 1069 701 ac
1096 644 1337 716 Spiritus
1357 646 1531 702 sancti
1561 658 1727 701 causa
1765 645 2034 701 naturalis
2067 644 2141 702 sit
2174 643 2357 705 Pater.
2380 649 2449 706 At
2477 658 2537 706 tu
2566 658 2668 708 nec
2690 652 2892 707 malum
2920 666 2986 707 ex
3006 650 3173 717 bono,
3195 666 3298 707 nec
3358 666 3567 708 rursus
3608 650 3801 706 bonum

543 752 609 793 ex
636 738 783 792 malo
814 746 998 793 ortum
1028 739 1230 794 habere
1258 738 1422 795 dicis.

614 830 668 884 5.
706 828 865 895 Quod
894 840 1073 885 autem
1104 829 1222 885 ﬁeri
1256 838 1510 900 nequeat,
1527 839 1589 887 ut
1617 831 1728 888 duo
1755 840 1937 889 vestra
1964 831 2121 904 prino

542 921 688 992 cipia
728 921 991 991 temporis
1031 922 1245 977 ratione
1282 922 1555 992 principio
1590 933 1835 987 careant,
1866 923 1935 979 ad
1972 923 2121 980 hunc

543 1011 765 1067 modum
789 1026 1208 1083 cognoscemus.
1234 1011 1393 1077 Quod
1418 1022 1597 1068 ortum
1629 1028 1739 1069 non
1768 1014 1983 1083 habuit,
2016 1015 2119 1069 im-

543 1106 810 1161 mutabile
832 1114 938 1161 est.
973 1100 1109 1159 Nam
1161 1119 1209 1159 st
1239 1111 1512 1159 mutatum
1562 1110 1667 1170 est,
1713 1104 1861 1159 haud
1892 1104 2118 1161 omnino

544 1204 670 1253 ortu
703 1203 878 1252 caret.
902 1194 1117 1253 Etenim
1142 1208 1267 1248 cum
1315 1193 1385 1248 ab
1430 1193 1759 1264 incorporeo
1797 1196 1852 1248 in
1893 1210 2124 1266 corpus,

546 1294 643 1342 aut
668 1289 737 1342 ab
768 1286 991 1342 informi
1014 1285 1072 1340 in
1101 1283 1359 1348 formam,
1386 1292 1481 1337 aut
1512 1285 1581 1339 ab
1609 1284 1875 1341 immobili
1908 1285 1976 1339 ad
2004 1300 2125 1340 mo-

546 1388 687 1445 tum,
742 1386 897 1434 auta
944 1377 1129 1448 quiete
1172 1384 1227 1431 et
1263 1375 1668 1445 tranquillitate
1721 1376 1775 1431 in
1826 1376 2121 1433 dlssidium

546 1482 812 1538 mutatur,
854 1472 1050 1543 incipit
1072 1470 1189 1527 ﬁeri
1212 1470 1265 1525 id
1296 1468 1442 1539 quod
1471 1476 1597 1524 ante
1621 1484 1730 1524 non
1762 1478 1881 1525 erat
1907 1490 1920 1526 :
1946 1486 2123 1542 eoque

415 1601 435 1614 .
546 1566 607 1621 ﬁt
671 1573 731 1621 ut
774 1562 1265 1635 neque-principio
1296 1568 1501 1627 careat,
1536 1576 1603 1616 eo
1634 1561 1782 1632 quod
1811 1576 1935 1617 cum
1969 1563 2121 1635 prius

546 1654 691 1710 initii
732 1668 930 1724 expers
958 1662 1128 1717 esset,
1156 1658 1401 1707 mutetur
1434 1650 1490 1704 in
1521 1649 1625 1704 hoc
1654 1649 1803 1720 quod
1829 1665 1953 1707 esse
1982 1652 2123 1706 inci.

2296 839 2357 890 ε’.
2389 834 2510 889 Ὅτι
2535 832 2595 888 δὲ
2623 833 2684 888 οὐ
2711 825 2852 912 κᾶτὰ
2879 830 3073 905 χρόνον
3098 833 3367 906 άνάρχους
3404 829 3559 887 εἶναι
3590 834 3803 888 δυνατὴ

2223 923 2323 988 τὰς
2352 924 2475 978 καθ’
2508 924 2654 995 ὑμᾶς
2692 924 2787 979 δύο
2817 925 3014 995 ἀρχὰς,
3043 923 3187 979 οὕτω
3228 924 3597 995 γνωσόμεθα·
3655 924 3717 976 τὸ
3744 925 3803 993 μὴ

2224 1014 2533 1088 ἀρξάμενον
2557 1015 2651 1070 τοῦ
2678 1014 2839 1083 εἶναι,
2861 1010 3133 1088 ἄτρεπτόν
3151 1016 3297 1071 ἐστιν
3317 1028 3329 1048 ⁶
3347 1020 3399 1071 εί
3423 1016 3547 1089 γὰρ
3575 1017 3802 1088 ἐτράπη.

2222 1106 2283 1159 οὐ
2318 1105 2595 1170 παντελῶς
2626 1107 2773 1161 ἐστιν
2803 1104 3418 1179 ἄναρχον.Τρεπόμενον
3436 1107 3559 1180 γὰρ
3587 1106 3653 1175 ἐξ
3677 1105 3805 1161 ἀσω-

2227 1197 2399 1268 μάτου
2429 1198 2509 1261 είς
2539 1196 2720 1269 σῶμα,
2756 1192 2790 1270 ἤ
2833 1194 2894 1264 ἐξ
2936 1192 3176 1253 ἀνέιδέου
3208 1201 3287 1264 είς
3314 1190 3481 1267 εἶδος,
3514 1200 3552 1270 ἢ
3596 1200 3663 1264 ἐξ
3696 1200 3807 1253 hx-

2224 1287 2395 1359 νήτου
2425 1288 2505 1351 είς
2532 1288 2768 1359 κίνησιν,
2800 1286 2836 1361 ἢ
2866 1288 2926 1355 ἐξ
2950 1290 3183 1361 ἡσυχίας
3212 1291 3246 1362 ἢ
3272 1279 3516 1361 ἠρεμίας
3551 1293 3641 1354 είς
3688 1292 3805 1344 στά-

2224 1392 2331 1442 σιν,
2354 1376 2580 1448 ἄρχεται
2605 1377 2699 1432 τοῦ
2726 1379 2973 1448 γίνεσθαι
2997 1380 3139 1451 ὅπερ
3161 1380 3260 1434 οὐκ
3282 1376 3351 1452 ἦν
3374 1381 3694 1451 πρότερον·
3723 1384 3805 1435 καὶ

2224 1466 2323 1520 οὐκ
2351 1466 2497 1521 ἐστιν
2524 1468 2782 1540 ἄναρχον,
2807 1470 3140 1540 τρεπόμενον
3167 1470 3227 1535 ὲξ
3249 1472 3495 1541 άνάρχου
3528 1472 3617 1534 είς
3648 1471 3806 1542 ἀρχό-

2227 1574 2387 1629 μενον
2407 1574 2423 1591 °
2468 1558 2533 1613 τὸ
2572 1559 2682 1630 γὰρ
2728 1558 2899 1630 ἀρχὴν
2923 1560 3220 1632 λαμϐάνον,
3249 1560 3345 1614 καὶ
3367 1563 3689 1633 ἠργμένον,
3718 1565 3806 1615 οὐκ

2223 1651 2475 1721 ἄναρχον.
2550 1652 2725 1708 MAN.
2765 1652 2831 1705 Τί
2853 1646 2975 1719 οὗνς
3005 1652 3035 1705 ὀ
3064 1654 3206 1708 κατὰ
3230 1653 3291 1706 σὲ
3310 1652 3446 1718 Θεὸς
3465 1651 3578 1707 οὒκ
3602 1652 3805 1723 ἐτράπη

545 1750 649 1821 pit.
683 1748 818 1804 Nam
857 1748 1004 1819 quod
1033 1748 1249 1802 initium
1280 1744 1448 1802 sumit
1489 1753 1545 1799 et
1576 1741 1804 1812 incepit,
1851 1741 2123 1813 principio

2234 1745 2492 1813 γεννήσας
2514 1743 2664 1808 Υίδν,
2691 1744 2787 1798 καὶ
2816 1743 3147 1815 προαγαγὼν
3174 1744 3437 1815 Πνεῦμα;
3518 1733 3682 1798 ΟΡΘ.
3713 1744 3807 1796 ω-

544 1855 659 1900 non
714 1849 883 1896 caret.
939 1837 1105 1893 MAN.
1155 1837 1300 1905 Quid
1353 1834 1564 1908 igitur?
1616 1832 1771 1889 Tuus
1810 1832 1907 1888 ille
1955 1834 2127 1907 Deus,

544 1947 732 1988 annon
774 1946 903 1987 cum
947 1929 1144 1985 Filium
1180 1928 1389 2000 genuit,
1424 1941 1489 1981 ac
1518 1922 1787 1994 Spiritum
1844 1925 2128 1994 produxit,

546 2021 904 2077 mutationem
944 2019 1160 2076 subiit?
1209 2017 1418 2073 OBTH.
1460 2014 1712 2071 Minime.
1750 2012 1937 2085 Neque
1979 2017 2127 2071 enim

544 2109 697 2175 dico,
728 2126 854 2165 cum
887 2110 1042 2180 prius
1071 2107 1236 2163 Pater
1266 2122 1375 2163 non
1406 2112 1575 2172 esset,
1610 2104 1773 2176 532
1805 2114 1990 2175 postea
2024 2105 2129 2161 Pa-

2229 1834 2415 1907 δαμῶς
2435 1851 2449 1866 °
2476 1836 2538 1890 οὐ
2566 1835 2675 1906 γὰρ
2707 1835 2872 1905 λέγω,
2897 1838 2973 1907 μὴ
3005 1836 3083 1890 ὢν
3109 1837 3373 1907 πρότερον
3398 1835 3631 1907 Πατὴρ,
3658 1835 3808 1888 ὓστε-

2233 1942 2323 1996 ρον
2347 1926 2538 1995 γέγονε
2571 1929 2790 1999 Πατήρ·
2827 1926 2941 1982 ἀλλ’
2967 1928 3057 1984 ἀεὶ
3093 1923 3183 1999 ἦν,
3215 1928 3353 1999 ἔχων
3388 1928 3451 1992 ἐξ
3495 1920 3707 1981 ἑαυτοῦ
3730 1928 3808 1979 τὸν

2229 2016 2395 2071 αὑτοῦ
2421 2019 2614 2087 Λόγον,
2648 2022 2744 2073 καὶ
2770 2019 2858 2074 διὰ
2885 2018 2982 2073 τοῦ
3019 2021 3194 2089 Λόγου
3230 2019 3394 2074 αὑτοῦ
3444 2019 3506 2087 ἐξ
3555 2015 3729 2072 αὑτοῦ
3756 2019 3807 2069 τὸ

2228 2109 2455 2181 Πνεῦμα
2483 2110 2648 2165 αὑτοῦ
2673 2112 3126 2183 ἐκπορευόμενον.

544 2207 683 2258 trem
708 2216 832 2258 esse
853 2201 1094 2258 factum:
1129 2199 1246 2265 sed,
1266 2214 1481 2272 semper
1504 2198 1745 2255 Verbum
1775 2212 1936 2254 suum
1958 2215 2025 2257 ex
2057 2215 2117 2257 se
2152 2201 2421 2273 genitum,
2454 2212 2509 2260 et
2561 2219 2659 2276 per
2685 2204 2927 2261 Verbum
2980 2219 3142 2261 suum
3203 2204 3472 2275 Spiritum
3544 2216 3720 2259 suum
3750 2216 3804 2257 ex

558 2306 621 2351 se
652 2292 1038 2363 procedentem
1070 2290 1351 2347 habuiSse.

617 2387 671 2443 6.
710 2383 877 2440 MAN.
919 2384 1057 2441 Cum
1103 2384 1335 2454 posthac
1377 2382 1632 2439 universa
1665 2379 1893 2444 creavit,
1938 2392 2121 2435 annon

2234 2384 2256 2421 r
2301 2386 2377 2445 ς’,
2416 2379 2589 2435 MAN.
2629 2374 2763 2434 Εἶτα
2807 2377 2929 2433 οὐδὲ
2974 2381 3167 2445 κτίσας
3210 2378 3437 2450 ὕστερον
3478 2378 3587 2451 τὴν
3616 2384 3805 2445 κτίσιν,

544 2488 787 2537 mutatus
817 2485 923 2541 est,
962 2475 1217 2531 conditor
1250 2488 1435 2530 rerum
1464 2475 1679 2531 lactus?
1702 2470 1913 2530 ORTH.
1938 2471 2125 2526 Nulla-

2234 2471 2442 2543 ίτράπη
2506 2470 2837 2544 δημιουργὸς
2889 2472 3210 2543 γενόμενοςς
3296 2472 3456 2526 ΟΡΘ.
3520 2474 3810 2545 Οὐδαμῶς.

544 2575 729 2625 tenus.
766 2566 929 2622 MAN.
958 2565 1141 2621 Eccur
1160 2564 1380 2620 tandem
1408 2565 1594 2621 istud?
1618 2563 1829 2621 ORTH.
1849 2562 2120 2629 Quoniam

2234 2563 2397 2617 MAN.
2438 2563 2566 2628 Πῶς
2611 2563 2769 2617 τοῦτο
2810 2563 3024 2633 λέγεις;
3101 2562 3254 2618 ΟΡΘ.
3281 2563 3405 2619 Ὀτι
3453 2566 3565 2619 οὐκ
3617 2568 3682 2619 ἑκ
3722 2562 3814 2638 τῆς

548 2659 605 2715 id
637 2672 799 2713 omne
828 2657 978 2727 quod
1006 2654 1273 2719 condidit,
1303 2668 1413 2709 non
1442 2669 1507 2709 ex
1537 2654 1846 2710 substantia
1869 2668 1991 2718 sua,
2023 2651 2121 2708 sed

2234 2654 2412 2719 οὐσίας
2453 2654 2622 2709 αὐτοῦ
2661 2653 2761 2725 τὴν
2788 2654 2967 2710 κτίσιν
2996 2655 3332 2727 προήγαγεν,
3368 2654 3490 2709 ἀλλ’
3516 2656 3590 2710 ὲκ
3619 2658 3716 2710 τοῦ
3745 2661 3814 2729 μὴ

545 2763 647 2807 sua
679 2749 962 2804 voluntate
989 2762 1059 2803 ex
1100 2746 1273 2801 nihilo
1320 2744 1603 2815 produxit.
1657 2741 1824 2800 MAN.
1874 2745 1946 2799 At
1990 2758 2121 2800 vero

2234 2747 2375 2811 ίντος
2418 2749 2498 2811 είς
2538 2746 2601 2800 τὸ
2643 2740 2810 2811 εἶναι,
2833 2744 3120 2817 θελήματι.
3194 2746 3365 2801 MAN.
3407 2742 3549 2801 Είτα
3578 2750 3678 2802 ὅτε
3706 2750 3815 2820 ἠθέ-

545 2854 675 2896 eum
702 2853 793 2896 res
818 2837 1073 2894 conditas
1110 2839 1379 2894 exsistere
1413 2837 1611 2906 voluit,
1638 2848 1824 2894 annon
1872 2844 2117 2893 mutatus

2234 2842 2354 2910 λησε
2379 2838 2633 2908 γενέσθαι
2666 2838 2766 2909 τὴν
2796 2836 2998 2902 κτίσιν,
3022 2837 3121 2891 οὐκ
3147 2838 3381 2909 ἐτράπη,
3409 2837 3663 2909 θελήσας
3686 2837 3817 2912 ὅπερ

461 2927 467 2933 ’
545 2938 651 2993 est,
679 2944 803 2985 cum
836 2927 913 2994 id,
938 2925 1091 2998 quod
1124 2934 1282 2981 antea
1314 2941 1426 2982 non
1461 2926 1671 2984 volebat
1693 2970 1710 2995 ,
1749 2927 1888 2983 velle
1910 2926 2118 2998 coepit?

2234 2927 2323 2980 sint
2345 2925 2504 2996 ἤθελε
2528 2926 2827 2997 πρότερον;
2905 2925 3057 2979 ΟΡΘ.
3100 2924 3364 2996 Οὐδαμῶς
3384 2939 3397 2954 ·
3429 2926 3495 2979 οὐ
3530 2928 3650 2997 γὰρ
3684 2931 3817 3001 πρό-

545 3019 756 3079 ORTH.
791 3018 1142 3090 Neutiquam.
1173 3017 1294 3074 Non
1321 3018 1467 3074 enim
1490 3032 1616 3073 cum
1652 3018 1808 3089 prius
1830 3018 2118 3083 noluisset,

2234 3034 2381 3088 τερον
2426 3016 2502 3088 μὴ
2547 3014 2739 3083 Θέλων,
2772 3016 2998 3089 ὕστερον
3031 3014 3317 3087 ⁴ἠθέλησεν,
3346 3015 3463 3070 ἀλλ’
3500 3015 3594 3071 ἀεὶ
3627 3019 3820 3090 ἢθελεν

546 3120 737 3186 postea
763 3112 937 3168 voluit
965 3130 981 3167 :
1014 3110 1115 3166 sed
1146 3123 1365 3180 semper
1386 3109 1491 3165 boc
1519 3109 1716 3178 voluit,
1760 3116 1821 3163 ut
1857 3119 2125 3165 creaturae

2234 3109 2284 3163 ὲν
2326 3106 2405 3179 τῷ
2442 3108 2535 3162 ὑπ’
2558 3107 2725 3162 αὑτοῦ
2750 3107 3039 3181 ὡρισμένῳ
3066 3106 3240 3179 καιρῷ
3267 3106 3526 3175 γενέσθαι
3556 3109 3663 3180 τὴν
3702 3108 3821 3164 κτί-

544 3205 761 3270 ﬂerent,
787 3218 899 3275 quo
927 3204 1045 3274 ipse
1079 3208 1329 3271 tempore
1361 3202 1750 3257 constituerat.

617 3296 671 3351 7.
704 3293 825 3350 Jam
871 3292 1019 3365 quod
1052 3308 1122 3347 ne
1165 3290 1387 3361 quidem
1429 3290 1541 3345 duo
1586 3304 1711 3345 esse
1747 3289 1984 3360 possint,
2032 3290 2126 3360 qui

545 3385 822 3460 principio
885 3382 1188 3439 secundum
1245 3382 1429 3436 locum
1496 3388 1746 3445 careant,
1798 3380 1903 3436 hoc
1963 3381 2127 3437 modo

546 3477 965 3549 perspiciemus.
1001 3472 1121 3528 Duo
1149 3474 1278 3539 ista,
1309 3478 1407 3526 aut
1436 3470 1671 3526 alterum
1694 3471 1752 3525 in
1768 3471 1942 3527 altero
1966 3478 2128 3526 erunt

548 3569 629 3639 (at
673 3565 1013 3637 impossibile
1042 3571 1128 3620 est
1179 3571 1240 3618 ut
1275 3563 1370 3618 lux
1395 3568 1453 3617 et
1492 3561 1733 3617 tenebrae
1780 3562 1943 3616 simul
1978 3561 2129 3616 exsi-

547 3667 731 3724 stant;
776 3672 905 3713 cum
956 3657 1095 3713 lucis
1128 3654 1426 3727 praesentia
1484 3652 1743 3709 tenebras
1794 3652 2005 3724 pellat),
2035 3660 2131 3707 aut

548 3758 843 3819 utrumque
876 3748 1112 3804 seorsim
1143 3747 1199 3801 in
1241 3745 1362 3802 loco
1396 3744 1623 3816 proprio
1669 3751 1774 3801 est.
1823 3743 2131 3813 Utrumque

546 3838 715 3908 igitur
746 3852 848 3892 suo
867 3838 991 3892 loco
1017 3836 1525 3900 circumscribetur,
1558 3844 1722 3905 atque
1747 3834 1910 3890 unius
1937 3833 2129 3889 termi-

548 3941 676 3992 nus,
709 3924 937 3981 alterius
983 3925 1204 3979 initium
1235 3926 1363 3981 erit.
1400 3925 1606 3981 Verum
1638 3924 1755 3979 ﬁeri
1787 3939 1897 3979 non
1950 3929 2132 3994 potest

548 4022 682 4094 quin
716 4021 901 4076 lumen
942 4019 1186 4075 tenebris
1228 4017 1622 4083 admisceatur,
1659 4018 1765 4073 nisi
1813 4017 2019 4087 aliquid
2059 4016 2133 4071 sit

548 4113 931 4185 interiectum,
980 4110 1130 4182 quod
1185 4109 1478 4179 utriusque
1527 4108 1975 4178 coniunctionem
2030 4107 2133 4162 im-

548 4206 754 4278 pediat.
788 4202 940 4275 Opus
989 4202 1176 4272 itaque
1229 4198 1424 4265 fuerit,
1462 4207 1578 4254 tum
1626 4200 1801 4253 lucem
1845 4198 2133 4269 ipsiusque

549 4301 755 4363 locum,
784 4306 899 4351 tum
941 4295 1198 4352 tenebras
1240 4291 1598 4362 ipsarumque
1648 4291 1829 4345 locum
1874 4305 2035 4357 esse;
2066 4304 2133 4347 ac

2226 3215 2332 3255 σιν.

2296 3288 2358 3354 ζ’.
2397 3288 2523 3343 Ὅτι
2550 3288 2609 3343 δὲ
2630 3288 2751 3343 οὐδὲ
2783 3288 2927 3343 κατὰ
2956 3289 3122 3343 τόπον
3154 3288 3383 3343 δυνατὸν
3420 3288 3518 3343 δύο
3542 3284 3689 3344 εἶναι
3719 3292 3821 3345 άν-

2227 3381 2448 3452 άρχους,
2491 3378 2635 3433 οὕτω
2670 3380 3027 3451 γνωσόμεθα·
3076 3380 3144 3434 τὰ
3190 3379 3307 3445 δύο,
3440 3382 3499 3433 ὲν
3552 3380 3818 3453 ἀλλήλοις

2226 3472 2391 3525 είσίνο
2421 3471 2684 3525 ἀδύνατον
2709 3471 2767 3524 δὲ
2795 3472 2931 3541 φῶς,
2954 3470 3051 3525 καὶ
3073 3471 3264 3535 σκότος
3282 3472 3342 3525 ὲν
3364 3470 3617 3543 ἀλλήλοις
3646 3469 3814 3525 εἶναι’

2227 3562 2406 3633 φωτὸς
2432 3563 2541 3635 γὰρ
2569 3563 2863 3634 παρουσία,
2904 3564 3091 3628 σκότος
3114 3562 3323 3617 διαλύει
3345 3578 3361 3594 ο
3392 3564 3425 3635 ἢ
3459 3564 3697 3617 ἕκαστον
3717 3566 3816 3619 αὑ-

2226 3656 2337 3711 τῶν
2382 3658 2442 3711 ὲν
2489 3654 2569 3727 τῷ
2620 3655 2876 3720 ἰδιάζοντι
2905 3655 3055 3726 τόπῳ
3086 3655 3223 3709 ὲστί.
3260 3652 3685 3726 Περιορίζονται
3718 3653 3816 3709 οὖν

2227 3747 2459 3802 ἶκαστον
2484 3748 2544 3801 ὲν
2566 3746 2645 3818 τῷ
2676 3747 2791 3817 ἰδίῳ
2816 3747 2986 3819 τόπῳ,
3012 3746 3109 3801 καὶ
3134 3747 3197 3801 ὀδ
3221 3746 3371 3810 τέλος
3390 3746 3485 3800 τοῦ
3514 3747 3694 3800 τόπου
3719 3746 3816 3801 τοῦ

2229 3838 2369 3905 ἑνὸς,
2398 3838 2545 3909 ἀρχὴ
2580 3837 2675 3891 τοῦ
2719 3838 2905 3909 ἐτέρου
2943 3839 3157 3908 γίνεται
3182 3854 3198 3869 ·
3229 3838 3357 3893 ἀλλὰ
3408 3838 3501 3891 καὶ
3534 3838 3818 3891 ἀδύνατον

2230 3930 2463 4000 ἄμικτον
2490 3925 2632 3984 εἶναι
2659 3929 2739 4000 τῷ
2768 3930 2949 3983 σκότει
2977 3929 3038 3982 τὸ
3064 3928 3203 3999 φῶς,
3237 3929 3308 4001 μὴ
3327 3928 3475 3993 δντος
3502 3928 3661 3992 τινὸς
3695 3930 3818 3983 δια-

2231 4019 2574 4091 φράγματος,
2616 4019 2710 4073 τοῦ
2764 4019 3063 4085 κωλύοντος
3103 4018 3477 4091 συγκραθῆναι
3528 4018 3814 4089 ἀλλήλοις.

2231 4110 2353 4182 Χρὴ
2381 4110 2475 4165 οὖν
2505 4106 2647 4165 εἶναι
2673 4110 2735 4163 τὸ
2764 4110 2901 4180 φῶς,
2931 4111 3028 4165 καὶ
3070 4111 3163 4165 τὸν
3193 4111 3359 4164 τόπον
3398 4110 3589 4174 αὐτοῦ,
3616 4112 3719 4164 καὶ
3758 4112 3817 4163 τὸ

2233 4202 2425 4267 σκότος
2451 4203 2545 4255 καὶ
2578 4202 2669 4256 τὸν
2704 4203 2869 4257 τόπον
2915 4203 3101 4268 αὑτοῦ,
3140 4204 3237 4256 καὶ
3280 4198 3344 4255 τὸ
3386 4202 3718 4273 διάφραγμα
3759 4202 3816 4256 τὸ

2231 4294 2559 4365 διατειχίζον
2600 4295 2696 4348 καὶ
2739 4294 2973 4367 διορίζον
3007 4292 3242 4349 ἑκάστου
3272 4295 3449 4349 αὐτῶν
3478 4298 3573 4349 τὸν
3606 4296 3775 4350 τόπον
3795 4312 3811 4325 ’

547 4391 786 4460 denique
819 4388 871 4442 itl
902 4386 1052 4458 quod
1082 4384 1375 4453 interiectu
1415 4397 1518 4439 suo
1549 4382 1833 4452 utriusque
1856 4382 2128 4453 regionem

2237 4386 2331 4440 καὶ
2358 4385 2591 4451 ἔσονται,
2625 4386 2687 4439 οὐ
2715 4386 2808 4441 δύο
2833 4388 3021 4458 ἀρχαὶ,
3059 4385 3194 4441 ἀλλὰ
3233 4386 3415 4440 πέντε.

548 4481 755 4538 dirimit
785 4488 841 4535 et
879 4478 1139 4535 secernit.
1175 4476 1408 4546 ltajam,
1445 4490 1555 4531 non
1585 4476 1716 4542 duo,
1761 4475 1858 4532 sed
1890 4475 2132 4546 quinque

546 4571 814 4644 principia
851 4578 1031 4625 erunt.

586 4662 673 4721 .8.
710 4658 875 4716 MAN.
937 4660 1080 4727 Quid
1131 4659 1340 4731 igitur?
1377 4673 1561 4714 annon
1611 4658 1801 4716 eadem
1862 4661 1918 4714 in
1977 4669 2131 4715 tuum

550 4764 771 4821 quoque
796 4749 991 4814 Deum,
1023 4749 1256 4820 ejusque
1288 4747 1516 4813 Filium,
1558 4758 1723 4819 atque
1756 4749 1931 4819 ipsius
1954 4749 2131 4820 Spiri-

547 4847 669 4896 tum
725 4838 962 4895 cadent?
1015 4838 1229 4893 08TH.
1288 4838 1533 4895 Minime.
1591 4837 1780 4910 Neque
1836 4839 1983 4894 enim
2031 4854 2132 4910 ego

548 4932 720 4989 Deum
760 4931 815 4985 in
845 4931 968 4986 loco
1006 4944 1132 4987 esse
1169 4929 1315 4986 dico.
1352 4928 1707 4996 Quantitatis
1732 4928 1879 4983 enim
1913 4935 1997 4984 est
2030 4944 2131 4984 ex-

547 5038 699 5098 pers,
750 5030 916 5094 atque
970 5022 1466 5092 incomprehensus
1509 5036 1524 5074 :
1561 5034 1665 5074 nec
1706 5026 1819 5074 tres
1862 5033 2130 5088 personas

546 5118 692 5173 inter
719 5130 779 5171 se
804 5114 1114 5185 disjunctas
1160 5127 1284 5168 esse
1328 5126 1540 5167 assero.
1574 5108 1799 5175 Verum,
1836 5110 1914 5164 uti
1946 5124 2131 5165 sermo

545 5208 641 5279 qui
677 5222 745 5264 ex
792 5214 974 5262 mente
1004 5205 1264 5276 gignitur,
1300 5202 1369 5256 ab
1398 5214 1472 5255 ea.
1495 5214 1605 5254 non
1637 5200 1872 5263 excedit,
1914 5214 2016 5254 nec
2041 5215 2130 5254 se-

539 5299 814 5369 iungitur,
849 5296 946 5353 sed
968 5299 1023 5352 in
1054 5297 1171 5366 ipsa
1202 5304 1287 5350 est
1319 5310 1333 5348 :
1366 5292 1433 5347 ad
1466 5290 1720 5348 eumdem
1753 5305 1974 5361 quoque
2011 5306 2130 5344 mo-

547 5389 679 5444 dum
704 5388 877 5445 Filius
898 5398 952 5444 et
974 5388 1215 5459 Spiritus
1246 5394 1473 5441 sanctus
1510 5398 1577 5439 ex
1606 5382 1767 5438 Patre
1790 5394 1841 5437 et
1870 5383 1935 5437 in‘
1967 5382 2129 5438 Patre

546 5486 700 5533 sunt.
732 5476 851 5533 Una
880 5480 1026 5535 enim
1067 5475 1375 5534 substantia
1426 5482 1532 5538 cst,
1564 5488 1663 5529 nec
1708 5488 1739 5527 a
1787 5488 1848 5528 sc
1892 5472 2124 5528 invicem

548 5581 799 5636 personae
851 5577 1217 5639 separantur;
1268 5564 1732 5639 quemadmodum
1780 5578 1881 5619 nec
1924 5563 2156 5633 mentis,

550 5658 837 5718 facultates
869 5661 943 5717 ab
974 5675 1039 5718 ea
1075 5660 1326 5717 distrahi.
1350 5665 1578 5729 queunt.
1637 5656 1800 5713 Modo
1846 5655 2122 5728 siquidem

2303 4657 2374 4721 η’.
2415 4651 2585 4706 MAN.
2628 4652 2693 4705 Τί
2723 4647 2837 4718 οὗν,
2864 4647 2893 4704 δ
2921 4649 3065 4706 κατὰ
3094 4651 3154 4706 σὲ
3180 4652 3333 4719 Θεὸς,
3364 4654 3459 4707 καὶ
3486 4654 3514 4706 ὁ
3545 4650 3669 4716 Υίὸς
3720 4653 3821 4707 αό-

2234 4742 2349 4809 τοῦ,
2383 4746 2475 4798 καὶ
2506 4745 2565 4798 τὸ
2595 4745 2817 4816 Πνεῦμα
2846 4746 3034 4810 αὐτοῦ,
3058 4746 3120 4799 οὐ
3168 4748 3280 4809 τοῖς
3325 4747 3511 4809 αὐτοῖς
3558 4763 3821 4818 παραπε-

2233 4832 2483 4901 σοῦνται;
2558 4836 2712 4893 ΟΡΘ.
2752 4836 3047 4908 Οὐδαμῶςο
3099 4836 3211 4906 ἐγὼ
3249 4839 3359 4909 γὰρ
3402 4839 3502 4892 οὐκ
3548 4840 3612 4892 ἐν
3665 4840 3821 4909 τόπῳ

2234 4926 2378 4997 φημὶ
2407 4921 2545 4981 εἶναι
2583 4928 2644 4980 τὸ
2671 4928 2823 4984 Θεῖον
2842 4944 2858 4959 ⁸
2905 4929 3109 4984 άποσον
3137 4930 3247 5003 γὰρ
3295 4931 3391 4985 καὶ
3434 4929 3819 5003 άπερῦηπτόν

2232 5018 2381 5072 ἐστιν
2400 5035 2416 5051 ·
2446 5018 2568 5074 ossi
2604 5021 3017 5092 κεχωρισμένας
3046 5023 3291 5093 ἀλλήλων
3324 5023 3467 5092 φημὶ
3516 5022 3621 5087 τὰς
3667 5026 3821 5095 τρεῖς

2235 5108 2560 5174 ὑποστάσεις
2582 5126 2596 5140 ·
2626 5110 2743 5164 ἀλλ’
2773 5110 2962 5183 ὥσπερ
2988 5113 3017 5165 ὁ
3046 5114 3205 5183 λόγος
3247 5114 3311 5167 ὲκ
3345 5113 3439 5167 τοῦ
3479 5112 3575 5167 νοῦ
3608 5115 3818 5183 γεννώ·

2236 5216 2416 5268 μενος,
2443 5200 2541 5253 οὐκ
2573 5202 2801 5272 ἐκφοιτᾷ
2826 5202 2883 5268 ἐξ
2912 5202 3100 5267 αὑτοῦ,
3124 5203 3245 5256 οὐδὲ
3270 5203 3586 5275 χωρίζεται,
3618 5204 3743 5258 ἀλλ’
3764 5204 3822 5269 ἐξ

2231 5289 2396 5343 αὑτοῦ
2430 5293 2704 5359 γεννᾶται,
2732 5293 2827 5345 καὶ
2857 5295 2915 5347 ὲν
2940 5294 3087 5366 αὐτῷ
3109 5296 3278 5359 ἐστιν,
3309 5296 3481 5359 οὕτως
3509 5297 3537 5348 ὁ
3566 5296 3697 5360 Υἱὸς
3727 5297 3822 5349 καὶ

2230 5380 2290 5433 τὸ
2326 5376 2550 5451 Πνεῦμα
2599 5379 2664 5434 ἐκ
2710 5380 2805 5435 τοῦ
2844 5385 3056 5457 Πατρός
3083 5388 3209 5448 εἰσι,
3244 5388 3337 5439 καὶ
3382 5388 3441 5439 ὲν
3486 5386 3658 5456 αὐτῷ.
3700 5386 3822 5439 Μία

2232 5470 2341 5541 γὰρ
2361 5470 2539 5534 οὐσία,
2569 5471 2664 5524 καὶ
2696 5472 3024 5538 ὑποστάσεις
3047 5475 3379 5541 ἁδιάστατοι,
3403 5474 3592 5546 ἔπειδὴ
3632 5477 3691 5527 al
3722 5475 3820 5528 δυ-

2230 5566 2423 5636 νάμεις
2463 5567 2557 5619 τοῦ
2602 5566 2694 5620 νοῦ
2734 5568 3047 5624 ὰδιάστατοι
3090 5570 3255 5624 αὐτοῦ
3302 5570 3823 5639 είσιν.⁹]”περφυῶς

2230 5656 2337 5728 γὰρ
2367 5657 2395 5709 ὁ
2421 5655 2591 5725 Λόγος
2622 5658 2715 5712 καὶ
2759 5658 2821 5712 τὸ
2869 5659 3113 5732 Πνεῦμα,
3154 5659 3248 5715 καὶ
3273 5659 3537 5730 δυνάμεις
3567 5660 3679 5712 είοὶ
3717 5660 3821 5713 τοῦ
