3980 6140
253 341 386 404 Ῑὸἱίἶ

1245 330 1623 393 DIALOGUS
1663 328 1952 388 CONTRA
1997 318 2474 389 MANICHEOS.

3373 315 3506 385 1514

253 446 458 517 Πατρδς
486 444 882 514 ἀνεκφοὶτητοι,
906 440 999 495 καὶ
1026 441 1350 503 ὑποστάσεις
1368 441 1571 492 τελείαι
1590 455 1602 467 ·
1631 435 1818 505 ἐπειδὴ

1931 445 2166 488 naturam
2220 438 2607 500 exsuperante,
2660 430 2896 486 Verbum
2950 438 3004 485 et
3067 431 3326 501 Spiritus,
3383 441 3499 487 tum

243 541 442 608 πρέπει
470 538 568 599 τὰς
601 537 692 589 τοῦ
727 534 1019 604 ὑπερφυῶς
1051 535 1186 587 Θεοῦ
1235 535 1492 602 δυνάμεις
1522 528 1813 600 ὑπερφυῶς

240 623 380 677 εἶναι
407 623 754 685 ὑποστάσεις.
783 624 872 676 Διὸ
923 623 971 674 εἰ
1015 623 1109 674 καὶ
1147 625 1296 692 τρεῖς
1320 619 1666 684 ὑποστάσεις,
1693 616 1817 669 ἀλλ’

235 709 320 774 εἷς
349 713 507 780 Θεὸς,
533 716 626 769 καὶ
652 715 714 767 οὑ
742 715 986 784 τρεῖς.Ὀ
1015 713 1125 783 γὰρ
1158 712 1280 774 νοῦς
1312 711 1406 764 καὶ
1431 710 1607 776 λόγος,
1632 708 1726 760 καὶ
1761 708 1820 758 τὸ

237 801 462 872 πνεῦμα
495 803 680 868 αὑτοῦ,
709 800 788 866 εἷς
813 802 955 864 νοῦς,
981 802 1076 855 καὶ
1094 803 1153 854 οὑ
1181 803 1331 870 τρεῖς
1355 800 1472 860 νόες
1489 814 1501 828 δ
1535 797 1609 858 ὡς
1637 796 1698 848 τὸ
1722 812 1821 863 φυ·

237 892 332 940 τὸν
367 891 462 942 τοῦ
502 889 677 960 ῥόδου,
719 891 813 944 καὶ
838 891 900 942 τὸ
931 890 1112 952 ἄνθος,
1158 889 1252 941 καὶ
1291 890 1324 958 ἡ
1357 885 1555 939 εὐωδία
1588 885 1818 937 ἑκάστου

237 978 448 1045 αὑτῶν,
477 981 628 1050 ρόδον
656 980 893 1046 λέγεται,
914 978 1010 1032 καὶ
1035 980 1151 1032 ἐστι
1171 997 1184 1010 ·
1207 979 1301 1032 καὶ
1329 979 1389 1030 οὑ
1420 977 1545 1046 τρία
1579 976 1706 1045 ρόδα
1741 976 1822 1028 λέ-

235 1087 431 1136 γονται
455 1073 514 1123 ἐν
543 1074 608 1142 τῇ
636 1071 1050 1142 συναριθμήσει,
1078 1070 1214 1123 ἀλλά
1252 1069 1401 1140 ῥόδον
1429 1071 1462 1137 ἡ
1505 1067 1756 1137 Midam).
1795 1069 1823 1118 6

231 1159 462 1228 κλάδος,
487 1162 581 1214 καὶ
607 1162 668 1214 τὸ
695 1162 873 1224 ἄνθος.

1923 524 2315 595 inseparabiles
2345 523 2520 579 Patris
2559 522 2847 578 facultates
2879 530 3031 587 sunt,
3073 532 3187 577 tum
3244 525 3503 595 perfecta:

1923 630 2192 683 personae.
2253 615 2694 669 Consentaneum
2741 615 2942 684 quippe
2997 622 3103 677 est,
3161 624 3217 666 ιιι
3265 615 3358 684 qui
3410 615 3504 669 Dei

1927 716 2178 761 naturam
2234 721 2452 760 omnem
2502 707 2820 762 excedentis
2870 708 3102 762 virtutes
3146 717 3298 771 sunt,
3344 707 3507 761 modo

1929 797 2154 865 perinde
2185 805 2378 850 natura
2413 796 2733 852 sublimiore
2766 812 3014 865 personae
3072 799 3204 852 sint.
3259 797 3381 862 Quo
3450 799 3509 850 tit

1932 898 1990 940 ut
2031 888 2155 942 licet
2193 897 2306 943 tres
2346 888 2456 942 sint
2489 903 2759 957 persona),
2787 904 2933 944 unus
2979 897 3164 944 tamen
3211 888 3355 944 Deus
3411 890 3506 954 sit,

1930 993 2040 1032 non
2081 989 2212 1034 tres.
2252 978 2403 1034 Mens
2437 978 2583 1032 enim
2617 986 2672 1032 et
2708 979 2934 1034 verbum
2969 989 3021 1033 et
3055 981 3227 1050 ipsius
3257 981 3506 1051 spiritus,

1933 1084 2040 1122 una
2067 1084 2221 1124 mens
2249 1077 2352 1131 est,
2379 1084 2486 1123 non
2529 1077 2642 1124 tres
2677 1077 2889 1126 mentes
2914 1089 2925 1124 :
2966 1073 3111 1125 sicut
3145 1088 3342 1142 nempe
3370 1088 3510 1128 rosa:

1930 1161 2139 1228 planta,
2165 1170 2218 1214 et
2243 1159 2364 1224 ﬂos,
2401 1170 2456 1214 et
2488 1161 2804 1230 fragrantia,
2850 1161 3046 1215 horum
3075 1164 3332 1234 quodque
3380 1180 3506 1220 rosa

234 1251 470 1316 dicitur,
506 1260 704 1319 etest;
746 1268 848 1307 nec
891 1261 1073 1307 tamen
1131 1261 1242 1306 tres
1296 1266 1434 1306 rosa:
1483 1249 1822 1306 numerando
1857 1249 2138 1318 dicuntur,
2179 1253 2274 1307 sed
2315 1267 2462 1318 rosa,
2488 1267 2610 1322 quae
2642 1253 2823 1318 radix,
2861 1263 2916 1308 et
2952 1257 3234 1324 surculus,
3293 1266 3346 1312 et
3408 1258 3509 1313 llos

229 1346 484 1400 exsistit.

309 1437 379 1490 ϐ’.
409 1437 538 1489 ’Ότι
576 1437 632 1489 δὲ
673 1435 792 1488 οὑδὲ
829 1434 972 1488 κατὰ
1013 1434 1230 1503 ἀξίωμα
1255 1434 1350 1486 καὶ
1377 1436 1570 1504 κράτος
1602 1433 1815 1486 ἔσονται

227 1524 328 1580 δύο
358 1517 716 1598 ἁρχαὶ,οΰτω
736 1524 1097 1595 γινώσκομεν.
1127 1524 1230 1577 Δύο
1256 1523 1449 1594 μόνονά
1474 1525 1662 1586 ὄντων,
1683 1522 1817 1598 Θεοῦ

229 1618 329 1670 καὶ
542 1616 574 1685 ἢ
615 1619 644 1669 6
685 1616 872 1685 ἕτερος
894 1594 988 1667 τοῦ
1013 1614 1202 1684 ἑτέρου
1229 1614 1470 1682 ἐκράτει,
1493 1612 1588 1665 καὶ
1629 1594 1821 1682 ἦρχεν,

228 1711 263 1779 ἦ
291 1711 389 1762 καὶ
411 1695 711 1778 ἄλ).ακῆσαν
732 1707 799 1760 τὰ
817 1707 1233 1773 ὑποτασσόμενοι
1255 1704 1358 1756 ὑπὸ
1380 1703 1486 1755 τῶν
1509 1703 1603 1755 δύο
1619 1702 1825 1772 ἀρχῶν,

233 1801 492 1853 συναῖδια
535 1799 757 1860 αὑταῖς·
803 1798 896 1850 καὶ
947 1797 1005 1847 οὑ
1053 1796 1145 1847 δύο
1189 1795 1346 1864 μόνον
1395 1796 1608 1846 ἔσονται
1637 1833 1651 1855 ,
1693 1791 1829 1846 ἀλλά

231 1889 471 1941 πλείονα
490 1903 504 1919 ·
527 1886 618 1939 δύο
643 1887 740 1952 μὲν
763 1886 828 1939 τὰ
853 1885 1110 1955 ἄρχοντα,
1135 1885 1299 1953 ἕτερα
1322 1884 1378 1935 δὲ
1416 1886 1484 1937 τὰ
1523 1883 1822 1953 ἀρχόμενα.

235 1981 312 2032 Ἦ
339 1981 388 2032 εἰ
419 1978 496 2048 μὴ
519 1973 659 2048 ἦσαν
680 1977 749 2029 τὰ
772 1977 1051 2046 ἀρχόμενα
1077 1977 1325 2028 συναῖδια
1362 1977 1480 2036 ταῖς
1519 1975 1736 2045 ἀρχαῖς,
1759 1972 1825 2045 ἦν

233 2088 375 2122 ποτε
393 2070 610 2140 χρόνος,
633 2069 722 2120 ὅτε
742 2069 843 2120 οὐκ
863 2064 1003 2136 ἦσαν
1025 2067 1205 2136 ἀρχαί.
1284 2068 1455 2120 ΜΛΝ.
1496 2062 1624 2119 Εἶτα
1643 2069 1736 2119 καὶ
1750 2067 1826 2137 τῷ

234 2162 319 2232 σῷ
345 2162 491 2231 Θεῷ,
508 2161 568 2212 οὑ
595 2162 664 2212 τὰ
689 2161 829 2212 αὑτά
855 2159 1191 2228 συμϐήσεται
1219 2177 1232 2222 ;
1260 2159 1292 2229 ἢ
1318 2159 1424 2228 γὰρ
1450 2159 1718 2222 συναῖδιος
1738 2159 1827 2212 a6-

233 2254 314 2321 τῷ
336 2248 432 2322 ἦν,
457 2251 489 2320 ἢ
513 2250 822 2320 ὑποχείριος
843 2250 991 2319 αὑτῴ
1026 2253 1057 2318 ἡ
1101 2250 1364 2320 κτίσις-ἢ
1398 2246 1466 2319 ἦν
1503 2252 1693 2320 καιρὸς
1739 2251 1826 2303 ὅτε

233 2346 340 2397 οὑκ
378 2339 571 2413 ἦρχεν.
651 2341 799 2395 ΟΡΘ.
843 2342 954 2410 Οὑχ
987 2340 1264 2402 οῦτως.Ἡ
1293 2340 1391 2409 μὲν
1425 2341 1532 2410 γὰρ
1557 2341 1731 2402 κτίσις
1765 2340 1824 2393 οὑ

237 2435 515 2496 συναῖδ.ος
539 2434 686 2502 αὐτῷ
707 2450 720 2461 ·
748 2434 835 2486 ἀεὶ
867 2433 924 2485 δὲ
963 2433 1058 2485 καὶ
1098 2431 1303 2501 Κύριος
1325 2426 1414 2500 ἦν,
1444 2433 1540 2484 καὶ
1561 2431 1714 2485 ἔσται
1741 2431 1828 2496 ἐξ·

237 2525 515 2587 ουσιόιζων
535 2525 600 2576 ὲκ
618 2523 712 2575 τοῦ
740 2523 814 2592 μὴ
838 2523 989 2584 ὄντος
1010 2524 1089 2585 εἰς
1109 2523 1168 2574 τὸ
1189 2519 1332 2575 εἶναι
1349 2525 1618 2591 παράγειν
1639 2524 1827 2587 οὐσίας

244 2615 333 2683 τῷ
359 2615 521 2682 Λόγῳ
552 2613 714 2666 αὑτοῦ
740 2615 834 2666 καὶ
863 2612 942 2682 τῷ
979 2612 1254 2683 Πνεύματι
1288 2614 1382 2665 τοῦ
1427 2614 1695 2682 στόματος
1729 2614 1828 2666 αὑ-

240 2705 362 2758 τοῦ.
388 2703 524 2757 Οὑτε
556 2706 610 2757 δὲ
646 2708 672 2756 6
708 2701 878 2772 Λόγος
914 2705 1078 2758 αὑτοῦ
1103 2705 1458 2775 προφορικὸς,
1487 2705 1602 2757 ἀλλ’
1627 2706 1824 2759 οὑσιώ-

242 2796 346 2866 δης
372 2796 466 2848 καὶ
488 2796 868 2859 ἐννπόστατος,
894 2795 1018 2847 οὔτε
1039 2797 1098 2848 τὸ
1124 2797 1298 2865 στόμα
1320 2798 1506 2862 αὑτοῦ,
1535 2798 1696 2867 μέλος
1720 2815 1823 2851 σωο

247 2887 502 2958 ματικὸν,
527 2885 649 2938 οὒτε
685 2887 744 2938 τὸ
773 2885 996 2954 Πνεῦμα
1034 2886 1222 2951 αὑτοῦ,
1253 2888 1390 2958 πνοὴ
1413 2888 1670 2957 λυομένη,
1699 2888 1826 2941 ἀλλ’

245 2978 552 3047 ὑπεροὺσια
584 2977 762 3030 πάντα
802 2977 873 3028 τά
908 2976 1001 3028 τοῦ
1045 2977 1371 3048 ὑπερουσίου
1393 2989 1440 3041 θ,
1462 2980 1510 3030 εὶ
1548 2979 1642 3031 καὶ
1665 2979 1828 3048 ἡμεῖς

244 3071 312 3121 ἐκ
331 3067 441 3120 τῶν
463 3067 583 3121 καθ’
601 3068 751 3138 ἡμᾶς
775 3066 1146 3136 κατανοοῦμεν
1173 3066 1241 3119 τὰ
1264 3067 1404 3136 ὑπὲρ
1427 3070 1594 3138 ἡμᾶς.

1990 1431 2042 1484 9.
2082 1430 2152 1483 At
2181 1444 2309 1484 vero
2327 1429 2472 1497 quod
2515 1443 2614 1482 nec
2653 1429 2939 1498 dignitatis
2965 1431 3182 1499 quidem
3213 1438 3264 1485 et
3296 1433 3510 1502 imperii

1924 1522 2134 1574 ratione
2155 1520 2266 1574 duo
2291 1519 2561 1589 principia
2586 1520 2721 1583 sint,
2749 1521 2822 1574 ita
2849 1522 3195 1589 exploratum
3222 1522 3505 1578 habemus.

1925 1615 2060 1667 (lum
2111 1614 2222 1667 duo
2271 1612 2538 1666 duntaxat
2581 1621 2788 1678 essent,
2827 1613 2970 1666 Deus
3020 1613 3280 1666 nimirum
3311 1623 3365 1668 et
3397 1631 3512 1668 ma-

1929 1705 2084 1768 teria,
2118 1714 2210 1758 aut
2239 1705 2470 1758 alterum
2497 1705 2651 1757 alteri
2681 1705 3070 1758 dominabatur
3094 1715 3146 1759 et
3173 1705 3507 1774 imperabat,

1930 1804 2024 1852 aut
2059 1797 2163 1849 alia
2195 1811 2415 1866 quoque
2439 1803 2620 1860 erant,
2660 1812 2782 1865 qum
2815 1796 3036 1851 duobus
3064 1798 3350 1868 principiis
3379 1799 3512 1853 sub-

1923 1891 2250 1958 jicereutur,
2268 1889 2626 1957 ejusdemque
2649 1903 2772 1941 cum
2807 1888 2916 1942 illis
2942 1889 3265 1944 mternitatis
3282 1900 3468 1944 essent
3493 1909 3507 1955 ;

1931 1979 2144 2047 hacque
2189 1978 2404 2030 ratione
2433 1991 2541 2029 non
2567 1975 2680 2030 duo
2715 1983 2951 2040 tantum,
2981 1975 3076 2031 sed
3111 1977 3268 2045 plura
3302 1977 3510 2046 princi-

1929 2067 2016 2136 pia
2049 2075 2230 2120 erunt.
2278 2063 2394 2119 Duo
2422 2065 2682 2117 nimirum
2718 2080 2839 2133 quae
2866 2065 3156 2133 imperent,
3192 2065 3297 2118 alia
3327 2072 3508 2120 autem

1929 2172 2052 2226 quae
2075 2156 2313 2211 subsint.
2361 2158 2464 2209 Aut
2498 2153 2543 2210 si
2581 2155 2829 2223 ejusdem
2866 2171 2990 2209 cum
3029 2157 3317 2226 principiis
3352 2165 3509 2211 aeter-

1930 2250 2122 2304 uitatis
2154 2264 2264 2304 non
2294 2255 2451 2304 erant
2489 2263 2552 2302 ea
2585 2263 2707 2318 quae
2742 2247 3030 2317 parebant,
3081 2247 3242 2318 433
3293 2255 3510 2315 tempus

1928 2341 2057 2404 fuit,
2082 2357 2193 2411 quo
2223 2341 2499 2412 principia
2545 2355 2654 2394 non
2693 2347 2872 2394 erant.
2918 2337 3084 2393 MAN.
3137 2342 3332 2394 Annon
3378 2347 3508 2393 tuus

1927 2433 2017 2488 hic
2045 2449 2262 2503 quoque
2302 2432 2443 2488 Deus
2494 2433 2687 2487 iisdem
2727 2432 2982 2487 absurdis
3032 2433 3136 2486 erit
3191 2432 3510 2488 obnoxius?

1930 2533 2026 2582 aut
2055 2525 2201 2579 enim
2229 2535 2515 2579 coaeternae
2535 2524 2613 2577 illi
2642 2532 2803 2578 erant
2829 2539 2918 2578 res
2950 2535 3168 2588 creatae,
3204 2534 3300 2578 aut
3332 2526 3508 2593 ipsius

1930 2615 2158 2669 arbitrio
2183 2615 2460 2684 subjectae,
2483 2621 2811 2682 auttempus
2841 2612 2963 2676 fuit,
2992 2628 3116 2667 cum
3141 2597 3509 2683 principatum

1935 2705 2144 2759 nullum
2179 2714 2410 2774 gereret.
2455 2703 2666 2758 ORTH.
2720 2702 3095 2773 Nequaquam.
3126 2703 3314 2774 Neque
3362 2705 3509 2760 enim

1931 2811 2022 2851 res
2046 2794 2284 2848 conditae
2307 2795 2411 2863 ipsi
2435 2801 2719 2848 coaeternaa
2737 2793 2978 2859 fuerunt,
3005 2805 3058 2848 et
3081 2801 3266 2849 tamen
3295 2811 3511 2865 semper

1933 2895 2052 2943 erat
2082 2886 2366 2948 Dominus,
2399 2885 2636 2954 eritque,
2681 2893 2740 2938 ut
2770 2885 2862 2953 qui
2899 2900 3082 2940 rerum
3133 2889 3404 2942 essentias
3441 2902 3510 2941 ex

1935 2981 2112 3036 nihilo
2147 2978 2486 3048 producendi
2523 2984 2794 3046 potestate
2832 2979 3069 3046 polleat;
3102 2977 3284 3034 Verbo
3315 2994 3510 3048 nempe

1939 3084 2042 3126 suo
2071 3083 2135 3122 ac
2169 3067 2379 3136 Spiritu
2433 3067 2546 3122 oris
2581 3066 2692 3121 sui.
2746 3065 2856 3121 Nec
2896 3083 3029 3120 vero
3076 3068 3314 3124 Verbum
3359 3069 3510 3122 illius

246 3159 594 3231 prolatitium
639 3166 765 3221 est,
815 3157 911 3212 sed
967 3157 1373 3212 substantivum
1427 3174 1491 3214 ac
1543 3175 1832 3230 personam
1872 3161 2252 3225 constituens;
2290 3172 2467 3228 neque
2499 3173 2560 3212 os
2599 3157 2718 3225 ejus
2785 3159 3091 3212 membrum
3157 3175 3505 3230 corporeum,

245 3263 429 3318 neque
477 3247 718 3318 Spiritus
769 3247 917 3316 ejus,
970 3246 1176 3300 halitus
1231 3255 1356 3313 est,
1405 3249 1499 3318 qui
1572 3250 1626 3304 iu
1685 3264 1852 3304 auras
1927 3250 2085 3304 abeat
2125 3269 2138 3304 :
2174 3265 2362 3304 verum
2420 3249 2570 3303 illius
2601 3248 2695 3317 qui
2741 3247 3108 3303 substantiam
3149 3265 3367 3306 omnem
3411 3269 3506 3308 su-

245 3348 441 3411 perat,
500 3339 688 3392 omnia
743 3353 961 3408 quoque
1018 3353 1183 3407 supra
1243 3339 1605 3394 substantiam
1676 3346 1828 3406 sunt,
1870 3339 2088 3395 etiamsi
2115 3355 2217 3394 nos
2251 3355 2318 3393 ex
2347 3338 2436 3392 his
2466 3351 2587 3406 qua;
2614 3337 2761 3391 circa
2782 3351 2884 3391 nos
2923 3343 3076 3404 sunt,
3116 3353 3191 3393 cea
3259 3343 3509 3410 specule-

246 3446 378 3486 mur
403 3443 527 3499 qua}
554 3438 682 3482 sunt
719 3443 886 3497 supra
921 3443 1046 3483 nos.

325 3519 379 3574 ι’.
423 3520 563 3572 Ἀλλ’
613 3519 732 3572 οὑδὲ
779 3519 922 3574 κατά
961 3521 1197 3591 φυσικὴν
1229 3523 1323 3574 καὶ
1365 3523 1597 3594 οὑσιώδη
1636 3523 1816 3578 αἰτίαν

1991 3519 2077 3574 10.
2115 3517 2256 3584 Quin
2289 3531 2390 3572 nec
2425 3516 2514 3570 illa
2549 3524 2730 3572 vestra
2761 3530 2876 3585 quo
2917 3515 3186 3588 principia
3235 3520 3504 3576 naturalis

245 3613 468 3667 ἔσονται
519 3613 577 3665 αἱ
634 3611 756 3663 καθ’
792 3612 936 3680 ὑμᾶς
990 3612 1089 3664 δύο
1146 3614 1352 3682 ἀρχαί·
1405 3617 1434 3666 6
1481 3614 1590 3686 γὰρ
1642 3615 1832 3686 Πατὴρ

243 3701 538 3774 ὁμοουσίου
570 3701 698 3752 Υἱοῦ
750 3701 1054 3770 γεννήτωρ,
1083 3701 1254 3764 ἀΐδιος
1315 3701 1509 3769 ἀϊδίου,
1541 3702 1832 3774 ἀσώματος

245 3792 572 3862 ἀσωμάτου.
604 3793 666 3845 Et
702 3787 793 3846 οὖν
831 3794 884 3844 αἱ
936 3792 1057 3846 καθ’
1089 3793 1234 3862 ὑμᾶς
1264 3793 1358 3846 δύο
1386 3795 1574 3864 ἀρχαὶ,
1599 3796 1741 3849 κατά
1773 3795 1832 3848 τὸ

246 3885 483 3955 φυσικὸν
537 3884 711 3939 αἴτιον
765 3885 926 3956 ἀρχαί
961 3888 1069 3939 εἱσι
1120 3885 1230 3938 τῶν
1281 3886 1484 3952 ὄντων,
1515 3887 1729 3941 ἔσονται
1765 3888 1832 3940 τά

246 3976 431 4029 πάντα
452 3976 735 4045 ὁμοούσια,
756 3976 850 4029 καὶ
878 3977 1127 4030 συναῖδια
1158 3979 1278 4040 ταῖς
1302 3979 1424 4032 καθ’
1439 3979 1584 4050 ὑμᾶς
1609 3981 1826 4050 ἀρχαῖς·

245 4067 315 4118 Εἰ
341 4066 399 4117 δὲ
419 4066 514 4117 καὶ
551 4066 716 4129 ἀΐδια,
736 4067 831 4119 καὶ
867 4066 1131 4136 ἄτρεπτα,
1163 4068 1258 4120 καὶ
1287 4069 1524 4134 ἐναντία,
1561 4073 1655 4124 καὶ
1675 4072 1830 4124 ἀκοι-

244 4152 490 4220 νώνητα,
523 4153 619 4204 καὶ
638 4152 896 4223 ἄρχοντα,
930 4156 1023 4207 καὶ
1053 4156 1156 4208 οὑκ
1195 4155 1492 4226 ἀρχόμενα,
1517 4159 1612 4212 καὶ
1641 4160 1826 4230 κύρια,

246 4244 347 4296 καὶ
371 4243 430 4294 οὑ
464 4242 646 4296 δοῦλα.
673 4245 737 4297 Εἰ
779 4244 835 4297 δὲ
868 4246 1009 4298 κατά
1037 4246 1099 4299 τὸ
1142 4248 1423 4318 ποιητικὸν
1455 4249 1632 4304 αἴτιον
1665 4252 1828 4322 ἀρχαί

247 4335 360 4385 εἰσι
389 4331 497 4383 τῶν
527 4331 696 4384 ὄντων
719 4334 776 4385 at
809 4333 932 4386 καθ’
965 4335 1108 4402 ὑμᾶς
1141 4335 1234 4389 δύο
1275 4337 1464 4407 ἀρχαὶ,
1500 4339 1600 4391 οὑκ
1633 4340 1697 4394 ὲκ
1730 4341 1830 4409 τῆς

245 4421 441 4484 οὐσίας
473 4422 564 4474 τοῦ
613 4422 748 4475 Θεοῦ
805 4424 861 4475 al
905 4424 1094 4493 ψυχαὶ,
1125 4425 1248 4478 οὑδὲ
1287 4427 1354 4478 ὲκ
1379 4427 1477 4496 τῆς
1509 4429 1696 4491 οὑσὶας
1729 4430 1829 4499 τῆς

247 4512 387 4581 ὕλης
431 4511 500 4564 τὰ
532 4513 779 4582 σώματα,
817 4513 932 4565 ἀλλ’
967 4515 1032 4565 ἐκ
1068 4513 1162 4566 τοῦ
1207 4514 1280 4585 μὴ
1309 4514 1457 4578 ὄντος
1483 4518 1564 4579 εἰς
1590 4517 1650 4570 τὸ
1690 4513 1828 4571 εἶναι

245 4602 620 4673 παρήχθησαν
653 4619 668 4632 ο
706 4604 798 4670 καὶ
821 4603 946 4656 οὔτε
977 4605 1316 4674 ἐπολέμησεν
1359 4607 1392 4676 ἡ
1424 4605 1523 4676 ὕλη
1563 4607 1698 4675 μετά
1732 4608 1826 4660 τοῦ

247 4693 454 4764 φωτὸς,
473 4694 568 4747 καὶ
595 4691 715 4745 οὔτε
736 4694 984 4764 ἣρπασεν
1003 4694 1062 4758 ἐξ
1086 4694 1250 4747 αὑτοῦ
1280 4696 1575 4765 μέρος,καὶ
1604 4699 1826 4769 ἐποίησε

252 4785 352 4846 τὰς
401 4783 602 4853 ψυχάς.
642 4784 769 4846 Πῶς
823 4784 922 4848 δὲ,
952 4785 1046 4836 καὶ
1097 4785 1168 4836 τὰ
1216 4785 1433 4838 ἐναντία
1486 4787 1827 4858 ἀκοινώνητα

1943 3610 2400 3668 substantialisve
2432 3623 2614 3663 causai
2658 3609 2931 3663 rationem
2973 3609 3197 3663 habent.
3235 3607 3368 3663 Nam
3404 3610 3510 3666 Pa-

1938 3713 2024 3760 ter
2047 3701 2171 3757 Filii
2210 3699 2703 3755 consubstantialis
2750 3699 3106 3768 sibi-genitor
3137 3710 3241 3767 est,
3305 3702 3510 3772 sempi-

1935 3805 2126 3850 ternus
2148 3791 2405 3848 videlicet
2429 3789 2774 3859 sempiterni,
2795 3790 3156 3858 incorporeus
3176 3792 3506 3861 incorporei.

1932 3887 2210 3954 Quocirca
2236 3883 2286 3939 si
2324 3883 2433 3938 duo
2461 3889 2650 3937 vestra
2699 3882 2976 3952 principia
3026 3884 3294 3939 naturalis
3327 3899 3510 3941 cauw

1932 3975 2148 4030 ratione
2176 3988 2364 4028 rerum
2394 3971 2640 4027 omnium
2667 3971 2940 4041 principia
2976 3979 3127 4036 sunt,
3150 3977 3335 4027 omnia
3360 3983 3510 4030 certe

1930 4064 2179 4135 ejusdem
2226 4077 2351 4117 cum
2405 4061 2606 4116 vestris
2646 4060 2938 4131 principiis
2972 4068 3026 4116 et
3076 4062 3404 4116 substantiae
3451 4074 3508 4118 et

1930 4156 2258 4211 aeternitatis
2291 4161 2478 4209 erunt.
2519 4151 2675 4218 Quod
2703 4152 2746 4206 si
2771 4161 3002 4214 aeterna,
3027 4167 3136 4206 non
3159 4161 3244 4208 est
3274 4153 3502 4209 dubium

1930 4250 2062 4319 quin
2106 4246 2467 4301 immutabilia
2499 4253 2552 4299 et
2594 4244 2894 4310 contraria,
2935 4253 2989 4297 et
3039 4244 3109 4297 ab
3153 4245 3302 4298 omni
3355 4260 3504 4300 com-

1931 4339 2140 4395 mercio
2174 4338 2371 4399 aliena,
2398 4350 2628 4405 quaeque
2652 4335 2943 4402 imperent,
2975 4349 3085 4388 non
3115 4335 3349 4403 imperio
3373 4338 3507 4392 sub~

1931 4432 2136 4486 dantur
2167 4446 2182 4494 ;
2217 4428 2593 4490 dominentur,
2625 4441 2736 4480 non
2771 4425 3037 4480 serviant.
3063 4423 3161 4480 Sin
3186 4435 3370 4482 autem
3404 4445 3501 4484 ve-

1931 4529 2045 4576 stra
2069 4520 2179 4573 duo
2211 4517 2478 4587 principia
2504 4515 2790 4572 efﬁcientis
2816 4531 2997 4572 rerum
3027 4533 3209 4573 causae
3232 4522 3502 4576 rationem

1931 4609 2211 4674 habeant;
2239 4606 2486 4676 profecto
2517 4620 2621 4660 nec
2661 4607 2856 4661 animae
2891 4623 2959 4662 ex
2989 4606 3106 4674 Dei,
3133 4618 3237 4665 nec
3271 4627 3503 4681 corpora

1929 4717 1998 4757 ex
2036 4701 2288 4755 materia:
2322 4700 2658 4765 substantia,
2689 4700 2782 4755 sed
2810 4716 2879 4756 ex
2901 4701 3070 4757 nihilo
3101 4705 3322 4758 condita
3349 4720 3501 4765 sunt.

1929 4791 2042 4846 Nec
2075 4790 2305 4861 proinde
2343 4791 2574 4844 materia
2598 4790 2708 4844 luci
2743 4791 2944 4846 bellum
2981 4795 3188 4859 intulit,
3229 4810 3330 4850 nec
3379 4812 3502 4868 par-
3560 4857 3566 4868 ν,

255 4874 726 4944 συνεόιὸάσοησαν
757 4875 838 4936 εἰς
885 4874 1003 4937 ἐνὸς
1052 4876 1260 4944 κόσμου
1297 4875 1549 4946 ποίησιν;
1581 4878 1614 4948 ἣ
1647 4879 1763 4942 πῶς
1796 4881 1824 4931 6

1931 4891 2038 4938 tem
2071 4881 2174 4950 ipsi
2197 4881 2421 4950 eripuit,
2455 4881 2777 4951 animasque
2807 4884 3076 4939 condidit.
3110 4886 3215 4952 Qui
3242 4867 3503 4957 praeterea
3555 4867 3563 4886 ’⁷

257 4966 360 5036 μὲν
407 4966 642 5035 πονηρὸς
696 4965 1069 5020 κατεσκεύασε
1128 4965 1188 5020 τὸ
1223 4969 1402 5037 σῶμα,
1442 4969 1469 5020 6
1519 4968 1576 5021 δὲ
1625 4970 1829 5038 ἀγαθὸς

251 5057 356 5126 τὴν
386 5057 585 5126 ψυχὴν,
613 5059 704 5112 καὶ
733 5058 790 5110 ἓν
821 5057 956 5122 ζῶον
1005 5059 1096 5112 τὸν
1135 5058 1422 5126 ἄνθρωπον
1458 5059 1828 5127 ἀπετέλεσαν;

256 5145 323 5198 Ei
347 5145 403 5196 δὲ
431 5148 571 5199 κατά
607 5149 859 5216 μίμησιν,
885 5149 960 5212 ὡς
1003 5151 1360 5219 πρωτότυπον
1389 5151 1596 5212 εἰκόνος
1632 5151 1825 5216 αῐτιον,

256 5235 324 5287 τὸ
346 5237 766 5305 εἰκονιζόμενον,
803 5242 858 5292 αἱ
911 5241 1032 5294 καθ’
1065 5241 1208 5310 ὑμᾶς
1242 5241 1432 5310 ἀρχαὶ,
1464 5240 1614 5294 ἄλλοι
1635 5244 1830 5311 κόσμοι

258 5325 418 5386 είσὶν,
450 5319 549 5378 ὧν
577 5326 701 5379 καθ’
744 5329 1000 5397 ὁμοίωσιν
1038 5331 1262 5398 γέγονεν
1298 5333 1326 5383 ό
1357 5332 1578 5401 κόσμος.
1612 5332 1686 5385 Οὐ
1721 5333 1830 5402 γὰρ

260 5410 319 5467 ἓν
349 5410 511 5479 εἶδος,
542 5416 662 5468 οὑδὲ
699 5417 795 5486 μία
825 5419 858 5487 ἢ
914 5418 1007 5472 δύο
1042 5421 1246 5491 μορφαὶ
1267 5423 1324 5474 ὲν
1360 5423 1474 5486 τοῖς
1505 5421 1676 5488 οὖσιν,
1708 5422 1822 5476 ἀλλ’

1929 4973 2050 5029 ﬁeri
2080 4973 2280 5042 potuit,
2309 4981 2367 5027 ut
2395 4987 2518 5041 quae
2549 4973 2826 5027 contraria
2856 4985 3033 5040 erant,
3063 4986 3232 5046 atque
3259 4978 3328 5032 ab
3354 4980 3501 5032 omni

1929 5064 2072 5118 inter
2100 5079 2160 5119 se
2190 5063 2524 5120 commercio
2553 5063 2953 5130 abhorrebant,
2986 5066 3053 5121 ad
3094 5068 3262 5122 unius
3311 5068 3500 5122 mundi

1931 5153 2276 5210 eﬂ'ectionem
2313 5155 2698 5220 convenerint,
2731 5171 2794 5210 ac
2825 5157 3004 5212 malus
3033 5157 3250 5226 quidem
3277 5173 3503 5226 corpus,

1931 5245 2113 5303 bonus
2142 5254 2325 5302 autem
2367 5248 2606 5302 animam
2642 5253 2984 5318 praepararit,
3016 5258 3180 5318 atque
3205 5249 3366 5304 ambo
3398 5250 3497 5303 ho-

1932 5337 2160 5399 minem,
2203 5336 2406 5390 animal
2442 5352 2612 5391 unum
2639 5336 2944 5393 eﬂ‘ecerint.
2969 5335 3064 5391 Sin
3089 5338 3327 5407 denique
3348 5338 3500 5408 prin-

1933 5429 2076 5499 cipia
2113 5435 2295 5484 vestra
2330 5430 2675 5499 exemplares
2701 5443 2899 5485 causas
2933 5445 3056 5485 esse
3083 5431 3165 5485 ais
3192 5449 3207 5486 :
3236 5432 3504 5500 quemad-

1554 5583 1788 5642 VARIAS
1833 5588 2232 5644 LECTlONES.

333 5669 360 5712 (³
393 5671 618 5727 Leuncl.
658 5671 855 5738 μόνων.
937 5683 960 5710 ο
994 5673 1160 5726 Basil.
1196 5675 1335 5745 ὑπὲρ
1361 5677 1570 5732 οὐσίαν.

582 5766 848 5826 mmor“
892 5765 1006 5826 Gn.
1045 5765 1241 5826 XCIV.

3108 5763 3182 5821 48
