3980 6140
511 217 650 282 1515

1715 211 1776 269 S.
1816 208 2136 311 JOAl‘iNIS
2164 211 2596 277 DAMASCENI

3637 220 3769 287 1516

510 332 736 388 modum
772 331 1075 401 exemplar,
1116 326 1371 395 imaginis
1414 340 1535 394 qua:
1585 341 1650 381 cx
1705 325 1798 379 illa
1848 326 2068 382 ducitur

2193 329 2507 401 ἀνάριθμοι.
2567 331 2678 386 Καὶ
2734 332 2849 397 πῶς
2909 333 3254 405 ἁναρίθμητα
3302 331 3420 406 εἴδη
3481 334 3595 391 τῶν
3649 338 3780 407 παρ’

509 440 679 492 causa
711 434 814 489 est,
842 424 902 478 tit
927 423 1088 493 plane
1109 427 1166 474 ut
1193 434 1254 474 ea
1279 420 1389 475 sint
1416 418 1606 473 mundi
1636 417 1726 472 alii
1757 418 1822 473 ad
1852 433 2086 489 quorum

511 516 933 574 similitudinem
968 514 1208 570 mundus
1232 514 1338 569 iste
1378 512 1560 569 factus
1609 510 1702 568 sil.
1735 511 1803 566 At
1835 526 1944 566 non
1980 526 2087 566 una

509 615 593 663 est
627 606 682 660 in
716 605 886 660 rebus
921 604 1160 674 species,
1194 617 1295 658 nec
1321 616 1451 668 una,
1485 608 1581 655 aut
1603 600 1725 656 duae
1757 599 1967 667 formae,
1993 601 2087 656 sed

508 695 966 753 innumerabiles.
994 694 1097 760 Qui
1129 709 1260 765 ergo
1307 693 1363 747 ﬁt
1408 701 1467 747 ut
1524 693 1827 748 innumerae
1871 694 2087 763 species

508 790 746 844 duorum
769 797 1081 846 vestrorum
1114 785 1510 858 principiorum
1548 784 1817 855 imagines
1867 793 2081 855 gerant.

508 880 588 936 Ex
620 896 730 951 quo
782 880 1136 952 perspicuum
1204 885 1291 933 est
1360 877 1511 931 nullo
1564 877 1729 931 modo
1781 875 2088 931 consistere

2194 420 2324 492 ὑμῖν
2353 421 2449 475 δύο
2492 424 2699 494 ἀρχῶν,
2731 425 2937 488 εἰκόνες
2966 425 3143 493 εἰσίν;
3170 426 3342 492 οὕτως
3380 427 3656 482 ἀδύνατον
3687 435 3772 482 καί

2194 512 2497 569 ἀσύστατον
2544 516 2605 569 τὸ
2635 518 2766 587 παρ’
2790 519 2920 587 ὑμῖν
2953 519 3083 590 περί
3135 517 3245 573 τῶν
3277 519 3464 590 ἀρχῶν
3492 520 3769 591 φρόνημα.

2206 604 2551 676 Ἐρωτήσατε
2583 608 2691 679 γὰρ
2719 609 2819 678 τὴν
2856 609 3227 680 ἁπειρόκακον
3259 611 3368 664 τῶν
3394 611 3608 665 παίδων
3638 614 3771 680 πλη-

2194 694 2312 760 θὺν,
2353 695 2385 766 ἦ
2421 697 2552 762 δυὰς
2597 700 2786 771 ἄρχει,
2818 701 2853 771 ἢ
2900 702 2936 772 ἡ
2982 702 3188 772 μονάς;
3222 704 3318 757 καὶ
3364 704 3610 775 ἐροῦσιν,
3641 705 3772 775 ὡςή

2173 787 2363 856 ομονὰς
2417 788 2576 859 ἄρχει
2635 790 2836 854 παντὸς
2884 790 3146 861 ἀριθμοῦ.
3197 788 3268 845 Ὦ
3319 795 3534 865 νηπίων
3569 810 3771 864 νηπιω-

2192 877 2436 949 δέοτεροί
2468 896 2529 931 τε
2554 881 2651 935 καὶ
2674 882 3062 953 ἀφρονέστεροι
3087 885 3100 936 ἰ

508 992 673 1047 posse
706 984 942 1032 vestram
1010 974 1078 1031 de
1134 973 1347 1028 duobus
1402 971 1691 1042 principiis
1752 970 2093 1040 opinionem.
2132 969 2238 1027 Sed
2269 973 2410 1026 vela
2441 973 2695 1044 simplice
2728 991 3031 1044 puerorum
3055 978 3213 1033 turba
3279 981 3440 1035 velim
3505 982 3767 1053 quarite:

510 1069 844 1126 Binariusne
894 1068 1228 1139 principium
1313 1073 1435 1132 est;
1497 1079 1640 1119 anne
1707 1078 1837 1118 vero
1926 1063 2156 1119 unitas?
2228 1064 2458 1119 omnino
2514 1066 2929 1137 respondebunt
2994 1069 3259 1124 unitatem
3322 1072 3512 1129 omnis
3564 1070 3771 1129 numeri

511 1159 843 1232 principium
877 1172 1022 1213 esse.
1055 1155 1101 1211 Ο
1124 1156 1376 1210 homines
1424 1153 1612 1223 pueris
1664 1151 1997 1222 pueriliores
2033 1161 2089 1206 et
2145 1152 2592 1225 insipientiores!

587 1260 673 1311 1|.
710 1258 773 1309 At
804 1269 933 1308 vero
964 1266 1187 1307 rursum
1235 1249 1648 1305 sciscitantibus
1687 1247 1850 1303 nobis
1894 1246 2085 1312 dicite,

512 1360 699 1407 utrum
732 1349 959 1405 bonum,
996 1344 1211 1407 stabile,
1251 1342 1578 1411 ordinisque
1633 1347 1795 1396 tenax
1831 1340 1902 1394 sit
1941 1339 2086 1393 mul-

510 1457 715 1505 torum,
754 1455 820 1494 an
876 1439 1040 1493 unius
1070 1433 1393 1504 imperium?
1423 1431 1639 1488 Nemini
1690 1429 1940 1502 profecto
1979 1429 2083 1485 du-

508 1534 659 1588 bium
692 1538 798 1593 est,
849 1528 981 1597 quin
1047 1524 1346 1579 multorum
1401 1521 1778 1591 principatus,
1838 1519 2083 1590 regimen

507 1640 672 1680 omne
695 1621 915 1679 tandem
953 1619 1300 1678 submoveat,
1331 1614 1750 1683 seditionisque.
1791 1612 1941 1679 belli,
1979 1625 2083 1681 pu-

2267 1254 2357 1302 ια’.
2398 1249 2508 1301 Καὶ
2553 1248 2711 1302 τοῦτο
2762 1249 2817 1302 δὲ
2856 1252 2987 1320 ἡμῖν
3034 1250 3312 1321 ἐρωτῶσιν
3347 1255 3574 1308 είπατεο
3614 1256 3653 1325 ἡ
3686 1273 3772 1309 πο-

2194 1339 2429 1410 λυαρχία
2458 1342 2574 1394 ἐστὶ
2604 1342 2786 1405 καλὸν,
2817 1343 2910 1395 καὶ
2939 1343 3228 1413 στάσιμον,
3254 1347 3349 1398 καὶ
3372 1347 3663 1419 τακτικὸν,
3687 1348 3765 1419 ﬁt}

2196 1431 2465 1501 μοναρχία
2486 1449 2500 1498 ;
2521 1433 2663 1486 Πᾶσι
2684 1433 2865 1503 δῆλον,
2888 1435 3015 1505 ὡςὴ
3039 1434 3345 1507 πολυαρχία
3373 1414 3768 1508 ἄναρχὸέέστι,

2190 1525 2284 1577 καὶ
2316 1522 2642 1592 στασιώδης,
2672 1524 3055 1595 καὶπολέμου,
3091 1527 3186 1578 καὶ
3226 1527 3428 1596 μάχης,
3461 1528 3561 1581 καὶ
3591 1530 3766 1583 κακῶν

2190 1614 2356 1681 αἰτία,
2396 1616 2491 1669 καὶ
2517 1616 2763 1678 λύσεως·
2800 1618 2831 1687 ἡ
2862 1616 2919 1670 δὲ
2955 1618 3225 1688 μοναρχία
3274 1618 3469 1686 βεϐαία
3505 1621 3606 1673 καὶ
3636 1621 3766 1676 ἔννο-

505 1731 645 1786 gnae,
675 1714 968 1775 malorum,
1001 1723 1066 1762 ac
1087 1706 1310 1762 tandem
1335 1704 1646 1760 eversionis
1670 1704 1887 1773 imperii
1918 1717 2070 1758 causa

2192 1722 2311 1774 μος,
2345 1705 2440 1757 καὶ
2471 1706 2695 1776 εἰρήνης
2723 1706 2875 1758 αἰτία
2913 1705 2956 1770 ί,
2991 1707 3087 1759 καὶ
3114 1706 3341 1771 τάξεως,
3380 1707 3480 1760 καὶ
3508 1709 3764 1779 γαλήνης,

506 1810 612 1862 sit:
653 1812 845 1867 contra
895 1816 1026 1857 vero
1065 1798 1235 1854 unius
1284 1796 1573 1866 imperium
1631 1796 1845 1851 ﬁrmum
1891 1796 1995 1861 sit,
2033 1803 2085 1851 et

503 1913 745 1969 aequum,
794 1907 1117 1965 pacemque,
1150 1899 1204 1946 et
1226 1889 1499 1954 ordinem,
1522 1895 1575 1943 et
1604 1888 2083 1957 tranquillitatem,

502 1988 845 2057 etjustitiam
899 1982 1180 2042 conciliet,
1240 1993 1439 2049 resque
1504 1977 1559 2031 in
1613 1978 1810 2033 melius
1859 1986 2078 2048 augeat.

502 2079 873 2147 Quamobrem
898 2074 945 2130 si
981 2074 1048 2128 de
1097 2078 1280 2126 vestra
1328 2068 1601 2124 sententia
1646 2067 1755 2121 duo
1811 2068 2084 2138 principia

501 2180 650 2235 sunt,
694 2166 945 2238 principii
982 2162 1252 2234 expertia,
1281 2158 1569 2229 multiplici
1601 2158 1741 2213 adeo
1770 2158 2078 2228 principatu

503 2280 596 2319 res
629 2268 915 2331 reguntur.
955 2256 1075 2323 Quo
1105 2255 1162 2308 ﬁt
1193 2262 1253 2307 ut
1294 2254 1499 2306 malum
1548 2250 1712 2305 rebus
1760 2251 1965 2320 praesit,
2014 2266 2079 2305 ac

502 2355 667 2430 [‘34
691 2353 920 2426 proinde
945 2365 1112 2406 unutn
1146 2348 1482 2420 principium
1511 2346 1603 2410 sit,
1636 2360 1831 2415 nempe
1852 2346 2076 2400 malum.

499 2450 622 2505 Jam
658 2462 788 2503 vero
812 2442 1086 2516 quomodo
1114 2442 1224 2497 duo
1260 2440 1349 2494 illa
1385 2439 1675 2509 principia,
1708 2453 1831 2508 quae
1869 2438 2079 2491 conﬁn-

509 2539 697 2603 λίειὶε,
735 2536 873 2595 nihil
895 2535 1037 2588 inter
1071 2546 1130 2586 se
1160 2544 1457 2584 commune
1486 2527 1688 2582 habere
1719 2526 2074 2583 contenditis.

497 2628 635 2684 Nam
661 2627 707 2681 si
738 2626 843 2679 hoc
863 2621 1100 2684 exsistit,
1123 2626 1178 2674 et
1203 2618 1335 2672 illud
1368 2631 1621 2687 quoque:
1656 2625 1704 2669 ct
1738 2616 1787 2671 si
1819 2616 1921 2670 hoc
1943 2616 2077 2671 sub-

498 2721 705 2778 stantia
730 2726 811 2773 est
842 2712 1097 2785 principii
1128 2725 1329 2780 expers
1357 2724 1427 2765 ac
1455 2708 1815 2778 sempiterna,
1853 2716 1906 2763 et
1945 2709 2077 2763 illud

2192 1799 2284 1852 καὶ
2312 1798 2682 1870 δικαιοσύνης,
2718 1800 2813 1855 καὶ
2846 1800 2949 1869 τῆς
2979 1799 3072 1853 ἐπὶ
3104 1799 3165 1853 τὺ
3191 1800 3440 1870 κρεῖττον
3465 1800 3764 1871 αὐξήσεως.

2190 1890 2253 1942 Εἰ
2297 1888 2389 1942 οὖν
2432 1888 2525 1942 δύο
2573 1890 2743 1961 ἀρχαὶ
2794 1890 3019 1960 ἄναρχοι
3071 1890 3193 1943 καθ’
3239 1893 3391 1961 ἡμᾶς
3414 1931 3430 1956 ,
3466 1891 3764 1962 πολυαρχία

2190 1980 2346 2051 ἄρχει
2377 1979 2487 2033 τῶν
2517 1982 2709 2048 ὄντων,
2745 1983 2839 2036 καὶ
2883 1984 3025 2055 ἁρχὴ
3058 1981 3168 2036 τῶν
3192 1984 3410 2039 πάντων
3443 1984 3626 2038 κακία
3646 2001 3661 2015 ·
3683 1985 3764 2039 καὶ

2188 2070 2333 2125 οὕτω
2359 2071 2459 2142 μία
2487 2071 2652 2144 ἀρχὴ,
2677 2076 2709 2144 ἡ
2738 2075 2925 2127 κακία.
2957 2074 3082 2138 Πῶς
3109 2074 3166 2128 δὲ
3200 2076 3612 2146 ἀκοινωνήτους
3644 2093 3763 2129 πανο

2187 2159 2357 2224 τελῶς
2387 2161 2576 2229 λέγετε
2608 2162 2707 2225 τὰς
2736 2162 2830 2217 δύο
2870 2163 3068 2233 ἀρχὰς,
3095 2162 3162 2228 ἃς
3193 2163 3352 2216 αὐτοὶ
3400 2164 3757 2218 ἅνεπλὰσατε.

2186 2254 2249 2307 Εἰ
2280 2254 2388 2323 γὰρ
2416 2254 2509 2307 καὶ
2537 2254 2676 2327 αὓτη
2708 2256 2850 2319 ἐστὶ,
2891 2257 3118 2327 κάκείνη
3140 2273 3153 2286 ’
3187 2256 3281 2310 καὶ
3305 2257 3337 2326 ἡ
3364 2258 3390 2297 ε
3426 2256 3568 2327 αὕτη
3621 2256 3761 2310 οὐσία

2185 2346 2333 2398 ἐστὶν
2355 2345 2593 2417 ἄναρχος
2619 2347 2760 2419 ἀρχὴ
2791 2347 2887 2400 καὶ
2938 2348 3129 2411 ἀΐδιος,
3159 2348 3390 2418 κάκείνη
3417 2348 3653 2418 ὁμοίως,
3673 2346 3759 2400 oh

2184 2438 2293 2490 εἱσι
2323 2436 2606 2501 παντελῶς
2632 2438 3008 2509 ἀκοινώνητοι.
3034 2436 3369 2491 Κοινιονοῦσι
3402 2437 3514 2509 γὰρ
3546 2438 3757 2492 καταττ

2182 2528 2243 2580 τὸ
2267 2522 2429 2588 εἶναι,
2456 2529 2550 2583 καὶ
2580 2527 2722 2582 κατὰ
2755 2529 2833 2592 τὸ,
2865 2529 3047 2593 οὐσία,
3081 2532 3175 2583 καὶ⁸
3210 2528 3449 2599 ἄναρχος
3484 2528 3757 2601 attribui

2184 2618 2352 2681 ἀΐδιος
2376 2614 2553 2673 εἶναι’
2592 2621 2685 2674 καὶ
2724 2620 2868 2674 κατὰ
2913 2621 3091 2675 πάντα
3122 2621 3325 2693 ψευδὴς
3351 2624 3381 2674 ὁ
3419 2621 3589 2690 λόγος
3620 2620 3759 2691 ὑμῶν

2186 2708 2590 2765 ἀποδέδεικται.

498 2812 775 2875 similiter,
804 2807 920 2863 ﬁeri
948 2804 1176 2861 omnino
1205 2819 1316 2857 non
1348 2809 1528 2873 potest
1558 2809 1615 2856 ut
1651 2801 1789 2856 nihil
1834 2801 1980 2857 inter
2010 2817 2074 2855 ea
2151 2816 2446 2856 cmnmunc
2512 2805 2603 2859 sit.
2648 2803 2762 2860 Hoc
2802 2806 2949 2860 enim
3004 2806 3147 2861 inter
3196 2820 3256 2859 ea
3307 2820 3614 2860 commune
3663 2814 3759 2875 est,

497 2905 642 2977 quod
676 2909 826 2965 sunt,
859 2898 1006 2970 quod
1033 2895 1360 2951 substantiae
1389 2904 1539 2955 sunt,
1573 2893 1830 2963 quodque
1866 2892 2129 2963 principii
2154 2896 2401 2962 expertia
2431 2895 2700 2966 principia
2765 2905 2919 2960 sunt,
2992 2911 3055 2952 ac
3128 2899 3487 2966 sempiterna.
3567 2895 3761 2968 Sicque

496 2997 679 3054 modis
708 2991 968 3049 omnibus
1015 2988 1268 3045 doctrina
1321 2994 1505 3043 vestra
1554 2984 1815 3040 falsitatis
1841 2985 2213 3041 convincitur.

568 3090 658 3144 12.
687 3089 765 3143 Ac
794 3100 1025 3141 rursus:
1053 3084 1110 3138 Si
1134 3083 1246 3138 duo
1262 3081 1533 3152 principia
1570 3080 1846 3151 principio
1873 3094 2067 3134 caren-

2249 3078 2336 3148 ιβ’.
2367 3081 2476 3133 Καὶ
2523 3079 2687 3133 πάλιν
2723 3098 2735 3109 ·
2767 3081 2815 3132 εἰ
2871 3080 2966 3133 δύο
3016 3081 3180 3151 ιίιρχαί¹
3233 3084 3499 3157 ἄναρχοι,
3533 3090 3759 3143 ἕκαστον

494 3184 570 3238 tia
606 3190 757 3244 sunt,
805 3188 1103 3246 utrumque
1136 3189 1201 3239 eo
1250 3173 1398 3243 quod
1431 3187 1591 3228 suum
1644 3181 1727 3227 est
1768 3170 1969 3240 gaudet
2023 3177 2078 3223 et

501 3274 850 3336 oblectatur;
901 3269 1098 3337 suique
1152 3265 1630 3322 conservationem
1688 3263 1893 3317 bonum
1954 3276 2077 3316 esse

458 3390 467 3394 -
497 3375 711 3421 censet.
734 3362 1043 3431 Unicuique
1070 3360 1269 3414 etenim
1297 3357 1377 3411 rei
1412 3355 1544 3410 illud
1570 3357 1770 3410 bonum
1795 3362 1897 3415 est,
1928 3352 2074 3422 quod

498 3458 674 3527 ipsius
705 3462 959 3508 naturam
992 3460 1196 3506 tuetur.
1232 3449 1409 3519 Atque
1438 3446 1573 3502 adeo
1637 3447 1731 3501 ille
1754 3460 1942 3527 .quem
1974 3446 2073 3499 bo-

492 3565 647 3612 num,
685 3556 740 3603 et
775 3547 912 3601 alter
950 3558 1111 3615 quem
1145 3542 1349 3596 malum
1403 3555 1529 3597 esse
1572 3510 1782 3622 dicitis‘,
1839 3546 2073 3608 uterque

492 3643 561 3697 de
592 3641 776 3709 scipso
802 3636 1025 3709 gaudet,
1062 3636 1246 3705 iisque
1276 3648 1399 3704 quae
1435 3648 1535 3688 sua
1566 3642 1696 3687 sunt
1736 3632 2066 3687 oblectatur.

492 3733 629 3798 Quis
669 3732 837 3801 igitur
865 3739 970 3793 est,
1007 3729 1100 3798 qui
1130 3728 1363 3781 alterum
1414 3725 1642 3790 bonum,
1674 3723 1906 3778 alterum
1950 3736 2069 3775 ma-

488 3825 604 3877 lum
639 3818 1071 3888 essejutlicavit.
1113 3817 1208 3871 ille
1242 3814 1485 3885 profecto
1523 3813 1669 3868 Deus
1716 3813 1897 3882 potior
1938 3812 2065 3876 erit,

489 3913 891 3979 amborumqne
923 3908 1296 3977 praestantior.
1342 3905 1594 3960 Deterius
1626 3905 1771 3959 enim
1832 3918 1861 3955 a
1925 3916 2066 3970 prae-

489 4001 742 4061 stantiori
774 4020 788 4068 ;
823 4008 877 4060 et
907 4001 953 4054 is
978 3999 1074 4068 qui
1118 3998 1331 4061 subest,
1361 3997 1429 4050 ab
1455 4011 1521 4051 eo
1549 3997 1643 4065 qui
1679 4002 1893 4065 prmcst,
1918 3992 2068 4063 judi-

486 4107 661 4153 catur.

557 4186 645 4241 15.
684 4182 828 4250 Quin
853 4180 984 4235 illud
1014 4193 1233 4251 quoque
1266 4178 1420 4233 dicas
1463 4177 1626 4233 velim
1656 4191 1668 4229 :
1706 4177 1848 4232 inter
1879 4184 2063 4231 vestra

484 4278 593 4332 duo
648 4273 917 4345 principia
970 4270 1248 4340 aliquidue
1301 4281 1595 4323 commune
1644 4267 1738 4329 sit,
1790 4282 1858 4320 an
1924 4265 2062 4320 nihil

2178 3176 2270 3227 ἐπὶ
2306 3173 2380 3244 τῷ
2431 3173 2616 3244 οἰκείῳ
2647 3172 2828 3245 χαίρει
2872 3174 2968 3227 καὶ
2998 3175 3281 3248 τέρπεται,
3314 3181 3407 3233 καὶ
3436 3182 3639 3236 ἑαυτοῦ
3670 3184 3758 3237 σύ-

2180 3280 2389 3327 στασιν,
2420 3263 2625 3331 ἀγαθὸν
2658 3262 2932 3331 λογίζεται
2958 3282 2973 3295 ·
2996 3267 3213 3337 ἑκάστῳ
3239 3268 3350 3338 γὰρ
3386 3270 3596 3338 ἀγαθόν
3620 3275 3756 3336 ἐστι,

2175 3355 2235 3407 τὸ
2264 3355 2589 3409 συστατικὸν
2617 3358 2715 3425 τῆς
2752 3356 2959 3418 οἰκείας
2985 3358 3204 3426 φύσεως
3227 3376 3241 3390 ·
3273 3361 3369 3413 καὶ
3407 3363 3437 3414 ὁ
3460 3365 3595 3435 παρ’
3628 3365 3757 3435 ὑμῖν

2174 3444 2268 3502 οὖν
2300 3448 2503 3515 ἀγαθὸς
2531 3488 2546 3513 ,
2571 3450 2666 3502 καὶ
2694 3450 2724 3502 ὁ
2765 3452 2897 3521 παρ’
2932 3452 3061 3521 ὑμῖν
3110 3452 3349 3522 πονηρὸς
3368 3495 3384 3520 ,
3411 3455 3651 3519 ἕκαστος
3674 3457 3757 3521 ἐφ’

2174 3538 2354 3609 ἑαυτῷ
2396 3540 2598 3612 χαίρει,
2629 3541 2723 3594 καὶ
2751 3544 2866 3606 τοῖς
2901 3543 3126 3607 οίκείοις
3151 3545 3532 3616 ἐπιτέρπεται,
3557 3547 3656 3600 καὶ
3688 3548 3755 3603 τὰ

2171 3633 2347 3684 οἰκεῖα
2396 3630 2577 3699 ἀγαθὰ
2621 3630 2918 3698 λογίζεται.
2952 3633 3049 3697 Τίς
3101 3629 3195 3687 οὖν
3240 3637 3270 3688 ὁ
3298 3636 3492 3706 κρίνας
3542 3635 3639 3689 τὸν
3662 3638 3755 3690 ἕνα

2172 3728 2445 3798 πονηρόν;
2477 3727 2573 3780 καὶ
2623 3728 2874 3789 κάκεῖνος
2926 3728 3126 3799 μᾶλλόν
3182 3731 3297 3783 ἐστι
3346 3730 3497 3791 Θεὸς.
3542 3732 3755 3801 μείζων

2170 3818 2519 3890 ἀμφοτέρων.
2553 3818 2627 3871 Τὸ
2660 3819 2768 3888 γὰρ
2800 3819 3020 3873 ἔλαττον
3048 3820 3157 3873 ὑπὸ
3188 3821 3277 3875 τοῦ
3298 3821 3629 3891 κρείττονος,
3657 3823 3757 3877 καὶ

2168 3911 2230 3965 τὸ
2259 3911 2564 3982 ἀρχόμενον
2590 3911 2695 3964 ὑπὸ
2725 3910 2817 3965 τοῦ
2852 3912 3114 3983 ἄρχοντος
3145 3913 3398 3985 κρίνεται.

2238 4182 2327 4243 ιγ’.
2364 4175 2499 4230 Εἰπὲ
2525 4176 2582 4230 δὲ
2631 4177 2729 4231 καὶ
2779 4177 2974 4231 τοῦτο·
3005 4177 3355 4234 κοινωνοῦσιν
3400 4178 3668 4248 ἀλλήλαις
3693 4178 3748 4233 αἰ

2165 4268 2294 4337 παρ’
2326 4268 2461 4337 ἡμῖν
2486 4266 2580 4320 δύο
2614 4268 2853 4339 ἀρχαί,ἢ
2878 4270 3154 4335 παντελῶς
3185 4271 3327 4324 εἰσιν
3349 4268 3745 4339 ἁκοινὼνητοι;

480 4364 939 4438 prorsus?MAN.
987 4363 1133 4417 Nihil
1188 4376 1440 4433 prorsus.
1488 4360 1771 4431 Siquidem
1827 4358 2059 4413 alterum

2180 4357 2409 4411 HANIX.
2470 4357 2852 4429 Ἀκοινώνητοι
2904 4355 3046 4431 ἦσαν
3094 4359 3377 4423 παντελῶς
3407 4377 3420 4389 ’
3444 4361 3479 4431 ἡ
3516 4360 3622 4431 μὲν
3645 4361 3746 4429 γὰρ

480 4464 535 4516 in
573 4459 982 4515 confertissima
1021 4456 1296 4512 bonorum
1331 4453 1490 4523 copia
1520 4454 1867 4513 versabatur,
1916 4451 2053 4504 alte-

2180 4448 2263 4502 ιία
2299 4451 2356 4503 ὲν
2396 4448 2727 4520 πληρώματι
2771 4450 2883 4504 τῶν
2932 4451 3154 4520 ἀγαθῶν
3200 4447 3293 4522 ἦν,
3328 4453 3362 4520 ὴ
3393 4450 3447 4503 δὲ
3490 4451 3665 4522 ἑτέρα
3693 4451 3745 4502 ὲν

480 4568 604 4607 rum
638 4549 834 4604 mediis
867 4549 921 4602 in
952 4548 1132 4602 malis.
1159 4546 1360 4601 Verum
1396 4543 1679 4614 permistio
1703 4549 1891 4613 postea
1919 4556 2056 4596 con-

472 4642 620 4712 tigit.
646 4640 860 4696 ORTH.
889 4639 1264 4710 Supersedeas
1306 4636 1578 4706 tantisper
1600 4635 1761 4691 velim
1800 4634 1870 4689 ab
1906 4634 2054 4691 edis-

479 4730 718 4789 sereuda
751 4731 856 4784 ista
886 4728 1285 4800 permistione;
1316 4741 1380 4781 ac
1406 4726 1541 4780 mihi
1588 4727 1744 4795 prius
1795 4739 2045 4790 enarres,

477 4838 611 4880 num
650 4836 749 4876 ens
776 4820 911 4886 enti,
938 4819 1239 4875 secundum
1277 4818 1423 4888 quod
1453 4825 1562 4881 est,
1596 4824 1887 4887 repugnet,
1918 4830 2050 4869 num

475 4930 607 4973 vero
633 4930 741 4969 non
770 4928 871 4968 ens
919 4913 1078 4968 cuti?
1116 4910 1277 4966 MAN.
1328 4911 1385 4965 ld
1416 4914 1565 4981 quod
1613 4911 1817 4964 malum
1851 4917 1958 4976 est,
1997 4908 2046 4962 ei

476 5006 625 5077 quod
654 5014 741 5060 est
770 5004 996 5068 bonum,
1029 5010 1319 5072 repugnat.
1356 4998 1567 5055 ORTH.
1593 5002 1707 5055 Hoc
1728 5001 2047 5055 sciscitatus

477 5113 585 5153 non
616 5112 757 5163 sum,
783 5103 964 5150 utrum
1005 5093 1158 5159 boni,
1188 5094 1273 5148 vel
1308 5092 1435 5145 mali
1474 5090 1690 5146 ratione
1716 5132 1730 5156 ,
1763 5092 1858 5146 sed
1892 5105 1959 5144 an
1991 5092 2046 5146 in

478 5207 543 5246 co
572 5190 717 5260 quod
748 5197 900 5253 sunt,
934 5188 1078 5243 inter
1106 5200 1167 5242 se
1202 5190 1469 5255 pugnent.
1491 5181 1625 5235 Nam
1652 5196 1716 5238 ea
1748 5197 1873 5252 (piae
1899 5192 2046 5251 sunt,

477 5282 899 5352 haudquaquam
935 5280 1085 5336 omni
1127 5293 1193 5334 ex
1229 5285 1384 5347 parte
1436 5282 1701 5349 pugnant.
1763 5274 2047 5345 Siquidem

478 5362 585 5426 hac
614 5372 731 5441 ipsa
764 5372 977 5427 ratione
1009 5367 1155 5439 quod
1185 5375 1337 5432 sunt,
1368 5366 1513 5421 inter
1562 5380 1621 5421 se
1676 5367 2038 5419 conveniunt.

2156 4536 2484 4608 πληρώματι
2534 4538 2644 4591 τῶν
2696 4538 2884 4593 κακῶν
2919 4556 2931 4572 ·
2961 4540 3078 4592 ἀλλ’
3110 4540 3329 4607 ἐγένετο
3375 4540 3521 4609 μετά
3576 4539 3744 4593 ταῦτα

2157 4629 2481 4700 σύγκρασις.
2505 4628 2659 4684 ΟΡΘ.
2702 4631 2999 4686 Ἀναϐαλοῦ
3049 4632 3188 4696 τέως
3228 4634 3322 4686 τὸν
3369 4631 3472 4701 τῆς
3506 4633 3748 4702 συγκρά-

2156 4737 2295 4785 σεως
2323 4720 2500 4789 λόγον.
2530 4723 2743 4793 Φράσον
2771 4723 2828 4777 δὲ
2849 4724 2981 4795 ἡμῖν
3008 4724 3276 4795 πρότερον
3301 4741 3315 4753 ο
3351 4724 3415 4777 τὸ
3444 4724 3509 4777 ὃν
3538 4726 3622 4795 τῷ
3643 4726 3749 4777 δντι

2153 4811 2298 4865 κατὰ
2325 4813 2387 4865 τὸ
2421 4809 2561 4867 εἶναι
2583 4815 2846 4880 ἐναντίον,
2875 4816 2909 4886 ἢ
2947 4816 3009 4869 τὸ
3043 4816 3118 4887 μὴ
3145 4815 3207 4869 ὃν
3225 4814 3305 4886 τῷ
3328 4816 3464 4869 ὅντι.
3488 4816 3748 4870 ΜΑΝΙΧ.

2155 4905 2230 4959 Τὸ
2257 4905 2317 4960 ὃν
2366 4906 2675 4978 κακὸν,τῷ
2709 4908 2825 4961 ὄντι
2874 4908 3066 4978 ἀγαθῷ
3113 4909 3377 4963 ἐναντίον.
3419 4908 3590 4961 υΡΘ.
3639 4907 3752 4963 Οὔκ

2156 4999 2436 5071 ἠρώτησα,
2450 5001 2498 5053 εἰ
2524 5000 2667 5054 κατὰ
2685 5000 2745 5054 τὺ
2776 5000 2946 5053 κακον
2967 4999 3059 5054 καί
3078 4999 3286 5069 ἀγαθόν
3307 5000 3447 5052 εἰσιν
3503 4999 3749 5062 ἐναντία,

2157 5092 2293 5145 ἀλλὰ
2322 5090 2463 5146 κατὰ
2491 5092 2551 5145 τὸ
2580 5087 2742 5146 εἶναι.
2767 5090 2850 5145 Τὰ
2874 5091 2984 5162 γὰρ
3004 5090 3155 5154 ὅντα,
3181 5089 3244 5142 οὐ
3272 5087 3574 5153 παντελῶς
3602 5089 3754 5141 ἐναν-

2156 5182 2246 5235 τία
2269 5197 2283 5212 ·
2322 5182 2464 5235 κατὰ
2496 5182 2606 5253 γὰρ
2633 5181 2857 5236 αὐτὸτὸ
2884 5176 3025 5234 εἰναι
3076 5178 3433 5236 κοινωνοῦσιν
3463 5179 3749 5249 ἀλλήλοις.

2154 5272 2233 5342 τῷ
2267 5272 2321 5325 δὲ
2346 5273 2458 5327 ὕντι
2490 5274 2552 5326 τδ
2592 5272 2667 5344 μὴ
2718 5268 2857 5327 εἶναι
2905 5271 3182 5343 ἐναντίον·
3213 5270 3356 5324 ὥστε
3382 5271 3431 5323 εἰ
3460 5267 3755 5332 παντελῶς

2151 5364 2393 5417 ἐναντίον
2423 5365 2501 5435 τῷ
2534 5363 2726 5435 ἀγαθῷ
2750 5363 2811 5418 τὸ
2837 5363 3009 5419 κακὸν
3028 5401 3045 5427 ,
3077 5361 3195 5415 ἐστι
3225 5360 3283 5415 δὲ
3307 5358 3368 5413 τὸ
3391 5358 3639 5427 ἀγαθὸν,
3656 5356 3754 5411 οὐκ

1786 5536 2029 5595 ῩΔΒΙΙΕ
2069 5534 2477 5593 LECTIONES.

568 5627 591 5668 ¹
615 5627 782 5684 Basil.
817 5632 970 5687 deest
1000 5634 1169 5687 αἰτία.

1283 5636 1307 5674 ε
1340 5632 1485 5703 Lego
1506 5633 1577 5687 εἰ.
1615 5646 1739 5688 cum
1783 5630 2142 5687 Leunclavio.
