3980 6140
395 265 531 334 1517

1382 262 1762 325 DIALOGUS
1799 259 2088 320 CONTRA
2132 250 2609 318 MANICH/EOS.

3501 254 3640 323 1518

391 382 512 433 ἔστι
540 376 598 431 δὲ
630 377 690 430 τὸ
710 379 896 433 κακόν.
923 376 1087 429 Ὥστε
1113 374 1219 428 τδὶι
1244 374 1413 429 κακὸν
1445 370 1699 444 στέρησίς
1727 371 1842 422 ἐστι
1869 364 1949 419 toi

2069 368 2136 420 At
2167 381 2298 420 vero
2336 366 2385 420 ei
2416 366 2565 435 quod
2599 372 2706 429 est,
2740 365 2875 420 illud
2914 367 3059 444 quod
3099 381 3208 425 non
3240 378 3345 434 est,
3383 368 3635 433 adversa,

390 463 553 532 εἶναι,
589 466 685 527 καὶ
715 468 883 522 κακὸν
930 466 1153 535 λέγεται
1187 483 1203 532 ;
1235 466 1331 520 καὶ⁸
1359 466 1408 518 εἰ
1452 462 1610 516 οὐσία
1641 460 1703 514 τὺ
1735 457 1959 526 ἀγαθὸν,

389 555 646 609 ἀνούσιον
668 556 730 613 τὸ
755 559 943 623 κακὸν,
966 557 1000 628 ἦ
1025 557 1088 611 οὐ
1119 559 1295 627 πάντη
1333 555 1574 610 ἐναντία.

2069 463 2182 508 tur.
2212 455 2497 524 Adeoque,
2529 454 2574 510 si
2617 455 2821 509 malum
2853 440 2996 510 bono
3038 459 3108 511 sit
3152 473 3381 527 prorsus
3418 470 3640 514 contra-

2072 545 2237 610 rium,
2263 559 2389 599 cum
2424 547 2568 601 bono
2604 546 2708 602 soli
2748 562 2871 603 esse
2920 549 3233 614 conveniat,
3280 552 3486 604 malum
3537 566 3639 605 nec

387 647 498 701 erit
528 647 768 716 quidem.
800 648 994 720 itaque
1025 652 1228 705 malum
1256 649 1377 719 ejus
1407 647 1555 718 quod
1587 653 1693 709 est,
1728 640 1963 712 privatio
2001 647 2106 704 est,
2137 652 2261 707 quas
2292 639 2492 692 malum
2520 641 2861 696 nominatur.
2938 641 3080 707 Quin
3108 642 3154 695 si
3192 645 3392 698 bonum
3450 660 3639 715 essen-

387 736 462 793 tia
505 745 611 797 est,
661 738 866 792 malum
906 739 1142 807 proinde
1180 738 1421 793 essentia
1470 745 1661 791 caret:
1727 729 1970 799 alioquin
2005 742 2067 781 ex
2102 727 2254 782 omni
2286 734 2447 795 parte
2471 742 2580 782 non
2612 728 2995 785 adversantur.

463 824 547 879 ιδ’.
576 826 749 881 ΜΛΝ.
777 822 912 880 Εἶτα
950 829 1051 898 οὐχ
1089 829 1283 899 ὁρᾶται
1329 828 1500 882 κακία
1537 829 1596 880 ὲν
1638 828 1750 888 τοῖς
1781 819 1962 887 οῦσινς

385 918 544 971 ΟΡΘ.
583 917 649 969 Ἠ
684 918 952 993 παντελὴς
973 916 1179 971 κακίαι
1208 919 1307 988 οὐχ
1335 919 1529 990 ὁρᾶται
1562 918 1620 969 ἐν
1646 919 1759 978 τοῖς
1791 912 1962 967 οὖσιν·

383 1008 515 1060 οὔτε
544 1009 652 1078 γὰρ
672 1008 805 1071 Θεὸς
831 1011 860 1061 6
888 1009 1056 1074 ὅντως
1086 1008 1182 1072 ὢν,
1213 1010 1309 1063 καὶ
1330 1008 1425 1062 τοῦ
1459 1003 1600 1061 εῖναι
1629 1006 1822 1068 αἴτιος,
1862 1021 1964 1058 κα-

384 1101 507 1164 κία,
543 1098 668 1152 οὔτε
709 1117 762 1152 τι
807 1100 915 1152 τῶν
967 1100 1288 1168 γεγονότων,
1339 1099 1473 1152 καθὸ
1530 1101 1742 1166 γέγονε,
1769 1097 1959 1159 κακὸν,

382 1191 531 1255 ἀλλὰ
555 1191 617 1243 τό
666 1206 727 1243 τε
754 1189 865 1243 τῶν
902 1191 1120 1244 πάντων
1147 1191 1338 1254 αἴτιον,
1364 1189 1565 1258 ἀγαθὸν
1588 1187 1634 1251 i,
1665 1188 1758 1240 καὶ
1784 1187 1962 1240 πάντα

380 1281 452 1335 τά
484 1282 759 1352 γενόμενα
796 1283 888 1335 ὑπ’
927 1281 1092 1336 αὐτοῦ
1137 1281 1339 1350 ἀγαθά.
1372 1282 1556 1336 Πάντα
1597 1282 1656 1335 δὲ
1699 1280 1767 1333 τὰ
1809 1281 1956 1343 ὅντα,

382 1375 478 1426 ὑπ’
512 1373 702 1438 αὐτοῦ,
732 1375 797 1428 ὲκ
828 1373 921 1426 τοῦ
977 1374 1054 1444 μὴ
1099 1373 1251 1438 ὄντος
1278 1376 1357 1436 είς
1393 1374 1455 1426 τὸ
1484 1368 1625 1426 εἶναι
1672 1370 1952 1443 παρήχθη,

379 1460 480 1520 καὶ
527 1462 706 1514 πάντα
757 1459 917 1519 καλὰ,
949 1460 1044 1513 καὶ
1080 1460 1199 1512 λίαν
1221 1460 1400 1513 καλά’
1428 1459 1488 1512 τὸ
1523 1458 1578 1513 δὲ
1615 1459 1781 1513 κακὸν
1808 1458 1959 1511 οὐδὲν

376 1550 574 1622 ἕτερόν
623 1552 758 1610 ἐστι,
789 1550 836 1602 εἰ
872 1549 945 1621 μὴ
987 1549 1229 1627 ἀποϐολὴ
1274 1553 1367 1602 καὶ
1414 1551 1669 1620 στέρησις
1712 1547 1958 1609 ἑκούσιος

2142 818 2230 873 14.
2270 817 2434 871 MAN.
2470 818 2693 881 Verum,
2727 822 2977 890 nunquid
3022 824 3223 877 malum
3260 825 3315 885 in
3341 829 3503 890 rebus
3525 843 3637 892 non

2066 909 2425 980 perspicitur.
2463 909 2671 965 ORTII.
2703 911 2902 966 Malum
2963 914 3208 984 nudique
3234 915 3535 985 perfectum
3580 920 3635 974 in

2064 1001 2233 1056 rebus
2266 1016 2377 1056 non
2410 1003 2680 1056 cernitur.
2724 1002 2860 1063 Nam
2893 1020 2992 1058 nec
3025 1004 3190 1071 Deus,
3230 1010 3322 1076 qui
3372 1025 3497 1065 vere
3528 1018 3632 1082 est,

2065 1090 2299 1160 aliisque
2342 1093 2510 1147 rebus
2552 1100 2774 1162 prastat
2814 1104 2873 1147 ut
2921 1095 3051 1159 sint,
3108 1098 3310 1151 malum
3356 1109 3479 1166 est;
3532 1116 3635 1159 nec

2063 1183 2362 1252 quidquam
2397 1198 2585 1237 eorum
2627 1199 2748 1252 quae
2786 1184 2855 1239 ab
2881 1185 2999 1253 ipso
3045 1188 3265 1244 condita
3323 1201 3472 1256 sunt,
3526 1207 3635 1262 qua

2062 1274 2344 1329 conditum
2390 1282 2475 1330 est
2513 1274 2747 1339 ratione,
2794 1276 2996 1331 malum
3046 1288 3152 1333 est.
3199 1279 3458 1345 Quiuimo
3518 1293 3632 1335 tum

2060 1380 2244 1419 rerum
2306 1366 2684 1423 universarum
2735 1381 2924 1430 causa,
2964 1377 3080 1423 tum
3128 1386 3248 1439 quae
3292 1387 3357 1426 eo
3411 1381 3634 1428 auctore

2062 1457 2365 1522 exsistunt,
2396 1459 2540 1514 bona
2573 1468 2720 1512 sunt.
2751 1457 2924 1513 Porro
2973 1474 3060 1514 res
3113 1477 3303 1518 omnes
3347 1464 3417 1518 ab
3456 1479 3522 1518 eo
3567 1472 3633 1523 ex

2058 1549 2233 1603 nihilo
2276 1558 2403 1604 sunt
2430 1548 2629 1604 editae:
2666 1558 2830 1618 atque
2859 1552 3037 1606 omnia
3069 1553 3227 1611 bona,
3264 1552 3507 1615 fuerunt,
3572 1565 3629 1614 et

376 1640 492 1694 τῶν
519 1641 623 1693 ὑπὸ
656 1639 790 1693 Θεοῦ
813 1643 878 1712 τῇ
905 1641 1095 1710 λογικῇ
1130 1640 1289 1708 φύσει
1311 1640 1702 1711 δεδωρημένων
1727 1656 1740 1669 ·
1771 1638 1949 1707 ὥσπερ

2062 1641 2282 1710 quidem
2321 1640 2458 1694 bona
2474 1641 2625 1694 valde
2648 1644 2688 1692 ⁸.
2725 1640 2926 1695 Malum
2957 1651 3136 1697 autem
3163 1644 3299 1697 nihil
3336 1640 3482 1699 aliud
3523 1654 3629 1719 est,

376 1730 570 1796 πενία,
595 1729 827 1783 πλούτου
882 1729 1166 1798 ἀποϐολή·
1205 1730 1433 1793 πλοῦτος
1491 1732 1589 1800 μὲν
1632 1731 1742 1799 γάρ
1783 1732 1953 1791 ἐστιν,

376 1821 555 1877 ὄντων
591 1825 805 1893 κτῆσις,
833 1823 1060 1894 χρυσοῦ,
1093 1822 1189 1876 καὶ
1219 1823 1483 1893 ἀργύρου,
1502 1821 1598 1875 καὶ
1622 1820 1785 1874 λίθων
1804 1822 1953 1874 διαυο

381 1913 500 1982 γῶν
529 1914 624 1967 καὶ
655 1914 884 1984 ἐσθῆτος
918 1914 1201 1987 διαφόρου,
1236 1913 1464 1980 παίδων,
1497 1912 1592 1966 καὶ
1626 1911 1949 1975 παιδισκῶν,

377 2001 616 2069 ἀλόγων,
648 2001 742 2055 καὶ
773 2001 1023 2073 ἀρουρῶν
1042 2040 1056 2064 ,
1084 2002 1179 2055 καὶ
1229 2000 1337 2055 τῶν
1386 2001 1644 2054 τοιούτων
1667 2039 1683 2064 ,
1714 1992 1788 2054 ὧν
1821 2000 1950 2053 ἕκα-

380 2106 509 2143 στον
553 2091 708 2143 οὐσία
749 2092 887 2149 ἐστί.
918 2090 1010 2145 Διό
1044 2091 1139 2143 καὶ
1172 2089 1428 2154 πλούσιος
1475 2088 1694 2157 λέγεται
1724 2088 1753 2140 6
1780 2086 1951 2141 ταῦτα

378 2182 725 2251 κτησάμενος
748 2199 762 2212 ·
791 2174 903 2235 οἷόν
941 2198 1027 2243 τις
1077 2180 1522 2251 πολυπεριούσιος
1542 2220 1557 2244 ,
1585 2177 1783 2250 πολλὴν
1814 2177 1952 2248 ἔχων

380 2272 512 2343 περὶ
542 2272 705 2337 αὑτὸν
733 2273 941 2326 οὐσίαν.
978 2272 1043 2324 Ἠ
1067 2272 1125 2325 δὲ
1156 2273 1336 2335 πενία,
1371 2272 1570 2343 μερικὴ
1601 2271 1720 2341 μὲν,
1750 2269 1949 2340 μερικὴ

376 2362 586 2415 τούτων
618 2362 878 2432 ἀποϐολὴ,
915 2363 1185 2433 παντελὴς
1220 2362 1297 2429 δὲ,
1335 2362 1603 2433 παντελὴς
1653 2361 1908 2431 στέρησις
1933 2375 1947 2391 ·

378 2453 474 2512 καὶ
500 2453 689 2526 ὥσπερ
716 2457 748 2526 ή
775 2455 967 2527 όλοκλη
979 2456 1067 2527 ρία
1099 2455 1192 2508 τοῦ
1219 2454 1471 2525 σώματος
1498 2454 1682 2515 καλὸν,
1709 2454 1742 2521 ἡ
1771 2452 1828 2504 δὲ
1855 2448 1949 2503 τοῦ

379 2545 499 2606 ἑνὸς
531 2545 730 2615 μέρους
756 2546 1023 2615 ἀποϐολή,
1049 2563 1113 2615 με
1122 2544 1275 2616 ρικὸν
1302 2545 1492 2606 κακὸν,
1512 2544 1611 2612 οὐχ
1634 2542 1876 2611 ὑπάρχον
1898 2541 1946 2607 κ,

378 2634 494 2688 ἀλλ’
519 2637 852 2707 ὑπάρχοντος
903 2639 1177 2709 στέρησις.
1223 2636 1449 2708 Ὀρᾶται
1487 2637 1563 2703 δὲ,
1597 2636 1716 2705 ήτοι
1747 2636 1948 2688 νοεῖται

379 2728 438 2780 ὲν
462 2727 541 2797 τῷ
568 2728 703 2794 δντι,
734 2730 833 2799 οὐχ
860 2730 934 2794 ὡς
977 2729 1056 2791 δν,
1091 2730 1203 2782 ἀλλ’
1235 2730 1309 2791 ὡς
1359 2728 1760 2797 ἀπογενόμενον
1785 2742 1800 2759 ’
1835 2721 1947 2779 οἷον

378 2819 657 2890 ὀφθαλμὸς
694 2821 789 2873 καὶ
816 2822 1024 2889 ὅρασις,
1057 2821 1291 2891 ὑπάρχει
1327 2820 1420 2872 καὶ
1469 2818 1651 2880 ἔστιν,
1681 2819 1713 2886 ἡ
1757 2817 1812 2869 δὲ
1850 2816 1946 2868 τύ-

380 2913 605 2983 φλωσις,
654 2913 755 2964 οὐκ
817 2909 962 2962 ἐστιν
1020 2910 1217 2974 οὐσία,
1251 2909 1385 2963 ἀλλὰ
1440 2908 1535 2965 τοῦ
1604 2907 1948 2976 ὑπάρξαντος

2063 1731 2167 1785 nisi
2199 1731 2423 1787 amissio
2442 1732 2749 1789 voluntaria
2795 1746 2859 1785 ac
2894 1735 3126 1803 privatio
3160 1750 3347 1795 eorum
3377 1751 3497 1804 quae
3530 1750 3631 1798 na,
3686 1777 3689 1780 ‹

2062 1830 2202 1877 tura:
2232 1822 2542 1878 rationabili
2568 1838 2596 1876 a
2620 1823 2730 1877 Deo
2751 1837 3016 1878 concessa
3045 1834 3208 1878 suate
3233 1826 3309 1879 uti
3335 1834 3630 1895 paupertas

2059 1920 2143 1966 est
2172 1926 2335 1981 opum
2377 1913 2626 1967 amissio.
2664 1910 2797 1965 Nam
2822 1914 3099 1982 opulentia
3128 1924 3211 1969 est
3246 1930 3427 1969 rerum
3475 1915 3627 1985 ipsa-

2059 2020 2182 2060 rum
2211 2005 2510 2074 possessio,
2543 2012 2695 2074 puta,
2730 2007 2871 2069 auri,
2914 2006 3151 2074 argenti,
3198 2008 3626 2079 pellucidorum,

2058 2095 2227 2150 varia:
2252 2096 2441 2160 vestis,
2494 2109 2805 2155 servorum.
2842 2097 3197 2159 ancillarum,
3226 2098 3624 2165 jumentorum,

2061 2199 2337 2254 agrorum,
2372 2190 2537 2254 atque
2568 2184 2620 2237 id
2667 2199 2842 2254 genus
2887 2185 3139 2251 aliorum,
3173 2201 3410 2255 quorum
3456 2204 3626 2246 unum

2057 2276 2318 2344 quodque
2346 2276 2654 2331 substantia
2691 2286 2794 2329 est.
2844 2274 2964 2341 Quo
3005 2278 3169 2331 etiam
3209 2278 3264 2329 iit
3326 2285 3390 2333 ut
3440 2278 3629 2333 Graece

2057 2363 2331 2428 πλούσιος,
2370 2363 2645 2432 opulentus
2675 2366 3000 2432 appelletur,
3053 2366 3146 2435 qui
3179 2367 3282 2423 ista
3336 2382 3628 2438 compara-

2059 2456 2232 2520 verit;
2260 2456 2425 2510 veluti
2452 2455 2898 2523 πολυπεριούσιος
2920 2457 3217 2526 quispiam,
3242 2473 3337 2514 seu
3368 2460 3626 2528 substan-

2056 2534 2185 2605 tiam
2209 2551 2371 2623 535
2414 2539 2638 2605 multam
2688 2555 2967 2608 obtinens.
3021 2553 3222 2608 Contra
3276 2563 3512 2624 egestas,
3576 2557 3626 2619 si

2055 2640 2237 2711 aliqua
2259 2655 2321 2694 ex
2352 2653 2506 2709 parte
2537 2643 2855 2713 contingat,
2895 2641 3129 2711 alicujus
3182 2626 3401 2704 illorum
3450 2646 3627 2715 partis

2058 2734 2284 2789 amissio
2315 2735 2420 2789 erit
2446 2754 2459 2786 :
2490 2734 2535 2789 si
2560 2740 2740 2788 autem
2776 2734 3115 2797 omnimoda,
3143 2735 3456 2790 omnimoda
3489 2753 3625 2807 quo«

2054 2841 2162 2893 quc
2194 2824 2449 2892 spoliatio
2478 2825 2586 2877 erit
2616 2843 2629 2879 :
2661 2840 2771 2879 non
2803 2839 2962 2879 secus
2987 2827 3241 2885 videlicet
3283 2842 3344 2883 ac
3371 2833 3625 2900 corporis

2055 2912 2344 2979 integritas
2374 2911 2576 2967 bonum
2609 2921 2730 2977 est;
2758 2912 2923 2967 unius
2954 2910 3137 2968 a‘utem
3167 2916 3338 2984 partis
3369 2919 3619 2987 amissio,

378 2974 658 3073 όφθαλμοῦ
678 3002 942 3057 ἀπώλεια.
970 3002 1268 3073 Θεωρεῖται
1300 3001 1357 3054 δὲ
1381 3002 1439 3052 ὲν
1467 3000 1543 3070 τῷ
1575 2974 1949 3067 συνισταμένη)

2055 3001 2384 3069 particulare
2412 3000 2614 3053 malum
2647 3018 2662 3065 ;
2698 3003 2842 3069 quod
2881 3004 3104 3072 quidem
3137 2974 3244 3058 n-on
3276 3017 3359 3075 est
3409 2974 3621 3079 aliquid

378 3094 473 3147 καὶ
509 3093 621 3147 ὄντι
676 3092 889 3163 σώματι
918 3131 932 3157 ,
964 3092 1061 3161 οὐχ
1107 3090 1182 3154 ὡς
1214 3088 1309 3156 ὃν,
1338 3088 1453 3142 ἀλλ’
1483 3089 1558 3151 ὠς
1610 3086 1950 3156 ὑπάρξαντος

377 3183 656 3254 ὀφθαλμοῦ
686 3183 943 3254 στέρησις
966 3199 980 3212 ·
999 3182 1095 3246 καί
1131 3181 1304 3244 οὕτως
1353 3182 1492 3234 κατὰ
1531 3179 1695 3249 μέρος
1718 3180 1751 3248 ἡ
1782 3193 1948 3248 προσο

379 3277 520 3347 θήκη
556 3278 652 3345 τῆς
695 3275 804 3327 τῶν
843 3272 1019 3345 μελῶν
1066 3273 1407 3344 στερήσεως,
1437 3269 1725 3341 προσθήκη
1774 3265 1947 3320 κακοῦ

376 3368 628 3435 λέγεται·
682 3366 744 3418 οὐ
778 3365 886 3437 γὰρ
925 3365 1042 3417 ἔστι
1094 3364 1153 3416 τὸ
1193 3364 1383 3425 κακὸν,
1416 3361 1551 3414 ἀλλά
1577 3362 1814 3428 λέγεται,
1856 3358 1948 3412 καὶ

377 3457 661 3529 θεωρεῖται
688 3456 745 3511 ὲν
777 3454 856 3525 τῷ
901 3453 1301 3524 ὑπολελειμένῳ
1349 3451 1562 3521 σώματι
1615 3453 1649 3523 ἡ
1680 3449 1790 3504 τῶν
1814 3450 1948 3503 ἀπο-

375 3548 683 3619 ϐληθέντων
727 3545 1061 3616 ἀνυπαρξία,
1098 3546 1196 3615 οὐχ
1232 3545 1308 3608 ὡς
1335 3545 1415 3608 ὃν,
1455 3542 1569 3596 ἀλλ’
1612 3543 1687 3606 ὡς
1739 3541 1814 3615 μὴ
1845 3542 1904 3595 δν
1927 3558 1944 3575 ο

373 3639 471 3710 οὐχ
502 3638 578 3701 ὡς
609 3638 741 3704 ἕξις,
777 3637 891 3695 ἀλλ’
932 3637 1007 3700 ὡς
1046 3636 1301 3707 στέρησις
1333 3652 1349 3667 ·
1375 3634 1521 3688 οὕτω
1560 3636 1655 3690 καὶ
1685 3637 1718 3706 ή
1749 3635 1943 3697 κακία,

373 3730 492 3799 ἦτοι
548 3727 814 3799 ἁμαρτία,
849 3726 1095 3790 ἐκούσιός
1133 3727 1250 3779 ἐστι
1301 3726 1411 3779 τῶν
1439 3727 1504 3778 ὲκ
1539 3724 1674 3778 Θεοῦ
1705 3725 1943 3797 δεδωρη-

377 3822 553 3891 μένων
573 3822 638 3891 τῇ
676 3820 868 3889 λογικῇ
909 3819 1070 3888 φύσει
1099 3816 1321 3886 ἀγαθῶν
1368 3817 1608 3887 ἀποϐολή
1632 3816 1651 3857 1
1672 3832 1685 3847 °
1719 3818 1812 3870 ἐπὶ
1845 3818 1943 3885 μὲν

373 3913 480 3982 γὰρ
518 3912 626 3965 τῶν
657 3911 866 3979 ἀλόγων
897 3911 990 3962 καὶ
1025 3908 1387 3979 ἀψύχων,οὑκ
1408 3907 1554 3961 ἐστιν
1579 3910 1753 3961 εἰπεῖν
1784 3905 1942 3961 ἑκού-

375 4020 507 4066 σιον,
560 4002 675 4056 ἀλλ’
723 4003 815 4053 ἐπὶ
847 4001 1104 4069 λογικῶν.
1142 4002 1330 4052 Ἔστιν
1377 3994 1469 4051 οὖν
1501 4001 1534 4068 ή
1565 3999 1732 4053 κακία
1765 4002 1798 4069 ἡ
1831 4000 1941 4052 τῶν

373 4092 619 4163 φυσικῶν
644 4093 924 4161 δυνάμεων
962 4091 1332 4163 παράχρησις.
1380 4092 1443 4145 Ei
1475 4091 1585 4161 γὰρ
1609 4090 1940 4161 ’χρησόμεθα

373 4187 488 4247 ταῖς
517 4185 667 4254 παρά
716 4184 848 4236 Θεοῦ
881 4182 1283 4255 δεδωρημέναις
1328 4186 1394 4254 τῇ
1428 4184 1573 4253 ψυχῇ
1620 4182 1937 4252 δυνάμεσιν,

373 4277 458 4343 ἐφ’
477 4272 519 4344 ᾧ
541 4274 824 4344 ἐλάϐομεν,
841 4274 1088 4327 τουτέστι
1122 4275 1265 4328 κατά
1280 4276 1372 4328 τὸν
1398 4277 1560 4345 νόμον
1581 4276 1678 4328 τοῦ
1706 4274 1937 4328 δεδωκό-
1967 4302 2013 4358 D

373 4381 483 4431 τος,
515 4364 695 4420 καλόν.
720 4365 785 4419 Εί
816 4365 872 4419 δὲ
902 4366 1001 4419 οὐκ
1026 4360 1479 4439 ἐφ’ᾧ.ὲλάϐομεν,
1511 4367 1649 4423 ἀλλὰ
1670 4369 1818 4438 παρὰ
1848 4370 1938 4421 τὸν

374 4456 536 4526 νόμον
563 4455 651 4508 τοῦ
674 4456 965 4520 δεδωκότος
996 4458 1330 4529 χρησόμεθα,
1364 4460 1534 4513 κακόν
1556 4475 1570 4492 ·
1609 4460 1705 4514 καὶ
1726 4461 1826 4514 οὐκ
1848 4461 1940 4512 αὐ·
1968 4482 1979 4487 α

372 4549 464 4602 ταὶ
498 4549 556 4602 αἱ
583 4548 864 4617 δυνάμεις,
899 4550 1020 4603 οὐδὲ
1063 4552 1097 4620 ή
1144 4550 1336 4620 χρῆσις
1382 4551 1564 4604 αὐτῶν
1599 4554 1712 4604 ἐστι
1769 4542 1935 4620 κακὴ,

373 4638 487 4698 ἀλλ’
518 4639 547 4691 6
580 4638 747 4701 κακὸς
770 4639 968 4710 τρόπος
997 4641 1095 4711 τῆς
1126 4641 1437 4719 χρήσεω;,ὁ
1467 4641 1618 4712 παρὰ
1654 4642 1744 4695 τὸν
1774 4644 1938 4713 νόμον

370 4728 463 4781 τοῦ
485 4726 774 4789 δεδωκότος
802 4726 960 4780 Θεοῦ.
991 4729 1056 4781 Ei
1104 4731 1213 4799 γὰρ
1240 4728 1446 4796 ἀγαθὸς
1486 4730 1514 4782 ὁ
1556 4730 1709 4792 Θεὸς,
1733 4728 1938 4798 ἀγαθὸς

372 4818 465 4871 καὶ
498 4820 527 4871 6
559 4818 724 4888 νόμος
749 4817 935 4883 αὐτοῦ,
972 4819 1220 4885 φυσικὸς,
1250 4820 1345 4874 καί¹
1377 4820 1454 4872 ὣν
1487 4820 1546 4887 ἐξ
1570 4821 1741 4884 ὄντος.
1789 4821 1850 4872 Ἡ
1879 4819 1936 4873 δὲ

369 4908 559 4962 τούτου
590 4908 865 4980 παρακοὴ,
900 4910 1154 4980 στέρησις
1181 4910 1275 4962 τοῦ
1319 4910 1659 4981 ὑπάρξαντος
1692 4913 1823 4983 ἡμῖν
1849 4911 1936 4964 νό-

375 5016 475 5070 μου
506 5015 522 5031 ·
558 4995 670 5054 οἷον
699 5002 732 5071 ἡ
762 4998 1029 5070 ἐπιθυμία
1057 5041 1071 5065 ,
1101 5002 1194 5054 καὶ
1230 5002 1260 5053 6
1287 5001 1480 5071 θυμὸς,
1513 5003 1608 5056 καὶ
1647 5005 1681 5071 ή
1715 5001 1933 5072 πρᾶξις,

371 5091 458 5142 καὶ
484 5092 517 5157 ἠ
547 5091 810 5161 ἐνέργεια,
836 5091 929 5144 καὶ
952 5091 1060 5163 πρὸ
1088 5092 1292 5146 τούτων
1317 5095 1347 5146 6
1378 5092 1653 5162 λογισμὸς,
1687 5094 1748 5146 οῦ
1770 5094 1934 5159 κακὰ,

370 5180 507 5234 ἀλλά
536 5180 696 5246 καλά,
732 5180 826 5234 ἐὰν
874 5182 959 5250 ἐφ’
987 5176 1032 5251 ᾧ
1063 5182 1326 5254 ἐλάϐομεν
1374 5170 1709 5253 χρησώμεθα
1730 5223 1744 5249 ,
1795 5184 1937 5236 κατὰ

435 5298 456 5328 ⁸
480 5295 615 5351 Gen.
648 5312 685 5361 ι,
713 5296 768 5351 3.

2052 3090 2349 3153 exsisteus,
2364 3088 2456 3143 sed
2471 3087 2592 3156 ejus
2613 3089 2760 3158 quod
2776 3098 2894 3144 erat
2914 3091 3169 3160 privatio.
3186 3092 3448 3160 Cernitur
3467 3112 3618 3163 vero,

2054 3179 2155 3232 hoc
2172 3188 2257 3235 est
2273 3176 2656 3235 consideratur
2673 3178 2725 3232 in
2744 3193 2808 3237 eo
2823 3179 2967 3247 quod
2984 3187 3202 3242 est,non
3225 3191 3479 3250 tanquam
3499 3201 3621 3254 ens,

2051 3269 2147 3326 sed
2161 3280 2418 3339 tanquam
2438 3268 2489 3325 id
2501 3268 2645 3338 quod
2663 3269 2840 3324 abest.
2859 3270 2955 3324 Ex.
2974 3284 3057 3339 gr.
3079 3274 3275 3327 oculus
3292 3281 3346 3327 et
3369 3275 3520 3331 visus
3539 3293 3618 3332 re~

2049 3378 2178 3417 vera
2206 3370 2362 3416 sunt:
2398 3371 2453 3416 at
2477 3361 2698 3417 caecitas
2716 3378 2823 3417 non
2846 3368 2930 3417 est
2959 3362 3164 3432 aliquid
3189 3365 3485 3433 exsistens,
3523 3369 3618 3424 sed

2048 3454 2168 3523 ejus
2207 3453 2355 3523 quod
2413 3460 2565 3519 erat,
2598 3452 2745 3506 oculi
2797 3453 3009 3508 scilicet
3052 3455 3282 3509 amissio
3314 3474 3327 3509 :
3365 3466 3529 3527 atque
3563 3459 3618 3513 in

2047 3560 2279 3616 corpore
2326 3544 2473 3614 quod
2521 3544 2780 3598 consistit
2817 3553 2872 3599 et
2919 3553 3038 3613 est,
3075 3547 3480 3615 consideratur,
3511 3565 3619 3609 non

2049 3647 2310 3707 tanquam
2363 3651 2500 3703 ens,
2529 3636 2623 3691 sed
2672 3645 2939 3705 tanquam
3002 3637 3144 3690 oculi
3175 3675 3190 3700 ,
3244 3640 3339 3708 qui
3376 3638 3615 3711 -iuerat,

2045 3730 2281 3785 orbitas.
2315 3727 2436 3794 Quo
2471 3728 2527 3780 iit
2575 3736 2635 3781 ut
2675 3728 2906 3796 repetita
2960 3728 3332 3782 membrorum
3373 3730 3617 3795 amissio,

2045 3818 2174 3876 mali
2206 3817 2606 3875 incrementum
2632 3815 2839 3883 dicitur
2866 3832 2880 3868 :
2914 3830 3231 3884 quanquam
3266 3818 3471 3872 malum
3502 3832 3614 3873 non

2044 3913 2153 3971 est,
2189 3907 2284 3962 sed
2308 3905 2550 3971 dicitur;
2585 3910 2751 3975 atque
2779 3904 2834 3959 in
2880 3905 3097 3974 reliquo
3123 3919 3355 3975 corpore
3386 3909 3621 3967 amissos

2044 4010 2163 4061 rum
2195 3995 2569 4050 membrorum
2605 3994 2864 4050 interitus
2894 3995 3307 4061 consideratur,
3335 4012 3446 4051 non
3487 4006 3612 4054 tan-

2040 4102 2203 4157 quam
2232 4101 2354 4152 ens,
2389 4087 2483 4142 sed
2521 4093 2580 4139 ut
2614 4102 2724 4140 non
2756 4102 2892 4150 ens;
2923 4103 3026 4142 nec
3062 4096 3320 4156 tanquam
3366 4088 3613 4156 habitus,

2042 4180 2136 4235 sed
2164 4187 2224 4235 ut
2250 4179 2505 4249 privatio.
2556 4179 2638 4233 Ad
2674 4178 2929 4234 eumdem
2978 4178 3142 4231 etiam
3177 4178 3399 4231 modum
3455 4180 3612 4235 maliv

2040 4274 2138 4338 tia,
2157 4273 2273 4327 sive
2307 4276 2719 4341 peccatum,est
2747 4270 3061 4323 voluntaria
3105 4268 3372 4324 bonorum
3395 4286 3612 4336 eorum,

2044 4379 2165 4433 qua:
2197 4372 2402 4427 naturae
2446 4361 2663 4414 ratione
2692 4359 2939 4428 praeditas
2972 4374 3001 4411 a
3036 4358 3147 4414 Deo
3180 4375 3446 4417 concessa
3478 4373 3612 4419 sunt

2046 4456 2295 4512 amissio.
2320 4452 2455 4507 Nam
2490 4453 2544 4506 in
2576 4452 2645 4507 iis
2669 4466 2792 4522 quae
2823 4451 3036 4507 ratione
3078 4460 3243 4526 atque
3297 4454 3478 4507 anima
3514 4468 3611 4509 ca-

2046 4554 2188 4608 rent,
2225 4544 2596 4597 vuluntarium
2618 4541 2728 4597 dici
2762 4557 2873 4596 non
2907 4549 3111 4611 potest,
3138 4543 3232 4599 sed
3262 4545 3314 4597 in
3350 4544 3461 4599 illis
3489 4561 3609 4614 quae

2044 4641 2264 4694 ratione
2293 4644 2547 4692 utuntur.
2587 4634 2861 4702 Quocirca
2890 4633 3101 4688 malitia
3142 4635 3281 4688 nihil
3323 4635 3469 4689 aliud
3501 4645 3608 4700 est,

2040 4746 2203 4802 quam
2256 4728 2590 4784 naturalium
2650 4727 2970 4781 facultatum
3023 4726 3250 4782 abusus.
3298 4726 3509 4783 Etenim
3561 4729 3608 4783 si

2040 4822 2251 4877 viribus
2306 4819 2420 4875 illis
2450 4834 2573 4889 qua:
2616 4817 2813 4872 animae
2863 4833 2893 4870 a
2928 4816 3041 4873 Deo
3085 4817 3308 4873 tributa
3345 4826 3496 4874 sunt.
3539 4819 3607 4872 ad

2041 4915 2130 4968 illa
2178 4919 2422 4975 utamur,
2463 4918 2684 4979 propter
2731 4924 2853 4978 qua:
2903 4910 3050 4980 ipsas
3101 4910 3456 4978 accepimus,
3502 4908 3607 4961 hoc

2037 5012 2142 5070 est,
2173 5001 2475 5059 secundum
2511 5001 2683 5069 legem
2718 5000 2870 5056 illius
2903 5000 2997 5070 qui
3040 5015 3135 5057 eas
3174 5000 3472 5065 concessit,
3504 4997 3603 5053 bo-

2043 5108 2173 5150 num
2202 5100 2320 5147 est:
2349 5090 2435 5146 sin
2462 5098 2642 5145 autem
2670 5105 2779 5145 non
2818 5090 2886 5145 ad
2913 5090 2989 5157 id,
3020 5090 3184 5160 cujus
3212 5103 3381 5144 causa
3403 5102 3498 5143 eas
3515 5103 3602 5143 ac.-

2042 5183 2326 5253 ccpimus,
2360 5178 2456 5235 sed
2503 5187 2696 5241 contra
2725 5194 2892 5251 quam
2927 5180 3112 5235 sanxit
3153 5178 3246 5237 ille
3288 5177 3381 5248 qui
3430 5175 3598 5251 dedit,

1674 5385 1909 5443 VARIAE
1949 5387 2352 5444 LECTIONES.

438 5483 466 5523 ιι
500 5482 729 5538 Emend.
776 5482 1162 5543 Leunclavius.
1216 5483 1298 5535 ὅτι
1323 5483 1404 5547 τὸ,
1443 5490 1501 5535 ιιι
1531 5481 1842 5550 assignetur
1866 5483 2008 5535 ratio
2029 5497 2127 5535 cur
2152 5483 2353 5535 malum
2396 5496 2461 5535 ex
2497 5482 2564 5537 iis
2594 5496 2702 5536 non
2735 5482 2829 5546 sit,
2859 5479 3062 5550 quibus
3084 5477 3340 5550 convenit
3371 5488 3428 5533 ut
3464 5479 3602 5544 sint,

368 5551 830 5642 sed'sitprivahti'o
847 5566 910 5638 ac
943 5550 1213 5642 defectus.
1240 5617 1254 5642 1
1297 5555 1322 5642 ξ
1341 5551 1577 5642 Ιιιιιιιιιιιιι.
1600 5549 1906 5642 legenduim
1945 5560 2128 5642 {nonet
2180 5551 2232 5604 iu
2268 5565 2439 5620 marg.
2483 5550 2811 5624 παντελῶςή
2850 5550 3040 5605 κακία.
3119 5549 3133 5600 i
3165 5550 3349 5631 Deest,
3376 5549 3601 5639 ἀγαθὸν,

368 5620 424 5698 Ui
466 5620 633 5691 Basii.
724 5622 760 5669 "‘
784 5622 851 5684 Β.
885 5621 1139 5699 ὑπάρχει.

1240 5617 1258 5664 ι
1292 5621 1461 5685 Abest
1489 5617 1729 5689 ἀποϐολὴ
1753 5620 1805 5674 in
1841 5618 2007 5691 Basil.
