3970 6156
369 182 507 251 1519

1581 184 1641 242 S.
1675 182 1995 246 JOANNIS
2023 186 2457 247 DAMASCENI

3548 179 3700 243 15%|]

366 301 596 355 malum.
630 296 749 355 Non
779 293 924 365 quod
954 293 1245 352 facultates
1276 296 1429 367 ipsze,
1462 305 1556 353 aut
1589 312 1779 353 earum
1815 312 1938 353 usus

2046 300 2137 354 τὸν
2168 300 2333 371 νόμον
2365 299 2458 353 τοῦ
2511 300 2819 364 δεδωκότος.
2852 301 3014 356 Κακά
3048 302 3111 355 δὲ
3153 301 3270 354 οὐκ
3315 296 3522 364 αὐτὰ,
3544 295 3695 350 ἀλλὰ

366 392 549 447 malus
585 390 678 455 sit,
716 388 811 446 sed
845 387 989 458 quod
1022 387 1199 442 malus
1250 386 1437 441 utendi
1479 388 1677 444 modus
1719 395 1775 443 et
1814 402 1943 442 cum

369 481 657 554 Iargientis
691 479 785 534 Dei
825 480 942 550 lege
970 493 1247 549 pugnans.
1287 476 1423 533 Nam
1466 481 1514 534 si
1568 479 1710 535 Deus
1762 479 1942 535 bonus

369 585 474 638 est,
511 573 652 628 bona
690 586 913 642 quoque
942 581 1026 627 est
1059 574 1146 626 lex
1173 571 1380 642 ipsius;
1413 572 1681 626 naturalis
1704 573 1940 638 scilicet,

369 674 424 719 et
454 679 575 735 quae
612 678 713 718 ens
748 669 833 718 est
865 678 930 717 ex
974 670 1100 718 ente
1127 680 1141 717 :
1173 662 1296 732 ejus
1326 670 1507 715 autem
1548 662 1940 733 transgressio,

368 756 642 812 exstantia
666 756 720 810 in
750 755 914 810 nobis
947 755 1083 825 legis
1108 755 1342 825 privatio
1385 763 1490 809 est.
1523 754 1586 809 V.
1614 771 1695 825 gr.
1729 756 1942 825 appeti-

368 858 480 911 tus,
505 857 555 900 et
582 848 687 911 ira,
711 854 765 902 et
783 847 947 913 actio,
973 855 1026 900 et
1049 847 1321 915 operatio,
1344 854 1401 901 et
1423 862 1545 917 qua:
1578 847 1664 902 his
1687 847 1942 902 omnibus

368 940 523 1010 praeit
559 939 723 1001 ratio,
760 939 876 992 haec
919 952 1028 992 non
1071 937 1213 991 mala
1265 947 1416 1002 sunt,
1448 938 1542 992 sed
1593 939 1771 1003 bona,
1796 939 1842 994 si
1875 937 1942 992 ad

367 1047 491 1086 eum
552 1029 735 1091 finem,
759 1030 832 1084 ob
862 1043 1026 1098 quem
1076 1029 1411 1097 accepimus,
1445 1043 1508 1082 ea
1556 1027 1941 1092 adhibeamus,

367 1125 471 1177 hoc
502 1132 586 1178 est
609 1120 913 1176 secundum
938 1118 1162 1189 Dei,qui
1199 1120 1370 1183 dedit,
1406 1120 1599 1190 legem.
1633 1118 1754 1189 Ipsa
1778 1134 1941 1189 porro

367 1213 514 1266 mala
537 1227 648 1266 non
679 1219 830 1274 sunt,
854 1210 947 1266 sed
974 1225 1163 1265 eorum
1189 1224 1348 1271 usus,
1380 1224 1544 1265 secus
1569 1224 1634 1264 ac
1666 1210 1781 1280 lege
1806 1225 1940 1264 cou-

365 1304 618 1359 cedentis
664 1301 1055 1372 prmscribitur.
1087 1300 1302 1354 Etenim
1356 1300 1404 1356 si
1438 1301 1586 1363 cibo,
1615 1308 1672 1355 et
1701 1307 1852 1369 potu,
1888 1310 1942 1356 et

366 1409 585 1457 somno,
619 1393 855 1462 aliisque
912 1392 965 1446 id
994 1390 1212 1461 generis
1236 1430 1251 1455 ,
1300 1390 1586 1446 servandae
1622 1391 1747 1445 vitae
1772 1405 1940 1445 causa

365 1487 598 1547 utimur,
624 1484 858 1555 quodvis
880 1484 1076 1537 horum
1103 1483 1309 1537 bonum
1334 1489 1438 1538 est.
1465 1483 1668 1538 Eodem
1702 1483 1864 1538 modo
1893 1484 1939 1537 si

367 1594 494 1649 erga
528 1577 693 1632 Deum
717 1577 810 1647 qui
838 1576 990 1632 solus
1029 1582 1225 1629 natura
1250 1575 1590 1643 expetendus
1636 1583 1741 1640 est,
1775 1583 1939 1643 atque

2046 392 2106 445 τὸ
2138 393 2213 463 μὴ
2253 392 2393 446 κατά
2421 393 2512 446 τὸν
2554 392 2716 463 νόμον
2744 391 2838 445 τοῦ
2869 392 3169 456 δεδωκότος
3208 388 3588 462 χρήσασθαι.
3618 387 3695 439 El

2046 482 2155 553 γὰρ
2185 483 2323 554 πρὸς
2376 483 2633 537 σύστασιν
2670 483 2770 552 τῆς
2817 483 2961 552 ζωῆς
3002 483 3377 554 χρησώμεθα.
3439 479 3690 551 βρώσει,

2046 574 2228 639 πόσει,
2263 572 2437 645 ὕπνῳ,
2472 574 2567 628 καὶ
2605 576 2719 637 τοῖς
2751 574 3034 637 τοιούτοις,
3067 574 3242 628 καλὸν
3272 572 3513 626 τούτων
3540 570 3687 622 ἐκα-

2047 679 2175 717 στον
2196 678 2210 692 ·
2234 664 2329 717 καὶ
2357 666 2407 716 εί
2432 666 2497 733 τῇ
2532 663 2799 732 ἐπιθυμίᾳ
2836 664 2929 717 καὶ⁵
2957 667 3021 734 τῇ
3065 664 3270 734 ἀγάπῃ
3304 660 3682 732 χρησώμεθα

2046 756 2183 826 πρὸς
2213 756 2304 809 τὸν
2339 756 2492 820 Θεὸν,
2524 757 2615 810 τὸν
2676 756 2838 826 νόμον
2887 756 3045 825 φύσει
3107 754 3485 825 ἐπιθυμητὸν
3509 792 3528 817 ,
3578 753 3681 805 καὶ

2046 848 2184 916 πρὸς
2208 847 2300 900 τὸν
2328 847 2558 916 πλησίον
2586 847 2729 900 κατά
2772 847 2864 899 τὸν
2909 850 3073 916 νόμον
3114 846 3212 899 τοῦ
3245 846 3427 909 Θεοῦ,
3454 842 3675 896 καλόν·

2045 940 2139 993 καὶ
2172 939 2220 991 εἰ
2244 941 2311 1009 τῇ
2338 936 2481 1008 μίξει
2505 938 2838 1009 χρησώμεθα
2862 942 2985 1001 ταῖς
3012 939 3226 992 ἑαυτῶν
3252 937 3498 1006 γυναιξὶ
3523 936 3674 1005 πρὸς

2043 1029 2391 1098 τεκνογονίαν
2422 1030 2563 1083 κατά
2611 1030 2702 1082 τὸν
2756 1031 2918 1099 νόμον
2963 1030 3055 1083 τὸν
3102 1031 3333 1084 δοθέντα
3372 1033 3447 1099 τῇ
3488 1028 3674 1097 φύσει

2043 1122 2199 1191 παρὰ
2224 1121 2318 1174 τοῦ
2341 1120 2499 1186 Θεοῦ,
2531 1120 2694 1174 καλόν
2713 1138 2726 1150 ·
2750 1124 2799 1174 εί
2816 1121 2883 1174 ’δὲ
2909 1121 3242 1192 χρησώμεθα
3269 1125 3335 1192 τῇ
3364 1120 3671 1190 ἐπιθυμίᾳ

2044 1214 2183 1285 πρὸς
2221 1212 2288 1266 τά
2323 1211 2580 1282 ἀλλότρια
2612 1212 2764 1281 παρά
2791 1212 2883 1265 τὸν
2903 1213 3067 1282 νόμον
3113 1212 3209 1266 τοῦ
3239 1214 3407 1273 Θεοῦ,
3438 1214 3661 1266 κακόν.

2043 1298 2181 1356 Εῐπε
2211 1303 2320 1374 γὰρ
2353 1305 2381 1356 ό
2401 1302 2535 1365 Θεὸς
2556 1319 2571 1333 ο
2610 1321 2628 1352 ι
2665 1302 2781 1356 Οὐκ
2809 1302 3175 1371 ἐπιθυμήσεις
3207 1302 3297 1355 τὸν
3328 1303 3521 1371 ἀγρὸν
3552 1300 3659 1353 τοῦ

2044 1394 2273 1463 πλησίον
2305 1411 2421 1459 σου,
2457 1392 2708 1463 οὐδὲτὴν
2731 1395 2966 1461 γυναῖκα
2991 1391 3178 1455 αὐτοῦ,
3200 1393 3323 1446 οὐδὲ
3346 1394 3457 1446 ὃσα
3480 1392 3658 1463 αὑτῷ

2041 1489 2212 1542 ἐστιν.
2249 1506 2270 1540 ι
2299 1488 2363 1540 Ἦ
2390 1487 2617 1557 πορνεία
2649 1488 2709 1538 οὺ
2736 1484 2824 1539 διά
2849 1485 2950 1555 τὴν
2980 1483 3277 1553 συνάφειάν
3303 1485 3428 1536 ἐστι
3460 1483 3645 1553 κακὴ,

2043 1579 2179 1632 ἀλλά
2221 1578 2309 1632 διὰ
2341 1578 2402 1632 τὸ
2454 1581 2554 1649 τὴν
2606 1577 2895 1650 ἀλλοτρίαν
2951 1576 3310 1646 ωναφθῆναι.
3348 1577 3416 1628 Ἡ
3469 1592 3646 1628 κενο-

366 1685 496 1737 erga
548 1669 851 1738 proximum
878 1709 893 1734 ,
930 1666 1393 1733 quemadmodum
1444 1666 1563 1736 lege
1601 1665 1696 1720 Dei
1743 1664 1938 1728 fertur,

2043 1667 2213 1735 δοξία,
2245 1668 2306 1722 οὐ
2340 1667 2428 1721 διά
2452 1668 2513 1720 τὸ
2534 1669 2757 1739 ἀγαπᾷν
2785 1667 2884 1738 τὴν
2921 1667 3112 1733 δόξαν,
3150 1665 3315 1735 κακὴ,
3347 1665 3493 1719 ἀλλά
3544 1665 3647 1717 διὰ

366 1759 608 1829 appetitu
643 1765 697 1813 et
717 1772 903 1812 amore
938 1766 1156 1811 utamur
1178 1794 1193 1820 ,
1240 1755 1444 1811 bonum
1481 1764 1587 1811 est.
1620 1755 1675 1810 Si
1712 1755 1939 1825 insuper

364 1849 832 1923 procreandorum
870 1848 1173 1903 liberorum
1210 1862 1380 1901 causa
1409 1889 1424 1912 ,
1471 1854 1533 1901 ut
1582 1846 1687 1901 fert
1716 1847 1802 1901 lex
1841 1861 1940 1900 ua-

367 1953 505 1996 turze
550 1956 581 1994 a
642 1939 751 1995 Deo
808 1940 952 2006 lata,
1004 1937 1238 1993 maritali
1286 1937 1485 2007 copula
1518 1952 1643 1992 cum
1675 1936 1938 1991 uxoribus

364 2032 576 2089 nostris
610 2040 855 2094 utamur,
892 2030 1099 2084 bonum
1148 2037 1253 2082 est.
1294 2028 1391 2082 Sin
1432 2043 1586 2093 vero,
1624 2035 1817 2081 contra
1846 2026 1939 2081 Dei

364 2123 580 2192 legem,
621 2134 753 2188 erga
812 2118 991 2173 aliena
1040 2115 1340 2186 appetitum
1406 2116 1777 2186 applicemus.
1817 2128 1936 2167 ma-

364 2214 478 2268 lum
535 2220 640 2268 est.
673 2209 822 2263 Dixit
871 2209 1018 2264 enim
1077 2207 1222 2264 Deus
1271 2226 1284 2262 :
1326 2226 1346 2259 ι
1395 2207 1516 2262 Non
1580 2205 1939 2276 concupisces

364 2316 558 2372 agrum
608 2300 842 2372 proximi
876 2299 995 2365 tui;
1029 2313 1138 2352 non
1194 2312 1421 2353 uxorem
1463 2297 1604 2367 ejus,
1649 2311 1750 2351 nec
1788 2311 1939 2366 quae-

365 2408 583 2464 runque
636 2392 812 2463 ipsius
841 2401 972 2447 sunt
1005 2390 1044 2442 ³.
1081 2407 1099 2440 ι
1160 2388 1225 2442 Ει
1275 2388 1495 2459 quidem
1536 2395 1595 2440 ut
1647 2386 1939 2441 fornicatio

364 2485 572 2539 malum
629 2482 738 2548 sit,
770 2497 881 2537 non
914 2482 1247 2537 concubitus
1298 2479 1428 2535 facit
1451 2520 1467 2544 ,
1516 2479 1618 2535 sed
1654 2479 1780 2549 quia
1811 2492 1937 2532 cum

366 2577 544 2631 aliena
596 2574 655 2628 fit
692 2574 1033 2643 conjunctio.
1084 2571 1176 2625 Sic
1231 2572 1414 2627 inanis
1460 2570 1669 2641 gloria,
1714 2585 1825 2623 non
1882 2568 1938 2623 in

364 2682 432 2719 eo
483 2664 627 2719 mala
673 2674 796 2729 est,
832 2663 980 2733 quod
1037 2662 1208 2733 gloria
1248 2670 1501 2726 ametur;
1537 2660 1632 2716 sed
1682 2659 1829 2731 quod
1874 2674 1939 2716 ea

366 2758 539 2827 gloria
596 2770 704 2809 non
764 2762 1000 2820 ametur,
1053 2769 1179 2822 quae
1246 2769 1315 2808 ex
1372 2751 1482 2806 Deo
1536 2757 1620 2806 est
1655 2750 1697 2804 ⁸.
1738 2750 1937 2805 Odium

365 2847 494 2898 item
528 2850 582 2898 et
623 2844 725 2906 ira,
757 2842 801 2897 si
836 2842 1055 2912 quidem
1090 2842 1357 2898 adversus
1383 2856 1478 2896 eos
1504 2841 1597 2909 qui
1632 2840 1937 2894 animarum

366 2945 683 2993 nostrarum
728 2937 890 2991 saluti
945 2935 1338 3006 impedimento
1387 2945 1557 3000 sunt,
1596 2940 1650 2988 et
1695 2948 1765 2988 ne
1810 2947 1934 2987 cum

364 3030 477 3084 Deo
516 3044 612 3099 per
642 3027 1056 3099 obsequentiam
1114 3026 1456 3098 copulemur,
1487 3041 1697 3096 nosque
1745 3025 1817 3081 ab
1869 3039 1935 3081 eo

365 3120 726 3187 abstrahunt;
764 3122 868 3175 hoc
912 3127 997 3175 est
1035 3117 1302 3175 adversus
1354 3117 1674 3180 diabolum,
1707 3116 1937 3187 ejusque

364 3212 649 3267 ministros
675 3219 1018 3278 exerceatur,
1045 3211 1250 3265 bonum
1274 3216 1386 3265 est;
1405 3207 1493 3263 Ait
1521 3209 1667 3263 enim
1692 3225 1704 3261 :
1737 3226 1755 3258 ι
1786 3199 1937 3263 Nou-

363 3319 435 3359 ne
468 3304 560 3373 qui
591 3304 825 3359 oderunt
856 3312 938 3369 te,
977 3303 1237 3366 Domine,
1277 3299 1523 3365 oderam,
1555 3308 1608 3355 et
1634 3315 1801 3370 super
1831 3300 1939 3354 ini-

363 3393 538 3448 micos
559 3402 684 3447 tuos
701 3391 1095 3449 tabescebam?
1122 3388 1369 3461 perfecto
1390 3389 1518 3445 odio
1540 3389 1761 3444 oderam
1790 3388 1935 3457 illos,

360 3483 527 3556 ωε
544 3493 599 3540 et
626 3484 839 3539 inimici
872 3482 1000 3538 facti
1033 3490 1161 3539 sunt
1200 3482 1333 3537 mihi
1365 3482 1408 3537 ³.
1440 3501 1459 3535 ι
1494 3480 1685 3537 Sancti
1716 3497 1939 3553 quoque

361 3585 635 3645 martyres
659 3573 813 3645 justa
857 3572 1124 3628 adversus
1155 3579 1424 3643 tyrannos
1451 3571 1741 3629 iracundia
1787 3573 1935 3627 inar-

362 3659 680 3716 descebant.
712 3664 789 3717 Ac
821 3664 867 3719 si
908 3663 1176 3718 adversus
1217 3677 1395 3719 meam
1433 3662 1611 3733 ipsius
1641 3663 1935 3735 cogitatio—

362 3763 488 3803 nem
517 3763 548 3801 a
574 3747 682 3803 Deo
704 3766 790 3805 me
811 3750 1174 3805 abducentem
1192 3766 1570 3816 succenseam,
1603 3752 1808 3808 bonum
1829 3761 1933 3808 est.

366 3839 425 3896 Si
447 3840 573 3908 quis
591 3840 724 3894 mihi
742 3841 970 3896 salutem
997 3842 1217 3898 auferre
1234 3844 1513 3909 moliatur,
1534 3844 1586 3897 in
1606 3859 1730 3899 eum
1749 3842 1935 3910 irasci,

360 3938 416 3985 et
451 3930 598 3985 hunc
626 3929 814 3985 odisse
857 3932 1060 3986 bonum
1091 3941 1195 3987 est.
1232 3931 1328 3986 Sin
1372 3934 1665 3987 mundanis
1690 3933 1744 3987 in
1772 3932 1936 3988 rebus

362 4023 673 4079 molestiam
723 4023 855 4078 mihi
886 4022 1103 4090 afferat,
1128 4038 1253 4078 cum
1285 4022 1547 4079 utilitatis
1580 4030 1774 4078 auctor
1799 4024 1936 4078 mihi

360 4117 460 4181 sit,
495 4126 841 4176 terrenorum
871 4114 1521 4186 scilicetexspoliatione,
1547 4113 1928 4170 benevolentia

2039 1761 2100 1813 τὸ
2129 1760 2204 1831 μὴ
2222 1760 2319 1831 τὴν
2345 1761 2407 1812 ἐκ
2427 1760 2563 1814 Θεοῦ
2600 1760 2758 1825 δόξαν
2786 1761 3008 1830 ἀγαπᾷν
3026 1774 3040 1789 ο
3063 1758 3126 1811 τὸ
3149 1760 3305 1828 μῖσος
3338 1758 3437 1810 καὶ
3464 1758 3494 1809 ό
3527 1755 3641 1809 θυ-

2042 1850 2242 1918 μὸς,ει
2272 1848 2371 1919 μὲν
2405 1847 2544 1902 κατά
2581 1847 2690 1902 τῶν
2717 1847 3034 1901 κωλυόντων
3075 1848 3175 1917 τὴν
3216 1847 3493 1917 σωτηρίαν
3524 1846 3641 1915 τῆς

2039 1937 2215 2007 ψυχῆς
2236 1977 2251 2003 ν
2288 1938 2383 1990 καὶ
2418 1938 2517 2007 τὴν
2553 1938 2691 2007 πρὸς
2733 1935 2866 1989 Θεὸν
2899 1936 2966 1989 δι’
3005 1935 3253 2004 ὑπακοῆς
3286 1934 3455 1988 αὐτοῦ
3494 1951 3640 1988 συν-

2040 2028 2256 2097 άφειαν,
2290 2030 2384 2082 καὶ
2414 2027 2769 2097 ἀφιστώντων
2795 2030 2859 2082 ὲκ
2890 2027 3049 2095 Θεοῦ,
3081 2028 3322 2081 τουτέστι
3349 2027 3492 2080 κατά
3520 2024 3637 2079 τοῦ

2038 2118 2287 2171 διαϐόλου
2316 2119 2411 2173 καὶ
2458 2118 2567 2171 τῶν
2615 2117 2964 2188 θεραπόντων
3013 2113 3213 2182 αὑτοῦ,
3249 2114 3427 2168 καλόν.
3475 2114 3635 2185 Φησὶ

2039 2211 2178 2281 γάρ’
2203 2228 2221 2261 ι
2255 2210 2390 2279 Οὐχὶ
2419 2209 2545 2272 τοὺς
2572 2207 2867 2276 μισοῦντάς
2897 2224 2977 2271 σε,
3006 2206 3205 2277 Κύριε,
3234 2206 3496 2275 ἐμίσησα,
3522 2205 3634 2257 καὶ

2039 2298 2132 2351 ἐπὶ
2154 2299 2280 2360 τοὺς
2309 2297 2536 2368 ἐχθρούς
2557 2314 2652 2351 σου
2679 2297 3019 2367 ἐξετηκόμην
3043 2313 3058 2361 ;
3083 2296 3285 2349 τέλειον
3306 2297 3461 2364 μῖσος
3488 2295 3627 2363 ἑμί-

2041 2406 2169 2442 σουν
2199 2390 2415 2453 αὐτοὺς,
2447 2390 2528 2451 είς
2555 2388 2785 2459 ἐχθροὺς
2821 2386 3070 2457 ἐγένοντό
3094 2404 3235 2456 μοι.)
3270 2385 3383 2440 Καὶ
3401 2387 3448 2438 oi.
3469 2385 3628 2452 ἅγιοι

2043 2479 2315 2549 μάρτυρες
2349 2477 2645 2548 ὲθυμοῦντο
2690 2477 2833 2531 κατά
2875 2477 2982 2531 τῶν
3035 2476 3314 2546 τυράννων
3342 2516 3359 2541 ,
3389 2477 3627 2538 δικαίως

2040 2566 2404 2637 θυμούμενον
2440 2569 2536 2621 καὶ
2565 2567 2659 2620 ἐὰν
2685 2566 2829 2620 κατά
2858 2567 2952 2620 τοῦ
2983 2566 3187 2620 οἰκείου
3222 2565 3485 2636 λογισμοῦ
3517 2565 3623 2619 θυ-

2042 2659 2230 2728 μωθῶ,
2260 2658 2583 2730 χωρίζοντός
2614 2676 2680 2729 με
2710 2660 2774 2712 ὲκ
2806 2658 2941 2712 Θεοῦ
2967 2696 2982 2721 ,
3012 2658 3174 2712 καλόν
3194 2674 3208 2689 ο
3239 2658 3336 2711 ὲάν
3364 2675 3450 2721 τις
3476 2659 3627 2711 ἀπο-

2040 2753 2205 2822 στερῇ
2240 2767 2306 2820 με
2330 2753 2430 2820 τῆς
2461 2750 2760 2821 σωτηρίας,
2783 2749 2947 2803 καλὸν
2976 2748 3292 2821 θυμωθῆναι
3319 2750 3414 2803 καὶ
3445 2747 3619 2819 μισῆ-

2042 2858 2131 2896 σαι
2156 2858 2170 2872 ·
2206 2842 2301 2895 ὲάν
2326 2841 2383 2894 δὲ
2413 2841 2556 2911 λυπῇ
2585 2840 2726 2894 κατά
2767 2840 2994 2911 κόσμον,
3031 2841 3125 2893 καὶ
3164 2840 3431 2907 ὡφελείας
3461 2839 3616 2907 γίνε-

2039 2951 2131 2987 ται
2178 2933 2440 3003 πρόξενος
2462 2972 2477 2997 ,
2510 2931 2828 3001 ἀποστερῶν
2898 2930 3008 2984 τῶν
3064 2930 3267 2984 ὑλικῶν
3292 2972 3308 2994 ,
3344 2932 3616 3001 ἀγαπήσω

1966 2989 2007 3046 C
2046 2989 2266 3095 μᾶλλον,
2294 2989 2440 3095 ᾗπερ
2464 2989 2474 2997 ’
2496 2989 2732 3094 μισήσωί
2772 3023 2833 3075 ρὈ
2864 3022 3024 3090 φόνος
3055 3021 3225 3075 κακόν
3246 3037 3259 3050 ·
3295 2989 3459 3092 μόνου
3502 2989 3615 3091 γὰρ

2040 3117 2177 3170 Θεοῦ
2198 3116 2258 3169 τὸ
2282 3115 2539 3185 χωρίζειν
2558 3114 2657 3183 τὴν
2676 3113 2855 3184 ψυχὴν
2881 3114 2945 3167 ὲκ
2964 3111 3059 3166 τοῦ
3088 3111 3365 3182 σώματος,
3399 3111 3492 3165 τοῦ
3517 3114 3615 3166 καὶ

2043 3206 2404 3275 συνδήσαντος
2426 3223 2439 3237 ·
2470 3207 2521 3258 εί
2553 3205 2608 3258 δὲ
2640 3205 2903 3274 φωνεύσω
2933 3204 3036 3258 ὑπὸ
3070 3204 3205 3258 Θεοῦ
3234 3204 3611 3274 κελευόμενος,

2042 3299 2235 3353 καλόν·
2264 3299 2373 3351 πᾶν
2400 3298 2510 3368 γὰρ
2544 3299 2606 3349 ὲκ
2639 3296 2734 3350 τοῦ
2767 3295 2998 3365 ἀγαθοῦ,
3041 3296 3268 3364 ἀγαθόν.
3296 3295 3481 3350 Κακὺν
3519 3292 3615 3350 οὖν

2036 3388 2094 3442 τδ
2127 3386 2414 3457 ἐπιθυμεῖν
2452 3386 2742 3456 ἁρπάζειν,
2772 3385 2801 3439 ὃ
2826 3387 2926 3440 οὐκ
2968 3385 3116 3439 ἐστιν
3144 3386 3439 3455 ἡμέτερον,
3480 3386 3615 3441 ἀλλά

2033 3478 2130 3533 τοῦ
2154 3478 2310 3534 Θεοῦ.
2348 3480 2414 3531 Ἦ
2453 3479 2781 3550 κατάκρισις
2810 3480 2956 3548 κακή
2992 3494 3006 3508 ·
3043 3478 3180 3532 Θεοῦ
3216 3478 3329 3547 γὰρ
3362 3479 3526 3548 μόνου
3554 3478 3616 3532 τὸ

2040 3569 2249 3639 κρίνειν
2273 3608 2288 3633 ,
2316 3569 2413 3622 καὶ
2456 3569 2626 3623 κακὸν
2674 3569 2945 3639 ἁρπάζειν
2979 3567 3040 3622 τὸ
3073 3570 3137 3620 ὲκ
3190 3567 3330 3620 Θεοῦ
3373 3567 3613 3639 ἀξίωμα,

2041 3656 2123 3724 οἷς
2155 3660 2229 3731 μὴ
2266 3659 2472 3712 δέδοται
2518 3658 2671 3728 παρά
2698 3657 2834 3711 Θεοῦ
2878 3658 2941 3711 τὸ
2965 3657 3191 3729 κρίνειν.
3232 3657 3299 3711 Ἦ
3343 3659 3620 3725 κενοδοξία

2043 3752 2137 3805 καὶ
2158 3754 2191 3821 ἡ
2222 3751 2603 3820 ὑπερηφανεία
2647 3750 2790 3820 κακή
2811 3764 2825 3777 ·
2856 3748 2976 3819 Θεῷ
3007 3748 3115 3821 γὰρ
3148 3750 3296 3820 μόνῳ
3327 3750 3530 3819 πρέπει
3557 3750 3620 3802 τὸ

2043 3842 2270 3913 ἔπαρμα
2309 3840 2400 3893 καὶ
2449 3841 2484 3913 ἡ
2530 3841 2691 3906 δόξαι
2728 3837 2872 3892 ὥστε
2920 3839 3073 3892 οὐδὲν
3136 3840 3326 3911 ἕτερόν
3381 3841 3530 3893 ἐστιν
3581 3840 3619 3910 ἡ

2045 3935 2239 4000 κακία,
2268 3935 2316 3988 εί
2353 3934 2513 4006 μὴτὸ
2546 3934 2698 4006 παρά
2750 3932 2912 4005 φύσιν
2957 3933 3050 3986 καὶ
3083 3933 3175 3985 τὸν
3216 3933 3381 4003 νόμον
3416 3933 3618 4003 κεχρῆο

2047 4026 2171 4081 σθαι
2200 4029 2322 4091 ταῖς
2355 4031 2613 4096 φυσικαῖς
2646 4027 2938 4099 δυνάμεσιν
2982 4044 2996 4059 ο
3032 4027 3060 4081 ὃ
3091 4028 3193 4080 οὐκ
3236 4026 3387 4079 ἐστιν
3438 4025 3619 4089 οὐσία,

2037 4115 2153 4169 ἀλλ’
2182 4117 2454 4188 ἡμέτερον
2493 4118 2750 4188 ὲπιτήδευ
2758 4134 2853 4188 μα.

359 4206 572 4272 potius,
600 4221 766 4276 quam
797 4206 923 4262 odio
968 4207 1023 4261 in
1068 4220 1192 4262 eum
1225 4204 1451 4262 alliciar.
1487 4202 1741 4260 Hominis
1767 4205 1941 4261 caedes
1972 4205 2179 4260 malum
2211 4215 2315 4263 est.
2356 4206 2537 4263 Unius
2577 4211 2723 4262 enim
2769 4206 2863 4261 Dei
2895 4216 2979 4261 est
3011 4205 3254 4277 animam
3316 4219 3347 4259 a
3419 4218 3613 4273 corpo-

366 4313 428 4353 re
459 4299 798 4370 disjungere,
843 4308 904 4356 ut
955 4300 1046 4372 qui
1095 4314 1160 4356 ea
1190 4299 1354 4355 simul
1392 4298 1807 4356 cons‘trinxerit.
1847 4298 2117 4354 Creterqu
2166 4299 2211 4354 si
2244 4298 2337 4355 Dei
2380 4299 2543 4370 jussu
2607 4298 2810 4354 caedem
2876 4297 3183 4363 admittam,
3269 4299 3475 4350 bonum
3514 4303 3617 4350 est.

365 4392 579 4446 Etenim
630 4393 834 4449 bonum
869 4401 971 4459 est,
1006 4392 1276 4462 quidquid
1311 4400 1395 4447 est
1428 4407 1493 4447 ex
1533 4392 1700 4446 bono.
1731 4388 1934 4445 Malum
1976 4392 2161 4462 itaque
2197 4401 2300 4459 est,
2324 4408 2595 4464 usurpare
2629 4391 2762 4448 velle
2797 4390 2943 4461 quod
2985 4400 3236 4446 nostrum
3337 4404 3445 4444 non
3516 4397 3620 4447 est.

371 4481 466 4534 sed
500 4481 617 4537 Dei.
650 4481 968 4538 Proximum
1012 4484 1379 4539 condemnare
1432 4481 1635 4536 malum
1683 4489 1806 4546 est;
1840 4482 1929 4537 Dei
1971 4476 2141 4539 enin.
2184 4484 2355 4539 solius
2422 4492 2507 4540 est
2534 4484 2807 4554 judicare.
2839 4486 2918 4539 Ae
2945 4482 3176 4554 proinde
3211 4484 3422 4538 malum
3449 4494 3537 4539 est
3558 4485 3621 4538 iis

373 4572 577 4640 quibus
602 4572 895 4641 iudicandi
921 4589 1122 4629 munus
1145 4590 1174 4628 a
1198 4573 1309 4629 Deo
1331 4587 1655 4630 concessum
1678 4589 1788 4630 non
1819 4575 1941 4640 fuit,
1983 4575 2077 4651 Dei
2109 4578 2497 4633 auctoritatem
2531 4579 2636 4634 sibi
2670 4592 2952 4648 arrogare.
2978 4575 3166 4632 Inanis
3188 4576 3364 4645 gloria
3419 4585 3474 4631 et
3522 4593 3615 4633 su-

363 4665 553 4730 perbia
595 4665 735 4717 mala
770 4674 889 4732 est;
924 4681 1053 4721 nam
1086 4668 1255 4723 Deum
1298 4666 1475 4723 solum
1510 4666 1667 4722 decet
1711 4668 1933 4724 celsitas
1974 4676 2029 4723 et
2061 4670 2261 4740 gloria.
2300 4670 2503 4725 Malum
2535 4672 2721 4742 itaque
2743 4673 2883 4727 nihil
2913 4671 3060 4726 aliud
3093 4677 3181 4727 est
3239 4687 3406 4741 quam
3465 4673 3602 4726 viri-

364 4752 470 4808 bus
512 4754 856 4808 naturalibus
890 4764 1084 4811 contra
1117 4772 1279 4829 quam
1311 4765 1511 4812 natura
1539 4763 1594 4811 et
1639 4758 1727 4813 lex
1788 4758 1949 4825 ferat,
1993 4761 2070 4814 uti
2099 4779 2114 4812 :
2143 4762 2287 4833 quod
2319 4762 2543 4833 quidem
2575 4763 2885 4820 substantia
2918 4778 3029 4819 non
3057 4776 3161 4828 εει,
3226 4762 3325 4818 sed
3348 4770 3602 4819 nostrum

360 4845 633 4915 quoddam
667 4845 968 4900 inventum.

433 4935 519 4989 15.
564 4933 734 4989 Nosse
784 4933 986 4997 etenim
1039 4951 1219 5006 Operae
1268 4941 1507 5008 pretium
1563 4951 1647 4998 est
1666 4976 1690 5009 ,ε
1730 4943 1936 5011 duplici

2117 4947 2197 4995 ιε’.
2246 4940 2365 5012 Χρὴ
2415 4942 2526 5015 γὰρ
2572 4941 2769 4996 εἰδέναι
2800 4982 2816 5006 ,
2849 4943 2924 5005 ὡς
2958 4940 3147 5005 διττῶς
3193 4940 3418 5008 λέγεται
3460 4942 3523 4994 τό
3562 4959 3624 4996 τε

362 5025 548 5090 ινοιιο,
582 5034 691 5079 tam
747 5024 973 5091 bonum,
1026 5040 1190 5094 quam
1247 5028 1454 5081 malum
1505 5033 1671 5085 sumi.
1721 5033 1933 5087 Bonum

2045 5031 2273 5099 ἀγαθὸν,
2306 5033 2401 5086 καὶ
2433 5032 2494 5085 τὸ
2533 5033 2706 5086 κακόν
2727 5049 2740 5062 ο
2776 5031 2979 5101 ἀγαθὸν
3006 5032 3115 5102 γάρ
3140 5033 3349 5098 κυρίως
3380 5033 3620 5101 λέγεται,

363 5115 509 5167 enim
550 5115 773 5186 proprie
799 5112 1006 5168 dicitur
1036 5113 1089 5169 id
1128 5115 1273 5183 quod
1320 5115 1580 5170 donatqu
1613 5128 1701 5175 est
1735 5136 1763 5173 ιι
1801 5120 1933 5182 Deo,

2042 5123 2105 5175 τὸ
2141 5125 2206 5176 ὲκ
2252 5123 2345 5176 τοῦ
2374 5123 2535 5191 φύσει
2568 5122 2774 5192 ἀγαθοῦ
2815 5123 2949 5176 Θεοῦ
2983 5122 3380 5193 δεδωρημένον.
3413 5125 3623 5196 Ὠσπερ

364 5204 456 5270 qui
490 5216 687 5261 natura
738 5222 837 5263 sua
898 5206 1076 5262 bonus
1100 5214 1207 5260 est.
1243 5205 1712 5272 Quemadmodum
1751 5211 1936 5265 lumen

2048 5215 2156 5268 πᾶν
2188 5214 2303 5282 φῶς
2336 5213 2397 5278 ἐξ
2430 5214 2602 5285 ἡλίου,
2633 5217 2751 5285 ἦτοι
2791 5214 2960 5285 πυρὸς
2991 5212 3307 5283 φωτίζεται,
3332 5214 3479 5269 οὕτω
3514 5218 3622 5269 πᾶν

365 5306 530 5377 onme
558 5314 586 5351 a
635 5300 753 5354 sole
784 5299 868 5355 vel
903 5298 1027 5370 igne
1057 5300 1255 5367 oritur,
1308 5300 1383 5352 ita
1432 5297 1634 5353 bonum
1668 5315 1837 5376 omne
1870 5302 1938 5354 ah

2048 5304 2252 5370 ἀγαθὸν
2291 5306 2356 5358 ὲκ
2389 5305 2483 5358 τοῦ
2513 5306 2768 5377 ἀορίστου
2800 5307 2893 5360 καὶ
2924 5305 3312 5376 ἀκαταλήπτου
3345 5307 3621 5375 πελάγους

362 5376 585 5439 infinito
644 5388 738 5443 illo
801 5389 1456 5461 incomprehensibilique
1528 5390 1719 5460 pelago
1777 5392 1938 5445 habet

2046 5393 2149 5463 τῆς
2181 5395 2514 5468 ἀγαθότητος
2567 5376 2666 5469 τὴν
2719 5397 2951 5469 ὓπαρξιν
2996 5397 3130 5468 ἔχει,
3164 5397 3260 5450 καὶ
3318 5397 3424 5452 ὅσα
3466 5399 3620 5470 ηιαρά

441 5530 461 5561 ³
490 5556 661 5615 Exod.
720 5579 809 5629 xx,
845 5565 930 5618 17.
1030 5567 1049 5596 ⁸
1085 5565 1243 5620 Joan.
1295 5584 1344 5630 γ,
1387 5566 1475 5622 44.
1544 5547 1732 5624 "’Sul.
1768 5579 1938 5620 CXXXV

2068 5565 2279 5634 21,22.

336 5694 601 5773 [Ἦν
