3980 6140
306 361 424 425 1521

1270 308 1646 419 DIALOGUS
1685 355 1979 418 CONTRA
2027 357 2505 421 MANICHEOS.

3320 302 3325 307 ⁸
3392 353 3528 418 1522

304 476 450 542 Θεοῦ,
478 475 657 546 ἀγαθὰ
681 475 883 548 κυρίως
905 470 996 529 καὶ
1027 473 1264 545 ἀληθῶς.
1286 477 1520 545 Λέγεται
1546 476 1603 529 δὲ
1633 475 1856 543 ἀγαθὸν,

1984 492 2105 544 asse,
2142 493 2206 533 ac
2240 478 2508 550 quidquid
2546 493 2577 535 a
2609 477 2720 535 Deo
2751 476 3138 551 proﬁciscitur,
3172 475 3373 530 bonum
3403 487 3530 543 pro-

300 571 358 625 ού
388 572 588 642 κυρίως
611 613 624 636 ,
653 572 788 626 ἀλλὰ
832 570 1303 642 καταχρηστικῶς,
1338 570 1432 623 καὶ
1485 571 1609 625 καθ’
1656 572 1688 641 ἡ
1700 569 1856 641 μετέ-

307 679 400 733 ραν
447 663 756 735 συνήθειαν,
786 663 846 717 τὸ
872 665 938 732 τῇ
970 661 1217 732 αἰσθήσει
1256 660 1415 732 ήμῶν
1464 661 1559 715 καὶ
1588 664 1651 731 τῇ
1677 660 1861 730 ἐφέσει

301 753 623 823 φαινόμενον
664 754 762 823 ἡδύ
786 769 800 783 °
832 753 1030 822 ὅςπρὸς
1072 752 1278 822 καιρὸν
1316 752 1414 822 μὲν
1461 752 1674 822 τέρπει,
1703 750 1862 804 ὔστε-

304 858 393 911 ρον
437 842 492 895 δὲ
538 844 736 915 πικρὸν
779 843 989 915 καρπὸν
1037 843 1369 907 ἀποδίδωσι,
1394 842 1544 912 παρὰ
1584 842 1675 896 τὸν
1699 843 1863 913 νόμον

300 932 391 987 τοῦ
435 936 734 994 Κτίσαντος
786 934 1067 1004 γινόμενον
1091 974 1106 996 ,
1137 935 1230 988 καὶ
1274 934 1467 989 δοκοῦν
1520 934 1726 1003 ἀγαθὸν
1782 932 1863 988 εί-

301 1044 408 1091 ναι,
433 1027 571 1097 ὅπερ
614 1027 721 1078 οὐκ
775 1025 935 1079 ἔστιν.
970 1026 1172 1094 ἀγαθὸν
1195 1066 1209 1090 ,
1243 1025 1381 1079 ἀλλὰ
1432 1026 1638 1096 κυρίως
1670 1020 1860 1079 κακόν.

299 1117 409 1169 Καὶ
446 1116 508 1167 τὸ
547 1116 715 1169 κακὸν
760 1117 961 1186 ὁμοίως
983 1133 998 1148 ο
1031 1117 1236 1188 κυρίως
1282 1116 1382 1186 μὲν
1415 1117 1581 1171 κακὸν
1624 1116 1737 1170 ἔστι
1772 1118 1865 1171 καὶ

294 1205 520 1275 λέγεται
544 1248 558 1271 ,
585 1206 647 1259 τὸ
679 1207 830 1279 παρὰ
856 1207 948 1261 τὸν
992 1208 1155 1278 νόμον
1189 1206 1284 1260 τοῦ
1315 1207 1616 1271 Κτίσαντος
1646 1209 1866 1279 γινόμε-

295 1313 404 1350 νον.
442 1296 673 1363 Λέγεται
726 1296 822 1349 καὶ
850 1296 1040 1361 κακὸν,
1074 1298 1136 1351 οὐ
1168 1297 1396 1366 κυρίως,
1416 1297 1553 1351 ἀλλὰ
1597 1299 1738 1352 κατὰ
1768 1299 1867 1369 τὴν

292 1387 575 1457 ἡμετέραν
622 1388 951 1458 συνήθειαν,
996 1389 1058 1441 τὸ
1108 1389 1229 1442 καθ’
1275 1389 1554 1459 ἡμετέραν
1612 1390 1868 1460 αἴσθησιν

294 1475 556 1530 ἐπίπονον
588 1478 681 1530 καὶ
724 1477 975 1548 ἀληθινόν
994 1486 1035 1515 ιιι
1063 1495 1076 1510 ⁸
1116 1480 1275 1549 ὅπερ,
1303 1479 1438 1549 πρὸς
1471 1479 1569 1550 μὲν
1604 1482 1666 1533 τὸ
1694 1481 1870 1551 παρὸν

292 1567 510 1633 ὀδύνας,
543 1568 770 1639 ὕστερον
818 1569 874 1622 δὲ
922 1570 1138 1641 καρπὸν
1185 1570 1458 1642 σωτηρίας
1509 1572 1604 1625 καὶ
1638 1570 1869 1626 ἀεννάου

294 1655 642 1726 εὐφροσύνης
676 1659 1025 1713 ἀποδίδωσιν.

369 1745 469 1811 ις’.
498 1747 630 1800 Εἰπὲ
649 1748 727 1813 δὲ,
761 1750 904 1820 ἁρχὴ
938 1752 1142 1815 παντὸς
1174 1753 1501 1823 πράγματος
1529 1754 1650 1825 μία,
1679 1756 1712 1822 ἢ
1740 1755 1868 1822 δύο;

295 1830 411 1889 οἷον
486 1839 519 1908 ἡ
580 1840 722 1909 ἀρχὴ
774 1842 869 1895 καὶ
914 1842 1064 1896 αἰτία
1104 1844 1206 1913 τῆς
1252 1843 1448 1914 ψυχῆς,
1502 1846 1600 1916 μία
1654 1845 1686 1916 ἢ
1734 1846 1871 1913 δύο;

300 1931 479 1984 MAN.
500 1931 635 1986 Μία.
660 1934 724 1986 Ei
744 1933 856 2004 γὰρ
872 1934 987 2000 δύο,
1015 1936 1132 1999 πῶς
1152 1938 1217 1989 ἐκ
1236 1935 1331 1989 δύο
1356 1937 1612 1991 ἐναντίων
1635 1938 1692 1993 ἓν
1709 1942 1804 1994 καὶ
1817 1941 1877 1994 τὸ

301 2021 440 2073 αὐτὸ
458 2022 782 2093 προέρχεται
801 2039 816 2088 ;
843 2024 912 2077 τὰ
931 2026 1040 2096 γὰρ
1054 2027 1329 2091 παντελῶς
1345 2029 1564 2083 ἐναντία
1583 2032 1879 2103 ἀκοινώνη-

301 2126 397 2162 τον
423 2108 607 2179 ἔχουσι
631 2112 908 2177 παντελῶς
926 2115 1027 2184 τὴν
1046 2115 1328 2186 ἐνέργειαν
1348 2132 1363 2147 ο
1392 2117 1510 2183 πῶς
1529 2119 1640 2192 γὰρ
1662 2123 1696 2191 ἡ
1717 2122 1879 2187 ἄῡλος

303 2201 457 2272 ψυχὴ
487 2201 545 2267 ἐξ
567 2203 734 2258 ἀύλου
789 2206 883 2259 καὶ
920 2205 1054 2277 ὕλης
1088 2207 1280 2274 ierat;
1314 2209 1342 2278 ἢ
1376 2212 1491 2275 πῶς
1519 2211 1596 2281 τῷ
1634 2213 1783 2284 αὐτῷ
1812 2214 1879 2268 τὰ

305 2292 530 2345 ἐναντία
578 2295 974 2365 παρήχθησαν,
1012 2297 1087 2367 μὴ
1137 2300 1509 2370 ὁμονοήσαντα
1546 2318 1561 2367 ;
1594 2303 1882 2369 Παντελῶς

306 2384 419 2453 γὰρ
451 2382 812 2454 ἀκοινώνητα,
839 2386 905 2440 τὰ
948 2388 1091 2442 κατὰ
1130 2387 1293 2456 φύσιν
1319 2391 1560 2449 ἐναντία.
1590 2395 1741 2448 ΟΡΘ.
1774 2397 1883 2449 Κα-

305 2474 419 2536 λῶς
447 2473 584 2543 έφης
607 2492 622 2507 ο
646 2476 878 2530 ἑκάστου
929 2477 1039 2531 τῶν
1085 2477 1254 2532 ὄντων
1301 2480 1521 2536 πάντων
1566 2484 1665 2552 μία
1717 2485 1881 2556 ἀρχή.

308 2567 487 2619 MAN.
520 2567 692 2620 [Iuv-cl.
743 2567 947 2638 τρόπῳ.
994 2569 1146 2622 ΟΡΘ.
1179 2570 1253 2623 Τὸ
1279 2566 1419 2625 εἶναι
1444 2614 1458 2636 ,
1483 2574 1626 2644 ἀρχὴ
1654 2574 1761 2629 τῶν
1792 2577 1885 2630 δύο

309 2656 522 2726 ἀρχῶν,
553 2657 659 2710 τῶν
688 2658 830 2712 κατὰ
868 2659 953 2724 σὲ,
991 2662 1164 2726 ἐστὶν,
1196 2661 1230 2732 ἢ
1267 2662 1324 2714 αἱ
1355 2662 1448 2715 δύο
1490 2666 1658 2736 ἀρχαὶ
1677 2709 1692 2734 ,
1718 2668 1885 2739 ἀρχαὶ

308 2746 412 2799 τοῦ
474 2742 612 2800 εἶναι
647 2764 662 2812 ;
692 2749 863 2801 MAN.
920 2750 1067 2820 Πρὸς
1110 2750 1162 2804 τί
1197 2751 1308 2822 γὰρ
1359 2755 1625 2810 συντείνει
1676 2758 1883 2826 τοῦτο;

309 2837 473 2893 ΟΡΘ.
499 2839 562 2891 Ei
585 2838 684 2908 μὲν
705 2839 763 2892 τδ
795 2835 936 2892 εἶναι
966 2841 1109 2911 ἀρχὴ
1134 2841 1243 2896 τῶν
1271 2845 1413 2897 κατὰ
1452 2846 1515 2899 σὲ
1549 2846 1643 2900 δύο
1673 2849 1884 2920 ἀρχῶν,

315 2929 429 2982 ἰδοὺ
460 2928 558 2999 μία
588 2928 750 3000 ἀρχὴ,
778 2929 875 2982 καὶ
901 2930 964 2982 ού
985 2930 1096 2984 δύο.
1122 2933 1186 2984 Ei
1218 2932 1327 3003 γὰρ
1363 2934 1425 2986 τὸ
1448 2931 1586 2990 εἶναι
1624 2939 1767 3009 ἀρχὴ
1791 2940 1886 2994 τοῦ

314 3017 458 3075 εἶναι
498 3020 576 3085 ἓν,
622 3020 720 3090 μία
773 3016 866 3074 οὖν
908 3022 1072 3093 ἀρχή.
1112 3024 1187 3076 Οὐ
1218 3023 1329 3094 γὰρ
1364 3025 1425 3078 τὸ
1465 3029 1689 3081 τοιῶσδε
1727 3026 1885 3098 εἶναι,

1963 570 2081 640 prie
2110 579 2164 626 et
2206 586 2334 628 vere
2364 580 2468 628 est.
2501 571 2715 628 ltursus
2764 573 2965 627 bonum
3000 585 3107 624 non
3161 567 3402 638 proprie,
3432 562 3528 619 sed

1961 676 2029 717 ex
2078 662 2372 730 abusione,
2410 671 2466 720 et
2519 672 2711 719 nostra
2760 661 3185 724 consuetudine,
3217 658 3272 712 id
3298 656 3526 713 dicitur.

1962 754 2109 822 quod
2132 763 2323 810 nostro
2338 755 2526 811 sensui
2549 765 2602 811 et
2627 753 2892 826 appetitui
2925 767 3092 808 suave
3112 750 3330 804 videtur
3351 744 3530 825 {quod

1964 845 2186 914 Quidem
2225 846 2293 901 ad
2326 855 2544 918 tempus
2580 847 2803 918 aliquod
2860 846 3132 908 delectat,
3168 841 3397 914 posthac
3431 853 3532 891 au—

1966 946 2076 992 tem
2131 938 2393 993 acerbum
2465 938 2704 993 fructum
2756 938 2910 1005 edit,
2959 952 3024 993 eo
3073 933 3221 1006 quod
3273 932 3535 987 adversus

1964 1026 2242 1084 Creatoris
2270 1028 2443 1098 legem
2475 1027 2567 1082 ﬁat
2608 1047 2621 1085 :
2658 1042 2721 1084 ac
2749 1029 2953 1082 bonum
2976 1026 3198 1097 quidem
3230 1037 3353 1078 esse
3388 1022 3534 1074 vitle—

1967 1127 2077 1186 tur,
2115 1135 2238 1175 cum
2289 1135 2401 1174 non
2455 1118 2547 1186 ﬁt,
2586 1119 2679 1175 sed
2728 1119 2948 1189 proprie
3006 1118 3230 1170 malum.
3273 1111 3538 1166 Similiter

1968 1212 2172 1266 malum
2204 1212 2422 1281 proprie
2455 1210 2590 1265 illud
2621 1215 2707 1265 est
2740 1216 2794 1263 et
2833 1207 3056 1271 dicitur,
3090 1206 3234 1276 quod
3271 1204 3538 1258 adversus

1968 1301 2248 1357 Creatoris
2313 1303 2488 1373 legem
2551 1306 2918 1371 perpetratur.
2967 1297 3265 1367 improprie
3320 1301 3536 1357 autem,
3647 1356 3654 1363 ,

1969 1406 2035 1446 ac
2058 1399 2252 1447 nostro
2276 1407 2449 1457 more,
2468 1391 2613 1462 quod
2638 1391 2823 1447 sensui
2842 1404 3007 1460 grave
3028 1399 3108 1443 est
3131 1402 3194 1442 ac
3211 1387 3536 1440 molestum:

1970 1484 2115 1554 quod
2169 1483 2390 1554 quidem
2440 1483 2573 1539 licet
2621 1483 2678 1537 in
2729 1482 2987 1553 praesenti
3040 1480 3283 1534 dolorem
3326 1476 3538 1540 aﬂ'crat,

1971 1581 2214 1630 attamen
2252 1580 2439 1645 postea
2479 1573 2676 1631 salutis
2706 1587 2770 1629 ac
2806 1573 3154 1643 sempiterna:
3196 1568 3394 1623 laetitiae
3426 1569 3542 1622 fru-

1972 1673 2120 1719 ctum
2156 1666 2383 1734 praebet.

2045 1757 2135 1813 16.
2176 1757 2277 1812 Dic
2298 1772 2501 1827 porro,
2530 1742 2774 1812 ununme
2803 1756 3072 1825 cujusque
3107 1754 3183 1810 rei
3215 1752 3545 1824 principium

1977 1858 2085 1911 est,
2116 1865 2184 1904 an
2217 1849 2369 1905 duo?
2399 1866 2454 1905 ν.
2488 1865 2571 1920 gr.
2606 1863 2846 1903 unumne
2874 1855 2960 1903 est
2991 1847 3187 1902 anitme
3210 1845 3545 1915 principium

1978 1952 2031 1998 et
2072 1957 2279 2006 causa,
2337 1957 2407 1996 an
2467 1940 2617 1996 duo?
2666 1938 2832 1993 MAN.
2892 1937 3092 1992 Unum.
3157 1936 3291 1992 Nam
3352 1937 3398 1991 si
3438 1937 3548 1990 duo

1981 2034 2121 2095 sint,
2152 2032 2248 2103 qui
2303 2032 2524 2085 tandem
2569 2045 2636 2083 ex
2681 2029 2901 2083 duobus
2937 2025 3234 2082 contrariis
3279 2039 3447 2080 unum
3494 2030 3550 2078 et

1979 2123 2121 2180 idem
2200 2122 2452 2177 oriatur?
2512 2121 2729 2176 Etenim
2810 2133 2931 2188 quae
2990 2118 3217 2173 omnino
3269 2115 3550 2171 contraria

1982 2218 2147 2279 sunt,
2185 2211 2390 2266 nullam
2433 2210 2578 2265 inter
2605 2225 2665 2265 se
2710 2222 2944 2279 prorsus
2982 2208 3254 2263 actionem
3300 2220 3551 2259 commu-

1982 2319 2106 2359 nem
2157 2303 2385 2359 habent.
2432 2301 2681 2368 Quonam
2721 2303 2868 2355 enim
2925 2300 3091 2353 modo
3141 2298 3324 2351 anima
3361 2312 3484 2366 qua:
3522 2312 3551 2348 τι

1985 2398 2213 2450 materia
2238 2404 2452 2449 remota
2475 2404 2579 2462 est,
2603 2409 2669 2449 ex
2704 2408 2771 2448 eo
2804 2393 2909 2447 erit
2936 2390 3085 2462 quod
3114 2407 3143 2445 a
3170 2391 3400 2446 materia
3428 2392 3556 2444 alic-

1988 2499 2116 2541 num
2147 2493 2257 2552 est,
2286 2484 2564 2554 simulque
2593 2499 2659 2538 ex
2688 2482 2960 2537 materia?
2985 2488 3079 2536 aut
3113 2495 3355 2551 quonam
3392 2488 3556 2548 pacto

1984 2593 2108 2648 quae
2155 2576 2437 2631 contraria
2481 2582 2646 2640 sunt,
2700 2589 2814 2629 rem
2875 2573 3125 2628 eamdem
3178 2572 3580 2642 produxerunt'

1984 2681 2111 2721 cum
2144 2665 2294 2720 inter
2321 2679 2382 2720 se
2407 2662 2814 2718 dissentirent?
2842 2659 3053 2716 Etenim
3083 2677 3206 2731 quae
3240 2669 3437 2731 suapte
3460 2674 3559 2714 na-

1985 2764 2110 2812 tura
2142 2754 2457 2811 contraria-
2476 2761 2629 2817 sunt,
2665 2752 2716 2807 id
2749 2752 2955 2807 habent
2990 2759 3050 2806 ut
3097 2751 3235 2806 nihil
3266 2752 3409 2805 inter
3439 2752 3558 2820 ipsa

1987 2863 2278 2904 commune
2303 2861 2427 2901 esse
2458 2846 2654 2915 possit.
2673 2843 2883 2900 ORTH.
2919 2843 3087 2898 Recte
3107 2843 3321 2898 dixisti.
3352 2842 3556 2913 Cujus-

1989 2940 2123 2994 libet
2145 2953 2211 2993 ex
2243 2938 2314 2992 iis
2333 2937 2499 2992 rebus
2520 2950 2643 3006 quae
2666 2943 2818 3001 sunt,
2838 2936 3062 2989 unicum
3089 2941 3174 2989 est
3197 2934 3554 3005 principium.

1989 3030 2159 3085 MAN.
2208 3028 2469 3098 omnino.
2516 3025 2727 3103 Olt'l‘ii.
2769 3026 2953 3096 ipsum
2993 3027 3566 3096 esse,principiumne

315 3111 465 3181 φημὶ
487 3150 504 3177 ,
531 3111 779 3201 τουτέστι
818 3113 995 3201 κακὸν,
1027 3108 1167 3167 εἶναι
1206 3113 1240 3185 ἢ
1278 3115 1473 3181 καλὸν,
1499 3117 1615 3171 ἀλλ’
1650 3119 1784 3174 αὐτὸ
1829 3123 1882 3175 τὸ

1990 3130 2077 3176 εει
2109 3127 2331 3175 tuorum
2384 3119 2619 3173 duorum
2667 3117 3102 3188 principiorum;
3154 3131 3222 3170 an
3263 3126 3457 3171 contra
3496 3131 3564 3171 ex

314 3202 508 3266 ἁπλῶς
550 3198 722 3258 εἶναι·
750 3203 893 3273 ἁρχὴ
937 3199 1077 3259 οὖνιι
1105 3204 1214 3259 τῶν
1264 3206 1408 3260 κατὰ
1448 3206 1509 3260 σέ
1551 3207 1645 3263 δύο
1682 3209 1888 3281 ἀρχῶν,

317 3295 424 3365 μία
453 3294 613 3365 ἁρχὴ,
646 3297 743 3350 καὶ
780 3296 841 3348 οὐ
871 3295 994 3349 δύο·
1019 3298 1068 3349 εί
1106 3296 1163 3349 δὲ
1191 3298 1247 3350 αί
1286 3298 1429 3352 κατὰ
1468 3298 1528 3352 at
1568 3300 1756 3371 ἀρχαὶ,
1788 3303 1890 3374 ἀρ·

315 3387 416 3457 χαὶ
455 3385 549 3439 τοῦ
596 3383 759 3452 εἶναι,
789 3386 1004 3443 ἔσονται
1032 3388 1126 3441 δύο
1146 3388 1365 3455 ἐναντία
1388 3390 1483 3445 τοῦ
1516 3391 1682 3445 αὐτοῦ
1712 3393 1891 3463 πράγ-

319 3496 514 3549 ματος.
554 3480 766 3550 Ὠσπερ
799 3479 911 3550 γὰρ
948 3482 980 3551 ἡ
1023 3480 1210 3544 ἁπλῶς
1242 3481 1421 3548 οὐσία,
1462 3483 1560 3553 μία
1602 3485 1780 3550 οὐσία,
1807 3486 1896 3538 δε-

312 3570 487 3639 κτική
536 3570 652 3623 ἐστι
694 3570 966 3642 διαφόρων
1022 3573 1360 3642 ποιοτήτων,
1397 3575 1492 3628 καὶ
1539 3575 1681 3630 κατὰ
1736 3576 1895 3631 τοῦτο

315 3659 574 3728 λέγονται
605 3661 800 3715 πολλαὶ
826 3662 1024 3729 οὐσίαι,
1050 3662 1194 3717 οὕτω
1220 3664 1317 3717 καὶ
1346 3664 1407 3717 τὸ
1442 3665 1632 3729 ἁπλῶς
1656 3661 1798 3721 εἶναι
1831 3668 1894 3722 ἐν

315 3755 457 3819 ἐστι,
490 3754 539 3806 εί
575 3753 671 3809 καὶ¹
723 3757 781 3808 ἐν
828 3755 1106 3828 διαφόροις
1159 3757 1567 3829 θεωρούμενον,
1620 3760 1791 3814 πολλὰ
1825 3760 1895 3815 τὰ

314 3849 451 3896 Mra
480 3845 828 3915 παρωνύμως
869 3849 1013 3900 ποιεί
1044 3848 1535 3918 κατονομάζεσθαι.
1575 3849 1779 3921 Ὀρίσω
1801 3846 1895 3905 οὖν

306 3936 685 4009 ἀκοινώνητον
719 3934 859 3993 εἶναι
893 3940 1174 4003 παντελῶς
1204 3940 1303 4012 τὴν
1320 3942 1428 3995 τῶν
1456 3941 1717 3997 ἐναντίων
1742 3943 1894 4015 ἐνέρ-

312 4041 479 4093 γειαν
500 4043 514 4056 ·
553 4028 653 4080 οὐκ
679 4029 746 4080 ἐκ
768 4028 863 4081 δύο
878 4028 1064 4099 ἀρχῶν
1083 4028 1146 4081 τὸ
1168 4023 1331 4095 εἶναι,
1356 4030 1591 4102 μάλιστα
1620 4030 1717 4085 καὶ
1740 4033 1895 4085 ἐναν-

311 4116 476 4182 τίων,
502 4116 620 4170 ἀλλ’
645 4117 710 4169 ὲκ
732 4120 882 4185 μιᾶς.
907 4119 981 4172 Οὐ
1021 4119 1131 4189 γάρ
1186 4137 1288 4172 που
1317 4121 1378 4173 τὸ
1431 4117 1572 4175 εἶναι
1600 4123 1775 4176 αἴτιον
1800 4122 1894 4175 τοῦ

310 4207 476 4268 ὄντος
494 4221 509 4237 ·
538 4206 600 4258 οὐ
631 4205 739 4276 γὰρ
760 4206 936 4277 προῆν
963 4206 1024 4260 τὸ
1044 4203 1182 4260 εῖναι
1202 4207 1296 4261 τοῦ
1329 4208 1500 4281 ύντος.
1536 4210 1625 4264 Ἐν
1650 4208 1755 4264 τίνι
1788 4210 1896 4281 γὰρ

312 4296 647 4366 ἐϐεωρεῖτος
684 4296 824 4349 Ἀλλ’
875 4299 932 4352 ἐν
970 4296 1048 4367 τῷ
1097 4297 1317 4370 ἀνάρχῳ
1350 4279 1470 4353 ῧντι
1502 4300 1566 4354 τὸ
1592 4297 1732 4355 εἶναι
1758 4279 1896 4356 Oeta-

317 4388 681 4459 ρούμενον,ἐν
701 4386 869 4459 αὐτῷ,
893 4388 989 4441 καὶ
1012 4388 1072 4453 ἐξ
1097 4389 1265 4443 αὐτοῦ
1292 4389 1368 4454 ὡς
1387 4390 1561 4445 αἰτίου
1585 4392 1859 4464 ὑφέστηκε
1877 4410 1891 4426 ·

319 4477 428 4547 μία
452 4475 548 4531 οὖν
575 4475 717 4548 ἁρχὴ
755 4476 850 4530 τοῦ
880 4472 1042 4546 εἶναι,
1073 4479 1168 4533 καὶ
1197 4479 1258 4533 τὸ
1286 4480 1528 4537 ἐναντίον
1556 4482 1759 4546 ταύτης
1792 4484 1892 4538 οὐκ
1923 4466 1968 4523 Ῑ)

316 4569 464 4621 ἔστι.

1993 3210 2208 3265 duobus
2256 3207 2547 3278 principiis
2598 3209 2781 3261 o'rtum
2828 3205 3030 3259 habet?
3076 3204 3242 3260 MAN.
3289 3204 3563 3271 Quorsum

1982 3282 2143 3357 istud
2171 3300 2382 3355 tendit?
2408 3297 2620 3354 ORTH.
2653 3297 2709 3351 Si
2742 3295 3015 3367 principia
3056 3303 3151 3350 tua
3178 3310 3243 3351 ex
3294 3296 3415 3365 ipso
3443 3309 3567 3352 esse

1994 3401 2116 3449 orta
2147 3403 2300 3461 sttnt,
2331 3408 2398 3448 en
2430 3390 2764 3461 principium
2794 3404 2987 3454 unum,
3023 3404 3131 3442 non
3161 3387 3293 3442 duo.
3325 3386 3381 3442 Si
3412 3401 3566 3440 nam-

1995 3500 2103 3556 que
2143 3499 2302 3548 esse,
2355 3481 2690 3553 principium
2742 3480 2854 3534 illis
2888 3494 3057 3533 unum
3105 3477 3407 3533 exsistendi
3447 3484 3565 3537 εει.

1999 3578 2058 3632 (lt
2109 3591 2248 3632 sane
2283 3590 2451 3629 unum
2498 3572 2834 3647 principium
2874 3584 3014 3625 esse.
3073 3569 3192 3623 Non
3231 3567 3375 3624 enim
3430 3583 3567 3635 quo-

1995 3663 2599 3738 quomodo‘ﬂ'jesse,
2630 3662 2739 3719 hcc
2753 3669 2835 3718 est
2852 3663 3056 3718 bonum
3080 3661 3164 3716 vel
3184 3661 3388 3715 malum
3405 3674 3528 3715 esse
3545 3677 3564 3715 :

1996 3757 2096 3813 sed
2145 3757 2328 3825 ipsum
2380 3768 2503 3810 esse
2563 3752 2892 3822 simpliciter
2920 3750 3158 3822 duplicis
3202 3751 3281 3804 tui
3313 3748 3570 3819 principii

1995 3849 2327 3921 principium
2349 3846 2477 3901 erit.
2499 3846 2600 3900 Sin
2632 3851 2813 3900 autem
2836 3860 2902 3899 ex
2936 3844 3045 3898 tuis
3071 3842 3361 3913 principiis
3390 3841 3569 3911 ipsum

1995 3955 2118 3997 esse
2151 3945 2334 3993 ortum
2357 3936 2572 4001 habuit,
2593 3935 2702 3990 duo
2725 3933 3011 3989 contraria
3033 3932 3283 4003 ejusdem
3312 3930 3390 3985 rei
3416 3932 3570 4000 prin-

1997 4036 2141 4107 cipia
2163 4041 2344 4091 erunt.
2365 4031 2832 4099 Quemadmodum
2854 4029 3000 4085 enim
3033 4029 3264 4099 simplex
3295 4027 3567 4089 essentia,

1998 4146 2107 4184 una
2130 4140 2253 4184 ‘cum
2287 4126 2379 4189 sit,
2413 4124 2756 4180 diversarum
2789 4115 3322 4192 qualitatum'capax
3352 4126 3457 4184 est,
3487 4127 3572 4171 at-

1996 4233 2105 4290 quc
2136 4218 2241 4272 hac
2258 4216 2473 4271 ratione
2493 4215 2679 4269 multa:
2707 4213 2963 4268 essentiae
2983 4209 3277 4264 dicuntur:
3307 4207 3387 4262 sic
3406 4207 3577 4260 etiam

1999 4325 2122 4367 esse
2159 4306 2505 4375 simpliciter,
2543 4306 2674 4360 licet
2703 4318 2875 4357 unum
2907 4302 3203 4367 sit,tamen
3244 4314 3369 4354 cum
3406 4297 3459 4352 in
3488 4298 3577 4353 di-

2000 4400 2177 4455 versis
2214 4397 2386 4454 rebus
2417 4380 2828 4456 consideretur,
2865 4391 2970 4446 hoc
3009 4389 3189 4455 eiiicit,
3236 4397 3295 4444 ut
3317 4388 3575 4444 essentia:

1999 4489 2185 4542 multae
2225 4501 2293 4542 ex
2347 4498 2416 4540 eo
2460 4498 2557 4554 per
2594 4480 3101 4538 denominationem
3159 4490 3577 4550 nuncupentur.

1879 4564 1925 4617 ⁸
2001 4575 2194 4630 Statuo
2214 4574 2382 4645 igitur
2403 4587 2591 4628 eorum
2614 4585 2736 4641 quae
2765 4570 2996 4625 invicem
3024 4570 3307 4624 contraria
3329 4569 3459 4633 sint,
3482 4582 3576 4623 ac-

314 4665 533 4719 tionem
565 4677 913 4718 communem
941 4680 1066 4720 esse
1097 4681 1204 4721 non
1233 4682 1435 4738 posse:
1461 4684 1639 4739 neque
1662 4685 1729 4725 ex
1760 4656 2026 4735 rduobus,
2085 4684 2149 4724 ac
2205 4666 2513 4739 praesertim
2547 4665 2866 4729 contrariis,
2894 4664 2992 4720 sed
3032 4680 3094 4721 ex
3126 4677 3235 4717 uno
3306 4662 3577 4718 duntaxat

317 4753 607 4826 principio
638 4761 833 4808 ortum
872 4756 1099 4812 habere.
1143 4755 1262 4811 Non
1297 4758 1444 4815 enim
1500 4774 1625 4816 esse
1663 4769 1786 4815 eute
1828 4759 2115 4828 antiquius
2167 4765 2287 4813 erat
2346 4757 2449 4818 (in
2508 4770 2619 4825 quo
2699 4754 2977 4825 siquidem
3030 4753 3575 4823 consideraretur‘i')

315 4865 518 4925 verum
556 4864 680 4905 esse
708 4852 765 4905 in
794 4866 860 4906 eo
899 4852 1045 4921 quod
1077 4853 1197 4908 sine
1223 4852 1498 4924 principio
1534 4855 2090 4917 estconsideratum,
2171 4854 2227 4908 in
2285 4853 2432 4924 ipso,
2485 4859 2540 4906 et
2583 4866 2648 4906 ει
2706 4850 2826 4919 ipso
2889 4856 3148 4920 tanquam
3210 4866 3278 4905 ex
3348 4860 3574 4906 auctore

318 4944 558 4998 exstitit.
602 4943 785 5015 Ipsius
840 4944 1007 5015 igitur
1057 4959 1180 5000 esse
1260 4961 1427 4999 unum
1511 4954 1733 5002 tantum
1815 4947 2145 5018 principium
2207 4954 2331 5012 est,
2407 4944 2496 4999 cui
2562 4942 2699 4998 nihil
2754 4957 2985 5012 prorsus
3047 4942 3391 4999 contrarium
3475 4943 3575 4998 ad-

317 5041 599 5089 versatur.

404 5124 495 5189 ιζ’.
529 5128 640 5185 Καὶ
664 5128 855 5182 πάλιν·
903 5128 968 5180 Ἠ
998 5128 1140 5199 ἀρχὴ
1171 5128 1273 5199 τῆς
1304 5128 1538 5184 ἑκάστου
1587 5130 1696 5183 τῶν
1737 5129 1882 5184 ὅντω

2083 5128 2170 5183 l7.
2202 5126 2279 5181 Ac
2322 5139 2517 5181 rursus
2569 5137 2585 5177 :
2634 5119 2820 5177 Motus
2854 5116 3152 5190 cujuslibet
3212 5112 3296 5169 rei
3338 5125 3581 5199 unumne

322 5216 619 5287 κινήσεως,
653 5219 773 5288 μία,
805 5219 839 5288 ἢ
870 5218 996 5287 δύο;
1035 5195 1377 5292 ἐΪίιτταρκτική
1399 5239 1479 5288 τε,
1513 5222 1605 5276 καὶ
1628 5223 1880 5293 ἐνεργητι

2011 5218 2342 5289 principium
2366 5216 2551 5281 habet,
2584 5228 2654 5268 an
2690 5212 2880 5281 duo?(
2912 5204 3250 5278 Principium
3276 5204 3458 5254 autem
3490 5195 3579 5293 hic

324 5305 426 5373 κὴ,
448 5306 542 5359 καὶ
585 5307 804 5378 τοπικὴ.
838 5309 935 5361 καὶ
978 5288 1225 5381 χρονικῆ.
1268 5288 1612 5384 Ὑπαρκτικὴ
1656 5288 1774 5383 μὲν,

2011 5288 2412 5381 intelligo,tam
2442 5305 2841 5369 substantiale,
2878 5313 3043 5372 quam
3090 5295 3358 5360 efﬁciens,
3404 5303 3470 5347 ac
3495 5288 3581 5346 lo-

1605 5487 1834 5545 VARIAE
1876 5487 2273 5545 LECTIONES.

338 5648 459 5765 tu;
478 5636 701 5766 [segne].
726 5639 866 5764 betze
884 5632 1446 5714 εωεηύειάλγεινόνε
1477 5646 1815 5718 sic‘interpr.
1850 5645 2012 5703 Basil.
2037 5646 2175 5714 quod
2198 5641 2471 5696 molestum
2497 5646 2594 5692 est.
2671 5643 2697 5671 ιι
2734 5616 2892 5689 Deest
2919 5625 3013 5685 οὖν
3047 5629 3103 5685 in
3133 5624 3321 5694 Basil.,
3353 5634 3405 5682 et
3430 5639 3581 5680 cont—

534 5726 548 5764 ι
589 5725 677 5766 ma
705 5725 809 5766 sun
839 5750 853 5764 .
3062 5743 3064 5745 ›

534 5725 677 5768 mnta
705 5725 853 5768 sunt.
3062 5743 3064 5745 ›
