3970 6156
248 315 385 384 159.5

1240 328 1620 396 DIALOGUS
1660 335 1961 395 CONTRA
2001 338 2477 400 M.\N1CII.EOS.

3371 338 3505 404 1526

243 434 338 486 καὶ
366 433 429 485 τὸ
473 433 646 498 τέλος.
682 430 796 489 Πᾶν
836 430 930 492 οὖν
985 439 1108 512 ἔχον
1158 443 1357 517 ἀρχὴν,
1392 449 1488 502 καὶ
1517 448 1673 512 τέλος
1706 448 1808 518 ἔχει

1923 449 1995 519 pii
2033 460 2229 521 expers
2284 451 2521 508 exsistit.
2575 451 2731 518 Quod
2781 459 2960 508 autem
3009 451 3346 523 principium
3394 470 3503 509 non

241 523 381 578 κατά
412 523 509 596 τὴν
541 525 733 581 ἐαυτοῦ
767 527 930 600 φύσιν
949 548 962 561 ·
993 532 1089 587 καὶ
1119 535 1226 589 πᾶν
1259 536 1410 602 τέλος
1433 537 1576 609 ἔχον,
1600 541 1692 595 καὶ
1721 542 1824 612 ἀρ-

241 616 343 683 χὴν
385 614 500 685 ἔχει
526 632 541 647 ο
579 620 671 673 καὶ
702 621 754 673 οί
798 619 1020 690 ἄγγελοι
1052 623 1184 693 γοῦν
1227 628 1403 699 ἀρχὴν
1446 628 1682 700 ἔχοντες,
1731 633 1823 686 καὶ

239 702 396 794 τέλος
414 704 599 775 έχουσι
644 709 789 787 κατὰ
814 711 916 781 τὴν
939 713 1150 767 ἑαυτῶν
1180 716 1366 786 φύσιν,
1396 721 1445 772 εί
1472 723 1565 773 καὶ
1594 724 1660 793 τῇ
1702 722 1824 794 θείᾳ

241 792 427 863 χάριτι
460 796 623 851 πάλιν
647 799 903 870 ἄρχονται
935 803 1030 856 τοῦ
1050 800 1214 871 εἶναι,
1243 807 1336 860 καὶ
1362 792 1820 875 ἀνακαινίζονται.

243 883 457 955 Ὥσπερ
484 887 594 956 γὰρ
627 889 689 942 τὸ
720 891 979 964 ἀκίνητον
1018 905 1047 945 1
1084 896 1246 968 σῶμα
1280 897 1585 969 ἀρξάμενον
1611 900 1705 954 τοῦ
1735 919 1822 956 κι-

240 975 471 1043 νεῖσθαι,
530 981 595 1032 ἐκ
644 979 811 1036 τόπου
870 982 1096 1056 ἤρξατο,
1145 988 1387 1043 τουτέστι
1433 991 1496 1043 τὸ
1542 993 1821 1061 κυκλικὸν,

240 1065 446 1136 φθάνον
465 1068 523 1123 δὲ
555 1071 646 1125 τὸν
679 1073 843 1128 τόπον
875 1075 999 1130 ὅθεν
1026 1077 1249 1149 ἤρξατο,
1285 1080 1575 1153 ἐπλήρωσε
1603 1081 1700 1155 τὴν
1727 1101 1824 1138 πε·

241 1157 526 1227 ριφέρειαν
550 1162 644 1214 καὶ
673 1164 735 1217 τὸ
759 1167 1039 1232 κυκλικὸν,
1082 1170 1244 1226 πάλιν
1271 1172 1325 1225 δὲ
1357 1174 1584 1244 ἄρχεται
1618 1177 1717 1247 τῆς
1742 1196 1822 1230 κι-

238 1251 470 1319 νήσεως.
503 1255 596 1307 καὶ
618 1255 747 1310 νέαν
780 1259 955 1331 ἀρχὴν
984 1263 1248 1332 κινήσεως
1278 1270 1532 1332 ποιεῖται,
1566 1272 1659 1322 καὶ
1680 1269 1824 1324 οὕτω

232 1339 480 1410 διαμένει
511 1345 849 1417 κινούμενον,
879 1351 985 1415 ἕως
1017 1350 1084 1406 ἂν
1134 1356 1162 1407 ό
1204 1356 1444 1410 κελεύων
1480 1358 1612 1411 αὐτὸ
1657 1362 1823 1412 κινεῖ-

239 1431 365 1486 σθαι
398 1434 529 1507 θέλῃ
552 1454 565 1467 ·
599 1438 742 1494 οὕτω
768 1442 859 1495 καὶ
879 1444 928 1495 οἱ
958 1444 1186 1513 ἄγγελοι
1218 1448 1527 1517 κινούμενοι
1553 1447 1820 1516 ζωτικῶς,

234 1524 331 1576 καὶ
353 1525 648 1593 φθάνοντες
671 1531 735 1584 τὸ
779 1535 1008 1601 φυσικὸν
1052 1537 1203 1600 τέλος
1254 1538 1356 1608 τῆς
1399 1539 1610 1593 ἑαυτῶν
1643 1540 1824 1611 ὑπάρ-

234 1615 393 1685 ξεως,
418 1617 675 1690 ἄρχονται
697 1623 797 1693 τῆς
822 1625 1059 1696 ζωτικῆς
1083 1630 1352 1699 κινήσεως
1380 1628 1561 1695 πάλιν,
1587 1632 1823 1703 προστά-

235 1706 318 1791 ξει
362 1708 457 1760 τοῦ
497 1712 827 1783 ποιήσαντος
870 1716 1093 1781 αύτούς.
1135 1718 1251 1773 Ἀεὶ
1276 1718 1384 1790 γὰρ
1415 1720 1567 1791 παρά
1594 1720 1729 1774 Θεοῦ
1760 1722 1820 1777 τὸ

232 1789 393 1863 εἶναι,
434 1800 528 1854 καὶ
556 1801 805 1869 ζωτικῶς
841 1808 932 1860 καὶ
974 1809 1173 1881 νοερῶς
1203 1782 1473 1865 κινεῖσθαι
1496 1782 1820 1883 ’λαμϐάνου-
1851 1782 1892 1842 Β

234 1904 340 1952 σιν,
371 1890 472 1943 οὐκ
501 1892 559 1959 ἐξ
608 1894 820 1949 ἑαυτῶν
851 1896 1070 1969 ἔχοντες
1122 1900 1303 1955 τοῦτο.
1334 1902 1574 1974 ι”Ωσπερ
1624 1905 1815 1975 τροχὸς

231 1980 497 2051 κινηθεὶς,
521 1988 752 2041 κινεῖται
792 1991 884 2042 καὶ
916 1991 1182 2046 παύεται·
1215 1991 1310 2046 ἐὰν
1329 1993 1386 2046 δὲ
1425 1993 1521 2066 ἔχῃ
1546 1996 1608 2049 τὸ
1628 1997 1815 2050 ἀεικίο

228 2087 393 2142 νητον
424 2083 471 2141 τ,
520 2076 605 2129 ἀεὶ
634 2082 886 2143 κινεῖται.
933 2083 1034 2139 οὐκ
1064 2084 1123 2149 ἐξ
1156 2084 1351 2138 ἐαυτοῦ
1384 2085 1506 2157 ἔχον
1529 2088 1626 2158 τὴν
1656 2088 1813 2161 κίνη-

233 2175 318 2247 σιν
343 2174 357 2190 ·
389 2161 531 2218 οὕτω
561 2167 655 2220 καὶ
690 2169 738 2223 οί
773 2170 1017 2239 ἄγγελοι,
1040 2174 1141 2227 ούκ
1171 2173 1228 2241 ἐξ
1253 2175 1464 2230 ἑαυτῶν
1489 2175 1704 2247 ἔχοντες
1751 2178 1813 2232 τὸ

222 2244 391 2317 εἶναι,
426 2254 549 2310 ὅσον
601 2261 743 2313 κινεῖ
788 2263 987 2328 αὐτοὺς
1017 2266 1045 2317 ό
1101 2267 1357 2337 ποιήσας,
1399 2269 1709 2323 κινοῦνται·
1742 2271 1808 2324 ἂν

230 2339 416 2411 μέντοι
446 2345 654 2412 ἐκεῖνος
685 2350 759 2422 μὴ
814 2354 1009 2425 κινήσῃ
1032 2395 1047 2420 ,
1090 2355 1357 2412 παύονται
1391 2358 1489 2428 τῆς
1518 2360 1808 2427 κινήσεως.

229 2429 394 2488 Ὥστε
428 2437 488 2491 τὸ
521 2438 696 2512 ἀρχὴν
726 2442 871 2514 ἔχον,
915 2446 1133 2510 πάντως
1172 2448 1263 2502 καὶ
1292 2449 1475 2513 τέλος·
1509 2452 1604 2504 καὶ
1632 2452 1693 2504 τὸ
1724 2453 1811 2504 τέ-

222 2521 321 2585 λος
345 2524 467 2595 ἔχον
497 2529 715 2595 πάντως
752 2533 850 2587 καὶ
899 2535 1098 2606 ἀρχήν.
1136 2538 1247 2591 Καὶ
1272 2538 1336 2591 τὸ
1386 2538 1546 2606 φύσει
1575 2539 1810 2612 ἄναρχον

225 2616 371 2671 κατά
409 2620 586 2721 πάντα
628 2624 864 2697 ἀναρχόν
894 2629 1032 2721 ἐδτι,
1067 2629 1208 2684 κατά
1245 2646 1303 2683 τε
1330 2630 1531 2697 αἰτίαν,
1563 2632 1657 2685 καὶ
1683 2632 1811 2703 χρό-

225 2722 339 2773 νον,
370 2712 463 2765 καὶ
497 2714 684 2780 τόπον,
718 2718 811 2771 καὶ
836 2712 1111 2786 ἐξοῦσίαν.

1931 541 2141 609 habuit,
2172 558 2273 597 nec
2295 542 2455 599 linem
2489 543 2705 614 quidem
2733 543 3047 599 habiturum
3076 553 3184 599 est.
3216 544 3508 613 Siquidem

1929 632 2055 688 linis
2082 650 2304 704 quoque
2332 650 2498 689 unum
2524 635 2777 706 principii
2808 652 2979 707 genus
2996 644 3103 692 est.
3129 633 3321 707 itaque
3344 635 3508 705 quid-

1927 723 2058 794 quid
2100 723 2319 779 initium
2346 724 2574 790 habuit,
2609 734 2802 796 suapte
2843 735 3040 780 natura
3073 726 3237 780 tinem
3288 739 3514 795 quoque

1929 815 2152 871 habebit
2187 830 2199 866 :
2238 829 2302 870 ac
2333 830 2530 871 rursus
2563 815 2823 887 quidquid
2859 814 3020 872 tinem
3062 816 3261 877 habet.
3310 824 3366 871 et
3405 815 3513 869 ini-

1930 906 2068 963 tium
2099 905 2292 962 habuit
2319 924 2337 973 ;
2369 905 2513 962 unde
2540 906 2644 977 ipsi
2664 923 2883 979 quoque
2912 908 3114 979 angeli,
3154 922 3285 963 cum
3329 914 3513 962 ortum

1928 996 2244 1063 habuerint,
2284 996 2446 1052 tinem
2484 997 2648 1051 etiam
2676 1012 2775 1053 sua
2804 1007 3000 1053 natura
3034 998 3260 1060 habent.
3291 998 3513 1054 tametsi

1928 1087 2113 1143 divina
2139 1089 2312 1159 gratia
2339 1102 2466 1143 esse
2498 1102 2691 1143 rursus
2739 1089 3010 1158 incipiunt
3042 1105 3107 1145 ac
3148 1097 3506 1145 renovantur.

1926 1177 2407 1244 Quemadmodum
2472 1177 2619 1231 enim
2656 1193 2858 1248 corpus
2891 1195 3109 1249 semper
3147 1179 3370 1244 mobile,
3407 1179 3512 1234 hoc

1926 1276 2009 1320 est
2038 1264 2394 1336 sphaerieum,
2424 1279 2547 1317 cum
2575 1265 2778 1320 moveri
2825 1266 3008 1335 coepit,
3051 1280 3081 1318 a
3111 1267 3232 1320 loco
3259 1267 3462 1337 incepit
3491 1282 3505 1318 :

1927 1373 2048 1410 cum
2113 1364 2293 1412 autem
2360 1358 2427 1412 ad
2501 1357 2680 1411 locum
2739 1357 3033 1427 pervenit,
3090 1358 3235 1412 unde
3287 1359 3509 1427 incepit,

1927 1448 2366 1501 circumductum
2431 1462 2591 1502 suum
2641 1456 2693 1501 et
2743 1448 2988 1502 orbicum
3047 1457 3259 1502 motum
3327 1450 3510 1504 absol-

1927 1539 2025 1601 vit,
2102 1552 2167 1591 ac
2229 1553 2427 1593 rursus
2488 1545 2694 1592 motum
2763 1538 3111 1608 auspicatur,
3198 1553 3512 1609 novumque

1928 1639 2105 1683 motus
2139 1627 2354 1682 initium
2384 1627 2551 1695 facit;
2582 1635 2747 1698 atque
2768 1629 2845 1681 ita
2878 1630 3085 1683 moveri
3106 1630 3305 1698 pergit,
3326 1628 3507 1699 quoad

1924 1721 1970 1775 is
2037 1719 2311 1783 voluerit,
2374 1718 2467 1789 qui
2539 1719 2715 1788 ipsum
2784 1720 2994 1773 moveri
3045 1719 3235 1789 jussit.
3302 1720 3505 1779 Eodem

1925 1809 2086 1863 modo
2114 1809 2293 1879 angeli
2334 1824 2554 1880 quoque
2585 1808 2633 1873 ⁸,
2680 1809 2773 1877 qui
2814 1808 2963 1863 vitali
3008 1817 3156 1863 motu
3201 1809 3501 1880 agitantur,

1923 1914 2047 1954 cum
2083 1897 2150 1953 ad
2188 1899 2493 1953 naturalem
2528 1899 2815 1954 exstantia:
2855 1913 2967 1953 suae
3001 1905 3201 1953 metam
3241 1914 3504 1969 pervene-

1924 1994 2074 2052 runt,
2099 1985 2381 2041 Creatoris
2416 1970 2579 2055 iussu
2616 1984 2835 2039 vitalem
2876 1993 3084 2039 motum
3111 1999 3272 2038 suum
3307 1999 3501 2038 rursus

1886 2074 2205 2136 'inchoant.
2240 2079 2470 2150 Semper
2510 2080 2656 2134 enim
2708 2093 2736 2131 a
2772 2078 2912 2141 l‘co,
2962 2086 3077 2131 tum
3113 2086 3170 2130 ut
3205 2078 3353 2141 sint,
3388 2087 3501 2130 tum

1923 2182 1982 2229 ut
2044 2173 2198 2228 vitali
2246 2180 2302 2228 et
2346 2170 2708 2226 intellectuali
2752 2170 2917 2229 modo
2966 2179 3314 2233 moveantur,
3357 2168 3501 2222 acci-

1915 2263 2112 2333 piunt;
2170 2276 2295 2317 cum
2344 2262 2398 2315 id
2454 2268 2651 2331 suapte
2704 2268 2904 2314 natura
2961 2259 3189 2314 minime
3236 2259 3494 2314 habeant.

1916 2355 2075 2411 Velut
2101 2356 2248 2410 enim
2272 2353 2498 2409 trochus
2537 2353 2807 2425 impulsus
2838 2361 3120 2417 movetur,
3155 2366 3220 2406 ac
3278 2350 3498 2405 tandem

1914 2448 2119 2504 desinit
2186 2464 2197 2498 :
2257 2447 2402 2518 quod
2473 2447 2519 2502 si
2557 2453 2824 2517 perpetuo
2853 2445 3193 2515 impellatur,
3236 2450 3499 2513 perpetuo

1914 2554 2132 2609 quoque
2168 2548 2445 2603 movetur,
2491 2539 2705 2594 etiamsi
2736 2553 2765 2591 a
2798 2552 2856 2592 se
2882 2546 3088 2590 motum
3112 2548 3223 2589 non
3256 2534 3449 2587 habeat
3483 2548 3495 2583 :

1920 2630 2001 2685 sic
2031 2629 2258 2699 perinde
2288 2628 2499 2699 angeli,
2532 2643 2656 2682 cum
2693 2642 2723 2680 a
2753 2625 2975 2696 seipsis,
3004 2633 3063 2679 ut
3108 2625 3219 2677 sint
3255 2637 3363 2676 non
3398 2618 3499 2675 ha-

1919 2719 2105 2786 beant,
2144 2718 2482 2774 tantumdem
2510 2724 2821 2782 moventur,
2842 2722 3120 2786 .quantum
3152 2714 3277 2769 illos
3306 2711 3500 2768 condi-

225 2810 313 2857 tor
351 2813 537 2861 movet
583 2810 775 2880 :quod
820 2813 865 2867 si
903 2813 995 2869 ille
1027 2830 1248 2872 movere
1286 2815 1550 2881 desierit,
1599 2816 1806 2872 moveri
1870 2816 2145 2872 desinent.
2212 2813 2402 2885 Itaque
2443 2814 2590 2884 quod
2643 2813 2858 2868 initium
2922 2811 3122 2875 habet,
3168 2810 3392 2864 omnino
3436 2817 3491 2863 et

220 2904 390 2959 ﬁnem
443 2902 608 2959 habet
650 2920 663 2956 :
724 2921 789 2962 ac
840 2907 1084 2963 vicissim
1132 2911 1278 2980 quod
1318 2912 1478 2967 ﬁnem
1533 2911 1720 2978 habet,

1804 2911 1855 2965 id
1901 2924 2122 2982 quoque
2176 2909 2340 2962 habet
2388 2908 2627 2962 initium.
2667 2905 2933 2977 Quodque
2986 2914 3184 2960 natura
3234 2902 3491 2975 principii

216 3006 422 3061 expers
445 3002 551 3061 est,
584 2995 733 3050 omni
756 3011 824 3051 ex
855 3004 1011 3068 parte
1028 3009 1113 3054 est
1141 3000 1403 3071 principii
1432 3016 1628 3072 expers
1658 3019 1673 3068 ;
1701 3004 1805 3057 hoc
1842 3009 1947 3065 est,
1981 3007 2036 3056 et
2059 3013 2260 3066 causae,
2291 3006 2345 3054 et
2375 2998 2658 3068 temporis,
2703 3004 2757 3052 et
2790 2997 2917 3060 loci,
2991 3005 3047 3051 et
3091 3000 3348 3067 potentia:
3406 3010 3500 3050 ra.

218 3083 396 3138 tione.

296 3172 404 3243 κβ’.
444 3170 527 3227 Τὰ
572 3173 666 3229 οὖν
700 3172 813 3242 δύο,
855 3174 890 3247 ἢ
937 3177 995 3230 ἐν
1027 3175 1276 3249 ἀλλήλοις
1306 3177 1607 3251 ἔσονται,ἦ
1660 3180 1808 3250 τόπῳ

1980 3173 2072 3228 22.
2115 3171 2387 3239 Quocirca
2411 3171 2433 3201 "
2460 3170 2569 3226 duo
2603 3150 2896 3241 principia,
2927 3170 3007 3225 vel
3053 3171 3282 3226 alterum
3309 3171 3363 3226 in
3417 3173 3499 3226 ai-

225 3260 755 3339 περιγραφήσονται,
798 3268 893 3323 καὶ
921 3269 1021 3323 οὐκ
1044 3271 1258 3343 ἀναρχά
1291 3272 1398 3324 είσι
1419 3290 1431 3302 ·
1466 3271 1585 3335 πῶς
1610 3273 1718 3344 γὰρ
1750 3274 1808 3326 ἐν

222 3354 480 3427 ἀλλήλοις
509 3357 569 3411 τὸ
601 3357 719 3428 φῶς
765 3359 951 3414 καὶτὸ
980 3361 1207 3429 σκότος;
1252 3361 1313 3416 τὸ
1359 3363 1467 3436 γάρ
1519 3367 1658 3433 φῶς,
1712 3363 1807 3418 τοῦ

227 3447 454 3512 σκότους
479 3450 843 3519 ἀναιρετικόν.
878 3452 943 3505 El
967 3452 1024 3506 δὲ
1052 3464 1072 3491 ³
1100 3453 1332 3525 μεθόριά
1352 3455 1460 3507 είσι
1482 3452 1576 3508 τοῦ
1609 3455 1803 3525 φωτὸς,

220 3536 318 3589 καὶ
345 3537 576 3608 μεθόρια
595 3539 693 3592 τοῦ
722 3540 970 3606 σκότους,
1000 3543 1125 3597 οὐδὲ
1153 3543 1212 3597 τὸ
1232 3545 1348 3615 φῶς
1368 3546 1802 3618 ἀπερίγραπτον,

219 3626 299 3691 ὡς
325 3628 401 3700 μὴ
424 3630 699 3701 πανταχοῦ
724 3631 808 3697 ὃν,
826 3632 946 3687 οὐδὲ
974 3634 1032 3689 τδ
1061 3636 1251 3699 σκότος
1272 3654 1285 3667 ·
1320 3636 1414 3693 καὶ
1434 3638 1494 3691 ού
1526 3637 1805 3702 παντελῶς

216 3718 456 3791 ἄναρχα,
491 3720 684 3793 ἔχοντα
718 3724 957 3795 τοπικὴν
990 3727 1185 3799 ἀρχὴν.
1234 3729 1540 3800 Ἀμήχανον
1564 3728 1693 3803 γὰρ,
1730 3729 1806 3800 μὴ

214 3808 376 3874 ’ὄντος
414 3811 565 3875 τινὸς
612 3811 1193 3885 διατειχίσματος-καὶ
1222 3818 1403 3889 τοίχου
1448 3820 1804 3892 ἀνεπίμικτον

221 3901 505 3965 παντελῶς
537 3897 677 3956 εἶναι
700 3902 761 3957 τδ
792 3904 908 3974 φῶς
936 3908 1029 3960 καὶ
1058 3907 1118 3961 τὸ
1146 3909 1359 3971 σκότος.
1387 3910 1450 3962 El
1480 3912 1589 3982 γὰρ
1622 3913 1680 3965 ἐν
1711 3931 1804 3966 νυ-

220 3991 311 4044 κτὶ
344 3991 535 4063 λύχνον
576 3994 891 4065 ἀνάψωμεν,
926 3998 955 4051 ό
998 3998 1097 4067 μὲν
1132 3999 1262 4069 περὶ
1293 3999 1386 4053 τὸν
1417 4000 1611 4072 λύχνον
1640 4003 1805 4068 τόπος

220 4082 612 4155 φωτεινότερος
640 4085 815 4154 ἔσται,
866 4087 1007 4142 κατά
1038 4089 1235 4159 μικρὸν
1260 4090 1317 4144 δὲ
1338 4091 1613 4163 διάστημα
1649 4093 1801 4148 ἔσται

222 4172 662 4246 σκοτεινότερον,
718 4177 918 4247 μέχρις
949 4176 1013 4231 ἂν
1037 4177 1256 4243 τελείως
1296 4180 1525 4254 ἐκλείπῃ
1557 4182 1621 4236 τὸ
1662 4182 1800 4251 φῶς,

216 4264 316 4317 καὶ
348 4265 586 4337 καθαρὸν
623 4267 815 4332 σκότος
842 4269 1085 4339 γένηται,
1115 4271 1294 4339 φωτὸς
1319 4271 1697 4343 ἀνεπίμικτον.
1729 4275 1804 4329 Ἦ

217 4355 329 4427 γὰρ
350 4355 409 4421 ἐξ
437 4357 615 4429 ἀρχῆς
642 4359 903 4430 ἐμίγνυτο
935 4360 1013 4432 τῷ
1044 4362 1185 4432 φωτὶ
1227 4363 1290 4416 τδ
1327 4363 1537 4431 σκότος,
1577 4365 1669 4418 καὶ
1700 4366 1801 4421 οὐκ

1914 3279 2030 3324 tero
2057 3271 2241 3329 erunt,
2269 3264 2357 3320 vel
2402 3264 2523 3319 loco
2577 3262 3129 3339 circumscribentur,
3195 3278 3295 3318 nec
3340 3278 3496 3319 care-

1909 3359 2046 3414 bunt
2087 3356 2376 3428 principio.
2410 3353 2512 3422 Qui
2541 3370 2707 3426 porro
2729 3357 2821 3410 lux
2851 3364 2903 3410 et
2928 3356 3169 3410 tenebrae
3191 3394 3206 3420 ,
3253 3355 3493 3410 alterum

1911 3454 1965 3505 in
1990 3451 2161 3505 altero
2214 3465 2336 3505 esse
2368 3448 2611 3519 queant?
2645 3447 2760 3502 Lux
2804 3448 2950 3502 enim
3005 3447 3259 3502 tenebras
3327 3448 3490 3502 tollit.

1910 3542 2066 3610 Quod
2097 3542 2144 3599 si
2175 3542 2311 3597 lines
2342 3556 2472 3596 suos
2502 3539 2616 3604 lux,
2644 3542 2780 3596 lines
2814 3542 2942 3597 item
2981 3556 3110 3595 suos
3130 3541 3370 3596 tenebrae
3396 3540 3492 3594 ha-

1910 3632 2057 3696 bent,
2082 3632 2196 3703 jam
2224 3647 2324 3688 nec
2357 3632 2450 3686 lux
2476 3630 3014 3701 circumscriptionis
3048 3647 3245 3701 expers
3276 3639 3396 3697 est,
3430 3643 3492 3687 ut

1907 3736 2028 3789 quae
2053 3720 2255 3789 ubique
2297 3733 2400 3773 non
2462 3719 2577 3774 sit:
2612 3734 2715 3773 nec
2749 3718 2915 3773 etiam
2962 3720 3220 3774 tenebrae.
3268 3718 3344 3773 Ita
3389 3734 3493 3774 nec

1908 3808 2057 3864 omni
2081 3823 2146 3863 ex
2195 3813 2349 3878 parte
2396 3806 2672 3877 principio
2717 3806 3009 3873 carebunt,
3041 3816 3100 3861 ut
3154 3822 3277 3877 quae
3316 3806 3493 3861 locale

1909 3899 2241 3972 principium
2280 3899 2539 3954 habeant.
2572 3896 2715 3955 Fieri
2754 3913 2889 3954 vero
2923 3914 3034 3955 non
3068 3905 3291 3969 potest,
3320 3908 3379 3953 ut
3400 3899 3495 3953 lux

1906 4002 1959 4049 et
1982 3994 2246 4058 tenebrae,
2280 3975 2383 4046 nisi
2416 3993 2489 4049 sit
2525 3993 2725 4064 aliquis
2792 3992 2958 4049 veluti
3008 4008 3199 4047 murus
3269 3993 3493 4063 interic-

1905 4096 2049 4153 ctus,
2099 4086 2370 4143 mistionis
2416 4099 2645 4157 prorsus
2693 4094 2945 4156 expertes
2990 4087 3119 4140 sint.
3171 4084 3385 4139 Etenim
3441 4087 3491 4139 si

1906 4184 2074 4231 noctu
2102 4176 2380 4232 lucernam
2408 4177 2797 4241 accendamus,
2823 4176 2979 4230 locus
3013 4175 3103 4229 ille
3127 4214 3141 4239 ,
3174 4175 3269 4244 qui
3317 4175 3490 4229 lucer-

1905 4283 1988 4322 nae
2038 4269 2384 4338 propinquus
2465 4277 2549 4324 est
2586 4309 2599 4334 ,
2663 4265 3001 4335 splendidior
3064 4267 3169 4321 erit
3217 4282 3230 4317 :
3289 4266 3488 4321 obscu-

1904 4360 2020 4414 rior
2055 4375 2205 4425 vero,
2239 4362 2331 4430 qui
2395 4361 2560 4430 paulo
2603 4357 2887 4422 remotior,
2922 4358 3103 4423 quoad
3141 4358 3235 4412 lux
3263 4359 3485 4413 omnino

217 4444 440 4498 ἐναντία
476 4446 756 4512 παντελῶς
792 4449 989 4513 ταῦτα,
1024 4451 1118 4505 καὶ
1149 4452 1523 4523 ἀκοινώνητα·
1556 4453 1589 4525 ἢ
1617 4454 1801 4529 ἕτερόν

1916 4448 2153 4516 ieﬁciat,
2182 4465 2245 4505 ac
2275 4464 2424 4520 purae
2443 4447 2608 4528 439
2632 4450 2697 4502 ab
2726 4447 2874 4502 omni
2931 4448 3051 4503 luce
3076 4448 3315 4503 tenebrae
3330 4448 3485 4502 ﬁant.

218 4552 269 4587 τι
296 4534 609 4607 μεσότοιχον
643 4533 713 4610 ἦν
750 4538 846 4593 ἀπ’
875 4540 1052 4612 ἀρχῆς
1090 4543 1153 4595 τὸ
1180 4543 1356 4598 ταῦτα
1404 4523 1636 4617 χωρίζον
1659 4563 1671 4576 ⁸
1707 4523 1803 4602 καὶ

1916 4539 2016 4595 Aut
2043 4541 2186 4596 enim
2210 4556 2242 4596 a
2273 4523 2545 4612 principio
2574 4539 2815 4594 tenebrae
2862 4539 2971 4593 luci
3014 4539 3487 4606 admisccbantnr,

217 4624 401 4680 οὐκέτι
429 4625 522 4681 δύο
545 4628 730 4701 ἀρχαὶ,
767 4629 905 4685 ἀλλὰ
942 4635 1109 4702 τρεῖς.
1153 4633 1226 4687 Τὸ
1258 4634 1419 4705 φύσει
1455 4637 1696 4706 πεφυκὸς
1738 4637 1799 4691 ού

222 4717 576 4787 μεθίσταται·
608 4722 670 4776 τὸ
698 4724 756 4778 δὲ
789 4725 1286 4798 μεταϐαλλόμενον,
1328 4729 1387 4781 ού
1418 4728 1598 4798 φύσει.
1620 4730 1683 4783 Εί
1706 4728 1799 4783 οὖν

1916 4725 2051 4779 [ιιιιηί
2092 4724 2293 4780 fmdere
2326 4732 2379 4780 et
2409 4722 2736 4778 commercio
2766 4722 2939 4776 aliena
2972 4738 3078 4778 non
3103 4732 3265 4779 erant
3314 4745 3328 4780 :

219 4809 381 4878 φύσει
410 4812 751 4886 ἀκοινώνητα
778 4815 840 4869 τὸ
871 4817 987 4888 φῶς
1015 4818 1110 4872 καὶ
1137 4818 1197 4873 τὸ
1225 4820 1448 4887 σκότος,
1501 4820 1619 4885 πῶς
1662 4822 1799 4875 ἐκοι-

218 4899 430 4970 νώνησε
483 4904 623 4974 μετά
670 4905 880 4973 ταῦτα;
919 4908 1044 4973 Πῶς
1080 4909 1140 4976 ἐξ
1166 4908 1376 4979 ἀγαθοῦ
1410 4910 1504 4965 καὶ
1533 4911 1793 4982 πονηροῦ,

217 4985 275 5039 ἓν
311 4988 451 5053 ζῶον
477 4992 845 5066 ἀπετελέσθη,
868 4997 897 5049 ό
928 4995 1213 5068 ἄνθρωπος
1235 5016 1249 5064 ;
1274 4999 1336 5053 Εί
1369 4999 1479 5070 γὶάρ
1510 4999 1797 5053 συνεϐιϐά-

219 5077 449 5149 σθησαν,
472 5083 844 5156 ἐκοινώνησαν
873 5086 1147 5158 ἀλλήλοις.
1176 5089 1236 5141 '0
1272 5089 1382 5160 γὰρ
1418 5088 1797 5160 συμϐιϐασμὸς

212 5172 475 5226 κοινωνία
506 5174 731 5248 γνώμης
774 5176 920 5231 ἐστί’
955 5178 1051 5233 καὶ
1088 5178 1211 5233 οὔτε
1235 5182 1263 5235 ό
1283 5180 1487 5248 ἀγαθὸς
1515 5179 1789 5250 καθαρῶς,

1907 4635 2097 4705 sicque
2168 4634 2283 4690 haec
2320 4649 2552 4705 prorsus
2598 4634 2740 4687 inter
2789 4646 2848 4688 se
2907 4633 3226 4698 contraria,
3280 4643 3335 4690 et
3416 4636 3486 4690 ah

3392 4737 3489 4781 aut

1906 4816 2049 4871 aliud
2078 4815 2337 4886 quiddam
2376 4816 2722 4885 interiectum
2748 4814 2818 4868 ab
2862 4813 3020 4869 initio
3070 4824 3221 4882 erat,
3248 4818 3396 4888 quod
3423 4835 3487 4874 ea

1906 4918 2217 4964 secerneret
2276 4926 2288 4962 :
2360 4915 2524 4976 atque
2586 4907 2658 4961 ita
2712 4920 2823 4960 non
2865 4906 2976 4962 duo
3038 4908 3343 4978 duntaxat,
3388 4911 3486 4965 sed

1908 5002 2010 5055 tria
2068 4999 2337 5070 principia
2369 5006 2555 5055 erunt.
2584 4996 2705 5052 1am
2743 5015 2875 5055 vero
2914 5000 3061 5070 quod
3092 5010 3293 5055 natura
3328 5016 3483 5056 com-

1907 5102 2156 5160 paratum
2190 5101 2293 5156 est,
2321 5091 2524 5145 mutari
2563 5091 2751 5160 nequit
2786 5107 2800 5143 :
2836 5093 2982 5162 quod
3013 5100 3193 5145 autem
3215 5099 3480 5153 mutatur,

1903 5190 2099 5236 natura
2136 5196 2243 5237 non
2275 5190 2380 5239 est.
2413 5181 2680 5249 Quocirca
2715 5199 2762 5239 SI
2794 5183 2900 5239 hoc
2920 5192 3117 5238 natura
3152 5183 3396 5247 ferebat,
3420 5191 3481 5237 ut

256 5348 287 5382 ‘
315 5349 562 5408 Damasc.
592 5353 687 5409 lib.
722 5370 759 5419 ι,
785 5369 905 5424 cap.
938 5358 1010 5423 8.;
1067 5360 1164 5414 lib.
1200 5376 1260 5418 ιι.
1305 5378 1427 5432 cap.
1462 5363 1496 5417 3
1558 5369 1612 5415 et
1641 5360 1673 5414 6
1705 5381 1717 5414 :
1796 5363 1808 5393 ⁷

1916 5402 1927 5415 .
1957 5363 2050 5416 lib.
2093 5378 2166 5427 Iv,
2194 5380 2314 5433 cap.
2342 5364 2396 5419 4.

1494 5516 1729 5571 ἾΑΒΙΔΕ
1761 5519 2166 5579 LECTIONES.

286 5628 319 5706 (ι
351 5621 597 5706 mebcl‘.
628 5622 756 5706 legit
784 5624 1115 5706 ἀεικίνητον,
1153 5641 1211 5706 ιιι
1239 5634 1406 5706 infra,
1435 5640 1525 5692 uhi
1556 5640 1623 5693 dc
1655 5649 1801 5693 motu
1829 5642 2027 5706 lroehi,
2062 5639 2534 5696 consentientibus
2579 5652 2708 5692 mss.
2745 5648 2799 5694 et
2845 5637 3161 5695 Leuuclavii
3205 5642 3470 5699 editione.

1390 5679 1406 5701 ἱ

215 5698 245 5725 τ
269 5689 436 5747 Basil.
467 5692 526 5745 τὸ
549 5689 823 5762 ἁκίνήτον.
905 5707 924 5735 ³

1011 5701 1139 5755 asil.
1164 5703 1212 5755 εἰ
1235 5704 1348 5772 οὖν,
1387 5708 1516 5778 Reg.
1546 5711 1593 5761 εί
1629 5710 1707 5776 ού,
1748 5720 1805 5764 ιιι
1845 5701 2107 5765 librarius
2143 5711 2390 5768 omiserit
2426 5709 2659 5763 litteram
2689 5725 2736 5763 ν.
