3980 6140
1655 228 1715 332 εί
1756 272 2072 335 JOANNIS
2099 276 2527 338 DAMASCENI
3639 277 3782 345 1523

500 379 643 428 iuzer
672 375 852 432 lucem
894 384 950 433 et
989 374 1247 434 tenebras
1277 379 1416 434 nihil
1459 395 1751 438 commune
1773 385 1954 450 esset‘;
1981 387 2072 455 qui

2209 385 2299 438 ῠτε
2331 388 2550 450 τελείως
2595 387 2809 458 ἔμεινεν
2859 388 3084 457 ἀγαθὸς,
3116 388 3239 442 οὔτε
3292 390 3322 440 ὁ
3349 389 3623 460 πονηρὸς,
3657 390 3780 444 ἀλλ’

501 472 692 531 postea
722 465 928 522 factum
962 477 1047 524 est
1073 477 1134 523 ut
1167 472 1557 526 commercium
1589 473 1727 528 inter
1771 490 1830 531 se
1871 475 2078 531 habue-

2204 480 2483 549 ιμφότεροι
2517 481 2857 551 ἐτράπησαν.
2891 482 2962 534 Τὸ
2988 482 3045 535 δέ
3081 482 3441 552 τρεπόμενον,
3482 481 3592 534 οὐκ
3612 481 3781 550 ἄναρ-

501 557 648 610 rint?
676 557 924 622 Quonam
952 561 1112 615 modo
1134 576 1199 616 ex
1226 563 1373 618 bono
1399 573 1453 618 et
1481 565 1629 618 malo
1658 565 1859 620 animal
1885 583 2073 632 unum,

2204 588 2297 639 ιον,
2335 571 2453 624 οὐδὲ
2491 571 2641 635 Θεός.
2679 573 2698 608 ⁸
2747 573 2803 625 '0
2841 573 2949 643 γὰρ
2999 572 3134 636 Θεὸς
3164 573 3343 626 πάντα
3385 570 3669 642 προειδὼς
3715 571 3780 623 τὰ

502 647 662 702 homo
693 665 918 720 nempe,
964 650 1215 707 effectum
1242 652 1382 708 fuit?
1413 655 1549 708 Nam
1575 656 1618 709 si
1665 664 2074 722 convenerunt“,

2204 661 2270 730 ch’
2301 663 2453 732 ἡμῖν,
2495 663 2672 717 πάντα
2701 663 2772 716 τὰ
2801 664 2900 716 οὐκ
2927 665 3010 733 ἐφ’
3045 666 3176 735 ἡμῖν
3196 663 3390 736 ὁρίζει.

502 750 632 789 sane
665 739 1054 793 commercium
1117 742 1259 796 inter
1299 757 1358 798 se
1410 743 1738 798 habuerunt.
1795 744 2115 802 Concursus
2191 761 2381 805 mutuo
2426 752 2570 805 enim
2615 755 2900 808 sententia:
2941 756 3366 810 communicatio
3407 763 3514 810 est.
3564 751 3772 820 Sicque

503 837 600 877 nec
635 823 812 880 bonus
867 841 1001 895 pure
1055 842 1118 884 ac
1162 829 1320 896 plene
1369 830 1548 884 bonus
1581 833 1916 900 permansit,
1977 850 2077 888 nec
2117 837 2314 903 malus,
2350 842 2526 896 malus
2558 861 2569 895 :
2603 841 2696 896 sed
2721 851 2948 913 uterque
2973 852 3213 898 mutatus
3233 853 3336 900 est.
3394 842 3564 910 Quod
3611 857 3778 912 porro

503 919 764 977 mutatur,
786 914 836 967 id
865 930 967 970 nec
1004 917 1258 987 principii
1297 926 1382 974 est
1404 935 1600 990 expers
1625 962 1640 987 ,
1669 936 1770 975 nec
1813 921 1976 978 Deus.
2053 923 2196 982 Dens
2224 929 2392 994 enim,
2424 945 2547 984 cum
2578 932 2874 1001 pratvideat
2907 935 3091 989 omnia
3127 950 3234 1004 qua
3273 935 3328 988 in
3386 943 3585 990 nostra
3619 939 3777 1002 ροιθο

503 1011 647 1060 state
680 1011 830 1069 sunt,
864 1007 1132 1077 quidquid
1159 1010 1212 1062 in
1240 1025 1305 1064 ea
1348 1013 1586 1080 positum
1623 1028 1731 1066 non
1769 1021 1888 1079 εει,
1935 1014 1990 1069 id
2022 1014 2240 1070 demum
2277 1019 2527 1085 praeﬂuit.

572 1097 651 1153 Ai:
697 1115 892 1156 rursus
931 1120 944 1154 :
1004 1100 1056 1155 Id
1101 1105 1245 1172 quod
1291 1113 1412 1170 est,
1467 1109 1589 1162 eine
1636 1109 1781 1177 quod
1829 1116 1948 1172 est,
2013 1124 2082 1164 an

505 1191 552 1244 ei
583 1192 731 1262 quod
769 1207 877 1246 non
909 1202 1028 1257 est,
1078 1197 1440 1252 adversatur?
1467 1198 1632 1255 MAN.
1669 1199 1728 1255 Ei
1775 1201 1926 1271 quod
1971 1217 2081 1255 non

505 1289 610 1336 εει.
644 1279 852 1336 ORTII.
902 1283 1044 1354 Ergo
1093 1302 1123 1340 e
1167 1286 1383 1344 duobus
1446 1290 1763 1361 principiis,
1817 1307 1938 1360 qua:
1995 1303 2085 1346 tua

507 1376 722 1450 ratione
757 1383 918 1446 atque
944 1380 1211 1432 sententia
1231 1395 1459 1448 prorsus
1509 1382 1654 1436 inter
1713 1399 1770 1438 se
1813 1385 2087 1438 contraria

508 1476 662 1526 sunt.
697 1470 930 1522 alterum
963 1471 1089 1534 erit,
1120 1471 1353 1525 alterum
1388 1488 1497 1526 non
1533 1476 1658 1530 erit.

577 1557 666 1612 25.
706 1559 974 1630 Insuper:
1004 1559 1059 1615 Id
1090 1563 1237 1632 quod
1271 1572 1356 1618 est
1377 1605 1390 1627 ,
1429 1566 1553 1620 eine
1583 1568 1724 1634 quod
1757 1576 1840 1621 est
1896 1567 2085 1620 advcr-
2118 1585 2166 1646 Β

510 1651 703 1704 satur?
728 1651 893 1705 MAN.
927 1651 1127 1706 Malum
1155 1670 1300 1722 esse,
1325 1665 1379 1710 et
1409 1656 1610 1710 bonum
1645 1673 1795 1722 esse,
1832 1658 1945 1712 haec
1982 1659 2088 1713 sibi

512 1744 898 1798 adversantur.
933 1743 1146 1800 ORTH.
1183 1745 1354 1817 Igitur
1389 1749 1480 1802 uni
1517 1757 1572 1802 et
1598 1748 1773 1804 eidem
1809 1752 2086 1806 contraria

513 1835 677 1888 simul
707 1835 919 1901 insunt,
961 1850 1026 1890 ac
1061 1837 1224 1891 simul
1256 1839 1552 1893 essentiam
1585 1841 1807 1896 habent.
1847 1841 2087 1907 Quomo-

419 1965 425 1969 -
515 1928 775 1998 doigitnr
799 1915 1079 1983 contraria
1125 1941 1271 1984 sunt.
1309 1929 1472 1984 MAN.
1510 1931 1628 1987 Non
1679 1948 1777 1987 ens
1803 1948 1868 1988 ne
1914 1936 2090 1988 nomi-

517 2019 638 2072 nari
661 2018 882 2088 quidem
911 2029 1111 2089 potest.
1150 2020 1313 2075 Prius
1348 2023 1493 2076 enim
1529 2025 1732 2109 aliquid
1757 2041 1880 2080 esse
1921 2042 2088 2095 opor-
2117 2061 2126 2068 -

517 2118 616 2173 tet,
655 2123 722 2164 ac
777 2110 974 2164 deinde
1032 2113 1326 2166 nominari.
1378 2112 1852 2187 Quommhilaque
1888 2125 2085 2187 pacto,

519 2201 570 2252 id
599 2199 740 2268 quod
769 2195 878 2254 n‘bn
921 2208 1026 2264 est,
1057 2215 1183 2255 cum
1213 2217 1278 2256 eo
1311 2203 1455 2272 quod
1503 2213 1621 2268 est,
1657 2210 1900 2277 pugnat?
1952 2207 2089 2263 Nam

519 2292 807 2358 quaeinter
840 2308 899 2348 se
926 2302 1190 2363 pugnant,
1225 2295 1457 2363 primum
1482 2306 1539 2350 ut
1571 2299 1680 2353 sint
1705 2315 1928 2356 necesse
1985 2311 2087 2368 est,

521 2396 582 2436 ac
614 2380 810 2438 deinde
838 2390 897 2436 ut
928 2392 1188 2454 pugnent,
1221 2392 1444 2454 tumque
1475 2389 1770 2455 pugnantia
1807 2390 2092 2444 nominen-

521 2488 629 2528 ltll‘.
663 2473 817 2540 Quod
843 2483 1023 2529 autem
1055 2475 1346 2544 nequidem
1373 2485 1475 2538 est,
1501 2494 1598 2531 cur
1623 2479 1786 2532 etiam
1819 2481 2089 2533 nominari

520 2564 722 2631 queat?
749 2562 960 2618 ORTII.
995 2564 1133 2618 Cum
1167 2579 1275 2618 non
1311 2581 1410 2619 ens
1443 2565 1651 2631 dixisti,
1687 2569 2089 2632 nominasﬁne,

523 2655 750 2710 annon?
778 2653 940 2708 MAN.
979 2654 1292 2722 Nominavi,
1335 2657 1426 2710 sed
1458 2672 1552 2725 per
1576 2660 1939 2727 negationem,
1982 2676 2090 2714 non

525 2761 618 2816 per
678 2746 1119 2800 aiiirmationem.
1199 2745 1740 2801 ORTH.Aﬂirmatio
1778 2749 2093 2805 habitumne

522 2838 807 2909 signiﬁcat,
844 2847 1007 2906 atque
1037 2837 1252 2906 negatio
1287 2838 1682 2906 privationem?
1711 2838 1875 2892 MAN.
1911 2839 2089 2895 Certe.

2263 1115 2372 1166 Καὶ
2422 1116 2615 1169 πάλινο
2665 1118 2737 1170 Τὸ
2785 1113 2922 1170 εἴναι
2970 1117 3065 1170 τοῦ
3108 1115 3248 1172 εἶναι
3300 1118 3575 1182 ἐναντίον,
3634 1119 3670 1188 ἦ
3721 1115 3776 1170 τὸ

2193 1197 2332 1256 εἶναι
2357 1203 2433 1272 τῷ
2459 1206 2533 1275 μὴ
2561 1201 2728 1271 alt/at;
2755 1199 2925 1258 MAN.
2952 1207 3024 1258 Τὸ
3048 1203 3207 1274 εἶναι,
3232 1208 3308 1278 τῷ
3324 1207 3397 1278 μὴ
3419 1202 3587 1260 εἶναι.
3625 1208 3774 1260 ΟΡΘ.

2195 1295 2402 1348 Οὐκοῦν
2421 1295 2528 1348 τῶν
2560 1298 2703 1350 κατὰ
2730 1298 2788 1351 σέ
2818 1298 2911 1350 δύο
2944 1299 3225 1361 παντελῶς
3270 1298 3538 1352 ἐναντίων
3570 1297 3777 1367 ἀρχῶν,

2192 1386 2225 1454 ἡ
2256 1384 2351 1454 μία
2385 1384 2559 1448 ἔσται,
2591 1388 2623 1457 ἡ
2654 1387 2710 1439 δὲ
2737 1387 2967 1452 δευτέρα
2996 1389 3095 1440 οὐκ
3124 1387 3294 1441 ἔσται.

2263 1567 2370 1630 κγ’.
2395 1563 2504 1614 Καὶ
2537 1561 2718 1616 πάλιν·
2753 1565 2813 1616 τὸ
2837 1560 2974 1616 εἶναι
3006 1563 3084 1634 τῷ
3117 1560 3256 1616 εἶναι
3281 1567 3568 1632 ἐναντίον;
3604 1568 3778 1622 MAN.

2191 1652 2265 1706 Τδ
2303 1649 2442 1706 εἶναι
2493 1654 2681 1718 κακὸν,
2729 1654 2807 1725 τῷ
2854 1650 2993 1709 εἶναι
3045 1656 3267 1722 ἀγαθὸν,
3315 1659 3589 1712 ἐναντίον.
3627 1658 3779 1712 ΟΡθ.

2191 1742 2399 1798 Οὐκοῦν
2430 1744 2511 1796 ἐνὶ
2547 1746 2641 1798 καὶ
2673 1746 2752 1814 τῷ
2803 1746 2952 1818 αὐτῷ
3003 1749 3404 1817 συνυπάρχουσι
3434 1752 3533 1802 καὶ
3593 1768 3784 1803 συνου-

2191 1832 2410 1886 σίωνται
2431 1835 2497 1888 τὰ
2518 1834 2754 1890 ἐναντία.
2776 1837 2884 1890 Kal
2908 1837 3022 1900 πῶς
3053 1838 3271 1892 ἐναντία
3298 1850 3325 1877 ιι
3346 1856 3360 1903 ;
3385 1840 3573 1895 MAN.
3605 1842 3681 1894 Τὸ
3711 1842 3783 1911 μὴ

2190 1925 2249 1977 ὃν
2279 1926 2757 1996 ἀκατωνόμαστον.
2801 1929 2892 1979 Δεῖ
2921 1928 3030 1998 γὰρ
3058 1925 3218 1994 εἶναι,
3252 1931 3345 1983 καὶ
3371 1930 3555 1994 οὕτως
3582 1933 3784 2002 ὀνομά-

2193 2018 2401 2080 ζεσθαι.
2437 2018 2560 2080 Πῶς
2589 2014 2682 2070 οὖν
2712 2018 2769 2070 τὸ
2800 2019 2872 2089 μὴ
2901 2019 2959 2070 ὃν
2995 2020 3232 2074 ἐναντίον
3257 2020 3333 2091 τῷ
3366 2023 3518 2087 ὅντι;
3558 2024 3645 2076 Τὰ
3676 2024 3784 2093 γὰρ

2191 2107 2412 2160 ἐναντία
2441 2107 2713 2178 ἀλλήλοις,
2736 2108 2818 2160 δεῖ
2849 2109 3065 2178 πρῶτον
3094 2106 3252 2176 εἶναι,
3276 2112 3371 2165 καὶ
3398 2113 3522 2165 τότε
3557 2115 3784 2167 ἐναντία

2193 2193 2353 2262 εἶναι,
2400 2199 2493 2252 καὶ
2545 2200 2664 2252 τότε
2689 2200 3054 2269 ὀνομάζεσθαι
3087 2203 3334 2255 ἐναντία·
3368 2205 3509 2274 ὅπερ
3539 2205 3660 2274 γὰρ
3689 2208 3784 2258 οὐκ

2193 2285 2332 2357 ἔστι,
2357 2291 2411 2343 τί
2439 2291 2534 2343 κα)⁸
2563 2291 2921 2362 ὀνομάζεται;
2957 2293 3193 2345 ΟΡΘΟΔ.
3231 2294 3393 2365 Mth
3424 2295 3629 2358 εἰπὼν,
3650 2295 3782 2348 time.

2198 2401 2396 2452 μασας,
2442 2384 2475 2454 ἢ
2520 2382 2580 2436 οὗ
2606 2403 2619 2452 ;
2648 2386 2819 2438 MAN.
2863 2386 3130 2456 Ὠνὸμασα
3165 2389 3305 2440 κατὰ
3360 2390 3673 2456 ἀπόφασιν,
3727 2393 3784 2442 οὗ

2195 2475 2336 2528 κατᾶ
2357 2475 2685 2544 κατάφασιν.
2722 2477 2872 2530 ΟΡΘ.
2915 2477 2977 2530 Ἦ
3008 2478 3314 2547 κατάφασις
3338 2479 3455 2545 ἕξιν
3482 2481 3668 2551 δηλοῖ,
3696 2487 3784 2535 καὶ

2194 2569 2472 2636 ἀπόφασις
2503 2569 2791 2640 στέρησινς
2822 2571 2992 2624 MAN.
3023 2571 3151 2626 Ναί.
3176 2572 3325 2624 ΟΡΘ.
3356 2572 3432 2624 Τὸ
3460 2577 3642 2627 κακὸν
3665 2576 3783 2627 καθ’

2193 2659 2308 2724 ἕξιν
2338 2659 2580 2725 λέγεται,
2633 2659 2667 2729 ἢ
2718 2661 2857 2713 κατὰ
2897 2661 3190 2732 στέρησιν;
3246 2663 3418 2716 MAN.
3472 2665 3784 2728 Καθ’ἒξιν.

2195 2751 2345 2802 ΟΡΘ.
2378 2750 2452 2803 Τὸ
2487 2750 2648 2803 καλὸν
2676 2751 2800 2804 καθ’
2823 2752 2934 2816 ἕξιν
2970 2753 3210 2821 λέγεται,
3236 2755 3268 2826 ἢ
3299 2756 3444 2808 κατὰ
3479 2758 3788 2826 στέρηςιν;

2195 2842 2366 2895 MAN.
2404 2842 2543 2894 Καθ’
2563 2841 2698 2906 ἓξιν.
2731 2843 2880 2896 ΟΡΘ.
2917 2845 3122 2897 οὐκοῦν
3149 2846 3208 2898 οὐ
3247 2847 3422 2916 πάντη
3448 2848 3698 2900 ἐναντίον
3729 2848 3790 2901 τὸ

527 2929 735 2984 ORTH.
761 2929 960 2984 Malum
995 2929 1284 2986 habitusne
1317 2932 1525 2984 ratione
1578 2931 1809 2997 dicitur,
1859 2949 1924 2986 an
1986 2934 2097 3002 pri-

2204 2933 2370 2987 κακδν
2435 2933 2511 3002 τῷ
2575 2933 2784 3003 ἀγαθῷ,
2838 2935 2992 3001 "EtEt;
3040 2936 3147 3005 γὰρ
3200 2934 3310 3000 ἕξει
3360 2938 3461 2989 οὐκ
3512 2939 3786 2992 ἐναντίον.

525 3024 806 3078 valionis?
853 3021 1016 3077 MAN.
1099 3021 1328 3078 Habitus
1409 3023 1636 3077 ratione.
1711 3021 1922 3078 OR'I‘i'I.
1990 3025 2093 3078 Bo-

522 3130 650 3168 num
683 3114 810 3168 item
844 3112 1171 3176 liabitnsne,
1221 3129 1286 3166 an
1333 3114 1651 3181 privationis
1695 3114 1905 3170 ratione
1955 3117 2092 3171 diei-

523 3205 648 3258 tur?
678 3205 842 3258 ΜΛΝ.
891 3204 1120 3259 IIabitus
1175 3205 1408 3259 ratione.
1448 3204 1658 3259 ORTII.
1707 3205 1849 3276 Ergo
1890 3208 2091 3262 malum

522 3299 667 3350 bono
692 3311 800 3350 non
837 3311 1063 3365 prorsus
1099 3297 1443 3352 adversatur.
1475 3297 1673 3366 iNeque
1699 3299 1843 3352 enim
1884 3299 2100 3357 habitus

524 3386 730 3441 liabitui
755 3387 1068 3442 contrarius
1089 3397 1173 3442 est
1193 3384 1395 3440 ?MAN.
1417 3387 1579 3453 Quid.
1619 3393 1812 3442 Annon
1878 3391 2100 3447 morbus

523 3495 648 3532 cum
667 3479 902 3534 sanitate
920 3478 1167 3549 pugnat?
1195 3477 1402 3533 ORTII.
1429 3479 1506 3532 Ita
1533 3479 1748 3550 quidem
1771 3499 1785 3548 ;
1806 3482 1898 3537 sed
1920 3490 1977 3536 ut
1994 3484 2101 3552 pri-

523 3573 669 3627 vutio
711 3589 837 3625 cum
892 3572 1119 3635 habitu,
1175 3580 1229 3626 et
1264 3571 1513 3627 defectus
1558 3588 1681 3627 cum
1759 3573 2098 3644 integritate.

2202 3025 2372 3079 MAN.
2400 3024 2511 3078 Kal.
2565 3024 2664 3076 οὐκ
2718 3023 2833 3077 ἔστι
2883 3025 3036 3088 νόσος
3087 3026 3272 3094 ὑγείας
3303 3028 3587 3092 ἐναντίον;
3627 3030 3786 3084 ΟΡΘ.

2201 3116 2338 3169 Ναί·
2373 3114 2486 3167 ἀλλ’
2519 3114 2592 3176 ὡς
2618 3112 2728 3177 ἕξει
2767 3115 3042 3184 στέρησις,
3073 3119 3162 3169 καὶ
3189 3117 3428 3186 ἔλλειψις
3460 3117 3785 3189 ὁλοκληρέᾳ..

2200 3207 2367 3261 MAN.
2387 3207 2496 3260 Kal.
2521 3206 2573 3258 τί
2599 3206 2736 3276 φῄς,
2765 3207 2916 3260 ΟΡΘ.
2939 3207 3092 3261 Οὕτω
3125 3211 3217 3262 καὶ
3245 3209 3306 3262 τὸ
3329 3211 3500 3263 κακὸν
3523 3211 3788 3281 στέρησις

2202 3299 2400 3370 μᾶλλον
2438 3297 2611 3363 ἔσται,
2630 3300 2724 3350 καὶ
2753 3298 2923 3361 οὕτως
2954 3300 3193 3353 ἐναντίον
3225 3301 3304 3371 τῷ
3318 3302 3530 3372 ἀγαθῷ,
3563 3305 3641 3364 ὡς
3667 3303 3788 3366 ἕξις

2201 3393 2455 3462 στερήσει
2471 3406 2486 3420 ·
2507 3388 2700 3460 τὸγὰρ
2721 3389 2892 3444 κακὸν
2917 3391 3067 3444 οὐδὲν
3085 3392 3270 3464 ἕτερόν
3301 3395 3470 3457 ἐστιν,
3500 3396 3548 3448 εἰ
3585 3397 3660 3464 μὴ
3683 3393 3787 3446 τοῦ

2199 3481 2408 3550 ἀγαθοῦ
2440 3481 2698 3551 στέρησις
2722 3496 2734 3508 '
2759 3481 2855 3534 καὶ
2885 3482 3140 3546 παντελὲς
3164 3483 3356 3548 κακὸν,
3385 3485 3660 3552 παντελὴς
3683 3484 3787 3537 τοῦ

2200 3573 2409 3643 ἀγαθοῦ
2439 3573 2714 3643 στέρησις.
2742 3573 2832 3626 Διὸ
2859 3572 2920 3624 τδ
2943 3573 3108 3626 κακόν
3131 3592 3334 3644 φαμεν,
3365 3577 3438 3646 μὴ
3462 3575 3522 3628 ὃν
3554 3575 3788 3645 μᾶλλον,

525 3663 689 3718 MAN.
725 3666 792 3719 Et
822 3665 951 3736 quid
983 3665 1109 3720 ais?
1140 3661 1354 3718 ORTII.
1387 3664 1509 3720 Pari
1549 3665 1709 3719 modo
1730 3665 1907 3736 ipsum
1938 3667 2099 3720 etiam

2204 3665 2276 3728 ὡς
2307 3664 2560 3735 στέρησιν
2589 3663 2687 3732 τῆς
2719 3661 2953 3731 φυσικῆς
2979 3663 3166 3729 ἕξεως,
3202 3665 3361 3733 εἴπερ
3389 3665 3446 3716 ὃν
3479 3673 3526 3719 ν.

525 3759 728 3810 malum
772 3758 1007 3827 privatio
1037 3758 1223 3826 potius
1269 3759 1376 3813 erit
1404 3799 1418 3823 ,
1467 3757 1657 3828 sicque
1689 3759 1836 3813 bono
1881 3757 2246 3822 contrarium,
2277 3756 2443 3810 veluti
2505 3754 2798 3826 privationi
2838 3753 3080 3808 habitus.
3143 3753 3340 3808 Malum
3411 3755 3558 3808 enim
3623 3753 3786 3807 aliud

525 3851 662 3903 nihil
695 3859 800 3939 est,
824 3867 987 3920 quam
1024 3853 1148 3907 boni
1179 3854 1442 3922 privatio,
1469 3861 1524 3908 et
1563 3853 1939 3908 omnimodum
1977 3852 2206 3917 malum,
2279 3848 2582 3905 omnimodi
2647 3849 2776 3904 boni
2815 3849 3072 3919 privatio.
3138 3849 3215 3903 Ac
3261 3848 3480 3918 proinde
3537 3850 3793 3908 malum,

526 3959 634 3998 non
661 3958 758 3997 ens
789 3943 970 4012 potius
990 3983 1004 4008 ,
1035 3945 1202 3998 veluti
1235 3945 1504 3999 naturalis
1546 3945 1763 4000 habitus
1807 3945 2190 4014 privationem,
2247 3957 2411 4012 quam
2442 3957 2542 3996 ens
2571 3939 2828 3995 dicimus.

595 4029 685 4093 9.4.
737 4038 1010 4105 Quidnam
1062 4038 1230 4107 igitur
1293 4054 1413 4093 esse
1459 4040 1744 4092 materiam
1807 4039 1980 4103 dicis;
2024 4037 2102 4091 vi-

529 4145 710 4187 tatnne
749 4145 817 4184 an
859 4129 1268 4200 corruptionem
1301 4145 1364 4185 ac
1388 4130 1657 4184 mortem?
1686 4129 1823 4182 Num
1857 4139 2062 4184 motum
2084 4167 2099 4194 ,

2275 4037 2372 4090 κδ’.
2400 4037 2464 4089 Τί
2501 4031 2592 4089 οὖν
2622 4037 2728 4108 φῄς
2744 4034 2843 4104 τὴν
2866 4033 3030 4104 ὓλην;
3061 4034 3204 4104 ζωὴν
3223 4075 3236 4098 ,
3271 4031 3524 4103 ῆφθορὰν
3558 4037 3660 4089 καὶ
3686 4037 3787 4090 ea.

2203 4143 2359 4179 νατον
2385 4143 2399 4191 ;
2437 4125 2666 4194 Κίνησιν
2695 4123 2789 4175 καὶ
2819 4123 3170 4191 κινουμένην,
3198 4123 3229 4192 ἢ
3265 4123 3556 4191 ἀκινησίαν
3595 4127 3687 4179 καὶ
3711 4147 3797 4181 κι-

527 4234 579 4278 (ι
619 4224 674 4276 in
715 4231 867 4277 motu
915 4221 1196 4292 positam?
1237 4235 1306 4274 an
1359 4220 1508 4275 omni
1563 4220 1880 4275 destitutam
1924 4230 2096 4282 motu,

2204 4217 2362 4286 νητὸν
2388 4225 2411 4252 ι
2436 4233 2452 4280 ;
2485 4215 2621 4285 φῶς,
2648 4214 2681 4285 ἢ
2716 4214 2907 4276 σκότος
2931 4230 2945 4278 ;
2977 4214 3146 4267 MAN.
3175 4213 3384 4284 Φθοράν
3405 4216 3502 4267 καὶ
3531 4217 3784 4280 θάνατον,

525 4313 691 4386 440
741 4321 909 4383 atque
964 4313 1350 4367 immobilem?
1408 4313 1622 4377 lucem,
1673 4326 1741 4366 an
1805 4311 2102 4368 tenebras?

531 4405 1138 4474 MAN.Corruptionem
1187 4413 1238 4460 et
1279 4412 1531 4469 mortem,
1574 4411 1757 4458 motus
1801 4403 2098 4458 absentiam

529 4509 693 4566 atque
729 4495 1090 4562 immobilem,
1135 4495 1409 4561 tenebras,
1440 4495 1764 4548 nonluccm.
1797 4491 2006 4546 OR'I‘II.
2045 4490 2098 4546 Si
2125 4549 2162 4586 .

530 4590 694 4654 igitur
717 4583 1122 4655 corruptio_est,
1138 4599 1375 4656 quonam
1395 4592 1554 4653 pacto
1571 4581 1788 4650 fructus
1803 4580 2058 4650 produxit
2082 4598 2098 4647 ;

529 4694 768 4738 quonam
823 4685 983 4746 pacto
1028 4677 1199 4730 vixit?
1247 4674 1528 4744 corruptio
1576 4674 1719 4726 enim
1769 4687 1878 4725 non
1930 4672 2097 4732 vivit,
2151 4741 2153 4743 ι

531 4785 633 4822 nec
689 4769 858 4821 vitam
921 4768 1104 4832 habet,
1152 4776 1244 4821 aut
1276 4767 1540 4836 impertit.
1589 4762 1723 4818 Nam
1783 4763 1926 4832 quod
1977 4764 2100 4831 quis

533 4876 641 4912 ιιιιιι
675 4859 837 4914 habet
905 4861 996 4929 qui
1027 4859 1241 4914 tandem
1293 4859 1398 4914 hoc
1423 4857 1546 4912 aliis
1577 4856 1708 4910 dare
1739 4855 1952 4926 possit?
1993 4871 2102 4924 quo

2206 4307 2495 4376 ἀκινησίαν
2523 4306 2618 4359 καὶ
2636 4305 2910 4374 ἀκίνητον,
2931 4304 3139 4368 σκότος,
3166 4305 3261 4357 καὶ
3276 4305 3337 4356 οὐ
3370 4305 3506 4373 φῶς.
3541 4309 3698 4361 ΟΡΘ.
3723 4311 3784 4363 Ei

2206 4401 2298 4454 οὖν
2343 4398 2538 4469 φθορὰ,
2568 4398 2686 4458 πῶς
2715 4397 2959 4466 καρποὺς
3007 4396 3356 4464 προσήγαγε;
3408 4396 3529 4458 πῶς
3552 4397 3784 4466 ἕζησεν;

2205 4494 2238 4560 ή
2272 4490 2380 4558 γὰρ
2418 4488 2591 4558 φθορὰ
2611 4489 2671 4540 οὐ
2697 4486 2784 4556 ζῇ,
2815 4485 2937 4538 οὐδὲ
2965 4483 3108 4554 ζωὴν
3135 4485 3268 4554 ἔχει,
3299 4485 3419 4537 οὐδὲ
3446 4486 3598 4555 ζωῆς
3622 4507 3783 4557 μετα.

2209 4581 2438 4634 δίδωσιν.
2479 4582 2544 4631 Ὃ
2577 4579 2686 4649 γάρ
2716 4595 2799 4640 τις
2831 4579 2931 4630 οὐκ
2959 4576 3092 4645 ἔχει,
3128 4575 3245 4638 πῶς
3273 4577 3638 4646 μεταδίδωσις
3676 4581 3784 4643 πῶς

2206 4672 2262 4724 δὲ
2291 4673 2384 4724 καὶ
2411 4671 2666 4738 ἀκίνητος
2707 4664 2840 4721 οὖσα
2870 4667 3118 4737 ἐκινήθη,
3164 4668 3258 4720 καὶ⁵
3291 4667 3454 4737 μέχρι
3491 4668 3601 4720 τῶν
3626 4672 3785 4739 ὁρὶωπ.

2205 4763 2300 4816 τοῦ
2323 4763 2497 4832 φωτὸς
2524 4761 2755 4830 ἐφθασε;
2779 4759 2861 4821 τίς
2886 4761 2914 4811 ὁ
2934 4759 3107 4831 ταύτῃ
3132 4759 3256 4821 δοὺς
3286 4758 3382 4828 τὴν
3415 4760 3590 4828 ζωὴν,
3615 4763 3713 4814 καὶ
3735 4763 3792 4813 τὸ

2207 4853 2462 4923 munt/av;
2494 4853 2541 4903 εἰ
2576 4851 2674 4921 μὲν
2705 4853 2732 4904 ὁ
2764 4850 2989 4918 ἀγαθὸς,
3020 4850 3120 4902 οὐκ
3156 4849 3381 4918 ἀγαθὸς,
3418 4850 3540 4903 οὐδὲ
3583 4853 3786 4919 σοφός·

1828 5038 2059 5092 VARIzE
2101 5031 2506 5090 LEC'I‘IONES.

609 5155 622 5188 ¹
654 5152 772 5206 Non
798 5158 996 5204 vacant
1024 5150 1160 5223 haec,
1194 5150 1376 5223 inquit
1404 5147 1790 5223 C0_m_beﬁsins,
1815 5159 1872 5202 ut
1905 5150 2082 5223 visum
2107 5157 2192 5203 est
2225 5145 2550 5223 Ili_ll_io:__sed
2585 5154 2716 5223 sunt
2747 5144 2895 5223 ratio
2931 5143 3131 5198 divina:
3156 5143 3655 5223 immutabilitatis,
3687 5158 3788 5222 non

532 5223 789 5278 obstante
821 5219 1199 5289 contingentia
1223 5213 1528 5289 voluntatis
1545 5213 2015 5289 litttiiana:,_quam
2046 5218 2193 5289 Deus
2222 5216 2672 5289 sibi‘re_l_inquit_,_
2695 5221 2762 5267 ‘ut
2805 5224 2986 5289 motus
3019 5229 3149 5267 suos
3193 5220 3317 5281 agat
3349 5213 3555 5289 Ιίιιειςε.Δ
3599 5213 3789 5282 praevi-

534 5294 671 5346 dens
694 5291 846 5365 quidﬂ
867 5283 1192 5365 facturasit.
1219 5288 1498 5365 Dem.
1517 5303 1588 5365 Διι,
1611 5304 1662 5340 v.
1806 5283 1937 5365 Ilaec
1969 5288 2053 5365 vir
2076 5287 2290 5365 doctus.
2325 5286 2542 5365 Quibus
2570 5285 2767 5365 addam
2802 5283 2984 5365 simile

535 5354 759 5416 currere
792 5361 891 5414 lib.
923 5377 936 5412 ι
966 5361 1038 5412 De
1063 5360 1186 5426 ﬁde,
1207 5374 1329 5428 cap.
1363 5359 1428 5412 l7
1455 5358 1636 5428 initio,
1671 5358 1772 5428 ubi
1789 5358 1857 5412 de
1877 5357 2077 5428 divina,
2099 5354 2848 5428 immutabilitatedisputat.

3062 5297 3252 5336 rorsus
3296 5283 3665 5335 ratiocinium
3702 5297 3782 5335 oc.

2957 5362 2980 5387 υ
3015 5352 3225 5416 "illius,
3256 5352 3372 5406 hate
3425 5353 3481 5405 in
3549 5367 3790 5420 persona

535 5432 680 5484 uicta
717 5432 832 5483 vult
855 5421 1371 5484 Orthodoxiinvitis
1401 5427 1709 5482 codicibus.
1737 5426 1852 5498 Ego
1886 5427 2166 5480 Manichtei
2195 5428 2454 5498 existimo
2483 5421 2883 5498 quicuntraria
2918 5423 3184 5498 principia
3223 5437 3345 5483 sua,
3406 5422 3576 5474 ambo
3646 5423 3790 5498 entia

535 5515 658 5554 esse
690 5501 988 5561 contendit,
1021 5513 1193 5567 eaque
1229 5505 1430 5554 bonum
1459 5507 1505 5552 el
1539 5499 1742 5551 malum
1769 5490 1931 5561 e'sse;
1970 5505 2032 5550 ut
2075 5505 2127 5550 et
2177 5497 2380 5567 malum
2413 5490 2514 5567 ens
2560 5495 2651 5567 sit,
2692 5490 3008 5567 perindeiac
3035 5490 3275 5567 bonum;
3311 5506 3418 5544 non
3455 5506 3617 5567 vero,
3649 5490 3793 5559 quod

538 5569 887 5622 (lrthodoxus
922 5563 1147 5634 evincit,
1181 5570 1413 5639 privatio
1443 5568 1570 5625 boni
1605 5577 1657 5622 et
1688 5569 1853 5624 entis.
1896 5568 2018 5622 llaec
2071 5564 2316 5621 Combel‘.
2395 5575 2418 5602 ν
2453 5563 2580 5636 ch.
2618 5565 2784 5631 ἤπερ.

540 5646 597 5687 ut
624 5652 818 5692 sensus
852 5639 1110 5704 postulat.

2865 5570 2890 5598 ³
2925 5563 3147 5616 Leuncl.
3202 5561 3254 5613 in
3289 5577 3468 5632 marg.
3512 5562 3792 5630 ἀκίνητον,
