3980 6140
323 271 458 335 1529

1307 273 1686 335 DIALOGUS
1728 274 2028 336 CONTRA
2078 268 2560 334 MANICHEOS.

2692 202 2713 237 1

3443 277 3582 347 1530

316 386 417 437 οὔκ
449 382 654 456 ἀγαθὸς
691 380 812 453 μὲν,
850 378 949 449 τὴν
978 377 1182 433 κακίαν
1225 381 1475 447 ζωώσας,
1513 383 1608 436 καὶ
1636 381 1891 451 κινήσας·

2003 380 2131 435 item
2177 378 2364 444 modo,
2419 395 2542 450 quae
2572 388 2720 436 motu
2766 381 3034 447 carebat,
3075 381 3320 453 impulsa
3350 383 3472 453 fuit,
3522 396 3582 443 ut

316 476 382 529 οὐ
434 474 597 543 σοφὸς
645 473 724 539 δὲ,
756 470 879 524 οὐδὲ
922 472 1258 541 γνωστικὸς,
1308 473 1486 541 ἑαυτῷ
1536 469 1901 542 παρεσχηκὼς

314 567 598 637 πολέμους
639 565 734 619 καὶ
770 566 1105 635 πράγματα,
1157 566 1253 619 καὶ
1289 563 1411 619 καθ’
1442 562 1640 618 ἑαυτοῦ
1669 563 1901 633 κινήσας

313 658 419 728 τὴν
462 656 661 710 κακίαν
705 654 1020 726 ἠρεμοῦσαν
1071 654 1167 709 καὶ
1215 653 1613 725 ἠσυχάζουσαν.
1652 653 1899 715 Στάσεως

311 749 431 821 γὰρ
463 750 558 803 καὶ⁴
582 749 768 802 κακῶν
805 749 1024 817 ἐγένετο
1047 747 1326 818 πρόξενος.
1371 747 1434 799 Et
1463 746 1521 800 δὲ
1551 746 1648 816 οὐχ
1675 748 1703 798 ό
1744 744 1895 809 Θεὸς,

312 841 533 912 ἕτερος,
568 841 664 895 καὶ
700 840 887 894 οὐκέτι
927 838 1055 902 δύο,
1095 838 1232 893 ἀλλὰ
1269 840 1439 909 τρεῖς.
1468 839 1533 892 Ὃ
1554 838 1664 907 γάρ
1690 854 1775 900 τις
1799 836 1899 890 οὐκ

310 926 458 999 ἔχει,
483 929 543 982 οὐ
572 928 792 983 δύναται
821 929 914 998 ἀφ’
949 927 1143 983 ἑαυτοῦ
1173 927 1501 999 κτήσασθαι.
1528 928 1701 982 MAN.
1737 926 1896 980 Ἀλλὰ

308 1016 548 1087 δυνάμει
577 1016 693 1088 ἔχει
714 1019 775 1071 τὸ
804 1018 903 1089 ζῇν
932 1018 1028 1072 καὶ
1055 1016 1153 1088 τὴν
1191 1018 1428 1088 κίνησιν.
1459 1017 1611 1072 ΟΡΘ.
1643 1018 1706 1071 Et
1738 1017 1897 1070 δυνά-

313 1123 413 1175 μει
449 1104 565 1177 εἶχε
600 1107 743 1178 ζωὴν
767 1109 863 1161 καὶ
895 1108 1132 1178 κίνησιν,
1156 1108 1382 1179 δυνάμει
1410 1103 1479 1178 ἦν
1509 1108 1708 1177 ἀγαθὴ,
1737 1108 1895 1178 εἴπερ

309 1199 434 1270 ζωὴ
464 1200 562 1253 καὶ
584 1199 798 1270 κίνησις
817 1237 833 1263 ,
869 1199 1069 1270 ἀγαθή.
1099 1195 1273 1252 MAN.
1321 1198 1385 1252 Ἦ
1409 1198 1512 1269 τῆς
1543 1199 1745 1263 κακίας
1777 1198 1894 1270 ζωὴ

307 1289 411 1343 καὶ
450 1289 689 1360 κίνησις,
720 1290 823 1343 οὐκ
860 1288 1086 1357 ἀγαθὸν,
1118 1288 1254 1342 ἀλλὰ
1291 1288 1481 1342 κακόν.
1531 1287 1682 1342 ΟΡΘ.
1721 1288 1794 1341 Τὸ
1829 1291 1894 1344 ὲκ

304 1378 601 1450 δυνάμεως
626 1378 921 1450 ἐρχόμενον
944 1380 1023 1441 είς
1041 1378 1345 1448 ἐνέργειαν,
1366 1376 1601 1447 τρεπτδν
1619 1378 1714 1431 καὶ
1737 1377 1893 1449 ἀρχό·

307 1489 507 1541 μενον,
559 1472 652 1525 καὶ⁵
696 1471 797 1524 οὐκ
828 1469 1063 1542 ἄναρχον
1085 1486 1097 1498 ·
1131 1469 1227 1523 καὶ
1256 1469 1305 1521 εί
1346 1469 1574 1539 δυνάμει
1598 1464 1714 1539 εἶχε
1746 1467 1893 1538 ζωὴν

305 1564 406 1617 καὶ
430 1564 672 1634 κίνησιν,
706 1562 986 1633 ἐνέργειαν
1018 1561 1177 1631 ἔσχεν
1206 1559 1434 1631 ὕστερον
1453 1578 1467 1593 υ
1507 1561 1556 1612 εί
1603 1560 1659 1612 δὲ
1689 1558 1886 1629 κακὴή

304 1654 524 1725 ταύτης
552 1653 668 1723 ζωή
700 1670 760 1706 τε
808 1653 901 1706 καὶ
953 1652 1186 1721 κίνησις,
1245 1650 1472 1720 δυνάμει
1509 1645 1577 1721 ἦν
1606 1648 1773 1719 κακὴ.
1798 1647 1891 1702 καὶ

306 1743 415 1798 οὐκ
455 1744 737 1816 ἐνεργείᾳο
762 1744 858 1797 καὶ
890 1743 1043 1797 ἔσται
1075 1745 1107 1813 ἡ
1133 1743 1305 1796 κακία
1335 1743 1437 1796 οὐκ
1466 1742 1721 1812 ἄναρχος.
1746 1740 1809 1794 Et
1836 1740 1893 1793 δὲ

306 1833 526 1903 ἀγαθὸν
554 1837 587 1905 ή
621 1832 828 1904 ταύτης
866 1833 977 1906 ζωή
1002 1850 1062 1886 τε
1092 1834 1186 1887 καὶ
1213 1833 1450 1901 κίνησις,
1486 1833 1552 1885 ὲκ
1576 1830 1775 1892 κακίας
1801 1825 1897 1899 ἦλ-

310 1926 409 1979 Θεν
431 1928 515 1988 είς
542 1924 765 1994 ἀγαθόν.
788 1925 958 1979 MAN.
997 1924 1061 1977 Τί
1086 1924 1173 1986 δέ;
1203 1923 1350 1994 οὐχὴ
1384 1921 1560 1991 φθορά
1595 1921 1782 1991 ἑτέρου
1799 1920 1897 1988 γὲ-

309 2033 500 2082 νεσις;
530 2015 680 2069 ΟΡΘ.
706 2016 816 2085 Οὐχ
839 2017 872 2084 ἡ
890 2014 1075 2085 φθορὰ
1093 2014 1303 2084 γίνεται
1342 2012 1576 2081 γένεσις,
1604 2011 1720 2065 ἀλλ’
1741 2021 1770 2062 .'
1793 2011 1898 2064 ὑπὸ

310 2104 454 2158 Θεοῦ
488 2104 554 2158 ὲκ
585 2103 679 2158 τοῦ
727 2103 801 2176 μὴ
850 2103 1001 2167 ὄντος
1034 2105 1114 2163 είς
1156 2102 1215 2155 τὸ
1248 2097 1389 2155 εῖναι
1425 2099 1720 2170 προστάξει
1759 2098 1894 2152 Θεοῦ

310 2194 810 2266 δημιουργηθεῖσα,
836 2193 1045 2265 τρεπτὴ
1074 2191 1230 2255 οὖσα,
1259 2192 1334 2255 ὼς
1362 2192 1470 2246 ἀπὸ
1492 2190 1700 2262 τροπῆς
1729 2191 1896 2260 ἀρχου

321 2288 483 2358 μὲυη.
521 2288 709 2357 Τροπὴ
754 2287 863 2359 γάρ
893 2288 1030 2351 ὲστι,
1079 2285 1140 2338 τὸ
1167 2286 1231 2336 ὲκ
1276 2282 1353 2353 μὴ
1380 2283 1533 2345 ὄντος
1562 2283 1642 2343 είς
1664 2281 1724 2334 τὸ
1753 2276 1893 2335 εἶναι

312 2377 514 2432 ἐλθεῖν.
540 2374 642 2430 ’Ὧν
670 2378 728 2430 δὲ
759 2378 818 2431 τὸ
850 2374 988 2430 εἶναι
1019 2361 1127 2429 ἀπὸ
1162 2376 1369 2446 τροπῆς
1420 2372 1643 2447 ἤρξατο,
1682 2372 1893 2442 τρεπτὰ

313 2471 558 2537 πάντως,
589 2470 683 2522 καὶ
701 2467 969 2522 ἀλλοιωτά
993 2483 1008 2497 ’
1029 2464 1237 2536 τρεπτὴ
1264 2460 1397 2517 οὖσα
1436 2464 1468 2533 ή
1503 2462 1624 2532 ὕλη,
1658 2461 1735 2532 τῷ
1765 2461 1893 2531 θείῳ

315 2562 701 2633 προστάγματι
761 2557 1035 2624 ζωοῦται,
1084 2556 1180 2610 καὶ
1230 2554 1529 2625 φθείρεται,
1586 2552 1683 2605 καὶ
1730 2551 1893 2605 πάλιν

314 2651 587 2718 ζωοῦταιε
629 2651 769 2706 ὥστε
813 2650 912 2721 οὐχ
936 2650 970 2720 ή
1012 2648 1188 2719 φθορὰ
1218 2648 1543 2719 δημιουργεῖ
1566 2644 1666 2716 τὴν
1697 2644 1893 2715 γέννη-

317 2763 405 2798 σιν
437 2753 483 2808 ι,
507 2742 642 2796 ἀλλὰ
667 2743 728 2796 τὸ
751 2743 892 2796 θεῖον
922 2741 1253 2812 πρόσταγμα
1284 2739 1413 2804 ζωοῖ
1454 2740 1551 2792 καὶ
1577 2751 1891 2806 γενεσιουρ-

315 2839 426 2903 γεί.

2002 472 2069 527 ad
2094 472 2230 526 lucis
2262 470 2397 526 fines
2434 473 2787 541 pervenerit?
2830 474 2967 540 Quis
3012 473 3162 528 dedit
3208 474 3259 528 ei
3320 476 3487 531 vitam
3526 488 3582 533 et

2000 562 2242 617 motum?
2271 563 2319 618 si
2350 563 2529 619 bonus
2571 585 2581 619 :
2607 573 2664 619 at
2693 565 2780 619 hic
2809 572 2958 620 certe
2984 579 3086 620 nec
3111 565 3324 633 bonus,
3354 583 3457 623 nec
3486 584 3577 624 sa-

2000 653 2156 721 piens
2185 651 2380 709 fuerit.
2412 653 2535 709 Non
2556 656 2759 721 bonus,
2793 656 2884 726 qui
2921 657 3064 711 malo
3090 657 3255 711 vitam
3287 668 3341 713 et
3373 669 3578 716 motum

1999 740 2167 808 dedit,
2195 758 2305 797 non
2335 745 2556 813 sapiens
2596 755 2652 800 et
2680 747 2922 814 prudens
2947 746 3136 812 fuerit,
3170 748 3268 817 qui
3301 749 3406 803 sibi
3437 751 3578 805 bella

1999 841 2051 888 et
2073 833 2361 889 molestias
2403 834 2786 901 facessiverit,
2833 838 3058 901 malum,
3104 839 3251 908 quod
3301 840 3578 908 tranquil-

1999 920 2110 976 lum
2180 930 2235 979 et
2280 924 2531 995 quietum
2580 934 2735 987 erat,
2777 926 3070 982 adversum
3124 944 3182 983 se
3222 930 3574 986 concitando.

1997 1011 2361 1067 Dissidiorum
2396 1014 2542 1068 enim
2578 1015 2695 1084 ipse
2722 1031 2785 1071 ac
2820 1018 3086 1071 malorum
3112 1026 3305 1071 auctor
3334 1021 3575 1074 exsﬁtit.

1998 1101 2095 1158 Sin
2119 1113 2298 1161 autem
2328 1106 2504 1160 bonus
2527 1121 2637 1160 non
2669 1106 2841 1169 dedit.
2878 1109 3018 1162 alter
3075 1108 3285 1163 dederit
3352 1124 3578 1166 necesse

1994 1204 2101 1252 est.
2145 1195 2221 1250 Ita
2252 1212 2358 1252 non
2397 1197 2510 1267 jam
2541 1198 2653 1253 duo
2674 1238 2689 1263 ,
2736 1200 2834 1255 sed
2866 1207 2979 1254 tres
3005 1209 3188 1253 erunt.
3214 1182 3371 1253 {Nam
3423 1201 3576 1270 quod

1995 1289 2119 1357 quis
2157 1303 2269 1343 non
2308 1288 2495 1354 habet,
2542 1289 2647 1344 hoc
2694 1304 2726 1344 a
2774 1306 2834 1347 se
2885 1292 3151 1359 consequi
3205 1307 3313 1344 non
3368 1300 3570 1360 potest.

1993 1377 2159 1433 MAN.
2177 1380 2245 1432 At
2265 1380 2510 1449 potentia
2526 1380 2693 1434 vitam
2710 1380 2943 1436 habebat
2961 1390 3016 1435 et
3032 1388 3263 1436 motum.
3287 1380 3497 1437 ORTII.
3516 1383 3576 1439 Si

1992 1470 2234 1539 potentia
2261 1470 2429 1524 vitam
2464 1477 2520 1525 et
2563 1477 2774 1524 motum
2820 1472 3094 1539 habebat;
3136 1489 3270 1544 ergo
3328 1477 3577 1542 potentia

1993 1576 2211 1631 quoque
2256 1561 2404 1614 bona
2422 1570 2549 1616 erat
2587 1579 2600 1613 :
2644 1562 2918 1630 siquidem
2954 1564 3064 1615 vita
3101 1572 3156 1618 et
3204 1572 3388 1618 motus
3434 1564 3578 1619 inter

1996 1652 2140 1707 bona
2173 1652 2285 1707 sint
2332 1652 2629 1710 censenda.
2661 1652 2831 1705 MAN.
2853 1652 2977 1709 Mali
3012 1654 3121 1707 vita
3148 1661 3202 1706 et
3224 1665 3431 1720 motus,
3466 1671 3575 1711 non

1996 1739 2226 1805 bonum,
2268 1739 2364 1795 sed
2382 1740 2583 1794 malum
2607 1749 2709 1796 est.
2741 1740 2954 1796 ORTH.
2987 1740 3141 1806 Quod
3168 1756 3198 1796 a
3233 1743 3478 1811 petentia
3506 1743 3573 1799 ad

2002 1835 2183 1884 actum
2223 1828 2468 1893 transiit,
2499 1830 2792 1885 mutationi
2828 1831 3042 1895 subest,
3070 1841 3364 1902 ortumque
3389 1834 3573 1895 habet,

2002 1933 2105 1975 nec
2146 1918 2301 1974 initio
2328 1928 2497 1974 caret.
2532 1918 2601 1974 Ut
2644 1936 2767 1974 cum
2807 1920 3052 1993 potentia
3074 1922 3240 1975 vitam
3281 1932 3335 1975 et
3369 1932 3572 1978 motum

2002 2010 2248 2074 haberet,
2317 2019 2499 2065 actum
2532 2012 2763 2080 posthac
2786 2012 3069 2066 habuerit.
3092 2011 3147 2065 Si
3185 2022 3366 2068 autem
3398 2014 3574 2083 ipsius

2001 2101 2111 2155 vita
2144 2117 2206 2155 ac
2234 2101 2407 2156 motio
2437 2102 2582 2155 mala
2608 2111 2714 2164 est,
2746 2103 2990 2171 potentia
3029 2103 3240 2173 utique,
3278 2120 3386 2158 non
3420 2115 3570 2175 actu,

2001 2193 2145 2246 mala
2174 2200 2294 2248 erat
2337 2209 2351 2247 :
2378 2193 2569 2262 sicque
2589 2194 2788 2247 malum
2816 2195 3074 2264 principii
3097 2210 3294 2266 expers
3316 2212 3424 2252 non
3445 2199 3569 2254 erit.

2003 2279 2099 2336 Sin
2134 2287 2313 2335 autem
2366 2282 2539 2351 ipsius
2572 2281 2680 2335 vita
2708 2291 2761 2336 et
2798 2284 2965 2337 motio
2994 2284 3135 2339 bona
3164 2291 3248 2341 est
3284 2301 3297 2337 :
3327 2302 3391 2340 ex
3428 2288 3572 2343 malo

2001 2373 2167 2443 igitur
2197 2372 2252 2425 in
2282 2372 2486 2427 bonum
2532 2373 2778 2429 transit“.
2806 2373 2971 2427 MAN.
3010 2375 3149 2441 Quid
3182 2378 3348 2432 vero?
3388 2394 3570 2433 annon

2000 2463 2166 2518 unius
2199 2464 2499 2531 corruptio,
2522 2464 2751 2518 alterius
2776 2467 3059 2535 generatio
3084 2475 3188 2521 est.
3208 2466 3420 2521 ORTII.
3438 2470 3575 2523 Cor-

2000 2553 2182 2621 ruptio
2213 2552 2637 2622 haudquaquam
2701 2555 2981 2623 generatio
3055 2557 3187 2621 tit”,
3214 2554 3307 2612 sed
3346 2556 3364 2626 [
3401 2567 3575 2612 ntale-

1998 2643 2123 2715 ria]
2161 2660 2189 2697 a
2218 2642 2325 2698 Deo
2354 2643 2513 2712 jussu
2545 2644 2742 2714 ipsius,
2787 2661 2854 2699 ex
2887 2646 3064 2700 nihilo
3098 2647 3346 2713 condita,
3390 2657 3574 2702 mutae

1998 2735 2137 2789 tioui
2195 2735 2435 2789 obnoxia
2474 2743 2582 2800 est,
2635 2743 2696 2790 ut
2736 2750 2861 2807 quze
2917 2751 2946 2791 a
2991 2739 3296 2793 mutatione
3355 2738 3571 2794 initium

1998 2826 2339 2897 sumpserit(
2368 2826 2596 2881 Mutatio
2640 2827 2784 2881 enim
2841 2837 2959 2894 est,
2992 2843 3023 2882 a
3059 2844 3169 2884 non
3212 2845 3338 2885 esse
3363 2830 3429 2884 ad
3452 2844 3576 2885 esse

318 2930 584 3002 prodire).
635 2927 711 2983 Ea
747 2943 913 2998 porro
948 2941 1183 2999 quorum
1228 2940 1407 2982 essea
1490 2923 1795 2976 mutatione
1828 2919 2046 2975 initium
2116 2921 2330 2984 habuit,
2394 2921 2687 2976 mutationi
2735 2938 2988 2992 prorsus,
3052 2933 3218 2994 atque
3265 2925 3575 2980 alterationi

317 3021 559 3080 obnoxia
585 3029 737 3077 sunt.
769 3020 904 3075 Cum
938 3020 1123 3089 itaque
1152 3019 1382 3072 materia
1407 3015 1608 3071 mutari
1661 3012 1838 3085 possit
1866 3052 1881 3075 ,
1924 3011 2116 3066 divino
2151 3012 2380 3081 imperio
2408 3013 2577 3067 vitam
2610 3014 2833 3084 accipit,
2898 3017 3310 3086 corruptionem
3372 3017 3573 3071 admit-

320 3115 410 3178 tit,
440 3128 748 3182 rursusque
782 3111 1083 3166 reviviscit.
1114 3109 1193 3163 Ac
1223 3106 1453 3179 proinde
1478 3122 1588 3161 non
1613 3104 1894 3173 corruptio
1939 3102 2354 3173 generationem
2384 3104 2569 3172 efﬁcit,
2606 3105 2705 3160 sed
2735 3105 2984 3160 divinum
3045 3107 3339 3176 imperium
3404 3106 3574 3160 vitam

317 3211 415 3266 dat
441 3220 496 3266 et
531 3207 805 3278 producit.

392 3313 494 3362 κε’.
520 3305 655 3360 Εἰπὲ
677 3305 733 3358 δὲ
758 3303 851 3357 καὶ
878 3302 1064 3356 τοῦτο·
1102 3303 1170 3356 τὰ
1200 3302 1292 3355 τοῦ
1322 3301 1499 3371 φωτὸς
1531 3300 1654 3369 ὅρια
1672 3339 1688 3364 ,
1719 3296 1893 3367 φωτὸς

2066 3289 2160 3344 25.
2227 3289 2384 3345 Dicas
2430 3302 2562 3344 vero
2590 3296 2644 3344 et
2670 3286 2815 3343 istud
2869 3301 3157 3358 quoque:
3211 3286 3351 3341 lucis
3405 3286 3561 3354 lines,

319 3397 699 3468 πεπλήρωται,
728 3394 762 3465 ἢ
787 3392 883 3461 ob;
910 3393 1081 3447 MAN.
1114 3393 1283 3447 Παντί
1318 3408 1422 3445 που
1459 3389 1638 3458 δῆλον,
1677 3388 1753 3451 ὼς
1782 3404 1893 3456 φω-

316 3488 411 3550 τὸς
438 3487 818 3555 πεπλήρωται.
842 3485 995 3537 ΟΡΘ.
1029 3484 1103 3536 Τδ
1130 3482 1246 3552 φῶς
1276 3483 1372 3537 καὶ
1406 3480 1467 3535 τὸ
1492 3479 1682 3542 σκότος
1717 3479 1893 3532 δεκτι-

319 3580 395 3635 κὰ
436 3579 684 3650 ἀλλήλων
716 3578 875 3644 εἰσὶν,
931 3577 964 3648 ἢ
1004 3576 1362 3640 ἀνεπίδεκτα;
1419 3572 1591 3628 MAN.
1635 3569 1890 3623 Δεκτικά.

319 3670 473 3724 ΟΡΘ.
508 3668 717 3723 Οὐκοῦν
741 3667 843 3721 οῦκ
888 3667 994 3720 είσι
1024 3665 1207 3734 φύσει,
1259 3664 1288 3717 ὃ
1321 3666 1459 3723 εἱσι·
1491 3661 1553 3715 τὸ
1580 3660 1690 3731 γὰρ
1734 3659 1894 3728 φύσει

319 3759 587 3827 πεφυκὸς,
618 3758 679 3811 οὐ
717 3757 1070 3828 μεθίσταται·
1107 3756 1202 3808 καί¹
1228 3756 1264 3826 ἡ
1302 3753 1462 3823 φύσει
1490 3750 1604 3823 ζωὴ
1643 3749 1894 3805 ἀνεπίδε-

320 3866 448 3913 κτος
474 3848 728 3904 θανάτου.
754 3848 880 3911 Πῶς
900 3844 995 3902 οὖν
1023 3846 1268 3916 ὡμίλησε
1302 3844 1441 3913 φωτὶ
1467 3843 1530 3896 τὸ
1558 3843 1768 3907 σκότος,
1800 3841 1893 3895 καὶ

315 3943 381 3994 uti
416 3940 667 4009 διελύθης
701 3936 835 3993 Εἶτα
864 3941 893 3991 ὁ
926 3937 1088 4001 τόπος
1128 3934 1220 3990 τοῦ
1252 3935 1428 4004 φωτὸς
1458 3933 1765 4005 ἐπληροῦτο
1798 3931 1891 3986 τοῦ

319 4030 524 4099 ἀγαθοῦ
559 4030 652 4083 καὶ
706 4029 800 4081 τοῦ
843 4028 1042 4097 φωτὸς,
1091 4026 1124 4096 ἢ
1168 4024 1264 4092 οὕς
1318 4025 1492 4079 MAN.
1539 4022 1890 4097 Ἐπληροῦτο.

319 4122 473 4176 υΡΘ.
508 4121 634 4183 Πῶς
672 4116 766 4175 οὖν
800 4119 1053 4190 ὲχωρήθη
1103 4117 1164 4170 τὸ
1212 4117 1435 4180 σκότος;
1489 4115 1552 4171 οὐ
1588 4115 1693 4187 γὰρ
1744 4116 1894 4186 μεδι-

322 4212 514 4279 μναῖον
559 4211 783 4277 ἀγγεῖον
809 4246 826 4272 ,
884 4206 1122 4278 χωρήσει
1175 4205 1524 4277 διμέδιμνον·
1575 4205 1849 4259 τουτέστιν
1875 4245 1890 4270 ,

316 4304 543 4370 ἀγγεῖον
572 4300 690 4363 ἐνὸς
730 4300 912 4371 μοδίου
946 4298 1273 4370 χωρητικὸν,
1305 4298 1405 4351 οὐκ
1431 4298 1498 4351 ἂν
1528 4292 1767 4367 χωρήσει
1799 4296 1891 4349 δύο

320 4391 559 4463 μοδίους.

390 4566 504 4635 κς·’.
535 4563 670 4622 Εἶτα
708 4567 1041 4631 εἰσελθόντες
1083 4567 1132 4619 ot
1170 4565 1266 4620 τοῦ
1310 4564 1543 4627 σκότους
1575 4561 1780 4635 καρποὶ
1810 4546 1891 4625 si}

1994 3390 2199 3437 suntne
2251 3382 2372 3436 luce
2398 3380 2568 3450 pleni,
2653 3377 3064 3435 necne?MAN.
3112 3378 3303 3433 Cuivis
3362 3380 3575 3449 perspi-

1994 3489 2159 3528 cuum
2187 3480 2293 3537 est,
2326 3472 2450 3527 luce
2475 3473 2672 3541 plenos
2701 3487 2845 3527 esse.
2883 3469 3096 3525 ORTH.
3139 3468 3395 3539 Nunquid
3417 3507 3435 3532 ,
3478 3471 3573 3524 lux

1992 3571 2046 3617 et
2074 3563 2312 3619 tenebrae
2336 3578 2458 3618 sese
2487 3562 2723 3617 invicem
2748 3562 3039 3617 admittere
3059 3571 3311 3631 possunt,
3344 3577 3446 3616 nec
3470 3562 3576 3616 ne?

1992 3650 2159 3706 MAN.
2199 3651 2502 3706 Admittere
2527 3666 2587 3706 se
2616 3651 2850 3705 invicem
2889 3659 3149 3721 possunt.
3177 3649 3387 3704 ORTH.
3428 3650 3573 3720 Ergo

1992 3756 2105 3795 non
2139 3747 2333 3794 natura
2365 3748 2516 3803 sunt,
2536 3740 2588 3793 id
2615 3739 2762 3810 quod
2793 3749 2947 3797 sunt.
2973 3740 3186 3795 Etenim
3211 3741 3357 3809 quod
3375 3750 3570 3795 natura

1991 3839 2368 3900 comparatum
2397 3838 2501 3897 est,
2538 3845 2647 3884 non
2669 3838 2939 3886 mutatur.
2972 3829 3106 3884 Nam
3138 3840 3188 3885 et
3222 3845 3342 3900 quae
3376 3839 3570 3883 natura

1990 3923 2101 3977 vita
2126 3930 2229 3987 est,
2263 3930 2492 3977 mortem
2525 3921 2813 3977 admittere
2857 3922 3066 3991 nequit.
3104 3920 3352 3986 Quonam
3410 3920 3576 3989 igitur

1991 4012 2156 4068 modo
2177 4012 2415 4067 tenebrae
2438 4011 2518 4067 sic
2544 4027 2673 4066 cum
2698 4013 2822 4069 luce
2855 4023 3086 4069 versatae
3118 4022 3270 4076 sunt,
3305 4016 3438 4082 quin
3461 4013 3576 4067 dis-

1991 4101 2182 4170 sipata:
2211 4099 2453 4155 fuerint?
2486 4100 2626 4154 Illud
2673 4101 2802 4156 item
2835 4117 3060 4171 quaero,
3103 4102 3259 4154 locus
3300 4100 3436 4153 lucis
3477 4100 3575 4154 bo-

1990 4208 2134 4247 none
2172 4206 2238 4246 ac
2285 4180 2495 4247 lumine
2548 4193 2750 4262 plenus
2794 4202 2952 4257 erat,
2991 4192 3210 4246 annon?
3249 4191 3411 4245 MAN.
3454 4190 3574 4245 Ple-

1990 4300 2094 4339 nus
2125 4293 2262 4337 erat.
2313 4281 2525 4338 ORTH.
2558 4282 2661 4349 Qui
2706 4284 2872 4352 igitur
2905 4283 3029 4352 capi
3077 4289 3244 4351 atque
3291 4281 3566 4336 contineri

1990 4374 2227 4430 tenebrae
2270 4374 2596 4443 potuerunt?
2638 4389 2816 4442 neque
2855 4374 3001 4428 enim
3041 4388 3137 4428 vas
3168 4372 3333 4428 unius
3374 4371 3565 4440 modii,

1968 4468 2136 4537 flues
2164 4464 2380 4519 modios
2409 4478 2607 4535 capere
2637 4472 2824 4533 queat.

2060 4554 2153 4610 26.
2189 4554 2394 4609 Deinde
2436 4555 2787 4609 tenebrarum
2839 4553 2864 4609 ι
2873 4567 3062 4610 ructus
3110 4553 3251 4608 lucis
3308 4553 3443 4609 lines
3478 4553 3567 4608 in-

311 4661 385 4715 τὰ
414 4629 538 4730 ὅρια
587 4658 682 4713 τοῦ
714 4658 910 4726 φωτὸς,
946 4656 999 4710 τί
1024 4629 1429 4725 ⁷πεποιήκασιν;
1469 4656 1502 4726 ἢ
1528 4657 1580 4709 τί
1612 4629 1888 4709 πεπόνθα-

1997 4647 2199 4718 gressi,
2219 4646 2346 4716 quid
2367 4654 2620 4717 egerunt,
2641 4654 2734 4699 aut
2754 4645 2883 4715 quid
2915 4646 3060 4715 passi
3081 4644 3242 4699 sunt?
3270 4641 3436 4696 MAN.
3461 4642 3574 4698 Lu-

315 4768 437 4816 σιν;
469 4749 643 4804 MAN.
668 4744 820 4802 Εἶδον
838 4749 900 4801 τὸ
919 4747 1055 4817 φῶς,
1092 4749 1190 4803 καὶ
1219 4748 1632 4818 προσεκύνησαν
1661 4758 1686 4787 ⁸
1718 4745 1887 4817 αὐτῷ,

314 4846 413 4899 καὶ
443 4845 523 4906 είς
554 4841 734 4914 ἔρωτα
777 4839 943 4893 αὐτοῦ
992 4836 1176 4910 ἦλθον.
1203 4842 1355 4896 ΟΡΘ.
1409 4843 1474 4897 Ὢ
1502 4841 1771 4895 σκοτεινοὶ
1799 4841 1892 4893 καὶ

315 4934 535 5004 ἀνόητοι
558 4949 571 4963 ·
608 4931 808 5002 τυφλὸν
832 4931 893 4984 τὸ
920 4931 1130 4996 σκότος,
1172 4931 1205 5002 ἢ
1241 4931 1536 4999 φωτεινόν;
1575 4930 1749 4984 MAN.
1781 4931 1889 4982 Τυ-

280 5074 289 5081 ,
318 5023 469 5092 φλόν.
505 5024 656 5078 ΟΡΘ.
689 5026 798 5078 Καὶ
822 5022 937 5087 πῶς
960 5024 1092 5093 όρᾷν
1120 5021 1343 5075 δύναται
1360 5020 1421 5074 τὸ
1446 5021 1678 5090 τυφλόνς
1712 5020 1746 5083 ἢ
1775 5019 1892 5083 πῶς

320 5115 383 5167 το
418 5115 696 5178 παντελῶς
732 5115 903 5169 κακὸν
953 5113 1262 5185 θαυμάσει,
1310 5113 1344 5184 ἢ
1385 5110 1742 5183 ἐρασθήσεται
1792 5109 1885 5163 τοῦ

312 5198 529 5270 ’ἀγαθοῦ
548 5219 561 5265 ;

1996 4752 2112 4792 cem
2156 4735 2434 4797 viderunt,
2483 4735 2768 4804 ipsiusque
2810 4734 3172 4789 admiratione
3216 4732 3390 4801 capti,
3429 4732 3574 4789 hanc

1999 4829 2389 4891 adoraverunt,
2427 4834 2824 4895 coeperuntque
2853 4825 3125 4895 deperire.
3172 4823 3380 4878 ORTH.
3411 4822 3454 4878 Ο
3476 4839 3574 4879 vos

1981 4904 2319 4976 Itenebrosos
2371 4924 2426 4972 et
2505 4918 2763 4972 stolidos!
2848 4915 3108 4971 Tenebrae
3173 4929 3332 4968 crecae
3403 4920 3572 4975 sunt,

1997 5027 2065 5067 an
2087 5009 2226 5065 lucis
2255 5024 2508 5079 capaces.
2541 5007 2705 5063 MAN.
2729 5007 2929 5062 Caeca}?
2976 5003 3185 5060 08TH.
3222 5002 3454 5070 Quinam
3481 5016 3573 5055 er-

1999 5118 2068 5175 go
2100 5102 2150 5156 id
2195 5101 2341 5173 quod
2378 5116 2583 5156 caecum
2615 5099 2922 5165 est,vidcre
2947 5096 3158 5166 possit?
3196 5107 3372 5162 quove
3410 5097 3572 5159 parto

1998 5192 2156 5265 Ml
2218 5192 2364 5262 quod
2418 5192 2642 5248 omnino
2669 5190 2872 5244 malum
2904 5195 3010 5250 est,
3042 5185 3170 5239 boni
3207 5181 3571 5237 admiratione

2000 5285 2283 5346 allieietur,
2319 5294 2371 5341 et
2408 5284 2542 5339 illud
2577 5280 2836 5353 appetet?

391 5397 413 5429 ⁸
451 5394 614 5453 Lib.t
652 5396 859 5468 Physic.
910 5415 1031 5469 cap.
1080 5402 1129 5456 8.
1215 5402 1237 5434 ’
1266 5402 1385 5458 Lib.
1426 5400 1542 5456 IDe
1568 5417 1686 5471 gen.
1742 5401 1830 5455 tit.
1877 5401 1940 5453 17
1966 5407 2021 5455 et
2051 5398 2143 5454 20.

1586 5489 1817 5544 VARIIE
1858 5486 2266 5544 LECTIONES.

394 5583 420 5623 γ
466 5576 662 5650 Dei-sse
688 5576 881 5632 viderit
921 5580 1040 5650 ὕλη,
1076 5583 1160 5634 wl
1191 5583 1493 5638 subaudiri.
1576 5591 1596 5620 ι
1640 5581 1861 5636 Leunci.
1889 5578 2162 5641 emendat,
2205 5574 2441 5642 γένεσιν.
2520 5582 2543 5611 ⁸
2578 5568 2741 5623 Βάδει·
2801 5560 3262 5637 «mmmam,
3300 5560 3563 5615 ιἐίεεηῖεηο

325 5643 428 5700 tius
447 5648 795 5725 navaliorum.
