3970 6156
396 248 529 313 1531
1593 254 1652 315 s.
1690 246 2012 315 JOANNIS
2052 250 2480 314 DAMASCENI
3056 262 3061 265 Α
3552 231 3725 300 1532

462 361 552 416 27.
599 361 739 417 Tum
783 378 945 428 vero;
992 362 1108 418 haec
1166 362 1278 417 duo
1331 364 1602 435 principia
1634 382 1830 423 sesenc
1882 369 1966 421 in-
2000 374 2030 428 Α

2149 367 2250 431 κζ’.
2293 367 2498 437 Ὀμῶς,
2531 360 2687 419 αὗται
2720 364 2776 416 αί
2828 361 2921 415 δύο
2962 358 3127 431 ἀρχαὶ
3161 355 3483 429 φθαρτικαὶ
3516 352 3717 420 ἀλλή-

390 452 569 507 virem
618 454 1016 522 corrmnpuut?
1059 448 1226 507 ΜΛΝ.
1259 453 1516 510 Maxime.
1566 454 1779 512 ORTll.
1828 456 1958 528 Ergo

2146 457 2344 522 .vsiai;
2442 457 2613 510 MAN.
2655 455 2779 508 Ναί.
2872 451 3024 507 υΡΘ.
3066 449 3279 504 Οὐκοῦν
3328 448 3397 501 οὗ
3461 446 3624 514 μόνη
3674 444 3714 511 ἡ

391 558 503 596 non
532 545 732 596 malum
766 545 947 597 solum
983 545 1270 615 corruptio
1296 553 1400 607 est,
1438 546 1533 600 sed
1561 546 1729 599 etiam
1766 547 1959 603 bonus.

2150 547 2242 602 κία
2292 548 2409 601 ἐστὶ
2458 546 2651 617 φθορά,
2687 545 2824 600 ἀλλά
2855 545 2949 599 καὶ
2997 546 3025 598 ό
3071 542 3297 611 ἀγαθός.
3379 538 3576 594 MAN.
3639 533 3717 587 Ἦ

392 632 557 687 MAN.
616 633 817 687 Malum
865 637 1153 705 corruptio
1184 643 1289 700 cst,
1354 636 1535 691 bonus
1600 644 1787 691 autem
1837 639 1960 691 vita.

2150 659 2176 694 ν
2216 641 2385 693 κακία
2407 681 2421 704 ,
2459 638 2732 710 φθορά.’0
2758 639 2820 691 δὲ
2854 636 3086 704 ἀγαθὸς,
3115 634 3252 706 ζωή.
3332 632 3495 686 ΟΡΘ.
3544 629 3718 682 Οὐκ-

388 724 601 782 ORT".
635 727 807 796 Igitur
846 728 1052 780 malum
1104 727 1331 796 quidem
1385 728 1590 781 bonum
1633 729 1956 799 corrumpit,

2147 751 2167 784 ν
2199 734 2231 803 ἠ
2265 732 2365 802 μὲν
2393 731 2560 785 κακία
2586 730 2795 800 φθείρει
2821 729 2910 781 τὸν
2936 726 3161 794 ἀγαθὸν,
3188 724 3285 778 καὶ
3314 726 3419 794 οὐχ
3448 721 3715 791 arpis-tae

388 831 489 870 nec
515 818 624 869 vim
661 818 708 869 ei
746 818 910 870 ullam
947 816 1283 872 subsistendi
1320 818 1549 873 tribuit:
1575 819 1757 874 bonus
1786 827 1956 874 autem

2144 845 2167 879 ι
2189 842 2204 856 ’
2236 828 2263 877 ό
2289 824 2343 878 δὲ
2376 822 2579 892 ἀγαθὸς
2611 821 2742 886 ζωοῖ
2767 820 2869 892 τὴν
2893 819 3129 872 κακίαν·
3161 817 3258 869 καὶ
3294 813 3712 884 ὑποστήσεττιι

389 908 534 959 malo
573 910 738 960 vitam
793 908 1058 976 impertit.
1118 906 1320 978 Sicque
1357 909 1560 963 malum
1613 911 1869 974 exsistet,
1908 924 1957 964 at

2138 926 2182 968 εν
2213 917 2242 984 ἡ
2288 914 2477 979 κακία,
2515 912 2816 966 ἀπωλεῖται
2845 909 2902 963 δὲ
2948 911 2976 961 ό
3020 905 3355 975 άγαῦός.Ὧς
3382 901 3485 957 οὖν
3513 903 3706 972 ἔφης,

390 1006 583 1049 contra
620 998 799 1052 bonus
826 998 1099 1053 interibit.
1130 999 1360 1056 Materia
1395 1001 1601 1070 itaque,
1641 1009 1701 1055 ut
1732 1016 1761 1054 a
1793 1009 1848 1055 te
1880 1017 1958 1057 sn-

2145 1005 2265 1074 ὕλη,
2299 1002 2487 1066 κακὸν,
2513 1001 2605 1055 καὶ
2632 999 2828 1071 φθορά,
2853 997 2948 1050 καὶ
2976 997 3225 1057 Θάνατος.
3255 993 3330 1045 Τδ
3359 988 3459 1044 οὖν
3480 988 3705 1052 κακὸν,

393 1089 580 1157 perius
613 1089 820 1143 dictum
853 1101 959 1156 est,
1021 1094 1249 1155 malum,
1295 1102 1349 1147 et
1397 1095 1705 1164 corruptio,
1735 1103 1791 1147 et
1825 1109 1961 1150 mors

2185 1094 2284 1162 μὲν
2332 1092 2513 1154 ἄλλοις
2561 1089 2753 1151 κακὸν,
2790 1086 2968 1155 ἑαυτῷ
2997 1085 3055 1138 δὲ
3088 1082 3314 1152 ἀγαθὸν,
3347 1081 3705 1134 συνίσταται

393 1185 498 1231 est.
528 1176 732 1231 Malum
770 1196 924 1245 vero,
955 1183 1000 1235 si
1035 1182 1160 1236 aliis
1191 1191 1277 1236 est
1310 1182 1535 1246 malum,
1565 1184 1668 1238 sibi
1703 1199 1835 1238 vero
1870 1185 1961 1253 ipsi

2134 1190 2182 1237 ὲν
2229 1184 2413 1248 ἑαυτὸ,
2447 1183 2541 1236 καὶ
2584 1182 2644 1234 οὐ
2700 1177 2979 1241 παντελῶς
3030 1175 3223 1239 κακὸν,
3269 1173 3332 1227 οὐ
3381 1169 3702 1231 παντελῶς

394 1268 622 1332 bonum,
655 1270 900 1340 seipsum
948 1272 1169 1341 quidem
1229 1282 1546 1339 conservat,
1605 1290 1703 1329 nec
1741 1276 1962 1345 proinde

2127 1275 2256 1346 θορά
2277 1291 2290 1305 ·
2330 1272 2593 1328 συνιστῶν
2621 1273 2730 1343 γάρ
2765 1270 2948 1333 ἑαυτὸ,
2981 1267 3124 1322 κατά
3167 1266 3327 1319 τοῦτο
3363 1265 3467 1316 οὐκ
3513 1261 3695 1314 ἔσται

394 1359 544 1411 omni
571 1375 637 1413 ex
676 1370 833 1429 parte
858 1364 1061 1416 malmn
1093 1372 1198 1426 est,
1232 1379 1332 1419 nec
1369 1367 1421 1418 in
1457 1373 1630 1419 totum
1667 1365 1962 1435 corruptio.

2122 1365 2250 1419 ακόν
2274 1381 2287 1395 ⁸
2325 1368 2372 1419 εί
2400 1366 2455 1418 δὲ
2486 1364 2769 1427 παντελῶς
2794 1361 2983 1425 κακὸν,
3015 1359 3109 1412 καὶ
3153 1355 3432 1417 παντελῶς
3467 1353 3690 1423 φθορά,

395 1444 530 1499 Nam
562 1463 670 1517 qua
724 1451 938 1506 ratione
982 1468 1104 1508 sese
1159 1462 1375 1520 tuetur,
1426 1455 1529 1509 hac
1568 1465 1717 1511 certe
1769 1458 1963 1510 malum

2130 1460 2178 1512 1‘.
2218 1456 2413 1512 ἑαυτοῦ
2445 1458 2599 1513 ἔσται
2642 1455 2992 1528 ἀναιρετικὸν
3019 1453 3114 1506 καὶ
3153 1446 3698 1519 άνύπαρκτον.Ἔκ-

398 1552 508 1591 non
542 1540 668 1595 erit.
708 1540 803 1596 Sin
831 1558 1063 1612 prorsus
1114 1546 1319 1599 malum
1370 1560 1434 1600 ac
1485 1547 1773 1616 corruptio
1822 1563 1966 1619 pror-

1835 1563 1979 1617 pror-
2086 1550 2179 1602 θου
2210 1550 2266 1603 δὲ
2300 1550 2433 1619 ἡμῖν
2462 1550 2557 1603 καί
2585 1547 2643 1601 ὃν
2677 1547 2814 1617 ἔφης
2844 1544 3201 1614 συγκράσεως
3224 1542 3403 1609 λόγον.

397 1644 494 1685 sus
529 1642 635 1696 est,
669 1634 773 1689 sibi
818 1637 984 1691 etiam
1036 1639 1263 1692 exitium
1307 1640 1486 1703 all'ert,
1538 1651 1703 1711 atque
1728 1641 1783 1696 iu
1828 1643 2063 1697 nihilum
2100 1644 2277 1699 cedet.
2314 1643 2420 1700 Sed
2446 1644 2559 1715 jam
2593 1641 2971 1713 permistionis
3040 1638 3215 1700 illius,
3284 1635 3352 1690 de
3419 1647 3534 1703 qua
3598 1631 3690 1685 ¹⁰⁶

397 1722 685 1794 quebaris.
723 1742 1034 1782 sermonem
1068 1730 1230 1785 nobis
1259 1730 1496 1801 explica.

469 1812 560 1867 28.
604 1814 1001 1881 MAR-Erant,
1043 1827 1102 1873 ut
1143 1821 1378 1889 aiebam,
1434 1821 1578 1878 Deus
1625 1831 1681 1877 et
1728 1824 2037 1893 ntateria,[

2161 1830 2266 1895 κη’.
2311 1822 2482 1877 MAN.
2510 1817 2640 1885 Ἦν,
2673 1818 2749 1883 ὡς
2787 1818 2943 1889 ἔφην,
2972 1816 3106 1879 Θεδς
3151 1814 3244 1869 καὶ
3290 1813 3412 1885 ὕλη,
3440 1812 3688 1869 ἕκαστον

401 1912 637 1973 uterque
675 1906 729 1961 in
762 1908 881 1964 suis
913 1908 1152 1976 ﬁnibus;
1191 1910 1336 1967 Deus
1370 1912 1656 1977 uitnirum,
1691 1914 1822 1978 vita,
1867 1915 1969 1980 lux,

2116 1934 2142 1968 ν
2163 1917 2275 1979 τοῖς
2301 1912 2522 1975 οἰκείοις
2542 1912 2689 1983 ὅροις
2709 1926 2722 1939 ’
2747 1910 2775 1962 ὁ
2805 1908 2903 1979 μὲν
2929 1909 3083 1973 Θεὸς,
3111 1906 3246 1977 ζωὴ,
3275 1906 3410 1974 φῶς,
3434 1905 3684 1977 κίνησις,

402 2003 605 2058 motus,
636 1999 903 2067 cognitio,
933 2001 1318 2071 intelligentia,
1355 2011 1520 2074 atque
1558 2020 1721 2060 omne
1754 2006 1970 2060 bonum:

2117 2006 2310 2070 ’νῶσις,
2342 2004 2548 2073 νόησις,
2584 2003 2681 2055 καὶ
2709 2002 2817 2055 πᾶν
2857 1998 3063 2068 ἀγαθόν
3087 2016 3101 2028 ·
3133 2000 3167 2070 η
3212 1998 3270 2049 δὲ
3315 1995 3437 2067 ὕλη,
3479 1997 3685 2058 κακία,

404 2089 631 2139 materia
661 2097 868 2154 autem,
901 2091 1126 2155 malum,
1160 2096 1469 2163 corruptio,
1512 2096 1777 2158 tenebrae,
1812 2111 1972 2160 mors1

2116 2097 2283 2167 >OOpi,
2316 2095 2525 2160 σκότος,
2551 2092 2800 2158 Θάνατος,
2836 2094 2892 2145 ὲν
2939 2089 3146 2163 ἠρεμία
3188 2090 3282 2143 καὶ
3328 2089 3528 2159 ἡσυχία
3579 2089 3684 2141 καὶ

407 2185 598 2245 pacata
624 2186 678 2231 et
706 2179 913 2248 quieta,
953 2190 1246 2252 motusque
1277 2186 1593 2241 omnimode
1620 2202 1816 2240 vacua.
1856 2185 1975 2241 Mul‘

2112 2185 2345 2256 ικινησίᾳ
2375 2182 2650 2236 παντελεῖ.
2680 2176 2813 2234 Εἶτα
2843 2179 2982 2251 μετά
3013 2179 3243 2242 πολλοὺς
3276 2178 3474 2241 αἰῶνας
3508 2181 3680 2231 ἐσται

405 2267 479 2322 tis
532 2268 737 2323 deinde
790 2272 1012 2327 saeculis
1061 2273 1290 2344 elapsis,
1349 2277 1582 2331 materia
1635 2288 1748 2330 tmn
1796 2294 1973 2333 secum

2113 2278 2274 2331 τίασεν
2304 2278 2336 2345 ἡ
2360 2275 2461 2345 ὕλη
2490 2274 2624 2345 πρὸς
2649 2271 2867 2344 ἑαυτὴν,
2899 2270 2993 2325 καὶ
3013 2273 3062 2324 οἱ
3083 2270 3286 2341 ταύτης
3310 2270 3514 2341 καρποὶ
3535 2268 3681 2340 πρὸς

407 2357 548 2426 ipsa,
591 2366 703 2411 tum
748 2358 966 2416 fructus
1013 2362 1211 2430 ipsius,
1277 2365 1485 2419 mutuis
1552 2366 1803 2422 dissidiis
1842 2368 1975 2422 inter

2112 2364 2372 2435 ιλλήλους,
2409 2361 2530 2435 [καὶ
2570 2360 2734 2433 οὕτω]
2782 2361 2893 2414 τῶν
2948 2360 3046 2431 μὲν
3092 2359 3420 2422 διωκόντων,
3455 2358 3565 2411 τῶν
3614 2359 3680 2411 δὲ

407 2461 468 2500 se
490 2457 822 2517 pugnarunt.
851 2450 973 2516 Quo
1007 2450 1212 2505 factum
1260 2461 1344 2508 est
1386 2463 1465 2520 ut,
1518 2454 1650 2509 dum
1708 2458 1800 2510 alii
1838 2459 1975 2511 inse-

2108 2457 2434 2527 ἰιωκομένων
2457 2472 2471 2487 ο
2513 2456 2608 2509 καὶ
2636 2450 2725 2526 ἦν,
2760 2452 2835 2517 ὡς
2872 2451 3030 2523 ἔφην,
3069 2453 3204 2516 Θεὸς
3233 2452 3474 2522 καϊῦλη,
3506 2467 3676 2505 τουτ-

402 2546 711 2599 ctareutur,
773 2538 1023 2608 fugerent
1074 2541 1191 2603 alii,
1244 2542 1310 2595 ad
1347 2544 1491 2599 lucis
1537 2544 1672 2599 ﬁnes
1726 2561 1960 2615 pervene

2105 2548 2205 2600 ἐστι
2237 2546 2331 2599 δύο
2369 2546 2574 2617 ἀρχαί·
2626 2545 2720 2598 καὶ
2760 2543 2855 2598 τοῦ
2907 2544 3009 2615 μὲν
3055 2544 3234 2612 φωτὸς
3265 2542 3428 2615 μέρος
3454 2541 3604 2596 ἐστὶν
3637 2544 3673 2611 ἡ

406 2626 542 2678 rint.
576 2628 774 2696 Atque,
809 2637 868 2681 ut
902 2630 1039 2695 dixi,
1069 2632 1214 2686 Deus
1242 2640 1297 2687 et
1332 2634 1584 2708 materia,
1621 2635 1726 2688 hoc
1756 2643 1838 2690 est
1877 2634 1974 2689 duc

2109 2639 2259 2711 [/Ux'h,
2293 2637 2388 2691 τοῦ
2419 2638 2475 2691 δὲ
2505 2637 2730 2700 σκότους
2757 2637 2851 2689 καὶ
2880 2635 2980 2705 τῆς
3010 2633 3145 2705 ὕλης
3173 2635 3589 2705 δημιούργημα,
3610 2632 3677 2686 τὸ

408 2718 702 2789 principia,
763 2729 973 2776 erant:
1010 2724 1249 2779 aclucis
1297 2726 1519 2793 quidem
1574 2729 1754 2796 portio
1801 2730 1976 2782 anima

2109 2731 2252 2802 ςῶμα
2271 2749 2283 2762 ·
2314 2730 2348 2801 ἡ
2376 2730 2433 2783 δὲ
2466 2728 2610 2800 μίξις
2636 2727 2811 2791 οὕτως
2835 2725 3052 2795 ἐγένετο
3072 2743 3085 2756 ο
3114 2727 3346 2779 ἕκαστον
3370 2725 3548 2778 αὐτῶν
3569 2741 3677 2777 κα-

400 2817 513 2872 est,
549 2811 895 2866 tenebrarum
939 2820 1122 2868 autem
1175 2823 1229 2869 et
1276 2817 1531 2871 materia!
1560 2832 1721 2887 opus,
1752 2832 1968 2888 corpus.

2107 2824 2157 2878 τά
2194 2823 2358 2896 μέρος
2389 2817 2555 2893 ἦν.⁹υ
2587 2820 2685 2891 μὲν
2715 2819 2918 2889 ἀγαθὸς
2947 2821 3006 2873 ὲν
3041 2821 3120 2874 ἑνὶ
3153 2819 3308 2889 μέρει
3336 2814 3423 2890 ἦν,
3447 2817 3551 2872 ὀδὲ
3571 2834 3675 2872 πο-

406 2898 582 2955 Porro
664 2905 999 2970 commistio,
1065 2906 1133 2959 ad
1211 2908 1357 2963 [tunc
1432 2909 1657 2964 modum
1733 2912 1974 2983 contigit.

2108 2915 2255 2988 μηρὸς
2313 2916 2371 2968 ὲν
2419 2912 2620 2985 τρισίν.
2650 2908 2782 2965 Εἶτα
2827 2912 3053 2983 ἐκινήθη
3102 2913 3131 2965 ὁ
3177 2911 3415 2981 πονηρὸς
3451 2910 3676 2982 ἀτάκτῳ

406 2992 717 3064 Utrumque
775 2996 971 3051 horum
1028 3001 1263 3055 seorsim
1313 3009 1475 3067 erat;
1533 3003 1712 3056 bonus
1765 3003 1818 3055 in
1880 3021 1974 3057 una

2108 3010 2236 3081 δρμῇ
2265 3008 2328 3060 ἐκ
2352 3005 2458 3059 τῶν
2484 3004 2646 3076 ὁρίων
2674 3003 2864 3069 αὑτοῦ,
2897 3005 2991 3058 καὶ
3016 2998 3181 3077 ἦλθεν
3210 3004 3292 3067 είς
3329 3002 3399 3056 τά
3425 3002 3550 3074 ὅρια
3574 3002 3676 3056 τοῦ

408 3094 587 3154 parte.
640 3088 816 3143 malus
851 3104 982 3144 vero
1023 3091 1078 3145 in
1109 3092 1315 3147 tribus.
1354 3092 1549 3149 Postea
1590 3096 1768 3150 malus
1832 3098 1976 3151 inor-

2100 3099 2297 3169 Ξιγαοοῦ
2319 3116 2331 3129 '
2361 3100 2453 3152 καὶ
2487 3099 2650 3167 γνοὺς
2674 3098 2701 3151 ὁ
2733 3096 2955 3166 ἀγαθὸς,
2986 3096 3349 3167 προεϐάλλετο
3374 3096 3433 3162 ἐξ
3472 3095 3668 3151 ἑαυτοῦ

405 3176 600 3233 dinato
655 3180 890 3248 quodam
944 3183 1189 3252 impulsu
1239 3194 1571 3253 commotus,
1615 3187 1814 3242 ﬁnibus
1870 3190 1973 3245 suis

2108 3187 2318 3257 ῖὺναμιν
2350 3185 2649 3255 λεγομένην
2686 3185 2898 3257 μητέρα
2929 3185 3093 3256 ζωῆς.
3129 3185 3237 3238 Καὶ
3276 3187 3309 3256 ή
3352 3188 3534 3259 μήτηρ
3573 3186 3676 3255 τῆς

408 3268 716 3334 excedens,
742 3272 807 3325 ad
845 3272 973 3327 boni
1007 3277 1141 3330 ﬁnes
1185 3278 1447 3332 accessit.
1480 3277 1639 3344 Quod
1682 3280 1772 3334 ubi
1815 3282 1976 3335 bonus

2106 3276 2243 3348 ζωῆς
2291 3276 2653 3349 προεϐάλλετο
2678 3276 2769 3330 τὸν
2804 3276 3016 3348 πρῶτον
3052 3276 3365 3348 ἄνθρωπον
3399 3277 3587 3331 τοῦτον
3617 3277 3674 3331 δὲ

408 3363 657 3431 agnovit,
719 3365 980 3420 virtutem
1036 3370 1357 3437 qttatndam,
1406 3385 1570 3439 quam
1609 3371 1731 3425 vita:
1772 3382 1975 3428 matre»

2107 3368 2187 3422 τὸν
2212 3367 2426 3438 πρῶτον
2450 3366 2737 3437 ἄνθρωπον
2757 3366 3017 3435 λέγω,,τὰ
3047 3366 3206 3420 πέντε
3235 3369 3494 3438 στοιχεῖα,
3517 3366 3675 3422 ἅτινά

413 3462 634 3517 vocant,
670 3469 734 3508 ex
767 3470 827 3511 se
858 3459 1125 3526 protulit:
1162 3460 1387 3530 luecque
1415 3463 1540 3517 vita:
1562 3470 1737 3516 mater
1758 3465 1981 3533 primum

2107 3461 2267 3524 tactv,
2303 3459 2434 3530 άὴρ,
2465 3457 2684 3528 ἄνεμος,
2720 3459 2856 3528 φῶς,
2889 3457 3054 3530 ὕδωρ,
3084 3459 3179 3512 καὶ
3210 3459 3342 3529 πῦρ.
3374 3457 3562 3513 Ταῦτα
3584 3454 3675 3512 οὖν

413 3546 693 3599 hominem
721 3548 1007 3617 produxit.
1042 3549 1201 3605 Hune
1233 3567 1401 3622 porro
1438 3555 1676 3623 primum
1716 3556 1981 3611 hominem

2107 3550 2454 3620 ὲνδυσάμενος
2501 3549 2732 3618 ἀπῆλθε,
2762 3549 3204 3621 καὶ“ὲπολέμησε
3248 3550 3328 3620 τῷ
3374 3550 3587 3603 σκότει·
3626 3553 3675 3604 οί

414 3641 652 3709 appello,
684 3644 930 3713 quinque
963 3644 1258 3709 elementa,
1301 3646 1564 3701 nimirmn
1612 3662 1824 3710 acrem,
1862 3664 1982 3702 ren-

2108 3642 2155 3695 Βὲ
2182 3641 2276 3695 τοῦ
2312 3642 2535 3704 σκότους
2561 3641 2821 3711 ἄρχοντες
2865 3638 3068 3709 ἔφαγον
3119 3642 3183 3693 ὲκ
3230 3640 3334 3710 τῆς
3376 3640 3676 3703 πανοπλίας

412 3732 557 3790 tum,
592 3732 795 3794 lumen,
828 3750 1027 3803 aquam
1089 3745 1142 3789 et
1172 3738 1386 3805 ignem:
1430 3754 1552 3810 qua:
1597 3754 1722 3792 cum
1778 3737 1871 3793 ille
1908 3740 1980 3792 iu-

2108 3729 2261 3785 αὑτοῦ
2293 3730 2478 3801 μέρος,
2518 3730 2548 3783 ὃ
2577 3732 2690 3783 ὲστι
2723 3730 2871 3801 ψυχή
2894 3747 2908 3759 '
2943 3728 3205 3801 κατέσχον
3223 3731 3280 3784 δὲ
3300 3731 3395 3785 καὶ
3415 3731 3510 3784 τὸν
3531 3731 3676 3801 πρῶ·

408 3821 648 3885 (luisset,
686 3823 847 3887 abiit,
877 3826 1197 3896 bellumque
1244 3844 1370 3882 cum
1418 3829 1662 3885 tenebris
1704 3831 1895 3901 gessit.
1928 3830 1976 3883 A'

2110 3839 2190 3875 τον
2221 3821 2529 3892 ἄνθρωπον,
2568 3823 2662 3875 καὶ
2694 3822 3047 3888 ἐϐασανίζετο
3077 3824 3168 3877 ὑπ’
3195 3823 3392 3887 αὐτῶν,
3416 3822 3495 3877 ὣν
3524 3824 3582 3897 ἐν
3601 3821 3678 3893 τῷ

412 3925 549 3969 vero
583 3914 931 3969 tenebrarum
964 3918 1243 3987 principes
1280 3930 1577 3975 armatura:
1611 3921 1731 3990 ejus
1757 3928 1980 3989 partem,

2110 3914 2312 3968 σκότει’
2348 3914 2443 3968 καὶ
2478 3915 2669 3985 ἐϐόησε
2701 3914 2837 3985 πρὸς
2880 3915 2974 3968 τὸν
3018 3914 3242 3982 ἀγαθὸν,
3280 3915 3373 3967 καὶ
3405 3912 3678 3985 προεϐάλο

412 4006 522 4060 hoc
572 4014 658 4061 est
709 4006 970 4071 animam,
1026 4008 1415 4079 deglutierunt.
1471 4010 1615 4076 Quin
1664 4019 1719 4065 et
1754 4012 1980 4082 primum

2110 4013 2219 4062 tero
2241 4008 2407 4079 ἄλλην
2428 4008 2679 4079 δύναμιν,
2705 4006 3005 4077 λεγομένην
3029 4005 3138 4070 ζῶν
3166 4004 3408 4076 πνεῦμα*
3433 4006 3528 4059 καὶ
3549 4020 3678 4058 κατα

412 4100 698 4156 hominem
732 4100 1129 4157 detinuerunt:
1178 4103 1271 4173 qui
1304 4118 1430 4156 cum
1473 4104 1540 4157 ab
1588 4103 1725 4174 ipsis
1757 4104 1811 4158 in
1840 4112 1980 4159 tene-

2110 4100 2249 4173 ἧλθε,
2280 4101 2375 4154 καὶ
2406 4100 2572 4154 ἔδωκε
2600 4099 2781 4164 δεξιάν
2808 4099 2886 4169 τῷ
2916 4097 3119 4170 πρώτῳ
3150 4095 3444 4168 ἀνθρώπῳ,
3472 4096 3568 4150 καὶ
3584 4098 3678 4149 άν-

416 4193 550 4248 bras
575 4193 861 4259 detrusus,
894 4195 1335 4261 excruciarctur,
1381 4194 1510 4249 boni
1541 4209 1647 4265 ope
1674 4196 1984 4267 implorata,

2112 4195 2307 4265 ίιγαγεν
2356 4193 2521 4247 αὐτόν
2542 4208 2554 4221 ⁸
2583 4192 2765 4261 ἀφῆκε
2792 4191 2853 4244 δὲ
2891 4192 3041 4245 κάτω
3067 4193 3128 4243 τὸ
3160 4189 3326 4260 μέρος
3344 4188 3394 4251 δ,
3427 4189 3456 4241 ὃ
3482 4187 3680 4256 ἔφαγον

418 4286 677 4339 virtutem
712 4285 803 4341 ille
835 4287 1062 4343 alteram
1099 4285 1293 4353 edidit,
1359 4302 1479 4357 quae
1537 4284 1772 4355 Spiritus
1825 4287 1986 4341 vivens

2111 4286 2149 4338 οἱ
2180 4285 2461 4355 ἄρχοντες,
2491 4282 2739 4335 τουτέστι
2760 4282 2859 4351 τὴν
2881 4281 3058 4351 ψυχήν
3078 4295 3095 4311 ο
3131 4282 3194 4333 ὲκ
3219 4279 3328 4351 γὰρ
3351 4280 3452 4349 τῆς
3485 4280 3679 4349 μοίρας

412 4374 748 4432 dicebatur:
782 4386 949 4447 atque
995 4378 1068 4432 ita
1115 4378 1479 4443 descendens,
1530 4380 1708 4448 ipsum
1742 4384 1980 4446 porrect:

2110 4376 2195 4429 τοῦ
2226 4374 2451 4445 ἀγαθοῦ,
2486 4373 2735 4442 ἐγένοντο
2756 4373 2813 4423 αἱ
2834 4371 3004 4443 ψυχαί
3024 4386 3036 4399 ’
3070 4372 3133 4423 ἐκ
3161 4370 3220 4424 δὲ
3244 4371 3344 4441 τῆς
3375 4370 3567 4433 οὐσίας
3583 4368 3678 4438 τῆς

414 4469 614 4521 tlextra
664 4468 717 4522 in
750 4469 919 4523 altum
956 4470 1126 4524 rexit.
1163 4470 1387 4525 Interim
1444 4478 1630 4523 tamen
1684 4470 1982 4539 portionem

1113 4510 1126 4524 .
1163 4470 1387 4525 Interim
1444 4478 1630 4523 tamen
1684 4470 1992 4539 portionem
2100 4464 2316 4528 κακίας,
2345 4464 2418 4517 τά
2450 4462 2678 4533 σώματα

412 4571 586 4629 quam
633 4570 959 4615 voraverant
1010 4561 1315 4632 principes,
1369 4562 1612 4615 animam
1647 4560 1884 4625 scilicet,
1939 4560 1993 4613 in
2035 4565 2185 4614 terra
2211 4556 2462 4627 reliquit.
2538 4554 2670 4608 Nam
2721 4568 2789 4609 ex
2865 4552 2993 4608 boni
3040 4552 3318 4632 portione,
3366 4552 3589 4618 animm,
3629 4565 3677 4609 et

414 4668 487 4705 ex
525 4650 650 4704 mali
684 4653 1014 4721 substantia,
1044 4670 1277 4725 corpora
1318 4655 1582 4724 producta
1624 4664 1775 4710 sunt.
3116 4630 3138 4653 ’³

491 4744 582 4797 29.
615 4742 825 4797 ORTll.
863 4745 944 4808 Si,
979 4755 1036 4800 ut
1069 4749 1290 4804 divinus
1315 4748 1613 4819 Apostolus
1638 4747 1713 4801 ait
1746 4747 1814 4810 ¹’⁰,
1848 4746 1996 4800 nulla
2028 4750 2059 4806 Ι]

2173 4743 2275 4798 κθ’.
2320 4742 2472 4797 ΟΡΘ.
2514 4738 2736 4796 Είκατά
2766 4738 2856 4792 τὸν
2885 4738 3025 4791 οεϊον
3067 4736 3409 4801 Ἀπόστολσν,
3444 4738 3546 4791 οὐκ
3570 4737 3677 4791 ἐστι

416 4849 550 4887 cum
583 4833 828 4888 tenebris
886 4844 972 4889 est
1024 4837 1131 4891 luci
1187 4839 1448 4905 societas,
1486 4838 1580 4907 qui
1622 4835 1741 4891 ﬁeri
1796 4836 1984 4907 potuit,

2113 4834 2359 4890 κοινωνία
2401 4834 2541 4902 φωτὶ
2584 4830 2720 4901 πρὸς
2752 4827 2960 4891 σκότος,
2989 4825 3102 4889 πῶς
3137 4827 3354 4895 ἐγένετο
3382 4826 3681 4911 σύγκρασις

421 4929 488 4977 tit
513 4923 695 4978 anima
726 4933 780 4978 et
808 4940 1008 4995 corpus
1052 4928 1196 4981 inter
1226 4945 1285 4984 se
1323 4929 1728 4986 miscerentur?
1764 4928 1821 4984 ld
1848 4928 1989 4983 enim

2112 4928 2285 5000 ψυχῆς
2313 4926 2409 4978 καὶ
2436 4924 2689 4996 σώματος
2711 4939 2725 4990 ;
2748 4920 2857 4973 Καὶ
2881 4918 3018 4987 αὑτὴ
3052 4918 3107 4971 δὲ
3134 4920 3167 4988 ἡ
3200 4919 3384 4987 πεῖρα,
3416 4919 3541 4989 ἥτις
3570 4920 3680 4970 ἐστὶ

416 5028 549 5070 esse
580 5014 942 5083 impossibile,
987 5016 1071 5070 vel
1102 5019 1222 5086 ipsa
1267 5021 1631 5088 experientia,
1673 5036 1795 5090 qua:
1834 5019 1984 5075 vanis

2113 5020 2212 5074 τῶν
2257 5018 2501 5089 ματαίων
2542 5016 2718 5083 λόγων
2767 5009 3112 5083 ίσχυροτέρα,
3139 5008 3403 5061 διδάσκει.
3431 5007 3681 5074 Εἰσῆλθες,

419 5107 784 5162 fsermonibus
818 5107 1085 5162 valentior
1123 5118 1225 5173 est,
1274 5110 1489 5166 edocet.
1525 5112 1631 5178 Qui
1659 5114 1805 5168 enim
1843 5122 1987 5168 tene-

1986 5142 2000 5153 -
2105 5112 2166 5165 τδ
2197 5111 2387 5174 σκότος
2419 5111 2497 5173 εἰς
2525 5110 2595 5163 τά
2622 5109 2749 5179 ὅρια
2777 5094 2868 5158 τοῦ
2900 5101 3094 5173 φωτὸς,
3120 5100 3215 5154 καὶ
3238 5101 3337 5154 οὐκ
3369 5098 3554 5172 ἐλύθη.

422 5191 541 5249 brae
573 5200 629 5251 in
659 5198 798 5252 lucis
828 5199 964 5255 ﬁnes
985 5199 1244 5270 ingressae
1274 5211 1425 5270 sunt,
1457 5204 1587 5273 quin
1616 5219 1845 5274 prorsus
1879 5204 1997 5260 dis-

421 5288 625 5343 linluta}
660 5288 901 5345 fuerint?

511 5421 551 5452 '°
586 5421 625 5475 ll
665 5423 792 5478 Cor.
822 5441 898 5492 vr,
955 5421 1039 5481 ιι.

500 5578 531 5623 ξ)
575 5617 628 5623 __
703 5620 727 5623 _,
1672 5537 1906 5595 νΑιιιΑς
1965 5531 2373 5623 LECTIONES.

521 5598 531 5618 ’
575 5617 667 5674 Sic
701 5620 887 5679 Bittius
928 5626 1213 5692 emendat;
1273 5627 1496 5684 Leuucl.
1531 5631 1626 5681 καὶ
1665 5630 1726 5681 τὸ
1774 5626 1960 5698 μέροςο
2013 5624 2177 5678 Βίιεῖιο
2223 5622 2363 5673 κατά
2398 5624 2487 5674 τό·
