3970 6156
270 254 411 325 1533

1259 254 1637 325 DIALOGUS
1683 257 1979 324 CONTRA
2028 255 2503 323 MANICHJ‘IOS.

3396 260 3533 326 1534

344 379 457 432 Καὶ
503 378 700 432 πάλιν·
737 375 861 439 Πῶς
904 374 1158 447 ἐχωρήθη
1209 377 1270 429 τὸ
1299 376 1488 441 σκότος
1521 379 1579 430 ὲν
1612 379 1726 442 τοῖς
1756 376 1838 429 τοῦ

2031 376 2111 428 Ae
2138 389 2373 430 rursus:
2423 373 2672 438 Quonam
2721 377 2881 441 pacto
2930 372 2987 425 in
3024 371 3166 427 lucis
3198 371 3423 443 regione
3450 375 3534 428 lo-

257 468 447 538 φωτδς
478 467 648 537 όρίοις
667 483 682 533 ;

338 557 451 610 Καὶ
480 556 642 611 πάλιν
659 573 672 587 ·
697 557 758 609 Εἰ
789 555 888 624 μὲν
911 555 1072 624 σοφὸς
1099 550 1167 626 ἦν
1189 557 1218 608 ό
1242 556 1466 623 ἀγαθὸς,
1489 556 1607 620 πῶς
1633 557 1694 609 οὐ
1720 574 1845 627 προ-

263 646 409 712 έγνω
438 644 538 715 τὴν
572 645 869 716 ἐπιδρομὴν
892 643 987 697 τοῦ
1020 644 1284 714 πονηροῦ,
1315 646 1407 698 καὶ
1444 646 1846 717 προωχύρωσεν

264 737 458 791 ἑαυτὸν
504 735 598 788 καὶ¹
642 737 734 789 τὸν
771 732 936 788 τόπον
976 733 1182 797 αὐτοῦς
1222 735 1270 786 εί
1302 735 1411 804 γάρ
1447 737 1520 804 μὴ
1552 730 1620 805 ἦν
1657 737 1843 804 σοφὸς,

262 825 402 896 μηδὲ
439 824 812 895 προγνώστης,
849 825 1058 896 μωρός’
1092 826 1185 879 τὸν
1213 826 1269 878 δὲ
1300 827 1501 896 μωρὸν,
1528 826 1644 888 πῶς
1668 826 1846 895 λέγεις

264 914 471 984 ἀγαθόν
491 933 505 981 ;

337 1006 448 1060 Καὶ
479 1005 640 1059 πάλιν
658 1022 674 1038 ·
706 1005 768 1058 Εἰ
800 1006 920 1058 ὅλον
944 1006 1007 1059 τὸ
1031 1006 1221 1068 σκότος
1243 1005 1491 1074 εἰσῆλθεν
1524 1008 1605 1069 εἰς
1631 1006 1703 1060 τά
1721 1007 1844 1078 ὅρια

264 1099 359 1153 τοῦ
396 1100 595 1168 φωτὸς,
631 1099 787 1171 κενός
815 1098 1030 1168 ἔμεινεν
1053 1103 1081 1153 ό
1109 1094 1274 1161 τόπος
1300 1098 1463 1152 αὑτοῦ
1485 1115 1500 1130 ⁸
1531 1100 1655 1152 εἰδὲ
1681 1100 1846 1170 μέρος

262 1192 453 1255 αὑτοῦ,
488 1191 606 1253 πῶς
638 1194 804 1261 μέρος
836 1193 1053 1260 ἐνίκησε
1082 1193 1173 1244 τὸν
1206 1192 1309 1244 ὑπὸ
1347 1192 1440 1244 τοῦ
1472 1192 1679 1259 ἀγαθοῦ
1706 1194 1845 1246 ἁπο-

262 1282 527 1334 σταλέντα
551 1283 852 1352 πολεμῆσαι
877 1282 1061 1352 αὐτῷξς
1089 1282 1291 1349 ἄσοφος
1314 1282 1422 1351 γὰρ
1447 1283 1475 1333 ὁ
1503 1282 1845 1335 ἀποστέλλων

261 1370 656 1441 ἀσθενέστερον
690 1372 827 1441 πρὸς
861 1371 1206 1441 ἰσχυρότερον
1225 1382 1249 1409 ε
1277 1387 1289 1399 ·
1327 1371 1359 1441 ἢ
1390 1370 1623 1439 ἀσθενὴς
1650 1373 1679 1423 ὁ
1708 1373 1847 1439 ἁγα-

257 1456 378 1522 Ὁὸς,
409 1461 437 1514 ό
460 1458 516 1513 δὲ
555 1461 789 1531 πονηρὸς
817 1462 1186 1531 ἰσχυρότερος.

332 1745 445 1798 Καὶ
476 1745 667 1798 πάλιν·
704 1744 766 1798 Et
798 1746 896 1815 μὲν
926 1747 1190 1810 ἑκουσίως
1226 1747 1530 1818 προέδωκεν
1573 1748 1602 1799 ό
1641 1742 1844 1812 ἀγαθὸς

266 1834 438 1905 μέρος
464 1835 652 1896 αὐτοῦ,
685 1836 931 1889 τουτέστι
956 1838 1055 1905 τὴν
1082 1838 1282 1907 ψυχὴν,
1314 1840 1413 1892 οὐκ
1445 1836 1669 1904 ἀγαθὸς,
1706 1838 1842 1902 ἀγα-

259 1918 360 1980 θὸν
386 1924 541 1996 κακῷ
567 1926 826 1990 ἐκδιδούς.
870 1927 995 1990 Πῶς
1019 1926 1076 1980 δὲ
1107 1929 1288 1992 αὐτὸς,
1319 1929 1376 1991 ὃς
1406 1927 1620 1981 ἔκδοτον
1644 1927 1842 1981 δέδωκε

256 2018 362 2087 τὴν
392 2018 570 2088 ψυχὴν
601 2018 681 2087 τῷ
710 2018 950 2088 πονηρῷ,
981 2020 1155 2091 κρίνει
1202 2021 1329 2083 τοὺς
1374 2020 1727 2082 δουλεύοντας
1766 2019 1845 2090 τῷ

259 2109 510 2179 πονηρῷς
563 2109 746 2180 ἐροῦσι
794 2111 903 2181 γὰρ
954 2111 1133 2181 αὐτῷ·
1179 2112 1251 2166 Σὺ
1304 2113 1623 2183 παρέδωκας
1676 2114 1841 2182 ἡμᾶς.

224 2215 229 2219 ’
274 2208 569 2279 Ἀνῄρηται
602 2212 634 2281 ἡ
671 2212 872 2281 κρίσις.
908 2212 970 2264 El
996 2210 1054 2263 δὲ
1083 2209 1245 2262 αὐτοῦ
1273 2210 1347 2278 μὴ
1383 2208 1627 2272 θέλοντος
1659 2210 1842 2279 ἀφήρ-

261 2304 445 2350 πασαν
475 2299 640 2367 μέρος
672 2299 836 2353 αὐτοῦ
862 2301 913 2352 οἱ
938 2301 1194 2369 ἄρχοντες
1219 2299 1318 2368 τῆς
1345 2298 1542 2363 κακίας
1569 2337 1583 2361 ,
1619 2300 1840 2353 ἀσθενέ-

264 2389 457 2457 στερός
488 2390 625 2454 ἐστι,
661 2392 751 2444 καὶ
794 2390 1202 2462 ἀμαθέστερος
1234 2392 1284 2443 εί
1313 2389 1528 2459 πρῶτον
1562 2390 1660 2458 μὲν
1693 2392 1842 2443 ἀπο-

260 2464 429 2540 λέσας
458 2481 622 2549 μέρος
646 2479 833 2542 αὐτοῦ,
859 2478 1113 2548 δεύτερον
1147 2479 1220 2548 μὴ
1247 2477 1495 2546 δυνηθεὶς
1517 2478 1841 2548 ἀφαρπάσαι

264 2566 330 2619 τὸ
359 2565 420 2630 ἐξ
449 2566 615 2621 αὐτοῦ
645 2570 918 2639 ἁρπαγέν.
947 2568 1012 2621 Et
1038 2566 1148 2637 γὰρ
1173 2566 1232 2631 ἐξ
1253 2566 1427 2637 ἀρχῆς
1448 2566 1548 2619 οὐκ
1581 2566 1839 2637 ἠδυνήθη,

271 2657 396 2711 οὐδὲ
432 2659 571 2728 μετὰ
596 2658 771 2712 ταῦτα
794 2659 1173 2730 δυνηθήσεται.

338 2807 463 2871 Πῶς
506 2808 563 2862 δὲ
618 2808 949 2881 παραλαϐὼν
994 2810 1121 2874 τοὺς
1176 2810 1441 2882 ἄρχοντας
1496 2811 1595 2881 τῆς
1643 2812 1839 2874 κακίας

259 2897 597 2969 ἒσταύρωσε,
631 2900 724 2952 καὶ
755 2901 818 2953 ὲκ
844 2901 954 2979 τῶν
986 2903 1206 2973 σαρκῶν
1236 2902 1400 2956 αὑτοῦ
1447 2905 1671 2975 ἐποίησε
1712 2906 1839 2967 τοὺς

1952 480 2053 518 cus
2088 464 2210 527 l‘uit,
2243 464 2335 532 qui
2370 462 2722 519 tenebrarum
2755 474 2934 531 capax
2960 473 3129 516 esset.

1966 582 1981 617 ι
2018 555 2182 628 M2
2224 556 2301 608 Ac
2348 561 2651 623 preterea:
2690 551 2751 607 Si
2797 552 2977 609 solere
3022 566 3308 621 sagasque
3349 552 3530 608 bonus

1947 655 2088 710 erat,
2116 661 2216 699 cur
2248 645 2376 698 mali
2405 645 2685 699 incursum
2729 651 2857 697 ante
2891 657 3001 697 non
3053 644 3250 708 sensit,
3303 644 3519 698 locum-

1947 753 2055 806 que
2110 751 2272 791 suum
2321 735 2708 805 praemunivit?
2764 734 2901 789 Nam
2957 735 3004 789 si
3057 749 3158 789 nec
3199 749 3390 804 sagax,
3424 751 3527 790 nec

1948 830 2218 898 praescius
2249 827 2371 892 fuit,
2408 827 2618 883 stultus
2649 824 2899 894 profecto
2933 832 3070 882 erat.
3101 826 3334 881 Stultum
3358 842 3525 896 porro

1948 935 2185 991 quonam
2215 919 2379 974 modo
2423 920 2630 974 bonum
2661 917 2904 972 dixeris?

2021 1016 2268 1084 Insuper,
2301 1016 2349 1069 si
2383 1014 2627 1069 tenebras
2652 1012 2925 1067 universae
2968 1013 3022 1064 in
3066 1011 3205 1066 lucis
3239 1012 3521 1082 regionem

1948 1104 2209 1175 ingressae
2254 1111 2417 1169 sunt;
2445 1117 2578 1173 ergo
2619 1102 2865 1172 ipsarum
2906 1100 3062 1156 locus
3121 1115 3326 1157 vacuus
3367 1116 3526 1155 man-

1948 1192 2037 1247 sit.
2072 1192 2166 1245 Sin
2214 1200 2397 1246 autem
2454 1206 2641 1245 earum
2693 1192 2944 1260 quaedam
2999 1191 3266 1246 duntaxat
3318 1193 3521 1261 portio.

1947 1297 2054 1351 qua
2083 1283 2292 1337 ratione
2324 1283 2504 1351 portio
2530 1297 2654 1336 eum
2690 1282 2848 1345 vicit,
2881 1283 2974 1350 qui
3011 1299 3040 1335 a
3079 1282 3223 1336 bono
3255 1282 3523 1338 adversus

1947 1389 2065 1427 eam
2103 1382 2447 1444 pugnaturus
2490 1374 2697 1428 missus
2742 1373 2956 1428 fuerat?
3004 1373 3326 1442 imprudens
3372 1375 3520 1429 enim

1949 1463 2135 1528 fuerit,
2173 1465 2269 1533 qui
2320 1464 2734 1519 imbecilliorem
2783 1473 2977 1518 contra
3034 1465 3314 1519 fortiorem
3365 1466 3524 1520 mise-

1947 1556 2020 1607 rit
2053 1574 2065 1608 :
2097 1563 2192 1608 aut
2221 1563 2372 1610 certe
2419 1556 2627 1620 bonus,
2686 1556 2979 1619 inﬁrmus;
3035 1557 3214 1611 malus
3245 1572 3397 1621 vero,
3425 1557 3522 1611 illo

1950 1643 2165 1698 fortior.

2018 1732 2100 1786 Ad
2135 1734 2271 1794 inec.
2305 1733 2350 1787 si
2385 1734 2565 1790 bonus
2592 1735 2739 1788 ultro
2769 1735 2851 1787 sui
2890 1735 3225 1803 portionem,
3256 1734 3372 1789 sive
3402 1734 3522 1788 ani-

1949 1837 2091 1877 mam
2132 1824 2398 1893 prodidit.
2429 1828 2607 1879 bonus
2652 1825 2844 1893 utique
2878 1840 2985 1878 non
3023 1834 3128 1889 est,
3169 1825 3268 1894 qui
3312 1826 3517 1879 bonum

1948 1912 2091 1965 malo
2140 1912 2508 1980 prostituerit.
2560 1911 2812 1977 Quanam
2869 1922 3052 1967 autem
3103 1912 3341 1979 ratione,
3391 1927 3518 1967 cum

1946 2001 2183 2054 animam
2225 2001 2344 2070 ipse
2378 2003 2522 2054 malo
2570 2001 2869 2065 dediderit,
2904 2016 2996 2057 eos
3027 2009 3216 2070 postea
3253 2001 3519 2056 danmare

1944 2079 2128 2158 queat,
2169 2091 2261 2159 qui
2321 2091 2467 2143 malo
2506 2106 2566 2145 se
2608 2091 3014 2160 maneiparint?
3062 2091 3288 2145 omnino
3312 2091 3520 2160 quippe

1945 2181 2149 2235 dicturi
2181 2190 2309 2236 sunt
2338 2200 2350 2234 ε
2383 2180 2463 2234 Tu
2499 2197 2600 2235 nos
2632 2181 2751 2249 ipse
2780 2180 3080 2235 tradidisti.
3118 2181 3210 2234 Sic
3245 2180 3517 2249 judicium

1943 2287 2104 2324 omne
2134 2272 2412 2326 sublatum
2460 2278 2567 2326 est.
2616 2269 2712 2324 Sin
2748 2256 2928 2324 autem
2975 2272 3099 2339 ipso
3134 2271 3357 2324 nolente
3389 2269 3518 2323 maSi

1944 2361 2221 2431 principes
2266 2373 2476 2430 partem
2509 2362 2683 2431 ipsius
2724 2360 3140 2429 corripuerunt,
3180 2359 3516 2414 imbecillior

1942 2460 2110 2520 atque
2145 2452 2453 2520 imperitior
2496 2458 2613 2513 est;
2664 2459 2801 2512 tum,
2831 2451 2959 2518 quia
3010 2449 3096 2502 sui
3138 2458 3345 2517 partem
3374 2447 3516 2501 ami-

1944 2543 2037 2604 sit,
2090 2552 2202 2594 tum
2234 2542 2363 2611 quia
2414 2540 2466 2595 id
2531 2542 2675 2608 quod
2719 2550 2937 2609 raptum
2983 2541 3086 2595 sibi
3129 2540 3327 2603 fuerat,
3356 2555 3513 2594 recu-

1944 2645 2135 2702 perare
2162 2645 2274 2684 non
2301 2628 2645 2684 vainit.Nam
2674 2629 2720 2684 si
2755 2631 2825 2683 ab
2845 2630 3001 2683 initio
3034 2644 3143 2684 non
3176 2629 3376 2698 potuit,
3408 2627 3514 2684 hoc

1943 2722 2188 2792 profecto
2217 2737 2498 2791 nunquam
2530 2723 2757 2791 peterit.

2010 2809 2130 2866 5am
2186 2826 2336 2874 vero,
2389 2826 2627 2880 quonam
2671 2810 2832 2864 modo
2871 2810 3247 2880 apprelicnsos
3291 2809 3516 2865 malitiae

1942 2902 2218 2971 principes
2275 2901 2586 2954 in-crucem
2640 2901 2772 2970 egit,
2804 2916 2984 2969 exque
3019 2916 3211 2956 eorum
3248 2901 3516 2957 carnibus

261 2988 616 3059 ἀνθρώπους;
656 2993 719 3046 ἐκ
764 2993 821 3045 δὲ
859 2993 967 3047 τῶν
995 2994 1167 3048 ὀστῶν
1211 2996 1375 3048 αὑτοῦ
1422 2996 1492 3050 ca
1536 2996 1659 3067 ὅρη,
1693 2996 1753 3049 τὸ
1781 2996 1836 3049 δὲ

1951 2993 2209 3055 homines,
2249 2999 2303 3045 et
2337 3007 2402 3045 ex
2435 2992 2674 3053 ossibus,
2711 3002 2928 3046 montes
2960 2991 3241 3056 condidit;
3273 3006 3396 3046 cum
3428 2992 3514 3046 in-

262 3081 432 3152 μέρος
457 3081 620 3134 αὐτοῦ
648 3082 709 3136 τὸ
743 3084 992 3153 ἀρπαγὲν
1025 3086 1085 3138 οὐ
1118 3085 1429 3156 παρέλαϐες
1463 3086 1555 3137 καὶ
1586 3083 1758 3147 οὕτως
1780 3085 1835 3138 δὲ

261 3173 565 3243 ἀναιρεῖται
595 3174 630 3243 ή
656 3173 856 3246 κρίσις.
877 3175 1133 3229 Ἀναίτιοι
1173 3176 1283 3248 γὰρ
1313 3176 1363 3229 οἱ
1395 3176 1800 3247 ἁμαρτάνοντες
1819 3193 1833 3206 θ

257 3262 312 3315 εί
341 3263 448 3333 γὰρ
474 3264 636 3327 αὐτὸς
657 3265 758 3320 οὐκ
788 3267 1020 3338 ἐδυνήθη
1049 3267 1111 3320 τὸ
1136 3267 1304 3337 μέρος
1336 3266 1499 3319 αὑτοῦ
1522 3266 1837 3332 ἀπολαϐεῖν,

260 3351 382 3416 πῶς
415 3354 448 3422 ὴ
471 3353 619 3425 ψυχὴ
647 3357 1137 3427 κατακυριευθεῖσα
1167 3357 1529 3428 δυνηθήσεται
1563 3357 1638 3427 μὴ
1665 3358 1839 3426 ἁμαρ-

260 3441 466 3506 τάνειν,
498 3445 594 3498 καλ⁸
622 3445 863 3511 ἀναίτιος
892 3446 1078 3512 gerat;
1110 3448 1219 3500 Καὶ
1240 3451 1289 3502 εἰ
1317 3450 1623 3504 τελευταῖον
1647 3449 1839 3520 δεσμή-

257 3542 345 3587 σει
392 3535 420 3587 ό
469 3534 670 3602 ἀγαθὸς
700 3536 797 3605 τὴν
827 3539 1044 3600 κακίαν,
1083 3539 1420 3611 ἀπολήψεται
1472 3540 1693 3605 τελείως
1739 3540 1838 3609 τὴν

256 3620 460 3694 ψυχὴν,
486 3624 582 3677 καὶ
614 3626 674 3678 οὐ
703 3625 1103 3699 κολασθήσεται
1137 3628 1446 3702 ἄνθρωπος.

331 3882 440 3934 Καὶ
478 3881 668 3935 πάλινο
702 3882 767 3936 Εἰ
800 3884 864 3937 ἐκ
890 3881 984 3939 τοῦ
1016 3883 1269 3955 σώματος
1298 3890 1364 3959 τῇ
1400 3886 1545 3960 ψυχῂ
1587 3892 1621 3962 ή
1648 3890 1835 3958 κακία,

260 3973 503 4037 ἀναίτιος
526 3976 557 4045 ή
591 3974 758 4045 ψυχή.

334 4064 442 4117 Καὶ
472 4065 636 4118 πάλιν
656 4080 671 4095 ’
702 4067 776 4119 Τὸ
806 4066 966 4137 σῶμα
987 4067 1179 4138 νεκρὸν
1207 4068 1481 4139 κείμενον,
1512 4072 1610 4142 οὐχ
1653 4073 1837 4144 ἁμαρ-

256 4155 431 4207 τάνει.
467 4155 677 4209 Οὐκοῦν
723 4157 823 4211 οὐκ
847 4158 912 4211 ὲκ
936 4157 1032 4212 τοῦ
1073 4160 1322 4229 σώματος
1354 4163 1388 4231 ἡ
1413 4162 1678 4232 ἁμαρτία,
1711 4162 1838 4216 ἀλλ’

256 4244 325 4299 ix
353 4244 448 4315 τῆς
482 4246 680 4315 ψυχῆς.

254 4417 304 4477 ὖ)
333 4425 642 4496 Μανιχαῖοι,
676 4429 713 4496 ήπ
761 4428 892 4497 παρ’
922 4429 1051 4497 ὑμῖν
1086 4427 1319 4499 ἄναρχος
1355 4431 1540 4494 κακία,
1589 4430 1656 4500 ἣν
1702 4430 1834 4502 ὓλην

256 4516 575 4585 ὓνομάζετε.
605 4518 894 4589 ἀσώματός
944 4521 1113 4583 ἐστιν,
1151 4520 1183 4589 ἣ
1236 4521 1418 4591 σῶμα,
1450 4520 1482 4590 ἦ
1536 4520 1830 4587 σύνθετονς

259 4613 354 4667 καὶ
379 4614 428 4666 εί
466 4613 565 4683 μὲν
596 4614 904 4684 ἀσώματος,
931 4614 1047 4679 πῶς
1075 4614 1175 4684 ’ὕλη
1198 4632 1212 4680 ;
1238 4618 1271 4686 ἡ
1304 4618 1415 4686 γὰρ
1443 4615 1541 4686 ὕλη
1573 4617 1671 4670 οὐκ
1691 4616 1836 4670 ἀσώ-

264 4720 449 4772 ματος.
467 4703 608 4757 Ἀλλ’
637 4705 764 4768 ἴσως
815 4707 1012 4775 ἐρεῖτε,
1042 4707 1124 4759 ὅτι
1176 4705 1466 4777 ἀσώματος
1517 4708 1617 4776 μέν
1663 4710 1831 4773 ἐστιν,

259 4786 483 4862 ἐποίησε
507 4793 565 4845 δὲ
594 4794 655 4846 τὸ
686 4793 863 4863 σῶμα.
897 4796 1099 4849 Εἴπατε
1128 4791 1222 4849 οὖν
1252 4799 1404 4868 ἡμῖν,
1432 4799 1496 4850 ὲκ
1524 4799 1622 4868 τῆς
1644 4799 1832 4862 οὐσίας

240 4870 452 4948 αὐτῆς,
479 4883 511 4954 ἢ
542 4882 608 4936 ὲκ
636 4883 728 4937 τοῦ
764 4884 835 4954 μὴ
864 4884 1047 4948 ὅντοςς
1088 4887 1193 4939 Καὶ
1224 4889 1269 4940 εἰ
1300 4887 1398 4958 μὲν
1427 4890 1491 4940 ἐκ
1510 4888 1610 4956 τῆς
1631 4890 1831 4959 ἑαυτῆς

258 4970 447 5032 ὀὐσίας
484 4971 705 5043 εἴπητε,
737 4972 1132 5041 ψεύδεσθε.Ὲκ
1171 4975 1278 5045 γὰρ
1309 4977 1602 5045 ἀσωμάτου
1645 4978 1831 5042 οὐσίας

263 5059 421 5130 σῶμα
441 5060 502 5114 οὐ
527 5062 889 5134 προέρχεται·
914 5063 975 5116 τὸ
995 5062 1101 5134 γὰρ
1128 5064 1286 5132 φύσει
1318 5066 1577 5133 πεφυκὸς,
1601 5068 1660 5119 οὐ
1697 5068 1830 5137 μεθ-

240 5143 477 5205 ,ἔσταλται
494 5166 509 5183 ⁸
534 5152 656 5205 οὔτε
688 5154 745 5217 ἐξ
774 5156 1066 5223 ἀσωμάτου
1096 5158 1175 5221 εἰς
1198 5158 1356 5228 σῶμα
1381 5157 1538 5211 οὐσία
1556 5160 1831 5230 τραπήσε-

262 5258 372 5307 ται,
401 5242 523 5295 οὐδὲ
545 5244 609 5297 ὲκ
630 5243 881 5314 σώματος
904 5247 981 5310 είς
1004 5247 1313 5318 ἀσώματον,
1345 5247 1467 5302 οὐδὲ
1499 5250 1563 5302 ὲκ
1586 5248 1828 5317 λογικοῦ,

265 5333 340 5397 τίς
355 5332 569 5403 ἄλογον,
582 5335 701 5390 οὐδὲ
723 5334 783 5401 ἐξ
804 5336 1000 5407 ἀλόγου
1014 5340 1095 5403 εἰς
1110 5339 1345 5410 λογικόν.
1364 5341 1425 5395 Ἡ
1442 5341 1550 5413 γὰρ
1569 5340 1831 5411 οὐσιὼδης

1942 3085 2096 3138 terim
2129 3084 2409 3153 abreptam
2438 3082 2522 3137 sui
2550 3082 2856 3151 portionem
2887 3081 3003 3151 ipse
3048 3097 3155 3134 non
3207 3072 3514 3149 receperit?

1942 3175 1994 3228 in
2024 3189 2136 3244 quo
2168 3173 2335 3240 etiam
2375 3173 2646 3243 judicium
2690 3171 2916 3227 tollitur.
2964 3170 3056 3226 Sic
3087 3171 3232 3225 enim
3265 3172 3358 3240 qui
3389 3186 3515 3243 pec-

1939 3272 2090 3325 cant,
2137 3272 2294 3319 extra
2351 3263 2569 3332 culpam
2621 3268 2771 3318 sunt.
2806 3259 2943 3314 Nam
2992 3277 3117 3316 cum
3167 3262 3395 3330 ipsemet
3426 3261 3513 3316 sui

1940 3354 2248 3424 portionem
2295 3366 2626 3422 recuperare
2669 3350 2998 3422 nequiverit,
3043 3351 3269 3420 quinam
3304 3351 3509 3417 anima,

1940 3460 2060 3514 qua)
2087 3444 2376 3516 tyrannide
2407 3424 2677 3515 oppressa
2721 3450 2829 3509 est,
2872 3444 3070 3513 poterit
3097 3443 3231 3512 quin
3286 3438 3512 3513 peccet?

1940 3549 2005 3589 ac
2046 3534 2272 3604 proinde
2300 3536 2495 3592 insons
2524 3536 2649 3591 erit.
2688 3535 2843 3601 Quod
2881 3534 2927 3588 si
2961 3543 3242 3604 postremo
3291 3534 3512 3589 tandem

1939 3624 2116 3679 bonus
2166 3625 2367 3678 malum
2422 3633 2683 3695 tanquam
2735 3623 2948 3679 catenis
2984 3623 3342 3678 devincturus
3385 3633 3509 3690 est,

1940 3730 2165 3784 prorsus
2185 3730 2408 3786 quoque
2437 3716 2673 3771 animam
2701 3722 3026 3786 recepturus
3065 3722 3172 3779 est,
3205 3731 3307 3771 nec
3334 3715 3512 3786 poenis

1940 3805 2209 3861 aliicietur
2236 3807 2423 3861 homo.

2011 3895 2222 3967 Rursus
2248 3914 2261 3951 :
2296 3897 2355 3952 Si
2390 3913 2591 3968 corpus
2628 3900 2684 3953 in
2717 3914 2888 3956 causa
2914 3906 3025 3966 est,
3054 3914 3156 3955 cur
3187 3900 3367 3954 anima
3389 3912 3516 3970 pec~

1939 3999 2044 4053 cet,
2081 3990 2263 4042 anima
2290 3991 2409 4059 ipsa
2440 3991 2605 4059 culpa
2636 4001 2821 4046 vacat.

2007 4081 2216 4136 Deinde
2245 4101 2259 4136 :
2294 4084 2505 4151 Corpus
2540 4090 2717 4139 morte
2764 4084 3100 4140 exstinctum
3134 4097 3244 4137 non
3278 4089 3508 4152 peccat:

1936 4187 2068 4241 ergo
2093 4187 2202 4227 non
2234 4188 2262 4226 a
2298 4188 2551 4243 corpore,
2609 4175 2705 4230 sed
2744 4175 2814 4228 ab
2864 4175 3042 4229 anima
3072 4182 3358 4243 peccatum
3392 4187 3511 4240 proa-

353 4263 383 4297 τ
425 4264 448 4307 ς
525 4264 554 4297 υ
634 4263 680 4300 ς.
1580 4289 1587 4294 .

328 4263 418 4387 λ’Ϊ]
436 4263 592 4403 Πῖρίζ
593 4263 774 4403 21ης,
799 4339 852 4389 εὶ
882 4336 1216 4406 ἀσώματος.
1256 4368 1323 4380 -
1348 4338 1551 4393 Εἴπατε
1589 4339 1646 4391 δὲ
1678 4341 1829 4410 ἡμῖν,

1951 4263 2223 4318 iciscitur.

2007 4355 2096 4407 50.
2134 4354 2206 4407 De

2007 4348 2099 4407 50.
2134 4354 2206 4407 De
2266 4356 2512 4417 materia,
2568 4355 2701 4408 sitne
2739 4355 2978 4421 corporis
3020 4356 3339 4420 expers?-
3366 4354 3507 4407 Illud

1935 4460 2100 4514 porro
2149 4444 2330 4506 nobis,
2389 4462 2423 4499 υ
2483 4444 2787 4508 Manichaei,
2826 4444 3035 4499 dicite:
3086 4444 3289 4497 Malum
3350 4443 3507 4510 illud,

1934 4534 2078 4605 quod
2118 4534 2380 4603 principii
2414 4551 2613 4604 expers
2646 4549 2772 4590 esse
2819 4537 3080 4600 censetis,
3125 4550 3191 4589 ac
3226 4536 3509 4590 materiam

1935 4628 2245 4698 appellatis,
2272 4642 2579 4697 corporene
2629 4637 2809 4693 vacat,
2858 4636 2914 4682 et
2956 4629 3397 4697 compositione;
3439 4644 3510 4684 an

1935 4733 2157 4787 corpus,
2184 4732 2250 4772 ac
2279 4719 2647 4787 compositum
2680 4718 2801 4773 est?
2824 4717 2904 4772 Ac
2940 4718 2987 4774 si
3013 4719 3236 4789 quidem
3275 4734 3511 4789 corpore

1936 4821 2112 4876 vacat,
2137 4812 2231 4883 qui
2282 4814 2509 4868 materia
2563 4828 2688 4871 esse
2727 4822 2933 4884 queat:
2980 4830 3108 4870 cum
3140 4818 3371 4872 materia
3401 4832 3508 4887 non

1935 4905 2007 4960 sit
2044 4903 2408 4974 incorporea?
2440 4904 2521 4959 An
2575 4904 2832 4962 fortassis
2877 4906 3084 4964 dicturi
3128 4910 3287 4976 estis,
3317 4925 3512 4980 (ξονι)οι

1937 5006 2084 5043 ream
2120 4990 2341 5060 quidem
2367 4992 2514 5046 illam
2547 5008 2654 5047 non
2684 5010 2829 5061 esse,
2865 5007 3123 5053 caeterum
3158 5014 3357 5068 corpus
3379 5013 3503 5053 con»

1937 5081 2156 5136 fecisse.
2199 5082 2512 5149 Quaerimus
2545 5085 2730 5155 itaque
2759 5104 2825 5142 ex
2853 5090 3032 5153 vobis,
3068 5106 3133 5143 ex
3168 5105 3342 5143 suane
3372 5090 3507 5143 sub-'-

1936 5173 2161 5238 stantia,
2188 5190 2255 5228 an
2284 5191 2348 5231 ex
2380 5176 2590 5231 nihilo?
2616 5176 2672 5231 Si
2701 5194 2764 5233 ex
2808 5196 2908 5235 sua
2941 5180 3250 5233 substantia
3296 5179 3509 5233 dixerie

1937 5261 2048 5326 tis,‘
2071 5277 2099 5314 a
2133 5278 2268 5317 vero
2298 5281 2477 5320 sermo
2511 5250 2692 5322 vester
2729 5269 3069 5323 abhorrebit.
3102 5266 3158 5320 Si
3187 5267 3409 5337 quidem
3437 5282 3504 5323 ex

1937 5367 2004 5406 ea
2033 5354 2345 5409 substantia
2375 5373 2496 5426 (lure
2527 5373 2760 5428 corpore
2803 5368 2983 5424 vacat,
3022 5374 3227 5429 corpus
3279 5358 3504 5417 minime

1535 5469 1771 5531 νΑιιιλΕ
1812 5477 2211 5538 LECTIONES.

298 5597 324 5640 δ
362 5598 532 5657 Basil.
563 5605 697 5671 πρὸς
731 5607 1079 5681 ἰσχυρότερα.
1126 5611 1196 5666 At
1222 5608 1409 5667 Latina
1453 5612 1747 5669 translatio
1782 5613 1944 5671 habet
1987 5616 2221 5685 fortiori.
