3980 6140
500 258 638 324 1535

1752 256 1812 316 S.
1850 254 2169 318 JOANNIS
2202 256 2629 318 DAMASCENI

3646 257 3671 311 1
3682 254 3788 314 536

501 371 897 444 progredictur.
938 367 1077 423 Nam
1129 366 1273 438 quod
1322 376 1519 422 natura
1573 367 1801 422 insitum
1855 375 1961 430 est,
2020 369 2074 421 in

2196 367 2422 438 ποιότης,
2437 370 2694 442 ἀκίνητος
2711 387 2725 402 ·
2743 370 2811 424 τὰ
2823 371 2881 424 δὲ
2900 370 3302 442 μεταϐάλλοντα
3317 368 3416 423 καὶ
3430 368 3781 439 τρεπόμενα,

499 463 648 519 aliud
688 478 796 517 non
837 461 1042 532 migrat
1067 474 1202 514 :nec
1229 460 1342 514 ulla
1373 459 1683 516 substantia
1714 476 1778 515 ex
1818 460 2078 529 incorpo-
2108 480 2110 482 ν

502 571 596 610 reo
627 555 681 609 in
714 568 916 623 corpus
944 554 1200 618 vertitur,
1250 565 1353 606 nec
1380 565 1448 607 ex
1477 566 1714 622 corpore
1739 552 1795 606 in
1821 552 2080 622 incorpo-

501 661 676 708 reum,
720 660 823 699 nec
856 660 922 698 cx
956 643 1214 698 rationali
1247 644 1301 697 in
1347 643 1577 699 rationis
1627 658 1845 712 expers,
1880 658 1982 697 nec
2012 658 2078 697 ex

501 742 732 797 rationis
788 748 1032 810 experte,
1102 740 1159 793 in
1215 739 1455 795 rationis
1526 743 1827 809 particeps.
1888 742 2082 810 Neque

503 834 651 887 enim
671 830 986 886 cssentialis
1020 829 1266 899 qualitas
1321 829 1644 885 submoveri
1692 839 1892 900 potest.
1950 831 2082 897 Quae

502 931 684 978 autem
737 931 1042 986 mutantur,
1111 921 1415 975 accidentis
1466 922 1699 990 gratione
1751 930 2077 985 mutantur;

502 1031 625 1085 quae
685 1015 907 1083 quidem
972 1013 1284 1067 accidentia
1339 1012 1544 1066 adsunt
1583 1020 1638 1067 et
1680 1014 1880 1067 absunt
1942 1013 2080 1067 citra

505 1107 739 1175 subiecti
805 1104 1243 1174 corruptionem.
1297 1103 1454 1168 Quod
1497 1104 1544 1159 si
1603 1119 1671 1158 ex
1706 1103 1866 1175 443
1913 1105 2083 1158 nihilo

504 1199 801 1260 dixeritis;
836 1196 973 1249 illud
1002 1211 1200 1250 rursus
1227 1210 1255 1247 a
1299 1196 1457 1250 vobis
1501 1210 1766 1264 quanam,
1821 1195 2082 1264 quidnam

505 1302 688 1343 causae
719 1288 811 1353 sit,
842 1300 1016 1356 quare
1060 1301 1184 1340 cum
1221 1286 1590 1354 incorporeus
1614 1293 1668 1340 et
1703 1286 1880 1340 malus
1913 1297 2083 1349 esset,

506 1380 574 1434 de
605 1379 768 1433 malis
822 1378 1273 1431 coznuiistionem
1317 1376 1467 1429 illam
1522 1392 1632 1431 non
1688 1375 1923 1431 fecerit?
1984 1392 2085 1430 cur

506 1482 618 1522 non
653 1466 864 1520 animas
890 1480 1113 1534 quoque
1146 1472 1350 1518 natura
1403 1463 1592 1519 malas
1617 1464 1768 1529 fecit,
1813 1465 2083 1535 quemad-

506 1557 728 1610 modum
773 1564 827 1610 et
870 1570 1098 1625 corpus,
1139 1555 1286 1625 quod
1325 1565 1525 1609 natura
1577 1547 1779 1609 malum
1836 1570 1962 1611 esse
1998 1571 2085 1610 as-

507 1648 738 1704 seritis?
768 1646 1044 1712 Quidnam
1075 1662 1259 1701 causae
1290 1654 1395 1711 est,
1425 1646 1786 1716 quamobrem
1827 1647 2085 1716 nequitia:

509 1755 624 1795 suae
657 1747 867 1809 partem
900 1738 1030 1793 boni
1062 1736 1468 1792 admiscuerit?
1497 1734 1685 1806 Neque
1718 1737 1865 1791 enim
1906 1737 2085 1793 bonus
2118 1720 2157 1773 Β

511 1832 616 1886 hoc
664 1830 815 1885 fecit.
866 1830 947 1884 Ex
1000 1843 1113 1899 quo
1143 1827 1465 1891 coniicitur,
1515 1838 1718 1882 utnon
1768 1829 1953 1899 plene,
1986 1844 2090 1885 nec

2183 460 2325 513 κατὰ
2347 461 2691 532 συμϐεϐηκὸς
2720 464 3002 533 τρέπεται,
3021 464 3056 516 ἆ
3080 479 3200 516 τινα
3223 462 3486 530 γίνονται,
3509 458 3610 510 καὶ
3638 459 3781 508 ἀπο-

2180 557 2420 626 γίνονται
2445 558 2566 627 δίχα
2596 557 2698 627 τῆς
2729 557 2824 611 τοῦ
2859 558 3222 626 ὑποκειμένου
3250 556 3481 627 φθορᾶς.
3512 555 3578 606 Εἰ
3606 552 3674 606 δὲ
3706 554 3782 604 εἶ-

2182 666 2322 718 πητε
2347 650 2411 701 ὲκ
2438 648 2532 702 τοῦ
2563 650 2637 719 μὴ
2667 649 2842 714 ὄντος,
2869 651 3061 703 εἴπατε
3085 651 3245 718 ἡμῖν,
3273 648 3360 700 διὰ
3389 647 3443 699 τί
3469 643 3783 714 ἀσώματος

2181 736 2317 794 οὖσα
2346 741 2441 793 καὶ
2473 741 2707 812 πονηρὰ,
2740 742 2814 810 μὴ
2845 739 3070 810 ἐποίησε
3100 741 3202 810 τὴν
3229 738 3499 809 σύμμιξιν
3530 737 3651 790 ἀπὺ
3681 754 3781 788 πο-

2182 831 2391 905 νηρῶν;
2428 832 2516 886 διὰ
2540 833 2594 886 τί
2624 831 2700 904 μὴ
2724 832 2946 901 ἐποίησε
2971 834 3064 886 καὶ
3092 832 3271 901 ψυχὰς
3302 830 3462 899 φύσει
3498 827 3781 898 πονηρᾶς.

2182 922 2258 983 ὡς
2292 923 2386 975 καλ⁵
2429 922 2491 974 τὸ
2538 922 2718 992 σῶμα,
2749 925 2825 986 ὡς
2879 922 3090 990 λέγετε,
3126 922 3286 991 φύσει
3332 922 3544 986 κακόν;
3592 918 3691 971 διὰ
3732 918 3782 968 τί

2185 1011 2486 1081 συνέκρασε
2515 1014 2580 1083 τῇ
2612 1012 2805 1066 ἑαυτοῦ
2832 1012 3003 1084 κακίᾳ
3035 1011 3199 1083 μέρος
3218 1010 3311 1065 τοῦ
3335 1010 3553 1079 ἀγαθοῦ
3575 1028 3592 1075 ;
3616 1013 3649 1062 ὁ
3671 1010 3781 1078 γὰρ

2183 1101 2386 1168 ἀγαθὸς
2417 1102 2576 1155 τοῦτο
2606 1103 2707 1156 οὒκ
2749 1105 3040 1174 ἐποίησεν-
3088 1104 3162 1166 ὦς
3202 1119 3261 1155 τε
3305 1104 3365 1155 οὐ
3401 1102 3617 1163 τελέως
3665 1102 3781 1152 ἐστὶ

2186 1192 2419 1263 πονηρὰ,
2448 1192 2564 1247 ἀλλ’
2594 1193 2706 1263 ἔχει
2738 1194 2902 1264 μέρος
2936 1193 3160 1261 ἀγαθόν.
3200 1194 3308 1247 Καὶ
3340 1193 3523 1245 ταῦτα
3565 1191 3693 1260 μὲν,
3734 1192 3781 1242 εἰ

2186 1283 2478 1353 ἀσώματον
2496 1284 2705 1352 λέγετε.
2731 1286 2793 1339 Εἰ
2817 1287 2873 1339 δὲ
2896 1285 3075 1357 σῶμα,
3101 1285 3218 1347 πῶς
3238 1284 3467 1355 ἐκινήθη
3488 1301 3505 1347 ;
3530 1284 3655 1335 Πᾶν
3672 1282 3781 1349 γὰρ

2186 1373 2346 1444 σῶμα
2385 1374 2504 1427 καθ’
2528 1375 2689 1428 ἑαυτὸ
2722 1374 3123 1446 ἁπροαίρετονά
3145 1375 3239 1428 καὶ
3262 1375 3458 1444 νεκρόν
3478 1389 3494 1401 ο
3525 1373 3652 1436 πῶς
3689 1367 3781 1425 οὖν

2186 1465 2439 1537 ὲκινήθη;
2478 1467 2562 1530 τίς
2599 1467 2747 1538 αὐτῷ
2781 1468 2982 1521 δέδωκε
3014 1468 3113 1536 τὴν
3152 1467 3401 1535 κίνησιν;
3436 1466 3498 1518 '0
3530 1464 3781 1533 ἁγαθός

2186 1558 2286 1611 οὐκ
2323 1557 2418 1611 οὖν
2457 1558 2559 1611 οὐκ
2582 1557 2806 1626 ἀγαθὸς,
2832 1558 2865 1628 ἦ
2891 1559 2951 1610 οὐ
2979 1558 3162 1626 σοφὸς,
3188 1556 3311 1609 οὐδὲ
3334 1554 3736 1626 προνοητικὺς,
3757 1555 3781 1604 ἑ

2188 1649 2415 1718 κινήσας
2434 1648 2535 1719 τὴν
2555 1648 2771 1703 κακίαν.
2799 1649 2861 1701 ΕΞ
2884 1647 2941 1701 δὲ
2968 1646 3221 1701 σύνθετον
3243 1648 3458 1716 εἴπητε,
3489 1643 3683 1712 γνῶτε
3706 1645 3782 1695 ὅτι

2186 1741 2294 1793 πᾶν
2326 1739 2386 1792 τὸ
2420 1739 2695 1806 σύνθετον,
2722 1741 3035 1795 εὐδιάλυτον
3052 1756 3064 1768 ·
3092 1735 3188 1792 καὶ
3212 1738 3430 1808 ἀνάγκη
3453 1737 3686 1807 πρῶτον
3707 1730 3782 1786 εἷ-

2185 1847 2274 1883 ναι
2314 1830 2382 1883 τὰ
2424 1829 2591 1893 ἁπλᾶ,
2616 1830 2675 1896 ἐξ
2710 1823 2787 1883 ὧν
2824 1831 2857 1900 ή
2904 1829 3155 1893 σύνθεσις
3177 1828 3436 1896 γέγονεν·
3462 1829 3547 1889 ὼς
3566 1827 3785 1894 ἀνάγκη

510 1938 742 1992 prorsus
796 1922 999 1985 malus,
1039 1919 1138 1975 sed
1189 1919 1429 1989 quadam
1463 1934 1532 1973 ex
1585 1927 1741 1988 parte
1772 1919 1952 1974 bonus
1993 1921 2086 1975 sit.

2196 1918 2402 1990 πρῶτον
2439 1916 2576 1973 εἶναι
2598 1919 2694 1990 τὴν
2718 1920 2919 1972 πίσσαν
2951 1919 3070 1973 καθ’
3093 1918 3317 1988 ἑαυτὴν,
3341 1917 3440 1971 καὶ
3473 1917 3574 1969 τὸν
3614 1915 3787 1985 κηρὸν

510 2015 687 2081 Atque
716 2013 832 2066 haec
864 2027 890 2063 a
920 2010 1080 2064 vobis
1110 2008 1296 2063 all'erri
1336 2015 1568 2077 queant,
1601 2006 1646 2062 si
1690 2023 1818 2062 cum
1859 2022 2091 2078 corpore

2196 2010 2311 2065 καθ’
2333 2010 2547 2076 ἑαυτὸν,
2585 2013 2679 2066 καὶ
2714 2012 2836 2065 τότε
2876 2011 3133 2080 γενέσθαι
3167 2012 3265 2081 τὴν
3304 2010 3401 2062 τοῦ
3438 2008 3785 2081 κηροπίσσου

514 2116 709 2155 vacare
754 2099 1028 2153 dixeritis.
1083 2096 1179 2151 Sin
1224 2104 1412 2151 autem
1449 2112 1654 2166 corpus
1702 2105 1810 2162 est,
1847 2110 2089 2166 quonam

2196 2103 2727 2159 σύνθεσιν.Ἔσονται
2752 2099 2846 2159 οὖν
2884 2104 2986 2175 τῆς
3023 2105 3217 2167 κακίας
3247 2102 3418 2175 ἀρχαὶ
3454 2101 3577 2166 δύο,
3606 2100 3784 2154 καὶού

511 2199 674 2263 pacto
708 2199 888 2245 motus
918 2188 1062 2242 fuit?
1110 2186 1288 2261 Omne
1338 2187 1612 2256 siquidem
1660 2202 1864 2257 corpus
1894 2203 2094 2242 secnn-
2197 2194 2315 2265 μία,

513 2286 642 2341 dum
675 2301 732 2340 se
763 2284 981 2339 consilii
1018 2297 1217 2351 expers
1283 2290 1340 2336 et
1384 2290 1666 2336 mortuum
1720 2283 1836 2338 est?
1884 2282 2123 2350 Quinam
2201 2304 2338 2359 ergo
2385 2299 2568 2345 motus
2627 2292 2747 2347 est?
2799 2292 2935 2357 Quis
2981 2293 3085 2360 ipsi
3138 2301 3351 2347 motum
3400 2290 3598 2346 dedit?
3646 2290 3786 2346 Num

512 2380 727 2437 bonus?
763 2380 926 2448 Atqui
956 2393 1057 2433 nec
1101 2379 1305 2443 bonus,
1336 2392 1437 2432 nec
1473 2379 1720 2448 sapiens.
1753 2394 1854 2434 nec
1896 2381 2160 2449 providus
2188 2385 2284 2450 sit,
2327 2386 2421 2455 qui
2453 2386 2600 2441 malo
2665 2394 2874 2441 motum
2943 2385 3223 2439 indiderit.
3272 2383 3435 2449 Quod
3501 2385 3557 2439 si
3636 2400 3786 2441 cont-

514 2477 753 2546 positum
807 2474 1030 2536 dicatis,
1089 2473 1225 2527 illud
1278 2471 1724 2538 animadvertite,
1776 2474 2049 2545 quidquid
2128 2480 2505 2550 compositum
2555 2488 2661 2544 est,
2734 2482 2787 2536 id
2858 2480 3022 2535 facile
3082 2480 3313 2535 dissolvi
3364 2495 3557 2549 posse.
3618 2479 3784 2545 Quin,

514 2568 791 2638 simplicia
822 2580 1044 2635 quoque
1080 2565 1235 2634 prius
1280 2579 1400 2618 esse
1447 2578 1740 2618 necessum
1808 2574 1917 2629 est,
1968 2581 2133 2635 quam
2202 2571 2537 2641 compositio
2577 2571 2858 2626 exsistat:
2907 2569 3368 2639 quemadmodum
3408 2571 3578 2639 prius
3610 2571 3785 2642 picem

515 2659 779 2723 seorsim,
814 2671 879 2711 ac
922 2670 1106 2710 ceram
1143 2656 1274 2710 item
1326 2656 1561 2710 seorsim
1601 2670 1725 2712 esse
1750 2664 1992 2726 oportet,
2031 2666 2092 2713 ut
2132 2661 2210 2716 ita
2237 2663 2462 2719 demum
2498 2664 2771 2735 ceropicis
2796 2663 3129 2735 compositio
3160 2664 3273 2717 tiat.
3343 2662 3527 2717 Erunt
3600 2667 3791 2734 itaque

516 2752 646 2807 mali
672 2751 942 2821 principia
978 2749 1111 2813 duo,
1145 2764 1253 2802 non
1297 2765 1493 2803 unum.

584 2845 673 2900 31.
700 2844 875 2898 Dicite
906 2845 1112 2913 itaque,
1148 2859 1180 2897 o
1208 2841 1516 2907 Manicbmi,
1543 2857 1673 2897 num
1719 2842 1830 2900 duo
1876 2845 2086 2916 princi-

514 2939 605 3009 pia
630 2944 809 2992 vestra
848 2936 982 2990 nihil
1018 2936 1245 2989 omnino
1274 2950 1569 2989 commune
1608 2936 1867 3004 habeant,
1903 2951 1971 2991 an
2030 2937 2084 2992 in

2265 2844 2362 2916 λβ’.
2408 2846 2611 2900 Εἴπατε
2654 2842 2768 2910 οὖν,
2810 2840 2855 2900 ὦ
2891 2847 3215 2915 Μανιχαῖοι’
3262 2846 3321 2899 αἱ
3358 2847 3492 2916 παρ’
3514 2846 3659 2916 ὑμῖν
3700 2850 3791 2904 δύο

2194 2939 2363 3010 ἁρχαὶ
2387 2939 2668 3003 παντελῶς
2705 2941 2843 2993 εἰσιν
2868 2938 3244 3007 ὰκοινώνητοι,
3267 2938 3301 3007 ἣ
3344 2936 3402 2991 εν
3440 2956 3560 2992 τισι
3596 2959 3794 2996 κοινω-

516 3028 849 3098 quibusdam
897 3028 1249 3093 conveniant,
1299 3036 1355 3081 et
1415 3027 1468 3081 in
1522 3028 1854 3098 quibusdam
1923 3029 2088 3085 dissi-

2196 3030 2364 3092 νοῦσι,
2392 3032 2485 3086 καὶ
2529 3031 2585 3088 έν
2622 3050 2732 3086 τισι
2776 3033 3125 3103 διατρέρουσι;
3150 3031 3245 3083 καὶ
3279 3031 3328 3083 εἰ
3371 3031 3473 3101 μὲν
3498 3034 3793 3097 παντελῶς

517 3123 724 3178 deant?
756 3122 972 3176 Etenim
1008 3122 1054 3176 si
1092 3121 1231 3175 nihil
1259 3136 1490 3189 prorsus
1533 3136 1826 3176 commune
1863 3121 2088 3187 habent,

518 3231 688 3271 unum
716 3215 844 3278 erit,
866 3222 919 3269 ct
947 3215 1176 3268 alterum
1203 3228 1309 3265 non
1339 3213 1467 3266 erit.
1492 3209 1586 3265 Sin
1618 3204 1798 3266 autem
1823 3219 2091 3282 quatenus

519 3315 671 3372 sunt,
700 3316 932 3361 eatenus
962 3307 1107 3359 inter
1138 3319 1197 3358 se
1230 3302 1594 3368 conveniunt,
1628 3310 1743 3356 tum
1777 3303 2010 3357 alterum
2036 3303 2092 3356 in

519 3400 694 3453 altero
722 3399 1025 3463 exsistent;
1065 3398 1143 3451 uti
1171 3396 1488 3451 substantia
1520 3401 1575 3449 et
1607 3394 1885 3461 accidens,
1922 3394 2095 3463 siqui-

520 3487 644 3541 dem
673 3485 933 3541 accidens
961 3502 1057 3556 per
1089 3502 1146 3541 se
1179 3502 1287 3539 non
1319 3484 1613 3541 subsistit:
1647 3485 1729 3538 sic
1768 3485 1922 3538 color
1966 3484 2092 3539 abs-

519 3592 627 3646 que
655 3592 884 3646 corpore
922 3576 1194 3631 cxsistere
1226 3574 1441 3646 nequit.
1485 3574 1700 3644 Corpus
1751 3589 1916 3643 porro
1963 3572 2094 3629 sub-

521 3668 725 3722 stantia
758 3676 863 3731 est,
895 3667 1070 3729 color,
1104 3666 1384 3720 accidens.
1420 3664 1695 3719 Accidens
1736 3671 1918 3717 autem
1971 3663 2097 3718 abs—

521 3773 628 3826 que
672 3758 906 3825 subjecti
959 3758 1315 3827 corruptione
1351 3757 1568 3811 accedit
1625 3762 1789 3824 atque
1839 3754 2092 3809 decedit:

523 3849 781 3902 nimirum
839 3849 1126 3903 immutato
1180 3851 1389 3914 colore,
1440 3864 1649 3918 corpus
1705 3846 1848 3902 idem
1887 3852 2093 3900 manet.

526 3938 860 3999 Utrumlibet
918 3938 1095 4007 igitur
1172 3939 1360 4003 vultis,
1444 3938 1816 3993 substantiam
1885 3935 2092 3989 dicite:

523 4029 847 4084 utrumlibet
903 4043 1124 4083 rursus.
1169 4028 1448 4083 accidens.
1485 4027 1642 4093 Quod
1700 4024 1745 4081 si
1803 4035 2099 4094 utrumque

524 4122 841 4178 substantia
892 4130 999 4183 est,
1035 4119 1169 4174 illud
1214 4120 1437 4181 scitote,
1487 4117 1850 4171 substantiam
1886 4130 1916 4169 a
1969 4114 2101 4170 sub-

525 4215 729 4269 stantia
763 4228 870 4268 non
914 4212 1206 4276 dissidere,
1247 4224 1351 4264 nec
1395 4207 1761 4264 substantiam
1781 4205 2099 4261 substantiae

526 4303 831 4367 adversari,
864 4302 974 4358 nisi
1006 4300 1312 4356 accidentis
1342 4300 1582 4353 ratione.
1640 4296 1913 4361 Quocirca
1945 4295 1991 4349 si
2045 4301 2099 4349 et

2195 3127 2333 3179 εἰσιν
2356 3125 2730 3195 ἀκοινώνητοι,
2757 3127 2789 3195 ἡ
2821 3124 2915 3195 μία
2937 3123 3109 3187 ἔσται,
3140 3122 3235 3176 καὶ
3267 3124 3300 3194 ἡ
3334 3122 3433 3192 μία
3456 3124 3563 3176 οὐκ
3594 3124 3755 3178 ἔσται
3773 3144 3788 3157 ·

2195 3218 2243 3270 εί
2279 3216 2336 3270 δὲ
2377 3215 2692 3270 κοινωνοῦσι
2717 3215 2939 3270 κατὰτὸ
2961 3210 3122 3276 εἶναι,
3146 3216 3223 3278 ὡς
3256 3215 3415 3268 οὐσία
3452 3217 3549 3269 καὶ
3585 3217 3781 3288 συμϐει

2195 3308 2383 3379 ϐηκδς,
2409 3308 2468 3361 τὸ
2489 3307 2545 3361 ἓν
2567 3308 2626 3360 ὲν
2653 3308 2826 3378 ἑτέρῳ
2850 3307 2964 3377 ἔχει
2990 3308 3088 3375 τὴν
3119 3307 3356 3377 ὓπαρξιν
3377 3324 3391 3338 ·
3418 3307 3481 3360 τὸ
3502 3305 3618 3378 γὰρ
3648 3327 3792 3379 συμ-

2196 3397 2455 3469 ϐεϐηκὸς,
2476 3397 2597 3453 καθ’
2621 3397 2781 3450 ἑαυτὸ
2802 3398 2900 3467 οὐχ
2939 3396 3226 3466 ὑφίσταται
3248 3414 3261 3426 ·
3287 3397 3364 3460 ὡς
3394 3397 3459 3450 τὸ
3493 3397 3705 3467 χρῶμα
3732 3400 3793 3450 οὗ

2196 3491 2420 3544 δύναται
2446 3492 2708 3560 συστῆναι
2732 3490 2861 3544 ἄνευ
2888 3488 3328 3557 σώματος.Ἔστι
3363 3488 3421 3541 δὲ
3458 3487 3521 3540 τὸ
3563 3488 3666 3557 μὲν
3691 3489 3789 3541 σῦ-

2202 3600 2296 3653 μα,
2322 3582 2500 3643 οὐσία,
2528 3582 2588 3635 τὸ
2614 3580 2669 3634 δὲ
2692 3580 2913 3651 χρῶμα,
2941 3579 3318 3650 συμϐεϐηκός⁶
3342 3578 3405 3631 τὸ
3424 3579 3483 3632 δὲ
3508 3579 3789 3649 συμϐεϐηο

2198 3673 2294 3736 κὸς
2323 3672 2533 3740 γίνεται
2580 3672 2675 3725 καὶ
2726 3670 3049 3739 ἀπογίνεται
3092 3670 3261 3741 χωρὶς
3292 3670 3389 3738 τῆς
3419 3667 3640 3739 φθορᾶς
3694 3668 3793 3721 τοῦ

2199 3763 2588 3833 ὑποκειμένου,
2636 3763 2732 3816 τοῦ
2786 3761 3079 3833 χρώματος
3126 3759 3573 3829 ἁλλασσομένου,
3620 3762 3689 3813 τὸ
3738 3761 3794 3813 δέ

2201 3856 2362 3924 σῶμα
2388 3854 2450 3908 τὸ
2481 3854 2613 3907 αὐτὸ
2650 3853 2824 3924 μένει.
2845 3847 2971 3907 Οἷον
3001 3852 3208 3914 θέλετε,
3233 3853 3412 3905 εἴπατε
3439 3850 3669 3915 οὐσίαν,
3696 3852 3796 3905 καὶ

2198 3939 2309 3999 οἷον
2343 3944 2523 3999 θέλετε
2551 3955 2596 4008 ο,
2634 3942 3015 4013 συμϐεϐηκός·
3054 3938 3106 3995 εί
3145 3942 3201 3995 δὲ
3235 3941 3540 4012 ἀμφότεραι
3575 3941 3793 4002 οὐσίαι,

2199 4034 2374 4102 γνῶτε
2417 4033 2501 4086 ὅτι
2546 4033 2607 4086 οὐ
2637 4031 2881 4102 διαφέρει
2914 4030 3074 4084 οὐσία
3105 4030 3315 4093 οὐσίας,
3345 4027 3440 4082 καὶ
3486 4029 3595 4082 οὐκ
3644 4030 3793 4082 ἔστιν

2199 4125 2422 4180 ἐναντία
2464 4124 2621 4177 οὐσία
2653 4123 2864 4190 οὐσίας,
2896 4124 2957 4176 εἴ
2992 4122 3067 4194 μὴ
3117 4121 3261 4176 κατὰ
3313 4120 3695 4192 συμϐεϐηκός.
3731 4124 3793 4177 ΕΞ

2202 4218 2348 4271 ἔστιν
2386 4220 2415 4271 ὁ
2449 4217 2708 4288 πονηρὸς,
2734 4217 2831 4269 καὶ
2865 4214 3014 4269 ἔστιν
3032 4217 3061 4268 ὁ
3082 4213 3308 4283 ἀγαθὸς,
3329 4212 3424 4266 καὶ
3453 4212 3622 4266 οὐσία
3648 4214 3793 4266 ἐστὶν

2203 4310 2392 4371 ἀΐδιος.
2424 4309 2715 4378 ἄτρεπτος,
2754 4304 3116 4377 ὲνεργητικὴ,
3147 4302 3525 4374 δημιουργικὴ
3546 4342 3564 4366 ,
3599 4303 3791 4356 ἑκάτε-

524 4395 703 4449 malus
734 4402 787 4448 et
830 4394 1007 4447 bonus
1059 4401 1210 4465 sunt,
1270 4399 1327 4446 et
1372 4391 1534 4445 ambo
1577 4388 1888 4443 substantia
1948 4395 2094 4449 sunt,

2206 4419 2301 4474 ρον
2333 4398 2534 4461 αὐτῶν,
2565 4397 2626 4452 ἓν
2651 4399 2758 4451 εῑσι
2792 4399 2860 4469 τῇ
2895 4395 3055 4468 οὐσίᾳ
3095 4394 3419 4466 ἀμφότεροι,
3450 4393 3711 4465 ποιότητι
3738 4394 3792 4447 δὲ

525 4478 901 4549 immutabilis,
933 4483 1146 4547 eﬂicax,
1174 4481 1446 4547 creatrix;
1473 4480 1636 4534 ambo
1661 4487 1809 4535 certe
1839 4479 2102 4535 substan-

526 4575 617 4629 tiae
663 4577 879 4631 ratione
916 4590 1087 4630 unum
1148 4582 1305 4639 sunt,
1352 4582 1409 4629 et
1451 4570 1720 4644 qualitate
1770 4570 1887 4625 sola
1943 4570 2102 4627 dill'e-

526 4675 676 4722 runL

604 4760 996 4828 Rursumque:
1031 4758 1324 4825 elementa,
1358 4758 1600 4829 annique
1631 4763 2013 4829 tempestates,
2046 4763 2102 4810 et

528 4849 756 4913 coelum,
783 4858 837 4903 et
867 4859 1092 4913 terram,
1131 4864 1395 4920 mareque
1433 4851 1627 4906 eodem
1661 4865 1722 4906 se
1767 4847 2103 4917 modosem-

529 4958 629 5013 per
662 4940 867 4994 habere
913 4940 1234 5019 cernimus;
1273 4949 1602 5012 noctemque
1646 4956 1713 4996 ac
1754 4940 1921 5007 diem,
1970 4937 2104 4994 solis

531 5051 595 5089 ac
624 5032 906 5088 stellarum
939 5040 1148 5097 motus,
1182 5039 1237 5087 et
1268 5033 1499 5099 imbres,
1542 5048 1774 5104 quaeque
1800 5040 1947 5087 terra
1975 5045 2104 5101 pro-
2149 5071 2154 5076 -

530 5124 706 5187 ducit,
739 5130 887 5177 certa
920 5123 1134 5178 ratione
1185 5135 1250 5176 ac
1280 5122 1425 5178 serie
1475 5123 1777 5177 constituta
1812 5133 1978 5192 atque
2008 5137 2102 5192 gu-

529 5214 780 5268 bernata.
814 5213 1051 5269 Proinde
1082 5213 1129 5270 si
1159 5213 1270 5269 duo
1311 5212 1456 5268 inter
1493 5228 1552 5268 se
1586 5212 1860 5268 contraria
1900 5212 2107 5282 princi-

534 5306 622 5376 pia
655 5318 800 5373 sunt,
830 5306 1240 5376 quonammodo
1272 5305 1454 5361 omnia
1493 5305 1596 5359 rite
1622 5304 2027 5374 gubernantur,
2057 5302 2102 5357 si

534 5410 643 5450 non
680 5398 938 5452 amicitiae
966 5397 1146 5454 foedus
1179 5396 1541 5453 intercessit?

2203 4493 2542 4564 διαφέρουσι.

2274 4753 2387 4808 Καὶ
2417 4752 2578 4808 πάλιν
2597 4766 2610 4782 ⁸
2638 4750 2852 4823 δρῶμεν
2872 4749 2943 4804 τὰ
2966 4750 3225 4820 στοιχεῖα,
3259 4748 3359 4802 καὶ
3382 4748 3515 4811 τοὺς
3539 4748 3794 4819 καιροὺς,

2205 4844 2432 4918 οὐρανόν
2480 4861 2563 4908 τε,
2596 4841 2694 4896 καὶ
2740 4841 2867 4911 γῆν,
2900 4841 2998 4894 καὶ
3044 4838 3344 4904 θάλασσαν,
3389 4837 3481 4890 ἀεὶ
3530 4836 3796 4897 ὡσαύτως

2204 4937 2418 5008 ἔχοντα,
2458 4934 2553 4988 καὶ
2585 4931 2779 4998 νύκτα,
2810 4932 2906 4986 καὶ
2935 4931 3188 5003 ἡμέραν,
3227 4928 3385 5001 ἡλίου
3411 4946 3476 4982 τε
3506 4928 3608 4983 καὶ
3636 4926 3795 4983 ἅστέι

2166 5052 2169 5055 ν
2210 5044 2316 5099 ρων
2346 5025 2609 5096 κινήσεις,
2635 5024 2728 5077 καὶ
2756 5022 3018 5094 ὄμϐρους,
3044 5023 3139 5075 καὶ
3169 5021 3237 5075 τὰ
3266 5020 3369 5090 τῆς
3401 5019 3514 5090 γῆς
3541 5019 3791 5090 ὲκφόρια,

2206 5114 2351 5169 κατὰ
2386 5113 2545 5181 λόγον
2588 5112 2684 5165 καὶ
2730 5109 2849 5164 καθ’
2878 5110 3069 5181 εἱρμὸν
3095 5109 3435 5179 τεταγμένα,
3471 5108 3573 5162 καὶ
3608 5107 3791 5180 ῥυθμι-

2208 5207 2431 5278 ζόμενα.
2458 5207 2522 5259 Εἰ
2543 5198 2637 5258 οὖν
2663 5203 2756 5257 δύο
2784 5202 2952 5273 ἀρχαὶ
2983 5201 3238 5273 ἀλλήλοις
3262 5201 3539 5264 ἐναντίαι,
3569 5199 3694 5263 πῶς
3715 5198 3796 5250 εὑ-

2209 5301 2381 5364 Οέτως
2428 5298 2499 5353 τὰ
2542 5298 2721 5352 πάντα
2761 5294 3092 5364 διεξάγεται,
3124 5295 3174 5348 εἰ
3207 5293 3284 5367 μὴ
3317 5293 3797 5362 συνεϐιϐἀσθησαν

2210 5391 2408 5463 φιλικῷ
2437 5390 2639 5462 τρόπῳ.

1814 5527 2050 5585 VARI/ﬁ
2094 5524 2384 5582 LECTION
2395 5523 2495 5579 ES.

608 5618 637 5660 ά
680 5622 868 5678 Billius
928 5625 1336 5694 subrogandum
1392 5633 1579 5681 censet
1635 5622 1907 5695 ἀκίνητον.
1953 5632 2145 5679 contra
2177 5636 2311 5677 mss.
2346 5618 2527 5676 ﬁdem.

2611 5629 2633 5657 ε
2659 5615 2824 5672 Basil.
2868 5624 2919 5670 ct
2945 5613 3008 5667 R.
3036 5612 3249 5682 Θέλητε.
