3980 6140
221 314 352 374 1537

1178 316 1560 377 DIALOGUS
1587 313 1885 377 CONTRA
1926 256 2404 375 ΜΛΝΙΕΙίιΕΟΞ.

3325 324 3461 392 1538

286 421 350 472 Εἰ
396 418 594 491 ἑαυτὴν
626 420 911 493 ἀνήλισκεν
949 421 983 492 ἠ
1024 419 1151 494 ὕλη,
1188 426 1304 490 πῶς
1348 429 1618 493 ὲκινεῖτο;
1659 427 1707 478 εί
1736 426 1769 478 δὲ

1965 422 2203 481 Deinde:
2234 424 2281 480 si
2302 426 2531 481 materia
2553 428 2790 498 seipsam
2819 437 3198 506 consumebat,
3227 455 3458 511 quanam

218 510 354 582 πρὸς
382 511 481 582 τὴν
517 514 715 584 ἑαυτῆς
743 514 1015 570 ἀνάλωσιν
1061 519 1317 582 ἐκινεῖτο,
1354 519 1472 581 πῶς
1502 515 1666 591 ἦλθεν
1699 518 1793 572 ἐπὶ

214 602 282 656 τὰ
318 603 415 655 τοῦ
443 605 620 670 φωτὸς
653 607 808 676 apta;

282 775 349 827 Εἰ
381 780 710 850 κατωφερὴς
755 782 789 851 ἡ
835 780 958 851 ὕλη,
986 784 1081 836 καὶ
1132 785 1359 853 φυσικὸς
1410 787 1574 850 τόπος
1621 788 1791 858 αὐτῆς

208 863 280 917 τὰ
327 866 617 939 κατώτερα
669 872 760 923 καὶ
812 874 1210 945 σκοτεινότερα,
1245 876 1361 939 πῶς
1409 877 1643 932 ἐλθοῦσα
1696 880 1790 932 ἐπὶ

204 955 275 1009 τὰ
329 957 427 1011 τοῦ
483 960 662 1029 φωτὸς
707 962 871 1031 ὅρια,
924 963 1144 1033 ἐξῆλθεν
1190 967 1259 1019 ἐκ
1296 967 1397 1038 τῆς
1440 968 1642 1038 ἑαυτῆς
1689 969 1790 1037 φύ-

205 1062 348 1106 σεως
362 1064 379 1112 ;

275 1136 351 1190 Τὸ
387 1140 579 1205 σκότος
608 1144 807 1214 τυφλόν
827 1162 841 1177 ·
875 1148 991 1210 πῶς
1023 1144 1115 1203 οὖν
1141 1146 1248 1203 εἶδε
1278 1148 1337 1202 τὸ
1370 1149 1520 1219 φῶς;

272 1310 338 1361 Εἰ
371 1310 605 1378 ἄτακτος
634 1317 729 1369 καὶ
759 1316 917 1383 ἄνους
951 1322 984 1390 ἡ
1017 1319 1138 1393 ὅλη,
1168 1323 1285 1388 πῶς
1317 1324 1431 1394 ἔχει
1476 1325 1782 1397 ἄρχοντας;

196 1400 319 1464 πῶς
353 1402 416 1454 δὲ
449 1405 545 1456 καὶ
584 1407 891 1478 πολεμῆσαι
932 1410 1157 1466 δύναται
1190 1414 1269 1484 τῷ
1306 1415 1464 1484 λόγον
1503 1417 1600 1470 καὶ
1628 1417 1783 1483 τάξιν

192 1488 416 1560 ἔχοντ-ις
451 1493 484 1561 ἢ
533 1492 631 1547 καὶ
657 1495 971 1567 πολεμοῦσα
996 1502 1436 1575 ὲπικρατεστέρα
1464 1507 1777 1577 γενήσεται,

190 1578 340 1633 ὥστε
381 1583 631 1653 ἁρπάσαι
671 1603 724 1638 τι
769 1590 920 1661 παρὰ
946 1592 1038 1644 τοῦ
1075 1593 1260 1662 σοφοῦ,
1297 1596 1390 1649 καὶ
1421 1596 1496 1668 μὴ
1526 1599 1780 1669 ἁρπαγῆ-

191 1686 316 1760 vat;
360 1672 430 1724 El
456 1672 513 1725 δὲ
537 1675 565 1726 6
593 1677 800 1744 ἀγαθὸς
830 1681 1174 1753 συνεχώρησε
1209 1684 1373 1755 μέρος
1397 1687 1564 1741 αὐτοῦ
1593 1689 1778 1760 ἁρπα-

194 1848 403 1903 ὲαυτοῦ
453 1852 596 1923 ὅρια,
630 1854 691 1908 οὐ
737 1854 1021 1929 δυνηθείςο
1072 1861 1189 1914 ἀλλ’
1222 1865 1568 1935 ἰσχυρότερος
1604 1869 1633 1919 6
1683 1884 1780 1920 πο-

193 1941 391 2010 νηρὸς,
419 1946 510 1996 καὶ
541 1945 860 2013 δολοπλόκος
883 1951 912 2002 6
945 1951 1167 2018 ἀγαθός.
1205 1955 1315 2009 Καὶ
1352 1955 1469 2020 πῶς
1514 1958 1717 2026 ἀγαθὸς
1751 1959 1780 2010 6

194 2029 336 2096 Θεὸς
361 2030 409 2101 ί,
447 2035 604 2107 δόλῳ,
644 2039 741 2091 καὶ
766 2039 841 2110 μὴ
873 2040 1099 2113 δυνάμει
1128 2043 1439 2115 χρώμενος;

271 2295 351 2348 Τὸ
405 2296 490 2350 ἀεὶ
534 2297 797 2365 ὡσαύτως
843 2300 985 2372 ἕχον,
1018 2302 1250 2373 ἀλήθειά
1273 2306 1422 2362 ἐστιν
1446 2323 1459 2337 °
1489 2311 1522 2380 ἡ
1554 2309 1611 2362 δὲ
1643 2311 1776 2383 ἀλή-

196 2389 324 2443 θεια
360 2390 563 2459 ἀγαθόν
584 2408 598 2423 ο
630 2392 690 2446 τὸ
739 2394 797 2447 δὲ
847 2396 1100 2466 ἄναρχον,
1131 2397 1422 2470 ἄτρεπτον.
1458 2401 1521 2454 El
1560 2398 1653 2456 οὖν
1679 2403 1775 2456 ἄν·

195 2499 373 2552 αρχος
417 2484 451 2552 ἡ
500 2483 622 2555 ὕλη,
660 2485 751 2538 καὶ
793 2486 1060 2556 ἄτρεπτος
1103 2489 1294 2543 ἔσται·
1322 2492 1370 2543 εί
1400 2491 1458 2544 δὲ
1486 2493 1772 2564 ἄτρεπτος,

195 2573 289 2624 ἀεὶ
339 2572 600 2638 ὡσαύτως
641 2575 869 2647 ἔχουσαο
920 2580 968 2630 εί
1005 2579 1063 2632 δὲ
1110 2579 1198 2632 ἀεὶ
1240 2579 1503 2647 ὡσαύτως
1552 2584 1772 2656 ἔχουσα,

196 2662 432 2734 ἀλήθειά
457 2666 604 2719 ἐστιν
625 2684 638 2698 ·
670 2668 721 2719 εί
749 2668 806 2721 δὲ
838 2669 1071 2740 ἁλήθειά
1108 2672 1280 2738 ἐστιν,
1311 2674 1514 2744 ἀγαθὸν
1544 2676 1719 2734 ἔσται.

1229 2782 1271 2811 θ’

275 2922 342 2977 Et
367 2922 424 2976 δὲ
450 2922 707 2996 τρέπεται
737 2923 770 2994 ἡ
797 2922 918 2995 ὕλη,
949 2924 1008 2989 ὲξ
1036 2926 1244 2996 ἀγαθοῦ
1269 2931 1535 3001 τρέπεται
1562 2936 1642 2998 είς
1672 2952 1774 2988 κα-

199 3014 322 3078 κὸν,
355 3015 447 3068 καὶ
475 3014 740 3086 πρότερον
777 3011 911 3069 οὖσα
940 3018 1140 3089 ἀγαθὴ,
1171 3019 1395 3091 ὕστερον
1424 3023 1637 3092 ἐγένετο
1666 3042 1767 3078 και·

199 3107 276 3176 κή
298 3121 313 3136 ’
346 3105 378 3176 ἦ
408 3106 472 3159 ὲκ
504 3104 674 3159 κακοῦ
709 3107 788 3169 είς
815 3107 1040 3175 ἀγαθὸν,
1077 3110 1173 3162 καὶ
1205 3112 1469 3181 πρότερον
1503 3108 1635 3173 οὖσα
1668 3131 1766 3167 κα-

200 3197 295 3268 κὴ,
327 3196 549 3268 ὕστερον
579 3196 791 3265 ἐγένετο
817 3196 998 3269 ἀγαθή
1023 3216 1037 3231 ·
1079 3202 1113 3271 ἡ
1147 3201 1253 3271 γὰρ
1293 3203 1466 3275 τροπὴ
1495 3205 1573 3268 είς
1598 3204 1660 3259 τὸ
1684 3207 1770 3259 ὲν-

198 3288 387 3341 αντίον
423 3288 568 3358 ἄγει.

283 3379 349 3431 Ἦ
391 3380 559 3444 ἀΐδιος
604 3380 782 3447 οὐσία,
815 3381 1084 3455 ἄτρεπτος
1110 3383 1292 3436 ἐστιν·
1332 3384 1392 3438 οὐ
1427 3385 1535 3457 γὰρ
1574 3387 1640 3440 ὲκ
1690 3386 1766 3457 μὴ

200 3468 353 3531 ὄντος
377 3465 537 3540 ἦλθεν
568 3472 649 3536 είς
677 3471 740 3526 τὸ
767 3468 906 3526 εἶναι
931 3488 944 3502 ·
976 3473 1098 3527 οὐδὲ
1125 3476 1157 3545 ἡ
1194 3473 1427 3546 ὓπαρξις
1471 3478 1537 3530 ὲκ
1568 3493 1772 3548 προκο-

198 3562 312 3627 πῆς
332 3577 344 3592 ·
381 3561 646 3631 ἄτρεπτος
689 3564 798 3636 γὰρ
825 3566 858 3636 ἡ
887 3563 1075 3617 οὐσίαο
1106 3564 1311 3633 ἀγαθὸς
1339 3560 1430 3620 οὖν
1455 3567 1483 3619 6
1515 3566 1647 3630 Θεὸς
1674 3566 1768 3620 καὶ

197 3650 392 3713 ἀΐδιος,
418 3653 516 3722 οὐχ
561 3654 817 3721 ὑπέμεινε
846 3655 1077 3726 τροπὴν,
1119 3655 1233 3709 ἀλλ’
1260 3656 1346 3709 ἀεὶ
1382 3657 1584 3725 ἀγαθός
1608 3659 1729 3710 ἐστι
1747 3673 1763 3689 ο

194 3743 294 3795 καὶ
322 3741 359 3795 ἃ
389 3742 444 3796 δὲ
488 3747 634 3797 ποιεῖ
659 3746 838 3813 ἀγαθά
867 3749 1042 3801 ἐστιν’
1074 3748 1138 3801 ἐκ
1167 3747 1273 3819 γὰρ
1304 3747 1398 3801 τοῦ
1427 3747 1632 3816 ἀγαθοῦ
1665 3748 1766 3802 οὐκ

193 3836 433 3905 ἐγχωρεῖ
460 3835 606 3889 κακὰ
635 3838 911 3906 γίνεσθαι*
939 3839 1090 3909 ὅμως
1133 3839 1191 3892 δὲ
1227 3838 1457 3910 τρεπτὰ,
1486 3839 1672 3911 ἐπειδὴ
1700 3840 1777 3893 ex.

191 3927 292 3980 τοῦ
328 3928 404 3998 μὴ
438 3928 590 3992 ὄντος
622 3932 704 3994 είς
742 3931 803 3983 τὸ
836 3927 975 3985 εἶναι
1004 3932 1265 4002 παράγει.
1298 3930 1380 3984 Τὰ
1406 3931 1500 3984 οὗν
1545 3932 1761 3997 λογικὰ,

192 4020 422 4072 δεκτικὰ
458 4020 554 4091 μέν
599 4023 715 4075 ἐστι
762 4023 990 4094 τροπῆς,
1024 4021 1112 4076 διὰ
1139 4022 1238 4092 τὴν
1269 4023 1334 4075 ὲκ
1363 4021 1458 4075 τοῦ
1505 4023 1580 4093 μὴ
1612 4023 1765 4085 ὄντος

192 4111 281 4171 εἰς
305 4109 365 4162 τὸ
392 4104 531 4163 εἶναι
559 4110 921 4182 παραγωγὴν,
950 4111 1064 4165 ἀλλ’
1096 4109 1438 4176 αὐτεξούσια,
1467 4112 1557 4166 διὰ
1585 4112 1646 4165 τὸ
1674 4112 1763 4166 λο-

190 4200 330 4268 γικὰ
377 4194 537 4253 εἶναι.
588 4198 921 4266 Αὑτεξούσια
958 4201 1014 4253 δὲ
1055 4201 1237 4272 μένειν
1259 4240 1274 4267 ,
1311 4201 1491 4266 καθὼς
1525 4203 1715 4272 γέγονε
1743 4242 1761 4269 ,

188 4289 477 4344 τουτέστιν
518 4292 718 4360 ἀγαθὰ,
751 4293 933 4357 δοῦλα,
966 4295 1062 4348 κα)⁵
1110 4293 1483 4366 ὲπιγνώμονα,
1519 4294 1615 4348 καὶ
1661 4295 1764 4349 ὑπ-

1894 513 2109 568 ratione
2140 515 2505 571 movebatur?
2555 518 2602 573 si
2642 530 2827 576 autem
2859 524 2925 578 ad
2981 527 3064 581 sui
3103 530 3274 599 ipsius
3330 530 3460 585 con-

1893 605 2260 672 sumptionem
2300 608 2707 677 impellebatur,
2773 620 3178 680 quonammodo
3203 622 3271 678 ad
3322 623 3458 678 lucis

1892 692 2028 748 lines
2052 709 2111 748 se
2138 697 2418 751 contulit?
2601 753 2604 756 .

1961 784 2103 850 Quin
2136 787 2325 853 etiam,
2362 790 2406 844 si
2439 791 2697 849 deorsum
2732 794 2910 852 fertur
2948 801 3200 866 materia,
3234 813 3460 860 natura-

1888 877 2070 949 lisque
2096 880 2270 951 ipsius
2297 884 2473 951 locus,
2509 886 2798 945 inferiores
2820 907 2883 947 ac
2914 895 3318 953 tenebrosiorcs
3347 917 3456 969 par-

1889 983 1973 1025 tes
2011 979 2160 1037 sunt,
2202 987 2441 1042 quonam
2486 986 2673 1046 pacto,
2721 983 2945 1049 cumxad
3007 986 3144 1042 lucis
3180 991 3454 1059 regionem

1888 1063 2156 1131 pervenit,
2194 1080 2222 1118 a
2251 1076 2466 1121 suamet
2490 1076 2691 1123 natura
2729 1075 3007 1130 excessit?

1958 1151 2263 1209 Praeterea:
2302 1170 2425 1209 cum
2458 1159 2701 1214 tenebrae
2732 1176 2889 1217 caeca:
2918 1164 3052 1232 sint,
3083 1169 3177 1236 qui
3211 1169 3325 1224 ﬁeri
3361 1188 3457 1243 po-

1885 1239 2011 1299 tuit,
2044 1250 2103 1293 ut
2141 1242 2315 1296 lucem
2339 1246 2673 1301 cernerent?

1953 1331 2035 1384 Ad
2066 1331 2180 1386 haec
2204 1349 2219 1389 :
2247 1333 2294 1387 si
2331 1336 2545 1389 ordinis
2586 1351 2649 1391 ac
2677 1339 2880 1394 mentis
2907 1355 3104 1411 expers
3156 1355 3239 1401 est
3285 1361 3458 1404 mate-

1884 1421 1988 1487 ria,
2021 1424 2299 1491 quomodo
2329 1426 2612 1495 principes
2650 1428 2862 1484 habet?
2894 1437 3169 1501 quomodo
3210 1454 3457 1508 pugnare

1881 1511 2402 1584 potestmcum
2453 1515 2546 1570 illo
2576 1518 2721 1587 quod
2773 1521 2985 1577 ratione
3043 1535 3208 1594 atque
3263 1532 3456 1584 ordine

1880 1602 2170 1669 praeditum
2206 1603 2331 1658 est?
2381 1604 2489 1659 Aut
2536 1606 2700 1660 etiam
2757 1613 3052 1679 pugnando
3102 1631 3276 1685 usque
3319 1620 3452 1673 adeo

192 1693 316 1735 vat;
360 1693 430 1724 nt
456 1693 513 1725 οε
537 1693 565 1726 ο
593 1693 800 1744 αγαυος
830 1693 1174 1753 συνεχώρησε
1209 1693 1373 1755 μέρος
1397 1693 1564 1741 αὑτοῦ
1593 1693 1769 1760 ἁρπα-

192 1758 394 1828 γῆναι,
426 1761 515 1815 διὰ
541 1762 602 1815 τὸ
628 1766 871 1837 ἐπισχεῖν
894 1770 1063 1841 αὐτὴν
1088 1771 1182 1825 τοῦ
1215 1774 1290 1845 μὴ
1320 1777 1583 1847 προϐῆναι
1611 1780 1691 1841 εἰς
1711 1777 1769 1831 τὰ

1884 1693 2140 1761 superior
2170 1702 2279 1757 est,
2310 1701 2371 1749 ut
2404 1696 2640 1765 sapienti
2677 1700 2884 1768 aliquid
2929 1703 3152 1772 eripiat,
3196 1723 3296 1761 nec
3350 1710 3450 1778 ipsi

1885 1779 2105 1834 interim
2137 1782 2436 1847 quidquam
2464 1785 2757 1841 adimatur.
2790 1789 2945 1847 Quod
2995 1794 3040 1846 si
3088 1796 3264 1847 bonus
3314 1799 3450 1847 Dens

377 1801 394 1827 ἱ

1885 1779 2105 1834 interim
2137 1782 2436 1852 quidquam
2464 1785 2757 1841 adimatur.
2790 1789 2945 1854 Quod
2995 1794 3040 1846 si
3088 1796 3264 1853 bonus
3314 1799 3451 1857 Deus

1880 1885 1943 1925 ea
1977 1873 2184 1925 ratione
2216 1881 2420 1941 partem
2450 1875 2551 1929 sibi
2592 1876 2800 1932 auferri
2846 1896 3045 1949 passus
3074 1895 3178 1951 est,
3235 1898 3293 1941 ut
3329 1905 3449 1944 eam

1880 1961 2123 2030 regionis
2150 1978 2263 2017 suae
2294 1966 2443 2018 aditu
2475 1969 2811 2036 prohiberet,
2874 1972 3169 2030 imbecillis
3204 1980 3448 2047 profecto

1878 2051 2017 2106 fuit:
2053 2053 2308 2122 quinimo
2333 2058 2509 2113 malus
2544 2060 2767 2128 quidem
2801 2063 3003 2118 robore
3040 2076 3285 2134 praestat,
3343 2071 3447 2125 bo-

1876 2155 1983 2196 nus
2012 2152 2194 2197 autem
2229 2145 2387 2200 dolos
2412 2148 2605 2202 nectit.
2650 2149 2758 2214 Qui
2791 2165 2957 2218 porro
2990 2156 3073 2209 vel
3132 2156 3332 2225 bonus,
3364 2162 3446 2216 vel

1877 2228 2024 2307 Deus
2054 2247 2177 2288 esse
2207 2244 2392 2303 queat,
2426 2239 2521 2307 qui
2550 2239 2699 2303 dolo,
2731 2254 2841 2294 non
2884 2242 3094 2299 viribus
3130 2249 3345 2303 utitur?

1945 2302 2088 2386 Jﬁn,
2119 2302 2268 2391 quod
2295 2302 2511 2395 semper
2541 2302 2733 2384 eodem
2776 2332 2937 2386 modo
2990 2349 3048 2389 se
3101 2337 3285 2402 habet,
3328 2302 3448 2396 hoc

1875 2412 2083 2468 veritas
2112 2425 2197 2469 est
2225 2432 2241 2468 :
2280 2418 2482 2481 veritas
2502 2429 2683 2475 autem
2712 2422 2915 2491 bonum
2943 2432 3047 2480 est.
3072 2425 3227 2492 Quod
3262 2438 3444 2485 autem

1878 2504 2135 2574 principii
2170 2522 2369 2576 expers
2394 2519 2501 2574 est,
2561 2514 2768 2568 nullam
2817 2515 3012 2584 recipit
3058 2519 3441 2579 mutationem.

1876 2591 2148 2659 Quocirca
2186 2598 2231 2651 si
2288 2600 2519 2653 materia
2570 2603 2841 2673 principio
2894 2614 3066 2669 caret,
3120 2611 3446 2665 mutationis

1874 2698 2095 2754 quoque
2126 2700 2323 2756 expers
2347 2690 2471 2743 erit.
2512 2688 2567 2742 Si
2597 2700 2679 2745 est
2704 2694 3028 2750 mutationis
3056 2711 3271 2766 expers,
3301 2714 3414 2753 sem
3433 2729 3445 2740 -

1874 2787 1972 2841 per
2008 2773 2201 2829 eodem
2225 2776 2391 2831 modo
2431 2792 2490 2831 se
2526 2779 2709 2834 habet.
2742 2779 2800 2834 Si
2831 2798 3050 2852 semper
3064 2786 3255 2840 eodem
3279 2789 3444 2843 modo

1874 2879 1935 2919 se
1961 2864 2145 2926 habet,
2176 2868 2382 2920 veritas
2411 2877 2516 2921 est.
2554 2868 2613 2921 Si
2645 2869 2869 2935 veritas,
2900 2886 3032 2941 ergo
3058 2873 3278 2929 bonum.

1947 2952 2172 3016 Contra,
2230 2955 2278 3009 si
2320 2955 2552 3009 mutatio
2596 2958 2653 3010 in
2697 2960 2982 3013 materiam
3034 2963 3201 3028 cadit,
3244 2963 3331 3019 vel
3372 2979 3437 3019 ex

1793 3074 1835 3132 ο
1870 3043 2016 3099 bono
2047 3043 2102 3097 in
2140 3045 2340 3098 malum
2366 3046 2614 3113 vertitur,
2639 3061 2876 3118 eumque
2897 3053 3052 3119 prius
3086 3052 3234 3106 bona
3265 3064 3436 3117 esset,

1869 3135 2021 3187 mala‘
2047 3134 2273 3202 posthac
2298 3133 2490 3190 effecta
2520 3148 2605 3191 est
2632 3152 2653 3201 ;
2682 3138 2765 3192 vel
2799 3154 2863 3193 ex
2912 3142 3051 3194 mala
3101 3142 3156 3195 in
3189 3142 3437 3209 bonam;

1870 3235 2074 3279 etcum
2112 3234 2235 3279 ante
2285 3226 2429 3279 mala
2462 3234 2632 3293 esset,
2685 3238 2872 3297 postea
2919 3230 3063 3284 bona
3118 3231 3265 3286 facta
3324 3243 3432 3291 est.

1870 3313 2103 3369 Mutatio
2130 3315 2276 3370 enim
2307 3316 2361 3369 in
2390 3319 2733 3372 contrarium
2763 3318 2940 3373 ducit.

1943 3402 2290 3473 Sempiterna
2320 3404 2631 3461 substantia
2657 3406 2859 3460 mutari
2883 3405 3093 3475 nequit.
3113 3406 3267 3463 Haud
3292 3409 3437 3463 enim

1868 3508 1937 3548 ex
1963 3493 2139 3546 nihilo
2183 3493 2250 3547 ad
2310 3493 2415 3547 hoc
2464 3503 2524 3548 ut
2574 3502 2754 3551 exstet
2802 3496 3069 3564 perducta
3117 3506 3222 3553 est.
3267 3497 3437 3568 Cujus

1868 3597 2034 3653 porro
2068 3584 2148 3637 rei
2192 3585 2519 3639 exsistentia
2568 3601 2633 3641 ex
2681 3602 2976 3658 progressu
3021 3605 3131 3645 non
3161 3600 3264 3655 est,
3303 3593 3463 3646 sub-~

1869 3673 2071 3728 stantia
2094 3681 2177 3728 est
2206 3670 2586 3731 immutabilis.
2610 3676 2884 3743 Quocirca
2907 3678 3228 3749 Deus,-cum
3253 3682 3436 3737 bonus

1867 3769 1923 3817 et
1957 3764 2333 3834 sempiternus
2357 3766 2450 3831 sit,
2473 3768 2760 3825 mutabilis
2782 3784 2891 3824 non
2921 3777 3039 3826 est:
3071 3787 3261 3827 verum
3291 3787 3434 3827 sem-

1866 3867 1967 3923 per
1992 3854 2171 3909 bonus
2201 3864 2308 3920 est,
2337 3863 2392 3911 et
2425 3871 2489 3911 ea
2522 3873 2643 3928 quae
2681 3858 2835 3922 facit,
2888 3860 3029 3915 bona
3063 3870 3209 3917 sunt.
3243 3862 3434 3934 Neque

1866 3945 2011 3999 enim
2045 3944 2159 4000 ﬁeri
2195 3953 2393 4016 potest,
2425 3955 2486 4001 ut
2517 3963 2583 4003 ex
2613 3949 2759 4005 bono
2788 3952 2931 4005 mala
2966 3953 3258 4019 exsistant,
3291 3962 3429 4008 tam-

1865 4035 1971 4091 etsi
2000 4051 2062 4091 ea
2094 4035 2315 4104 eﬂiciat,
2349 4052 2473 4107 qua:
2518 4039 2809 4095 mutationi
2851 4039 3074 4096 Qubsint
3119 4061 3133 4096 :
3186 4059 3252 4099 eo
3282 4045 3429 4114 quod

1864 4126 2122 4182 videlicet
2153 4143 2241 4183 res
2276 4142 2344 4183 ex
2367 4128 2543 4184 nihilo
2581 4128 2649 4183 ad
2680 4130 2733 4184 id
2770 4138 2831 4185 ut
2878 4141 3098 4188 exstent
3138 4133 3426 4201 producat.

1864 4214 1986 4282 Quo
2018 4216 2078 4270 lit
2100 4222 2159 4271 ut
2182 4231 2270 4280 ea,
2298 4233 2422 4284 qua:
2458 4219 2675 4274 ratione
2702 4228 2958 4285 utuntur,
2981 4222 3273 4276 mutationi
3300 4222 3428 4292 qui-

1866 4303 1989 4359 dem
2029 4303 2380 4375 subiaceant,
2408 4306 2536 4375 quia
2563 4321 2630 4361 ex
2660 4307 2834 4360 nihilo
2868 4307 3088 4362 condita
3120 4317 3290 4375 sunt;
3327 4324 3430 4365 cae-

191 4386 339 4455 ήκοα
384 4381 479 4436 τοῦ
524 4385 905 4454 πεποιηκότος,
935 4385 1073 4458 ὅπερ
1122 4387 1238 4440 ἐστὶ
1280 4389 1346 4458 τῇ
1379 4389 1570 4459 κτιστῇ
1599 4387 1758 4457 φύσει

1880 4402 2049 4448 Lerum
2107 4394 2324 4448 arbitrii
2372 4394 2462 4450 sui
2513 4395 2657 4460 sint,
2731 4397 2860 4464 quia
2909 4397 3124 4453 ratione
3175 4407 3427 4455 utuntur.
3494 4446 3497 4449 .

189 4476 363 4547 ἀρετή
386 4490 400 4505 ·
440 4475 607 4546 ἀρετὴ
645 4478 752 4546 γάρ
779 4477 914 4542 ἐστι,
941 4478 1003 4531 τὸ
1039 4478 1223 4547 μένειν
1248 4480 1304 4532 ἐν
1335 4480 1449 4544 τοῖς
1476 4480 1624 4550 ὅροις
1659 4480 1761 4550 τῆς

190 4569 401 4632 οἰκείας
431 4569 662 4636 φύσεως.
693 4569 1061 4635 Αὐτεξουσίως
1088 4566 1180 4624 οὖν
1210 4571 1421 4643 ἐτράπη
1445 4574 1474 4625 6
1494 4557 1758 4638 διάϐολος,

194 4662 435 4732 μεγάλου
489 4661 853 4732 ἐπιθυμήσας,
889 4661 949 4713 οὐ
994 4661 1172 4724 καλῶς
1217 4661 1300 4715 δέ’
1355 4663 1497 4733 μέγα
1544 4664 1652 4735 γὰρ
1700 4664 1762 4717 τὸ

190 4751 335 4807 εἶναι
362 4751 515 4819 Θεὸν,
544 4750 680 4805 ἀλλὰ
702 4752 861 4806 κακὸν
905 4751 981 4822 τῷ
1018 4752 1094 4823 μὴ
1118 4752 1230 4807 ὄντι
1259 4752 1397 4824 Θεῷ,
1424 4755 1761 4825 ἀγνωμονεῖν

188 4844 285 4897 τὸν
323 4844 644 4914 ποιήσαντα,
683 4842 779 4896 καὶ
803 4842 1147 4913 ὑπερϐαίνειν
1191 4841 1289 4908 τὴν
1334 4844 1539 4897 οἰκείαν
1576 4844 1758 4914 φύσιν,

189 4933 292 4986 καὶ
326 4931 499 4985 θέλειν
543 4929 704 5000 εἶναι,
728 4931 756 4985 ὃ
781 4932 1031 4999 γενέσθαι
1053 4931 1341 4987 ἀδύνατον·
1368 4932 1629 4988 ἀδύνατον
1649 4933 1759 5004 γὰρ

186 5024 284 5078 τὸν
333 5024 407 5095 μὴ
446 5023 698 5097 ἄναρχον,
724 5022 860 5077 εἶναι
883 5023 1055 5090 Θεὸν,
1097 5023 1130 5096 ἢ
1171 5024 1263 5077 τὸν
1298 5020 1759 5095 ἡργμένον,είναι

187 5116 430 5185 ἄναρχον
449 5130 463 5145 ⁸
493 5117 615 5184 ἄγει
636 5113 729 5170 οὖν
750 5116 858 5171 τῶν
882 5117 1050 5171 ὄντων
1079 5115 1178 5189 τὴν
1200 5114 1477 5188 στέρησιν,
1499 5119 1532 5188 ἡ
1558 5116 1651 5171 τοῦ
1683 5115 1759 5188 μὴ

191 5209 564 5277 προσήκοντος
590 5208 878 5278 στέρῤησις
901 5209 948 5263 ⁸.

1866 4482 2039 4539 Porro
2075 4483 2220 4554 quod
2242 4499 2306 4539 ea
2335 4499 2458 4555 quae
2484 4493 2612 4540 sunt
2644 4486 2859 4540 arbitrii
2894 4487 3151 4543 libertate
3177 4489 3424 4558 praedita,

1867 4574 1949 4631 sic
1977 4582 2258 4640 maneant,
2289 4575 2752 4644 quemadmodum
2781 4586 2964 4633 creata
2992 4577 3168 4645 fuere,
3209 4581 3312 4634 hoc
3343 4590 3426 4636 est
3524 4658 3527 4661 _

1865 4666 2034 4729 bona,
2065 4681 2248 4732 serva,
2279 4667 2421 4736 grati
2448 4668 2643 4734 animi,
2661 4684 2727 4724 ac
2750 4670 2799 4724 ei
2824 4670 3077 4739 subjecta
3107 4685 3135 4724 a
3157 4687 3266 4741 quo
3294 4687 3425 4727 con-

1866 4756 1981 4809 dita
2000 4765 2151 4822 sunt,
2171 4755 2278 4810 boc
2297 4740 2516 4812 demum
2538 4765 2735 4813 creatae
2762 4767 2969 4814 natum
2990 4760 3169 4816 virtus
3185 4762 3423 4818 exsistit.

1866 4843 2054 4901 Virtus
2077 4861 2314 4916 namque
2343 4855 2447 4912 est,
2478 4855 2696 4903 natura:
2740 4865 2854 4904 sum
2897 4850 3095 4905 ﬁnibus
3143 4866 3203 4906 se
3251 4853 3412 4906 conti-

1866 4951 2020 4993 nere.
2050 4936 2128 4990 Ac
2166 4936 2401 5007 proinde
2433 4938 2606 4994 libera
2628 4940 2911 4997 voluntate
2947 4942 3204 4998 diabolus
3242 4953 3427 4996 muta-

1867 5035 1958 5083 tus
1985 5034 2087 5093 est,
2124 5026 2253 5081 dum
2292 5043 2547 5099 magnam
2586 5031 2804 5100 quidem
2835 5046 2973 5100 rem,
3002 5033 3097 5088 sed
3135 5048 3243 5087 non
3280 5039 3423 5086 recte

1867 5118 2202 5187 concupivit.
2249 5116 2505 5191 Magnum
2551 5121 2696 5177 enim
2744 5131 2831 5179 est
2885 5122 3053 5179 Deum
3114 5138 3275 5178 esse:
3327 5122 3423 5176 sed

1863 5208 2064 5264 malut'n
2089 5208 2161 5272 ei,
2196 5209 2291 5279 qui
2317 5209 2460 5266 Deus
2501 5225 2612 5266 non
2654 5212 2749 5279 sit,
2798 5213 3068 5279 ingratum
3105 5228 3164 5267 se
3202 5226 3266 5265 ac
3294 5224 3423 5281 per-

198 5305 364 5359 tidum
398 5301 596 5357 factori
628 5316 727 5356 suo
750 5304 1012 5371 praebere,
1043 5309 1413 5374 naturamque
1461 5318 1618 5359 suam
1669 5299 1960 5370 excedere,
2025 5304 2263 5359 volendo
2328 5305 2378 5359 id
2421 5320 2550 5360 esse
2596 5305 2742 5374 quod
2790 5305 2906 5359 ﬁeri
2954 5305 3162 5373 nequit.
3235 5303 3421 5373 Neque

1496 5388 1731 5448 VARLE
1774 5387 2181 5447 LECTIONES.

272 5482 296 5554 ξ
328 5485 380 5537 ιη
412 5482 579 5554 Βοεῌ.
615 5482 828 5554 legitur,
860 5484 893 5554 ἢ

922 5484 1074 5547 Θεός.
1098 5484 1460 5541 Leunclavius
1495 5480 1898 5552 emendandum
1937 5484 2234 5552 arbitratur
2261 5484 2289 5535 6
2318 5481 2468 5545 Θεὸς,
2510 5482 2613 5536 nisi
2643 5482 2781 5552 forte
2802 5484 3070 5552 scriptum
3111 5482 3293 5552 frierit,
3330 5482 3417 5552 εἴη

191 5549 347 5624 Θεός.
376 5554 402 5593 ⁸
436 5553 498 5624 in
522 5548 692 5607 Basili
712 5548 944 5624 habetur
968 5555 1319 5624 ὲπιθύμησις,
1352 5554 1664 5624 πέρῤησις.
1698 5551 1755 5624 In
1788 5548 1920 5624 Reg.
1953 5560 2007 5624 et
2037 5550 2177 5620 apud
2212 5549 2435 5624 benpcl.
2477 5555 2628 5624 deest
2653 5548 2981 5624 éﬁtﬂﬁpnot;
3016 5570 3029 5605 :
3058 5551 3153 5606 sed
3186 5548 3413 5624 Leuncl.

195 5622 249 5673 in
280 5622 523 5691 margine
552 5622 837 5703 legendum
867 5632 1075 5686 monet,
1133 5619 1408 5691 στέρησις,
1432 5619 1555 5691 quae
1579 5620 1816 5705 genuina
1852 5619 2012 5676 lectio
2040 5619 2144 5705 εει,
2189 5619 2437 5676 alludens
2483 5620 2548 5675 ad
2581 5635 2779 5675 nomen
2815 5619 3248 5692 στέρησις,‹ιιιοιι
3278 5637 3392 5693 pra:

196 5700 439 5745 cesserat
470 5706 484 5742 :
518 5705 707 5749 omnes
742 5693 1068 5763 interpretes
1094 5700 1377 5763 appetitum
1423 5699 1747 5760 posuerunt.
