3980 6140
523 297 663 361 1539

1676 282 1737 341 S.
1762 279 2081 342 JOANNIS
2120 276 2550 339 DAMASCENI

3572 246 3873 331 asia

523 410 669 462 enim
722 405 839 460 lien
889 406 1093 473 potest,
1126 403 1188 451 ut
1228 394 1323 467 qui
1365 399 1491 448 ortu
1525 406 1635 447 non
1694 399 1902 455 careat,
1954 391 2097 446 Deus
2133 391 2247 445 sit:
2279 399 2372 443 aut
2403 390 2495 459 qui
2526 387 2738 443 initium
2771 385 2982 449 habuit,
3022 385 3167 440 initii
3234 399 3437 456 expers
3513 383 3642 439 list.
3697 388 3786 440 At-

528 499 624 567 qui
654 498 759 551 hoc
781 494 941 549 allert
963 491 1229 562 appetitio
1265 488 1368 552 rei,
1393 500 1515 556 quae
1543 484 1769 540 minime
1791 485 2104 547 conveniat,
2150 492 2209 537 ut
2242 484 2309 537 iis
2333 484 2499 538 etiam
2531 484 2735 551 quibus
2766 481 2980 559 praediti
3016 495 3232 545 sumus,
3265 480 3611 548 spolientur.

596 587 686 642 '62.
778 582 945 638 MAN.
1036 579 1300 647 Quaenam
1388 585 1474 633 est
1551 576 1754 633 diaboli
1846 576 2097 631 malitia?

2268 574 2368 627 λϐ’.
2408 576 2578 630 MAN.
2621 575 2718 637 Τίς
2757 576 2790 643 ἠ
2832 574 3001 626 κακία
3042 571 3139 626 τοῦ
3162 571 3444 638 διαϐόλου;

528 676 739 733 ORTII.
780 675 958 747 ipsius
985 673 1042 728 in
1075 678 1380 727 creatorem
1410 667 1738 740 perduellio.
1783 666 1927 722 Deus
1948 666 2096 720 enim

530 768 634 837 ipsi
650 766 820 832 dedit,
840 772 900 819 ut
920 770 1091 827 esset,
1133 771 1247 817 tum
1271 776 1341 814 ne
1357 763 1500 814 servi
1520 757 1884 812 defectionem
1908 758 2100 811 timere

528 857 829 919 videretur,
871 863 988 909 tum
1025 861 1087 907 ut
1120 866 1221 907 nos
1257 849 1482 904 doceret
1520 848 1693 903 malos
1724 848 1888 902 etiam
1937 846 2103 900 bene-

534 945 671 999 ﬁciis
722 942 958 997 allicere.
996 940 1117 994 Non
1171 939 1347 994 solum
1396 938 1542 991 enim
1604 937 1785 1006 ipsum
1836 933 2099 996 condidit,

535 1035 632 1090 sed
660 1036 826 1088 etiam
860 1030 1047 1086 mundi
1083 1022 1386 1099 principem
1425 1026 1578 1082 fecit.
1627 1026 1773 1093 Quin
1829 1025 2007 1095 ipsum
2036 1025 2102 1088 “,

538 1126 581 1179 si
616 1127 791 1179 bonus
829 1136 954 1177 esse
991 1121 1173 1184 vellet,
1200 1125 1558 1186 excepturus,
1585 1114 1983 1183 beneﬁciisque
2007 1128 2089 1167 au-

542 1225 730 1271 cturus
753 1220 920 1268 esset.
946 1212 1218 1277 Quocirca
1254 1223 1355 1263 nec
1388 1223 1537 1272 eum,
1565 1222 1689 1260 cum
1719 1221 1751 1259 e
1784 1206 1966 1260 medio
2002 1206 2107 1256 tol-

542 1308 656 1362 lere
685 1312 898 1375 posset,
938 1302 1211 1366 sustulit;
1247 1300 1341 1355 sed
1373 1299 1495 1368 ejus
1519 1297 1851 1353 dementiam
1887 1296 2104 1361 tolerat,

541 1398 775 1467 benigne
831 1405 884 1449 et
907 1394 1128 1463 largiter
1153 1392 1202 1447 ei
1228 1391 1482 1460 praebens
1505 1399 1563 1442 ut
1588 1390 1659 1443 sit
1685 1406 1700 1455 ;
1726 1388 1869 1457 quod
1891 1388 2107 1456 quidem

543 1489 663 1558 ipse
692 1486 844 1541 solus
874 1494 1138 1554 praestare
1161 1491 1365 1551 potest.
1396 1479 1463 1535 Ut
1492 1488 1677 1535 autem
1709 1479 1756 1533 is
1782 1478 1962 1532 bonus
1990 1479 2105 1541 lial,

542 1597 653 1636 non
692 1577 784 1632 Dei
816 1577 990 1632 solius
1024 1583 1135 1637 est,
1169 1574 1264 1630 sed
1301 1573 1474 1642 ipsius
1505 1586 1726 1642 quoque
1755 1585 1978 1640 Operam
2011 1571 2110 1624 (ιε-

540 1671 768 1727 siderat.
797 1667 931 1722 Nam
965 1665 1111 1735 quod
1146 1680 1241 1735 per
1272 1664 1380 1718 vim
1415 1662 1670 1730 elﬁcitur,
1703 1677 1803 1717 nec
1827 1661 1979 1726 boni,
2011 1676 2111 1717 nec

542 1758 768 1814 virtutis
798 1769 998 1810 nomen
1029 1752 1356 1807 obtinuerit.

611 1846 774 1920 445
806 1846 892 1900 ⁸55.
945 1843 1102 1910 Quod
1134 1844 1179 1898 si
1221 1856 1462 1912 quaeras,
1496 1840 1628 1910 quid
1668 1854 1853 1895 causa:
1890 1838 1961 1894 sit
2015 1854 2116 1895 cur

3528 568 3697 624 οΡΘ.
3733 572 3791 624 Ἣ

2200 666 2340 720 κατὰ
2360 666 2453 719 τοῦ
2474 666 2795 736 ποιήσαντος
2821 665 3210 726 ἐπανάστασις.
3234 663 3486 717 Δέδωκεν
3518 657 3621 715 οὖν
3652 662 3793 729 αὐτῷ

2198 760 2227 812 6
2250 757 2382 820 Θεὸς
2400 757 2461 810 τὸ
2480 754 2639 820 εἶναι,
2663 757 2751 810 ἵνα
2773 773 2831 809 τε
2858 755 2934 826 μὴ
2954 753 3081 824 δόξῃ
3103 754 3389 821 φοϐεῖσθαι
3419 752 3534 821 τὴν
3554 750 3657 803 τοῦ
3681 752 3792 803 δού-

2201 848 2293 901 λου
2321 849 2710 912 ἐπανάστασιν,
2732 849 2827 902 καὶ
2848 848 2937 899 ἵνα
2968 846 3155 918 διδάξῃ
3176 847 3322 914 ἡμᾶς
3349 845 3452 899 καί⁵
3490 845 3646 913 πρὸς
3678 844 3795 904 τοὺς
3884 844 3885 857 λ

2203 941 2407 1004 κακοὺς
2430 939 2794 1012 εὐεργετικῶς
2814 938 3141 992 διακεῖσθαι.
3166 938 3242 989 (ιύ
3272 936 3437 1006 μόνον
3460 935 3584 1005 γὰρ
3610 935 3795 1003 ἐποίη-
3886 928 3887 931 “

2206 1050 2296 1086 σεν
2317 1033 2499 1096 αὐτὸν,
2528 1030 2663 1085 ἀλλά
2684 1031 2778 1084 καὶ
2799 1031 3033 1101 ἄρχοντα
3055 1028 3149 1081 τοῦ
3172 1029 3382 1097 κόσμου
3401 1028 3689 1094 ἐποίησεν
3708 1026 3797 1078 αὖε

2205 1126 2319 1187 τὸν,
2346 1126 2439 1177 καὶ
2476 1124 2634 1192 εἴπερ
2670 1122 2875 1192 θελήσῃ
2911 1121 3113 1189 ἀγαθὸς
3147 1120 3687 1189 γενέσθαι,δὲχεται
3716 1121 3799 1172 καὶ
3892 1148 3893 1195 γ

2207 1217 2505 1286 εὐεργετεῖ.
2532 1215 2621 1267 Διὸ
2643 1214 2737 1267 ’καί
2756 1214 3053 1283 δυνάμενος
3076 1212 3288 1265 ἀνελεῖν
3311 1211 3509 1273 αὑτὸν,
3535 1213 3649 1263 οὐκ
3668 1212 3800 1261 ἀνεῖ-

2207 1309 2331 1360 λεν*
2359 1306 2470 1359 ἀλλ’
2493 1305 2744 1375 ἀνέχεται
2784 1302 2882 1371 τῆς
2917 1301 3226 1371 ἀφροσύνης
3267 1299 3463 1363 αὑτοῦ,
3515 1300 3801 1367 εὐεργετι-
3896 1328 3897 1335 η

2210 1398 2320 1459 κῶς
2343 1397 2434 1448 καὶ
2456 1394 2699 1463 ἀφθόνως
2736 1393 2797 1446 τὸ
2819 1391 2956 1445 εἶναι
2981 1392 3231 1462 παρέχων
3253 1390 3427 1460 αὐτῷ,
3472 1391 3629 1458 ὅπερ
3666 1388 3804 1441 ἐστὶν
3898 1418 3899 1429 ι

2210 1485 2403 1540 αὐτοῦ’
2427 1486 2490 1538 τὸ
2527 1485 2583 1537 δὲ
2607 1484 2768 1538 καλὸν
2792 1483 3046 1552 γενέσθαι
3071 1482 3251 1547 αὑτὸν,
3279 1481 3339 1535 οὐ
3374 1480 3476 1537 τοῦ
3523 1480 3679 1534 Θεοῦ
3720 1480 3806 1550 μό-

2211 1573 2324 1638 νου,
2349 1574 2485 1629 ἀλλά
2507 1574 2597 1629 καὶ
2625 1573 2812 1628 αὐτοῦ.
2838 1575 2911 1627 Τὸ
2935 1574 3044 1644 γὰρ
3075 1572 3165 1643 βία
3184 1573 3506 1645 γινόμενον,
3533 1573 3601 1625 οὐ
3624 1572 3805 1635 καλὸν,
3902 1600 3903 1613 ι

2211 1666 2334 1721 οὐδὲ
2373 1665 2565 1735 ἀρετή.

2283 1842 2388 1912 λγ’.
2421 1842 2483 1895 El
2503 1841 2558 1894 δὲ
2587 1840 2787 1909 λέγεις,
2811 1839 2893 1894 ὅτι
2916 1839 3006 1894 διὰ
3033 1838 3090 1892 τί
3119 1840 3303 1894 εῐασεν
3336 1839 3517 1893 αὐτὸν
3551 1839 3812 1907 πολεμεῖ-ι

542 1938 691 1993 Deus
726 1936 801 1990 illi
830 1933 1147 2006 permiserit
1179 1932 1431 1988 homines
1464 1930 1828 2001 impugnare;
1870 1930 1974 1986 hoc
2026 1945 2117 1986 re-

2228 1931 2698 2004 τοῖς’ἀνθρώποις;
2725 1930 2891 2001 φημὶ,
2912 1932 2995 1985 ὅτι
3026 1931 3163 2002 πρὸς
3182 1931 3241 1985 τὺ
3273 1932 3599 2001 συμφέρον.
3630 1931 3813 1984 Πολλοί

543 2026 841 2097 spondeo:
878 2025 1008 2095 quia
1063 2023 1118 2078 id
1183 2022 1406 2077 utilitati
1455 2021 1699 2090 ipsorum
1749 2021 2113 2077 conducebat.

544 2117 700 2174 Multi
722 2118 923 2187 quippe
944 2115 1065 2184 ejus
1091 2128 1258 2184 opera
1281 2120 1645 2168 coronantur.
1667 2112 1825 2178 Quod
1851 2114 1895 2169 si
1919 2114 2119 2169 multos

546 2223 769 2279 quoque
814 2208 997 2276 perire
1030 2205 1282 2272 dixeris;
1314 2204 1421 2259 hoc
1466 2218 1687 2258 rursum
1737 2203 1942 2268 dicam,
1972 2204 2119 2272 quod

547 2300 696 2357 sicut
730 2298 987 2353 diabolus
1023 2297 1178 2369 ipse,
1233 2295 1356 2351 sine
1391 2293 1631 2350 alterius
1661 2279 2119 2363 cujuspiem‘m-

545 2393 733 2463 pulsu,
764 2396 960 2459 suopte
988 2386 1223 2444 consilio
1254 2386 1435 2441 malus
1480 2384 1594 2440 lieri
1634 2385 1851 2453 potuit;
1885 2384 1937 2439 id
1973 2385 2120 2454 quod

548 2483 727 2553 ipsius
750 2496 969 2552 quoque
1010 2480 1219 2535 crimen
1263 2480 1508 2532 atrocius
1563 2477 1744 2533 reddit
1781 2494 1793 2529 :
1829 2477 1912 2531 sic
1955 2477 2119 2531 etiam

548 2575 738 2641 homo,
781 2572 1000 2627 tametsi
1033 2572 1219 2624 nullus
1255 2570 1474 2630 luisset,
1513 2568 1607 2638 qui
1649 2568 1831 2623 scelus
1858 2583 2123 2636 suggere-

547 2672 654 2732 ret,
683 2679 779 2734 per
809 2664 1052 2731 seipsum
1086 2661 1264 2717 malus
1288 2660 1402 2715 ﬁeri
1433 2666 1653 2729 poterat
1678 2676 1690 2711 :
1717 2674 1782 2714 ex
1817 2675 1926 2728 quo
1950 2658 2121 2727 ipsius

547 2762 780 2825 peccato
802 2754 1059 2811 cumulus
1091 2751 1442 2807 accessisset.
1481 2748 1678 2817 Majori
1707 2750 1853 2803 enim
1893 2763 2123 2804 excusa-

519 2845 703 2900 -tione
735 2854 791 2903 et
818 2844 974 2899 venia
1004 2842 1205 2912 dignus
1238 2840 1497 2905 habetur,
1539 2839 1632 2910 qui
1666 2839 1895 2895 alterius
1929 2853 2122 2903 suasu,

549 2948 717 3006 quam
750 2935 843 3002 qui
893 2938 1091 3002 suopte
1148 2939 1286 2984 nutu
1340 2935 1556 2998 peccat.
1612 2926 1750 2983 Nam
1798 2928 1894 2997 qui
1930 2936 2125 2996 suopte

551 3024 790 3088 consilio
820 3031 1029 3092 peccat,
1064 3023 1192 3077 huic
1224 3020 1410 3075 nullus
1438 3020 1783 3077 exeusationi
1815 3020 1970 3075 locus
1998 3027 2122 3077 est:

550 3114 1017 3186 quemadmodum
1046 3115 1139 3182 qui
1168 3112 1429 3166 virtutem
1484 3125 1515 3164 a
1567 3126 1627 3166 se
1657 3112 1813 3174 colit,
1856 3110 2123 3181 majorem

551 3206 769 3260 laudem
815 3207 1198 3272 consequitur.
1264 3201 1343 3256 Ac
1395 3200 1628 3271 proinde
1687 3201 1965 3265 diabolus,
2029 3202 2121 3269 qui

553 3306 748 3365 su0pte
798 3305 941 3349 nutu
1002 3292 1270 3364 peccavit,
1306 3292 1488 3347 omnis
1540 3294 1881 3361 pcenitentiae
1918 3307 2120 3349 exsors

552 3387 758 3441 mansit
786 3405 799 3438 :
840 3386 1004 3439 homo
1033 3394 1240 3447 autem,
1275 3382 1407 3453 quia
1443 3397 1553 3437 non
1587 3384 1704 3452 ipse
1734 3384 1904 3444 ultro,
1932 3384 2024 3438 sed
2053 3399 2120 3438 ex

555 3476 762 3532 diaboli
801 3477 1010 3532 insultu
1053 3475 1322 3546 peccavit,
1354 3473 1735 3543 paenitentiam
1775 3474 1990 3539 habuit,
2021 3474 2123 3529 do-

2218 2023 2328 2094 γάρ
2376 2023 2445 2077 δι’
2490 2020 2655 2078 αὐτοῦ
2700 2021 3113 2090 στεφανοῦνται.
3150 2022 3214 2075 Ei
3253 2022 3311 2077 δὲ
3342 2022 3566 2090 λέγεις,
3597 2024 3687 2076 ὅτι
3729 2022 3815 2076 καὶ

2218 2114 2405 2169 πολλοὶ
2437 2114 2768 2168 ἀπόλλυνται
2787 2130 2802 2151 ι
2837 2112 3001 2183 φημὶ,
3031 2113 3114 2167 ὅτι
3140 2113 3330 2183 ὥσπερ
3363 2113 3630 2183 ἠδυνήθη
3656 2114 3813 2178 αὐτὸς

2219 2208 2247 2259 6
2283 2205 2529 2268 διάϐολος
2573 2204 2729 2268 ἐκτὸς
2778 2202 3083 2276 προσϐολῆς
3120 2202 3282 2256 ἄλλου
3314 2202 3591 2272 γενέσθαι
3625 2204 3809 2266 κακὸς,

2220 2294 2282 2360 ἐξ
2315 2294 2522 2357 οίκείας
2576 2292 2822 2363 γνώμης,
2869 2293 3007 2366 ὅπερ
3062 2292 3157 2348 καὶ
3212 2294 3397 2364 χεῖρον
3452 2292 3622 2363 αὐτῷ
3670 2296 3812 2347 ἐστιν

2220 2386 2492 2458 ἔγκλημα,
2517 2384 2688 2449 οὕτως
2712 2385 2943 2456 ⁴ίίδύνατο
2973 2386 3081 2439 ’καὶ
3114 2387 3142 2439 6
3166 2386 3457 2456 ἄνθρωπος
3492 2385 3562 2451 ἐξ
3596 2386 3810 2443 ὲαυταῦ.

2221 2479 2317 2532 καὶ
2363 2480 2438 2551 μὴ
2489 2478 2626 2550 ἔχων
2656 2477 2749 2531 τὸν
2792 2477 3201 2550 προσϐάλλοντα
3217 2478 3268 2543 ιι,
3297 2478 3568 2546 γενέσθαι
3608 2480 3807 2541 κακόςτ

2221 2571 2317 2624 καὶ
2356 2573 2567 2637 ἐγίνετο
2606 2570 2673 2625 ἂν
2719 2570 2869 2641 αὐτῷ
2910 2572 2943 2642 ἡ
2986 2570 3227 2642 ἁμαρτία
3280 2571 3521 2642 χείρωνο
3562 2572 3811 2635 erlem

2222 2661 2330 2729 γὰρ
2363 2661 2658 2730 ἀπολογίας
2691 2662 2785 2714 καὶ
2822 2660 3154 2731 συγγνώμης
3190 2660 3461 2727 ἀξιοῦται,
3494 2662 3526 2714 6
3584 2662 3651 2727 ἐξ
3684 2663 3813 2715 ὐπο-

2223 2748 2386 2818 ϐολῆς
2419 2750 2580 2804 ἄλλου
2615 2750 2968 2819 ἁμαρτάνων,
3000 2750 3146 2820 ἢπερ
3179 2750 3208 2801 6
3246 2750 3306 2813 ἐξ
3345 2750 3581 2805 ἑαυτοῦ.
3620 2750 3684 2803 ὐ
3713 2752 3814 2817 γὰρ

2225 2839 2285 2904 ἐξ
2316 2839 2509 2893 ἑαυτοῦ
2543 2840 2897 2912 ἁμαρτάνων,
2949 2840 3353 2911 ἀναπολόγητος
3394 2843 3577 2908 ἐστιν,
3626 2843 3813 2910 ὥσπερ

2226 2932 2321 2985 καὶ
2353 2934 2381 2984 6
2424 2931 2483 2996 ἐξ
2535 2932 2727 2985 ἑαυτοῦ
2781 2934 3174 3005 μετερχόμενος
3205 2934 3304 3005 τὴν
3356 2936 3612 3006 ἀρετὴν,
3655 2936 3813 2989 πλέον

2226 3026 2554 3079 ἐπαινεῖται.
2591 3026 2682 3080 Διδ
2734 3029 2763 3080 6
2815 3026 3063 3092 διάϐολος
3108 3027 3167 3095 ἐξ
3205 3028 3402 3081 ἑαυτοῦ
3454 3030 3812 3100 ἁμαρτήσας,

2228 3116 2596 3187 ἀμετανόητος
2627 3116 2871 3186 ἔμεινεν·
2908 3118 2937 3173 6
2980 3118 3035 3172 δὲ
3065 3119 3351 3190 ἄνθρωπος
3382 3120 3491 3172 οὐκ
3517 3119 3581 3185 ἐξ
3619 3121 3813 3174 ἑαυτοῦ

2230 3207 2577 3278 ἁμαρτήσας,
2609 3207 2724 3260 ἀλλ’
2766 3210 2829 3262 ἐκ
2871 3209 2969 3279 τῆς
2999 3209 3065 3263 τὰ
3103 3209 3350 3263 διαϐόλου
3379 3211 3723 3281 προσϐολῆς,
3758 3213 3814 3263 ἐν

2228 3297 2488 3366 μετανοίᾳ
2513 3296 2729 3365 γέγονε,
2764 3298 2860 3354 καὶ
2896 3298 3102 3369 ἠξιώθη
3130 3299 3229 3369 τῆς
3261 3300 3675 3364 ἀνακαινίσεως
3720 3302 3814 3353 καὶ

2228 3386 2477 3456 ἀφέσεως
2506 3388 2615 3442 τῶν
2653 3390 2957 3462 ἁμαρτιῶν.
2993 3392 3037 3444 Τ
3038 3392 3067 3443 ὸ
3100 3387 3191 3451 οῦν
3232 3388 3392 3457 εἶναι,
3423 3394 3638 3460 ἀγαθόν
3671 3394 3813 3457 ἐστι,

2230 3479 2325 3532 καὶ
2356 3480 2431 3533 δῶ
2439 3497 2529 3552 ρον
2557 3481 2715 3535 Θεοῦ.

554 3584 798 3637 numque
837 3567 1210 3622 renovationis
1260 3572 1317 3620 et
1367 3564 1714 3620 remissionis
1768 3573 2120 3635 peccatorum
2162 3569 2395 3639 accepit.
2426 3570 2540 3627 Hoc
2567 3572 2754 3643 itaque
2793 3574 2970 3645 ipsum
3003 3574 3149 3646 quod
3176 3584 3280 3640 est,
3306 3577 3514 3631 bonum
3584 3587 3696 3641 est,
3752 3593 3817 3635 ac

556 3659 651 3715 Dei
693 3674 913 3714 munus.
936 3706 943 3711 .

629 3755 719 3808 54.
759 3750 923 3808 MAN.
965 3757 1034 3806 At
1088 3767 1238 3815 vero,
1288 3767 1386 3807 cur
1436 3751 1605 3814 Deus,
1657 3763 1783 3803 cum
1842 3748 2123 3802 diabolum

558 3848 762 3898 malum
801 3842 917 3896 fore
954 3851 1283 3911 praenosset,
1323 3860 1447 3898 eum
1481 3842 1722 3897 creavit?
1749 3839 1960 3895 ORTH.
1999 3839 2129 3895 Exi-

558 3934 667 3989 mia
708 3949 771 3988 ac
793 3934 1098 4000 singularis
1131 3935 1353 3990 bonitas
1378 3937 1432 3989 in
1459 3950 1625 3989 causa
1662 3933 1788 3997 l'uit,
1820 3948 1923 3987 cur
1947 3932 2124 3999 ipsum

559 4030 790 4079 crearet.
827 4022 919 4077 Sic
961 4025 1104 4076 enim
1144 4036 1346 4077 secum
1398 4026 1616 4079 locutus
1646 4035 1727 4078 est
1769 4025 1854 4077 n:
1897 4023 2130 4088 Quando

557 4114 780 4186 quidem
815 4115 918 4168 iste
956 4114 1132 4167 malus
1177 4114 1395 4169 futurus
1423 4126 1528 4180 est,
1563 4115 1876 4183 omniaque,
1922 4113 2127 4183 quibus

557 4219 682 4257 eum
714 4202 906 4266 allieio,
942 4203 1081 4257 bona
1116 4201 1470 4271 perditurus;
1505 4218 1680 4273 egone
1701 4217 1922 4272 quoque
1947 4204 2126 4272 ipsum

556 4292 703 4347 bono
743 4306 971 4362 prorsus
1018 4293 1270 4360 spoliabo
1338 4306 1404 4346 ac
1446 4292 1682 4347 delebo?
1732 4295 1992 4349 Minime:
2021 4290 2129 4347 Ve-

557 4400 703 4447 rum,
735 4384 993 4454 quamvis
1025 4385 1140 4454 ipse
1183 4386 1471 4453 improbus
1511 4385 1583 4440 sit
1620 4384 1868 4449 futurus,
1895 4400 1995 4455 ego
2041 4390 2126 4438 ta-

558 4490 685 4528 men
720 4490 749 4529 a
787 4474 892 4528 mei
921 4475 1345 4545 participatione
1375 4492 1484 4530 non
1522 4479 1850 4533 excludam:
1891 4479 1985 4533 sed
2032 4479 2130 4532 bo-

2298 3750 2393 3804 λδ’.
2423 3751 2592 3805 MAN.
2635 3753 2744 3806 Καὶ
2770 3752 2858 3809 διὰ
2886 3754 2938 3807 τί
2985 3755 3254 3825 προγνοὺς
3304 3757 3331 3807 6
3374 3756 3505 3820 Θεὸς
3553 3758 3818 3815 διάϐολον

2229 3842 2460 3913 πονηρὸν
2488 3843 2767 3914 ἐσόμενον,
2800 3846 3060 3916 ἐποίησεν
3091 3847 3291 3913 αὑτόνς
3326 3848 3469 3902 ΟΡΘ.
3508 3850 3595 3903 Δι’
3631 3851 3819 3925 ὑπερ.

2229 3931 2389 4003 ϐολὴν
2422 3933 2760 4005 ἀγαθότητος
2791 3935 3046 4006 ἐποίησεν
3074 3937 3239 3990 αὐτόν
3260 3955 3273 3969 ·
3300 3938 3397 4006 ἔφη
3428 3938 3570 4008 γάρ·
3608 3940 3820 4012 ἐπειδὴ

2228 4018 2380 4088 οὗτος
2412 4025 2592 4096 μέλλει
2635 4025 2855 4081 ἔσεσθαι
2878 4028 3136 4100 πονηρὸς,
3164 4031 3256 4083 καὶ
3299 4029 3590 4085 ἀπολλύειν
3627 4034 3820 4088 πάντα

2228 4113 2298 4166 τὰ
2336 4113 2585 4184 διδόμενα
2615 4116 2764 4186 αὐτῷ
2802 4116 3003 4186 ἀγαθὰ,
3050 4121 3300 4190 στερήσω
3328 4120 3491 4173 αὑτὸν
3528 4123 3695 4191 κάγὼ
3722 4142 3815 4177 τε·

2227 4204 2389 4269 λείως
2418 4204 2512 4259 τοῦ
2554 4206 2784 4274 ἀγαθοῦ,
2818 4209 2913 4263 καὶ
2946 4207 3295 4281 ἀνύπαρκτον
3338 4210 3506 4267 αὑτὸν
3551 4216 3812 4286 ποιήσῳ;

2228 4296 2525 4367 Οὑδαμῶςο
2552 4298 2667 4352 ἀλλ’
2693 4302 2742 4352 εί
2774 4302 2867 4353 καὶ
2896 4301 3056 4365 αὐτὸς
3089 4303 3322 4372 πονηρὸς
3349 4302 3531 4369 ἔσται,
3562 4305 3681 4369 ἐγὼ
3718 4308 3814 4376 τῆς

2232 4389 2521 4458 μετουσίας
2555 4407 2655 4459 μου
2692 4390 2766 4463 μὴ
2806 4393 3055 4464 στερήσω
3087 4393 3270 4456 αὑτὸν,
3301 4392 3438 4447 ἀλλά
3466 4393 3634 4448 δώσω
3665 4397 3814 4467 αὐτῷ

2228 4478 2287 4531 ἓν
2313 4479 2533 4549 ἀγαθὸν,
2562 4480 2660 4551 τὴν
2689 4482 2778 4534 διὰ
2806 4482 2901 4535 τοῦ
2934 4478 3073 4538 εἶναι
3101 4484 3393 4553 μετουσίαν
3419 4502 3548 4556 μου,
3584 4487 3682 4541 ἵνα
3712 4488 3814 4543 κᾶν

558 4580 689 4618 num
723 4579 892 4619 unum
931 4566 980 4618 ei
1014 4566 1237 4635 largiar,
1274 4575 1332 4620 ut
1363 4568 1469 4621 mei
1509 4583 1606 4637 per
1637 4569 1740 4622 hoc
1780 4569 1961 4638 ipsum
1996 4583 2117 4638 par-

2232 4570 2306 4640 μὴ
2335 4571 2482 4643 θέλῃ,
2519 4573 2720 4643 μετέχῃ
2755 4590 2854 4643 μου
2896 4574 2990 4627 τοῦ
3027 4574 3233 4643 ἀγαθοῦ
3261 4576 3349 4630 διὰ
3374 4577 3473 4630 τοῦ
3498 4572 3665 4632 εἶναι.
3708 4579 3815 4630 οδ-

558 4655 735 4723 ticeps
793 4654 888 4717 sit,
930 4657 1076 4725 quod
1120 4657 1397 4724 exsistat,
1456 4659 1669 4728 hocque
1722 4661 1948 4714 nomine
1986 4660 2129 4730 quod

560 4744 652 4807 sit,
689 4746 743 4798 in
776 4747 904 4807 mei,
934 4747 1026 4814 qui
1064 4748 1246 4803 bonus
1276 4765 1420 4815 sum,
1449 4757 1658 4821 partem
1694 4750 1899 4803 veniat.
1943 4748 2129 4818 Neque

556 4834 704 4886 enim
733 4844 929 4902 praeter
961 4836 1130 4891 Deum
1160 4839 1307 4895 ullus
1327 4849 1434 4905 est,
1462 4842 1555 4909 qui
1591 4856 1680 4895 res
1703 4839 1770 4894 ad
1804 4841 1907 4895 hoc
1937 4851 1997 4893 ut
2020 4841 2131 4895 sint

557 4924 844 4978 contineat
864 4934 917 4979 et
941 4937 1255 4985 conservet.
1276 4930 1458 5000 Ipsum
1486 4920 1729 5002 namque
1758 4931 2127 4996 esse,bonum

555 5023 665 5079 est,
700 5015 903 5084 Deique
938 5017 1283 5074 beneficium.

630 5105 721 5160 35.
754 5104 916 5159 MAN.
953 5104 1107 5172 Quod
1147 5109 1258 5164 sint
1285 5123 1349 5164 ea
1376 5125 1498 5180 quae
1546 5119 1692 5176 sunt,
1723 5126 1789 5166 ex
1828 5111 1937 5166 Deo
1978 5113 2124 5168 bono

556 5212 683 5256 esse
719 5197 852 5252 ais:
893 5198 1061 5268 igitur
1106 5201 1154 5255 si
1207 5200 1374 5256 rebus
1424 5202 1689 5257 omnibus
1747 5217 1870 5259 esse
1918 5201 2124 5257 bonum

2227 4662 2339 4726 δεὶς
2372 4665 2480 4735 γάρ
2512 4666 2659 4717 ἐστιν
2685 4667 2713 4718 ὁ
2743 4665 3069 4737 συγκρατῶν
3095 4668 3192 4720 καὶ
3221 4669 3462 4739 συνέχων
3497 4670 3569 4724 τὰ
3591 4669 3725 4723 ὄντα
3754 4673 3813 4721 ὲν

2223 4754 2302 4824 τῷ
2332 4752 2493 4822 εἶναι,
2522 4757 2569 4807 εί
2608 4754 2683 4827 μὴ
2713 4758 2740 4809 ὁ
2770 4757 2903 4822 Θεός
2924 4773 2938 4787 ·
2971 4757 3031 4813 τὸ
3081 4758 3188 4837 γὰρ
3240 4756 3381 4817 εἶναι
3415 4761 3626 4830 ἀγαθόν
3669 4763 3811 4829 ἔστι,

2227 4849 2323 4901 καὶ
2352 4847 2525 4919 δῶρον
2561 4847 2717 4903 Θεοῦ.

2302 5109 2395 5165 λε’.
2431 5110 2604 5166 ΜΔΝ.
2654 5112 2727 5166 Τὸ
2789 5108 2929 5168 εἶναι
2984 5116 3096 5178 τοῖς
3151 5110 3305 5170 οὖσιν
3329 5154 3344 5179 ,
3408 5115 3474 5171 ὲκ
3514 5117 3661 5173 Θεοῦ
3726 5120 3816 5174 τοῦ

2232 5200 2438 5268 ἀγαθοῦ
2463 5218 2477 5235 ο
2516 5205 2564 5257 εἰ
2613 5199 2705 5261 οῦν
2757 5207 2890 5266 πᾶσι
2927 5208 3038 5270 τοῖς
3086 5200 3259 5274 οὖσι),
3296 5208 3508 5278 ἀγαθὸν
3547 5208 3612 5263 τὸ
3652 5210 3817 5281 εἶναι,

629 5359 671 5393 ⁸⁸
698 5359 821 5415 Lih.
855 5376 893 5415 ιι
926 5363 1131 5434 Deﬁde,
1158 5382 1275 5437 cap.
1313 5366 1365 5420 4.
1455 5364 1498 5398 ¹¹
1520 5364 1638 5420 Lib.
1695 5380 1745 5420 iv
1789 5364 1862 5419 De
1885 5364 2010 5434 ﬁde,
2069 5380 2194 5437 cap.
2234 5367 2328 5423 22.

1858 5518 2091 5575 νΑιιιΑῑ
2132 5519 2534 5579 LECTIONEB.

634 5633 666 5674 δ
693 5631 823 5700 Reg.
851 5630 1241 5700 προσϐαλόντα,
1274 5647 1397 5687 cum
1431 5643 1661 5693 accentu
1689 5636 1742 5691 in
1772 5637 2226 5707 antepenultima.
