3980 6140
296 286 424 353 1541

1255 281 1638 341 DIALOGUS
1679 280 1974 341 CONTRA
2021 275 2499 365 MANICIUEOS.

3412 281 3551 348 1542

283 401 360 464 ὡς
423 399 488 453 ὲκ
546 394 682 450 Θεοῦ
735 391 830 448 τοῦ
882 389 1091 460 ἀγαθοῦ
1130 392 1449 464 δεδομένον,
1488 394 1583 448 καὶ
1637 394 1715 464 τῷ
1756 394 1841 448 δια

1971 402 2090 460 est,
2139 404 2193 451 ut
2228 409 2256 446 a
2294 394 2403 449 Deo
2451 394 2600 449 bono
2645 408 2973 452 concessum
3003 436 3018 459 ,
3071 394 3289 452 diabolo
3329 414 3551 469 quoque

283 490 427 562 δόλῳ
476 486 680 556 ἀγαθὸν
733 486 793 538 τὸ
845 479 1006 538 εἶναι.
1067 484 1221 540 ΟΡΘ.
1272 485 1460 539 Πάντα
1514 486 1588 540 τὰ
1617 486 1760 538 ὄντα
1805 487 1869 538 ὲκ

277 577 376 633 τὸῦ
410 577 546 632 Θεοῦ
582 577 709 649 ἒσχε
741 576 802 632 τὺ
830 571 1001 630 ε’ίναι⁹
1050 576 1227 631 πάντα
1266 576 1334 635 τὰ
1378 577 1600 632 δοθέντα
1652 578 1868 648 ἑκάστῳ

280 668 388 721 ὑπὸ
416 667 575 733 Θεοῦ,
608 668 706 721 καὶ
736 666 919 735 ἀγαθά
958 668 1096 723 ἐστι.
1140 666 1221 720 Τὰ
1261 666 1368 737 γὰρ
1413 668 1477 720 ἐκ
1522 667 1616 720 τοῦ
1661 667 1865 736 ἀγαθοῦ

276 760 553 830 διδόμενα,
586 759 794 829 ἀγαθά’
820 756 989 812 κακὸν
1009 755 1089 823 δὲ,
1125 755 1277 809 οὐδὲν
1306 756 1493 826 ἕτερόν
1519 759 1689 820 ἐστιν,
1718 759 1767 811 εἰ
1792 757 1867 828 μὴ

276 852 311 921 ἡ
354 850 467 904 τῶν
517 849 763 919 ἀγαθῶν,
799 849 1049 902 τουτέστι
1087 846 1196 900 τῶν
1244 849 1346 900 ὑπὸ
1393 847 1529 901 Θεοῦ
1581 847 1864 915 δοθέντων,

276 941 559 1012 ἀποϐολή’
613 942 659 994 οἱ
701 937 795 995 οῦν
825 942 889 993 ὲκ
941 939 1077 992 Θεοῦ
1129 939 1235 995 κᾶν
1258 939 1320 992 τὸ
1368 935 1507 992 εἶναι
1543 938 1776 1009 ἔχοντες,
1808 941 1865 994 ἐν

277 1034 547 1104 μετουσία
586 1035 784 1104 μερικῇ
818 1032 911 1086 τοῦ
941 1033 1146 1102 ἀγαθοῦ
1176 1034 1280 1086 είσι
1315 1034 1434 1086 κατ’
1467 1032 1690 1103 ἔσχατον
1720 1035 1864 1103 ἀπή-

272 1139 452 1192 χημα.
486 1123 669 1176 Καλὸν
694 1120 787 1177 οὖν
831 1125 979 1175 ἐστιν
1010 1119 1149 1178 εἶναι
1177 1124 1268 1175 τὸν
1312 1122 1557 1176 διάϐολον
1581 1124 1624 1189 ί,
1656 1123 1749 1177 καὶ
1777 1123 1864 1177 διὰ

268 1213 371 1267 τοῦ
400 1211 542 1269 εἶναι
572 1216 822 1287 μετέχειν
854 1215 949 1268 τοῦ
981 1215 1211 1284 ἀγαθοῦ.
1254 1216 1328 1269 Τὸ
1361 1212 1453 1270 οῦν
1482 1213 1644 1280 εἶναι,
1677 1215 1860 1281 καλὸν,

1970 498 2096 538 esse
2135 484 2339 538 bonum
2374 491 2479 538 est.
2515 482 2729 539 οιιΤιι.
2766 482 2963 541 Omnia
3013 501 3135 555 qum
3185 497 3337 552 sunt,
3376 505 3405 541 a
3442 491 3552 544 Deo

1970 583 2031 627 ut
2058 581 2265 637 essent,
2309 583 2666 645 acceperunt.
2704 573 2917 631 Cuncta
2963 592 3131 645 porro
3162 594 3282 648 qua:
3330 580 3553 634 unicui-

1970 681 2076 736 que
2106 681 2135 720 a
2177 665 2285 721 Deo
2323 682 2591 723 concessa
2623 679 2772 735 sunt,
2833 670 2974 725 bona
3028 678 3179 724 sunt.
3232 670 3367 724 Nam
3429 688 3552 742 quae

1969 771 1999 810 a
2029 758 2177 811 bono
2214 757 2440 825 dantur,
2483 760 2677 830 utique
2722 762 2864 816 bona
2903 773 3053 816 sunt.
3107 760 3306 815 Malum
3366 771 3549 818 autem

1969 849 2105 902 nihil
2142 849 2290 903 aliud
2329 859 2435 911 est.
2471 868 2633 921 quam
2674 853 2945 907 bonorum
2974 897 2987 913 .
3039 854 3142 909 boc
3193 863 3278 909 cst
3315 871 3547 922 eorum,

1968 953 2090 1010 quae
2119 955 2147 993 a
2171 939 2281 994 Deo
2312 940 2437 993 data
2466 952 2621 1005 sunt,
2648 944 2908 1013 abjectio.
2929 945 3305 1009 Quamobrem
3328 947 3432 1003 illi.
3453 949 3547 1017 qui

1967 1045 1995 1083 a
2034 1029 2144 1099 Deo
2176 1032 2260 1085 vel
2316 1031 2417 1085 hoc
2455 1033 2636 1102 ipsum
2671 1034 2941 1089 duntaxat
2976 1036 3121 1106 quod
3155 1038 3288 1102 sint,
3320 1039 3547 1103 habent,

1965 1124 2093 1180 boni
2130 1125 2315 1194 aliqua
2356 1141 2420 1179 ex
2452 1136 2606 1196 parte
2635 1134 2807 1196 atque
2834 1136 3081 1182 extrema
3122 1130 3322 1183 saltem
3357 1129 3551 1184 condi-

1967 1217 2114 1272 tione
2143 1225 2197 1272 et
2231 1218 2373 1273 linea
2411 1218 2711 1288 participes
2763 1220 2898 1273 fiunt
2935 1238 2948 1273 :
2992 1236 3099 1290 quo
3134 1221 3189 1275 fit
3228 1229 3284 1274 ut
3326 1220 3551 1274 diabolo

265 1299 330 1354 τὺ
387 1301 448 1355 δὲ
495 1298 554 1357 εὖ
612 1299 775 1368 εἶναι,
829 1305 1067 1360 κάλλιον.
1106 1304 1303 1359 Τελεία
1349 1306 1453 1376 γὰρ
1497 1305 1762 1377 ῦπαρξις,
1802 1306 1850 1359 τί

1965 1307 2168 1362 bonum
2201 1309 2274 1362 sit
2305 1309 2455 1378 quod
2491 1310 2746 1375 exsistat,
2785 1322 2849 1364 ac
2881 1326 2978 1380 per
3025 1313 3127 1366 hoc
3177 1313 3357 1382 ipsum
3402 1311 3547 1382 quod

264 1393 547 1461 ὑγιαίνειν
566 1411 579 1425 ·
605 1395 666 1448 τὸ
687 1395 744 1449 δὲ
777 1399 950 1450 νοσεῖν
981 1396 1077 1450 καὶ
1101 1392 1267 1461 εἶναι,
1299 1397 1527 1467 μερικὺν
1566 1398 1738 1452 κακὸν
1768 1399 1850 1451 καΊ

1962 1403 2059 1468 sit,
2094 1403 2221 1457 boni
2264 1402 2545 1472 particeps
2577 1403 2690 1455 fiat.
2721 1402 2854 1457 Esse
2890 1404 3078 1472 itaque
3108 1403 3312 1457 bonum
3343 1412 3428 1457 est
3456 1420 3468 1455 :
3495 1413 3550 1456 at

263 1483 472 1553 φθορά.
509 1485 584 1537 Οὐ
608 1485 718 1557 γὰρ
743 1486 923 1540 τελεία
946 1487 1280 1560 ἀνυπαρξία.
1303 1488 1439 1542 ἀλλὰ
1466 1488 1665 1561 μερικὴ
1689 1489 1850 1559 ῦπαρ-

1961 1494 2104 1548 bcne
2133 1509 2279 1557 esse,
2317 1494 2513 1547 melius
2556 1509 2618 1547 ac
2653 1495 3033 1563 praestantius.
3070 1492 3357 1548 Perfectus
3386 1494 3545 1565 Ιβιιίιιι

262 1575 373 1642 εις,
416 1576 511 1629 καὶ
541 1577 743 1650 μερικὴ
774 1577 1105 1650 ἀνυπαρξία.
1154 1580 1226 1632 Τὸ
1253 1579 1312 1634 δὲ
1348 1578 1424 1651 μὴ
1456 1576 1616 1641 εἶναι,
1654 1578 1850 1633 τέλειοι.

1959 1581 2271 1637 exsistendi
2337 1591 2520 1637 status
2556 1591 2638 1636 est
2687 1598 2883 1638 sanum
2918 1598 3042 1641 esse
3075 1601 3088 1637 :
3124 1592 3180 1639 at
3238 1584 3292 1637 in
3347 1583 3546 1636 morbo

262 1668 472 1721 κακόν·
511 1669 692 1722 τελεία
722 1670 832 1742 γὰρ
857 1670 1193 1741 ἀνυπαρξία,
1222 1670 1285 1724 τὸ
1310 1670 1533 1735 τελείως
1567 1670 1640 1744 μὴ
1677 1671 1755 1725 ὅν.
1786 1673 1850 1727 Τὲ

1962 1673 2172 1728 versari
2196 1681 2250 1727 et
2281 1688 2406 1728 esse
2438 1674 2621 1744 aliqua
2646 1690 2713 1728 ex
2747 1683 2924 1744 parte,
2951 1675 3153 1727 malum
3178 1682 3233 1728 et
3259 1673 3546 1743 corruptio

260 1754 361 1813 οῦν
390 1755 554 1825 εἶναι,
592 1762 687 1815 καὶ
716 1762 779 1815 τὸ
803 1739 872 1816 ἐὖ
908 1739 1066 1827 εἶναι,
1105 1762 1249 1818 καλὰ
1295 1764 1447 1835 παρά
1480 1739 1640 1818 Θεοῦξ
1683 1764 1756 1817 Τὸ
1799 1764 1850 1820 δὲ

1962 1770 2064 1819 εει.
2110 1762 2228 1817 Νοη
2255 1763 2401 1818 enim
2430 1766 2577 1818 omni
2614 1781 2676 1820 ex
2710 1774 2864 1835 parte
2901 1764 3159 1820 inte’ritus
3190 1765 3415 1831 accidit,
3447 1766 3544 1820 sed

262 1852 441 1914 κακὸν
478 1853 538 1918 ἐξ
579 1853 785 1924 ἀγαθοῦ
813 1854 1090 1925 γενέσθαι,
1122 1857 1221 1927 τῆς
1248 1856 1343 1910 τοῦ
1383 1857 1670 1928 γινομένου
1709 1855 1849 1923 γνὼ-

1961 1870 2026 1909 ex
2066 1863 2223 1924 parte
2260 1856 2503 1925 quadam
2538 1857 2839 1922 exstantia,
2880 1850 2937 1912 et
2965 1873 3030 1911 cx
3071 1868 3222 1928 parte
3256 1858 3545 1917 interitus.

264 1945 500 2013 μηςκὈ
525 1941 617 1998 οὖν
648 1945 799 2011 Θεὸς,
831 1946 899 1999 δι’
926 1946 1230 2020 ὑπερϐολὴν
1258 1948 1619 2018 ἀγαθότητος,
1655 1949 1750 2003 καὶ
1777 1946 1850 2019 τῷ

1961 1946 2165 2001 Contra
2204 1962 2312 2001 non
2342 1964 2488 2009 esse,
2522 1949 2837 2004 absolutum
2889 1950 3093 2002 malum
3148 1958 3251 2004 est.
3301 1949 3540 2006 Prorsus

262 2035 493 2107 πονηρῷ
527 2037 597 2090 τὰ
623 2037 802 2107 ἀγαθά
837 2037 1060 2102 δέδωκε,
1085 2039 1145 2092 τὸ
1168 2036 1327 2104 εἶναι,
1360 2039 1537 2117 καὶτὸ
1567 2035 1628 2093 εῦ
1658 2035 1820 2095 εἶναι.

166 2172 171 2177 -
262 2147 349 2197 εε,
390 2142 443 2187 et
476 2132 617 2189 bene
642 2135 908 2205 beateque
928 2150 1074 2202 esse,
1109 2136 1249 2190 bona
1283 2144 1435 2199 sunt,
1476 2151 1506 2188 a
1539 2134 1649 2191 Deo
1680 2145 1904 2190 auctore
1953 2135 2358 2207 provenientia.
2395 2135 2465 2190 At
2497 2136 2700 2191 malum
2735 2151 2799 2191 ex
2837 2136 2983 2190 bono
3018 2125 3164 2199 ﬁeri,
3194 2136 3262 2191 ab
3309 2134 3542 2191 consilio

263 2222 638 2298 proﬁciscitur
685 2225 853 2290 illius,
889 2227 982 2298 qui
1023 2228 1148 2283 talis
1189 2227 1397 2283 evadit.
1425 2228 1558 2294 Quae
1583 2243 1707 2282 cum
1769 2228 1841 2282 ita
1870 2229 2002 2293 sint,
2039 2226 2185 2283 Deus
2229 2242 2330 2298 pro
2374 2228 2648 2302 singulari
2679 2244 2779 2285 sua
2811 2229 3079 2296 bonitate,
3109 2229 3258 2283 malo
3300 2242 3540 2300 quoque.

262 2330 389 2384 quae
418 2316 559 2371 bona
591 2330 769 2382 erant,
839 2319 1100 2374 nimirum
1166 2334 1311 2382 esse,
1390 2335 1605 2374 necnon
1665 2320 1803 2375 bene
1832 2335 1957 2377 esse
1978 2320 2278 2376 concessit.

336 2406 445 2472 λς’.
494 2407 806 2475 Ἐγκαλείτε
837 2411 992 2481 ἡμῖν,
1027 2403 1072 2463 ὦ
1122 2411 1437 2481 Μανιχαῖοι,
1482 2411 1572 2464 διὰ
1614 2410 1668 2463 τί
1721 2428 1850 2482 προ-

2026 2410 2115 2464 36.
2171 2410 2410 2465 Crimini
2467 2410 2654 2474 nobis,
2715 2424 2749 2463 o
2804 2408 3114 2473 Manichaei,
3180 2409 3420 2473 vertitis,
3474 2423 3538 2463 ac

259 2499 550 2566 γινώσκων
575 2500 604 2552 ὀ
637 2500 770 2564 Θεὸς
804 2500 895 2554 τὸν
942 2500 1191 2554 διάϐολον
1240 2502 1412 2555 κακὸν
1441 2501 1720 2571 ἐσόμενον,
1753 2503 1850 2555 ἐπ-

1957 2501 2121 2575 446
2146 2503 2419 2572 quaeritis,
2457 2518 2625 2559 eccur
2657 2501 2800 2558 Deus
2837 2517 2960 2557 cum
2994 2502 3276 2556 diabolum
3329 2501 3537 2557 malum

265 2591 452 2662 οίησεν
501 2595 695 2662 αὐτόν;
722 2595 835 2650 ’καὶ
883 2596 1253 2666 ἀπεδείξαμεν
1287 2595 1377 2648 διὰ
1420 2595 1717 2660 πλειόνων,
1770 2595 1850 2648 ὅτι

1957 2596 2072 2651 fore
2103 2596 2464 2666 prospiceret,
2503 2611 2632 2649 eum
2671 2593 2884 2648 fecerit.
2915 2592 2987 2645 At
3037 2593 3296 2663 pluribus
3351 2602 3541 2648 osten~

268 2680 412 2734 κατά
442 2682 532 2736 τὸν
558 2685 786 2752 φυσικὸν
807 2684 901 2738 τοῦ
934 2684 1143 2740 δικαίου
1174 2685 1353 2754 λόγον,
1379 2684 1560 2748 καλῶς
1596 2685 1850 2756 ἐποίησεν

1957 2688 2007 2743 di
2041 2687 2106 2755 ιθ,
2137 2688 2181 2742 si
2214 2688 2489 2741 naturalis
2516 2686 2662 2755 juris
2699 2685 2842 2738 ratio
2881 2693 3186 2755 spectetur,
3223 2692 3371 2738 recte
3409 2698 3537 2738 eum

267 2773 434 2827 αὐτόν
459 2791 473 2805 ο
510 2779 763 2845 κρεῖσσον
798 2777 908 2847 γὰρ
955 2778 1100 2831 κατὰ
1128 2778 1220 2831 τὸν
1260 2778 1490 2847 φυσικὸν
1530 2777 1709 2845 λόγον,
1748 2776 1850 2830 κᾶν

1957 2781 2241 2836 conditum
2296 2778 2496 2835 fuisse.
2535 2777 2853 2832 Secundum
2888 2776 3036 2831 enim
3090 2783 3302 2829 naturae
3332 2776 3532 2831 seriem

268 2856 411 2916 εἶναι
442 2861 488 2929 ἱ,
534 2865 629 2918 καὶ
661 2866 803 2920 κατά
848 2866 1007 2920 τοῦτο
1061 2868 1309 2938 μετέχειν
1346 2868 1441 2921 τοῦ
1481 2867 1710 2933 ἀγαθοῦ.
1755 2867 1850 2921 Ἐκ

1957 2878 2208 2939 praestat,
2244 2870 2330 2923 vel
2364 2866 2749 2921 tantummodo
2781 2880 2936 2931 esse,
2985 2872 3150 2936 atque
3183 2866 3283 2923 hac
3320 2866 3539 2920 ratione

269 2957 406 3011 Θεοῦ
428 2958 558 3030 γὰρ,
578 2958 673 3013 τοῦ
707 2960 868 3030 μόνου
898 2961 986 3014 ἀεὶ
1015 2961 1187 3027 ὄντος,
1216 2961 1347 3015 αὐτὸ
1366 2961 1426 3014 τὸ
1453 2958 1611 3026 εἷναι,
1642 2960 1849 3030 ἀγαθοῦ

1960 2960 2089 3014 boni
2116 2960 2436 3031 participem
2466 2972 2610 3018 esse.
2631 2972 2793 3026 quam
2830 2972 2939 3011 non
2960 2972 3103 3013 esse.
3127 2957 3409 3026 Siquidem
3448 2956 3532 3027 ip-

267 3049 364 3107 καὶ
393 3019 615 3118 ἀγαθων
654 3019 989 3122 παρεκτικοῦ
1010 3071 1023 3084 ·
1057 3052 1119 3106 τὸ
1147 3019 1215 3106 δὲ
1240 3054 1303 3109 ὲκ
1329 3052 1423 3105 τοῦ
1460 3019 1850 3122 ἀγαθοῦξάγα-

1957 3066 2077 3106 ειιιη
2104 3065 2249 3116 εεεε,
2283 3064 2313 3103 a
2348 3048 2459 3103 Deo
2491 3048 2885 3118 proficiscitur,
2918 3049 3014 3118 qui
3045 3050 3197 3103 solus
3213 3056 3297 3103 est
3315 3062 3541 3118 semper

270 3142 365 3196 θον
394 3143 612 3208 πάντως
642 3145 811 3199 ἐστίν.
846 3145 908 3199 Εἰ
940 3145 996 3198 δὲ
1027 3145 1237 3214 λέγετε,
1265 3146 1347 3199 ὅτι
1381 3146 1676 3216 συνέφερεν
1704 3145 1850 3217 αὐτῷ

1957 3155 2020 3195 ac
2040 3143 2307 3196 bonorum
2330 3141 2579 3211 largitor.
2605 3138 2776 3195 Porro
2795 3140 2943 3209 quod
2959 3155 3023 3195 ex
3061 3141 3206 3195 bono
3229 3140 3537 3210 proﬁcisci-

1951 2042 2106 2096 enim
2137 2053 2247 2094 non
2269 2054 2413 2106 esse,
2450 2042 2674 2112 penitus
2700 2042 2977 2097 interiisse
3007 2049 3112 2098 est.
3144 2041 3419 2108 Quocirca
3452 2058 3544 2097 es-
3618 2074 3624 2081 -

272 3231 351 3307 μὴ
382 3233 659 3300 γενέσθαι,
684 3234 830 3308 ἥπερ
859 3235 1132 3303 γενέσθαι,
1161 3237 1253 3289 καὶ
1278 3235 1613 3305 κολασθῆναι
1633 3234 1853 3288 ἀτελευ-

266 3325 482 3395 cf,er
543 3327 744 3396 φαμὲν,
783 3327 866 3380 ὅτι
904 3328 939 3397 ἡ
997 3326 1221 3390 κόλασις
1255 3328 1435 3397 ἐκείνη
1471 3327 1626 3380 οὐδὲν
1667 3327 1853 3398 ἕτερόν

268 3418 443 3482 ἐστιν,
478 3419 527 3470 εί
562 3418 636 3489 μὴ
676 3417 787 3491 πῦρ
818 3418 1117 3489 ἐπιθυμίας
1157 3422 1257 3489 τῆς
1300 3418 1498 3483 κακίας
1542 3420 1636 3473 καὶ
1675 3420 1853 3490 ἀμαρ-

268 3510 413 3576 τίας,
441 3511 537 3565 καὶ¹
567 3510 678 3581 πῦρ
707 3511 965 3583 ἀστοχίας
998 3512 1097 3581 τῆς
1131 3511 1450 3582 ἐπιθυμίας.
1477 3511 1551 3563 Οὐ
1585 3511 1693 3581 γὰρ
1727 3513 1850 3564 ἐπι-

272 3601 507 3673 θυμοῦσι
533 3601 693 3669 Θεοῦ,
714 3602 766 3657 οἱ
797 3605 856 3657 ὲν
880 3606 948 3675 τῇ
969 3603 1138 3675 κακίᾳ
1158 3603 1219 3656 τὸ
1237 3602 1507 3674 ἄτρεπτον
1532 3603 1847 3673 ἐσχηκότες,

269 3693 408 3747 ἀλλὰ
434 3694 532 3765 τῆς
561 3695 760 3758 κακίας
779 3711 796 3727 ⁸
829 3696 946 3749 ἐκεῖ
966 3695 1024 3747 δὲ
1044 3696 1297 3765 ἐνέργεια
1320 3694 1519 3758 κακίας
1544 3695 1637 3747 καὶ
1671 3695 1851 3765 ἀμαρ-

268 3785 392 3849 τίας
424 3785 736 3841 οὐκτέσται.
767 3786 904 3841 Οὐδὲ
955 3787 1064 3856 γὰρ
1107 3784 1382 3857 ἐσθίομεν,
1422 3785 1544 3839 οὐδὲ
1595 3785 1847 3855 πίνομεν,

268 3875 394 3932 οὐδὲ
421 3875 740 3947 ὲνδυόμεθα,
791 3875 913 3929 οὐδὲ
949 3873 1270 3947 γαμοῦμεν,
1314 3874 1435 3928 οὐδὲ
1484 3873 1847 3945 πλουτοῦμεν,

270 3967 394 4021 οὐδὲ
418 3965 612 4036 φθόνος
655 3965 851 4036 ἰσχύει,
894 3965 1017 4018 οὐδέ
1044 3982 1097 4018 τι
1136 3964 1245 4018 τῶν
1293 3964 1394 4034 τῆς
1438 3964 1637 4028 κακίας
1669 3964 1843 4019 εἰδῶν.

283 4057 712 4125 Ἐπιθυμοῦντες
740 4053 854 4122 οὖν,
886 4057 980 4111 καί
1012 4056 1085 4126 μὴ
1119 4055 1435 4126 μετέχοντες
1466 4056 1574 4111 τῶν
1605 4058 1703 4126 τῆς
1725 4057 1845 4108 ὲπι-

271 4148 475 4218 θυμίας
525 4147 694 4219 πυρὸς
736 4147 914 4218 δίκην,
956 4146 1061 4200 ὑπὸ
1096 4146 1196 4217 τῆς
1245 4145 1545 4215 ἐπιθυμίας
1579 4147 1848 4215 καταφλέο

271 4256 490 4307 γονταν
515 4240 565 4291 οἱ
595 4239 651 4292 δὲ
681 4237 776 4292 τοῦ
818 4237 1044 4306 ἀγαθοῦ,
1081 4236 1328 4291 τουτέστι
1375 4237 1539 4307 μόνου
1577 4237 1671 4290 τοῦ
1709 4237 1845 4291 Θεοῦ

1956 3242 2065 3295 tur,
2099 3232 2150 3287 id
2186 3246 2420 3301 prorsus
2451 3230 2652 3284 bonum
2685 3237 2791 3284 est.
2816 3229 2972 3294 Quod
3000 3229 3048 3284 si
3082 3229 3260 3285 satius
3287 3229 3533 3284 futurum

1954 3322 2126 3378 fuisse
2149 3322 2361 3385 dicitis,
2385 3330 2443 3375 ut
2471 3336 2580 3376 non
2611 3321 2926 3382 exsisteret,
2959 3334 3126 3390 quam
3165 3318 3372 3374 factum
3409 3319 3536 3389 qui-

1953 3414 2075 3470 dem
2121 3430 2280 3479 esse,
2326 3423 2381 3467 at
2431 3411 2787 3483 sempiternis
2834 3409 3015 3480 pmnis
3067 3407 3331 3476 multari;
3365 3408 3467 3462 hoc
3504 3424 3532 3462 a

1953 3508 2117 3563 nobis
2150 3508 2403 3579 responsi
2452 3506 2677 3572 feretis;
2716 3518 2934 3575 pmnam
2989 3502 3138 3571 illam
3186 3501 3324 3556 nihil
3384 3502 3532 3556 aliud

1951 3615 2117 3664 esse,
2184 3614 2349 3669 quam
2404 3597 2666 3668 nequitiae
2724 3595 3126 3667 cupiditatem,
3197 3602 3253 3650 et
3319 3594 3530 3663 peccati

1953 3693 2161 3762 ignem,
2193 3689 2582 3759 flammamque
2608 3687 2891 3744 frustrata).
2925 3687 3198 3742 libidinis.
3228 3683 3348 3740 Non
3381 3685 3528 3740 enim

1952 3782 2070 3847 Dei,
2117 3783 2213 3839 sed
2250 3782 2371 3836 vitii
2407 3782 2602 3836 all‘ectn
2640 3779 2857 3844 ardent,
2913 3778 3008 3848 qui
3060 3779 3134 3831 ita
3166 3776 3343 3832 allecti
3376 3785 3531 3840 sunt,

1951 3887 2011 3930 ut
2045 3891 2240 3932 eorum
2300 3874 2642 3945 perversitas
2690 3872 2901 3926 nullam
2957 3870 3211 3945 admittat
3269 3868 3531 3924 mutatio-

1949 3944 2388 4023 nem.l|licenim
2414 3965 2562 4019 nulla
2596 3962 2821 4017 malitiae
2851 3975 2918 4015 ac
2937 3944 3149 4030 peccati
3183 3957 3529 4014 actiofutura

1950 4067 2054 4114 est.
2087 4056 2275 4127 Neque
2297 4056 2446 4111 enim
2489 4053 2743 4119 edemus,
2777 4065 2955 4121 neque
2989 4048 3266 4112 bibemus,
3302 4061 3403 4101 nec
3432 4060 3526 4100 ve-

1949 4150 2202 4212 stiemur,
2232 4158 2334 4199 nec
2356 4140 2715 4197 matrimonia
2745 4137 3158 4198 contrahemus,
3194 4147 3294 4186 nec
3327 4130 3529 4201 opibus
3618 4152 3623 4157 ν

1953 4239 2266 4303 atlluemus,
2323 4250 2425 4290 nec
2478 4232 2686 4287 invidia
2738 4229 2965 4301 vigebit,
3006 4233 3101 4281 aut
3148 4223 3297 4279 aliud
3355 4222 3526 4276 ullum

270 4329 689 4401 ἐπιθυμοῦντες,
727 4329 820 4384 τοῦ
855 4329 1027 4394 ὄντος,
1064 4329 1160 4383 καὶ⁷
1186 4329 1273 4383 ἀεὶ
1302 4328 1478 4390 ὄντος,
1511 4330 1607 4381 καὶ
1645 4329 1847 4400 τυγχά-

1957 4331 2068 4385 vitii
2109 4344 2312 4399 genus.
2353 4325 2628 4393 Quocirca
2663 4323 2792 4376 dum
2837 4319 3261 4388 concupiscunt,
3290 4331 3392 4371 nec
3438 4325 3525 4370 ta-

269 4440 477 4488 νοντες,
510 4423 892 4495 εὐφραίνονται
927 4421 1070 4476 κατά
1096 4421 1193 4492 τὴν
1229 4421 1527 4492 ἐπιθυμίαν
1566 4421 1846 4489 ἀναλόγως

1957 4440 2073 4479 men
2104 4436 2169 4478 eo
2193 4419 2341 4490 quod
2371 4418 2624 4487 cupiunt,
2649 4413 2755 4469 frui
2783 4420 3043 4485 possunt,
3065 4409 3387 4481 cupiditatis
3413 4423 3525 4463 suae

270 4515 473 4578 αὐτῶν,
502 4513 624 4568 καθ’
656 4515 723 4585 ἢν
766 4515 859 4568 καὶ
886 4514 1218 4589 τυγχάνουσι
1245 4513 1340 4567 τοῦ
1383 4513 1841 4583 ὲπιθυμουμένου.

271 4606 348 4660 Τὸ
382 4607 481 4677 μὲν
507 4601 601 4659 οὖν
620 4607 789 4666 ὅντως
815 4605 1040 4674 ἀγαθὸν,
1063 4605 1124 4657 τὸ
1147 4603 1307 4673 φύσει
1342 4603 1548 4672 ἀγαθόν
1579 4603 1717 4665 ἐστι,
1742 4601 1847 4656 κᾶν

269 4693 456 4759 ποσῶς
483 4695 703 4765 μετέχει
734 4694 855 4748 κατ’
886 4693 1017 4748 αὐτὸ
1043 4693 1102 4748 τὸ
1139 4691 1281 4746 εἶναι
1313 4691 1407 4746 τοῦ
1432 4691 1657 4757 ἀγαθοῦ.
1684 4692 1756 4744 Τὸ
1786 4691 1843 4744 δὲ

266 4786 458 4841 δοκοῦν
488 4786 717 4855 ἀγαθὸν,
751 4788 812 4841 οὒ
845 4787 1008 4857 φύσει
1046 4785 1249 4855 ἀγαθόν
1279 4787 1418 4850 ἐστι,
1467 4785 1601 4838 ἀλλὰ
1648 4785 1839 4839 κακόν.

268 4878 343 4932 Τὸ
373 4874 467 4933 οῦν
507 4880 824 4951 προκρίνειν
883 4878 982 4949 τὴν
1029 4877 1139 4932 τῶν
1171 4878 1488 4948 κτισμάτων
1537 4876 1842 4931 ἀπόλαυσιν

266 4969 366 5039 τῆς
388 4969 481 5023 τοῦ
513 4971 735 5024 κτίστου
768 4969 1144 5034 ἀπολαύσεως,
1174 4969 1270 5022 καὶ
1295 4969 1356 5021 τὸ
1388 4970 1585 5021 οἰκεῖον
1609 4967 1842 5037 θέλημα,

269 5059 363 5113 τοῦ
385 5060 691 5131 θελήματος
712 5061 806 5116 τοῦ
830 5059 1187 5133 δημιουργοῦ,
1204 5060 1304 5113 οὐκ
1332 5058 1447 5113 ἐστι
1471 5058 1702 5121 δικαίου,
1725 5058 1845 5111 οὐδὲ

270 5149 501 5218 ἀγαθοῦ,
555 5153 871 5225 προκρίνειν
916 5152 977 5205 τὸ
1029 5152 1161 5222 ἡμῖν
1192 5150 1385 5205 δοκοῦν
1443 5150 1665 5219 ἀγαθὸν,
1707 5149 1844 5221 ὅπερ

276 5241 476 5313 μᾶλλον
521 5243 690 5298 κακὸν
742 5243 989 5316 ἐδείχθη,
1027 5242 1125 5298 τοῦ
1184 5244 1338 5308 ὄντος
1393 5241 1554 5314 φύσει
1603 5241 1842 5311 ἀγαθοῦ·

1953 4526 2212 4585 tanquam
2237 4511 2467 4567 flammae
2486 4508 2772 4579 cujusdam
2795 4506 2991 4560 ardore
3018 4503 3270 4574 ﬂagrant.
3296 4501 3523 4563 Contra,

1953 4607 2048 4676 qui
2078 4604 2231 4668 boni,
2265 4603 2370 4659 hoc
2405 4610 2491 4656 est
2527 4599 2701 4653 solius
2729 4596 2846 4660 Dei,
2893 4597 2989 4666 qui
3026 4610 3157 4649 vere
3207 4608 3271 4649 ac
3319 4590 3524 4661 sempi-

1954 4705 2111 4752 terne
2163 4704 2268 4759 est,
2322 4693 2597 4749 desiderio
2649 4696 2930 4754 tenentur,
2981 4701 3157 4756 eoque
3212 4684 3524 4756 potiuntur,

1952 4804 2052 4861 pro
2090 4786 2355 4842 desiderii
2408 4785 2491 4839 sui
2539 4781 2725 4846 modo,
2770 4795 2879 4850 quo
2914 4794 2976 4834 re
3019 4778 3201 4847 cupita
3240 4775 3525 4839 fruuntur,

1950 4884 2285 4952 voluptatem
2309 4879 2580 4935 sentiunt.
2615 4875 2694 4929 Ac
2724 4872 2947 4943 quidem
2988 4885 3118 4927 vere
3148 4870 3353 4925 bonum
3367 4867 3527 4922 .illud

1945 4986 2052 5041 est,
2083 4972 2230 5044 quod
2263 4980 2480 5026 naturae
2512 4970 2717 5025 bonum
2771 4973 2857 5022 cst
2895 4984 2912 5022 :
2959 4964 3174 5020 etiamsi
3211 4964 3527 5031 aliquantu-

1952 5066 2091 5127 lum,
2127 5064 2389 5118 nimirum
2414 5061 2720 5118 secundum
2750 5056 2899 5128 quod
2936 5065 3042 5124 est,
3081 5057 3210 5113 boni
3247 5052 3528 5123 particeps

1951 5159 2049 5213 sit.
2099 5156 2315 5211 Bonum
2362 5163 2542 5210 autem
2589 5166 2893 5225 apparens,
2929 5167 3037 5205 non
3073 5156 3272 5204 natura
3297 5144 3525 5203 bunum,

1954 5245 2049 5301 sed
2074 5245 2278 5301 malum
2312 5252 2417 5299 est.
2453 5243 2575 5299 Non
2607 5250 2693 5299 est
2720 5239 2823 5294 viri
2852 5238 3014 5309 justi,
3055 5248 3240 5291 rerum
3272 5227 3521 5285 condita-

345 5418 389 5451 "
413 5419 536 5474 Lib.
565 5421 600 5474 4
635 5420 709 5475 De
747 5423 873 5490 ﬁde.
902 5437 1024 5493 cap.
1056 5421 1146 5493 Si,
1179 5418 1306 5476 Vid.
1375 5420 1598 5478 Hieron.
1636 5421 1730 5476 lib.
1767 5435 1853 5487 ιιι,
1880 5419 2035 5476 Cum.
2075 5419 2383 5493 Pelag.cap.
2409 5420 2464 5478 2.

1573 5531 1816 5589 vitam
1856 5531 2263 5590 LECTIONES.
2692 5610 2697 5613 η

358 5626 373 5665 ἰ
408 5623 633 5702 Leuncl.
676 5632 729 5680 in
754 5642 929 5699 marg.
960 5626 1215 5702 emendat
1246 5626 1322 5698 τῷ
1343 5627 1593 5698 διαϐόλῳ.
1673 5638 1687 5677 ι
1726 5625 1850 5683 Leu:

1973 5628 2029 5682 in
2060 5642 2235 5698 marg.
2266 5627 2357 5683 τὸν
2385 5628 2479 5683 τοῦ
2505 5625 2643 5684 εἶναι
2676 5624 2835 5697 λόγον
2864 5626 3125 5699 δηλονότι,
3157 5623 3261 5680 hoc
3290 5630 3395 5688 est,
3428 5637 3517 5683 ex.

275 5695 490 5755 sistendi
522 5696 750 5751 ratione.
