3980 6140
455 267 591 333 1543
1631 268 1694 324 S.
1720 267 2038 326 JUANNIS

2149 269 2516 330 WASCENI
3572 276 3716 334 ιδιι

451 400 575 440 rum
612 381 929 436 fruitionem
962 377 1272 433 conditoris
1304 376 1579 441 fruitioni,
1616 393 1884 449 suamque
1934 395 2028 435 vo-

2149 384 2267 437 ιλλά
2313 384 2568 452 γενέσθαι
2601 387 2701 453 μὲν
2758 385 2937 450 αὐτὸν,
2995 386 3089 438 καὶ
3140 386 3282 455 ἔχειν
3340 386 3544 457 μοῖράν
3590 403 3714 439 τινα

454 476 719 528 luntatem
749 469 1055 524 conditoris
1083 467 1361 525 anteferre
1396 469 1664 523 voluntati
1692 488 1707 536 ;
1737 486 1839 524 nec
1873 472 2024 535 boni,

2149 477 2504 547 ιμικροτάτην
2529 476 2622 528 τοῦ
2654 477 2805 540 ὄντος
2828 477 2855 516 ιι
2883 477 3113 545 ἀγαθοῦ,
3139 479 3283 546 ἢπερ
3313 477 3402 530 διὰ
3424 479 3486 530 τὸ
3509 479 3712 535 κακὸν.

453 566 507 619 id
534 562 679 632 quod
719 561 985 616 bonitatis
1021 570 1235 615 tantum
1268 561 1509 631 speciem
1546 560 1737 626 habet,
1770 559 2028 631 quodque

2149 565 2398 629 τουτέστι,
2427 566 2515 619 διὰ
2555 566 2653 636 τὴν
2681 566 2865 620 ἄδικον
2905 566 3095 634 ἔφεσιν
3138 567 3232 620 καὶ
3272 565 3479 635 λύπην,
3513 582 3718 636 στερη-

453 657 659 710 malum
705 653 891 723 potius
924 666 1047 708 esse
1094 652 1476 722 probavimus,
1512 665 1579 706 eo
1625 651 1770 721 quod
1825 659 2025 706 natura

2149 655 2292 726 θῆναι
2319 657 2413 710 καὶ
2442 656 2611 726 αὐτῆς
2639 657 2842 727 μικρᾶς
2883 656 3081 726 μοίρας
3106 656 3201 709 τοῦ
3224 656 3458 724 ἀγαθοῦ.
3501 656 3570 710 Ὀ
3605 656 3718 725 γάρ

453 746 657 800 bonum
690 753 797 807 est,
830 743 1114 812 antiquius
1144 741 1367 798 habere.
1404 740 1548 797 Deus
1582 743 1748 813 igitur
1776 757 1901 796 eum
1934 757 2031 813 po-

2149 746 2269 811 Βεὸς
2302 747 2362 801 οὐ
2394 746 2537 801 κατὰ
2561 746 2659 817 τὴν
2693 747 2971 818 ἡμετέραν
3006 748 3188 819 κρίσιν
3231 747 3330 818 τὴν
3368 747 3570 816 ἄλογον
3595 746 3719 817 κρί-

452 838 565 891 tius
618 850 762 899 esse,
798 850 862 890 ac
906 835 991 889 vel
1047 833 1334 889 minimam
1370 833 1500 889 boni
1551 844 1765 904 partem
1827 835 2028 890 habere

2149 854 2235 903 ρει,
2260 835 2396 889 ἀλλὰ
2439 836 2581 889 κατὰ
2629 836 2691 889 τὸ
2724 836 2895 900 ὅντως
2947 837 3153 905 ἀγαθὸν
3188 839 3281 891 καὶ
3309 838 3520 891 δίκαιον
3541 854 3558 867 ·
3594 837 3719 889 οὐδὲ

453 927 670 991 maluit,
704 941 865 996 quam
918 934 978 979 ut
1030 926 1101 980 ob
1137 926 1363 990 malum,
1397 928 1502 981 hoc
1547 935 1634 983 est
1676 928 1748 983 ob
1778 928 2027 998 iniquam

2149 932 2247 991 τοῖς
2278 926 2507 980 πάθεσιν
2540 927 2699 998 ἡμῶν
2736 927 3100 995 ἐξακολουθεῖ,
3148 930 3271 982 οὐδὲ
3302 929 3393 982 διὰ
3415 926 3722 999 νομιζομέ-

451 1017 575 1086 ejus
610 1017 993 1088 cupiditatem,
1021 1017 1299 1087 animique
1320 1020 1648 1083 cruciatum,
1679 1019 1783 1072 hac
1806 1034 2031 1091 quoque

2149 1034 2234 1088 θην
2260 1017 2625 1088 συμπάθειαν,
2668 1018 2768 1088 τὴν
2802 1017 2973 1083 ὅντως
3011 1018 3337 1090 ὲμπάθειαν,
3369 1022 3465 1072 τὸν
3490 1018 3593 1071 τόῦ
3636 1019 3719 1071 δι-

452 1109 651 1178 exigua
684 1109 812 1163 boni
848 1117 1006 1177 parte
1054 1108 1393 1177 privaretur.
1448 1107 1637 1179 Neque
1686 1111 1836 1164 enim
1886 1110 2031 1166 Deus

2149 1109 2295 1163 miou
2328 1109 2486 1178 λόγον
2516 1109 2827 1180 προδίδωσι.

455 1201 631 1256 instar
664 1202 861 1267 nostri,
895 1216 1131 1271 quorum
1160 1203 1421 1279 stolidum
1452 1212 1539 1257 est
1564 1201 1860 1272 judicium,
1885 1203 2103 1274 judicat
2131 1221 2147 1258 :
2180 1202 2277 1260 sed
2306 1212 2365 1258 ut
2388 1218 2530 1258 verm
2570 1203 2802 1270 justitia‘.
2861 1218 2926 1259 ac
2977 1203 3211 1259 bonitati
3271 1211 3719 1258 consentaneum

454 1305 577 1348 est:
612 1309 712 1348 nec
736 1294 943 1349 nostris
966 1295 1307 1349 obseeundat
1362 1294 1673 1362 allectibus,
1731 1312 1831 1351 nec
1885 1306 2111 1368 propter
2182 1299 2740 1364 commiserationem,
2797 1306 2857 1353 ut
2910 1299 3266 1355 existimatur
3313 1298 3464 1369 (cum
3528 1306 3721 1352 tamen

453 1400 584 1440 vere
640 1397 972 1453 prtepostera
1028 1386 1278 1455 quaedam
1335 1385 1672 1457 indulgentia
1719 1388 1813 1457 sit)
1844 1389 1938 1457 jus
1969 1398 2024 1445 et
2062 1405 2282 1461 :equum
2319 1391 2524 1459 prodit.

524 1482 613 1535 '57:
644 1480 875 1549 Insuper
905 1498 919 1534 :
958 1480 1100 1535 Deus
1128 1496 1189 1533 ea
1215 1494 1336 1549 quae
1366 1481 1609 1535 nondum
1642 1489 1796 1547 sunt,
1828 1490 2023 1550 vocat;

2207 1484 2301 1549 λς’.
2340 1485 2451 1539 Καὶ
2485 1485 2645 1540 πάλιν
2666 1501 2679 1513 ·
2711 1486 2741 1539 6
2769 1485 2901 1549 Θεὸς
2930 1484 2997 1539 τὰ
3039 1485 3211 1555 μήπω
3237 1485 3367 1539 ὂντα
3404 1485 3591 1550 καλεῖ,
3626 1488 3722 1538 καὶ

456 1581 509 1626 ει
538 1586 661 1641 quae
705 1569 890 1624 futura
939 1577 1089 1634 sunt,
1128 1571 1277 1625 velut
1305 1570 1421 1638 jam
1469 1571 1611 1625 facta
1670 1573 1934 1641 perspicit
1967 1588 2032 1627 ac

2149 1580 2202 1633 τά
2233 1578 2490 1649 ἐσόμενα,
2511 1577 2586 1639 ὡς
2612 1577 2713 1649 ἤδη
2752 1578 3095 1647 γεγενημένα
3120 1577 3332 1648 θεωρεῖ,
3367 1576 3465 1630 καὶ
3497 1578 3684 1647 κρίνει
3705 1595 3720 1606 ·

452 1662 690 1732 judicat.
716 1660 1193 1729 Quemadmodum
1220 1662 1471 1731 judex“,
1494 1664 1551 1717 in
1578 1678 1704 1718 eum
1734 1666 1825 1734 qui
1849 1666 2035 1721 scelus

456 1755 680 1824 aliquod
701 1754 945 1817 admisit,
973 1754 1174 1807 merito
1193 1754 1584 1808 anin‘iadvertit
1608 1773 1621 1809 :
1642 1770 1705 1809 ac
1723 1756 1831 1810 nisi
1852 1756 2034 1809 anim-

458 1844 735 1903 advertat,
770 1844 993 1913 iniquus
1040 1852 1167 1909 est;
1212 1857 1391 1911 neque
1438 1843 1559 1912 ipse
1618 1841 1675 1896 in
1733 1858 1902 1898 causa
1953 1850 2038 1897 est

458 1948 561 1987 cur
605 1934 696 1987 ille
749 1934 1015 2001 peccarit,
1060 1941 1154 1986 aut
1201 1934 1501 2002 puniatur;
1554 1948 1744 1987 verum
1784 1934 1905 2003 ejus
1938 1933 2036 2003 qui

461 2021 728 2090 peccavit,
782 2021 1078 2074 voluntas:
1113 2020 1193 2073 sic
1242 2019 1387 2075 Deus
1440 2036 1602 2086 eum,
1656 2022 1753 2092 qui
1814 2021 2038 2078 futurus

460 2119 601 2175 erat,
662 2117 919 2179 tanquam
954 2109 1068 2178 jam
1102 2117 1287 2164 ortum
1340 2111 1607 2174 intuens,
1657 2120 1717 2165 ut
1770 2121 2036 2177 exstaret,

460 2201 723 2265 decrevit,
761 2210 931 2270 utque
960 2201 1007 2256 si
1036 2202 1216 2257 malus
1245 2203 1531 2266 evaderet,
1560 2204 1679 2273 ipse
1708 2204 1818 2258 sibi
1846 2219 2038 2274 poena-

460 2308 583 2346 rum
617 2302 813 2347 auctor
858 2293 1032 2346 ﬁeret.
1084 2290 1242 2347 Unde
1280 2293 1448 2347 etiam
1486 2308 1610 2348 eum
1664 2295 1934 2360 condidit,
1983 2304 2039 2352 et

458 2387 666 2444 bonum
719 2387 999 2442 condidit.
1062 2385 1269 2443 Verum
1332 2386 1427 2443 ille
1488 2388 1716 2458 propria
1768 2389 2042 2446 electione

460 2480 644 2533 malus
682 2479 860 2533 factus
888 2488 995 2545 est,
1025 2477 1246 2549 sibique
1279 2479 1386 2550 ipsi
1421 2480 1751 2549 supplicium
1796 2482 2041 2536 accersi-

458 2567 539 2622 vit
568 2585 582 2621 :
619 2568 750 2631 imo,
789 2568 908 2636 ipse
937 2568 1181 2636 seipsum
1206 2570 1513 2635 excruciat,
1539 2568 1667 2623 dum
1687 2584 1751 2623 ea
1778 2586 1901 2640 qua:
1930 2585 2039 2626 non

463 2664 616 2718 sunt,
645 2658 874 2725 expetit.
913 2655 1070 2721 Quod
1106 2664 1288 2711 autem
1322 2656 1415 2712 Dei
1445 2660 1794 2728 praescientia
1822 2662 2043 2717 diabolo

462 2760 632 2802 causa
667 2761 776 2800 non
809 2745 999 2813 fuerit,
1035 2756 1095 2801 ut
1134 2748 1313 2803 malus
1359 2748 1511 2803 ﬁeret
1535 2789 1551 2814 ,
1608 2750 1739 2805 hinc
1795 2761 2039 2807 constat.

461 2837 598 2894 Nam
652 2854 757 2895 nec
797 2840 1078 2904 medicus,
1115 2840 1246 2894 dum
1294 2840 1544 2896 futurum
1597 2844 1851 2897 morbum
1904 2860 2041 2914 pra:-

2135 1671 2324 1742 ὦσπερ
2356 1666 2449 1725 οὖν
2474 1669 2564 1724 τὸν
2603 1670 2703 1741 ἤδη
2739 1669 3135 1740 ἁμαρτήσαντα
3163 1671 3191 1723 ό
3245 1669 3443 1739 κριτὴς
3488 1668 3725 1730 δικαίως

2136 1760 2376 1827 κολάζει,
2405 1760 2508 1814 κᾶν
2537 1760 2613 1832 μὴ
2651 1760 2880 1832 κολάσῃ,
2912 1761 3097 1826 ἄδικός
3132 1762 3248 1815 ἐστι
3267 1777 3283 1793 ·
3312 1761 3409 1814 καὶ
3431 1764 3537 1814 οὐκ
3572 1762 3727 1814 ἔστιν

2137 1851 2297 1915 αὐτὸς
2320 1849 2494 1914 αίτιος
2516 1853 2613 1922 τῆς
2644 1850 2738 1905 τοῦ
2760 1850 3125 1922 κολαζομένου
3158 1852 3438 1923 ἁμαρτίας
3465 1853 3499 1921 ἢ
3542 1869 3696 1921 τιμω
3714 1883 3725 1889 -

2140 1943 2283 2014 ρίας,
2319 1941 2433 1998 ἀλλ’
2457 1943 2491 2012 ἡ
2524 1941 2618 1995 τοῦ
2643 1943 3065 2014 ἁμαρτήσαντος
3096 1944 3450 2013 προαίρεσις
3481 1942 3671 2006 οὕτως
3697 1944 3729 1995 6

2136 2034 2293 2099 Θεὸς,
2344 2034 2418 2097 ὡς
2466 2034 2566 2106 ήδη
2617 2033 3008 2104 γεγενημένον,
3052 2034 3114 2087 τὸ
3167 2035 3428 2105 ἐσόμενον
3472 2034 3726 2105 βλέπων,

2139 2124 2354 2195 ἔκρινεν
2413 2126 2576 2178 αὐτὸν
2647 2125 2938 2193 γενέσθαι,
3007 2126 3101 2180 καὶ
3150 2128 3199 2179 εί
3253 2128 3425 2191 κακὸς
3470 2128 3730 2196 γένοιτο,

2141 2214 2203 2282 ἐξ
2254 2214 2418 2269 αὐτοῦ
2489 2214 2862 2285 κολασθῆναι·
2917 2215 2997 2269 διὸ
3057 2216 3153 2269 καὶ⁵
3196 2216 3456 2287 ἐποίησεν
3530 2218 3729 2275 αὑτὸν.

2142 2307 2237 2362 καὶ
2266 2307 2469 2377 ἀγαθὸν
2517 2308 2776 2378 ἐποίησεν
2827 2309 3022 2362 αὐτόν’
3077 2307 3241 2372 αὐτὸς
3282 2309 3339 2361 δὲ
3393 2310 3458 2373 ἐξ
3510 2310 3732 2372 οἰκείας

2141 2401 2517 2475 προαιρέσεως
2548 2399 2739 2469 γέγονε
2777 2400 2967 2463 κακὸς,
3009 2400 3105 2453 καὶ
3153 2398 3328 2469 ἑαυτῷ
3374 2399 3576 2467 γέγονε
3624 2400 3733 2468 τῆς

2139 2495 2411 2565 τιμωρίας
2442 2494 2614 2557 αἴτιος
2633 2508 2648 2522 ⁸
2689 2492 2887 2562 μᾶλλον
2919 2492 2977 2545 δὲ
3016 2492 3206 2546 ἑαυτὸν
3226 2496 3579 2563 τιμωρεῖται,
3618 2493 3733 2545 τῶν

2144 2587 2220 2657 μὴ
2245 2585 2414 2639 ὄντων
2448 2585 2755 2655 ἐφιέμενος.
2789 2584 2911 2637 Ὅτι
2947 2582 3005 2636 δὲ
3055 2584 3156 2654 οὐχ
3192 2585 3225 2654 ἡ
3270 2584 3595 2654 πρόγνωσις
3634 2584 3730 2636 τοῦ

2142 2677 2278 2731 Θεοῦ
2308 2678 2531 2747 γέγονεν
2586 2674 2736 2729 αἰτία
2779 2673 2928 2744 αὐτῷ
2978 2673 3057 2744 τῷ
3114 2673 3347 2743 διαϐόλῳ
3389 2673 3490 2727 τοῦ
3551 2675 3735 2725 κακὸν

2141 2767 2383 2834 ἔσεσθαι,
2414 2767 2571 2837 δῆλον
2592 2781 2606 2795 ·
2641 2765 2761 2818 οὐδὲ
2781 2765 2890 2837 γὰρ
2929 2767 2959 2818 6
2988 2756 3381 2836 προγινώσκων
3409 2765 3605 2835 ίατρὸς
3630 2763 3735 2834 τὴν

2142 2861 2411 2933 ἐσομένην
2441 2860 2616 2924 νόσον,
2648 2859 2819 2922 αἴτιός
2871 2860 2988 2912 ἐστι
3034 2861 3134 2929 τῆς
3182 2859 3360 2921 νόσου,
3388 2856 3508 2910 ἀλλ’
3548 2856 3736 2909 αἴτιον

464 2931 668 2997 noscit,
699 2930 877 2984 morbi
906 2945 1071 2985 causa
1099 2940 1187 2987 est
1215 2950 1229 2986 :
1257 2933 1391 3001 quin
1422 2934 1609 3002 palius
1638 2936 1815 2989 morbi
1844 2950 2036 2996 causa,

2149 2930 2253 3024 μὲν
2281 2930 2380 3022 τῆς
2406 2948 2586 3019 νόσου,
2620 2952 2654 3022 ὴ
2687 2950 2905 3017 ἀταξία,
2938 2953 2972 3022 ἡ
3025 2950 3083 3003 δὲ
3117 2950 3451 3020 πρόγνωσις,
3479 2947 3591 3016 τῆς
3632 2948 3733 3001 τοῦ

464 3020 522 3076 in
558 3022 932 3077 immoderata:
962 3024 1085 3077 vitae
1116 3023 1330 3078 ratione
1349 3024 1606 3079 consistit
1638 3046 1649 3079 :
1688 3026 1886 3081 medici
1916 3041 2041 3081 vero

468 3112 861 3183 pmcognitio,
896 3112 1229 3167 eruditionis
1282 3113 1458 3181 ipsius
1503 3123 1884 3183 argumentum
1923 3123 2038 3182 est;

469 3202 939 3272 praenotionisquc
972 3217 1140 3257 causa
1175 3202 1290 3256 haec
1325 3210 1431 3268 est,
1460 3202 1623 3274 447
1660 3204 1810 3273 quod
1846 3204 1920 3258 ita
1952 3203 2042 3258 fu-

467 3302 652 3346 turum
683 3300 823 3348 erat.
855 3292 1012 3359 Quod
1061 3302 1244 3348 autem
1283 3307 1343 3348 se
1390 3294 1465 3346 ita
1511 3309 1600 3348 res
1634 3294 1860 3359 habeat,
1893 3293 2042 3365 Apo-

468 3383 647 3436 stolus
674 3382 917 3437 declarat
950 3382 1209 3451 inquiens
1241 3400 1255 3436 :
1298 3400 1317 3432 ι
1358 3384 1461 3448 Qui
1491 3391 1656 3438 vocat
1688 3400 1750 3439 ea
1785 3401 1905 3455 qua:
1929 3401 2041 3441 non

468 3482 619 3535 sunt,
652 3480 912 3543 tanquam
943 3489 1006 3529 ea
1038 3488 1161 3544 quae
1196 3484 1325 3527 sunt
1355 3474 1423 3527 ¹⁸.
1463 3492 1483 3526 ι
1525 3471 1671 3541 Quin
1713 3476 1851 3530 illud
1899 3478 2044 3532 scire

468 3578 761 3619 necessum
814 3573 918 3631 est,
978 3566 1246 3630 animam,
1296 3575 1353 3620 ut
1384 3579 1415 3621 e
1444 3580 1674 3636 corpore
1710 3567 1940 3633 excedit,
1978 3582 2043 3622 ea

463 3653 575 3723 jam
627 3655 940 3713 conditione
986 3672 1131 3722 esse,
1179 3665 1237 3710 ut
1287 3658 1492 3710 mutari
1526 3673 1637 3711 non
1687 3659 1885 3728 possit,
1928 3659 2044 3713 sive

470 3744 600 3799 boni
625 3745 925 3811 desiderio,
963 3747 1079 3802 sive
1113 3747 1239 3801 mali
1268 3747 1462 3801 allecta
1492 3748 1644 3802 sit".

540 3835 629 3888 ‘58.
657 3835 862 3890 Praeter
897 3838 1015 3891 haec
1046 3847 1229 3893 autem
1250 3841 1460 3906 omnia,
1487 3840 1692 3894 bonum
1728 3840 1970 3896 dicimus
1992 3842 2044 3895 id

469 3926 618 3995 quod
661 3928 805 3981 Deus
840 3928 977 3982 vult.
1020 3927 1091 3982 Ut
1121 3932 1266 3983 enim
1294 3932 1480 3985 lumen
1513 3946 1543 3984 a
1581 3931 1700 3985 sole
1721 3932 1922 3996 oritur,
1970 3932 2044 3984 ita

474 4020 678 4074 bonum
709 4033 773 4071 ex
814 4016 946 4071 Deo.
968 4016 1154 4083 Quare
1172 4021 1438 4088 quidquid
1472 4022 1648 4075 bonus
1671 4022 1808 4085 vult,
1842 4022 2043 4075 bonum

468 4120 551 4167 est
578 4129 591 4164 :
630 4110 792 4179 idque
821 4110 1040 4164 demum
1084 4111 1287 4165 bonum
1319 4119 1424 4175 est,
1463 4112 1610 4180 quod
1646 4113 1764 4181 ipse
1791 4113 1923 4167 vult.
1945 4113 2046 4167 Ju-

2145 3044 2333 3115 ίατροῦ
2379 3046 2691 3115 ἐπιστήμης
2734 3041 3045 3114 γνώρισμα,
3085 3043 3178 3095 καὶ
3229 3043 3403 3096 αίτιον
3446 3042 3549 3112 τῆς
3588 3057 3735 3112 προσ

2142 3135 2394 3205 γνώσεως
2426 3135 2486 3188 τὸ
2531 3135 2704 3196 οὕτως
2736 3134 2952 3205 μέλλειν
2982 3133 3221 3188 ἔσεσθαι.
3255 3153 3273 3185 ι
3294 3135 3419 3188 Ὅτι
3446 3133 3506 3186 δὲ
3546 3134 3733 3197 οὕτως

2142 3229 2281 3294 ἐστὶ,
2318 3227 2480 3298 φησὶν
2522 3229 2551 3280 6
2602 3225 2944 3292 Ἀπόστολος,
2967 3226 2995 3278 6
3026 3226 3208 3279 καλῶν
3246 3224 3316 3278 τά
3364 3224 3441 3296 μὴ
3472 3225 3608 3278 ὅντα
3654 3226 3734 3286 ὡς

2142 3320 2291 3375 ὄντα.
2329 3340 2347 3373 ι
2382 3320 2493 3374 Καὶ
2520 3317 2678 3372 τοῦτο
2718 3319 2775 3372 δὲ
2808 3318 3008 3371 εἰδέναι
3041 3318 3170 3388 χρὴ,
3199 3318 3282 3370 ὅτι
3310 3316 3500 3380 καθὼς
3523 3316 3730 3381 ἐξέλθῃ

2142 3414 2177 3484 ἡ
2206 3411 2353 3483 ψυχὴ
2397 3413 2461 3463 ὲκ
2492 3409 2589 3464 τοῦ
2628 3409 2899 3480 σώματος,
2941 3408 3111 3472 οὕτως
3147 3408 3391 3478 διαμένει
3428 3408 3733 3478 ἄτρεπτος

2140 3503 2234 3557 τοῦ
2275 3503 2488 3569 λοιποῦ,
2529 3503 2638 3557 είτε
2678 3502 2740 3556 τὸ
2790 3501 2995 3570 ἀγαθὸν
3031 3500 3304 3566 ποθοῦσα,
3341 3501 3452 3554 είτε
3503 3501 3568 3554 τὸ
3622 3515 3733 3555 πο-

2142 3612 2207 3665 νη
2216 3593 2330 3665 ρόν.

2214 3860 2315 3929 λη’.
2360 3859 2485 3912 Ἐπὶ
2515 3860 2650 3912 πᾶσι
2679 3857 2736 3911 δὲ
2786 3858 3018 3922 τούτοις,
3047 3857 3208 3910 τοῦτό
3253 3873 3426 3927 φαμεν
3477 3857 3736 3924 ἀγαθὸν,

2144 3952 2278 4020 ὅπερ
2317 3950 2462 4004 θέλει
2498 3951 2526 4003 6
2551 3950 2702 4012 Θεός.
2733 3949 2948 4020 Ὠσπερ
2978 3946 3088 4020 γάρ
3112 3949 3175 4001 τὸ
3202 3949 3318 4017 φῶς
3341 3951 3403 4001 ἐκ
3420 3946 3518 4000 τοῦ
3555 3949 3735 4019 ἡλίου

2143 4041 2404 4115 ὁρίζεται,
2436 4042 2577 4096 οὕτω
2601 4041 2695 4096 καὶ
2724 4041 2782 4095 τὸ
2807 4040 3011 4110 ἀγαθὸν
3041 4042 3107 4094 ἐκ
3132 4040 3227 4094 τοῦ
3260 4040 3426 4093 Θεοῦ·
3454 4042 3577 4094 Πᾶν
3606 4042 3734 4106 οὖν,

2143 4134 2171 4186 ὃ
2194 4134 2338 4187 θέλει
2366 4133 2587 4203 ἀγαθὸς,
2611 4133 2813 4202 ἀγαθόν
2842 4135 2961 4186 ἐστι
2981 4149 2995 4163 ⁸
3030 4134 3127 4187 καὶ⁵
3145 4132 3299 4186 τοῦτό
3313 4134 3464 4186 ἐστιν
3490 4135 3735 4203 ἀγαθὸν,

467 4203 573 4257 ἀει
628 4201 774 4257 Deus
825 4214 931 4267 est,
970 4219 1081 4257 non
1132 4218 1234 4257 nos
1284 4202 1382 4258 Dei
1426 4203 1666 4272 judices.
1702 4203 1845 4270 Quid
1878 4206 2038 4276 igitur

2149 4227 2173 4280 6
2205 4226 2369 4280 θέλει.
2404 4201 2613 4296 Κριτής
2646 4201 2797 4279 έστιν
2827 4227 2855 4279 6
2884 4225 3038 4290 Θεὸς,
3076 4226 3175 4295 οὐχ
3200 4228 3364 4297 ἡμεῖς
3395 4201 3595 4298 κριταὶ
3635 4228 3738 4283 τοῦ

466 4294 777 4346 censoriam
813 4293 870 4346 in
903 4308 1027 4347 eum
1067 4294 1274 4363 virgam
1328 4294 1674 4365 arripimus?
1715 4295 1857 4350 Deus
1890 4307 2038 4351 motu

2149 4317 2302 4372 Θεοῦ.
2328 4317 2394 4370 Τί
2427 4288 2520 4370 οῦν
2553 4288 2716 4387 αὑτὸν
2742 4288 3110 4389 ἀνακρίνομεν
3134 4288 3306 4383 ξίΘεὸς
3339 4288 3602 4390 ὀρρωδεῖ,
3638 4324 3740 4375 καὶ

468 4384 809 4451 percellitur,
842 4384 1163 4453 trepidatac
1194 4386 1390 4441 timet?
1419 4385 1563 4441 Deus
1588 4387 1677 4442 ille
1712 4403 1820 4441 non
1847 4386 2036 4457 fuerit,

464 4488 627 4542 quam
664 4483 842 4530 metus
876 4476 1135 4547 exagitat.

533 4561 622 4616 '59.
658 4562 713 4615 Si
733 4563 814 4618 sol
842 4572 895 4618 et
919 4565 1047 4618 luna
1068 4575 1334 4636 tanquam
1365 4567 1580 4638 navigia
1605 4567 1856 4639 quaedam
1883 4582 2034 4636 sunt,

460 4665 586 4720 qua:
616 4661 847 4719 partem,
884 4669 1048 4723 quam
1080 4656 1309 4709 materia
1359 4654 1470 4711 Deo
1503 4656 1731 4724 eripuit,
1762 4659 2036 4716 evellant:

461 4752 597 4807 ergo
621 4753 723 4792 nec
753 4740 857 4803 sol,
892 4756 989 4795 nec
1026 4742 1156 4797 luna
1190 4748 1343 4813 prius
1375 4753 1557 4813 erant,
1594 4755 1758 4817 atque
1791 4749 1955 4805 homo
1979 4751 2036 4805 in

464 4829 711 4883 tenebris
740 4831 1090 4887 versabatur.

532 4917 622 4971 40.
660 4917 718 4971 Si
749 4917 975 4975 alllictio
1006 4923 1270 4992 opinione
1295 4934 1481 4982 vestra
1514 4929 1658 4982 mala
1704 4937 1825 4995 est,
1879 4934 2033 4988 volu-

460 5018 583 5078 ptas
624 5018 680 5062 et
720 5008 1022 5065 oblectatio
1071 5014 1213 5067 bona
1268 5017 1339 5071 sit
1376 5033 1605 5075 necesse
1657 5030 1761 5076 est.
1794 5022 1948 5089 Quod
1984 5026 2032 5081 si

459 5100 534 5151 ita
563 5105 670 5164 est,
703 5099 849 5153 bona
897 5101 1065 5170 igitur
1114 5102 1406 5160 fornicatio
1428 5147 1443 5171 ,
1478 5109 1774 5177 ingluvies,
1803 5123 2032 5170 caetera-

2143 4412 2353 4484 δειλιᾷ,
2415 4410 2509 4465 καὶ
2572 4409 2814 4476 δέδοικε;
2871 4409 3006 4473 Θεὸς
3056 4409 3429 4480 φοϐούμενος,

2142 4505 2292 4569 Θεός.

2210 4595 2309 4649 λθ’.
2342 4595 2404 4647 El
2443 4595 2471 4647 6
2501 4592 2655 4663 ἥλιος
2686 4592 2842 4663 καὶ“ή
2890 4593 3085 4664 σελήνη
3114 4592 3275 4647 πλοῖα
3308 4594 3605 4663 γεγόνασι,
3643 4596 3736 4651 διὰ

2140 4686 2201 4739 τὸ
2221 4686 2448 4753 ἀγαγεῖν
2477 4684 2578 4753 τὴν
2617 4684 2832 4753 μοῖραν,
2860 4682 2929 4751 ἣν
2965 4686 3208 4757 ἥρπασεν
3235 4686 3268 4753 ἠ
3298 4682 3398 4755 ὕλη
3431 4685 3542 4738 ἀπὸ
3561 4686 3734 4750 Θεοῦ,

2141 4780 2240 4833 οὐκ
2293 4774 2362 4849 ἦν
2411 4777 2520 4847 πρὸ
2566 4776 2765 4830 τούτου
2812 4776 2998 4846 ἥλιος,
3040 4775 3162 4829 οὐδὲ
3215 4777 3457 4847 σελήνη,
3508 4779 3616 4831 καὶ
3676 4781 3739 4833 ὲν

2144 4867 2319 4939 σκότῳ
2345 4862 2413 4939 ἧν
2438 4867 2467 4919 6
2488 4865 2798 4936 ἄνθρωπος.

2212 4966 2284 5031 μ’.
2323 4960 2387 5012 El
2416 4957 2537 5011 καθ’
2575 4958 2720 5028 ὑμᾶς
2758 4957 2792 5027 ἡ
2824 4955 3001 5026 θλῖψις
3028 4956 3195 5028 κακὴ,
3237 4955 3461 5011 πάντων
3491 4959 3527 5027 ἡ
3558 4958 3737 5029 ἠδονὴ

2140 5051 2234 5104 καὶ
2289 5051 2324 5115 ὴ
2359 5048 2662 5112 ἀπόλαυσις
2709 5046 2927 5118 ἀγαθήο
2988 5047 3085 5101 καὶ
3121 5050 3171 5101 εί
3214 5047 3396 5112 τοῦτο,
3446 5048 3672 5116 ἀγαθὸν
3703 5054 3739 5121 ἡ

2140 5142 2389 5215 πορνεία,
2430 5142 2523 5195 καὶ
2569 5143 2602 5211 ή
2640 5137 3078 5209 γαστριμαργία,
3110 5138 3204 5192 καὶ
3241 5138 3345 5190 ὅσα
3386 5138 3596 5210 τέρπει
3641 5142 3741 5193 καὶ

3494 4411 3580 4483 μὴ
3647 4417 3737 4485 ετη

458 5206 564 5258 que
584 5206 708 5261 quae.
737 5201 1144 5261 perpetrantem
1195 5196 1478 5265 voluptate
1519 5199 1765 5256 alliciunt
1795 5222 1808 5257 :
1833 5214 2027 5261 contra

2149 5196 2248 5305 ’λόει
2276 5196 2389 5288 τὸν,
2413 5196 2755 5305 πράττὸντω
2787 5196 2896 5283 ’ὅσα
3019 5196 3203 5294 λυπεῖ,
3259 5196 3599 5302 ἐγκράτεια,
3635 5250 3738 5305 νη-

456 5296 519 5334 ea
555 5283 740 5337 omnia
774 5298 900 5353 quae
927 5284 1236 5340 molestiam
1270 5288 1528 5355 afferunt,
1569 5302 1628 5345 ut
1660 5296 2025 5365 continentia,

456 5372 655 5439 inedia,
686 5374 908 5444 vigiliae,
941 5376 1157 5446 aliaque
1188 5378 1240 5433 id
1274 5395 1470 5448 genus,
1509 5383 1650 5437 mala
1680 5394 1826 5440 sunt.

2138 5327 2312 5391 στεία,
2350 5324 2648 5396 ἀγρυπνία,
2675 5323 2769 5376 καὶ
2789 5322 2858 5375 τὰ
2878 5321 3123 5388 τοιαῦτα,
3149 5322 3317 5377 κακά.

516 5504 560 5533 ί*
600 5504 719 5559 Lib.
766 5523 801 5562 ιι
836 5506 912 5562 De
934 5509 1060 5580 ﬁde,
1098 5527 1219 5583 cap.
1256 5514 1345 5569 '50.
1399 5514 1620 5572 "Rom.
1655 5535 1728 5585 Iv,
1773 5521 1854 5578 t7.
1932 5525 1976 5556 ¹⁶
2034 5525 2151 5579 Lib.
2191 5541 2226 5579 ιι
2263 5524 2337 5577 De
2386 5523 2513 5591 ﬁde,
2562 5535 2681 5591 cap.
2708 5519 2761 5573 2.

1734 5632 1989 5688 ’ΥΛΒΗΞ
2036 5631 2430 5688 ῐ.ῐί(ἶ’1“ἔΟΝΕ8.

526 5696 554 5785 If
586 5707 729 5772 Lego
762 5720 883 5758 cum
914 5706 1243 5768 Lcunclavio
1289 5713 1380 5767 τοῦ
1406 5715 1597 5781 ὅντως.

440 5815 488 5836 αλ
