3980 6140
239 319 373 387 1545

1232 331 1612 391 DIALOGUS
1653 331 1955 394 CONTRA
1994 331 2480 395 ΜΑΝΙΟΗίΕΟΞ.

3350 344 3489 409 1546

305 451 381 505 μα
402 473 416 489 .
446 434 508 488 Ei
532 435 816 504 ἐγκαλεῖτε
841 433 962 507 Θεῷ
983 435 1082 509 τὴν
1119 439 1214 492 τοῦ
1247 442 1634 512 κατακλυσμοῦ
1674 458 1804 495 παν-

1982 441 2074 495 41.
2111 442 2216 508 Qui
2244 440 2357 496 Deo
2405 441 2602 497 diluvii
2639 443 2943 511 excidium,
2989 453 3044 501 et
3076 445 3488 506 Sodomitarum

231 525 503 598 ολεθρίαν,
551 528 646 582 καὶ
696 529 804 582 τῶν
833 529 1140 601 Σοδομιτῶν
1174 532 1272 604 τὴν
1303 535 1683 604 ἐκφλόγωσιν,
1712 535 1807 588 καὶ

224 615 323 668 τοῦ
353 615 552 687 Φαραὼ
581 617 670 670 τὸν
720 619 1012 690 ποντισμὸν
1081 622 1214 692 πρὸς
1268 623 1328 676 τὸ
1364 624 1640 695 συμφέρον
1674 642 1805 678 παι-

225 705 458 771 δεύοντι,
491 709 824 775 ὲγκαλέσατε
858 711 1059 780 μᾶλλον
1087 713 1323 778 αίωνίως
1345 715 1648 780 κολάζοντι.

190 843 197 854 ,
301 795 411 867 μβ’.
444 799 517 851 Τὸ
567 801 633 852 ὲκ
664 800 765 866 τῆς
793 801 986 854 ἑαυτοῦ
1021 804 1207 868 οὐσίας
1247 806 1568 877 προφέρειν,
1595 807 1658 860 ού
1704 807 1804 878 δη-

226 888 552 959 μιούργημα
575 907 588 920 ·
606 891 668 944 τὸ
694 891 751 944 δὲ
778 893 842 944 ὲκ
877 893 952 963 μὴ
975 893 1168 958 ὄντων,
1189 896 1600 969 δημιούργημα.
1625 899 1688 952 Εἰ
1714 895 1808 953 οὖν

219 979 612 1052 δημιουργεῖλγ
647 981 834 1048 κακία,
870 985 935 1037 ὲκ
967 984 1042 1056 μὴ
1066 984 1234 1040 ὄντων
1267 989 1530 1058 παράγει,
1564 990 1658 1044 καὶ
1681 990 1810 1044 οὐκ-

218 1070 304 1124 έτι
339 1074 406 1125 ἐκ
437 1074 535 1144 τῆς
582 1073 716 1146 ὕλης
740 1075 802 1128 τὸ
840 1076 1020 1145 σῶμα.
1048 1078 1110 1131 Ei
1145 1079 1200 1133 δὲ
1246 1080 1311 1133 ὲκ
1336 1081 1440 1151 τῆς
1466 1080 1619 1154 ὕλης,
1655 1101 1809 1138 τουτ-

218 1162 374 1217 ἐστιν
412 1164 479 1218 ὲκ
529 1165 630 1235 τῆς
659 1167 851 1231 οὐσίας
881 1169 977 1238 τῆς
1006 1171 1226 1236 κακίας,
1272 1173 1322 1224 εί
1377 1173 1474 1243 μὲν
1509 1173 1742 1246 ἄναρχος
1772 1179 1806 1246 ἡ

214 1253 416 1316 κακία,
449 1253 718 1320 ἀθάνατος
757 1256 976 1321 πάντως
1009 1259 1105 1312 καὶ⁸
1137 1259 1433 1330 ἄτρεπτος.
1467 1263 1541 1316 Τὸ
1577 1264 1687 1336 γὰρ
1732 1268 1808 1335 μὴ

211 1342 554 1414 ἀρξάμενον,
584 1347 646 1399 οὐ
671 1348 925 1410 παύεται,
945 1350 1066 1403 οὐδὲ
1087 1352 1372 1422 τρε-ἕπεται⁸
1391 1355 1440 1406 εί
1457 1354 1513 1408 δὲ
1542 1356 1808 1427 τρέπεται

209 1435 311 1487 καὶ
341 1435 654 1506 φθείρεται,
684 1440 786 1493 οὐκ
814 1440 1072 1511 ἄναρχον.
1093 1443 1156 1495 El
1181 1443 1238 1497 δὲ
1267 1447 1299 1516 ἡ
1327 1448 1493 1501 κακία
1517 1448 1807 1520 ἄτρεπτος,

209 1526 312 1578 καὶ
339 1526 410 1578 τὸ
443 1529 508 1580 ἐκ
540 1528 639 1598 τῆς
687 1531 878 1594 οὐσίας
906 1532 1082 1603 αὐτῆς
1117 1533 1280 1606 σῶμα
1331 1537 1612 1610 ἄφθαρτον
1655 1543 1810 1596 ἔσται

209 1617 314 1670 καὶ
339 1618 636 1690 ἄτρεπτον.
674 1620 834 1685 Τίνος
867 1621 960 1676 οῦν
995 1619 1062 1694 ἦν
1111 1625 1144 1696 ἡ
1176 1625 1354 1696 φθορὰ
1398 1631 1494 1684 καὶ
1537 1634 1570 1702 ἠ
1606 1634 1809 1700 κακία;

209 1709 244 1778 ὴ
273 1707 392 1778 γὰρ
437 1709 612 1780 φθορὰ
637 1711 857 1776 πάντως
890 1713 1104 1785 φθείρει
1131 1734 1208 1784 τι,
1253 1719 1286 1789 ἢ
1318 1721 1422 1774 οὐκ
1451 1721 1568 1778 ἐστι
1609 1725 1807 1796 φθορά.

209 1801 276 1852 Et
315 1801 422 1870 μὲν
445 1801 524 1880 ,τὸ
548 1779 756 1871 ἀγαθὸν
785 1779 1052 1876 παθητὸν,
1095 1779 1338 1882 παθητὸς
1369 1815 1465 1868 καὶ
1502 1818 1530 1869 ὁ
1560 1779 1806 1886 ἀγαθύςζ
1843 1779 1884 1834 Β

211 1892 312 1944 καὶ
343 1891 465 1955 πῶς
497 1890 589 1948 οὖν
617 1895 842 1960 τελείως
871 1899 1106 1967 ἀγαθός;
1141 1902 1500 1974 φθειρόμενος
1521 1907 1578 1960 δὲ
1604 1909 1808 1978 ἀγαθὸς

214 1980 312 2034 ὑπ’
343 1983 544 2050 αὐτῆς,
583 1985 662 2047 είς
712 1987 1056 2057 ἀνυπαρξίαν
1108 1993 1370 2062 χωρήσει.
1417 1995 1481 2047 El
1509 1994 1568 2048 δὲ
1606 1998 1808 2069 ἑαυτὴν

214 2069 500 2142 ἔφθειρεν,
538 2073 774 2146 ἐφθάρη,
811 2078 905 2130 καὶ
955 2079 1226 2147 ἀπώλετο,
1265 2083 1359 2136 καὶ
1386 2085 1486 2139 οὐκ
1539 2086 1706 2142 ἔστιν.
1743 2091 1807 2143 El
1885 2084 1888 2086 ⁷

213 2161 277 2213 δὲ
308 2162 479 2233 μέρος
513 2163 609 2217 τοῦ
658 2165 886 2233 ἀγαθοῦ,
919 2168 954 2239 ἢ
985 2169 1152 2241 μέρος
1194 2172 1399 2237 ἑαυτῆς
1437 2174 1712 2244 ἔφθειρεν.
1739 2173 1809 2249 ἦς

213 2251 283 2322 δὴ
313 2252 534 2321 φύσεως
569 2255 630 2308 τὸ
677 2257 843 2328 μέρος
891 2260 1152 2331 φθαρτὸν,
1209 2265 1304 2318 καὶ
1344 2267 1496 2320 πᾶσα
1549 2269 1804 2341 φθαρτήο

215 2344 488 2398 ἀδύνατον
519 2346 627 2416 γὰρ
679 2347 779 2417 τὴν
826 2349 998 2420 αὐτὴν
1041 2350 1202 2420 φύσιν
1246 2355 1343 2407 καὶ
1386 2356 1631 2428 φθαρτὴν
1667 2355 1808 2413 εἶναι

216 2437 318 2490 καὶ
348 2436 647 2508 ἄφθαρτον.
668 2440 732 2492 El
749 2439 858 2512 γὰρ
875 2441 1106 2511 λέγομεν
1133 2443 1194 2496 τὸ
1212 2443 1370 2514 σῶμα
1393 2449 1487 2500 τοῦ
1516 2447 1806 2514 ἀνθρώπου

219 2529 466 2600 φθαρτὸν
497 2533 664 2603 μέρος
691 2532 752 2586 ὃν
782 2534 875 2587 τοῦ
913 2536 1228 2608 ἀνθρώπου,
1289 2539 1390 2609 τὴν
1427 2539 1484 2592 δὲ
1533 2541 1710 2612 ψυχὴν
1744 2543 1806 2596 ἄ-

220 2620 492 2690 φθαρτον,
521 2624 636 2676 ἀλλ’
661 2624 764 2678 οὐκ
785 2626 892 2679 είσὶ
921 2628 1051 2698 μιᾶς
1085 2627 1317 2696 φύσεως.
1337 2630 1404 2683 Ἠ
1434 2630 1544 2702 γὰρ
1572 2632 1740 2704 ψυχὴ,
1759 2633 1807 2686 εἰ

220 2710 326 2763 καὶ
369 2712 426 2762 ὲν
481 2709 696 2782 σώματι
731 2713 1102 2781 πολιτεύεται,
1148 2717 1266 2770 ἀλλ’
1311 2718 1413 2772 οὐκ
1459 2718 1577 2772 ἐστι
1621 2721 1805 2792 σῶμα,

221 2800 344 2855 ἀλλ’
374 2800 666 2872 ἀσώματος
686 2819 700 2835 ο
739 2804 882 2859 ὥστε
923 2808 1092 2877 ἄλλης
1122 2809 1339 2878 φύσεώς
1369 2812 1518 2865 ἐστιν
1548 2814 1582 2883 ἡ
1632 2812 1804 2886 ψυχὴ,

221 2894 322 2946 καὶ
354 2892 520 2963 ἄλλης
539 2893 602 2946 τὸ
642 2893 804 2964 σῶμα
825 2910 840 2923 ⁶
873 2897 967 2949 καὶ
1003 2897 1062 2949 οὐ
1089 2898 1151 2951 τὸ
1185 2899 1284 2969 μὲν
1315 2901 1480 2972 μέρος
1508 2903 1607 2974 τῆς
1635 2905 1806 2972 αὐτῆς

223 2981 446 3053 φύσεως
487 2983 744 3054 φθαρτὸν,
772 2984 832 3037 τὸ
881 2985 938 3038 δὲ
969 2985 1286 3059 ἄφθαρτονέ
1331 2991 1449 3044 ἀλλ’
1495 2994 1528 3062 ἡ
1569 2993 1667 3063 μὲν
1709 2994 1808 3064 μία

1911 528 2427 604 conﬂagrationem,
2481 534 2902 608 Pharaonisque
2953 541 3317 596 emersionem
3375 545 3490 598 cri-

1911 625 2048 680 mini
2098 624 2270 690 datis,
2319 639 2444 681 cum
2476 627 2771 703 erudiendi
2806 644 2970 684 causa
3007 631 3124 686 [nec
3160 634 3313 687 illata
3351 635 3488 703 sint,

1911 714 2061 772 hunc
2088 717 2271 786 potius
2301 693 2728 788 accusatc‘quod
2756 731 2958 776 mterne
2991 724 3202 793 puniat.

1980 806 2072 861 42.
2106 807 2266 873 Quod
2295 823 2362 863 ex
2393 824 2492 865 sua
2531 811 2658 880 quis
2692 813 3001 869 substantia
3052 816 3332 885 producit,
3377 833 3490 872 non

1911 906 1999 955 est
2029 907 2314 965 creatura,
2364 917 2528 958 secus
2569 915 2753 960 autem
2786 909 2935 976 quod
2972 923 3039 963 ex
3070 909 3268 964 nihilo.
3297 909 3491 980 Itaque

1912 991 1961 1046 si
1993 991 2198 1045 malum
2254 992 2363 1046 vim
2419 994 2581 1050 habet
2626 999 2869 1066 creandi,
2907 1015 2972 1055 ex
3003 1001 3180 1056 nihilo
3207 1005 3484 1073 producit,

1911 1098 2014 1140 nec
2035 1084 2151 1156 jam
2185 1100 2251 1140 ex
2284 1085 2517 1140 materia
2540 1101 2743 1157 corpus
2767 1099 2948 1144 ortum
2987 1093 3190 1148 trahet.
3223 1093 3280 1148 Si
3303 1104 3487 1150 autem

1911 1191 1978 1230 ex
2013 1175 2266 1241 materia,
2291 1175 2398 1230 hoc
2431 1185 2518 1231 est
2546 1192 2609 1232 ex
2646 1180 2773 1234 mali
2827 1182 3158 1251 substantia,
3186 1181 3487 1256 si-quidem

1913 1268 2078 1324 initio
2108 1269 2314 1322 malum
2346 1277 2552 1336 careat,
2582 1270 2896 1329 immortale
2923 1290 3158 1345 prorsus
3195 1286 3246 1334 et
3283 1279 3490 1334 immu-
3595 1344 3602 1348 _

1912 1359 2083 1415 tabile
2112 1368 2220 1415 est.
2264 1359 2419 1426 Quod
2456 1362 2603 1416 enim
2639 1379 2744 1418 non
2800 1365 3003 1436 incepit
3039 1383 3184 1435 esse,
3216 1384 3286 1424 ne
3321 1372 3489 1428 ﬁnem

1913 1451 2160 1521 quidem,
2195 1459 2290 1505 aut
2334 1454 2697 1508 mutationem
2733 1455 3052 1512 habiturum
3086 1467 3190 1514 est.
3227 1459 3324 1516 Sin
3357 1479 3490 1519 vero

1911 1539 2203 1594 mutationi
2233 1549 2288 1595 et
2315 1543 2660 1612 corruptioni
2684 1545 2989 1601 obnoxium
3023 1558 3128 1614 est,
3179 1551 3345 1608 initio
3389 1555 3492 1608 mi-

1913 1629 2060 1685 nhue
2083 1642 2254 1686 caret.
2285 1633 2463 1688 Porro
2493 1635 2540 1689 si
2569 1635 2774 1690 malum
2806 1632 3026 1692 mutari'
3042 1642 3254 1711 nequit,
3288 1658 3492 1716 corpus

1916 1737 2158 1791 quoque,
2191 1725 2340 1793 quod
2376 1742 2443 1780 ex
2476 1726 2598 1796 ejus
2633 1730 2946 1785 substantia
2976 1741 3161 1788 ortum
3205 1744 3330 1804 est,
3361 1754 3491 1793 cor-

1911 1813 2190 1882 ruptionis
2231 1822 2287 1869 et
2337 1819 2672 1874 mutationis
2703 1834 2904 1890 expers
2945 1823 3072 1879 erit.
3108 1825 3281 1894 Cujus
3318 1828 3494 1899 igitur

1879 1916 2031 1962 erat
2069 1909 2358 1978 corruptio
2403 1917 2458 1965 et
2508 1911 2757 1966 malitia?
2788 1913 2907 1968 Non
2939 1915 3084 1970 enim
3119 1928 3206 1973 est
3256 1919 3489 1974 dubium

1901 1999 2043 2070 quin
2083 2001 2375 2070 corruptio
2413 2000 2624 2072 aliquid
2674 2014 3019 2076 corrumpat,
3055 2016 3151 2061 aut
3202 2012 3492 2082 corruptio

1897 2071 2021 2144 non
2049 2090 2175 2145 erit.
2211 2089 2386 2146 Porro
2428 2093 2475 2147 si
2508 2071 2729 2148 bonum
2783 2098 3134 2166 perpessioui
3188 2099 3489 2156 obnoxium

1910 2188 2019 2247 est,
2086 2182 2437 2252 perpessioni
2489 2199 2710 2255 quoque
2769 2186 2948 2244 bonus
3015 2190 3298 2247 obnoxius
3359 2194 3488 2249 erit.

1910 2271 2068 2340 Quod
2092 2274 2141 2329 si
2178 2275 2253 2329 ita
2294 2282 2402 2342 est,
2431 2277 2657 2346 quinam
2693 2279 2856 2334 velim
2888 2281 3134 2353 perfecte
3157 2285 3338 2342 bonus
3369 2303 3493 2344 esse

1910 2374 2099 2436 queat.
2131 2366 2278 2433 Quin
2315 2370 2363 2424 sl
2417 2369 2597 2426 bonus
2642 2384 2673 2424 a
2722 2375 2954 2428 materia
2987 2380 3385 2449 corrumpitur,
3422 2381 3491 2435 ad

1910 2456 2152 2513 nihilum
2191 2459 2416 2515 tandem
2445 2461 2748 2533 redigetur.
2779 2464 2935 2530 Quod
2973 2466 3021 2521 si
3059 2471 3343 2541 corruptio
3371 2472 3492 2542 ipsa

1910 2561 2032 2603 sese
2087 2549 2475 2615 labefactabat,
2507 2564 2774 2624 corrupta
2809 2567 2894 2611 est
2928 2558 3098 2628 igitur
3130 2569 3296 2631 atque
3319 2563 3492 2619 inter-

1910 2638 1994 2691 iit.
2058 2637 2157 2694 Sin
2182 2639 2311 2694 boni
2337 2642 2607 2698 duntaxat
2640 2653 2877 2714 partem,
2916 2657 3012 2702 aut
3043 2652 3128 2706 sui
3159 2653 3334 2723 ipsius
3359 2671 3515 2725 par--

1910 2736 2017 2784 tem
2067 2733 2478 2802 corrumpebat,
2531 2750 2668 2791 sane
2717 2738 2878 2809 cujus
2928 2755 3147 2800 natura:
3197 2762 3326 2816 pars
3359 2765 3492 2806 cor-

1909 2824 2155 2893 ruptioni
2188 2826 2534 2897 subjacebat,
2561 2837 2674 2884 tota
2708 2848 2928 2904 quoque
2952 2847 3152 2894 natura
3177 2847 3491 2915 corruptio-

1909 2914 1967 2968 ni
2015 2916 2257 2972 obnoxia
2313 2929 2452 2976 erat.
2489 2921 2680 2994 Neque
2729 2927 2875 2981 enim
2930 2929 3050 2986 ﬁeri
3085 2940 3272 3002 potest
3325 2914 3382 2992 ut
3433 2940 3487 2994 in

1911 3019 2078 3060 unam
2107 3008 2469 3080 eamdemque
2499 3021 2753 3070 naturam
2779 3021 2978 3088 partim
3001 3024 3165 3080 cadat
3185 3031 3488 3100 corruptio,

223 3071 394 3140 φύσις
416 3072 510 3126 τοῦ
551 3073 845 3144 ἀνθρώπου
893 3075 1133 3148 φθαρτὴ,
1181 3081 1215 3150 ἡ
1246 3078 1305 3133 δὲ
1362 3081 1674 3154 ἄφθαρτος·
1712 3086 1804 3138 καὶ

225 3160 352 3186 _,.___
385 3163 415 3186 ,ι
452 3163 596 3186 ,ιν,,,,.ι,
629 3162 684 3186 ιε
729 3164 960 3186 LL---”
1007 3167 1219 3186 -.-μη
1272 3185 1291 3186 κ
1445 3170 1457 3186 ι
1554 3172 1567 3186 ι
1716 3172 1738 3186 -ι

1911 3095 2110 3164 partim
2143 3113 2253 3154 non
2285 3071 2467 3155 cad-at.
2490 3102 2629 3160 Nam
2654 3071 3031 3182 licetrcorpus,
3066 3117 3213 3186 quod
3244 3071 3490 3180 hominis;

221 3160 354 3216 οὔτε
385 3163 418 3232 ἡ
451 3163 599 3234 ψυχὴ
627 3162 686 3227 ἐξ
724 3164 966 3236 ἀνάρχου
1001 3167 1222 3230 οὐσίας’
1264 3170 1473 3242 τρεπτὴ
1502 3172 1613 3243 γάρ
1635 3189 1649 3204 ·
1680 3172 1804 3228 οὔτε

1911 3160 1928 3164 _
2813 3160 3031 3182 ---τ-υ,
3068 3160 3213 3186 ,ι-ν..

1911 3199 2042 3254 pars
2071 3195 2179 3255 est,
2217 3193 2558 3262 corruptioni
2593 3197 2894 3254 obnoxium
2917 3240 2932 3266 ,
2965 3204 3204 3262 animam
3237 3220 3418 3266 autem
3457 3229 3488 3267 τι

221 3253 286 3307 τὸ
315 3253 507 3324 σῶμαο
541 3255 635 3309 καὶ
665 3256 800 3308 αὐτὸ
829 3257 938 3328 γὰρ
967 3259 1202 3328 τρεπτδν
1237 3262 1334 3314 καὶ
1371 3263 1633 3335 φθαρτόν·
1675 3269 1808 3336 μιᾶς

220 3345 283 3397 δὲ
315 3344 530 3413 φύσεως
559 3345 780 3415 λέγεται
814 3349 844 3401 ὁ
874 3349 1184 3420 ἄνθρωπος,
1217 3353 1315 3423 οὐχ
1353 3354 1437 3408 ὅτι
1466 3357 1500 3427 η
1529 3355 1678 3429 ψυχὴ
1711 3361 1806 3414 καὶ

221 3433 287 3486 τδ
311 3433 473 3504 σῶμα
508 3437 640 3504 μιᾶς
675 3438 793 3490 ἐστι
828 3437 1066 3506 φύσεως,
1102 3440 1219 3493 ἀλλ’
1259 3442 1342 3496 ὅτι
1388 3443 1592 3510 πάντες
1627 3450 1676 3502 oi
1710 3451 1807 3504 ἄν·

222 3524 438 3596 θρωποι
479 3524 682 3596 ὁμοίως
723 3527 954 3592 ἕκαστος
991 3530 1172 3602 ψυχὴν
1212 3532 1325 3604 ἔχει
1357 3537 1450 3588 καὶ
1497 3535 1678 3609 σῶμα,
1708 3542 1805 3596 καὶ

219 3615 456 3680 ἕκαστος
480 3616 575 3670 δύο
607 3617 799 3686 φύσεις
834 3620 970 3690 ἔχει.

224 3705 402 3762 altera
432 3709 715 3780 corrumpi

219 3801 582 3872 corruptione
628 3803 893 3862 immunis
951 3824 966 3860 :

217 4091 480 4148 peraeque
530 4079 752 4146 habeat,
804 4084 1056 4156 duasque
1130 4088 1267 4145 adeo
1303 4100 1550 4153 naturas.

301 4175 412 4238 μγ’.
455 4169 522 4223 Ἦ
570 4173 769 4244 τροπὴ,
807 4176 873 4230 ὲκ
898 4176 995 4230 τοῦ
1049 4180 1296 4236 ἐναντίου
1329 4185 1412 4250 είς
1453 4188 1514 4242 τὺ
1561 4190 1804 4250 ἐναντίον

224 4260 524 4332 μεταϐολὴ,
561 4263 627 4316 ἐκ
660 4264 735 4336 μὴ
773 4265 924 4332 ὄντος
963 4271 1045 4335 είς
1070 4271 1131 4325 τὺ
1156 4268 1318 4340 εἶναι,
1349 4276 1384 4348 ἢ
1415 4278 1476 4344 ἐξ
1517 4281 1686 4337 ὄντων
1721 4288 1802 4352 είς

217 4353 285 4406 τὸ
323 4353 398 4424 μὴ
432 4349 592 4418 εἶναι,
624 4356 656 4429 ἢ
698 4356 756 4423 ἐξ
801 4359 1006 4431 ἀρετῆς
1063 4364 1145 4428 είς
1184 4368 1417 4434 κακίαν,
1453 4373 1591 4446 ὅπερ
1629 4349 1796 4446 ἐστὶν,

219 4443 289 4495 ὲκ
330 4443 439 4496 τῶν
493 4447 740 4513 φυσικῶν
790 4449 957 4514 ἕξεων
1003 4454 1086 4516 είς
1134 4455 1233 4526 τὴν
1261 4458 1465 4514 τούτων
1520 4443 1796 4537 στέρησιν.
1832 4453 1877 4507 D

233 4533 302 4586 Ἥ
339 4535 509 4607 ἀρετὴ
535 4536 813 4609 πλήρωσίς
843 4543 960 4595 ἐστι
1003 4544 1096 4599 τοῦ
1145 4547 1310 4618 νόμου
1344 4551 1436 4604 τοῦ
1469 4554 1604 4608 Θεοῦ
1618 4533 1639 4586 τ’
1745 4559 1802 4614 δὲ

221 4623 391 4694 νόμος
431 4625 527 4678 τοῦ
579 4629 714 4681 Θεοῦ
761 4631 976 4704 θέλημα
1020 4636 1188 4690 αὐτοῦ
1241 4641 1425 4694 ἐστιν’
1466 4645 1644 4710 οὐδεὶς
1693 4649 1803 4723 γὰρ

221 4717 530 4772 ἐντέλλεται
551 4719 579 4772 ὃ
601 4722 660 4774 ού
697 4721 839 4776 θέλει
856 4740 870 4755 ο
898 4725 1031 4780 τὸδὲ
1061 4728 1271 4800 θέλημα
1298 4733 1392 4786 τοῦ
1417 4735 1551 4791 Θεοῦ
1598 4717 1802 4808 ἀγαθόν

221 4807 393 4874 ἐστιν,
420 4807 711 4880 ἄτρεπτον,
732 4813 820 4865 ἀεὶ
847 4814 1110 4882 ὡσαύτως
1134 4819 1257 4890 ἔχον
1275 4838 1289 4852 ·
1324 4822 1462 4879 ὥστε
1489 4807 1800 4900 τὸάγαθὸν,

113 4949 123 4955 ,
220 4895 284 4949 ὃν
313 4899 483 4966 ἐστιν,
515 4903 716 4972 ὁμοίως
744 4905 840 4958 καὶ
878 4908 1082 4979 ἀρετήο
1113 4911 1318 4980 ἀγαθὸν
1364 4921 1472 4988 γὰρ
1508 4920 1542 4990 ή
1591 4895 1800 4992 ἀνρετήξ

221 4987 259 5056 ἡ
299 4987 356 5041 δὲ
387 4992 575 5057 κακία,
625 4994 726 5048 οὐκ
769 4995 861 5062 ὃν,
911 4997 1049 5052 ἀλλὰ
1096 5002 1190 5054 τοῦ
1233 5003 1405 5071 ὄντος,
1433 4987 1679 5065 τουτέστι
1707 4987 1803 5066 τοῦ

220 5075 390 5146 νόμου
441 5082 538 5136 τοῦ
586 5085 722 5140 Θεοῦ
774 5088 1023 5154 ἑκούσιος
1073 5096 1326 5167 παρακοὴ
1363 5097 1454 5152 καὶ
1497 5101 1798 5172 ἀναίρεσις,

221 5173 367 5226 κατὰ
391 5173 664 5244 σύμϐασιν
700 5181 759 5232 ὲν
788 5181 866 5252 τῷ
911 5184 1252 5254 πράττεσθαι
1296 5194 1754 5265 παρυφισταμὲνη
1779 5212 1794 5228 ⁶

220 5263 318 5314 καὶ
345 5261 465 5333 ἄμα
487 5265 566 5335 τῷ
593 5267 904 5325 παύσασθαι
935 5275 1038 5343 τῆς
1075 5275 1331 5346 πράξεως
1357 5261 1664 5356 παυομένη.

295 5439 399 5510 μδ⁹.
430 5443 541 5496 Καὶ
569 5445 725 5500 τοῦτο
766 5449 821 5502 δὲ
861 5452 1061 5508 ειδέναι
1101 5456 1205 5522 δεῖ,
1248 5461 1329 5514 ὅτι
1363 5464 1392 5515 ὁ
1427 5463 1558 5529 Θεὸς
1595 5469 1655 5522 οὐ
1697 5487 1790 5524 κο-

219 5529 372 5596 λάζει
403 5536 522 5589 τινὰ
553 5537 610 5624 εν
640 5538 717 5610 τῷ
752 5542 1019 5613 μέλλοντι,
1054 5548 1170 5601 ἀλλ’
1205 5550 1436 5613 ἕκαστος
1475 5559 1667 5615 ἑαυτὸν
1695 5563 1786 5617 δε-

286 5709 324 5744 “
358 5711 478 5768 Lib.
520 5731 579 5770 ιιι
600 5712 677 5771 De
704 5719 832 5789 ﬁde,
875 5738 998 5795 cap.
1024 5726 1080 5785 3.

538 5805 811 5870 Ριτιιοι.
858 5810 978 5873 Gn.
1026 5815 1231 5878 XCIV.

1910 3280 2270 3348 corruptione
2328 3281 2560 3340 liberam
2614 3302 2736 3343 esse
2787 3290 3078 3349 dicamus:
3132 3306 3188 3352 at
3239 3300 3488 3369 ejusdem

1907 3372 2094 3423 tamen
2129 3379 2346 3428 natura:
2380 3391 2492 3431 non
2532 3389 2679 3434 sunt.
2716 3379 2979 3447 Quamvis
3008 3387 3158 3442 enim
3193 3393 3377 3448 anima
3427 3396 3483 3449 in

1908 3472 2144 3528 corpore
2171 3472 2450 3532 versetur,
2477 3483 2589 3523 non
2625 3477 2810 3526 tamen
2851 3489 3054 3546 corpus
3083 3489 3191 3545 est,
3226 3485 3322 3538 sed
3360 3500 3488 3541 0οΓ-

1906 3549 2064 3618 poris
2096 3565 2318 3622 expers.
2344 3555 2535 3627 Itaque
2560 3560 2602 3590 ¹⁷
2637 3561 2876 3620 alterius
2903 3575 3119 3624 natura:
3148 3586 3351 3644 corpus
3379 3589 3484 3642 est,

1904 3639 2138 3700 alterius
2161 3647 2347 3702 anima
2377 3667 2388 3702 :
2423 3665 2526 3706 nec
2547 3652 2716 3710 unius
2735 3655 3095 3730 ejusdemque
3121 3673 3333 3720 naturae
3357 3683 3488 3738 pars

764 3719 969 3780 potest,
1014 3713 1185 3804 altera
1215 3732 1328 3772 non
1353 3727 1780 3790 potest;verum
1844 3731 2018 3788 altera
2057 3735 2303 3796 hominis
2337 3751 2535 3798 natura
2591 3749 2934 3818 corruptioni
2961 3753 3221 3823 obnoxia,
3249 3713 3422 3815 altera
3457 3778 3490 3816 a

2727 3799 2934 3818 ιτα---
2965 3799 3221 3823 --.η-..η
3249 3799 3422 3815 .........
3457 3799 3487 3816 ι.

951 3824 966 3860 :
1013 3823 1076 3864 ac
1119 3799 1308 3891 'neque
1345 3816 1532 3872 anima
1601 3836 1670 3875 ex
1733 3825 2049 3884 substantia
2099 3834 2360 3906 principii
2413 3849 2639 3911 experte
2687 3851 2808 3898 orta
2852 3854 2962 3914 est,
2993 3863 3116 3904 cum
3149 3852 3224 3907 sit
3303 3865 3487 3911 muta-

1980 4203 2072 4260 45.
2107 4205 2413 4266 Conversio
2464 4221 2550 4268 est
2589 4215 2657 4270 de
2691 4219 2975 4275 contrario
3031 4221 3084 4276 in
3138 4227 3487 4283 contrarium

1911 4297 2165 4364 mutatio,
2201 4310 2259 4353 ut
2283 4300 2352 4356 de
2381 4303 2552 4358 nihilo
2586 4307 2654 4360 ad
2690 4309 3092 4376 exsistentiam,
3126 4315 3209 4368 vel
3242 4316 3310 4372 de
3340 4321 3488 4375 exsi-

1906 4387 2107 4442 stentia
2139 4391 2195 4442 in
2231 4391 2488 4460 nihilum,
2525 4395 2609 4449 vel
2631 4411 2697 4451 ex
2720 4399 2924 4456 virtute
2957 4400 3008 4456 in
3039 4402 3251 4472 vitium,
3278 4406 3384 4463 hoc
3402 4419 3489 4465 est

1905 4492 1974 4532 ex
2033 4477 2316 4536 habilibus
2350 4485 2699 4543 naturalibus
2736 4489 2792 4544 in
2833 4491 3177 4561 privationes
3239 4497 3484 4568 ipsorum

1909 4571 2163 4626 mutatio.
2199 4572 2386 4630 Virtus
2421 4585 2507 4632 est
2552 4579 2750 4637 divina:
2785 4582 2925 4654 legis
2965 4587 3231 4658 impletio.
3265 4592 3360 4647 Dei
3395 4609 3489 4648 au-

1908 4667 2016 4715 tem
2045 4663 2158 4727 lex,
2193 4666 2453 4724 voluntas
2492 4669 2670 4741 ipsius
2702 4681 2808 4729 est.
2843 4674 3014 4732 Nemo
3037 4681 3236 4750 quippe
3264 4699 3327 4738 ea
3353 4701 3488 4756 prte-

1909 4749 2063 4819 cipit,
2103 4765 2132 4804 a
2165 4753 2366 4822 quibus
2390 4758 2704 4817 abhorreat.
2737 4762 2832 4819 Dei
2860 4781 3029 4834 porro
3065 4749 3318 4830 voluntas
3341 4749 3486 4832 bona

1909 4847 2018 4905 est,
2055 4842 2442 4913 immutabilis,
2480 4865 2700 4921 semper
2726 4854 2919 4910 eodem
2967 4860 3133 4916 modo
3163 4877 3224 4918 se
3249 4865 3482 4922 habens.

1907 4927 2100 5000 Itaque
2131 4933 2336 4989 bonum
2369 4953 2501 4994 vere
2523 4948 2633 5006 est,
2671 4956 2736 4996 ac
2771 4943 3030 5002 similiter
3057 4951 3238 5023 virtus
3265 4972 3278 5008 :
3305 4955 3486 5012 virtus

1904 5022 2052 5076 enim
2107 5040 2197 5081 res
2239 5027 2381 5083 bona
2433 5039 2540 5086 est.
2591 5033 2796 5090 Contra
2831 5039 3035 5095 malum
3077 5043 3216 5097 nihil
3249 5053 3357 5111 est,
3385 5048 3484 5100 sed

1902 5111 2025 5180 ejus
2075 5114 2226 5184 quod
2259 5126 2368 5183 est,
2408 5119 2525 5176 sive
2557 5121 2759 5182 divinae
2789 5127 2953 5198 legis,
2999 5131 3171 5185 libera
3219 5133 3484 5188 infractio

1900 5209 1954 5256 et
1984 5207 2234 5262 eversio:
2270 5214 2418 5278 quod
2460 5214 2680 5283 quidem
2709 5233 2775 5272 ex
2807 5220 3125 5288 accidenti,
3160 5221 3286 5276 dum
3326 5239 3483 5278 com-

1898 5292 2152 5365 mittitur,
2201 5301 2350 5357 velut
2381 5305 2622 5374 exsistit,
2659 5324 2722 5363 ac
2752 5314 3008 5380 protinus
3040 5321 3098 5365 ut
3128 5313 3478 5381 desiitactio,

1897 5381 2121 5442 desinit.

1969 5477 2060 5531 44.
2089 5478 2230 5545 Quin
2267 5483 2399 5538 illud
2431 5502 2648 5558 quoque
2681 5489 2827 5545 scire
2863 5495 3138 5558 convenit,
3176 5493 3345 5550 Deum
3380 5513 3476 5553 nc-

1899 5565 2100 5624 minem
2147 5570 2206 5627 in
2249 5573 2441 5633 futuro
2483 5581 2699 5647 punire.
2751 5583 2846 5638 sed
2889 5599 3334 5658 unumquemque
3386 5605 3476 5648 se-

2043 5691 2107 5731 in

2949 5849 3016 5912 49
