3980 6140
492 290 516 350 1
529 290 630 353 547

1664 276 1725 335 S.
1767 274 2089 336 JOANNIS
2141 277 2571 339 DAMASCENI

3627 273 3760 340 1M8

493 418 672 472 lpSlllll
711 402 782 454 ita
835 409 1177 466 comparare,
1234 401 1292 445 ut
1341 389 1439 444 Dei
1492 387 1766 457 particeps
1822 386 1934 447 fiat,
1979 393 2072 438 aut

2192 385 2364 439 ιτικὸν
2396 387 2540 438 ποιεῖ
2569 385 2668 453 τῆς
2698 385 2932 454 μετοχῆς
2963 381 3057 436 τοῦ
3100 382 3254 438 Θεοῦ.
3301 384 3460 438 Ἐστι
3492 385 3551 439 δὲ
3583 388 3616 456 ἠ
3656 390 3754 456 μὲν

492 501 708 550 contra.
732 491 1025 546 Estautem
1042 485 1134 540 Dei
1173 481 1522 554 participatio
1557 478 1851 547 voluptas;
1894 477 2072 530 anim-

494 582 749 636 :Idversio
821 578 940 644 Dei,
993 574 1171 646 ipsius
1203 570 1494 643 patientia.
1519 570 1580 622 ln
1617 569 1719 621 hac
1748 574 1930 620 autem
1962 565 2072 617 vita

495 677 640 729 Deus
676 686 790 724 non
827 667 1086 738 supplicii
1111 679 1280 720 causa
1308 653 1644 717 tent‘ationes
1675 657 1861 724 infert,
1891 656 1988 711 sed
2015 663 2074 709 ut

496 781 594 821 nos
621 763 839 820 erudiat
865 776 929 815 ac
950 759 1084 814 vitio
1115 755 1402 811 medeatur
1430 770 1444 806 :
1473 766 1585 822 quo
1614 749 1872 805 videlicet
1892 748 2070 818 ipsum

494 863 880 928 agnoscentes,
920 852 987 906 ad
1019 852 1194 921 ipsum
1228 852 1590 906 revertamur,
1651 839 2075 907 sanctitatisque

495 951 668 1018 ipsius
695 953 990 1001 consortes
1013 941 1356 998 evadamus:
1395 955 1413 988 ι
1448 934 1669 990 Domini
1713 931 1862 987 enim
1910 929 2076 984 disci—

494 1044 640 1111 plina
673 1039 894 1109 aperuit
928 1050 1090 1091 aures
1119 1046 1274 1088 meas
1312 1030 1375 1084 ιδ.
1413 1049 1430 1079 ο

562 1134 650 1188 45.
687 1131 856 1185 ΜΛΝ.
891 1129 947 1183 Si
975 1128 1152 1182 bonus
1185 1132 1292 1187 est,
1334 1135 1435 1176 cur
1467 1120 1521 1173 in
1557 1116 1743 1171 futuro
1772 1129 1888 1168 arvo
1921 1111 2077 1181 ﬂagi-

498 1225 697 1278 tiosum
746 1221 1025 1274 hominem
1058 1213 1399 1272 cruciatibus
1433 1207 1622 1271 allicit,
1657 1219 1721 1260 ac
1748 1219 1857 1258 non
1893 1203 2075 1273 potius

496 1329 621 1371 eum
650 1327 680 1368 e
713 1311 893 1365 medio
931 1307 1113 1364 tollit?
1152 1302 1364 1360 08TH.
1397 1301 1563 1364 Deus,
1601 1297 1681 1352 uti
1725 1296 1905 1350 bonus
1931 1333 1946 1358 ,
1994 1294 2077 1348 sic

495 1417 718 1477 quoque
746 1401 934 1471 justus
971 1407 1073 1454 est.
1129 1395 1200 1450 Ut
1249 1395 1422 1467 igitur
1456 1393 1670 1456 bonus,
1718 1388 1864 1442 bona
1893 1385 2076 1441 omnia

497 1497 665 1559 fecit,
729 1505 1073 1562 quaecunque
1133 1488 1285 1544 fecit.
1350 1479 1823 1551 Quemadmodum
1885 1478 2076 1547 itaque

495 1606 710 1661 aequum
739 1595 878 1653 erat,
913 1591 970 1637 ut
993 1581 1086 1652 qui
1118 1580 1188 1635 ab
1222 1580 1343 1650 ipso
1379 1577 1514 1631 boui
1550 1573 1744 1637 futuri,
1777 1585 1844 1625 ac
1870 1569 2074 1624 bonum

496 1685 599 1738 sibi
631 1682 820 1736 datum
849 1690 960 1730 non
994 1671 1155 1726 modo
1195 1667 1467 1725 servaturi
1497 1707 1513 1733 ,
1547 1665 1643 1721 sed
1671 1663 1837 1719 etiam
1883 1670 2079 1726 opera-

496 1774 605 1828 turi
636 1779 849 1833 essent,
891 1762 1199 1836 perfectum
1225 1761 1433 1816 bonum
1462 1757 1942 1825 sempiternasque
1973 1749 2096 1816 de-,

496 1865 653 1920 licias
718 1866 1008 1932 gustarem
1065 1861 1120 1908 et
1183 1858 1656 1920 consequerentur
1708 1844 1843 1900 :sic
1912 1843 2076 1898 etiam

497 1969 719 2027 mquum
772 1961 892 2008 erat
921 1957 982 2006 ut
1009 1947 1103 2018 qui
1135 1945 1204 2000 ab
1237 1958 1306 2000 eo
1336 1943 1468 1997 boni
1504 1939 1693 2003 futuri,
1747 1950 1850 1991 nec
1895 1944 2076 1989 tamen

496 2024 685 2103 datum
713 2044 816 2098 sibi
853 2042 1064 2096 bonum
1088 2035 1382 2095 servaturi,
1410 2031 1507 2088 sed
1537 2045 1635 2101 pcr
1678 2030 1952 2084 bonorum
1984 2024 2079 2078 ab-

495 2138 790 2208 jectiouem
822 2132 879 2186 in
932 2129 1127 2184 vitium
1175 2123 1436 2180 deﬂexuri
1475 2131 1683 2185 essent,
1723 2114 2079 2187 sempiternis

498 2227 717 2284 deliciis
742 2229 1024 2278 carerent.

566 2318 658 2373 46.
694 2315 937 2384 Longius
990 2328 1020 2366 a
1077 2309 1187 2364 Deo
1249 2308 1461 2363 distant
1525 2301 1860 2372 Seraphim,
1911 2312 2076 2369 quam

499 2408 753 2464 diabolus
790 2421 821 2459 a
873 2401 1182 2472 Seraphim.
1216 2397 1487 2464 Quocirca
1537 2395 1644 2449 nisi
1693 2391 1946 2448 diabolus
1985 2404 2084 2441 ex-

500 2498 835 2563 stitisset,.is
867 2496 958 2566 qui
989 2509 1112 2549 eum
1141 2493 1390 2562 proxime
1426 2485 1801 2566 antecedebat,
1832 2482 2078 2536 omnium

499 2592 759 2655 deterior,
796 2590 908 2642 imo
945 2587 1114 2638 ctiam
1160 2596 1352 2636 eorum
1389 2578 1484 2648 qui
1508 2561 1704 2646 ipsum
1739 2571 2079 2627 antecessis-

499 2688 643 2747 sent,
677 2673 1117 2744 comparatione,
1146 2669 1326 2722 malus
1357 2667 1511 2721 visus
1542 2670 1692 2719 esset
1725 2676 1738 2713 :
1780 2661 1970 2728 sicque
1999 2656 2082 2711 di-

500 2765 933 2828 ccremus:Cur
973 2763 1155 2827 Deus,
1197 2773 1322 2815 cum
1381 2757 1542 2811 talem
1602 2767 1728 2808 eum
1775 2750 1894 2804 fore
1958 2763 2083 2818 pro-

501 2864 766 2934 spicerct,
795 2859 976 2928 ipsum
1011 2862 1194 2908 tamen
1232 2848 1400 2905 fecit?
1421 2846 1624 2903 Eodem
1647 2843 1808 2900 modo
1851 2843 1905 2897 in
1933 2839 2084 2896 omni

501 2968 721 3027 quoque
757 2953 958 3008 aliare
999 2945 1305 3018 proposita,
1345 2956 1522 3012 usque
1547 2940 1676 2994 dum
1713 2936 2082 2992 ascendamus

2177 483 2378 554 μετοχὴ
2405 481 2538 534 Θεοῦ
2565 480 2764 552 τρυφὴ,
2793 483 2826 551 ἡ
2847 481 2903 533 δὲ
2927 480 3248 546 άνεξικακία
3279 480 3468 544 αὐτοῦ,
3494 480 3753 543 κόλασις·

2174 573 2408 626 ἐνταῦθα
2443 573 2500 626 δὲ
2538 575 2598 626 οὐ
2645 572 2889 636 κολάζων
2931 571 3182 642 ἐπιφέρει
3232 571 3357 633 τοὺς
3407 571 3761 640 πειρασμοῦς

2174 669 2202 719 ὁ
2227 665 2378 728 Θεὸς,
2410 665 2545 719 ἀλλά
2573 663 2846 716 παιδεύων
2881 665 2976 716 καὶ
3010 662 3242 732 ἰώμενος
3266 660 3366 732 τὴν
3409 662 3641 725 κακίαν,
3675 663 3762 716 ἴνα

2175 755 2487 824 ἐπι-γνῶμεν
2517 754 2700 818 αὐτὸν,
2728 754 2820 807 καὶ
2863 753 3300 822 ὲπιστρέφωμεν,
3357 753 3452 804 καὶ
3500 752 3762 820 τύχωμεν

2174 847 2275 915 τῆς
2334 847 2622 916 ἁγιότητος
2677 844 2842 898 αὐτοῦ
2876 863 2889 876 ·
2937 863 2956 895 ι
3005 842 3068 896 ’11
3107 843 3218 913 γὰρ
3269 844 3492 897 παιδεία
3548 844 3763 912 Κυρίου

2175 939 2378 1008 ἀνοίγει
2412 956 2513 1007 μου
2541 939 2611 991 τά
2640 932 2775 991 ὦτα.
2821 957 2840 989 ι

2253 1127 2354 1189 με’.
2405 1119 2578 1172 ΜΔΝ.
2614 1119 2676 1171 Ei
2729 1116 2960 1186 ἀγαθὸς,
3007 1117 3098 1170 διά
3145 1117 3197 1169 τί
3257 1119 3314 1170 ὲν
3370 1115 3451 1185 τῷ
3506 1114 3760 1186 μέλλοντι

2178 1211 2335 1264 αίῶνι
2387 1209 2606 1272 κολάζει
2634 1209 2726 1262 τὸν
2761 1210 3018 1278 πονηρὸν,
3057 1209 3153 1262 καὶ
3196 1208 3257 1260 οὐ
3295 1207 3501 1277 μᾶλλον
3543 1207 3760 1276 ἀναιρεῖ

2178 1302 2372 1365 αὑτόνς
2405 1300 2555 1354 ΟΡΘ.
2607 1301 2665 1354 '0
2702 1300 2836 1364 Θεὸς
2888 1299 3093 1369 ἀγαθός
3125 1302 3304 1364 ἐστιν,
3344 1298 3485 1352 ἀλλά
3539 1300 3644 1352 καὶ
3687 1298 3764 1350 δε-

2178 1407 2360 1454 καιος⁸
2392 1391 2468 1455 ὼς
2493 1390 2698 1459 ἀγαθὸς
2729 1388 2824 1446 οὖν
2868 1391 3147 1462 ἐποίησεν,
3181 1391 3280 1444 ὅσα
3309 1391 3597 1459 ἐποίησεν,
3630 1390 3764 1457 ἀγαο

2179 1481 2248 1535 θά
2274 1501 2284 1512 ·
2315 1481 2505 1552 ὥσπερ
2535 1476 2629 1536 οὖν
2659 1481 2871 1536 δίκαιον
2899 1477 2969 1553 ἦν
2997 1483 3123 1545 τοὺς
3153 1482 3243 1535 ὑπ’
3269 1481 3436 1536 αὐτοῦ
3464 1482 3766 1551 ἐσομένους

2179 1572 2444 1641 ἀγαθοὺς,
2467 1574 2562 1626 καὶ
2593 1573 2908 1644 μέλλοντας,
2925 1575 2986 1627 οὐ
3013 1575 3171 1644 μόνον
3201 1573 3496 1642 φυλάττειν
3524 1573 3596 1627 τὸ
3612 1573 3764 1627 δοθὲν

2179 1666 2364 1726 αὐτοῖς
2387 1664 2612 1733 ἀγαθὸν,
2646 1663 2783 1719 ἀλλά
2831 1665 2929 1719 καὶ
2977 1665 3376 1734 ὲπεργάζεσθαι
3406 1665 3576 1728 αὐτὸ,
3613 1665 3767 1732 γενέ-

2184 1755 2308 1810 σθαι
2334 1753 2354 1794 ι
2389 1761 2486 1810 καὶ
2534 1756 2833 1828 ἀξιωθῆναι
2877 1755 2972 1810 τοῦ
3001 1757 3210 1810 τελείου
3251 1756 3495 1824 ἀγαθοῦ,
3525 1757 3634 1836 argi.
3673 1757 3765 1826 τῆς

2184 1849 2404 1904 αἰωνίου
2433 1853 2664 1922 τρυφῆς,
2689 1851 2860 1914 οὓτως
2899 1851 2994 1905 καὶ
3021 1851 3230 1904 δίκαιον
3261 1845 3352 1921 ἦν,
3377 1850 3510 1912 τοὺς
3543 1849 3644 1902 ὑπ’
3672 1851 3767 1902 αῦ-

2185 1941 2279 1995 τοῦ
2337 1943 2631 2014 ἐσομένους
2689 1944 2929 2013 ἀγαθοὺς
2954 1985 2969 2009 ,
3025 1947 3120 1997 καὶ
3191 1943 3485 2012 μέλλοντας
3549 1943 3619 1994 οὐ
3676 1959 3771 2010 φυ-

2187 2032 2406 2087 λάττειν
2430 2034 2490 2086 τὸ
2520 2033 2670 2088 δοθὲν
2696 2035 2877 2096 αὐτοῖς
2898 2034 3121 2102 ἀγαθὸν,
3149 2033 3262 2087 ἀλλ’
3285 2033 3564 2096 ἑκουσίως
3583 2032 3771 2085 ἐκκὶξο

2185 2138 2296 2174 νειν
2320 2122 2408 2175 διὰ
2438 2123 2536 2192 τῆς
2573 2122 2845 2193 ἀποϐολῆς
2874 2123 2983 2177 τῶν
3027 2121 3250 2190 ἀγαθῶν
3279 2119 3373 2174 ἐπὶ
3402 2119 3504 2188 τὴν
3544 2120 3769 2185 κακίαν,

2186 2211 2283 2265 καὶ
2305 2211 2636 2281 στερηθῆναι
2659 2212 2758 2282 τῆς
2788 2212 2958 2266 ἀϊδίου
2983 2212 3213 2282 τρυφῆς.

2260 2308 2381 2371 μς’.
2412 2302 2582 2356 Πλέον
2609 2302 2804 2371 ἀπέχει
2835 2301 2904 2354 τά
2941 2301 3191 2371 Σεραφὶμ
3223 2300 3331 2354 ἀπὸ
3369 2298 3530 2362 Θεοῦ,
3574 2298 3774 2368 ἤπερό

2188 2392 2420 2462 πονηρὸς
2447 2391 2555 2444 ἀπὸ
2591 2392 2700 2445 τῶν
2734 2393 3004 2462 Σεραφίμ.
3032 2393 3095 2444 Ei
3127 2389 3220 2446 οὖν
3251 2391 3326 2462 μὴ
3351 2392 3584 2458 ἐγένετο
3604 2393 3635 2444 6
3663 2390 3778 2443 διάσ-

2189 2481 2365 2544 6ολος,
2413 2483 2441 2534 ὁ
2473 2481 2580 2552 πρὸ
2631 2481 2819 2544 αὐτοῦ,
2863 2483 3114 2549 ἐφαίνετο
3165 2483 3363 2552 χείρων
3407 2480 3644 2534 πάντων
3683 2479 3778 2532 καὶ

2189 2571 2378 2636 κακὸς,
2413 2572 2472 2624 ἐν
2516 2571 2803 2643 συγκρίσει
2849 2575 2918 2642 τῇ
2951 2573 3087 2641 πρὸς
3133 2573 3261 2634 τοὺς
3297 2572 3406 2643 πρὸ
3441 2571 3646 2637 αὑτοῦ,
3680 2570 3776 2623 καὶ

2190 2664 2448 2734 ἐλέγομεν
2469 2679 2482 2692 '
2506 2662 2604 2716 Διά
2633 2663 2682 2715 τί
2703 2662 2964 2732 προειδὼς
2984 2667 3011 2716 6
3029 2663 3180 2725 Θεὸς,
3203 2662 3285 2716 ὅτι
3313 2661 3562 2722 τοιοῦτος
3594 2660 3780 2730 μέλλει

2189 2755 2430 2820 ἔσεσθαι,
2459 2753 2712 2824 ἐποίησεν
2743 2755 2944 2821 αὐτόν;
2981 2753 3184 2824 ὁμοίως
3235 2752 3332 2806 καὶ
3361 2753 3459 2805 ἐπὶ
3489 2751 3592 2804 τοῦ
3635 2769 3777 2822 προ-

2190 2847 2468 2918 κειμένου,
2496 2848 2600 2910 ’ἑως
2628 2846 2694 2900 ἂν
2726 2845 2969 2916 ἔλθωμεν
2999 2845 3094 2899 καὶ
3122 2847 3203 2908 είς
3229 2843 3374 2898 αὐτὰ
3399 2843 3471 2897 τὰ
3494 2844 3777 2915 Σεραφίμ.

2190 2940 2300 2993 Καὶ
2329 2937 2438 3009 γὰρ
2471 2937 2732 3000 πολλάκις
2763 2935 3078 3008 θεωροῦμεν
3108 2938 3343 3007 πρᾶγμα
3376 2935 3779 2995 ὲλεεινότατον,

503 3023 572 3100 ad
616 3023 734 3114 ipsa
777 3039 1091 3108 Serapliim.
1141 3034 1356 3089 Etenim
1389 3044 1534 3099 saepe
1563 3029 1620 3082 fit
1674 3034 1732 3081 ut
1763 3041 1876 3081 rem
1921 3024 2082 3078 mise-

2192 3030 2286 3083 καὶ
2315 3027 2584 3101 δοκοῦμεν
2610 3029 2687 3099 μὴ
2715 3023 2854 3082 εἶναι
2885 3027 3252 3097 ἐλεεινότερον
3287 3025 3457 3080 αὐτοῦ
3485 3025 3645 3089 ἄλλο,
3682 3024 3783 3078 καὶ

505 3136 723 3192 ratione
754 3131 1142 3204 dignissimam
1177 3137 1494 3188 cernamus,
1529 3135 1640 3190 qua
1677 3119 1909 3174 alteram
1950 3115 2082 3186 ﬁngi

506 3246 616 3286 nun
671 3242 834 3298 posse
891 3221 1234 3279 miseriorem
1299 3214 1718 3277 existimemus;
1770 3217 1889 3263 tum
1951 3223 2083 3263 vero

506 3331 694 3392 postea
726 3316 1059 3373 deteriorem
1098 3310 1261 3364 aliam
1295 3305 1606 3360 videamus.
1645 3300 1932 3370 Siquidem
1971 3313 2087 3352 ma-

2191 3119 2331 3190 μετά
2360 3118 2530 3173 ταῦτα
2549 3119 2768 3188 ὁρῶμεν
2796 3118 2982 3189 ἓτερον
3010 3120 3214 3188 χεῖρον.
3247 3116 3432 3186 Ὀπερ
3461 3116 3574 3184 γὰρ
3610 3116 3782 3183 ἐσχα-

2187 3226 2278 3262 τον
2304 3209 2473 3262 κακὸν
2494 3208 2553 3262 ὃν
2576 3208 2824 3278 εἴδωμεν,
2848 3209 2883 3278 ἢ
2914 3205 3273 3277 λογισώμεθα,
3313 3206 3662 3276 ὑπονοοῦμεν
3700 3206 3780 3276 μὴ

2192 3295 2333 3353 εἶναι
2359 3298 2525 3352 αὑτοῦ
2553 3301 2757 3368 χεῖρον.

503 3388 614 3469 lum
639 3410 792 3475 illud,
828 3406 972 3479 quod
1004 3412 1337 3474 postremum
1360 3395 1626 3458 vidimus,
1658 3390 1937 3463 ejusmodi
1962 3405 2086 3446 esse
2123 3405 2441 3458 censemus,
2511 3398 2570 3446 ut
2598 3391 2806 3446 nullum
2840 3403 2906 3446 eo
2940 3389 3164 3462 gravius
3190 3402 3256 3444 ac
3295 3388 3592 3445 molestius
3651 3397 3784 3442 esse

504 3507 876 3578 suspicemur.

575 3601 662 3656 47.
705 3599 852 3654 Deus
885 3597 1071 3665 itaque
1103 3592 1289 3648 omnia
1333 3587 1494 3642 valde
1519 3587 1662 3642 bona
1705 3582 1855 3649 fecit,
1884 3600 2082 3641 secun-

504 3696 633 3750 dum
664 3690 935 3760 cujusque
969 3691 1248 3748 naturam,
1300 3688 1360 3734 ut
1393 3677 1574 3748 ipsius
1603 3674 1863 3729 voluntas
1903 3675 2094 3744 dispo--

507 3783 638 3840 suit.
662 3779 779 3834 Non
805 3779 952 3834 enim
979 3775 1084 3846 legi
1113 3773 1403 3842 subjectus
1433 3777 1551 3836 est;
1577 3781 1763 3823 verum
1784 3765 1836 3821 id
1863 3765 2082 3821 demum

507 3877 714 3930 bonum
748 3877 831 3924 est
860 3867 1008 3938 quod
1041 3867 1162 3935 ipse
1199 3864 1338 3929 vult,
1389 3875 1503 3916 non
1543 3857 1691 3930 quod
1738 3872 1840 3912 nos
1869 3856 2086 3927 judica-

506 3977 675 4019 mus:
707 3975 818 4016 non
870 3958 1022 4014 enim
1059 3971 1161 4010 nos
1217 3953 1310 4009 Dei
1355 3952 1576 4022 judices
1629 3963 1844 4004 sumus.
1879 3945 2084 4000 Verum

2262 3582 2369 3653 μξ.
2410 3578 2698 3650 Ἐποίησεν
2747 3577 2841 3631 οῦν
2871 3578 2900 3630 6
2951 3575 3086 3638 Θεὸς
3127 3575 3196 3628 τά
3233 3576 3411 3629 πάντα
3460 3574 3611 3627 καλά
3654 3573 3785 3626 λίαν

2193 3671 2332 3727 κατά
2365 3683 2407 3711 ιιι
2433 3670 2531 3741 τὴν
2564 3669 2703 3722 ἰδίαν
2747 3667 2941 3736 φύσιν,
2983 3665 3167 3729 καθὼς
3200 3665 3502 3735 ἠθέλησενι
3553 3666 3623 3717 οὐ
3672 3667 3784 3735 γὰρ

2193 3764 2478 3818 ὑπόκειται
2498 3761 2670 3830 νόμῳ,
2689 3758 2806 3813 ἀλλ’
2827 3758 2967 3829 ὅπερ
2987 3757 3150 3820 θέλει,
3179 3755 3338 3809 τοῦτό
3365 3757 3512 3808 ἐστιν
3539 3756 3778 3824 ἀγαθὸν,

2192 3855 2290 3925 οὐχ
2311 3854 2447 3922 ὅπερ
2465 3853 2628 3922 ἡμεῖς
2656 3849 2944 3920 κρίνομεν*
2973 3848 3034 3900 ού
3060 3847 3168 3916 γάρ
3202 3847 3368 3916 ὲσμεν
3395 3847 3563 3914 qusi;
3592 3845 3784 3916 κριταὶ

2194 3944 2289 3998 τοῦ
2313 3943 2471 3998 Θεοῦ.
2506 3941 2646 3995 ’Δλλ’
2671 3942 2858 4010 ὥσπερ
2884 3941 2948 3992 ὲκ
2980 3937 3075 3992 τοῦ
3106 3937 3282 4008 ἡλίου,
3300 3937 3416 4007 ἦτοι
3446 3936 3542 3988 τοῦ
3582 3935 3782 4005 πυρὸς,

507 4054 654 4108 sicut
695 4065 763 4106 ex
815 4047 934 4104 sole
975 4053 1033 4101 et
1071 4045 1200 4111 igne
1229 4043 1324 4096 lux
1359 4039 1542 4094 omni‘s
1578 4036 1852 4107 splendet,
1884 4037 1966 4091 sic
1991 4035 2082 4090 Dei

2192 4037 2292 4088 πᾶν
2315 4033 2430 4102 φῶς
2452 4030 2766 4102 φωτίζεται,
2781 4028 2953 4091 οὓτως
2975 4031 3039 4080 ὲκ
3062 4025 3154 4081 τοῦ
3189 4027 3492 4096 θελήματος
3517 4025 3623 4078 τοῦ
3647 4023 3784 4078 Osci

508 4146 792 4202 voluntate
840 4139 1042 4194 bonum
1091 4147 1254 4190 omne
1305 4130 1587 4186 deﬁnitur.
1634 4126 1769 4182 Nam
1825 4129 1870 4184 si
1921 4127 2082 4182 Deum

2192 4127 2297 4180 πᾶν
2313 4123 2516 4193 ἀγαθὸν
2532 4121 2795 4194 ὁρίζεται.
2814 4121 2879 4173 Εἰ
2895 4118 3003 4190 γὰρ
3031 4118 3235 4186 λέγεις,
3255 4119 3338 4170 ὅτι
3351 4114 3556 4178 Καλῶς
3589 4117 3784 4183 ἐποίη-

510 4240 567 4294 in
600 4237 706 4292 hoc
739 4235 900 4296 bene,
940 4229 996 4284 in
1033 4228 1140 4282 hoc
1173 4224 1317 4279 male
1351 4221 1551 4277 fecisse
1586 4218 1817 4282 dixeris,
1851 4227 1947 4273 aut
1982 4222 2082 4274 sci-

2192 4233 2283 4270 σεν
2303 4217 2331 4268 ὁ
2369 4213 2501 4277 Θεὸς
2530 4213 2588 4264 ὲν
2613 4211 2812 4280 τούτῳ,
2863 4208 2958 4262 καὶ
2974 4207 3160 4270 κακῶς
3184 4206 3241 4259 ὲν
3269 4204 3463 4273 τούτῳ.
3492 4203 3598 4255 καὶ
3625 4203 3716 4256 διὰ
3734 4203 3787 4254 τί

513 4331 745 4386 scitatus
1011 4318 1206 4383 fueris,
1248 4329 1348 4371 cur
1395 4313 1501 4368 hoc
1536 4312 1749 4378 fecerit,
1792 4311 1928 4367 illud
1982 4326 2082 4365 non

2193 4306 2418 4374 ἐποίησε
2452 4303 2654 4368 τοῦτο;
2703 4301 2820 4368 καὶ,
2867 4299 2954 4353 διὰ
2974 4299 3027 4352 τί
3075 4298 3177 4352 οὐκ
3204 4293 3678 4367 ὲποίησετοῦτος
3722 4297 3786 4346 οἱ.

515 4421 733 4484 fecerit,
763 4426 815 4471 te
843 4416 934 4470 Dei
959 4413 1225 4484 judicem,
1273 4419 1452 4475 eoque
1482 4403 1748 4474 majorem
1783 4411 1837 4458 et
1872 4403 2082 4472 sapien-

2200 4396 2394 4468 κριτὴς
2423 4403 2450 4431 η
2478 4389 2528 4446 εἴ
2556 4391 2650 4446 τοῦ
2683 4390 2843 4457 Θεοῦ,
2879 4391 2974 4444 καὶ
3012 4389 3214 4461 μείζων
3250 4386 3438 4448 αὑτοῦ,
3474 4385 3578 4439 καὶ
3608 4386 3791 4453 σοφὼ-

515 4515 715 4566 tiorem
749 4506 1067 4562 constituis.
1123 4499 1398 4566 Quocirca
1451 4495 1631 4559 Deus,
1680 4495 1823 4563 quod
1850 4495 2092 4560 libuerit,

515 4599 754 4658 faciendi
783 4604 1109 4669 potestatem
1142 4591 1328 4654 habet,
1367 4595 1532 4656 atque
1564 4586 1700 4640 illud
1731 4585 1936 4640 bonum
1968 4597 2050 4640 est
2078 4604 2090 4640 :

519 4709 582 4746 ac
614 4696 947 4761 potestatem
995 4685 1124 4739 item
1156 4681 1324 4736 liabet
1365 4691 1555 4732 eorum
1606 4691 1730 4745 qua:
1775 4673 1927 4741 facit,
1955 4691 2092 4744 quas

515 4784 633 4837 vult
663 4795 864 4835 causas
900 4777 1060 4832 nobis
1093 4769 1435 4836 declarandi,
1471 4776 1525 4824 et
1557 4783 1698 4838 quas
1727 4767 1864 4831 vult,
1897 4769 2089 4820 occul-

517 4872 689 4928 tandi.
723 4865 1166 4937 Unumquodque
1217 4876 1380 4933 porro
1436 4861 1708 4914 bonorum
1751 4867 2088 4923 crcalorum,

517 4981 638 5036 qua:
668 4957 934 5017 rationem
968 4964 1321 5024 acceperunt,
1365 4960 1457 5005 aut
1489 4952 1662 5006 libere
1704 4952 1759 5003 in
1797 4950 1940 5004 bono
1968 4965 2092 5018 per-

517 5055 684 5118 stitit,
730 5058 791 5105 ut
840 5048 1127 5103 conditum
1203 5043 1345 5110 fuit;
1397 5050 1488 5095 aut
1541 5042 1715 5096 libere
1744 5041 2091 5094 immutatum

516 5155 620 5212 cst,
658 5152 823 5214 atque
849 5157 878 5194 a
910 5140 1056 5194 bono
1098 5136 1353 5196 recessit,
1401 5131 1648 5200 illudque
1699 5130 1957 5200 perdidit.
1986 5131 2094 5183 Bo-

521 5250 651 5290 num
683 5245 768 5289 est
790 5231 1088 5302 praeclarus
1116 5223 1279 5290 ordo,
1306 5221 1608 5291 unicuique
1633 5221 1685 5275 id
1718 5221 1863 5289 quod
1897 5231 2096 5275 natura

589 5413 633 5447 ‘3
656 5412 759 5466 lsa.
801 5426 890 5472 ιτ,
925 5423 1034 5464 sec.
1069 5407 1228 5462 LXX.

2196 4505 2374 4562 τερος.
2410 4484 2689 4551 Ἐξουσίαν
2728 4479 2821 4537 οὖν
2865 4483 3000 4554 ἔχει,
3047 4481 3123 4546 ὡς
3160 4480 3328 4544 Θεὸς,
3375 4479 3614 4548 ποιῆσαι
3653 4479 3790 4548 ὅπερ

2197 4578 2368 4644 θέλει,
2394 4577 2488 4630 καὶ
2522 4575 2682 4628 τοῦτό
2707 4574 2856 4626 ἐστιν
2887 4571 3090 4640 ἀγαθόν
3113 4586 3128 4602 ·
3157 4569 3250 4624 καὶ
3279 4568 3539 4635 ἐξουσίαν
3568 4567 3689 4638 ἔχει
3713 4563 3789 4619 ὧν

2196 4670 2360 4735 ποιεῖ,
2395 4667 2460 4730 ἃς
2491 4665 2633 4720 θέλει
2663 4664 2841 4728 αἰτίας
2889 4661 3241 4732 ἀποκαλύψαι
3271 4661 3431 4730 ἡμῖν,
3468 4659 3569 4712 καὶ
3603 4659 3674 4722 ἃς
3703 4657 3793 4712 θέ-

2194 4761 2275 4812 λει
2322 4757 2658 4829 ἀποκρύψαι.
2694 4756 2962 4809 Ἕκαστον
2991 4755 3048 4806 δὲ
3076 4754 3186 4806 τῶν
3210 4751 3520 4821 γενομένων
3543 4749 3792 4819 λογικῶν

2195 4850 2479 4916 ἑκουσίως,
2514 4849 2548 4922 ἢ
2603 4850 2816 4919 ἔμεινεν
2849 4849 2907 4901 ὲν
2950 4845 3029 4917 τῷ
3084 4843 3297 4916 ἀγαθῷ,
3337 4844 3409 4907 ὡς
3460 4843 3729 4912 ἐκτίσθη.
3759 4841 3792 4909 ἣ

2199 4944 2462 5006 ἑκουσίως
2511 4940 2750 5012 ἐτράπη,
2780 4940 2873 4994 καὶ
2917 4937 3249 5008 ἀπεφοίτησε
3279 4935 3371 4988 τοῦ
3406 4933 3657 5002 ἀγαθοῦ,
3698 4933 3795 4986 καὶ

2199 5035 2480 5090 ἀπώλεσεν
2511 5033 2665 5086 αὐτὸ.
2697 5031 2928 5100 Ἀγαθοῦ
2953 5031 3051 5101 μὲν
3077 5030 3190 5101 γάρ
3226 5029 3344 5080 ἐστι
3370 5026 3530 5092 τάξις
3559 5026 3793 5096 ἀρίστη,

2203 5129 2420 5195 ἑκάστῳ
2454 5125 2513 5178 τὸ
2555 5123 2695 5177 κατὰ
2720 5123 2881 5192 φύσιν
2911 5125 3110 5175 οἰκεῖον
3159 5119 3505 5183 διασώζουσα
3526 5134 3540 5146 ·
3591 5117 3799 5171 ταυτὸν

2203 5218 2262 5271 δέ
2299 5219 2416 5270 ἐστι
2469 5215 2562 5269 καὶ
2596 5215 2787 5285 ἀρετή.
2819 5214 3006 5276 Κακία
3034 5213 3111 5279 δὲ,
3147 5215 3181 5284 ἡ
3219 5213 3316 5283 τῆς
3362 5209 3582 5276 τάξεως
3614 5208 3795 5273 Mati.

1818 5494 2057 5550 VAle
2098 5488 2504 5548 LECTIONES.

599 5661 618 5702 ἓ
651 5663 874 5718 Lcuncl.
915 5661 1168 5716 emendat
1201 5658 1479 5729 γεύεσθαι,
1506 5666 1736 5726 gustare.
1811 5663 1848 5690 ιη
1885 5651 2049 5708 Basil.
2081 5659 2134 5706 et
2191 5648 2327 5720 Reg.
2358 5647 2586 5701 ἕκαστον
2620 5645 2781 5699 κατά.

2885 5651 2911 5680 ιι
2939 5641 3096 5699 Basil.
3141 5645 3467 5711 συγκρῑτης.
