3980 6140
277 384 413 452 1549

1254 391 1642 454 DIALOGUS
1678 393 1973 454 CONTRA
2022 385 2498 455 MANICHJEOS.

3385 405 3519 470 1550

270 505 449 557 εἴτουν
479 503 695 568 ἀταξία.
725 504 804 558 Τὰ
831 504 957 558 ὄντα
983 506 1181 573 πάντα,
1218 506 1449 560 καθόσον
1484 507 1617 571 ἔστι,
1658 507 1751 560 καὶ
1777 508 1800 559 ἐ

1952 506 2122 576 ipsius
2167 507 2291 573 fert,
2323 523 2659 565 conservans
2687 529 2697 563 :
2730 517 2894 582 atque
2927 514 3068 570 idem
3095 529 3316 586 quoque
3343 519 3521 576 virtus

269 596 364 648 τοῦ
399 595 603 664 ἀγαθοῦ
629 613 640 626 ·
671 597 904 651 καθόσον
939 597 996 652 δὲ
1026 598 1313 670 ἐστέρηται
1333 599 1425 652 τοῦ
1464 599 1689 668 ἀγαθοῦ,
1714 597 1838 652 οὔτε

267 687 475 754 ἀγαθὰ,
506 687 629 742 οὔτε
671 690 800 743 ὄντα
847 691 974 743 είσί.
999 691 1081 743 Τὰ
1125 692 1234 763 γὰρ
1275 691 1446 756 ἇζωα,
1475 690 1706 743 καθόσον
1740 689 1838 742 οὐκ

265 773 428 844 ἔσχεν
461 777 526 828 ἐκ
555 777 649 830 τοῦ
679 777 884 845 ἀγαθοῦ
921 778 1087 850 ζωὴν,
1117 780 1269 842 ἄζωά
1298 781 1464 840 ἐστιν,
1506 779 1582 842 ὼς
1611 780 1837 848 ἐστερη-

265 865 410 932 μένα
439 865 604 936 ζωῆς,
627 868 829 938 ὁμοίως
855 869 1036 921 καὶτὰ
1059 869 1388 939 ἀναίσθητα,
1424 869 1518 922 καὶ
1550 869 1618 922 τὰ
1643 869 1832 952 ἀλογα,

206 1001 231 1042 λ
262 952 499 1011 καθόσον
524 957 702 1028 ἔσχεν,
731 958 912 1026 ἀγαθά
938 962 1106 1012 ἐστιν.

1947 607 2054 651 εει.
2089 595 2288 651 Malum
2323 608 2515 656 contra
2543 611 2626 656 est
2653 603 2865 658 ordinis
2904 605 3220 676 dissipatio,
3255 609 3368 663 sive
3393 627 3513 678 per--

1943 687 2216 742 turbatio.
2251 689 2446 744 Omnia
2475 706 2596 762 qnzc
2626 703 2778 760 sunt,
2805 711 2910 766 qua
2953 699 3164 754 ratione
3195 710 3347 764 sunt,
3372 702 3517 757 bona

1947 794 2164 848 quoque
2189 791 2338 846 sunt,
2372 792 2533 853 alque
2564 799 2628 840 ex
2656 786 2799 842 bono
2826 806 2838 842 :
2863 800 3132 858 quatenus
3159 801 3341 848 autem
3373 794 3516 849 bono

1945 880 2158 937 carent,
2188 887 2290 927 nec
2315 873 2478 941 bona,
2508 890 2612 930 nec
2645 878 2790 931 entia
2825 887 2972 934 sunt.
3003 878 3217 934 Etenim
3255 895 3380 951 qum
3405 885 3516 935 vita

1945 968 2157 1026 carent,
2189 973 2462 1033 quatenus
2487 965 2652 1018 vitam
2681 982 2708 1019 a
2733 967 2875 1022 bono
2897 985 3004 1023 non
3036 979 3387 1041 acceperunt,
3407 987 3514 1026 non

216 1039 503 1102 'viventia
546 1058 710 1112 sunt,
751 1053 880 1121 quia
930 1052 1056 1108 vitae
1103 1056 1365 1124 expertia.
1414 1054 1682 1112 Similiter
1725 1070 1847 1126 quae
1895 1069 2061 1112 sensu
2105 1065 2160 1114 et
2199 1058 2414 1114 ratione
2442 1045 2685 1128 carent,
2738 1069 3012 1132 quatenus
3050 1065 3260 1136 aliquid
3293 1079 3514 1137 accepe-

255 1149 414 1207 runt,
443 1142 710 1201 hactenus
744 1147 886 1201 bona
915 1156 1066 1204 sunt.

328 1236 444 1300 μη’.
480 1228 632 1286 Οἶδεν
663 1235 689 1286 ὀ
714 1235 848 1314 ,Θεὸς
890 1236 952 1289 τὸ
1008 1238 1198 1307 κακὸν,
1232 1241 1305 1304 ὡς
1362 1241 1597 1310 ἀγαθόν·
1643 1243 1831 1314 ὥσπερ

247 1319 351 1390 τὴν
376 1322 635 1392 πορνείαν
663 1309 820 1390 οἶδεν,
849 1327 925 1390 ὡς
947 1327 1130 1398 ἔφεσιν
1152 1331 1246 1384 καὶ
1273 1309 1456 1402 φιλίαν
1483 1336 1579 1388 καὶ
1613 1309 1827 1392 ἕνωσιν,

246 1411 366 1463 Καὶ
409 1413 540 1482 παρ’
562 1415 824 1484 αὐτῷκαὶ
852 1420 908 1472 at
962 1422 1135 1475 αἰτίαι
1190 1423 1298 1478 τῶν
1327 1423 1535 1492 κακῶν,
1565 1427 1830 1498 δυνάμεις

244 1502 577 1570 ἀγαθοποιοί
594 1522 608 1537 ο
649 1509 907 1574 πολλάκις
946 1513 1010 1566 ὲκ
1031 1515 1284 1585 πορνείας
1311 1517 1633 1591 γεγένηνται
1662 1520 1832 1591 σκεύη
1858 1562 1863 1567 .

242 1593 455 1666 ὲκλογῆ
465 1613 508 1658 ς.

320 1771 437 1842 μθ⁸.
497 1769 560 1827 Et
609 1776 838 1848 κακδνή
900 1780 1089 1846 κακία,
1111 1783 1272 1836 καλὸν
1310 1786 1343 1855 ἡ
1383 1786 1622 1854 κόλασις,
1670 1789 1826 1844 τοῦτο

239 1861 591 1950 ὲξορίζουσα.
621 1869 810 1921 Κακὸν
854 1869 962 1942 γὰρ
1005 1874 1038 1942 ἡ
1093 1877 1339 1945 πορνεία,
1377 1879 1475 1948 οὐχ
1531 1880 1560 1931 ὁ
1606 1897 1821 1952 σωφρο-

240 1937 442 2024 νίσμός
468 1971 482 1986 ⁸
513 1957 574 2009 οὐ
603 1958 710 2030 γὰρ
735 1963 767 2030 ἡ
803 1937 1212 2038 κόλαψσις-κακῆ,
1241 1937 1376 2022 ἀλλὰ
1514 1971 1664 2036 ἀξιον
1700 1937 1823 2026 ἔξω.

240 2045 340 2098 τὸν
373 2047 600 2117 ποιῆσαι
638 2042 934 2117 κολάσεως.
1671 2109 1673 2112 ι

316 2143 362 2191 ν’
371 2177 386 2191 .
423 2139 486 2192 Et
501 2139 562 2193 τὸ
587 2143 756 2196 κακὸν
775 2145 964 2214 ἀΐδιον,
983 2149 1077 2201 καὶ
1097 2149 1435 2222 δημιουργεῖ,
1463 2144 1554 2208 καί
1571 2155 1816 2223 δύναται,

240 2227 340 2280 καὶ
367 2229 481 2282 ἔστι
510 2233 601 2284 καὶ
624 2233 746 2304 δρᾷ,
774 2235 938 2288 πόθεν
965 2239 1113 2308 αὐτῴ
1166 2240 1372 2308 ταῦτα;
1406 2245 1438 2314 ἢ
1475 2246 1538 2298 ἐκ
1563 2247 1658 2300 τοῦ
1681 2249 1820 2314 ἀγα-

238 2315 364 2382 θοῦ,
403 2317 436 2388 ἢ
463 2317 542 2388 τῷ
573 2321 760 2392 ἀγαθῷ
790 2326 854 2377 ἐκ
878 2325 971 2378 τοῦ
1017 2328 1210 2392 κακοῦ,
1258 2329 1289 2400 ἢ
1336 2333 1539 2403 ἀμφοῖν
1565 2333 1625 2399 ἐξ
1651 2335 1818 2408 ἄλλης

237 2407 446 2472 αἰτίας,
479 2410 671 2464 ὃτικαὶ
705 2417 766 2466 τὸ
795 2416 962 2470 κακὸν
991 2419 1048 2470 ἐν
1068 2418 1145 2489 τῷ
1166 2421 1355 2492 ἀγαθῷ
1385 2426 1813 2495 παρυφίσταται,

236 2496 339 2550 καὶ
397 2499 478 2552 ὅτι
532 2499 792 2570 ἀγαθόνει
831 2507 929 2560 καὶ
985 2508 1053 2562 τὰ
1084 2510 1251 2575 κακὰ,
1302 2514 1398 2566 καὶ
1431 2513 1528 2586 τὴν
1559 2517 1753 2572 ἑαυτοῦ
1788 2528 1813 2556 ο

242 2587 538 2658 στέρησιν;
573 2593 636 2645 'H
671 2593 779 2665 γάρ
814 2596 965 2665 φιλία
1009 2599 1185 2672 ἀγαθὴ
1223 2597 1376 2678 οῦσα,
1427 2606 1631 2673 ἀγαθὸν
1673 2613 1816 2664 ποιεῖ

238 2680 480 2750 φανῆναι
528 2683 626 2756 τὴν
665 2687 942 2757 πορνείαν,
975 2691 1058 2744 ὅτι
1083 2695 1140 2746 ἐν
1175 2693 1248 2764 τῷ
1281 2695 1470 2768 ἀγαθῷ
1496 2699 1808 2768 φιλονεικεῖ,

236 2769 362 2832 πῶς
392 2772 487 2823 καὶ
520 2775 593 2843 μὴ
627 2774 688 2827 ὃν
733 2777 880 2843 ἕστι;
937 2778 1176 2852 μὴεῖναι
1219 2785 1327 2857 γὰρ
1352 2787 1566 2857 λέγεται
1597 2795 1624 2846 ό
1655 2794 1806 2860 Θεὸς.

235 2862 384 2916 κατὰ
407 2864 504 2935 τὴν
534 2867 750 2920 πάντων
779 2868 1111 2946 ὑπεροχικὴν
1134 2876 1422 2948 ἀφαίρεσιν
1441 2880 1537 2952 (1).

2005 1241 2098 1296 48.
2143 1241 2286 1297 Deus
2323 1243 2526 1298 malum
2567 1245 2746 1300 noscit
2779 1253 2836 1300 ut
2867 1247 3113 1315 bonum;
3149 1264 3202 1304 ν.
3241 1266 3323 1320 gr.
3357 1265 3513 1306 scor~

1937 1329 2199 1388 tationem
2218 1373 2231 1397 ,
2261 1343 2318 1389 ut
2339 1337 2751 1406 appetitionem,
2775 1345 2828 1392 et
2850 1339 3170 1404 amicitiam,
3197 1356 3259 1396 ac
3282 1343 3513 1411 conjun-

1935 1423 2195 1480 ctionem.
2227 1424 2368 1492 Quin
2404 1427 2546 1497 apud
2582 1429 2759 1498 ipsum
2796 1429 3086 1488 facultates
3117 1449 3334 1503 quoque
3365 1436 3470 1488 illac
3493 1476 3508 1498 ,

1931 1528 2050 1584 quae
2081 1515 2347 1571 malorum
2381 1531 2564 1574 causa:
2597 1528 2756 1584 sunt,
2807 1521 2936 1576 boni
2985 1523 3296 1583 effectrices
3347 1529 3506 1584 ﬁunt.

1931 1606 2088 1677 Saepe
2112 1608 2258 1662 enim
2289 1610 2474 1664 evenit
2515 1619 2575 1665 ut
2635 1627 2701 1667 ex
2733 1611 3097 1672 fornicatione
3123 1634 3252 1674 vasa
3281 1621 3506 1677 electio-

1931 1699 2018 1753 nis
2053 1707 2183 1753 nata
2218 1700 2353 1755 sint.

1999 1789 2085 1844 49.
2135 1789 2190 1844 Si
2230 1791 2433 1846 malum
2486 1801 2570 1848 est
2623 1794 2855 1861 vitium,
2905 1791 3290 1872 bona-utique
3337 1820 3506 1876 pinna

1932 1883 2051 1941 εει,
2083 1893 2204 1948 quae
2226 1879 2404 1948 ipsum
2437 1884 2698 1953 propellit
2725 1893 2778 1941 et
2810 1885 2982 1958 fugat.
3015 1888 3135 1945 Non
3166 1893 3310 1946 enim
3342 1910 3504 1964 poena

1930 1969 2135 2023 malum
2175 1979 2278 2037 est,
2311 1973 2404 2027 sed
2448 1973 2594 2042 quod
2632 1976 2758 2046 quis
2801 1979 3044 2050 seipsum
3087 1997 3247 2054 pinna
3279 1985 3500 2043 dignum

1927 2059 2247 2116 reddiderit.

1998 2149 2084 2203 50.
2130 2151 2187 2206 Si
2216 2152 2417 2208 malum
2447 2159 2714 2211 aetér’num
2746 2168 2868 2225 est,
2897 2175 2961 2216 ac
2991 2171 3173 2230 creat,
3199 2173 3253 2220 et
3280 2175 3458 2236 potest
3483 2209 3497 2233 ,

1925 2247 1973 2295 et
2009 2248 2092 2296 est
2113 2284 2128 2308 ,
2159 2248 2214 2297 et
2245 2245 2394 2315 agit,
2427 2260 2457 2299 a
2484 2261 2722 2318 quonam
2753 2250 2868 2306 haec
2899 2252 3105 2308 habet?
3133 2257 3216 2312 An
3249 2273 3275 2312 a
3310 2259 3500 2315 bono?

1923 2331 2008 2386 An
2037 2342 2230 2388 contra
2261 2337 2466 2392 bonum
2498 2354 2527 2393 a
2561 2341 2747 2397 malo?
2782 2359 2851 2399 an
2886 2349 3072 2416 potius
3103 2357 3398 2425 utrumque
3428 2357 3497 2411 ab

1923 2422 2027 2475 alia
2056 2439 2222 2480 causa
2247 2427 2269 2480 ἲ
2292 2429 2741 2500 quandoquidem
2776 2435 2978 2492 malum
3010 2439 3230 2510 quidem
3263 2422 3323 2500 in
3353 2447 3497 2502 bono

1921 2514 2078 2582 quasi
2105 2519 2397 2586 consistit,
2432 2528 2483 2576 et
2512 2521 2640 2592 quia
2672 2526 2875 2581 bonum
2907 2530 3109 2586 malum
3143 2550 3396 2606 quoque,
3430 2554 3494 2594 ac

1921 2603 2005 2657 sui
2042 2605 2407 2674 privationem
2428 2647 2442 2674 ,
2475 2611 2722 2670 bonitate
2752 2615 2939 2674 allicit.
2970 2603 3183 2676 Etenim
3215 2627 3494 2696 amicitia,

1921 2687 1979 2748 nt
2013 2711 2136 2766 quae
2165 2698 2312 2754 bona
2349 2701 2458 2769 sit,
2490 2704 2593 2758 hoc
2626 2717 2851 2776 praestat
2873 2751 2887 2778 ,
2925 2719 2985 2765 ut
3025 2717 3293 2776 scortatio
3334 2705 3494 2775 boni-

1919 2787 2047 2844 tatis
2078 2789 2318 2859 speciem
2355 2791 2554 2849 habeat
2581 2836 2597 2862 ,
2634 2799 2897 2868 quoniam
2933 2818 3055 2858 cum
3093 2805 3236 2863 bono
3265 2820 3493 2866 conten—

1917 2876 2031 2944 dit;
2058 2893 2166 2950 quo
2194 2888 2356 2951 pacto
2385 2885 2454 2938 sit
2483 2886 2616 2941 illud
2646 2891 2792 2959 quod
2820 2907 2929 2948 non
2954 2903 3037 2950 est
3061 2900 3202 2954 ens?
3230 2911 3488 2958 caeterum

1915 2981 2028 3021 non
2059 2984 2181 3025 esse
2207 2971 2412 3026 dicitur
2434 2973 2577 3031 Deus
2598 3018 2612 3043 ,
2646 2981 2773 3048 quia
2813 2992 3035 3052 propter
3071 2988 3329 3045 eximiam
3367 2992 3489 3064 ejus

1915 3059 2340 3127 praecellentiam
2374 3073 2575 3120 cuncta
2607 3068 2674 3123 ab
2707 3070 2827 3140 ipso
2865 3086 3238 3134 removentur.

309 3140 410 3188 va'.
444 3135 567 3189 Ὅτι
604 3137 660 3191 δὲ
692 3139 724 3210 ἡ
767 3141 928 3209 φύσις
983 3146 1122 3218 αὐτὴ
1158 3149 1255 3220 τὴν
1285 3151 1458 3224 ἀρχὴν
1496 3155 1626 3226 μίαν
1671 3175 1807 3231 προ-

1985 3149 2074 3204 51.
2121 3142 2279 3216 Quod
2329 3153 2445 3224 ipsa
2491 3135 2951 3229 quoque—natura
3005 3183 3174 3221 unum
3222 3171 3488 3228 duntaxat

234 3223 514 3296 βάλλεται,
553 3229 704 3299 δηλοῖ
732 3232 893 3297 αὐτὸς
923 3235 952 3288 6
977 3237 1228 3309 ἀριθμὸς,
1257 3242 1354 3296 οὐκ
1383 3223 1612 3300 war.
1637 3223 1806 3320 άρᾷεςς-

232 3333 421 3386 μενος,
454 3318 570 3371 ἀλλ’
599 3320 706 3373 ἀπὸ
753 3325 905 3393 μιᾶς.
947 3326 1009 3379 Et
1053 3323 1146 3383 οὖν
1168 3331 1310 3404 ἀρχὴ
1350 3333 1583 3405 ἀριθμοῦ
1609 3318 1799 3407 μον-ἀς,

229 3409 330 3465 καὶ
359 3411 502 3484 ἀρχὴ
529 3413 640 3467 τῶν
672 3414 844 3470 ὄντων
859 3419 977 3488 μία.
1044 3455 1046 3458 ν
1407 3445 1409 3448 ‘
1556 3439 1558 3441 ’

302 3582 400 3654 νβ’.
437 3585 498 3640 Et
527 3588 705 3660 πάντη
739 3600 766 3639 P
792 3591 1156 3668 ἀκοινώνητον
1191 3599 1252 3652 τὸ
1281 3601 1484 3670 ἀγαθὸν
1515 3605 1588 3676 τῷ
1621 3609 1796 3680 κακῷ,

223 3675 290 3731 τὺ
318 3675 382 3748 δὴ
409 3678 610 3746 ἀγαθὸν
664 3679 744 3746 ὃν,
786 3684 848 3736 τὸ
895 3687 1063 3740 κακὸν
1111 3691 1209 3744 οὐκ
1259 3691 1339 3747 δν.
1382 3693 1486 3748 Δύο
1522 3675 1630 3766 γὰρ
1670 3675 1800 3753 ὄντα

225 3765 372 3820 κατὰ
391 3767 450 3818 τὸ
484 3763 623 3822 εἶναι
646 3773 1012 3830 κοινωνοῦσιν.
1033 3778 1095 3831 Ei
1126 3780 1279 3835 οὐσία
1295 3782 1358 3834 τὸ
1376 3763 1610 3852 ἀγαθον,
1642 3788 1800 3840 ἀνού-

223 3870 342 3906 σιον
375 3855 435 3908 τὸ
456 3858 624 3910 κακόν
647 3875 660 3888 ·
678 3859 771 3914 δύο
798 3863 904 3934 γὰρ
930 3865 1127 3932 οὐσίαι,
1171 3871 1311 3924 κατὰ
1339 3872 1401 3925 τὸ
1437 3869 1575 3930 εἶναι
1610 3877 1798 3942 οὐσίας

219 3943 598 4000 κοινωνοῦσιν.

295 4125 395 4188 νγ’.
428 4121 491 4174 Εἰ
513 4123 769 4194 ἀκίνητον
796 4125 855 4189 ἐξ
883 4127 1059 4200 ἀρχῆς
1083 4130 1142 4184 τὸ
1165 4133 1354 4202 κακὸν,
1383 4135 1546 4192 καλὸν
1573 4142 1604 4210 ή
1640 4142 1795 4214 κίνη-

219 4225 331 4274 σις,
365 4212 460 4263 καὶ
489 4213 522 4282 ή
556 4214 812 4285 ἀκινησία
855 4220 1044 4274 κακόν.
1093 4223 1264 4278 Πόθεν
1293 4222 1386 4282 οὖν
1409 4229 1532 4302 ἔσχε
1553 4233 1612 4286 τὸ
1625 4212 1794 4292 κακόν

215 4299 322 4369 τὴν
349 4300 595 4372 κίνησιν;
626 4306 658 4375 ὴ
693 4305 826 4377 ζωὴ,
854 4310 1078 4378 ἀγαθὸν,
1100 4315 1196 4368 καὶ
1212 4317 1442 4389 κίνησις,
1462 4299 1554 4376 καὶ
1588 4321 1654 4396 ἦν
1681 4328 1804 4396 ἀεὶ,

213 4390 316 4441 καὶ
345 4389 491 4445 ἐστιν
521 4394 579 4446 ἐν
609 4395 686 4466 τῷ
710 4398 919 4470 ἀγαθῷ·
948 4403 1040 4456 καὶ
1060 4404 1166 4467 ζῶν
1193 4410 1328 4475 ἐστι,
1349 4414 1442 4465 καὶ
1473 4409 1541 4485 ἦν
1567 4389 1786 4485 ἀγαθός;

1902 3240 2237 3312 principium
2276 3253 2526 3314 astrnat,
2562 3263 2628 3306 ex
2662 3251 2782 3321 ipso
2824 3270 3054 3312 numero
3092 3269 3332 3318 constat.
3381 3265 3488 3322 Nc-

1904 3346 2011 3402 qne
2043 3332 2188 3388 enim
2217 3323 2252 3388 'a
2283 3335 2540 3406 duobus,
2573 3341 2664 3398 sed
2699 3343 2769 3400 ab
2798 3360 2909 3402 uno
2937 3333 3309 3420 auSpicamur.
3347 3347 3482 3412 Cum

1903 3424 2074 3494 igitur
2109 3426 2297 3483 unitas
2332 3430 2404 3485 sit
2439 3429 2652 3488 numeri
2686 3437 3019 3510 principium
3048 3483 3063 3508 ,
3113 3460 3297 3504 rerum
3345 3465 3484 3520 quo-

1901 3529 2009 3584 que
2045 3532 2213 3570 unum
2247 3525 2459 3575 tantum
2495 3525 2600 3578 erit
2633 3527 2988 3600 principium.

1974 3605 2064 3681 52..
2112 3605 2168 3662 Si
2205 3608 2350 3665 bono
2383 3612 2522 3668 nihil
2557 3631 2791 3686 prorsus
2837 3637 2962 3677 cum
3010 3627 3152 3681 malo
3194 3644 3482 3688 commune

1901 3701 2010 3761 est,
2042 3711 2167 3751 cum
2192 3699 2398 3756 bonum
2428 3705 2500 3760 sit
2529 3723 2659 3774 ens,
2692 3711 2892 3766 malum
2919 3717 3158 3794 proinde
3184 3721 3321 3775 nihil
3350 3724 3476 3780 erit.

1900 3782 2018 3842 Βιιο
2044 3788 2190 3844 enim
2241 3807 2363 3863 quae
2411 3803 2576 3864 sunt,
2617 3815 2682 3854 eo
2734 3803 2876 3860 inter
2921 3821 2983 3862 se
3027 3787 3475 3880 communicant,

1899 3876 2043 3946 q’uod
2077 3888 2225 3936 sunt.
2276 3883 2673 3954 Si'substantia
2709 3892 2915 3950 bonum
2945 3907 3061 3966 est,
3096 3903 3296 3958 malum
3348 3876 3478 3963 sub;

1898 3970 2114 4024 stantia:
2144 3980 2227 4027 est
2263 3989 2482 4046 expers.
2518 3977 2647 4036 Duae
2676 3985 2822 4040 enim
2870 3989 3228 4060 substantiae,
3281 4005 3477 4066 quate~

1897 4073 2006 4114 nus
2043 4061 2364 4121 substantiae
2396 4076 2527 4122 sunt
2551 4110 2567 4137 ,
2606 4072 2749 4129 inter
2778 4092 2838 4133 se
2864 4083 3218 4140 conveniunt.

1966 4151 2053 4206 55.
2100 4152 2157 4208 Si
2207 4155 2491 4218 immobile
2545 4164 2613 4220 ab
2662 4166 2823 4224 initio
2865 4175 3070 4228 malum
3101 4187 3254 4245 erat,
3294 4194 3472 4241 motus

1895 4253 2026 4310 ergo
2076 4242 2280 4300 bonum
2329 4259 2449 4316 est,
2507 4252 2740 4325 ejusque
2791 4261 3028 4327 privatio
3078 4242 3302 4325 malum.
3337 4273 3473 4340 Quis

1894 4331 2203 4396 ergO'malo
2237 4345 2418 4391 motus
2452 4347 2646 4395 auctor
2678 4342 2893 4399 fuerit?
2927 4351 3034 4405 vita
3064 4365 3128 4407 ac
3163 4331 3473 4419 motuswbo-

1893 4430 2024 4472 num
2063 4428 2180 4488 est,
2219 4430 2384 4494 atque
2417 4427 2470 4482 in
2505 4430 2679 4497 bono,
2728 4443 2782 4490 et
2820 4447 2940 4492 erat
2972 4456 3210 4515 semper,
3254 4460 3308 4504 et
3339 4461 3466 4509 est:

223 4477 289 4530 ὀ
324 4478 568 4547 θάνατος,
613 4484 688 4547 ὦς
746 4505 913 4555 φατε,
966 4493 1154 4558 κακὸν,
1217 4497 1313 4551 καὶ
1371 4501 1649 4574 ἀκινησία,
1694 4511 1788 4563 καὶ

223 4564 411 4614 οθοοὰ-
443 4575 536 4614 καὶ
597 4573 862 4614 «vnum.-
932 4583 1023 4614 ...Α
1065 4586 1216 4614 mam...
1245 4583 1406 4614 ιη-..
1451 4594 1521 4614 L,
1670 4597 1715 4614 ρ.

2167 4477 2179 4488 ,
2287 4477 2381 4494 Tw
2417 4477 2470 4482 ---
2505 4477 2679 4497 ..ν-ν,
2728 4477 2782 4490 ν-
2820 4477 2940 4492 ν-υι-
2972 4477 3210 4515 aut-pm,
3254 4477 3308 4504 ct
3339 4477 3462 4509 εδιε

1921 4520 2099 4574 tonus,
2133 4519 2186 4567 et
2217 4521 2330 4582 est,
2364 4525 2418 4572 et
2447 4529 2569 4574 erat
2597 4523 2782 4580 vivus.
2817 4526 2966 4586 Mors
3001 4543 3228 4604 contra,
3265 4551 3324 4596 ut
3360 4545 3462 4614 ipsi

211 4564 411 4638 φθορὰ,
443 4575 536 4623 καὶ
597 4573 880 4646 νέκρωσις,
932 4583 1028 4637 καὶ
1065 4586 1216 4639 οὐδὲν
1244 4583 1406 4661 ἦττον
1443 4564 1775 4667 ἀνῦπαρξία.

208 4656 452 4721 Θάνατος
477 4661 532 4713 δὲ
556 4658 625 4733 ἦν
647 4667 680 4736 ἡ
726 4669 912 4736 κακία,
946 4672 1022 4738 ὡς
1055 4677 1212 4745 ὑμεῖς
1231 4656 1418 4749 λέγετε
1440 4701 1455 4716 ·
1480 4656 1778 4758 ὦσπειροῦν

207 4748 244 4817 ἡ
281 4748 413 4820 ζωὴ,
443 4753 537 4808 καὶ
568 4754 674 4820 ζῶν
737 4761 766 4813 ὁ
824 4761 1046 4830 ἀγαθὸς,
1076 4748 1319 4836 θάνατος,
1359 4774 1452 4827 καὶ
1488 4748 1775 4850 νέκρωσις,

205 4838 308 4891 καὶ
352 4847 776 4916 νενεκρωμένον,
814 4851 875 4904 τὸ
927 4853 1094 4909 κακόν
1119 4873 1134 4888 ο
1176 4860 1339 4915 πόθεν
1383 4861 1475 4919 οὖν
1520 4838 1774 4940 ἀνέζησε,

206 4930 308 4984 καὶ
331 4932 589 5007 ὲκινήθη;
630 4940 692 4994 Et
719 4943 816 5012 μὲν
855 4943 913 5009 ἐξ
949 4947 1162 5014 ἑαυτοῦ,
1206 4953 1269 5006 ἐκ
1305 4954 1399 5008 τοῦ
1436 4960 1606 5014 κακοῦ
1629 4930 1772 5034 -ζωὴ,

203 5023 346 5112 ὅπερ
369 5027 668 5098 ἀμήχανον.
715 5035 778 5087 Ἦ
809 5035 984 5107 φθορὰ
1003 5040 1110 5112 γὰρ
1139 5043 1199 5095 οὐ
1232 5044 1504 5109 ζωοποιεῖ.
1535 5051 1597 5105 Et
1625 5023 1681 5106 dt
1712 5023 1773 5108 εἰ

199 5111 300 5165 τοῦ
329 5115 554 5185 ἀγαθοῦ,
581 5123 682 5177 οὐκ
733 5126 940 5195 ἀγαθὸν
977 5130 1037 5183 τὸ
1081 5111 1304 5203 ἀγαθὸν,
1337 5137 1414 5207 τῷ
1445 5141 1600 5211 κακῷ
1627 5141 1772 5212 ζωῆς

1888 4594 2075 4654 dicitis
2098 4639 2113 4665 ,
2143 4604 2347 4660 malum
2379 4615 2496 4675 εει,
2532 4616 2586 4666 ει
2619 4613 2978 4676 immobilitas
3007 4665 3023 4689 ,
3050 4632 3105 4679 et
3135 4594 3419 4702 corruptio
3449 4689 3461 4701 ,

1887 4687 2325 4764 etinteremptio,
2349 4699 2459 4755 imo
2475 4709 2528 4757 et
2555 4704 2673 4775 ipsa
2698 4707 2752 4761 in
2776 4687 3462 4784 nihilumredaCtio..Mors

1885 4787 2065 4835 autem
2088 4822 2102 4848 ,
2138 4792 2200 4838 ut
2231 4792 2500 4859 asseritis,
2534 4797 2741 4853 malum
2771 4812 2910 4858 erat.
2947 4804 3035 4861 Uti
3074 4809 3242 4879 igitur
3268 4814 3376 4870 vita
3406 4825 3460 4873 ct

1881 4871 2091 4941 vivens,
2128 4876 2306 4936 bonus
2340 4893 2497 4941 erat:
2537 4888 2617 4944 sic
2650 4906 2822 4960 mors,
2859 4896 3172 4967 exstinctio,
3206 4914 3258 4960 ct
3285 4907 3459 4966 inter-

1881 4970 2158 5034 emptum,
2195 4972 2400 5028 malum
2437 4987 2574 5035 erat.
2629 4978 2785 5040 Unde
2830 5002 2962 5060 ergo
3003 4993 3202 5050 revixit
3236 5013 3301 5054 ac
3334 5016 3456 5055 mo-

1882 5061 1995 5107 tum
2038 5061 2300 5129 accepit?
2339 5065 2386 5121 si
2418 5083 2448 5122 a
2478 5071 2694 5142 seipse,
2735 5077 2844 5132 vita
2883 5095 3015 5152 ergo
3054 5098 3118 5139 ex
3156 5089 3297 5144 malo
3334 5099 3453 5145 orta

1879 5154 1997 5214 est,
2033 5152 2181 5220 quod
2217 5154 2333 5212 ﬁeri
2389 5161 2615 5223 minime
2664 5165 2828 5254 450
2881 5182 3083 5244 potest.
3138 5177 3256 5236 Non
3305 5181 3449 5236 enim

1511 5336 1743 5394 VARI/E
1788 5339 2192 5409 LECTIONES.

274 5430 303 5463 ο
321 5403 487 5483 Basil.
520 5431 743 5502 ἑαυτῆς.

849 5447 876 5486 p
914 5439 1080 5496 Basil.
1111 5445 1159 5496 εί
1184 5446 1278 5516 μή·
1323 5455 1376 5501 et
1405 5448 1566 5518 paulo
1598 5461 1741 5521 post,
1773 5455 1832 5509 τὺ
1853 5456 1906 5511 δὲ
1935 5461 2135 5530 ἀγαθὸν
2160 5462 2236 5533 ὃν,
2275 5478 2379 5524 etc.

1697 5635 1928 5698 ΝΟΤᾹΣ.

265 5723 348 5796 (ί)
383 5728 587 5790 Textus
612 5733 699 5792 hic
724 5736 1098 5800 subobscurus
1119 5753 1174 5801 et
1201 5747 1416 5806 luxatus
1450 5753 1687 5811 videtur.
