3980 6140
236 345 372 412 4553

1220 343 1602 405 DIALOGUS
1650 342 1948 404 CONTRA
1992 340 2472 406 ΜΑΝΙΟΗᾸΞΟΒ.

3357 343 3496 410 1554

249 456 459 525 ιποίησε
482 452 576 512 τὸν
605 436 891 523 ἄνθρωπον
926 450 1087 522 εὐθῆ,
1136 453 1294 508 αὐτοὶ
1330 453 1388 507 δὲ
1434 452 1709 524 ἐζήτησαν
1732 451 1819 504 λο-

1944 454 2051 506 ecit
2090 452 2369 507 hominem
2410 460 2659 518 rectum;
2693 453 2795 523 ipsi
2832 468 2958 509 vero
2977 453 3313 523 quaesierunt
3346 456 3495 523 cogi-

252 549 468 619 γισμοὺς
497 544 732 610 πολλούς
764 563 779 577 ·
814 544 1005 617 ἕτερον
1028 545 1087 600 δὲ
1129 546 1298 600 κακὸν
1331 546 1573 613 λέγεται,
1603 544 1666 597 τὸ
1694 542 1815 597 κατ’

248 641 505 709 αἴσθησιν,
535 637 615 702 ὡς
637 638 692 690 αἱ
713 636 941 707 θλίψεις,
960 637 1017 690 αἱ
1036 637 1176 691 κατὰ
1205 639 1332 700 τοὺς
1357 633 1704 706 πειρασμούς
1723 648 1735 662 ·
1758 632 1820 685 τὸ

254 733 344 801 γὰρ
363 730 460 798 τῆς
482 728 680 792 κακίας
699 729 866 799 ὄνομα
880 726 1167 799 ὁμώνυμόν
1185 729 1323 781 ἐστι.
1354 727 1459 780 Δύο
1474 725 1581 796 γὰρ
1617 722 1819 794 σημαί-

250 838 350 874 νει·
375 821 505 873 ποτὲ
539 820 641 889 μὲν
657 819 765 890 γάρ
786 818 1044 888 σημαίνει
1060 818 1159 885 τὴν
1177 816 1279 887 τῆς
1296 816 1498 886 ἀρετῆς
1527 814 1786 884 στέρησιν
1802 826 1818 842 ’

249 913 369 966 ποτὲ
393 912 455 965 δὲ
479 910 579 982 τὴν
610 909 711 981 τῆς
732 910 929 980 χαρᾶς,
954 907 1202 962 τουτέστι
1230 906 1325 960 τοῦ
1340 902 1781 975 έπιθυμουμένου
1804 917 1819 931 ·

251 1002 390 1075 ἠμὲν
413 999 523 1071 γὰρ
543 999 772 1072 πορνεία
786 999 939 1054 οὐδὲν
967 998 1156 1069 ’ἐτερόν
1177 998 1346 1061 ἐστιν,
1365 997 1414 1049 εί
1447 994 1523 1066 μὴ
1541 992 1824 1064 σωφροσύ-

247 1109 343 1164 νης
381 1092 661 1162 στέρησις,
682 1090 778 1144 καὶ
835 1088 981 1160 κακὴ
999 1089 1218 1159 χρῆσις.
1257 1086 1405 1140 ’Δντὶ
1434 1084 1542 1156 γὰρ
1558 1082 1655 1137 τοῦ
1683 1084 1822 1150 ἀγα-

250 1186 411 1253 πῆσαι
439 1181 533 1236 καὶ
553 1180 779 1251 μιγῆναι
808 1180 888 1242 είς
916 1178 979 1232 τὸ
1031 1177 1163 1231 ῑδιον
1207 1174 1429 1240 σκεῦος,
1444 1172 1692 1227 τουτέστι
1721 1169 1825 1241 τὴν

251 1276 379 1328 ιδίαν
435 1275 690 1341 γυναῖκα,
723 1271 914 1341 ἀγαπᾷς
943 1268 1038 1323 καὶ
1071 1268 1326 1340 μίγνυται
1350 1269 1417 1338 τῇ
1446 1264 1723 1335 ἀλλοτρίᾳ.
1760 1263 1825 1317 Ἡ

250 1363 492 1427 ἀπιστία,
527 1362 647 1416 ἀντὶ
671 1360 763 1415 τοῦ
798 1358 1087 1414 πιστεῦσαι
1115 1359 1210 1412 καὶ
1231 1357 1519 1426 ἀγαπῆσαι
1550 1354 1643 1407 τὸν
1664 1353 1825 1422 φύσει

247 1454 397 1522 Θεὸν,
456 1452 709 1507 πιστεύει
758 1451 835 1523 τῷ
884 1453 961 1523 μὴ
1017 1450 1136 1504 ὄντι
1172 1447 1311 1519 Θεῷ.
1368 1447 1541 1501 Τοῦτο
1576 1445 1671 1500 οῦν
1708 1445 1825 1498 ἐστι

249 1546 436 1610 κακία,
466 1544 527 1598 τὺ
562 1543 640 1616 τῷ
672 1545 748 1615 μὴ
800 1543 915 1597 ὄντι
967 1540 1043 1603 ὡς
1075 1541 1191 1595 ὄντι
1228 1532 1536 1611 χρήσασθαι
1558 1551 1573 1568 ⁸
1629 1536 1691 1590 τὸ
1749 1538 1827 1607 μὴ

247 1637 507 1707 παρέχειν
534 1637 751 1707 ἑκάστῳ
787 1635 858 1689 τά
884 1635 994 1689 ἴδια
1013 1650 1027 1665 ’
1062 1633 1172 1686 ῐδια
1211 1631 1427 1701 ἑκάστῳ
1456 1629 1528 1683 τὰ
1561 1628 1666 1682 ὐπὸ
1691 1625 1826 1681 Θεοῦ

247 1730 561 1801 ὁριζόμενα.
599 1728 758 1793 ’ξῙδιον
807 1727 905 1799 μὲν
936 1724 1095 1789 Θεοῦ,
1124 1724 1159 1795 ἠ
1192 1722 1321 1788 δόξα
1362 1723 1460 1777 καὶ
1503 1722 1537 1791 ἠ
1568 1718 1723 1790 τιμὴ,
1751 1717 1827 1781 ὡς

1923 543 2164 599 tationes
2200 543 2400 598 multas
2441 543 2525 609 ";
2561 562 2579 595 ι
2612 543 2846 597 alterum
2884 558 3083 598 sensus
3118 543 3295 597 nostri
3328 555 3494 597 causa

1926 633 2003 687 ita
2041 632 2372 704 appellatur,
2403 643 2461 688 ιιι
2496 635 2841 689 calamitates
2893 634 3095 704 quibus
3128 634 3185 687 in
3238 633 3497 688 tentatio~

1924 725 2091 780 nibus
2122 723 2412 781 afﬁcimur.
2445 724 2584 779 Mali
2607 726 2753 781 enim
2785 725 3114 780 vocabulum
3150 738 3351 793 anceps
3376 730 3497 789 est,

1924 813 2077 883 quod
2125 814 2265 870 duas
2305 814 2742 886 signiﬁcationes
2782 814 2974 870 habet.
3021 812 3304 869 Interdum
3352 813 3498 867 enim

1924 905 2187 972 virtutis,
2219 906 2493 960 interdum
2528 905 2753 976 gaudii,
2782 906 2889 962 hoc
2942 914 3027 961 est
3074 905 3157 962 rei
3206 905 3498 976 expetitm,

1927 996 2296 1067 privationem
2332 996 2561 1053 indicat.
2593 997 2912 1052 Fornicatio
2963 998 3114 1053 enim
3166 997 3304 1051 nihil
3353 996 3500 1049 aliud

1925 1090 2048 1147 est,
2084 1098 2248 1153 quam
2280 1084 2562 1153 pudicitiae
2597 1086 2832 1155 privatio
2882 1092 2937 1140 et
2982 1085 3291 1156 ﬂagitiosus
3341 1101 3497 1141 usus.

1925 1171 2061 1226 Nam
2093 1186 2195 1242 pro
2222 1171 2379 1244 45],
2412 1187 2478 1228 eo
2510 1173 2654 1244 quod
2681 1173 2955 1244 quispiam
3001 1189 3098 1229 vas
3149 1190 3309 1229 suum
3333 1214 3347 1239 ,
3395 1173 3500 1229 hoc

1925 1271 2013 1319 est
2038 1279 2268 1319 uxorem
2318 1280 2474 1343 suam
2523 1280 2742 1330 amare,
2792 1265 2953 1335 eique
2998 1266 3222 1321 misceri
3266 1266 3498 1328 debeat.

1926 1353 2165 1409 alienam
2197 1353 2443 1423 deperit.
2489 1363 2656 1425 atque
2708 1356 2774 1410 ad
2824 1370 2944 1411 eam
3000 1356 3234 1411 accedit.
3294 1355 3500 1411 Eodem

1926 1447 2088 1501 modo
2115 1444 2416 1500 inﬁdelitas
2466 1456 2583 1500 tum
2636 1446 3011 1512 contrahitur,
3045 1461 3171 1500 cum
3229 1446 3352 1516 quis
3404 1461 3507 1516 pro

1927 1551 1994 1592 eo
2030 1544 2195 1607 atque
2220 1537 2272 1593 ei
2301 1537 2395 1607 qui
2429 1546 2627 1592 natura
2659 1536 2805 1593 Deus
2835 1545 2961 1603 est,
2997 1538 3257 1606 credere,
3293 1541 3505 1609 ipsum-

1929 1643 2036 1698 que
2066 1642 2253 1683 amare
2279 1628 2515 1696 debeat,
2546 1628 2626 1682 illi
2671 1629 2766 1699 qui
2817 1628 2962 1684 Dens
2994 1644 3104 1683 non
3137 1637 3221 1684 est
3243 1669 3258 1694 ,
3306 1631 3506 1685 credit.

1932 1720 1991 1772 In
2022 1718 2130 1773 hoc
2155 1732 2289 1789 ergo
2321 1718 2526 1772 malum
2560 1719 2727 1773 situm
2765 1726 2883 1785 est,
2919 1734 3043 1774 cum
3088 1720 3215 1790 quis
3259 1735 3324 1776 eo
3357 1721 3509 1791 quod

245 1797 579 1892 Δημιουργῷ
618 1797 935 1890 πρέπουσα·
972 1818 1105 1872 τδιον
1142 1816 1200 1870 δὲ
1246 1814 1355 1868 τῶν
1403 1811 1743 1883 κτισμάτων,
1763 1808 1825 1863 τὸ

1944 1822 2037 1862 ιοιι
2067 1815 2182 1873 εει,
2222 1815 2483 1880 tanquam
2518 1810 2589 1864 sit
2622 1810 2841 1865 utitur:
2877 1825 3001 1865 cum
3030 1826 3138 1865 non
3170 1811 3469 1881 unicuique
3491 1851 3505 1875 ,

252 1911 475 1983 μέτρον,
516 1911 545 1965 ὃ
572 1911 787 1980 ἑκάστῳ
810 1909 1009 1981 ὥρισεν
1036 1910 1066 1962 ὁ
1098 1907 1160 1961 τὸ
1191 1901 1333 1960 εἶναι
1357 1904 1501 1967 δούς.
1550 1901 1663 1971 Ἐφ’
1692 1902 1823 1972 ἡμῖν

1944 1902 2082 1973 luod
2102 1916 2262 1957 suum
2297 1909 2417 1969 est,
2458 1902 2671 1958 tribuit.
2713 1901 3176 1983 Uniuscnjusque
3216 1905 3503 1974 proprium

247 2003 305 2057 δέ
337 2005 489 2055 ἐστιν
533 2000 567 2072 ἢ
614 2000 929 2071 χρήσασθαι
951 2002 1064 2065 τοῖς
1093 1998 1326 2053 δοθεῖσιν
1364 1998 1495 2066 ἡμῖν
1525 1994 1631 2049 ὐπὸ
1662 1988 1820 2057 Θεοῦ,

1949 1993 2061 2048 llud
2091 2001 2209 2060 est,
2241 1993 2390 2063 quod
2439 2007 2470 2047 a
2516 1992 2626 2049 Deo
2657 1993 2998 2049 decernitur.
3028 1996 3106 2050 Ac
3144 1995 3253 2049 Deo
3282 1994 3504 2065 quidem

250 2093 337 2163 ἐφ’
370 2086 416 2161 ᾧ
444 2093 695 2157 δέδωκεν,
723 2092 757 2163 ἢ
806 2092 882 2163 μή
903 2108 917 2123 ο
967 2086 1101 2155 οἷον,
1129 2088 1326 2143 ἔδωκεν
1358 2089 1491 2159 ἡμῖν
1527 2084 1589 2139 τὸ
1634 2081 1825 2136 ἐπιθυ-

1944 2084 2209 2155 troprium
2237 2091 2322 2138 est
2347 2084 2516 2155 gloria
2544 2095 2597 2139 et
2624 2085 2817 2140 honor.
2847 2084 2980 2139 Nam
3009 2086 3124 2140 haec
3149 2086 3197 2141 ei
3218 2126 3234 2150 ,
3263 2095 3322 2139 ut
3345 2084 3509 2141 Crea-

252 2183 505 2255 μητικδν,
529 2183 617 2238 ἵνα
652 2181 1010 2254 ὲπιθυμῶμεν
1039 2180 1203 2235 αὐτοῦ
1239 2179 1401 2249 μόνου
1434 2174 1662 2246 ἀγαθοῦ.
1697 2173 1823 2226 Ἐὰν

1944 2176 2072 2243 .ori,
2126 2178 2488 2231 conveniunt.
2545 2176 2837 2247 Proprium
2889 2184 3075 2233 autem
3126 2184 3506 2232 creaturarum

250 2275 343 2329 hri
373 2274 547 2345 τούτῳ
569 2272 907 2346 χρησώμεθα
925 2275 992 2344 τῇ
1020 2271 1308 2343 ἐπιθυμίᾳ,
1331 2268 1501 2341 ἀρετὴ
1525 2267 1619 2321 καὶ
1632 2262 1817 2319 καλόνο

1944 2272 2043 2332 :st,
2080 2281 2344 2321 mensura
2378 2267 2503 2331 illa,
2535 2282 2699 2337 quam
2733 2266 2934 2337 cuique
2971 2267 3054 2321 rei
3103 2266 3247 2323 Deus
3295 2264 3508 2320 consti-

252 2366 302 2418 εί
330 2366 391 2419 δὲ
417 2363 602 2435 ἕτερόν
626 2381 680 2417 τι
722 2363 851 2434 παρ’
893 2362 1063 2416 αὐτὸν»
1099 2361 1499 2431 ἀγαπήσωμεν,
1566 2356 1668 2410 οὐκ
1709 2353 1825 2407 ἐστι

1944 2360 2045 2413 tuit
2062 2401 2077 2426 ,
2103 2359 2197 2429 qui
2222 2360 2386 2416 etiam
2412 2360 2709 2430 ipsummet
2729 2375 2854 2416 esse
2872 2359 3042 2415 dedit.
3070 2359 3237 2429 Atqui
3264 2359 3320 2414 in
3350 2357 3507 2413 nobis

254 2457 472 2528 χρῆσις.
541 2455 679 2509 ἀλλά
726 2454 1095 2526 παράχρησες.
1143 2452 1237 2517 Εἰς
1298 2451 1432 2506 αὐτὸ
1496 2448 1608 2520 γὰρ
1667 2446 1829 2501 τοῦτο

1944 2451 2099 2507 situm
2129 2459 2215 2506 est
2241 2449 2331 2505 bis
2351 2490 2366 2516 ,
2400 2465 2524 2521 qua:
2552 2449 2716 2506 nobis
2748 2465 2779 2504 a
2808 2449 2920 2506 Deo
2952 2464 3217 2506 concessa
3252 2457 3414 2513 sunt,
3440 2448 3511 2502 ad

254 2547 513 2618 εποίησεν
540 2548 715 2618 ἡμᾶς,
774 2546 862 2600 tua
924 2543 1245 2616 μετέχωμεν
1280 2540 1450 2599 αὐτοῦ
1495 2537 1829 2611 ἐπιθυμοῦν-

1944 2541 2092 2596 illum
2133 2541 2300 2597 ﬁnem
2331 2542 2412 2596 uti
2437 2583 2453 2609 ,
2484 2541 2551 2597 ad
2581 2559 2743 2613 quem
2777 2558 3042 2600 concessa
3073 2551 3225 2600 sunt.
3260 2544 3510 2613 Exempli

254 2652 371 2700 τες.
672 2629 679 2636 ’
1939 2632 2149 2703 gratia,
2179 2632 2470 2703 appetendi
2521 2631 2843 2690 facultatem
2891 2634 3053 2691 nobis
3086 2634 3295 2691 ideirco
3320 2635 3511 2703 dedit,

218 2739 321 2785 ἰιι
346 2731 564 2802 ipsum,
599 2732 695 2802 qui
726 2732 881 2788 solus
928 2731 1111 2788 bonus
1162 2736 1282 2794 est,
1334 2725 1835 2797 concupiscamus.
1865 2721 2057 2795 Itaque
2123 2722 2172 2779 si
2236 2724 2483 2794 appetitu
2530 2724 2598 2780 ad
2651 2739 2777 2780 eum
2824 2725 2986 2781 ﬁnem
3034 2734 3289 2791 utamur,
3333 2727 3514 2783 virtus

256 2828 347 2878 est
385 2828 442 2877 et
484 2821 727 2889 bonum;
783 2822 870 2876 sin
902 2818 1051 2875 aliud
1085 2818 1370 2889 quidpiam
1402 2824 1601 2888 praeter
1630 2829 1755 2870 eum
1791 2827 2043 2869 amamus
2064 2850 2081 2878 ,
2125 2812 2239 2881 jam
2271 2827 2383 2867 non
2412 2820 2500 2868 est
2527 2827 2686 2881 usus,
2718 2815 2815 2871 sed
2847 2816 3075 2875 abusus.
3120 2816 3179 2871 In
3222 2817 3328 2874 hoc
3365 2818 3511 2873 enim

258 2927 370 2969 nos
403 2911 694 2976 condidit,
725 2918 789 2966 ut
817 2911 999 2981 ipsum
1025 2917 1387 2979 expetamus,
1422 2921 1599 2976 eoque
1630 2903 1870 2973 impletis
1906 2904 2050 2960 votis
2079 2902 2352 2959 fruamur.

333 2999 572 3071 ξα’.Ἦν,
594 3004 780 3074 φησιν,
802 3006 837 3073 ἡ
863 3002 966 3073 ὕλη
986 3002 1241 3073 ἄναρχος,
1264 2999 1582 3070 ἀγέννητος,
1600 2997 1832 3061 ένσίδίοις

2008 2996 2099 3052 6i.
2156 2996 2314 3063 Erat,
2371 2996 2667 3067 inquiunt,
2702 2999 2932 3057 materia
2982 3003 3241 3074 principii
3292 3017 3513 3073 expers.

258 3094 431 3165 ὅροις,
451 3092 538 3145 ἀεὶ
568 3071 1155 3161 ἀτάκτωςήκινουμένη,
1188 3089 1277 3143 ἀεὶ
1323 3091 1499 3160 ἑαυτῇ
1528 3087 1835 3158 μαχομένη,

1944 3088 2208 3160 ingenita,
2235 3087 2292 3143 in
2319 3088 2439 3145 suis
2471 3090 2672 3146 ﬁnibus
2703 3071 3020 3148 inordinate
3048 3071 3265 3164 semper
3288 3071 3511 3165 agitata.

260 3182 365 3235 καὶ
413 3182 612 3251 ἑαυτὴν
661 3181 1045 3235 ἀναλίσκουσα.
1068 3175 1178 3238 Ἦν
1207 3179 1286 3244 δὲ,
1328 3178 1486 3248 φησι,
1521 3177 1615 3231 καὶ
1657 3178 1686 3230 ὁ
1710 3176 1844 3241 Θεὸς

261 3274 326 3326 ἑν
352 3272 503 3336 ίδίοις
526 3272 697 3343 ὅροις,
727 3273 963 3342 ἄναρχος
984 3311 1001 3338 ,
1040 3271 1356 3341 ἀγέννητος,
1386 3270 1580 3336 ἀΐδιος,
1617 3269 1844 3340 ἀσώμα-

260 3380 379 3428 τος,
402 3363 522 3427 ὅλος
571 3362 721 3433 φῶς·
788 3362 905 3418 ἀλλ’
966 3364 1001 3433 ἡ
1055 3360 1179 3433 ὕλη,
1222 3361 1412 3432 φησὶν,
1453 3359 1703 3423 ἀτάκτως
1750 3359 1845 3414 καὶ

264 3453 480 3523 ἀλόγως
518 3454 837 3525 κινουμένη,
878 3454 987 3508 ἐπὶ
1003 3453 1071 3507 τά
1096 3451 1190 3507 τοῦ
1225 3451 1359 3506 Θεοῦ
1401 3453 1526 3525 ὅρια
1550 3447 1705 3523 ἦλθε.
1730 3452 1846 3507 Καὶ

265 3543 602 3613 θαυμάσασα
632 3544 692 3598 τὸ
729 3542 822 3597 τοῦ
861 3543 996 3597 Θεοῦ
1028 3542 1166 3613 φῶς,
1191 3542 1292 3613 τῆς
1324 3542 1437 3612 μὲν
1470 3542 1608 3609 πρὸς
1640 3543 1841 3614 ἑαυτὴν

269 3634 456 3704 μάχης
506 3633 791 3688 επαύσατο
815 3651 827 3664 ·
863 3634 943 3705 τῷ
996 3634 1056 3688 δῖ
1098 3634 1239 3704 φωτὶ
1273 3634 1500 3688 ἐπέθετο
1540 3635 1843 3709 μαχομένη,

266 3724 348 3788 ὡς
396 3727 491 3778 καὶ
538 3725 704 3795 μέρος
761 3724 924 3779 αὐτοῦ
956 3726 1202 3797 ἁρπάσαι
1245 3727 1326 3790 εἰς
1353 3726 1552 3798 ἑαυτήν
1571 3741 1586 3758 ο
1612 3727 1708 3781 καὶ
1737 3727 1847 3799 γὰρ

266 3814 561 3884 ἄρχοντας,
594 3815 669 3876 ὡς
696 3815 790 3868 ἐπὶ
820 3816 1207 3888 κεκρυμμένου
1253 3816 1530 3888 βασιλείου
1567 3818 1667 3889 τὴν
1712 3817 1847 3885 ὕλην

268 3904 416 3974 ἔχειν
466 3904 920 3970 διαϐεϐαιοῦνται,
947 3906 1041 3969 οὒς
1071 3907 1169 3960 καὶ
1196 3907 1684 3977 κοσμοκράτορας
1738 3908 1848 3963 τοῦ

268 3995 539 4060 σκότους
566 4034 581 4058 ,
636 3997 732 4048 καὶ
791 3997 1103 4065 πνεύματα
1172 3995 1281 4065 τῆς
1348 4000 1643 4067 πονηρίας
1709 3996 1849 4056 εἶναι

272 4082 567 4152 φάσκουσι.
613 4083 967 4154 Συνεχώρησε
1020 4084 1099 4148 δὲ,
1159 4086 1344 4154 φησιν,
1390 4086 1419 4139 ὁ
1466 4086 1670 4154 ἀγαθὸς
1694 4087 1847 4154 Θεὸς,

273 4172 444 4242 μέρος
467 4172 660 4225 ἑαυτοῦ
690 4174 782 4227 ὑπ’
821 4173 992 4243 αὐτῆς
1022 4174 1304 4245 ἁρπασθὲν
1327 4176 1678 4248 αἰχμάλωτον
1707 4179 1852 4248 γενέ-

273 4262 427 4325 σθαι,
478 4263 627 4326 ὅπως
679 4264 851 4335 αὐτὴν
896 4264 1214 4338 περιγράψῃ
1261 4268 1357 4320 καὶ
1414 4268 1707 4343 περιορίσῃ
1754 4270 1850 4324 τοῦ

273 4351 357 4422 μὴ
389 4352 698 4423 περαιτέρω
733 4352 1050 4424 προϐαίνειν
1072 4354 1239 4417 εἰς’τά
1269 4355 1463 4408 ἑαυτοῦ
1492 4356 1635 4425 ὅρια.

348 4443 412 4495 Ei
442 4443 695 4513 ἄναρχος,
722 4444 1037 4514 ἀγέννητος,
1083 4444 1396 4516 ἀσώματος,
1443 4446 1655 4515 ἄποιος,
1683 4448 1852 4521 ἀόρα-

271 4550 369 4598 τος
397 4533 519 4602 ὕλη,
548 4533 751 4603 ὁμοίως
778 4536 873 4587 καὶ
900 4538 929 4589 δ
958 4536 1165 4605 ἀγαθὸς
1184 4537 1337 4604 Θεὸς,
1372 4539 1438 4591 ἐκ
1468 4538 1526 4591 δὲ
1546 4538 1647 4609 τῆς
1665 4539 1852 4604 οὐσίας

270 4622 545 4677 αὐτῶντά
586 4624 783 4689 πάντα,
833 4625 951 4688 πῶς
994 4626 1230 4697 ὁρῶνται
1268 4626 1339 4680 τὰ
1368 4626 1429 4691 ἐξ
1464 4627 1644 4681 αὐτῶν
1701 4630 1857 4697 γενό-
1918 4634 1921 4637 ’

276 4732 459 4787 μενα;
508 4717 568 4770 τὸ
617 4717 727 4787 γὰρ
785 4716 845 4782 ἐξ
895 4718 1187 4788 ἀσωμάτου
1239 4720 1334 4773 καὶ
1382 4720 1621 4791 ἀοράτου
1665 4722 1855 4786 οὐσίας

274 4806 709 4876 προερχόμενον,
767 4807 1061 4876 ἀσώματον
1096 4809 1314 4872 πάντως
1367 4809 1521 4865 ἔσται
1556 4814 1652 4866 καὶ
1683 4812 1852 4885 ἀόρα-

272 4912 391 4951 τον.
428 4899 537 4951 Καὶ
568 4897 674 4966 πρὸ
702 4897 897 4951 τούτου
929 4914 944 4930 ο
984 4900 1031 4952 εί
1055 4900 1149 4953 καὶ
1171 4902 1227 4955 αί
1246 4901 1341 4953 δύο
1378 4901 1578 4969 οὐσίαι,
1603 4905 1850 4976 ἄναρχοι,

273 4987 379 5039 καὶ⁸
397 4988 700 5058 ἀγέννητοι,
732 4990 830 5043 καὶ
868 4990 1049 5054 ἀΐδιοι,
1090 4990 1149 5057 ἐξ
1190 4990 1369 5045 αὐτῶν
1392 4992 1448 5046 δέ
1471 4994 1637 5063 ἔσμεν
1670 4996 1852 5065 ἡμεῖς,

271 5082 383 5134 οὐκ
408 5082 471 5133 ὲκ
502 5081 595 5133 τοῦ
643 5081 721 5152 μὴ
776 5081 931 5141 ὄντος
975 5083 1056 5145 εὶς
1096 5081 1159 5134 τὸ
1189 5078 1327 5136 εἶναι
1364 5083 1457 5136 ὐπ’
1494 5085 1675 5139 αὐτῶν
1711 5103 1854 5157 παρ-

274 5171 562 5241 αχθέντες,
622 5173 738 5226 ἀλλ’
794 5175 863 5226 ὲκ
900 5172 998 5241 τῆς
1027 5173 1215 5236 οὐσίας
1242 5173 1444 5237 αὐτῶν,
1493 5175 1717 5247 ἄναρχοι
1756 5178 1853 5231 zeal.

276 5264 444 5318 ἀϊδιοί
472 5265 637 5333 ἐσμεν
665 5266 845 5335 ἡμεῖς.
889 5264 1156 5334 Ἕκάστης
1191 5266 1301 5334 γὰρ
1350 5266 1536 5330 οὐσίας
1584 5268 1851 5340 γέννημα,

274 5352 569 5424 ὄμοούσιον
583 5355 650 5423 τῇ
679 5353 987 5422 γεννησάσῃ
1011 5353 1170 5423 οὐσίᾳ
1188 5369 1203 5385 ο
1237 5355 1435 5422 ἀϊδίου,
1463 5356 1665 5409 ἀΐδιον·
1696 5358 1855 5426 ἀγεν-

276 5447 469 5515 νήτου,
498 5444 789 5514 ἀγέννητον
808 5462 824 5477 ο
850 5446 1108 5516 ἀνάρχου,
1138 5445 1393 5517 ἄναρχον.

1943 3186 1999 3236 ει
2032 3193 2223 3235 secum
2276 3194 2552 3250 pugnans,
2608 3182 2961 3253 seipsamque
3016 3185 3341 3239 absumens.
3385 3185 3519 3239 Erat

1942 3271 2108 3328 etiam
2136 3269 2281 3327 Deus
2321 3272 2384 3327 in
2416 3272 2535 3328 suis
2577 3271 2804 3337 ﬁnibus,
2854 3272 3127 3344 principio
3156 3288 3390 3340 carens,
3429 3275 3517 3330 in-

1944 3361 2187 3432 genitus,
2227 3362 2626 3433 sempiternus,
2679 3363 3072 3434 incorporeus,
3124 3373 3271 3421 totus
3299 3366 3417 3420 lux.
3448 3366 3521 3421 At

1944 3451 2188 3506 materia
2211 3459 2418 3507 temere
2446 3462 2500 3507 et
2528 3453 2845 3510 inordinate
2877 3454 3109 3523 agitata,
3150 3454 3220 3509 ad
3253 3455 3350 3511 Dei
3377 3456 3519 3512 ﬁnes

1945 3540 2227 3610 perrexit;
2284 3540 2543 3612 lucisque
2577 3523 2952 3598 admiratione
2998 3552 3299 3608 commota,
3331 3559 3519 3600 secum

1944 3646 2197 3703 pugnare
2238 3632 2438 3700 desiit,
2489 3634 2784 3705 lucemque
2820 3649 2999 3705 pugna
3048 3635 3350 3701 lacessivit,
3385 3635 3524 3691 adeo

1947 3731 2008 3778 ut
2033 3723 2208 3793 ipsius
2231 3739 2453 3795 quoque
2482 3733 2691 3796 partem
2718 3726 2786 3781 ad
2810 3741 2869 3781 se
2895 3726 3171 3796 rapuerit.
3197 3726 3330 3781 Nam
3358 3727 3524 3782 etiam

1949 3813 2242 3883 praefectos
2303 3828 2437 3870 suos
2486 3815 2641 3870 velut
2693 3814 2750 3869 in
2797 3815 3035 3872 obscura
3083 3815 3321 3886 quadam
3373 3816 3523 3886 regia

1948 3904 2237 3958 materiam
2267 3903 2472 3961 habere
2499 3904 2965 3976 afﬁrmant,.quos
2996 3913 3051 3960 et
3077 3905 3263 3960 mundi
3298 3916 3525 3962 rectores

1950 3995 2285 4049 tenebrarum
2329 4011 2399 4051 ac
2444 3997 2752 4066 spiritantia
2808 3997 3055 4066 nequitiw
3097 3998 3145 4031 ”
3172 4013 3297 4054 esse
3346 3998 3522 4052 aiunt.

1951 4087 2161 4144 Passus
2208 4096 2314 4155 est,
2358 4088 2643 4160 inquiunt,
2695 4090 2877 4145 bonus
2915 4089 3058 4144 Deus
3096 4090 3182 4144 sui
3219 4089 3527 4159 portionem

1952 4179 2051 4236 abs
2071 4195 2131 4236 se
2150 4180 2435 4250 abreptam
2467 4178 2742 4248 captivam
2771 4177 2970 4244 teneri,
3000 4191 3111 4246 quo
3141 4190 3262 4230 eam
3284 4177 3527 4232 circum-

1953 4273 2310 4328 scriberet‘ac
2337 4270 2616 4336 deﬁniret,
2648 4285 2714 4325 ne
2765 4284 2832 4325 ea
2863 4269 3097 4325 ulterius
3127 4269 3194 4323 ad
3229 4267 3367 4325 ﬁnes
3394 4284 3529 4326 suos

1882 4403 1927 4459 ι)
1954 4363 2401 4459 Praecesser-

2028 4455 2084 4509 Si
2118 4453 2378 4525 principii
2424 4467 2648 4524 expers,
2703 4452 2972 4525 ingenita,
3006 4451 3360 4523 incorporea,
3392 4467 3531 4523 qua-

1953 4546 2115 4601 litate
2144 4556 2371 4611 vacans,
2402 4543 2702 4599 invisibilis
2736 4550 2823 4600 est
2854 4542 3109 4610 materia,
3144 4543 3386 4614 itemque
3425 4543 3528 4600 bo-

1955 4653 2063 4695 nus
2094 4637 2263 4702 Deus,
2300 4644 2468 4708 atque
2491 4652 2559 4692 ex
2589 4651 2779 4691 eorum
2807 4636 3122 4693 substantia
3152 4636 3339 4692 omnia
3368 4645 3531 4692 enata

1955 4737 2121 4795 sunt;
2156 4741 2394 4798 quonam
2433 4726 2595 4781 modo
2642 4742 2707 4782 ea
2754 4742 2877 4797 quae
2917 4742 2981 4783 ex
3039 4727 3129 4783 his
3166 4725 3529 4797 prodierunt,

1958 4817 2138 4873 oculis
2188 4817 2513 4887 spectabilia
2560 4818 2724 4873 sunt?
2751 4833 2877 4873 nam
2918 4818 3067 4887 quod
3099 4835 3167 4875 ex
3200 4819 3529 4891 incorporea

1959 4906 2276 4963 substantia
2331 4905 2565 4977 prodiit,
2638 4908 3033 4979 incorporeum
3083 4926 3305 4981 quoque
3346 4910 3531 4979 ipsum

1959 5002 2126 5064 atque
2165 4994 2452 5050 invisibile
2479 4995 2556 5050 sit
2587 5005 2831 5065 oportet.
2864 4997 2944 5052 Ac
2984 4998 3038 5053 in
3076 5000 3297 5069 primis,
3331 4998 3377 5053 si
3405 4998 3532 5052 duae

1959 5086 2044 5147 hae
2123 5084 2450 5141 substantiae
2502 5086 2765 5157 principii
2831 5096 3111 5159 expertes,
3165 5087 3420 5159 ingenitae
3474 5098 3531 5143 ct

1960 5182 2309 5252 sempiternae
2341 5189 2471 5240 sunt
2499 5223 2514 5250 ,
2548 5199 2652 5240 nos
2704 5192 2890 5239 autem
2922 5198 2987 5237 ex
3027 5182 3110 5237 eis
3141 5194 3371 5245 sumus;
3417 5193 3529 5233 non

1961 5270 2033 5325 ab
2063 5272 2146 5327 eis
2194 5287 2261 5327 ex
2300 5273 2501 5337 nihilo,
2548 5272 2645 5328 sed
2698 5289 2765 5328 ex
2819 5272 3135 5328 substantia
3178 5284 3367 5326 earum
3401 5284 3533 5339 pro—

1961 5358 2117 5414 ducti
2169 5361 2365 5416 simus.
2425 5360 2717 5431 Cujusque
2757 5360 2932 5415 etiam
2980 5357 3306 5414 substantia:
3348 5356 3532 5426 proles

1962 5450 2179 5520 parenti
2228 5465 2341 5505 sua:
2391 5449 2882 5508 consubstantialis
2913 5457 3031 5516 est;
3063 5449 3168 5507 hoc
3199 5454 3284 5505 est
3314 5458 3533 5506 aeterna:

275 5550 508 5603 aeterna,
558 5537 811 5607 ingenitae
860 5538 1120 5608 ingenita,
1170 5540 1441 5609 principio
1487 5542 1692 5599 carenti
1736 5543 1823 5598 illa
1857 5558 1979 5615 qua!
2010 5542 2278 5613 principio
2316 5552 2488 5599 caret.

360 5724 402 5753 ”
438 5720 615 5775 Eccle.
659 5735 754 5786 vn,
785 5721 873 5775 50.
953 5720 1000 5751 ²⁰
1032 5717 1225 5789 Epltcs.
1263 5735 1337 5787 vr,
1376 5720 1458 5774 ιέ.
