3970 6156
465 281 602 348 1555

1651 290 1713 346 S.
1746 290 1777 348 J
1784 290 1983 350 ΟΛΝΝ
1993 290 2063 348 IS
2104 291 2522 355 DAMASCENI

3598 289 3744 356 1556

537 397 763 461 Deinde,
802 398 847 451 si
895 412 959 452 ex
1010 397 1136 452 mali
1172 399 1422 468 bonique
1453 399 1765 454 substantia
1794 401 2038 456 concreti

2214 405 2323 458 Καὶ
2355 406 2516 460 πάλιν
2538 423 2551 436 ’
2582 407 2630 459 εί
2661 405 2727 458 ἐκ
2787 408 2885 477 τῆς
2919 405 3102 470 οὐσίας
3129 405 3222 460 τοῦ
3261 404 3494 475 ἀγαθοά
3515 405 3617 458 καὶ
3640 405 3746 457 τοῦ

464 503 681 550 sumus,
717 502 829 540 non
881 494 1172 552 creaturae,
1210 487 1308 544 sed
1361 487 1454 542 ﬁlii
1497 503 1730 556 sumus;
1789 505 1894 545 nec
1929 491 2036 545 ulla

465 576 522 629 in
567 574 770 629 mundo
804 583 1058 630 creatura
1088 576 1214 631 erit.

535 664 783 720 Rursus:
815 666 861 720 si
903 667 1018 720 lieri
1065 667 1262 737 nequit
1307 677 1366 722 ut
1430 668 1566 724 boni
1605 677 1804 724 natura
1838 670 1892 726 in
1923 685 2040 726 ma-

467 757 578 810 lutn
606 763 879 826 vertatur,
911 751 1254 829 Omninoque
1303 762 1509 816 malum
1540 764 1766 834 cogitet,
1803 765 1880 818 vel
1915 778 2042 834 per-

468 856 683 918 petret:
716 849 835 904 ﬁeri
888 852 1015 905 item
1056 853 1270 922 nequit,
1325 861 1386 908 ut
1417 853 1598 910 malus
1642 863 1908 920 mutetur,
1943 856 2042 910 bo-

471 955 714 1010 numque
745 939 954 1010 aliquid
989 942 1069 997 vel
1115 943 1455 1013 cogitatione
1500 944 1921 1014 complectatur,
1949 955 2045 1000 aut

473 1030 671 1085 faciat:
724 1030 977 1104 profecto
1012 1046 1138 1086 cum
1175 1032 1356 1086 anima
1397 1041 1589 1088 nostra
1635 1033 1794 1100 boni,
1841 1049 2042 1105 corpus

423 1186 430 1192 θ
473 1133 655 1179 autem
689 1123 818 1178 mali
853 1124 927 1178 sit
959 1138 1134 1193 pars;
1186 1122 1451 1193 possibile
1503 1138 1720 1194 quoque
1763 1139 1872 1178 non
1913 1124 2041 1190 erit,

472 1225 531 1270 ιιι
561 1217 747 1268 anima
779 1221 971 1270 nostra
1005 1215 1134 1269 mali
1182 1214 1484 1284 quidquam
1533 1216 1758 1284 cogitet,
1791 1222 1890 1270 aut
1921 1231 2044 1271 σοι’-

472 1321 578 1376 pus
610 1313 862 1360 nostrum
895 1304 1025 1360 boni
1066 1303 1369 1376 quidquam
1420 1303 1640 1360 elﬁciat.
1690 1306 1857 1376 Atqui
1904 1307 2048 1361 mul-

473 1404 558 1450 tas
583 1397 796 1450 animas
830 1395 972 1449 mala
1012 1395 1320 1466 cogitantes
1364 1396 1667 1460 cernimus,
1723 1404 1782 1450 ut
1829 1397 2044 1452 animas

472 1485 636 1557 452
672 1485 1128 1549 Manicbmorum;
1162 1501 1467 1557 rursusque
1495 1486 1667 1542 multa
1696 1501 1928 1557 corpora
1955 1486 2044 1542 bo-

474 1577 563 1630 nis
603 1576 865 1645 operibus
894 1575 1134 1644 addieta,
1178 1578 1257 1632 uti
1287 1586 1608 1638 sanctorum
1643 1593 1904 1648 corpora.

545 1667 702 1734 Quod
751 1668 798 1723 si
838 1669 1015 1722 malus
1057 1684 1124 1724 ex
1167 1668 1498 1738 incorporeo
1548 1676 1604 1725 et
1649 1684 1884 1740 corpore
1909 1685 2044 1726 con-

475 1766 665 1811 cretus
695 1763 799 1819 est,
862 1765 916 1811 et
957 1757 1137 1812 bonus
1186 1757 1490 1824 similiter;
1546 1773 1680 1814 sane
1710 1773 1836 1813 cum
1864 1759 2046 1814 anima

474 1855 664 1903 nostra
703 1863 768 1903 ex
799 1849 927 1904 boni
959 1849 1295 1911 substantia,
1349 1864 1556 1920 corpus
1604 1858 1790 1906 autem
1816 1867 1884 1908 ex
1917 1853 2048 1907 mali

477 1939 787 1994 substantia
816 1939 915 2004 sit,
949 1939 1136 1994 anima
1164 1955 1386 2010 quoque
1436 1951 1624 1996 nostra
1669 1957 1736 1997 ex
1793 1942 2050 2011 incorpo-

477 2044 574 2083 reo
603 2036 660 2084 et
711 2044 948 2099 corpore
1001 2033 1305 2100 composita
1350 2033 1476 2097 erit,
1525 2047 1841 2104 corpusque
1893 2035 2045 2103 item,

478 2128 751 2175 nostrum.

548 2208 822 2264 Praeterea
854 2225 868 2263 :
903 2210 950 2265 si
989 2212 1219 2268 materia
1247 2213 1522 2284 principio
1571 2222 1744 2280 caret,
1778 2215 2047 2287 siquidem

478 2302 804 2371 incorporea
832 2301 904 2357 sit
935 2322 947 2358 :
975 2317 1218 2374 quonam
1257 2304 1418 2360 modo
1439 2320 1505 2358 ex
1557 2306 1884 2376 incorporea
1914 2309 2064 2364 sub-'

479 2392 684 2447 stantia
717 2409 920 2465 corpus
947 2395 1194 2465 prodiit!
1227 2411 1352 2451 nam
1384 2398 1532 2466 quod
1565 2399 1840 2469 principio
1873 2408 2046 2468 caret,

481 2484 548 2537 ab
581 2486 728 2539 omni
763 2487 1069 2542 mutatione
1095 2487 1336 2552 alienum
1368 2497 1477 2561 est,
1514 2489 1590 2544 Ea
1620 2497 1774 2546 certe
1805 2507 1928 2560 quae
1951 2508 2050 2548 na-

484 2584 604 2627 tura
640 2575 910 2644 simplicia
945 2585 1096 2642 sunt,
1155 2579 1405 2648 c0pulari
1452 2593 1563 2634 non
1613 2588 1870 2648 possunt.
1931 2580 2048 2646 Qua

485 2664 656 2738 igitur
683 2665 896 2722 ratione
921 2667 1215 2738 permistio
1234 2667 1379 2724 facta
1406 2671 1523 2725 est?

2141 498 2378 569 πονηροῦ
2404 500 2438 570 ή
2465 499 2725 562 σύστασις
2747 499 2925 569 ἡμῶν,
2961 499 3024 552 οὐ
3050 499 3354 568 κτίσματα,
3393 497 3541 551 ἀλλὰ
3570 499 3742 550 τέκνα

2140 589 2309 658 ἐσμέν
2334 607 2348 622 ο
2390 590 2484 643 καὶ
2511 591 2610 643 οὐκ
2630 589 2744 643 ἐστι
2765 591 2942 652 κτίσις
2967 591 3024 643 ὲν
3050 591 3261 660 κόσμῳ.

2210 683 2322 736 Καὶ
2345 681 2508 735 πάλιν
2529 698 2542 712 ·
2577 683 2623 735 εί
2653 682 2912 736 ἀδύνατον
2963 682 3242 752 τραπῆναι
3277 681 3382 753 τὴν
3416 680 3622 735 οὐσίαν
3640 681 3742 734 τοῦ

2141 772 2348 840 ἀγαθοῦ
2387 773 2467 835 είς
2492 773 2554 824 τὸ
2584 773 2843 842 πονηρὸν,
2873 773 2969 825 καὶ
2999 774 3136 836 ὅλως
3159 772 3482 840 λογίσασθαι
3509 771 3547 841 ἢ
3586 773 3744 839 πρᾶο

2143 865 2232 930 ξαι
2268 863 2507 934 πονηρόν
2533 877 2549 895 ο
2571 864 2668 917 καὶ
2720 863 2979 916 ἀδὺνατον
3006 863 3098 916 τὸν
3139 863 3379 934 πονηρὸν
3422 861 3740 933 τραπῆναι,

2142 956 2237 1009 καὶ
2275 953 2616 1024 λογίσασθαι,
2673 955 2706 1025 ἢ
2765 954 2968 1025 πρᾶξαί
3018 971 3070 1006 τι
3119 953 3350 1022 ἀγαθόν·
3405 956 3440 1023 ἡ
3491 953 3551 1007 δὲ
3584 952 3742 1022 ψυχὴ

2140 1046 2319 1118 ἡμῶν,
2347 1044 2446 1098 τοῦ
2465 1044 2668 1113 ἀγαθοῦ
2700 1044 2864 1115 μέρος
2889 1045 3026 1108 ἐστὶ,
3044 1045 3102 1098 τὺ
3126 1045 3178 1097 δὲ
3203 1045 3384 1115 σῶμα,
3403 1045 3501 1098 τοῦ
3523 1045 3742 1098 3:41:05-

2145 1138 2409 1191 ἀδύνατόν
2431 1138 2548 1190 ἐστι
2586 1136 2684 1206 τὴν
2731 1136 2908 1207 ψυχὴν
2950 1136 3110 1206 ήμῶν
3147 1137 3471 1204 λογίσασθαι
3519 1135 3740 1206 φαῦλῦν

2143 1247 2218 1295 τι,
2247 1231 2340 1284 καὶ
2362 1226 2423 1283 τδ
2445 1231 2604 1300 σῶμα
2624 1229 2781 1300 ἡμῶν
2829 1230 3036 1300 πρᾶξαι
3061 1229 3283 1297 ἀγαθόν.
3321 1229 3463 1283 Ἀλλ’
3503 1227 3738 1298 ὁρῶμεν

2146 1323 2350 1386 πολλὰς
2377 1321 2554 1393 ψυχὰς
2571 1321 2926 1390 λογιζομένας
2968 1323 3200 1392 πονηρὰ,
3227 1321 3303 1383 ὡς
3337 1322 3436 1384 τὰς
3460 1321 3584 1374 τῶν
3608 1321 3739 1374 Μα-

2146 1415 2370 1484 νιχαίων
2392 1432 2406 1444 ·
2436 1414 2529 1469 καὶ
2560 1414 2728 1468 πολλὰ
2752 1414 2984 1483 σώματα
3017 1413 3273 1467 ποιοῦντα
3317 1412 3521 1484 ἀγαθὰ,
3552 1413 3639 1477 ὼς
3665 1410 3736 1465 τὰ

2145 1507 2255 1560 τῶν
2284 1506 2475 1575 ἀγίων.

2222 1683 2286 1738 Et
2316 1685 2412 1736 καὶ
2468 1683 2497 1734 6
2552 1682 2787 1750 πονηρὸς
2851 1680 3103 1744 σύνθετός
3140 1684 3285 1736 ἐστιν
3322 1681 3383 1745 ἐξ
3424 1679 3730 1750 ἀσωμάτου

2153 1779 2247 1831 καὶ
2269 1775 2542 1845 σώματος,
2575 1774 2670 1827 καὶ
2694 1774 2722 1825 6
2750 1771 2953 1840 ἀγαθὸς
2979 1773 3201 1842 ὁμοίως,
3251 1773 3345 1826 καὶ
3369 1773 3402 1834 ἡ
3449 1772 3549 1841 μὲν
3570 1771 3728 1840 ψυχὴ

2151 1866 2327 1936 ἡμῶν,
2356 1865 2457 1936 τῆς
2479 1864 2668 1929 οὐσίας
2691 1863 2785 1916 τοῦ
2817 1863 3023 1932 ἀγαθοῦ
3065 1864 3201 1926 ἔστι,
3235 1863 3294 1915 τὸ
3320 1862 3376 1915 δὲ
3409 1862 3595 1932 σῶμα,
3629 1862 3728 1914 τοῦ

2152 1957 2422 2028 πονηροῦ·
2444 1958 2540 2011 καὶ
2563 1959 2596 2027 ἡ
2627 1957 2774 2027 ψυχὴ
2803 1957 2961 2026 ήμῶν
3009 1955 3262 2016 σύνθετος
3300 1954 3453 2008 ἔσται
3488 1953 3548 2019 ὲε
3575 1954 3730 2007 ἀσω-

2153 2050 2324 2120 μάτου
2355 2049 2448 2103 καὶ
2481 2048 2753 2118 σώματος,
2782 2047 2876 2100 καὶ
2906 2047 2969 2100 τὸ
2997 2045 3157 2116 σῶμα
3185 2047 3217 2115 ή
3228 2044 3362 2116 μῶν.

2221 2221 2331 2276 Καὶ
2360 2221 2521 2274 πάλιν
2545 2235 2562 2252 ο
2593 2221 2642 2272 εί
2676 2219 2910 2289 ἄναρχος
2929 2216 2972 2284 ’ἡ
3007 2216 3130 2286 ὕλη.
3172 2216 3221 2270 εί
3263 2216 3364 2285 μὲν
3406 2212 3723 2284 ἀσώματος,

2156 2311 2272 2375 πῶς
2296 2312 2356 2378 ἐξ
2378 2310 2674 2381 ἀσωμάτου
2709 2309 2905 2371 οὐσίας
2927 2305 3203 2378 προῆλθες
3233 2306 3295 2358 τὸ
3323 2306 3431 2375 γὰρ
3458 2306 3723 2373 ἄναρχον,

2153 2409 2374 2468 πάντως
2437 2405 2730 2474 ἄτρεπτον.
2773 2401 2855 2454 τὰ
2906 2402 3069 2468 φύσει
3138 2399 3286 2453 ἁπλᾶ
3345 2399 3410 2451 οὐ
3475 2397 3727 2463 πέφυκεν

2149 2496 2418 2551 ἑνοῦσθαι·
2449 2494 2568 2558 πῶς
2589 2491 2684 2549 οὖν
2712 2494 2930 2561 ἐγένετο
2956 2494 2990 2562 ἡ
3023 2491 3328 2574 σύγκρασις
3350 2505 3364 2519 ·

551 2755 631 2810 Ad
664 2756 776 2811 haec
807 2773 820 2810 :
854 2758 898 2812 si
940 2757 1170 2813 materia
1220 2763 1524 2830 composita
1563 2770 1649 2818 est
1695 2778 1762 2818 ex
1793 2763 2048 2834 incorpo-

2218 2761 2332 2816 Καὶ
2364 2761 2526 2817 πάλιν
2549 2778 2563 2794 ·
2607 2761 2660 2814 εί
2718 2759 2972 2816 σύνθετον
3002 2759 3036 2829 ή
3077 2758 3178 2828 ὕλη
3206 2755 3265 2823 ἐξ
3305 2753 3598 2824 ἀσωμάτου
3627 2751 3728 2805 καὶ

482 2861 578 2901 reo
602 2854 656 2901 et
686 2862 934 2916 corpore,
985 2862 1110 2902 cum
1162 2863 1366 2919 corpus
1414 2853 1754 2906 contrarium
1796 2853 2053 2923 incorpo-

2168 2855 2427 2924 πώματος,
2453 2853 2519 2907 τὸ
2561 2853 2622 2906 δὲ
2671 2852 2831 2922 σῶμα
2861 2851 3109 2905 ἐναντίον
3141 2848 3220 2919 τῷ
3259 2847 3554 2916 ἀσωμάτῳ,
3581 2844 3668 2905 τίς
3697 2843 3728 2895 6

486 2950 585 2990 reo
618 2938 714 3000 sit,
764 2937 892 3006 quis
939 2939 1221 2993 contraria
1282 2939 1447 2995 simul
1494 2941 1816 3011 copulavit?
1870 2957 2051 3012 neque

2168 2942 2361 3005 ὲνώσας
2381 2941 2450 2996 τά
2473 2941 2722 3007 ἐναντίω
2744 2941 2845 2995 οὐκ
2873 2939 2940 2994 ἂν
2961 2939 3070 3010 γὰρ
3097 2937 3167 2991 τὰ
3186 2936 3403 2992 ἐναντία
3423 2936 3534 2996 τοῖς
3565 2935 3726 2987 ὲναν-

483 3027 628 3081 enim
659 3029 939 3085 contraria
971 3045 1096 3086 cum
1143 3033 1442 3088 contrariis
1489 3042 1869 3102 versarentur,
1910 3036 2045 3090 ami-

2168 3035 2287 3098 ιίοις
2309 3033 2508 3104 ὁμιλεῖ,
2535 3031 2766 3101 φιλικῶς
2809 3032 3192 3100 συναπτόμενα
3244 3031 3325 3092 εἰς
3352 3027 3410 3080 ἓν
3464 3026 3600 3094 ὕφος
3628 3024 3728 3076 καὶ

485 3134 658 3189 ceque
685 3121 736 3173 in
775 3135 939 3174 unam
971 3122 1139 3177 veluti
1176 3133 1466 3188 texturam,
1497 3139 1772 3196 unamque
1797 3127 2052 3182 substan-

486 3211 619 3264 tiam
651 3209 1150 3281 conjungerentur,
1193 3213 1301 3268 nisi
1331 3213 1615 3271 Creatoris
1666 3216 1912 3284 potentia
1937 3217 2053 3272 hac

488 3303 544 3356 in
595 3316 766 3356 unum
810 3305 1201 3374 compegisset.
1242 3304 1312 3357 At
1365 3319 1494 3360 vero
1529 3306 1778 3372 materia,
1822 3314 1882 3362 ut
1937 3323 2058 3377 qua:

490 3391 886 3460 compositioni
921 3392 1210 3459 inserviat,
1249 3408 1278 3446 a
1309 3391 1492 3450 Verbo
1531 3394 1740 3462 divino,
1790 3405 1848 3452 ut
1885 3406 2055 3464 esset,

492 3482 724 3552 accepit.

561 3569 794 3640 insuper
825 3589 837 3625 :
881 3572 1112 3626 materia
1146 3571 1231 3626 vel
1273 3574 1558 3645 corruptio
1595 3579 1702 3637 est,
1749 3573 1829 3629 vel
1865 3588 2060 3629 corru-

499 3659 677 3728 ptioni
711 3659 974 3714 obnoxia.
1028 3657 1202 3715 Porro
1255 3663 1543 3732 corruptio
1593 3679 1704 3718 non
1751 3664 2060 3734 corrumpi-

495 3758 607 3812 tur,
647 3749 743 3804 sed
784 3749 1123 3820 corrumpit;
1162 3750 1308 3820 quod
1362 3759 1544 3806 autem
1583 3753 1922 3823 corruptioni
1959 3753 2060 3809 ob-

499 3839 723 3892 noxium
753 3847 858 3902 est,
893 3854 923 3893 a
951 3840 1314 3910 corruptione
1353 3845 1750 3912 corrumpitur.

568 3926 658 3981 62.
689 3926 893 3982 Deinde
919 3947 932 3982 :
965 3928 1229 3999 quidnam
1257 3937 1343 3985 est
1376 3932 1606 3986 materia
1626 3932 1651 3984 Ἰ
1679 3946 2060 4002 corrumpens,

473 4033 569 4072 ’an
601 4018 899 4088 corruptio,
934 4033 1005 4073 an
1052 4033 1141 4073 res
1191 4020 1534 4088 corruptioni
1593 4021 1879 4090 subjecta?
1930 4022 2065 4078 Cor-

497 4109 685 4180 ruptio
727 4118 811 4166 est
840 4105 1284 4185 compositarum
1317 4124 1500 4164 rerum
1542 4110 1839 4166 dissolutio
1873 4131 1888 4170 ι
1941 4128 2066 4169 cor-

496 4216 782 4271 rumpens,
818 4201 872 4256 id
919 4200 1064 4272 quod
1113 4201 1524 4272 corruptionem
1563 4201 1764 4258 alien:
1816 4219 1905 4260 res
1946 4219 2066 4262 cor-

497 4293 747 4362 ruptioni
793 4295 1068 4365 subjecta,
1131 4294 1500 4364 compositum
1558 4293 1697 4350 illud
1745 4297 1892 4366 quod
1947 4297 2066 4354 dis-

2159 3125 2287 3196 μίαν
2318 3125 2638 3190 ὑπόστασιν,
2689 3125 2740 3176 εί
2785 3123 2860 3193 μὴ
2903 3125 2938 3192 ἡ
2973 3121 3069 3174 τοῦ
3117 3117 3468 3191 Δημιουργοῦ
3497 3114 3728 3183 δύναμις

2139 3218 2236 3280 ,είς
2271 3215 2330 3268 ἓν
2363 3214 2500 3268 αὕτά
2529 3211 2882 3270 συνεὸίὸασεν
2901 3227 2919 3244 ο
2953 3212 2988 3282 ἡ
3013 3211 3114 3281 ὕλη
3129 3207 3540 3278 παρασύνθετος
3565 3198 3728 3264 οὖσα,

2157 3307 2262 3361 ὑπὸ
2300 3304 2445 3360 θείου
2474 3305 2652 3372 Λόγου
2679 3302 2741 3356 τὸ
2770 3298 2909 3356 εἶναι
2935 3302 3146 3370 εἴληφε.

2230 3569 2340 3621 Καὶ
2362 3568 2522 3624 πάλιν
2541 3567 2606 3637 ’ἡ
2636 3562 2736 3632 ὕλη
2770 3561 2944 3632 φθορά
2971 3561 3141 3625 ἐστιν,
3169 3560 3202 3630 ἢ
3239 3558 3452 3628 φθαρτή
3477 3569 3492 3585 ⁶
3533 3555 3595 3610 Ἦ
3628 3555 3727 3626 μὲν

2161 3662 2269 3732 γάρ
2297 3658 2495 3730 φθορὰ,
2528 3656 2758 3727 φθείρει,
2790 3655 2886 3708 καὶ
2928 3653 2989 3708 οὐ
3032 3653 3315 3722 φθείρεται
3346 3667 3360 3682 ·
3395 3649 3458 3702 τὸ
3479 3651 3536 3702 δὲ
3559 3648 3732 3718 φθαρ⁹

2161 3753 2274 3817 τὸν,
2297 3749 2582 3819 φθείρεται
2614 3746 2718 3798 ὑπὸ
2736 3744 2835 3814 τῆς
2859 3743 3062 3813 φθορᾶς
3081 3759 3094 3773 ο
3123 3741 3219 3795 καὶ
3245 3740 3306 3793 τὸ
3339 3739 3438 3810 μὲν
3467 3737 3722 3808 φθαρτὸν,

2160 3842 2408 3896 τουτέστι
2431 3840 2492 3892 τὸ
2527 3837 2909 3908 φθειρόμενον.

2234 3932 2333 4004 ξβυ.
2370 3931 2435 3984 ἸΙ
2459 3929 2558 3999 ὕλη
2589 3928 2811 3992 τίὲστι;
2840 3925 3084 3995 φθεῖρον,
3114 3923 3149 3993 ἢ
3177 3920 3372 3993 φθορὰ,
3406 3920 3440 3990 ἦ
3484 3916 3724 3988 φθαρτής

2163 4023 2342 4094 Φθορά
2415 4024 2514 4090 μὲν
2573 4018 2682 4089 γάρ
2712 4018 2906 4082 ἐστιν,
2940 4018 2974 4085 ἡ
3026 4013 3136 4067 τῶν
3170 4011 3443 4066 συνθέτων
3469 4009 3725 4070 διάλυσις.

2164 4114 2380 4185 Φθείρει
2409 4112 2486 4176 δὲ,
2516 4112 2544 4164 6
2572 4109 2670 4180 τὴν
2696 4106 2898 4178 φθορὰν
2943 4106 3164 4173 ἐπάγων
3191 4119 3205 4134 ·
3247 4101 3528 4172 φθείρεται
3565 4099 3642 4162 δὲ,
3673 4097 3730 4149 τὸ

2166 4204 2516 4274 διαλυόμενον
2549 4199 2829 4253 σύνθετον·
2865 4197 2961 4252 καὶ
2979 4196 3041 4250 τὸ
3072 4196 3170 4266 μὲν
3188 4193 3429 4265 φθεῖρον,
3459 4192 3557 4246 καὶ
3587 4190 3732 4259 φθει-

2173 4299 2418 4368 ρόμενον,
2440 4290 2618 4346 οὐσίαι
2671 4289 2831 4353 εἰσιν,
2873 4289 2909 4357 ὴ
2954 4285 3013 4340 δὲ
3043 4284 3241 4356 φθορά,
3276 4281 3644 4353 συμϐεϐηκὸς,
3677 4279 3732 4330 ὲν

469 4384 757 4442 .solvitur.
789 4384 954 4455 Atqui
990 4393 1105 4439 tum
1145 4384 1278 4438 illud
1311 4385 1456 4454 quod
1490 4385 1823 4454 corrumpit,
1855 4395 1970 4442 tum
2012 4389 2056 4444 id

2170 4389 2247 4459 τῷ
2269 4385 2494 4441 λύεσθαι
2543 4383 2614 4439 τὰ
2669 4380 2996 4436 συντεθέντα
3047 4377 3429 4448 θεωρουμένηι
3477 4373 3573 4427 καὶ
3615 4370 3731 4424 οὕτε

498 4477 645 4545 quod
675 4476 1068 4545 corrumpitur,
1100 4475 1426 4530 substantia:
1458 4483 1626 4530 sunt:
1660 4478 1944 4546 corruptio
1971 4493 2068 4534 au-

2167 4477 2621 4551 προϋπάρχουσα,
2675 4471 2798 4526 οὕτε
2831 4471 2972 4542 μετά
3015 4470 3077 4524 τὸ
3122 4468 3348 4538 λυθῆναι
3389 4463 3732 4534 διαμένουσα.

500 4577 612 4622 tem
644 4575 729 4622 est
761 4567 1040 4629 accidens,
1075 4571 1132 4619 ut
1153 4580 1274 4636 quae
1297 4564 1352 4620 in
1377 4565 1674 4636 compositi
1704 4566 2070 4625 dissolutione
2105 4568 2538 4625 consideretur:
2577 4577 2642 4618 ac
2675 4577 2856 4632 neque
2890 4570 3020 4615 ante
3045 4565 3152 4625 est,
3189 4569 3366 4626 neque
3437 4562 3567 4624 post
3625 4551 3734 4606 disp

501 4663 827 4720 solutionem
857 4669 1061 4717 manet.

571 4751 662 4803 65.
698 4750 970 4815 Quidnam
1024 4750 1193 4822 igitur
1231 4757 1315 4806 est
1357 4748 1630 4804 materia?
1681 4765 2064 4822 corrumpens,

504 4856 573 4896 an
618 4841 924 4908 corruptio,
975 4855 1043 4894 an
1093 4841 1434 4908 corruptioni
1477 4841 1773 4910 subjecta?
1831 4842 1889 4896 Si
1941 4858 2069 4898 cor-

505 4937 853 4999 rumpentem
885 4928 1166 4998 dixeritis,
1196 4946 1465 5000 quaeram,
1511 4932 1777 5000 quidnam
1821 4932 1911 4986 illa
1945 4946 2071 4986 cnr-

507 5027 750 5090 rumpat,
784 5019 890 5074 nisi
925 5019 1070 5074 forte
1114 5020 1350 5075 bonum?
1393 5022 1529 5075 nihil
1579 5023 1728 5078 enim
1775 5022 1924 5076 aliud
1950 5037 2072 5078 esse

509 5113 718 5174 dicitis,
758 5112 867 5166 nisi
923 5112 1208 5166 materiam
1263 5123 1316 5168 et
1372 5113 1600 5167 bonum.
1638 5112 1696 5166 Si
1751 5113 1861 5167 duo
1891 5121 2071 5178 erant,

512 5203 851 5273 materiaque
899 5201 1222 5271 corrumpit,
1285 5209 1338 5257 et
1388 5203 1568 5255 bonus
1607 5202 1772 5255 vitam
1807 5201 2074 5269 largitur,

475 5348 483 5350 _
513 5293 742 5348 materia
771 5291 994 5364 quidem
1026 5293 1323 5346 incolumis
1365 5303 1473 5358 est,
1509 5291 1688 5345 bonus
1723 5301 1907 5345 autem
1951 5306 2076 5346 cor-

512 5384 782 5452 rumpitur
813 5393 868 5439 et
895 5385 1107 5438 interit.
1139 5382 1296 5448 Quod
1339 5383 1386 5438 si
1437 5382 1542 5434 hoc
1589 5381 1864 5446 dixeritis,
1901 5390 2078 5437 mate-

492 5473 651 5526 riam
682 5476 920 5544 seipsam
949 5489 1324 5543 corrumpere,
1372 5473 1510 5526 illud
1545 5471 1709 5526 velim
1747 5473 1961 5537 sciatis,
1991 5473 2078 5527 ni-

517 5562 593 5614 hil
624 5577 748 5617 esse
778 5565 925 5633 quod
969 5580 1000 5617 a
1038 5564 1222 5632 scipso
1267 5569 1668 5631 corrumpatur.
1707 5561 1778 5616 Et
1822 5570 1990 5628 certe,
2029 5564 2074 5618 si

516 5651 754 5719 scipsam
784 5655 1192 5726 corrumpebat,
1217 5653 1330 5722 jam
1355 5655 1594 5724 seipsam
1619 5655 2077 5727 consumpsisset,

2160 4809 2166 4812 _
2211 4749 2338 4823 .gy.
2372 4744 2437 4798 Τί
2463 4737 2554 4797 οὖν
2583 4743 2730 4794 ἐστιν
2757 4741 2791 4811 ἡ
2868 4737 3002 4807 ὕλης
3042 4735 3362 4805 φθείρουσα,
3403 4733 3438 4804 ἢ
3473 4731 3670 4803 φθορὰ,
3703 4731 3736 4802 ἢ

2168 4837 2379 4908 φθαρτή
2404 4853 2419 4901 ;
2443 4835 2554 4888 Καὶ
2578 4834 2626 4885 εί
2666 4833 2763 4901 μὲν
2801 4829 3011 4897 εἴπητε,
3043 4830 3124 4882 ὃτι
3156 4826 3487 4897 φθείρουσα,
3534 4825 3739 4888 εἴπατε,

2167 4933 2218 4986 τί
2242 4929 2474 5000 φθείρει,
2509 4928 2556 4979 εἰ
2583 4930 2657 4995 μὴ
2682 4925 2743 4978 τὸ
2766 4921 3002 4990 ἀγαθόνς
3028 4920 3181 4974 οὐδὲν
3199 4919 3308 4988 γὰρ
3327 4918 3515 4984 λέγετε
3535 4917 3740 4984 ἓτερον,

2172 5023 2319 5092 εἰμὴ
2349 5022 2448 5092 τὴν
2481 5018 2635 5087 ὕλην,
2663 5017 2758 5070 καὶ
2788 5015 2880 5070 τὸν
2911 5012 3134 5082 ἀγαθόν.
3177 5011 3242 5065 El
3285 5006 3380 5064 οὖν
3439 5008 3533 5062 δύο
3582 5003 3740 5078 ἦσαν,

2177 5112 2391 5182 φθείρει
2445 5111 2478 5179 ὴ
2541 5105 2666 5177 ὕλη,
2715 5104 3092 5173 γενεσιουργεί
3128 5100 3186 5153 δὲ
3227 5102 3255 5152 6
3303 5097 3506 5165 ἀγαθός
3538 5114 3550 5125 ·
3580 5097 3614 5166 ἡ
3652 5095 3746 5165 μὲν

2180 5203 2279 5272 ὕλη
2314 5199 2646 5260 συνίσταται,
2686 5193 2967 5263 φθείρεται
3009 5190 3066 5244 δὲ
3103 5190 3197 5242 καὶ
3231 5188 3533 5243 ἀπόλλυται
3560 5187 3589 5239 6
3612 5189 3746 5253 ἀγα-

2181 5294 2299 5356 θός’
2354 5293 2404 5343 εί
2465 5289 2520 5343 δὲ
2553 5287 2752 5357 ἑαυτὴν
2797 5283 3029 5354 φθείρει,
3070 5279 3264 5349 γνῶτε,
3295 5280 3378 5333 ὅτι
3419 5279 3573 5332 οὐδέν
3604 5280 3746 5331 ἐστιν

2178 5382 2372 5438 ἑαυτοῦ
2409 5378 2704 5451 φθαρτικόν
2722 5393 2735 5407 ο
2767 5377 2882 5430 εἰδὲ
2901 5376 2995 5430 καὶ
3025 5375 3224 5446 ἑαυτὴν
3253 5371 3746 5443 ἑφθειρεν,ἀνήλω-

2181 5489 2270 5528 σεν
2296 5473 2360 5526 ἂν
2391 5469 2609 5539 ἑαυτὴν,
2637 5469 2731 5522 καὶ
2757 5469 2835 5532 εἰς
2891 5464 3233 5536 ἅνυπαρξίαν
3285 5464 3474 5536 ἠλασε.
3532 5463 3656 5526 Πῶς
3695 5460 3747 5514 δὲ

2186 5564 2279 5619 καὶ
2305 5563 2366 5616 τὸ
2386 5561 2757 5632 φθειρόμενον,
2791 5561 3058 5628 ἄναρχον;
3085 5557 3133 5609 εί
3162 5556 3218 5610 δὲ
3238 5556 3476 5629 φθαρτή,
3493 5556 3599 5609 ὑπὸ
3614 5555 3750 5616 τίνος

2190 5656 2488 5728 φθείρεται,
2521 5653 2569 5706 εἰ
2600 5652 2676 5725 μὴ
2711 5651 2814 5707 ὑπὸ
2853 5650 2945 5706 τοῦ
2977 5645 3220 5718 Maeci;
3262 5648 3358 5702 καὶ
3392 5646 3547 5702 ἔσται
3573 5647 3600 5700 6
3623 5648 3749 5715 ἀγα-
