3980 6140
275 351 295 412 1
308 352 404 414 557

1263 352 1642 414 DIALOGUS
1675 351 1974 412 CONTRA
2017 349 2496 412 MANICI—IAZOS.
2565 417 2569 434 ι

3377 356 3513 421 1558

265 462 376 529 θδς,
395 461 648 532 φθορεύς.
687 461 751 514 Ei.
777 459 833 513 δὲ
863 456 1042 530 φθορά
1076 460 1244 526 ἐστιν,
1285 462 1390 514 ὑπὸ
1419 462 1564 524 τίνος
1595 461 1841 532 ἐνεργεῖ-

1951 471 2109 531 atque
2146 463 2212 516 ad
2250 462 2489 516 nihilum
2540 463 2863 533 redegisset.
2899 463 3041 529 Quin
3073 465 3237 520 etiam
3270 465 3322 520 id
3360 467 3514 535 prin-

263 573 377 616 ται,
402 555 498 607 καὶ
524 553 703 618 ἔστινς
726 555 760 622 ἡ
786 553 894 620 γὰρ
918 552 1114 624 φθορὰ,
1157 553 1401 617 διάλυσίς
1455 557 1622 621 ἐστιν,
1656 555 1731 618 ὡς
1762 556 1840 608 ετ-

259 663 458 714 πομεν.
494 644 588 707 Τίς
615 643 708 697 οῦν
755 645 784 698 ὁ
835 642 1096 709 διαλῦων;
1125 643 1220 696 καὶ
1261 642 1313 694 τί
1353 642 1414 694 τὸ
1450 643 1802 713 διαλυόμενον
1820 661 1838 709 ,ς

260 736 386 790 Ὅτι
415 738 472 791 δὲ
502 739 562 790 οὐ
596 736 818 791 δύναται
869 738 901 805 ἡ
954 735 1051 804 ὕλη
1081 735 1256 806 φθορά
1295 732 1459 800 εἶναι,
1493 737 1589 790 xai.
1626 735 1838 809 φθαρτὴ

255 830 439 892 οὐσία,
474 828 724 883 ἐντεῦθεν
756 826 994 897 γνωστόν
1015 843 1026 855 ·
1060 829 1094 897 ὴ
1152 827 1252 896 μὲν
1280 827 1392 896 γὰρ
1432 826 1646 897 φθαρτὴ
1682 826 1840 880 οὐσία

258 924 583 993 προηγεῖται
600 921 696 974 καὶ⁹
721 917 1145 990 προῦφίσταται,
1165 917 1237 981 ὡς
1257 917 1576 972 συντεθεῖσα
1598 917 1837 971 ὑπόστα-

258 1031 371 1076 σις.
415 1013 481 1065 Ἦ
531 1013 588 1065 δὲ
644 1010 842 1081 φθορὰ,
903 1010 1209 1078 ἐπιγίνεται
1239 1008 1377 1079 μετά
1416 1008 1514 1078 τὴν
1559 1008 1834 1076 σύνθετον,

253 1103 462 1156 λύουσα
511 1103 580 1156 τὰ
636 1101 1043 1171 συντεθειμένα.
1073 1100 1196 1163 Πῶς
1225 1100 1282 1153 δὲ
1328 1101 1423 1153 καὶ
1457 1095 1525 1171 ἦν
1553 1100 1710 1152 οὐσία
1739 1101 1838 1170 τῆς

253 1193 425 1263 ὕλης,
488 1192 788 1265 σύνδρομον
849 1191 943 1246 καὶ
995 1191 1438 1262 συνουσιωμένην
1483 1190 1683 1263 ἔχουσα
1737 1193 1838 1264 τὴν

249 1287 466 1359 φθοράν
491 1306 506 1355 ;

247 1381 358 1445 dit,
405 1388 459 1436 et
483 1379 640 1451 prius
664 1379 904 1444 exsistit,
943 1379 1094 1435 velut
1161 1377 1469 1449 composita
1502 1375 1817 1431 substantia
1857 1393 1872 1430 :

1943 551 2075 620 cipii
2125 565 2324 621 expers
2370 565 2495 606 esse
2524 553 2737 621 nequit,
2787 553 2934 623 quod
2969 555 3371 624 corrumpitur.
3416 553 3514 610 Sin

1944 647 2129 692 autem
2159 654 2249 693 res
2273 646 2361 694 est
2393 641 2741 709 corruptioni
2791 642 3062 710 subjecta,
3095 655 3124 694 a
3157 657 3267 711 quo
3295 643 3514 698 tandem

1943 730 2344 800 corrumpitur,
2399 729 2512 786 nisi
2563 746 2593 785 a
2637 731 2828 786 bono?
2882 731 2955 786 lta
3001 733 3182 788 bonus
3221 742 3517 802 corruptor

1942 821 2072 875 erit.
2117 819 2217 875 Sin
2263 820 2504 890 denique
2549 821 2832 891 corruptio
2864 831 2968 887 est,
3001 837 3030 875 a
3072 837 3315 892 quonam
3353 822 3517 878 elﬁci-

1943 922 2056 978 tur,
2088 921 2145 968 et
2179 913 2299 968 est?
2323 913 2608 983 corruptio
2641 914 2813 978 enim,
2857 921 2916 968 ut
2958 915 3222 982 diximus,
3269 915 3518 971 dissolu-

1945 1005 2024 1060 tio
2051 1013 2156 1061 est.
2191 1005 2458 1071 Quisnam
2494 1013 2579 1061 est
2635 1006 2823 1082 igitur.
2857 1007 2952 1076 qui
2992 1008 3270 1074 dissolvit,
3298 1016 3360 1064 et
3386 1009 3519 1079 quid

1945 1099 2091 1168 quod
2129 1098 2495 1154 dissolvitur?
2533 1097 2679 1167 quod
2723 1107 2908 1153 autem
2956 1100 3188 1154 materia
3235 1102 3520 1170 corruptio

1943 1207 2053 1246 non
2085 1193 2176 1258 sit,
2209 1207 2308 1246 nec
2335 1190 2718 1261 corruptibilis
2750 1192 3087 1254 substantia.
3121 1192 3250 1248 hinc
3281 1192 3518 1263 perspici

1945 1290 2146 1354 potest.
2186 1283 2471 1352 Siquidem
2525 1282 2904 1353 corruptibilis
2955 1284 3269 1338 substantia
3314 1297 3519 1354 praece-

1949 1376 2235 1446 corruptio
2295 1383 2474 1430 autem
2535 1387 2663 1446 post
2733 1377 3196 1446 compositionem
3285 1374 3516 1430 accedit.

246 1468 572 1524 dissolvens
623 1483 686 1523 ea
743 1483 868 1538 qua:
907 1477 1040 1524 sunt
1091 1469 1422 1538 composita.
1469 1466 1615 1532 Quin
1647 1472 1701 1521 et
1736 1466 1839 1520 hoc
1875 1480 2088 1537 quaero,
2124 1480 2367 1534 quonam
2412 1474 2574 1536 pacto
2605 1455 2726 1522 erat
2757 1467 3004 1522 materia:
3071 1467 3404 1531 substantia,
3445 1467 3518 1520 si-

247 1561 482 1630 quidem
519 1560 776 1615 comitem
809 1575 874 1614 ac
907 1560 1014 1615 sibi
1049 1567 1369 1615 concretam
1417 1557 1838 1627 corruptionem
1877 1557 2160 1612 habebat?
3162 1570 3163 1573 ‘

334 1647 480 1700 Ἀλλ’
539 1649 672 1711 ἴσως
723 1649 934 1718 ἐρεῖτε,
986 1648 1068 1700 ὅτι
1115 1642 1185 1717 ἦν
1248 1663 1378 1700 ποτε
1429 1646 1532 1698 οὐκ
1585 1644 1837 1716 ἐνεργείᾳ

2012 1646 2081 1700 At
2132 1644 2369 1700 fortasse
2433 1648 2730 1716 reponetis,
2793 1647 2968 1703 fuisse
3028 1647 3347 1717 aliquando,
3395 1661 3519 1700 cum

249 1737 459 1807 φθορὰ,
509 1738 646 1792 ἀλλά
691 1738 950 1807 δυνάμει·
992 1737 1195 1806 ὁμοίως
1238 1737 1333 1790 καὶ
1374 1735 1631 1806 φθαρτόν.
1675 1733 1837 1787 Ἀλλά

249 1828 458 1896 γνῶτε,
493 1832 577 1884 ὅτι
610 1831 671 1884 τὸ
704 1832 804 1902 μὲν
834 1827 972 1883 εἷναι
1001 1829 1320 1899 φθαρτικὸν,
1354 1828 1388 1898 ἢ
1420 1827 1832 1898 δημιουργικὸν,

258 1925 435 1994 μήπω
459 1923 514 1976 δὲ
539 1925 783 1993 ἐνεργεῖν
835 1922 932 1993 τὴν
973 1922 1201 1991 φθορὰν,
1243 1921 1404 1992 ἢτὴν
1449 1921 1832 1992 δημιουργίαν,

255 2014 353 2068 διὰ
377 2015 438 2066 τὸ
476 2014 550 2084 μὴ
595 2013 856 2068 δύνασθαι
914 2013 983 2066 τὰ
1019 2012 1370 2084 φθειρόμενα,
1405 2013 1438 2082 ἢ
1470 2011 1836 2082 δημιουργού-

261 2124 410 2177 μενα
444 2106 686 2158 συναϊδια
712 2100 852 2158 εἶναι
884 2103 962 2173 τῷ
1005 2103 1302 2173 φθείροντι,
1329 2103 1363 2173 ἢ
1394 2102 1839 2174 δημιουργοῦντι,

259 2195 485 2267 ἀληθές.
523 2194 662 2249 Ἀλλ’
701 2195 859 2264 ὑμεῖς
909 2194 1062 2247 οὐδὲν
1119 2195 1184 2246 ἐκ
1230 2193 1323 2246 τοῦ
1366 2192 1439 2264 μὴ
1483 2193 1636 2257 ὄντος
1680 2194 1760 2256 είς
1781 2192 1842 2245 τὸ

259 2285 407 2340 εἶναι
461 2285 809 2356 παραχθῆναι
857 2286 1064 2354 λέγετε,
1116 2287 1231 2340 ἀλλ’
1277 2286 1450 2358 αὐτὴν
1478 2287 1675 2358 ἑαυτῆς
1701 2283 1842 2342 εῖναι

264 2379 372 2448 τὴν
405 2377 601 2431 κακίαν
631 2378 936 2450 φθαρτικὴν
964 2379 1058 2433 καὶ
1093 2379 1457 2450 ἀναλωτικήν.
1479 2379 1644 2432 Ὥστε
1674 2379 1843 2452 αὐτὴν

260 2468 492 2537 δυνάμει
550 2467 781 2538 ἔχουσαν
835 2470 895 2523 τό
960 2486 1020 2522 τε
1066 2470 1310 2540 φθείρειν
1359 2469 1451 2522 καὶ
1501 2469 1843 2541 φθείρεσθαι,

265 2559 366 2612 καὶ
423 2560 522 2612 οὐκ
574 2559 863 2631 ἐνεργείᾳ·
922 2559 1120 2631 ἀτελὴς
1171 2555 1286 2614 οῦν.
1321 2560 1393 2613 Τὸ
1418 2559 1476 2613 δὲ
1519 2561 1580 2626 ἐξ
1620 2561 1842 2624 ἀτελοῦς

265 2651 578 2720 προκόπτον
611 2654 690 2715 είς
741 2651 1073 2723 τελειότητα,
1115 2653 1214 2706 οὐκ
1261 2651 1526 2723 ἄναρχον·
1561 2653 1610 2705 sl.
1638 2651 1749 2723 γὰρ
1784 2651 1845 2705 τὸ

266 2739 556 2808 ἄτρεπτον,
592 2741 847 2811 ἄναρχον,
877 2741 939 2793 τὸ
966 2740 1328 2811 τρεπόμενον,
1362 2743 1462 2794 οὐκ
1491 2739 1748 2812 ἄναρχον.

1942 1737 2230 1805 corruptio
2267 1745 2428 1801 esset,
2463 1752 2572 1791 non
2598 1745 2746 1802 actu,
2785 1739 2878 1793 sed
2919 1737 3165 1807 potentia
3208 1739 3518 1792 duntaxat:

1940 1826 2100 1899 553
2131 1828 2373 1898 itemque
2397 1828 2542 1898 quod
2576 1829 2858 1899 corrumpi
2909 1837 3093 1883 natum
3139 1834 3284 1883 erat.
3320 1827 3519 1883 Verum

1946 1918 2082 1972 illud
2115 1919 2261 1974 scire
2291 1934 2389 1974 vos
2420 1920 2568 1983 volo,
2613 1935 2643 1974 a
2686 1936 2820 1974 vero
2852 1921 3074 1990 quidem
3111 1919 3247 1974 illud
3280 1935 3389 1974 non
3427 1917 3526 1972 ab-

1947 2010 2203 2077 horrere,
2269 2021 2329 2066 ut
2380 2013 2587 2082 aliquid
2637 2010 3028 2082 corrumpendi
3074 2018 3129 2065 et
3190 2007 3521 2080 procreandi

1947 2104 2056 2157 vim
2090 2104 2317 2168 habeat,
2352 2103 2586 2158 necdum
2624 2110 2806 2156 tamen
2838 2109 2898 2154 ut
2936 2100 3119 2170 reipsa
3153 2113 3373 2170 semper
3399 2113 3522 2152 cor-

1945 2202 2166 2265 rumpat
2193 2203 2290 2249 aut
2323 2203 2506 2250 creet:
2540 2193 2690 2265 quod
2726 2192 2984 2248 videlicet
3020 2206 3083 2247 ea
3117 2206 3240 2262 quae
3269 2205 3523 2245 corrum-

1950 2295 2156 2359 puntur
2185 2296 2239 2343 et
2269 2295 2547 2353 creantur,
2574 2287 2822 2357 ejusdem
2853 2302 2979 2342 cum
3009 2286 3129 2355 ipso
3153 2285 3248 2356 qui
3278 2297 3522 2340 corrum-

1946 2380 2027 2451 pit
2056 2389 2110 2434 et
2137 2389 2308 2446 creat,
2352 2379 2684 2435 aeternitatis
2735 2394 2862 2435 esse
2906 2393 3015 2433 non
3045 2378 3279 2447 possint.
3322 2378 3393 2429 At
3425 2388 3524 2430 vos

1946 2472 2084 2526 nihil
2118 2472 2292 2526 nihilo
2322 2471 2649 2542 productum
2683 2485 2807 2526 esse
2841 2471 3060 2536 dicitis;
3093 2484 3283 2525 verum
3317 2467 3521 2523 malum

1946 2559 2126 2629 ipsum
2149 2559 2422 2630 ejusmodi
2452 2574 2598 2623 esse,
2626 2567 2688 2614 ut
2710 2559 2955 2629 seipsum
2991 2563 3314 2626 corrumpat
3348 2563 3402 2610 et
3425 2554 3524 2610 ab-

1945 2661 2149 2705 sumat.
2185 2651 2306 2716 Quo
2345 2650 2407 2705 ﬁt
2434 2662 2494 2706 ut
2545 2652 2781 2706 materia
2824 2651 3161 2721 quandoque
3189 2649 3244 2704 id
3287 2647 3522 2714 habens,

1950 2748 2012 2794 ut
2063 2743 2306 2810 potentia
2363 2749 2605 2808 tantum,
2649 2757 2757 2796 non
2792 2749 2918 2797 actu
2960 2750 3301 2811 corrumpat,
3357 2746 3526 2810 atque

268 2843 684 2904 corrumpatur,
717 2834 1043 2905 imperfecta
1089 2842 1260 2890 esset.
1315 2833 1452 2888 lllud
1485 2849 1656 2904 porro
1697 2834 1846 2904 quod
1885 2851 1951 2891 ex
1993 2837 2317 2908 imperfecto
2349 2838 2418 2894 ad
2458 2838 2763 2908 perfectum
2793 2837 3032 2908 proﬁcit,
3100 2835 3359 2907 principii
3427 2851 3526 2890 εχ.

269 2944 398 2998 pers
424 2945 530 2983 non
553 2935 658 2983 est.
697 2927 829 2982 Nam
861 2917 907 2985 si
940 2928 1086 2998 quod
1118 2930 1477 2985 mutationem
1511 2930 1720 2985 nullam
1751 2931 2012 2998 admittit,
2047 2935 2321 3007 principio
2387 2943 2562 3000 caret,
2633 2935 2755 3006 ejus
2821 2941 2972 2990 certe
3012 2948 3212 3004 expers
3261 2947 3374 2988 non
3445 2939 3529 2987 est

271 3022 329 3076 id
361 3022 416 3075 in
443 3021 589 3091 quod
621 3021 856 3075 mutatio
894 3021 1061 3076 cadit.

343 3113 455 3167 Καὶ
488 3112 652 3165 πάλιν
679 3128 692 3141 ·
728 3112 782 3165 τί
806 3113 1022 3182 πρῶτον
1065 3113 1166 3184 τῆς
1199 3111 1368 3184 ὖλης;
1401 3114 1434 3182 ή
1470 3113 1626 3166 οὐσία
1647 3113 1837 3181 αὐτῆς,

2017 3113 2096 3168 Ac
2121 3125 2345 3167 rursum
2375 3129 2389 3164 :
2413 3110 2544 3180 quid
2579 3113 2814 3182 primum
2837 3118 2920 3166 est
2949 3110 3003 3163 in
3039 3109 3309 3164 materia?
3335 3107 3529 3178 ejusne

271 3205 366 3277 ἦῆ
401 3205 576 3275 φθορά
609 3203 758 3272 ;Ka\
797 3206 846 3257 εί
885 3203 984 3274 μὲν
1031 3205 1064 3276 ἡ
1104 3205 1301 3277 φθορὰ,
1356 3205 1615 3260 ἀδύνατον
1677 3205 1848 3273 αὐτὴν

273 3297 516 3368 ὑπάρξαι
536 3296 644 3366 πρὸ
672 3295 766 3350 τοῦ
797 3291 939 3350 εἶναι
961 3296 1421 3368 ἀναλισκομὲνην.
1448 3299 1509 3351 El
1537 3299 1592 3351 δὲ
1627 3299 1659 3368 ὴ
1690 3296 1848 3350 οὐσία

271 3386 444 3457 αὐτῆς
501 3386 820 3458 προῦπῆρξε
870 3388 970 3458 τῆς
1014 3387 1243 3458 φθορᾶς,
1289 3389 1448 3441 οὐσία
1496 3387 1695 3458 μᾶλλον
1756 3387 1850 3440 καὶ

274 3477 506 3548 ῦπαρξίς
538 3479 673 3546 ἐστι,
697 3477 791 3530 καὶ
818 3478 879 3532 οῦ
911 3478 1086 3548 φθορά
1117 3494 1130 3509 ·
1170 3479 1261 3531 καὶ
1287 3474 1354 3550 ἦν
1384 3478 1662 3547 ἀφθᾳρσία
1694 3477 1844 3543 ποτὲ,

277 3569 353 3640 μὴ
392 3569 590 3639 ἔχουσα
625 3569 872 3622 ἐναντίαν
897 3569 996 3639 τὴν
1027 3568 1254 3639 φθορὰν,
1282 3569 1375 3623 καὶ
1404 3569 1503 3622 οὐκ
1533 3569 1769 3639 ἄναρχος
1813 3569 1848 3638 ή

278 3660 474 3731 φθορά.
508 3662 570 3713 Et
602 3661 659 3714 δὲ
688 3661 774 3713 ἀεὶ
795 3655 911 3731 ἦνή
940 3659 1098 3712 οὐσία
1127 3660 1300 3729 αὐτῆς
1324 3659 1694 3714 ἀναλίσκουσα
1720 3658 1848 3710 ἐαυ-

273 3751 390 3823 τὴν,
423 3752 539 3815 πῶς
564 3753 846 3823 προήγαγε
877 3753 1003 3814 τοὺς
1035 3751 1278 3823 καρπούς
1318 3769 1333 3819 ;
1381 3751 1445 3807 Et
1477 3750 1719 3822 μερικῶς
1757 3749 1852 3802 ἀν-

273 3845 498 3914 ήλισκεν
527 3885 541 3908 ,
587 3844 647 3896 οὐ
700 3843 979 3904 παντελῶς
1036 3842 1346 3912 φθαρτικὴ,
1399 3843 1520 3896 οὐδὲ
1571 3842 1853 3905 παντελῶς

274 3934 510 4005 φθαρτὴ,
556 3934 615 3986 οὐ
650 3932 850 3995 τελέως
884 3933 1051 4002 κακή.
1086 3933 1149 3984 Εἰ
1179 3918 1235 3984 δὲ
1266 3932 1475 4002 φθαρτὴ
1504 3932 1656 3997 οῦσα,
1682 3933 1855 3986 ἐπαύ-

275 4042 405 4078 σατο
431 4024 525 4076 τοῦ
549 4024 748 4093 ἑαυτὴν
780 4024 1043 4093 φθείρειν,
1072 4024 1104 4092 ἢ
1137 4022 1304 4075 κακὸν
1353 4022 1415 4075 τὸ
1463 4022 1708 4092 φθείρειν
1757 4017 1854 4077 καὶ

273 4116 338 4168 ἐκ
370 4113 539 4167 κακοῦ
580 4115 660 4176 είς
694 4113 897 4182 ἀγαθὸν
927 4113 1141 4182 ἐτράπη
1166 4113 1236 4182 ’ἢ
1267 4112 1468 4181 ἀγαθὸν
1497 4113 1558 4165 τὸ
1586 4112 1848 4184 φθείρειν,

275 4205 369 4258 καὶ⁹
387 4201 445 4269 ἐξ
473 4202 676 4272 ἀγαθοῦ
695 4203 883 4271 γέγονε
903 4205 1068 4273 κακή.
1102 4203 1212 4272 Είή
1239 4202 1337 4273 ὕλη
1367 4202 1555 4268 κακία,
1577 4203 1772 4274 ἑαυτὴν
1795 4205 1852 4258 δὲ

276 4295 550 4366 ἔφθειρεν,
585 4293 764 4364 ἀγαθή
803 4310 817 4324 ·
857 4295 917 4347 τὸ
945 4294 1052 4365 γὰρ
1083 4295 1300 4365 φθεῖρον
1327 4294 1388 4347 τὸ
1413 4293 1599 4358 κακόν,
1626 4295 1848 4382 ἀγαθόν.

1955 3204 2289 3268 substantia,
2327 3218 2396 3257 an
2428 3203 2755 3272 corruptio?
2801 3201 2860 3256 Si
2911 3201 3218 3269 corruptio,
3257 3200 3530 3254 exsistere

1955 3311 2075 3352 eam
2139 3295 2485 3365 impossibile
2531 3303 2642 3358 est,
2679 3302 2740 3346 ut
2781 3308 2905 3362 quas
2953 3299 3248 3360 antequam
3284 3290 3359 3344 sit
3402 3303 3529 3344 cor-

1955 3393 2266 3456 rumpatur.
2313 3384 2408 3439 Sin
2443 3393 2627 3439 autem
2660 3384 2838 3452 ipsius
2875 3380 3182 3437 substantia
3217 3379 3530 3451 corruptio-

1955 3494 2081 3536 nem
2135 3463 2458 3542 antecessit,
2512 3478 2823 3532 substantia
2884 3475 3069 3546 potius
3101 3482 3158 3530 et
3208 3474 3529 3530 exsistentia

1955 3579 2060 3638 est,
2095 3585 2258 3640 quam
2299 3568 2629 3639 corruptio:
2687 3577 2854 3638 atque
2898 3568 2980 3621 ita
3029 3565 3529 3636 incorruptibilitas

1956 3664 2233 3735 quondam
2269 3671 2412 3725 erat,
2451 3660 2791 3716 contrariam
2839 3659 3252 3729 corruptionem
3283 3673 3392 3712 non
3428 3656 3528 3710 ha-

1957 3756 2113 3822 bens,
2155 3768 2255 3808 nec
2283 3751 2516 3824 proinde
2570 3750 2829 3822 principii
2881 3764 3078 3820 expers
3105 3756 3192 3804 est
3219 3747 3524 3816 corruptio.

1953 3843 2050 3898 Sin
2082 3851 2266 3898 autem
2297 3843 2545 3898 materiae
2574 3843 2907 3906 substantia,
2940 3856 3066 3896 cum
3099 3855 3317 3910 semper
3351 3847 3524 3902 esset,

1951 3947 2012 3987 se
2045 3933 2436 3996 consumebat,
2467 3947 2706 4001 quonam
2750 3939 2916 4001 pacto
2959 3931 3170 3986 fructus
3220 3929 3528 4001 produxit?

1952 4023 2000 4080 si
2041 4025 2224 4094 aliqua
2262 4031 2476 4078 tantum
2508 4039 2575 4079 ex
2613 4031 2772 4094 parte
2800 4024 3192 4088 consumebat;
3239 4038 3372 4094 ergo
3403 4036 3530 4075 cor-

1959 4115 2249 4185 rumpendi
2296 4117 2405 4170 vim
2437 4131 2546 4171 non
2577 4116 2728 4170 omni
2761 4132 2828 4171 ex
2861 4124 3015 4185 parte
3041 4115 3305 4178 habebat,
3337 4127 3438 4168 nec
3470 4113 3528 4166 in

1959 4218 2078 4259 eam
2103 4205 2254 4259 omni
2285 4220 2353 4260 ex
2386 4214 2540 4275 parte
2578 4205 2864 4275 corruptio
2914 4203 3168 4269 cadebat,
3216 4218 3320 4258 nec
3367 4202 3526 4256 deuia

1959 4311 2064 4366 que
2093 4295 2241 4350 omni
2268 4303 2421 4366 parte
2451 4297 2591 4349 mala
2636 4305 2772 4350 erat.
2810 4294 2908 4349 Sin
2955 4304 3135 4349 autem
3165 4309 3288 4348 cum
3318 4294 3375 4348 in
3405 4308 3527 4348 eam

277 4386 555 4453 corruptio
581 4386 821 4450 caderet,
851 4387 971 4456 ipsa
1004 4401 1126 4442 sese
1159 4400 1516 4455 corrumpere
1544 4385 1730 4451 desiit,
1755 4393 1848 4439 aut
1887 4386 2094 4439 malum
2129 4392 2214 4441 est
2237 4400 2618 4454 corrumpere,
2653 4395 2818 4455 atque
2851 4386 2926 4440 ita
2973 4401 3042 4440 ex
3110 4384 3255 4438 malo
3305 4383 3364 4438 in
3427 4382 3528 4437 bo-

279 4492 410 4530 num
444 4484 653 4530 mutata
675 4485 802 4532 est:
843 4485 936 4531 aut
985 4477 1188 4532 bonum
1226 4485 1312 4531 est
1351 4492 1731 4547 corrumpere,
1763 4483 1930 4546 atque
1989 4476 2066 4530 ita
2115 4491 2182 4532 ex
2231 4477 2374 4530 mala
2426 4477 2570 4532 bona
2614 4477 2760 4532 facta
2801 4486 2909 4533 est.
2987 4475 3045 4530 Si
3113 4475 3343 4532 materia
3408 4489 3527 4530 ma-

276 4567 389 4619 lum
435 4573 541 4633 est,
593 4582 714 4632 cur,
775 4565 824 4621 si
877 4566 1115 4636 seipsaru
1179 4567 1590 4636 corrumpebat,
1659 4565 1885 4619 minime
1959 4565 2102 4620 bona
2158 4567 2271 4621 sit?
2320 4567 2455 4622 illud
2505 4568 2652 4624 enim
2717 4582 2828 4639 quo
2873 4567 3080 4621 malum
3127 4565 3526 4636 corrumpitur,

276 4661 439 4728 plane
465 4657 668 4712 bonum
699 4665 802 4712 est.

346 4751 458 4805 Kai.
486 4750 648 4804 πάλιν
675 4753 865 4804 εἴπατε
891 4768 906 4782 ·
940 4753 973 4822 ἠ
1004 4750 1104 4822 ῦλη
1143 4751 1257 4820 φῶς
1292 4747 1381 4822 ἦν,
1412 4751 1446 4822 ἢ
1489 4753 1712 4819 σκότος;
1752 4751 1845 4805 καὶ

2021 4747 2102 4801 Ac
2135 4761 2330 4802 rursus
2363 4745 2498 4800 illud
2529 4763 2542 4801 :
2600 4744 2830 4800 materia
2875 4745 3043 4800 luxue
3072 4753 3213 4810 erat,
3260 4759 3329 4800 an
3381 4753 3532 4802 tene-

277 4843 326 4897 εί
350 4843 447 4914 μὲν
472 4841 624 4911 φῶς,
676 4843 775 4912 τῆς
806 4840 994 4904 οὐσίας
1042 4842 1138 4894 τοῦ
1174 4841 1382 4910 ἀγαθοῦ
1415 4857 1430 4872 ·
1480 4843 1574 4896 καὶ
1609 4843 1719 4896 ἰδοὺ
1751 4843 1851 4911 μία

278 4931 437 5003 ἀρχὴ,
465 4932 560 4984 καὶ
584 4932 644 4983 οὐ
664 4931 774 4985 δύο.
804 4931 864 4982 Εἰ
881 4931 937 4984 δὲ
955 4931 1168 4995 σκότος,
1187 4932 1303 4996 πῶς
1328 4931 1388 4985 τὸ
1405 4933 1594 4996 σκότος
1618 4923 1847 5002 θεωρεϊς

281 5022 344 5076 Et
376 5021 486 5091 γὰρ
517 5023 730 5092 θεωρεῖ,
765 5021 881 5089 φῶς
913 5020 1026 5091 ἔχει
1049 5037 1064 5052 '
1107 5023 1155 5074 εί
1195 5021 1252 5074 δὲ
1293 5022 1392 5075 οὐκ
1423 5022 1536 5092 ἔχει
1565 5022 1701 5090 φῶς,
1750 5037 1848 5074 τυ-

281 5110 410 5176 φλόν
443 5113 579 5166 ἐστι.
614 5112 722 5164 Καὶ
751 5112 867 5174 πῶς
895 5107 1004 5164 εἶδε
1029 5112 1090 5164 τὸ
1125 5111 1240 5180 φῶς
1272 5129 1285 5177 ;
1316 5112 1433 5174 πῶς
1461 5113 1516 5165 δὲ
1547 5115 1640 5166 καὶ
1661 5113 1852 5175 σκότος

281 5200 434 5255 ἔσται
465 5201 522 5253 ἐν
565 5200 642 5270 τῷ
680 5201 948 5272 φωτεινῷ,
997 5203 1091 5254 καὶ
1119 5202 1180 5254 οὐ
1219 5201 1512 5271 λυθήσεται
1543 5219 1556 5268 ;
1587 5202 1619 5273 ἦ
1656 5222 1674 5254 ι
1723 5201 1853 5257 ποία

282 5290 534 5344 κοινωνία
563 5294 701 5359 φωτὶ
733 5293 869 5362 πρὸς
921 5293 1110 5358 σκότος
1143 5310 1157 5358 ;
1196 5313 1214 5346 ι

354 5465 463 5520 Kai.
495 5465 656 5519 πάλιν
694 5482 708 5496 ·
733 5468 767 5536 ἡ
791 5465 889 5536 ὖλη
913 5467 1097 5540 ἓξι;,ἢ
1138 5469 1196 5523 οῦ
1223 5488 1238 5536 ;
1271 5472 1366 5524 καὶ
1391 5471 1440 5524 εί
1471 5473 1568 5541 μὲν
1597 5473 1695 5543 οὐχ
1717 5473 1847 5539 ἕξις,

281 5555 398 5619 πῶς
419 5556 643 5626 ἐκινήθη
679 5572 694 5621 ;
725 5557 838 5610 Πᾶν
867 5558 974 5629 γὰρ
1011 5559 1073 5611 τὸ
1101 5559 1174 5630 μὴ
1212 5560 1334 5630 ἔχον
1371 5561 1538 5630 ζωὴν,
1573 5563 1849 5634 ἀκίνητον.

281 5647 344 5702 Εἰ
372 5647 428 5699 δὲ
445 5645 625 5716 Emi)
649 5647 706 5712 ἐξ
723 5648 889 5719 αὐτῆς
912 5649 1023 5719 ἔχει
1045 5651 1141 5722 τὴν
1165 5650 1327 5721 ζωὴν,
1352 5653 1383 5721 ἥ
1409 5653 1699 5724 ἀλλαχόθεν
1723 5654 1846 5725 ἔσχε

357 5737 396 5767 ³³
434 5736 472 5790 l!
527 5735 650 5792 Cor.
697 5755 768 5804 vi,
796 5741 847 5793 ι.

1951 4835 2097 4892 bra}?
2125 4835 2174 4890 si
2204 4835 2319 4897 lux,
2353 4849 2420 4888 ex
2452 4834 2580 4888 boni
2615 4834 2782 4903 igitur
2811 4834 3119 4889 substantia
3151 4844 3270 4889 erat
3296 4852 3311 4890 :
3341 4834 3530 4906 sicque

1954 4943 2064 4982 non
2096 4927 2207 4980 duo
2283 4925 2557 4995 principia
2599 4933 2749 4988 sunt,
2806 4925 2902 4980 sed
2941 4941 3136 4980 unum.
3193 4925 3289 4980 Sin
3345 4935 3527 4982 autem

1949 5017 2214 5083 tenebrae,
2245 5030 2482 5086 quonam
2519 5023 2681 5086 pacto
2737 5017 2930 5071 vident
2961 5018 3243 5072 tenebrae?
3297 5032 3422 5070 nam
3483 5016 3527 5068 si

1949 5108 2162 5174 vident,
2200 5108 2379 5162 lucem
2414 5107 2653 5174 habent;
2697 5107 2743 5161 si
2793 5108 2915 5163 luce
2950 5118 3160 5172 carent,
3187 5121 3343 5162 car-cae
3373 5112 3524 5159 sunt.

1952 5199 2190 5266 Quinam
2245 5200 2422 5254 lucem
2486 5199 2787 5255 viderunt?
2837 5213 3077 5268 quanam
3129 5198 3260 5252 item
3313 5197 3529 5251 ratione

1950 5294 2193 5348 tenebrae
2225 5293 2280 5347 in
2305 5293 2488 5346 lucido
2522 5302 2706 5357 erunt,
2741 5305 2844 5347 nec
2874 5290 3193 5346 solventur?
3219 5299 3312 5344 aut
3347 5307 3366 5341 ι
3405 5305 3528 5359 quae

1951 5385 2188 5440 societas
2216 5385 2324 5440 luci
2358 5385 2425 5438 ad
2457 5384 2710 5438 tenebras
2743 5384 2786 5413 “
2816 5383 2838 5435 ?
2869 5402 2887 5432 ι

2020 5474 2310 5536 Ρνιειειειι,
2373 5472 2599 5526 materia
2646 5471 2729 5524 vel
2776 5470 2997 5525 habitus
3050 5479 3154 5537 cst,
3188 5470 3272 5524 vel
3303 5485 3432 5525 non.
3470 5471 3528 5526 Si

1950 5580 2063 5618 non
2099 5571 2182 5619 est
2216 5563 2460 5627 habitus,
2497 5578 2609 5632 quo
2643 5573 2804 5632 pacto
2836 5571 3044 5616 motum
3089 5562 3315 5617 habuit?
3351 5562 3526 5628 Quid—

1958 5655 2086 5726 quid
2116 5655 2259 5711 cnim
2286 5655 2396 5709 vita
2427 5661 2597 5722 caret,
2633 5654 2925 5724 ncquidem
2971 5662 3150 5724 potest
3195 5670 3255 5711 se
3287 5669 3523 5711 movere.
