3980 6140
539 290 678 358 1559
1706 304 1767 362 S.
1806 304 2082 367 JOANNI

2202 308 2596 370 IAMASCENI
3680 316 3802 378 1561]

535 409 594 462 Si
631 417 814 462 autem
871 407 1096 462 habitus
1144 415 1239 462 aut
1297 423 1363 464 ex
1420 425 1480 466 se
1541 411 1709 466 vitam
1765 414 1952 479 habet,
2015 431 2082 470 au

2215 418 2310 489 τὴν
2337 420 2503 492 ζωὴν,
2533 422 2566 493 ἤ
2591 423 2656 476 ὲκ
2683 422 2776 478 τοῦ
2804 425 3031 494 ἀγαθοῦ.
3069 428 3181 482 Kal
3215 428 3331 492 πῶς
3354 429 3568 497 ἀγαθὸς
3596 432 3631 483 ὁ
3661 430 3804 495 ζωῶ-

531 499 756 556 aliunde
777 543 792 567 ,
830 501 913 555 vel
952 503 1119 556 etiam
1145 517 1176 556 a
1206 501 1374 558 bono.
1429 502 1531 570 Qui
1581 519 1750 574 porro
1771 507 1952 565 bonus
1981 527 2085 566 εδει

2215 529 2314 577 σας
2357 513 2454 585 τὴν
2479 516 2676 569 κακίαν
2708 532 2723 582 ;
2753 518 2802 570 εἰ
2840 518 2898 571 δὲ
2950 517 3010 583 ἐξ
3038 520 3221 587 ἄλλου,
3270 521 3372 576 οὐκ
3407 522 3640 576 ἔσονται
3695 523 3798 587 δύο,

530 601 717 662 queat,
751 593 848 663 qui
881 593 1028 648 malo
1078 594 1246 649 vitam
1293 595 1545 652 dederit?
1589 599 1676 654 sin
1713 616 1844 656 vero
1873 603 1943 658 ab
1973 605 2082 660 alio

2214 605 2352 660 ἁλλά
2388 611 2560 678 τρεῖς.

524 681 640 750 jam
678 694 790 734 non
820 680 952 744 duo,
990 681 1086 736 sed
1116 682 1221 737 tria
1252 685 1526 756 principia
1550 697 1735 747 erunt.

601 770 684 825 Ad
717 771 857 837 haec,
914 760 1147 828 materia
1203 774 1285 829 vel
1327 792 1393 833 ex
1442 793 1503 834 se
1533 779 1696 835 habet
1749 789 1807 836 ut
1839 785 2085 858 principii

2281 783 2394 836 Kal
2431 783 2595 837 πάλιν
2631 802 2645 815 ·
2684 787 2718 852 ἡ
2771 784 2870 856 ὕλη
2905 785 2997 854 ἀφ’
3035 786 3235 855 ἑαυτῆς
3269 781 3339 858 ἦν
3389 786 3662 858 ἄναρχος,
3690 784 3725 856 ἦ
3753 789 3800 853 ἐξ

527 868 740 926 careat,
772 863 858 916 vel
891 861 960 916 ab
983 863 1092 918 alio
1124 864 1269 918 facta
1301 875 1408 922 est.
1432 866 1716 938 Siquidem
1746 874 1814 928 ab
1834 876 1942 929 alio
1967 875 2085 932 facu

2209 874 2372 929 ἄλλου
2403 875 2640 943 ἐγένετο.
2666 876 2776 929 Kal
2809 877 2858 928 εὶ
2882 877 2982 946 μὲν
3011 877 3071 944 ἐξ
3095 877 3256 932 ἄλλου
3291 879 3542 946 ἐγένετο,
3574 880 3687 932 οὐκ
3715 881 3800 932 ἆν-

527 958 635 1015 est,
669 950 927 1021 principii
983 967 1182 1023 expers
1214 969 1321 1008 non
1365 964 1472 1011 est.
1508 956 1606 1011 Siti
1639 968 1820 1015 autem
1853 965 2085 1036 principi

2214 983 2403 1036 αρχος.
2435 965 2498 1018 Et
2522 967 2579 1020 δὲ
2607 968 2844 1038 ἄναρχος
2880 963 2971 1039 ἦν,
3008 969 3240 1022 πάντοτε
3269 965 3385 1039 εἶχε
3410 970 3473 1022 τὸ
3500 964 3676 1035 εἶναι,
3714 973 3799 1024 καὶ

525 1056 722 1110 expers
754 1049 893 1108 erat,
929 1058 1146 1112 semper
1179 1044 1369 1099 habuit
1422 1057 1482 1101 ut
1532 1059 1698 1117 esset,
1729 1068 1831 1108 nec
1861 1070 2085 1126 unquan

2211 1057 2471 1112 οὐδέποτε
2497 1057 2622 1129 ἔσχε
2641 1058 2704 1112 τὸ
2733 1059 2808 1129 μὴ
2837 1054 3000 1113 εἶναι.
3024 1059 3151 1122 Πῶς
3172 1059 3227 1112 δὲ
3251 1059 3436 1130 λέγετε
3460 1060 3648 1130 αὐτὴν
3679 1060 3800 1130 960-

526 1132 631 1184 i'uit
685 1147 809 1188 cum
847 1148 956 1187 non
1003 1143 1172 1190 esset.
1222 1135 1365 1202 Quid
1400 1137 1568 1209 igitur
1593 1150 1699 1206 est,
1740 1147 2085 1213 quamobren

2213 1149 2315 1220 ρὰν
2347 1152 2444 1204 καὶ
2481 1149 2713 1204 θάνατον
2745 1167 2760 1215 ;
2801 1151 2834 1221 ἡ
2880 1149 2991 1221 γὰρ
3029 1149 3207 1222 φθορά
3250 1151 3311 1204 τὸ
3348 1150 3424 1222 μὴ
3468 1148 3618 1204 εἶναι
3662 1170 3797 1222 παρ-

522 1237 644 1275 cam
694 1225 1068 1294 corruptelam
1127 1237 1470 1298 mortemque
1519 1233 1853 1302 appellatis?
1895 1237 2085 1296 Corru-

2211 1240 2327 1311 έχει
2358 1258 2371 1272 ·
2404 1242 2436 1310 ἡ
2465 1241 2521 1293 δὲ
2545 1241 2644 1310 ῦλη
2676 1242 2778 1294 οὐκ
2823 1240 2948 1311 ἔσχε
2990 1240 3123 1294 ποτὲ
3155 1242 3214 1294 τὸ
3246 1241 3320 1313 μὴ
3345 1238 3491 1295 εἶναι
3529 1257 3542 1271 ·
3576 1243 3674 1295 ἀεὶ
3699 1244 3798 1312 γὰρ

525 1312 643 1382 ptio
674 1313 819 1368 enim
855 1315 958 1369 hoc
995 1315 1172 1383 affert,
1217 1328 1276 1372 ut
1307 1320 1513 1390 aliquid
1557 1338 1667 1377 non
1725 1327 1834 1381 sit:
1869 1335 2085 1390 materit

2208 1330 2299 1406 ἦν,
2316 1332 2393 1396 ὡς
2410 1332 2621 1401 λέγετε.
2657 1331 2782 1396 Πῶς
2803 1327 2898 1386 οὖν
2924 1332 2952 1385 ὃ
2977 1333 3078 1386 οὐκ
3107 1312 3502 1403 ἔχει,δύναται
3530 1333 3764 1400 δοῦναις

525 1411 709 1459 autem
763 1423 1046 1478 nunquam
1105 1411 1319 1478 habuit,
1373 1421 1431 1468 ut
1489 1430 1598 1471 non
1647 1427 1839 1488 esset;
1894 1441 2111 1500 semper
2142 1433 2290 1490 enim
2320 1438 2460 1497 erat,
2496 1441 2554 1484 ut
2585 1429 2858 1484 asseritis.
2907 1425 3012 1494 Qui
3067 1427 3124 1482 iit
3164 1443 3318 1499 ergo,
3351 1437 3413 1482 ut
3489 1429 3606 1484 hoc
3675 1427 3800 1494 dare

523 1505 711 1566 queat,
745 1514 856 1568 quo
888 1500 1006 1570 ipsa
1031 1503 1222 1556 caret?

591 1591 857 1665 insuper,
887 1604 1046 1652 ortus
1097 1607 1151 1654 et
1184 1601 1471 1678 corruptio
1521 1603 1666 1660 inter
1717 1622 1777 1663 se
1827 1623 2099 1681 pugnant.

523 1679 690 1738 Ortus
719 1685 942 1755 quidem
969 1698 1055 1743 est
1087 1689 1211 1758 ejus
1251 1691 1400 1760 quod
1452 1708 1559 1747 non
1608 1705 1748 1762 erat,
1788 1703 1855 1753 ad
1902 1679 2006 1757 hoc
2041 1711 2102 1758 ut

520 1773 758 1838 exsistat
815 1776 1147 1845 productio:
1208 1780 1499 1849 corruptio
1561 1791 1744 1838 autem
1778 1788 2101 1848 exsistentis

524 1864 604 1917 rei
629 1863 797 1936 454
850 1867 905 1921 in
956 1867 1192 1922 nihilum
1247 1868 1561 1928 dissolutio.
1602 1876 1879 1941 Quocirca
1908 1881 1954 1936 si
1991 1899 2102 1938 ma-

520 1955 682 2020 teria,
739 1965 798 2011 ut
834 1959 991 2016 vobis
1046 1962 1280 2029 videtur,
1333 1967 1648 2036 corruptela
1699 1980 1804 2036 est,
1851 1989 2094 2043 quonam

521 2054 685 2112 pacto
714 2048 934 2107 fructus
965 2053 1078 2108 edit
1107 2068 1171 2108 ac
1199 2055 1417 2125 gignit?

588 2139 874 2212 Denique:
921 2145 1207 2215 corruptio
1237 2162 1361 2217 quae
1385 2149 1702 2208 omnimoda
1733 2154 1826 2222 sit,
1855 2157 2093 2228 seipsam

519 2233 844 2301 corrumpit.
885 2232 1104 2291 Etenim
1141 2237 1191 2292 si
1223 2238 1479 2309 seipsam;
1509 2241 1841 2300 incolumem
1890 2257 2094 2318 servat,

517 2322 808 2394 omnigena
839 2326 1122 2396 corruptio
1154 2343 1261 2383 non
1289 2339 1396 2386 est.
1429 2330 1586 2396 Quod
1615 2334 1662 2388 si
1694 2337 1932 2405 seipsam
1959 2355 2098 2410 quo-

516 2427 626 2481 que
654 2417 984 2486 corrumpit,
1013 2417 1125 2487 jam
1149 2435 1258 2474 non
1285 2423 1414 2477 erit.

587 2507 677 2561 64.
734 2509 963 2577 ’Δγαθὸν
1010 2511 1104 2582 (id
1170 2523 1275 2580 cst,
1339 2515 1572 2591 bonum)
1640 2519 1868 2588 dicitur,
1935 2525 2095 2594 quasi

513 2601 652 2668 ἄγαν
679 2599 823 2655 θέειν
846 2603 1025 2659 πάντα
1060 2603 1198 2675 πρὸς
1235 2606 1370 2660 αὐτό
1402 2610 1420 2676 (
1450 2610 1502 2663 id
1523 2621 1628 2676 est,
1659 2614 1799 2681 quod
1827 2615 1896 2668 ad
1921 2617 2095 2682 ipsum

514 2693 695 2746 omnia
728 2693 883 2748 citius
910 2696 1190 2768 currant),
1239 2705 1298 2752 ut
1339 2699 1486 2768 quod
1517 2711 1719 2759 natura
1761 2707 2001 2763 amabile
2040 2717 2096 2764 et

513 2781 884 2851 expetendum
915 2785 1009 2848 sit,
1049 2792 1105 2840 et
1137 2787 1285 2856 quod
1323 2791 1652 2846 naturaliter
1703 2797 1892 2850 omnia
1931 2811 2096 2868 appe-

513 2879 652 2932 tant.
686 2873 888 2929 Malum
920 2883 1103 2931 autem
1133 2878 1270 2933 nihil
1325 2887 1412 2937 est
1457 2882 1629 2949 aliud,
1683 2899 1846 2956 quam
1879 2898 2092 2946 natura:

513 2979 830 3037 repugnans
865 2969 1129 3038 appetitio
1155 2988 1168 3025 :
1203 2969 1310 3026 hoc
1341 2981 1446 3038 est,
1476 2988 1600 3028 cum
1629 2977 1780 3033 aliud
1812 2980 2091 3050 quidpiam

508 3072 676 3126 quam
714 3059 864 3129 quod
895 3068 1098 3115 natura
1123 3064 1492 3133 expetendum
1523 3065 1714 3135 dictat,
1757 3073 2088 3141 appetimus.

508 3151 767 3206 Umnium
819 3168 1005 3223 porro,
1065 3156 1233 3210 etiam
1284 3159 1586 3227 malorum,
1647 3163 1982 3234 principium
2035 3174 2090 3222 et

2277 1613 2389 1666 Kal
2427 1609 2590 1663 πάλιν
2614 1626 2628 1641 ο
2676 1609 2711 1680 ἡ
2758 1608 2973 1676 γένεσις
3032 1607 3130 1660 καὶ
3181 1607 3215 1677 ἠ
3267 1605 3444 1677 φθορά
3469 1648 3488 1673 ,
3549 1607 3793 1659 ἐναντία.

2220 1702 2286 1756 Ἦ
2329 1701 2426 1771 μὲν
2455 1701 2567 1769 γὰρ
2614 1699 2850 1767 γένεσις,
2879 1699 2945 1750 ὲκ
2973 1695 3067 1750 τοῦ
3111 1695 3184 1768 μὴ
3214 1696 3365 1759 ὄντος
3409 1698 3495 1762 εἰς
3549 1696 3620 1749 τὸ
3666 1691 3797 1750 εἶναι

2208 1794 2518 1864 παραγωγή
2551 1808 2565 1822 ·
2597 1793 2632 1861 ἡ
2655 1790 2714 1843 δὲ
2745 1789 2941 1859 φθορὰ,
2972 1788 3066 1841 τοῦ
3088 1788 3237 1852 ὄντος
3284 1789 3365 1851 εἰς
3399 1788 3462 1840 τὺ
3526 1787 3610 1857 μὴ
3666 1783 3796 1840 εἶναι

2207 1885 2474 1946 διάλυσις.
2539 1883 2603 1936 El.
2644 1878 2738 1934 οὖν
2770 1880 2874 1950 ὕλη
2904 1879 3027 1934 καθ’
3059 1880 3204 1950 ὑμᾶς
3245 1877 3446 1950 φθορὰ,
3483 1878 3612 1942 πῶς
3663 1880 3798 1932 ποιεῖ

2199 1977 2465 2046 καρποὺς,
2499 1973 2594 2028 καὶ
2623 1973 2788 2043 γεννᾷ
2816 1989 2832 2039 ;

2267 2154 2380 2208 Kal
2398 2152 2562 2207 πάλιν
2588 2169 2603 2184 ο
2630 2153 2663 2223 ἡ
2699 2151 2875 2223 φθορὰ
2903 2151 2938 2222 ἡ
2962 2149 3250 2220 παντελὴς,
3279 2150 3376 2202 καὶ
3407 2149 3619 2222 ἑαυτὴν
3650 2151 3794 2219 φθείρ

2199 2261 2304 2316 ρει.
2335 2244 2398 2297 Ει
2439 2244 2547 2315 γὰρ
2574 2244 2773 2313 ἑαυτὴν
2805 2243 3050 2313 συνιστᾷ,
3091 2241 3152 2295 οὑ
3183 2239 3459 2312 παντελὴς
3485 2242 3679 2313 φθορά
3709 2259 3724 2272 ·
3750 2244 3793 2295 εξ

2196 2337 2254 2390 δὲ
2282 2336 2480 2408 ἑαυτὴν
2508 2334 2744 2406 φθείρει,
2777 2335 2878 2388 οὐκ
2899 2333 3076 2388 ἔσται.

2269 2515 2362 2584 ξδ’.
2407 2513 2640 2584 Ἀγαθὸν
2667 2512 2908 2582 λέγεται,
2942 2509 3093 2581 παρά
3117 2509 3178 2563 τὸ
3197 2507 3337 2576 ἄγαν
3371 2507 3529 2560 θεῖον
3563 2507 3793 2561 ww:-

2196 2609 2333 2680 πρὸς
2354 2607 2486 2661 αὑτό
2517 2623 2531 2636 ο
2566 2606 2595 2658 ὃ
2628 2605 2722 2659 καὶ
2745 2603 2908 2674 φύσει
2947 2602 3096 2655 ἐστὶν
3125 2599 3380 2672 ὲραστδν,
3421 2599 3524 2652 καὶ
3555 2600 3754 2667 ἐφετὸν
3774 2613 3790 2628 ·

2194 2695 2256 2755 οὗ
2284 2699 2530 2770 φυσικῶς
2554 2697 2737 2752 πάντα
2779 2696 3016 2764 ἐφίεται.
3051 2692 3236 2748 Κακδν
3273 2691 3331 2745 δέ
3353 2692 3538 2755 ἐστιν,
3576 2691 3612 2760 ἡ
3645 2688 3794 2759 παρὰ

2195 2793 2357 2863 φύσιν
2391 2791 2598 2860 ἔφεσις,
2625 2790 2922 2852 τουτέστιν,
2959 2787 3088 2840 ὅταν
3114 2784 3300 2857 ἕτερόν
3321 2800 3377 2837 τι
3412 2783 3579 2852 παρὰ
3608 2782 3674 2834 τὸ
3695 2781 3793 2849 φύ-

2196 2901 2278 2936 σει
2304 2882 2501 2954 ἐφετὸν
2537 2879 2827 2951 ἐφιέμεθα.
2861 2879 3124 2942 Πάντων,’
3150 2877 3244 2930 καὶ
3278 2875 3388 2928 τῶν
3421 2873 3625 2927 κακῶν
3647 2871 3792 2942 ἀρχὴ

2193 2974 2290 3028 καὶ
2319 2973 2495 3038 τέλος,
2549 2972 2669 3025 ἐστὶ
2692 2970 2755 3024 τὸ
2792 2968 2997 3037 ἀγαθόν
3021 2985 3035 2998 ³
3084 2966 3178 3020 τοῦ
3222 2964 3331 3035 γὰρ
3370 2963 3592 3032 ἀγαθοῦ
3629 2964 3794 3016 ἕνεκα

2193 3066 2392 3130 πάντα,
2417 3064 2514 3118 καὶ
2546 3064 2647 3116 ὅσα
2686 3061 2892 3131 ἀγαθὰ,
2919 3059 3018 3114 καὶ
3060 3060 3158 3112 ὅσα
3202 3056 3443 3112 ἐναντία.
3501 3057 3623 3109 Kal
3682 3055 3792 3125 γὰρ

2191 3156 2482 3211 καὶταῦτα
2511 3154 2846 3226 πράττομεν,
2873 3155 2936 3206 τδ
2971 3151 3176 3220 ἀγαθὸν
3207 3149 3506 3210 ποθοῦντες
3536 3165 3552 3178 ·
3613 3148 3790 3209 οὐδεὶς

507 3236 633 3293 linis
662 3247 748 3296 est
772 3239 1000 3298 bonum.
1035 3241 1170 3298 Boni
1202 3246 1347 3300 enim
1379 3261 1549 3304 causa
1594 3256 1708 3304 tam
1732 3252 1896 3316 bona,
1922 3271 2085 3324 quam

2202 3247 2301 3319 γὰρ
2349 3248 2430 3310 είς
2479 3246 2541 3300 τὸ
2579 3245 2749 3299 κακὸν
2802 3243 3149 3307 ἀποϐλέπων,
3204 3243 3349 3295 ποιεῖ
3410 3239 3570 3310 ᾇπερ
3619 3240 3786 3331 ποιεῖ.

510 3332 705 3386 horum
765 3334 1045 3388 contraria
1097 3333 1258 3391 ﬁunt.
1309 3336 1444 3392 Nam
1497 3348 1552 3396 et
1597 3341 1715 3397 haec
1744 3344 1870 3398 boni
1901 3361 2085 3403 amore

2202 3339 2288 3394 Διὸ
2325 3339 2448 3392 οὐδὲ
2494 3339 2796 3392 ὑπόστασιν
2815 3336 2938 3406 ἔχει
2977 3335 3037 3388 τὸ
3081 3334 3277 3396 κακὸν,
3324 3331 3465 3385 ἀλλὰ
3520 3330 3788 3402 anputa-

506 3420 764 3480 facimus.
799 3423 994 3481 Nullus
1039 3429 1240 3498 quippe
1283 3430 1489 3485 malum
1523 3432 1632 3488 sibi
1657 3433 1728 3489 ob
1763 3437 1959 3513 oculos
1988 3450 2087 3507 po-

505 3529 666 3579 nens,
701 3529 764 3570 ea
794 3530 917 3586 quae
957 3515 1092 3572 iacit
1135 3519 1303 3574 facit:
1353 3536 1418 3576 ac
1469 3523 1699 3592 proinde
1729 3541 1799 3580 ne
1828 3526 2084 3584 subsistit

501 3602 724 3672 quidem
754 3607 984 3672 malum,
1017 3608 1112 3664 sed
1154 3624 1281 3665 cum
1317 3611 1465 3667 alio:
1495 3613 1642 3683 quod
1676 3615 1938 3670 nimirum
1970 3632 2081 3672 non

2193 3447 2405 3496 στασιν,
2425 3429 2521 3484 τοῦ
2545 3427 2754 3497 ἀγαθοῦ
2780 3427 2966 3491 ἕνεκα,
2997 3426 3090 3480 καὶ
3115 3425 3213 3495 οὐχ
3229 3422 3424 3477 ἑαυτοῦ
3450 3423 3786 3492 γινόμενον·

2190 3525 2301 3577 πᾶν
2332 3521 2441 3593 γὰρ
2466 3521 2774 3590 γινόμενον,
2808 3517 2928 3591 ἢδι⁹
2953 3515 3160 3585 ἀγαθὸν
3187 3515 3422 3584 γίνεται,
3445 3512 3480 3584 ἢ
3504 3512 3602 3567 διὰ
3621 3529 3788 3581 νομι-

2185 3614 2414 3684 ζόμενον
2445 3611 2669 3682 ἀγαθόν.

503 3695 590 3748 sui
650 3711 842 3761 causa,
890 3697 989 3754 sed
1037 3699 1168 3755 boni
1202 3709 1573 3773 perpetretur.
1617 3703 1897 3776 Quidquid
1929 3707 2077 3762 enim
2118 3701 2200 3771 iit,
2231 3710 2325 3757 aut
2357 3702 2486 3758 boni
2533 3713 2702 3755 causa
2740 3699 2819 3765 lit,
2861 3705 2956 3752 aut
2988 3696 3112 3767 ejus
3180 3693 3326 3766 quod
3372 3695 3587 3749 bonum
3656 3701 3787 3750 esse

501 3789 799 3856 opinamur
828 3791 895 3844 “.

570 3879 660 3934 65.
695 3878 752 3934 In
807 3896 1053 3939 errorem
1085 3901 1114 3940 a
1154 3886 1266 3942 Deo
1329 3888 1514 3957 agitur
1557 3891 1824 3961 propheta
1875 3893 1943 3958 ”,
1987 3890 2075 3946 vel

2249 3883 2339 3950 ξεθ.
2359 3883 2634 3938 Πλανᾶται
2658 3883 2762 3936 ὑπὸ
2783 3878 2920 3936 Θεοῦ
2937 3883 3245 3954 προφήτης,
3260 3881 3295 3951 ἢ
3313 3878 3406 3933 τοῦ
3425 3878 3571 3933 Θεοῦ
3597 3898 3782 3951 παρα-

499 3972 612 4028 Deo
638 3972 816 4042 ipsum
845 3989 946 4043 pro
985 3977 1306 4046 cupiditatis
1331 3979 1452 4048 ejus
1482 3983 1681 4035 merito
1714 3983 1976 4037 aberrare
2010 3981 2077 4037 si-

2202 3976 2475 4049 ςωροῦντος
2520 3974 2682 4030 αὑτὸν
2733 3974 3099 4046 πλανηθῆναι,
3140 3973 3283 4027 κατὰ
3323 3971 3426 4042 τὴν
3485 3971 3597 4042 τῆς
3641 3973 3778 4024 km-

497 4072 665 4118 ncnte
695 4081 707 4118 :
763 4064 846 4119 vel
881 4079 1008 4120 cum
1037 4064 1246 4136 aliquid
1295 4067 1563 4137 praedicit,
1589 4083 1655 4124 ac
1688 4069 1835 4125 Deus
1860 4070 1964 4125 alia
1994 4069 2078 4123 l'a-

497 4155 597 4219 cit,
631 4169 796 4225 quam
829 4171 950 4228 qua:
993 4157 1345 4228 praedixerat,
1377 4166 1512 4213 tunc
1545 4159 1603 4213 in
1633 4174 1875 4215 errorem
1907 4176 1937 4214 a
1966 4161 2079 4216 Deo

497 4254 656 4301 actus
684 4261 807 4302 esse
835 4247 1062 4314 dicitur,
1098 4248 1204 4304 hoc
1233 4257 1320 4304 est
1353 4250 1676 4320 imposturtr.
1698 4250 2070 4306 convincitur.

565 4335 656 4392 66.
706 4337 961 4394 Jamvero
1020 4339 1127 4394 hoc
1207 4339 1368 4394 velim
1421 4340 1579 4398 nobis
1639 4341 1963 4412 expediatis,
2040 4358 2074 4397 o

2179 4071 2378 4141 θυμίας
2402 4069 2556 4137 ἀξίαν
2585 4067 2772 4134 αὐτοῦ,
2805 4068 2838 4139 ἢ
2863 4068 3165 4139 προλέγων,
3209 4066 3304 4120 καὶ
3331 4064 3428 4118 τοῦ
3453 4063 3604 4118 Θεοῦ
3630 4065 3772 4119 ἄλλα

2183 4161 2468 4224 ποιοῦντος
2515 4159 2646 4231 παρ’
2703 4159 2739 4214 ἃ
2801 4161 3056 4230 προεῖπε,
3114 4155 3500 4228 πεπλανῆσθαι
3551 4155 3778 4228 λέγεται

2183 4253 2290 4308 ὑπὸ
2319 4251 2474 4318 Θεοῦ,
2509 4251 2754 4305 τουτέστι
2787 4251 2988 4314 πλάνος
3012 4248 3424 4320 ἀποδειχθῆναι.

2253 4344 2358 4409 ξς¹.
2393 4343 2599 4398 Εἴπατε
2632 4339 2726 4396 οὖν
2757 4343 2912 4413 ἡμῖν,
2944 4334 3296 4411 ὦΜανιχαίοι
3323 4356 3337 4370 ⁸
3363 4341 3398 4411 ἠ
3430 4339 3562 4410 ῦλη,
3599 4341 3671 4412 ἢν
3690 4339 3779 4393 λέ.

494 4428 802 4494 Manichaei,
853 4431 1106 4496 materia,
1141 4446 1308 4501 quam
1352 4433 1577 4498 malum,
1611 4441 1666 4490 et
1712 4435 1992 4501 tenebras,
2021 4445 2075 4492 et

2202 4452 2306 4504 τετε
2337 4434 2556 4500 κακίαν,
2592 4433 2690 4487 καὶ
2716 4433 2928 4500 σκότος,
2959 4433 3054 4486 καὶ
3104 4431 3330 4502 φθορὰν,
3359 4431 3458 4482 καὶ
3511 4430 3775 4494 θάνατον,

494 4522 894 4591 corruptelam,
937 4531 992 4578 et
1035 4499 1269 4579 mortem
1298 4525 1610 4595 appellatis,
1645 4542 1922 4598 quamque
1952 4529 2075 4585 sine

2202 4499 2433 4598 ίναρχον,
2468 4499 2563 4581 καί
2593 4526 2786 4588 ἀΐδιον,
2831 4524 2988 4578 οὐσία
3017 4499 3126 4594 ἦν,
3155 4499 3619 4594 ἢ-συμὸεὸηκόςς
3667 4523 3776 4576 Kal

493 4612 767 4681 principio
818 4621 872 4667 et
915 4621 1178 4668 aeternam
1223 4629 1348 4671 esse
1401 4616 1760 4684 contenditis,
1809 4619 2075 4674 substan-

494 4699 644 4755 tiane
679 4710 819 4765 erat,
853 4717 922 4756 an
955 4705 1258 4760 accidens?
1285 4705 1342 4760 Si
1373 4707 1717 4763 substantia:
1758 4710 1844 4766 vel
1873 4725 2076 4780 corpus

491 4799 633 4854 erat,
673 4800 732 4845 ut
779 4802 949 4858 terra,
991 4808 1157 4864 aqua,
1205 4811 1319 4862 aer,
1369 4799 1548 4866 ignis;
1595 4806 1692 4853 aut
1721 4813 1951 4870 corpore
1981 4817 2075 4857 va-

492 4879 677 4947 cabat,
723 4891 783 4936 ut
826 4883 995 4948 Deus,
1041 4888 1296 4956 angelus,
1336 4889 1560 4944 anima:
1603 4897 1699 4944 aut
1733 4889 1974 4961 denique
2003 4908 2073 4948 ex

491 4986 730 5042 corpore
767 4981 823 5029 et
855 4973 1179 5046 incorporea
1230 4988 1428 5035 natura
1480 4981 1790 5052 composita
1816 4990 1955 5037 erat.
1986 4981 2066 5037 Ac

495 5062 768 5132 siquidem
811 5079 1014 5134 corpus
1061 5074 1202 5132 erat,
1249 5068 1478 5124 immota
1525 5072 1803 5128 manebat.
1851 5073 2067 5145 Corpus

487 5156 638 5211 enim
683 5173 848 5214 omne
882 5158 1185 5214 inanimum
1233 5169 1342 5226 est,
1378 5177 1445 5218 ac
1490 5173 1640 5218 motu
1689 5173 1862 5222 caret.
1895 5165 2069 5223 Porro

569 5293 614 5322 ”
654 5289 880 5363 Dionys.
902 5308 1024 5364 cap.
1071 5293 1122 5349 ι.
1155 5292 1231 5348 De
1259 5294 1366 5348 div.
1400 5310 1539 5349 nom.
1575 5294 1602 5366 §
1642 5295 1728 5349 51.

2176 4619 2226 4671 εί
2255 4618 2351 4687 μὲν
2377 4617 2556 4683 οὐσία,
2589 4617 2622 4687 ἢ
2650 4617 2810 4686 σῶμα
2847 4611 2939 4687 ἦν,
2965 4609 3080 4668 οἷον
3109 4614 3208 4684 γῆ,
3234 4613 3400 4683 ὕδωρ,
3428 4613 3569 4683 ἀὴρ,
3619 4611 3733 4682 πῦρ
3757 4629 3766 4633 “

2175 4708 2210 4779 ἢ
2245 4708 2559 4775 ἀσώματον,
2604 4701 2714 4761 οἷον
2751 4707 2904 4772 Θεὸς,
2961 4707 3216 4776 ἄγγελος,
3254 4706 3400 4777 ψυχὴ
3431 4721 3446 4735 ο
3481 4707 3515 4778 ἢ
3554 4708 3623 4759 ὲκ
3655 4703 3769 4758 σὼ·-

2180 4817 2351 4870 ματος
2391 4801 2485 4854 καὶ
2544 4799 2835 4870 ἀσωμάτου
2879 4800 3135 4863 σύνθετος
3163 4843 3176 4858 ,
3200 4799 3310 4866 Καὶ
3349 4798 3400 4850 εἰ
3432 4797 3538 4868 μὲν
3583 4797 3772 4867 σῶμα,

2176 4891 2433 4962 ἀκίνητος
2463 4886 2554 4962 ἦν.
2585 4892 2700 4946 Πᾶν
2729 4891 2840 4963 γὰρ
2895 4891 3077 4961 σῶμα,
3108 4891 3316 4961 ἄψυχον
3347 4891 3443 4942 καὶ
3476 4889 3767 4960 ἀκίνητον.

2172 4983 2283 5036 Kal
2301 4982 2417 5047 πῶς
2440 4982 2514 5054 μὴ
2540 4977 3031 5054 κινουμένη,ἦλθεν
3066 4983 3146 5045 είς
3167 4983 3237 5036 τὰ
3263 4982 3388 5050 ὅρια
3407 4979 3504 5034 τοῦ
3532 4980 3724 5050 φωτός

2174 5075 2339 5146 ἢπῶς
2364 5075 2489 5145 ἔσχε
2513 5075 2725 5146 κίνησιν
2747 5075 2811 5147 ;ἢ
2835 5077 2864 5128 ὁ
2887 5074 3112 5144 ἀγαθὸς,
3139 5075 3234 5128 καὶ
3254 5073 3604 5142 οὐκάγαθὸς,
3629 5077 3660 5128 6
3690 5074 3788 5126 δεοπ

2175 5166 2364 5230 δωκὼς
2386 5169 2453 5238 τῇ
2475 5167 2643 5237 κακίᾳ
2671 5167 2886 5238 κίνησιν
2906 5165 2973 5237 ’ἢ
2996 5166 3154 5230 ἄλλος
3170 5165 3368 5220 ἔδωκεν
3388 5166 3533 5237 αὐτῇ
3561 5165 3659 5236 τὴν
3682 5166 3769 5218 κε-

1825 5297 1872 5328 ’³
1909 5296 2108 5353 Ezech.
2169 5315 2280 5366 xw,
2319 5299 2372 5354 9.

1787 5409 2023 5466 VARUE
2064 5411 2472 5469 LECTIONES.

493 5579 503 5606 ᾖ
555 5528 586 5558 ιι
614 5515 974 5606 Eeunclavius
1002 5519 1152 5606 legit
1184 5519 1343 5606 θέειν¹
1368 5519 1669 5606 «avrata
1699 5519 1755 5574 in
1783 5519 1964 5576 Sirleti
2001 5520 2209 5606 codicis
2237 5537 2355 5606 ora,
2392 5521 2712 5606 ροεενθείον,
2747 5521 3038 5606 quemdam
3073 5520 3364 5606 scripsisse
3397 5524 3761 5606 aitparticuo

485 5585 594 5665 lam
641 5587 674 5659 ἢ
707 5590 836 5665 sive,
865 5589 962 5645 vel.
999 5585 1450 5665 QuamAquidem
1475 5591 1784 5665 lectionem
1819 5591 2160 5665 commodam
2190 5585 2469 5647 existimat
2494 5585 2716 5665 Billius':
2755 5585 2848 5665 sed
2875 5585 3208 5665 _l.eunclavii
3233 5585 3544 5648 emendatio
3591 5598 3760 5665 magis

483 5656 913 5735 placetlﬁqnum
936 5661 1086 5735 enim
1107 5656 1373 5735 definiunt
1399 5660 1730 5732 philosophi,
1758 5661 1897 5731 quod
1924 5663 2104 5718 omnia
2137 5673 2402 5732 appetunt,
2443 5663 2590 5735 quod
2621 5663 2804 5720 omnia
2841 5662 3009 5720 citato
3062 5676 3229 5718 cursu
3298 5656 3714 5734 prosequuntur
3743 5679 3760 5732 ;

484 5725 649 5798 atque
675 5725 731 5782 id
761 5727 941 5798 ipsum
986 5732 1154 5795 series
1184 5725 1408 5786 iudicat.
