3970 6156
278 315 412 383 1561

1255 324 1638 389 DIALOGUS
1689 328 1987 390 CONTRA
2027 332 2505 397 MANICHIEOS.

3392 336 3527 403 1562

276 447 433 500 νησιν
456 428 606 500 παρά
630 430 721 483 τὸν
743 429 944 500 ἀγαθόν
972 446 984 462 ·
1008 431 1103 485 καὶ
1138 432 1348 488 ἔσονται
1376 440 1525 507 τρεῖς
1552 439 1739 509 ἀρχαὶ,
1759 441 1855 493 καὶ

1963 440 2003 496 si
2034 442 2257 499 immota
2290 458 2430 510 erat,
2462 462 2696 516 quonam
2729 448 2892 504 modo
2922 448 2991 503 ad
3023 446 3164 504 lucis
3201 447 3338 504 ﬁnes
3362 450 3529 519 agita-

272 519 339 573 ού
360 519 472 573 δύο.
506 520 570 572 Ei
590 520 648 574 δὲ
674 519 885 589 λέγετε,
937 523 1019 575 ὅτι
1058 522 1349 594 ἀσώματος
1367 521 1435 597 ἦν
1469 529 1502 596 ἡ
1535 527 1664 598 ὖλη,
1690 529 1854 582 πόθεν

279 611 481 681 σῶμα;
513 613 546 682 ἡ
578 611 688 683 γὰρ
713 612 1007 683 ἀσώματος
1041 613 1136 667 καὶ
1169 615 1403 687 ἄναρχος
1434 619 1622 683 οὐσία,
1659 621 1720 672 οὐ
1761 619 1855 673 δύ-

275 717 437 753 ναται
466 702 545 764 εἰς
572 702 728 772 σῶμα
744 704 1042 773 τραπῆναι.
1080 704 1250 757 Πόθεν
1280 702 1375 758 οὖν
1420 709 1451 777 ἡ
1485 708 1857 780 ἀναρίθμητος

276 790 386 843 τῶν
423 792 692 862 σωμάτων
731 792 942 863 πληθύς
976 812 989 860 ;
1018 796 1080 848 Εἰ
1109 796 1166 848 δὲ
1223 796 1480 850 σύνθετον
1533 799 1725 870 εἴπητε
1756 802 1854 871 τὴν

280 878 414 951 ὕλην
443 880 503 945 ἐξ
530 882 822 952 ἀσωμάτου
856 883 953 936 καὶ
993 884 1271 954 σώματος,
1303 887 1497 955 γνῶτε,
1541 889 1623 942 ὅτι
1661 890 1855 945 ἀδύνα-

279 988 369 1024 τον
388 970 642 1026 σύνθετον
670 975 925 1042 γενέσθαι
954 975 1264 1046 ἄνθρωπον,
1290 980 1338 1031 εί
1364 979 1439 1048 μὴ
1472 980 1536 1033 ὲκ
1559 980 1739 1051 ψυχῆς
1762 983 1856 1036 καὶ

282 1061 554 1132 σώματος.
604 1067 715 1119 Καὶ
748 1066 1006 1122 ἀδύνατον
1055 1068 1309 1137 γενέσθαι
1342 1070 1523 1140 σῶμα,
1555 1073 1605 1124 εί
1657 1073 1732 1145 μὴ
1792 1076 1857 1128 ὲκ

278 1152 388 1205 τῶν
412 1153 602 1208 ἁπλῶν
642 1156 940 1227 στοιχείων,
969 1157 1072 1229 τῆς
1093 1158 1219 1227 γῆς,
1253 1160 1349 1213 καὶ
1376 1161 1469 1213 τοῦ
1506 1160 1717 1225 ὓδατος,
1763 1163 1858 1217 καὶ

280 1240 376 1294 τοῦ
405 1241 586 1313 ἀέρος,
622 1244 832 1298 καὶτοῦ
861 1247 1052 1314 πυρός.
1087 1247 1209 1318 Χρὴ
1232 1247 1326 1302 οῦν
1354 1250 1577 1320 πρῶτον
1620 1234 1758 1305 εἶναι
1787 1254 1858 1308 τὰ

282 1332 455 1396 ἁπλᾶ,
492 1334 585 1387 καὶ
614 1334 738 1389 τότε
764 1336 1022 1404 γενέσθαι
1078 1339 1143 1390 ὲκ
1198 1337 1308 1393 τῶν
1350 1339 1538 1395 ἁπλῶν
1580 1342 1854 1398 σύνθετον.

284 1425 541 1478 Ἔσονται
568 1420 662 1481 οῦν
690 1427 751 1480 ού
811 1427 904 1482 δύο
929 1428 1123 1499 ἀρχαὶ,
1148 1429 1288 1484 ἀλλά
1311 1434 1483 1501 τρεῖς.
1521 1432 1709 1496 Οὕτως
1731 1433 1858 1487 ἀδύ-

279 1530 437 1567 νατον
468 1515 703 1587 ἄναρχον
733 1514 873 1571 εἶναι
917 1516 1016 1588 τὴν
1040 1517 1172 1589 ὓλην
1197 1536 1211 1549 ·
1256 1521 1350 1574 καὶ
1401 1524 1450 1575 εἰ
1498 1522 1755 1586 σύνθετος
1799 1522 1859 1587 ἐξ

278 1604 575 1674 ἀσωμάτου
606 1607 700 1660 καὶ
728 1607 1001 1677 σώματος,
1037 1608 1128 1663 διὰ
1151 1609 1206 1663 τί
1232 1611 1333 1665 ούκ
1370 1612 1593 1683 ἐποίησε
1624 1613 1718 1667 τὸν
1761 1614 1857 1668 άν-

279 1692 501 1763 θρωπον
546 1698 611 1750 ἐκ
640 1699 740 1769 τῆς
786 1698 1085 1769 ἀσωμάτου
1141 1701 1309 1755 αὑτοῦ
1362 1702 1579 1772 φύσεως
1639 1704 1855 1758 καὶτοῦ

279 1782 533 1855 σώματος
555 1806 570 1855 ;

1956 533 2105 588 tione
2134 539 2415 604 pervenit?
2452 547 2546 592 aut
2573 554 2812 608 quonam
2844 549 3004 611 pacto
3037 548 3244 595 motum
3295 539 3530 593 habuit?

1955 631 2052 676 aut
2099 624 2244 677 enim
2270 640 2301 678 a
2333 629 2476 681 bono
2524 637 2733 682 motum
2786 631 3034 699 accepit;
3071 640 3237 698 atque
3266 629 3404 682 adeo
3441 629 3531 683 ille

1955 711 2133 767 bonus
2156 729 2267 769 non
2291 716 2397 770 erit
2418 760 2431 783 ,
2458 719 2549 787 qui
2577 719 2723 773 malo
2752 728 2962 775 motum
2990 720 3239 775 dederit:
3271 726 3365 773 aut
3398 735 3532 788 prae-

1955 808 2039 856 ter
2066 802 2275 858 bonum
2310 806 2451 863 alius
2481 817 2564 864 est
2611 811 2704 879 qui
2760 810 2866 879 ipsi
2897 821 3104 864 motum
3150 809 3390 875 indidit;
3420 810 3530 864 sic-

1955 909 2064 963 que
2118 897 2221 949 tria
2277 898 2545 968 principia
2591 902 2745 964 sunt,
2796 916 2905 955 non
2947 901 3077 956 duo.
3124 900 3181 955 Si
3232 910 3414 955 autem
3441 900 3529 953 hic

1956 980 2140 1040 dicitis
2169 986 2314 1055 quod
2355 990 2590 1043 materia
2622 991 2947 1061 incorporea
2995 1000 3152 1057 erat;
3188 992 3334 1045 unde
3364 990 3530 1061 igitur

1958 1071 2018 1127 ﬂt
2040 1075 2289 1144 corpus?
2316 1091 2495 1146 neque
2515 1078 2659 1131 enim
2698 1080 3021 1150 incorporea
3049 1096 3112 1135 ac
3136 1081 3412 1150 principio
3439 1095 3531 1133 ca-

1955 1179 2086 1220 rens
2112 1167 2429 1221 substantia
2474 1169 2531 1223 in
2566 1184 2769 1239 corpus
2808 1171 2946 1225 verti
2977 1180 3178 1241 potest.
3212 1171 3371 1227 Unde
3399 1186 3531 1239 ergo

1956 1256 2377 1314 innumerabilis
2434 1259 2552 1314 hac
2618 1276 2908 1330 corporum
2973 1263 3265 1317 multitudo
3346 1262 3533 1317 ﬂuxit?

1960 1344 2055 1401 Sin
2092 1356 2272 1403 autem
2305 1351 2591 1404 materiam
2623 1367 2687 1406 ex
2720 1352 3049 1422 incorporeo
3073 1359 3126 1408 et
3147 1367 3376 1422 corpore
3402 1368 3533 1407 con-

1958 1443 2166 1491 cretam
2200 1438 2371 1495 fuisse
2411 1438 2699 1505 dixeritis,
2741 1441 2875 1496 illud
2923 1458 3089 1497 nosse
3124 1458 3223 1497 vos
3253 1443 3531 1507 convenit,

1957 1526 2075 1582 ﬂeri
2110 1542 2216 1582 non
2248 1545 2434 1597 posse,
2461 1539 2521 1585 ut
2547 1530 2731 1598 homo,
2758 1533 2862 1587 nisi
2896 1548 2962 1587 ex
2987 1534 3169 1587 anima
3200 1542 3254 1588 et
3307 1547 3537 1601 corpore

1958 1618 2298 1686 compositus
2329 1622 2435 1686 sit;
2489 1636 2590 1675 nec
2614 1636 2811 1677 rursus
2843 1622 2958 1677 ﬂeri
2992 1637 3176 1692 posse,
3215 1630 3276 1675 ut
3303 1637 3531 1691 corpus,

1956 1710 2062 1765 nisi
2091 1727 2156 1767 ex
2196 1713 2544 1784 simplicibus
2576 1714 2885 1780 elementis,
2925 1715 3029 1769 hoc
3062 1722 3146 1770 est
3168 1722 3337 1777 terra,
3368 1729 3531 1785 aqua,

1822 1858 1825 1859 ν
1887 1786 1930 1842 Β
1961 1814 2089 1855 aere
2130 1809 2186 1856 et
2241 1804 2391 1873 igne.
2430 1803 2716 1859 conﬂetur.
2755 1804 3026 1871 Quocirca
3075 1805 3227 1874 prius
3261 1804 3534 1871 simplicia

274 1890 401 1931 esse
429 1890 720 1932 necessum
768 1884 877 1947 est,
919 1893 983 1933 ac
1016 1886 1131 1933 tum
1166 1878 1402 1951 denique
1426 1895 1490 1935 ea
1532 1881 1671 1949 ﬁeri;
1726 1898 1849 1953 quae
1886 1901 1955 1938 ex
1983 1887 2332 1959 simplicibus
2355 1899 2643 1946 constant.
2684 1891 3029 1962 Proi—ndeque
3065 1907 3173 1948 non
3234 1893 3367 1956 duo,
3437 1893 3534 1948 sed

275 1967 385 2020 tria
416 1968 689 2037 principia
730 1969 917 2024 futura
949 1980 1098 2026 sunt.
1123 1970 1204 2025 Ex
1226 1986 1336 2041 quo
1368 1972 1696 2042 intelligitur
1770 1975 1887 2031 ﬂeri
1964 1993 2071 2034 non
2120 1995 2307 2051 posse,
2358 1993 2419 2037 ut
2463 1984 2691 2038 materia
2747 1984 3015 2053 principio
3060 1992 3266 2039 careat.
3298 1985 3443 2051 Quin
3483 1986 3531 2040 si

276 2061 392 2115 hare
428 2075 494 2114 ex
520 2060 846 2129 incorporeo
877 2070 932 2115 et
959 2075 1194 2133 corpore
1227 2068 1467 2127 constat,
1501 2063 1633 2132 quid
1658 2080 1839 2122 causa:
1866 2074 1951 2122 est
1979 2088 1998 2127 :
2030 2073 2385 2145 quamobrem
2433 2074 2711 2129 hominem
2742 2090 2809 2129 ex
2875 2073 3201 2143 incorporea
3263 2092 3363 2131 sua
3430 2092 3536 2131 na-

274 2158 401 2204 tura
426 2155 481 2204 et
514 2163 578 2205 ex
610 2164 844 2219 corpore
870 2165 973 2206 suo
1000 2165 1112 2205 non
1148 2149 1376 2207 fecerit?

351 2238 449 2304 ξζο.
487 2258 507 2290 ι
556 2240 776 2307 Ἀκουε,
813 2242 1035 2310 οὐρανὲ,
1067 2242 1165 2295 καὶ
1202 2242 1541 2316 ὲνωτίζου,ὴ
1581 2244 1680 2316 γῆ,
1728 2265 1747 2299 ι
1781 2276 1853 2288 _

2028 2248 2118 2303 67.
2149 2266 2167 2300 ι
2191 2249 2353 2314 Audi,
2386 2250 2610 2315 omium,
2642 2258 2695 2305 et
2711 2250 2938 2304 auribus
2970 2250 3209 2321 percipe,
3241 2258 3387 2306 terra
3427 2252 3531 2304 “.i

280 2347 301 2381 ⁴
322 2330 584 2400 Πρόσεχε,
602 2331 660 2384 οὐ
671 2332 819 2402 ρανὲ,
839 2332 934 2386 καὶ
953 2332 1191 2403 λαλήσω·
1217 2336 1311 2387 καὶ
1338 2335 1600 2403 ἀκουέτω,
1632 2338 1726 2408 γῆ,
1750 2338 1853 2408 ῥή-

1963 2334 2121 2409 555
2182 2336 2478 2402 «Attende,
2539 2340 2760 2403 cretum,
2793 2348 2848 2394 et
2880 2340 3108 2409 loquar;
3166 2341 3355 2395 audiat
3386 2347 3536 2396 terra

280 2438 427 2492 ματα
454 2422 519 2475 ὲκ
547 2423 814 2492 στόματός
840 2441 965 2493 μου.
1007 2442 1026 2475 ι
1063 2424 1300 2496 Λαλήσω
1328 2425 1436 2498 γὰρ
1469 2428 1713 2498 ῥήματα,
1753 2430 1854 2483 οὐκ

283 2515 425 2585 ἐμῆς
451 2513 703 2583 καρδίας,
727 2513 863 2568 ἀλλά
888 2514 998 2569 τῶν
1051 2516 1456 2586 ὲσκοτισμένων
1499 2519 1596 2572 καὶ
1653 2535 1857 2588 μεμια-

280 2604 494 2674 σμένων
512 2604 831 2673 Μανιχαίων
851 2620 865 2634 ·
889 2604 1185 2669 ἀκούσατε,
1210 2606 1354 2669 λαοὶ,
1387 2607 1570 2675 φυλαὶ,
1588 2608 1855 2677 γλῶσσαι,

278 2692 571 2745 ἀκούσατε.
611 2692 707 2745 Ἐν
736 2690 965 2762 θέατρον
993 2692 1237 2761 γενέσθω
1273 2694 1514 2765 σήμερον
1569 2696 1599 2748 6
1626 2697 1855 2769 οὐρανὸς

279 2784 372 2837 καὶ
403 2782 557 2854 ὴγῆ.
618 2782 940 2850 Ἀκούσατε,
992 2786 1047 2839 τί
1101 2784 1359 2853 λέγουσιν
1387 2787 1436 2839 οἱ
1469 2786 1859 2860 ὲπικατάρατοι

1955 2428 2119 2483 verba
2157 2429 2273 2484 oris
2303 2429 2410 2484 mei
2426 2429 2494 2486 ".
2532 2447 2552 2481 ι
2599 2429 2823 2500 Loquar
2851 2432 3000 2485 enim
3032 2432 3222 2497 verba,
3267 2446 3378 2486 non
3410 2447 3537 2487 cor-

1957 2515 2044 2572 dis
2106 2517 2238 2579 mei,
2291 2518 2388 2573 sed
2439 2519 2684 2573 tenebris
2743 2519 3049 2573 obsitorum
3081 2529 3135 2574 et
3192 2520 3535 2589 impurorum

1960 2602 2410 2660 Manichaeorum.
2469 2606 2690 2670 Audite,
2752 2606 2964 2675 populi,
3021 2608 3243 2671 tribus,
3306 2608 3536 2677 linguae,

1962 2694 2171 2749 audite.
2190 2695 2402 2752 Caelum
2428 2703 2483 2751 et
2501 2705 2646 2750 terra
2671 2711 2840 2750 unum
2872 2695 3038 2752 hodie
3064 2698 3343 2753 theatrum
3380 2700 3534 2753 tiant.

1958 2784 2161 2839 Audite
2194 2782 2327 2854 quid
2362 2771 2738 2838 exsecraliiles
2776 2782 3063 2838 Manichaei
3102 2785 3311 2846 dicant,
3337 2787 3390 2841 in
3417 2787 3537 2855 ipsa

277 2876 592 2944 Μανιχαῖοι,
621 2874 670 2927 oi
698 2874 1076 2945 ἐσκοτισμένοι
1123 2875 1346 2949 περιτο
1399 2875 1533 2945 φῶς,
1583 2878 1644 2931 τὸ
1682 2879 1855 2949 στόμα

1963 2876 2082 2931 luce
2136 2875 2459 2944 caligantes,
2524 2889 2695 2944 osque
2728 2889 2858 2929 vere
2920 2873 3149 2932 diaboli.
3195 2876 3365 2931 Aiunt
3424 2892 3541 2930 ma-

276 2964 373 3019 τοῦ
400 2964 669 3019 διαϐόλου.
693 2966 980 3034 Λέγουσιν,
1013 2967 1095 3020 ὅτι
1124 2967 1158 3038 ἡ
1201 2965 1299 3037 ὕλη
1345 2965 1655 3039 ἐπολέμησε
1711 2969 1851 3039 μετά

1963 2966 2147 3022 Leriam
2197 2981 2320 3021 cum
2350 2965 2456 3020 Deo
2509 2964 2845 3029 conﬂixisse,
2868 2973 3189 3036 partemque
3224 2965 3291 3019 ab
3313 2980 3382 3020 eo
3411 2967 3540 3021 abs—

278 3054 374 3110 τοῦ
402 3056 559 3121 Θεοῦ,
589 3056 684 3110 καὶ
725 3057 997 3110 ἀνέσπασε
1024 3057 1190 3128 μέρος
1214 3056 1309 3110 ἀπ’
1338 3056 1526 3112 αὑτοῦ.
1578 3059 1856 3130 Περιγρα-

281 3148 412 3201 πτὸν
446 3147 663 3216 λέγουσι
684 3149 775 3203 τὸν
795 3147 950 3214 Θεὸν,
978 3147 1339 3217 πολεμοῦντα,
1384 3150 1479 3203 καὶ
1512 3149 1857 3222 πολεμούμε-

278 3256 388 3302 νον,
417 3240 512 3293 καὶ
537 3237 894 3308 λυπούμενον,
936 3240 1029 3292 καὶ
1055 3240 1507 3311 ἀποτεμνόμενον.
1542 3241 1866 3312 Πολεμεῖται

277 3332 306 3383 6
333 3330 466 3393 Θεός
491 3347 506 3395 ;
541 3330 932 3383 Ἀποκόπτεται
953 3331 980 3383 6
1006 3330 1139 3394 Θεός
1164 3330 1381 3401 ;οῐμοι,
1413 3332 1588 3403 οἴμοιι
1609 3333 1709 3386 οὐκ
1733 3335 1868 3387 ἀπο-

281 3418 581 3490 κτενοῦμεν
604 3418 798 3484 αὑτούς
823 3437 839 3488 ;
888 3420 950 3473 ού
979 3421 1116 3492 πυρὶ
1146 3422 1602 3492 καταναλώσομεν
1621 3441 1635 3490 ;
1656 3424 1868 3488 τούτοις

278 3512 440 3584 ὁμιλή
449 3528 642 3582 σομεν;
666 3511 887 3576 τούτους
905 3513 986 3575 είς
1006 3514 1291 3567 κοινωνίαν
1308 3513 1573 3584 δεξόμεθα
1592 3532 1606 3580 ;
1629 3517 1658 3568 6
1674 3532 1864 3570 κοινω-

279 3602 386 3655 νῶν
407 3602 613 3667 αὐτοῖς,
639 3602 826 3673 ὅμοιος
846 3601 1026 3656 αὐτῶν
1043 3603 1182 3670 ἐστι,
1212 3604 1423 3674 καὶτῆς
1449 3605 1664 3673 μερίδος
1689 3605 1866 3660 αὐτῶν

278 3695 452 3761 ἔσται,
486 3695 580 3747 καὶ
597 3695 656 3748 ἐν
679 3693 757 3764 τῷ
782 3694 877 3748 νῦν
908 3694 1090 3761 αἰῶνι,
1115 3696 1209 3749 καὶ
1234 3694 1384 3766 ἐντῷ
1409 3694 1670 3767 μέλλοντι.
1687 3696 1867 3749 Ἀδελ-

280 3786 392 3854 φοὶ,
422 3785 674 3839 κοινωνία
710 3785 934 3854 ’λέγεται
967 3804 982 3853 ;
1046 3786 1428 3857 ἀποθάνωμεν,
1479 3787 1572 3840 καὶ
1621 3785 1696 3857 μὴ
1710 3785 1867 3850 δεξώ-

283 3876 422 3946 μεθα
440 3878 519 3941 είς
542 3876 827 3931 κοινωνίαν
847 3877 1318 3948 τοὺςΜανιχαίους
1338 3894 1352 3909 ο
1372 3877 1753 3947 ἀποθάνωμεν,
1780 3862 1867 3931 ἵνα

279 3967 532 4039 ζήσωμεν
558 3984 573 3999 ⁸
594 3970 621 4021 6
635 3968 923 4039 δεχόμενος
940 3968 1137 4032 αὐτοὺς
1153 3970 1235 4033 είς
1244 3968 1551 4032 κοινωνίαν,
1566 3968 1868 4037 Μανιχαῖός

279 4060 447 4122 ἐστιν,
479 4060 665 4130 ὅμοιος
693 4059 894 4114 αὐτῶν.
939 4059 1205 4130 Κρεῖττὸν
1232 4060 1382 4113 ἔστιν
1425 4060 1737 4127 Ἰουδαῖσαι,
1760 4061 1858 4114 καὶ

293 4150 545 4204 Ἰουδαῖον
595 4150 907 4215 ἀποθανεῖν,
966 4151 1111 4222 ἤπερ
1151 4152 1479 4220 κοινωνῆσαι
1523 4154 1639 4215 τοῖς
1689 4152 1864 4206 Μανι-

278 4240 477 4310 χαίοις.
502 4237 573 4294 ’Ὦ
597 4243 705 4295 ἀπὸ
736 4242 844 4297 τῶν
873 4252 901 4281 ν
929 4243 1282 4313 Μανιχαίωνί
1333 4243 1605 4297 ἀκούσατε
1636 4244 1699 4315 δὴ
1729 4245 1866 4315 πρὸς

279 4331 440 4396 Θεοῦ,
487 4327 533 4386 ὦ
582 4333 792 4403 ἄνδρες,
849 4334 1118 4387 ἀκούσατε
1178 4334 1232 4387 τί
1281 4352 1447 4405 φησιν
1492 4338 1521 4389 6
1580 4335 1866 4400 θεόλεστος

280 4420 489 4489 Μάνης.
518 4424 632 4475 υύκ
663 4422 800 4487 ἔστι,
844 4424 1031 4495 φησιν,
1055 4424 1085 4477 6
1110 4423 1316 4494 κόσμος
1360 4423 1454 4476 τοῦ
1507 4423 1666 4491 Θεοῦ,
1720 4425 1862 4479 ἀλλά

1963 3060 2216 3114 traxisse.
2304 3057 2800 3127 Circumscriptum
2888 3055 3058 3111 Deum
3130 3057 3352 3122 dicunt,
3442 3057 3540 3126 qui

1967 3161 2268 3221 oppugnet,
2323 3159 2377 3205 et
2406 3156 2779 3219 Oppugnetur,
2813 3162 3049 3203 maerore
3082 3148 3211 3203 item
3245 3147 3536 3213 aﬂiciatur,

1968 3248 2023 3295 et
2055 3247 2391 3308 amputetur.
2422 3239 2589 3304 Quid,
2643 3236 2787 3292 Deus
2815 3237 2962 3291 bello
2988 3237 3330 3293 lacessitur?
3390 3235 3539 3292 Deus

1970 3330 2357 3386 abscinditur?
2388 3328 2431 3384 Ο
2456 3344 2543 3384 me
2592 3328 2890 3384 miserum!
2931 3343 3042 3383 non
3102 3343 3199 3383 eos
3237 3328 3542 3383 interﬁcie-

1967 3438 2092 3477 mus
2112 3423 2137 3474 ?
2157 3437 2263 3475 non
2290 3420 2528 3476 ﬂammis
2546 3421 2940 3476 absumemus?
2968 3435 3090 3475 cum
3117 3420 3203 3474 bis
3223 3434 3537 3475 sermonem

1968 3512 2363 3567 miscebimus?
2402 3509 2517 3566 Hoc
2561 3510 2628 3564 ad
2666 3511 3114 3566 communionem
3168 3510 3541 3580 recipiemus?

1967 3601 2230 3672 Quisquis
2263 3616 2390 3657 cum
2433 3602 2521 3657 his
2550 3602 2943 3667 communicat,
2982 3602 3180 3657 borum
3202 3602 3404 3658 similis
3429 3611 3538 3671 est,

1966 3710 2307 3765 consorsque
2355 3709 2548 3750 eorum
2590 3694 2699 3749 erit
2755 3702 2870 3748 tum
2907 3696 2962 3749 in
3014 3694 3119 3749 hoc
3162 3709 3301 3756 aevo,
3337 3702 3451 3749 tum
3481 3695 3539 3750 in

1965 3787 2173 3843 futuro.
2226 3785 2472 3852 Fratres,
2532 3787 2852 3842 communio
2906 3802 3034 3842 cum
3080 3787 3193 3842 illis
3227 3785 3543 3841 indicitur?

1966 3884 2198 3932 mortem
2260 3881 2415 3947 prius
2443 3884 2798 3946 oppetamus,
2821 3891 2989 3947 quam
3019 3884 3081 3931 ut
3115 3876 3449 3932 Manichaeos
3473 3875 3544 3931 ad

1967 3969 2407 4024 communionem
2440 3968 2818 4024 admittamus.
2844 3968 3165 4036 Moriamur,
3196 3970 3541 4024 utvivamus.

1967 4060 2071 4127 Qui
2106 4075 2203 4116 eos
2226 4059 2293 4114 ad
2323 4059 2778 4115 communionem
2802 4060 3032 4129 excipit,
3066 4059 3403 4114 Manichaeus
3430 4066 3540 4123 est,

1966 4151 2327 4222 ipsorumque
2372 4150 2590 4206 similis.
2630 4148 2976 4205 Judaismum
3022 4146 3266 4217 proﬁteri
3318 4157 3545 4216 praesta-

1965 4252 2069 4308 ret,
2105 4252 2200 4299 aut
2234 4246 2290 4298 in
2326 4242 2615 4298 Judaismo
2673 4241 2832 4303 mori,
2869 4254 3033 4308 quam
3093 4238 3541 4293 communionem

1965 4350 2092 4391 cum
2164 4334 2477 4389 Manichaeis
2512 4332 2734 4387 habere.
2770 4329 2971 4384 Procul
3003 4336 3171 4384 estea
3202 4327 3539 4383 Manichaeis.

1963 4423 2165 4478 Audite
2185 4436 2280 4491 per
2306 4420 2499 4486 Deum,
2524 4434 2627 4474 vos
2650 4420 2925 4482 obtestor,
2964 4417 3087 4484 viri,
3118 4417 3249 4486 quid
3282 4418 3543 4488 perditis-

279 4509 375 4564 τοῦ
412 4511 686 4566 διαϐόλου.
751 4510 1221 4585 ’Δπαλλοτριῶσαι
1259 4524 1286 4552 ι
1315 4512 1465 4581 ἡμᾶς
1496 4511 1744 4581 βούλεται
1770 4512 1860 4566 τοῦ

1971 4515 2142 4570 simus
2184 4513 2287 4567 iste
2315 4511 2503 4566 Manes
2528 4509 2693 4564 dicat.
2735 4509 2991 4574 Mundus,
3030 4509 3128 4574 ait,
3158 4523 3268 4563 non
3302 4519 3388 4563 est
3420 4508 3539 4573 Dei,

281 4602 419 4656 Θεοῦ
468 4603 647 4672 ἡμῶν.
692 4603 802 4657 Καὶ
832 4602 1099 4674 ἐλυπήθη,
1134 4602 1325 4674 φησὶν,
1362 4605 1390 4655 6
1432 4603 1585 4669 Θεὸς,
1632 4605 1715 4658 ὅτι
1756 4606 1868 4658 άπ-

282 4695 454 4764 ικόπη
493 4693 658 4764 μέρος
681 4695 776 4748 ἀπ’
804 4694 990 4762 αὐτοῦ,
1020 4695 1114 4747 καὶ
1141 4694 1417 4748 ὲπόνεσεν.
1462 4694 1585 4748 Ἐἀν
1614 4695 1866 4768 ἀπεκόπη

286 4785 456 4855 μέρος
485 4785 580 4838 ἀπ’
610 4786 797 4851 αὑτοῦ,
822 4787 915 4839 καὶ
944 4785 1182 4857 φθαρτὸς
1211 4788 1347 4839 ἐστι.
1394 4787 1510 4841 Πᾶν
1540 4787 1649 4857 γὰρ
1687 4788 1748 4840 τὸ
1775 4806 1863 4842 τεο

290 4877 577 4945 μνόμενον,
629 4877 869 4948 φθαρτόν
919 4881 1087 4931 ἐστιν.
1149 4876 1412 4946 Ἐσύλησε
1466 4877 1562 4931 καὶ
1612 4879 1857 4949 ἥρπαξε,

288 4967 477 5037 φησὶν,
516 4970 549 5038 ἡ
579 4969 749 5022 κακία
796 4969 962 5040 μέρος
993 4968 1103 5021 ἀπὸ
1152 4966 1247 5020 τοῦ
1273 4967 1430 5034 Θεοῦ,
1458 4970 1555 5022 καὶ
1598 4970 1687 5024 διὰ
1708 4971 1868 5025 τοῦτο

253 5070 260 5138 ξ
288 5059 496 5129 πέμπει
533 5062 562 5113 6
593 5060 748 5125 Θεὸς,
778 5061 872 5114 καὶ
914 5059 1070 5130 συλᾷ.
1119 5057 1213 5111 καὶ
1244 5059 1480 5128 ἁρπάζει
1508 5060 1570 5113 τὸ
1611 5061 1775 5131 μέρος
1805 5061 1867 5115 τὺ

288 5151 521 5222 συληθὲν
566 5154 662 5206 ἀπ’
706 5150 894 5206 αὑτοῦ.
944 5150 1161 5223 Λῃστάς
1201 5148 1334 5201 Θεοῦ
1375 5151 1635 5219 εἰσάγεις,
1670 5146 1714 5204 ὦ
1751 5152 1867 5205 Oed-

288 5242 482 5310 λεστε;
521 5243 656 5297 ἀλλὰ
685 5243 779 5297 καὶ
819 5243 1093 5314 μηχανὰς,
1140 5241 1323 5310 φησὶν,
1360 5240 1617 5312 ἐποίησεν
1646 5246 1674 5297 ὁ
1712 5242 1868 5311 Θεὸς,

364 5421 408 5452 ⁸⁸
455 5420 561 5475 lsa.
598 5437 638 5487 ι,
693 5421 747 5476 2.
852 5422 898 5453 ³⁵
937 5421 1093 5476 Deut.
1133 5439 1305 5491 xxx”,
1343 5427 1394 5480 1.

1975 4603 2073 4660 sed
2113 4603 2358 4658 diaboli.
2403 4602 2674 4656 Nimirum
2709 4616 2813 4657 nos
2846 4616 2873 4655 a
2907 4600 3018 4655 Deo
3079 4608 3267 4655 nostro
3303 4599 3545 4654 alienare

1975 4694 2178 4751 studet.
2240 4692 2476 4748 indoluit
2502 4693 2673 4759 Deus,
2710 4693 2911 4762 inquit,
2947 4690 3093 4761 quod
3139 4692 3322 4761 portio
3356 4690 3456 4744 abs
3484 4704 3545 4745 se

1972 4792 2121 4841 esset
2166 4784 2440 4842 abscissa.
2498 4785 2663 4855 Atqui
2690 4786 2736 4840 si
2771 4798 2897 4854 pars
2924 4784 2992 4837 ab
3040 4797 3107 4838 eo
3127 4782 3312 4837 decisa
3346 4790 3454 4847 est,
3478 4782 3535 4835 in

1973 4876 2094 4947 ipso
2152 4892 2374 4946 quoque
2397 4877 2684 4945 corruptio
2735 4877 2915 4931 locum
2968 4875 3153 4929 habet.
3200 4874 3340 4928 Nam
3399 4873 3546 4943 quod

1973 4972 2307 5034 amputatur,
2340 4964 2689 5033 corruptioni
2727 4962 3036 5017 obnoxium
3066 4968 3172 5017 est.
3206 4960 3545 5024 Malum,ait,

1974 5066 2184 5126 partem
2216 5055 2329 5111 Deo
2357 5056 2638 5126 praedatus
2668 5065 2779 5122 est,
2808 5062 2864 5111 et
2894 5056 3131 5111 abstulit
3166 5071 3180 5108 :
3214 5054 3285 5109 ob
3315 5064 3547 5121 eamque

1973 5163 2200 5204 causam
2229 5149 2401 5203 mittit
2433 5147 2598 5213 Deus,
2624 5163 2735 5218 quo
2758 5155 2969 5216 partem
3004 5154 3250 5215 ereptam
3274 5142 3381 5198 sibi
3410 5154 3549 5210 pne-

1975 5242 2140 5297 detur
2167 5249 2223 5297 et
2249 5240 2484 5296 auferat.
2509 5237 2607 5294 Dei
2644 5237 2985 5309 praedatores
3014 5232 3345 5297 introducis,
3363 5245 3398 5286 o
3416 5244 3545 5302 ρει·-

1586 5507 1815 5563 VARI!!!)
1840 5504 2241 5563 LECTIONES.

366 5638 392 5706 ξ
426 5625 550 5706 Nisi
564 5642 651 5682 me
684 5641 909 5706 prorsus
946 5627 1083 5683 fallit
1114 5627 1398 5700 judicium,
1432 5628 1611 5698 inquit
1640 5625 1849 5692 Dillius,
1882 5623 2116 5688 ἀτόπων,
2148 5618 2439 5692 legendum
2469 5625 2571 5673 est.
2652 5629 2677 5657 κ
2710 5612 2875 5671 Basil.
2919 5609 3196 5683 βούλονται
3256 5608 3405 5682 ἡμᾶς
3438 5608 3547 5666 ἀπ-

299 5696 394 5753 αλλ
408 5696 652 5768 λτριῶσαι
687 5696 825 5749 ίτοῦ.
