3970 6156
455 257 592 322 1563

451 367 732 424 ditissime
780 367 802 419 ?
840 374 894 419 at
931 367 1119 431 etiam,
1180 365 1381 435 inquit,
1424 363 1708 417 machinas
1755 365 2026 419 exstruxit

454 459 633 523 Deus;
672 457 927 510 nimirum
974 455 1263 508 duodecim
1327 453 1517 515 cados,
1550 461 1604 506 et
1631 453 1824 516 solem,
1858 461 1911 506 et
1943 453 2030 504 lu-

454 565 606 604 nam.
663 556 717 599 ut
754 546 900 614 quod
935 560 1094 598 suum
1147 552 1289 606 erat,
1335 543 1626 612 reciperet.
1660 541 1778 607 Qua
1811 541 2029 595 tandem

453 638 521 692 de
554 653 718 692 causa
748 636 769 688 ?
803 643 861 687 ut
881 636 1061 688 bonus
1089 633 1337 687 immisso
1370 636 1493 704 igne
1525 633 1793 684 mundum
1814 640 2030 693 exurat,

453 740 764 799 cunctaque
790 731 992 794 deleat,
1025 744 1090 784 ac
1120 730 1403 782 materiam
1442 726 1662 782 inferne
1690 729 1746 782 in
1781 744 1886 784 suo
1911 729 2033 783 loco

456 831 704 893 ισιιριηιτιι,
743 823 1069 891 animasque
1110 822 1232 874 illas
1266 836 1388 890 quae
1438 819 1649 874 Manent
1705 835 1815 874 non
1843 835 2033 875 susce-

456 916 723 985 perint".
749 915 949 969 Audite
969 913 1100 984 quid
1133 913 1226 968 Dei
1262 913 1620 967 adversarius
1645 913 1815 978 dicat,
1851 929 2032 982 quau-

456 1017 681 1076 tumque
714 1008 958 1060 materia:
989 1006 1098 1059 vim
1139 1006 1346 1059 tribuat
1375 1022 1390 1059 ;
1421 1004 1516 1058 Dei
1545 1004 1804 1059 altissimi
1839 1015 2032 1073 poten-

458 1097 586 1149 tiam
621 1095 824 1161 dejicit.
876 1095 1115 1148 Primum
1176 1095 1322 1148 enim
1375 1095 1450 1148 ait
1511 1094 1808 1164 spoliatum
1859 1094 2034 1150 fuisse

458 1187 648 1241 Deum.
684 1185 727 1240 Ο
756 1187 1191 1241 imbecillitatem
1224 1186 1236 1237 ι
1280 1185 1523 1240 Deumne
1548 1199 1730 1238 meum
1769 1185 2033 1240 imbecil—

458 1277 564 1332 lem
597 1277 769 1332 dicis?
797 1285 851 1329 at
885 1276 1028 1330 ultro
1070 1275 1258 1329 forsan
1301 1275 1585 1344 libensque
1617 1274 1672 1329 id
1702 1290 1898 1344 passus
1924 1283 2030 1330 est.

457 1367 573 1424 Cur
638 1383 769 1437 ergo
802 1382 1039 1422 interere
1073 1367 1303 1421 alIectus
1343 1366 1468 1430 fuit,
1501 1367 1547 1422 si
1604 1366 1690 1422 vis
1724 1367 1828 1437 ipsi
1881 1367 2034 1420 illata

463 1480 572 1518 non
630 1463 750 1516 est?
778 1461 951 1516 Nemo
977 1461 1120 1516 enim
1154 1468 1354 1530 sponte
1408 1475 1509 1515 sua
1545 1460 1746 1529 perdit,
1773 1474 1836 1513 ac
1862 1458 2030 1514 dolet.

461 1553 619 1619 Quod
653 1554 720 1616 si,
755 1567 822 1606 ne
856 1553 1015 1607 locus
1044 1553 1220 1621 ipsius
1261 1561 1647 1621 occuparetur,
1673 1567 1800 1606 cum
1828 1551 2033 1621 alioqui

461 1644 747 1697 materiam
794 1658 1058 1710 superare
1098 1658 1208 1696 non
1264 1649 1472 1711 posset,
1510 1641 1673 1710 diripi
1723 1657 1782 1698 se
1836 1657 2034 1710 passus

1654 261 1713 318 S.
1754 257 2074 318 JOANNIS
2114 259 2546 320 DAMASCENI

2136 363 2342 416 δώδεκα
2371 366 2590 429 κάδους,
2636 369 2729 421 καὶ
2753 371 2844 424 τὸν
2872 374 3042 444 ἥλιον,
3077 379 3170 433 καὶ
3201 381 3303 452 τὴν
3358 380 3637 451 σελήνην,
3661 381 3745 434 ἵνα

2132 453 2274 525 λάϐῃ
2303 454 2361 506 τὸ
2393 455 2538 520 ἴδιον.
2576 455 2690 512 Ἵνα
2719 461 2772 512 τί
2799 462 3104 519 τελευταῖον
3125 468 3353 538 γένηται
3387 487 3403 534 ;
3444 471 3574 522 Ἵνα
3601 468 3744 540 πὲμι

2131 544 2207 614 ψῃ
2236 544 2346 615 πῦρ
2378 548 2406 599 6
2442 547 2665 614 ἀγαθὸς,
2709 553 2801 604 καὶ
2840 554 3012 626 καύσῃ
3058 558 3152 612 τὸν
3197 561 3442 628 κόσμον,
3499 561 3610 614 καὶ
3653 563 3744 614 άν-

2133 636 2315 706 αλώσῃ
2348 639 2544 702 πάντα,
2581 642 2674 693 καὶ
2696 644 3120 719 ἀποκαταστήσῃ
3149 649 3247 719 τὴν
3283 650 3422 721 ὕλην
3453 652 3626 706 κάτω
3659 653 3742 716 εἰς

2131 726 2221 778 τὸν
2280 727 2444 780 τόπον
2495 729 2596 797 τῆς
2635 732 2824 802 αὐτῆς,
2879 737 2974 786 καὶ
3024 739 3123 799 τὰς
3154 738 3334 808 ψυχάς
3366 742 3468 804 τὰς
3522 743 3612 810 μὴ
3645 742 3733 794 δερ

2135 815 2369 885 ξαμένας
2403 817 2493 870 τὸν
2524 820 2796 876 Μάνεντα.
2845 825 3161 889 Ἀκούσατε,
3200 826 3292 883 οἷα
3316 831 3474 898 λέγει
3508 835 3542 885 6
3574 832 3737 886 ἀντε-

2131 907 2280 970 δικος
2307 908 2402 960 τοῦ
2424 909 2582 972 Θεοῦ,
2607 912 2783 982 πόσην
2805 914 3034 986 δύναμιν
3062 918 3246 972 δίδωσι
3275 923 3344 991 τῇ
3380 921 3486 995 ὕλῃ
3507 939 3522 954 ο
3559 939 3744 976 κατα-

2133 999 2321 1052 ϐάλλει
2355 1001 2449 1053 τοῦ
2493 1001 2628 1055 Θεοῦ
2660 1003 2753 1056 τοῦ
2804 1006 3032 1076 ὑψίστου
3070 1011 3171 1079 τὴν
3200 1011 3454 1081 δύναμιν.
3501 1014 3744 1084 Πρῶτον

2136 1091 2236 1160 μέν
2268 1109 2450 1160 φησιν,
2477 1094 2558 1146 ὅτι
2590 1095 2828 1168 ἐσυλήθη
2860 1099 2956 1151 καὶ
3000 1101 3234 1171 ἐκλάπη.
3267 1103 3330 1154 Ὢ
3362 1103 3690 1174 ἀδυναμίας
3724 1105 3738 1157 !

2131 1183 2223 1235 τὸν
2271 1183 2405 1236 Θεόν
2459 1202 2558 1254 μου
2618 1185 2798 1254 λέγεις
2843 1189 3144 1256 άδύνατον;
3183 1191 3324 1245 Ἀλλ’
3371 1193 3517 1246 ἐκῶν
3586 1211 3741 1264 παρ-

2133 1273 2401 1344 εχώρησε.
2437 1276 2558 1338 Πῶς
2588 1273 2681 1330 οὖν
2713 1278 2978 1350 ἐλυπήθη,
3024 1285 3072 1335 εἰ
3101 1283 3175 1353 μὴ
3225 1284 3455 1355 ἐϐιάσθη
3487 1302 3502 1349 ;
3533 1285 3742 1348 Οὐδεὶς

2135 1366 2426 1434 προδίδωσι
2447 1367 2534 1421 “ra
2564 1369 2759 1422 ἑαυτοῦ
2790 1372 3073 1437 ἑκουσίως,
3103 1375 3199 1426 καὶ
3253 1375 3532 1428 λυπεῖται.
3567 1377 3640 1428 ΕΞ
3680 1377 3739 1429 δὲ

2140 1457 2226 1510 ἵνα
2269 1458 2344 1527 μὴ
2393 1461 2799 1531 κατακυριευθῇ
2840 1464 2870 1515 6
2908 1463 3073 1526 τόπος
3109 1464 3298 1530 αὑτοῦ,
3348 1467 3426 1537 μὴ
3471 1467 3738 1536 δυνηθεὶς

2134 1547 2309 1607 ἄλλως
2364 1550 2754 1618 περιγενέσθαι
2794 1555 2893 1622 τῆς
2935 1552 3088 1623 ὕλης,
3143 1555 3426 1626 ἐλυπήθη,
3469 1557 3595 1619 πῶς
3630 1558 3736 1611 οὐκ

2135 1640 2406 1710 ἀδύναμος
2432 1659 2446 1706 ;
2487 1639 2606 1695 εἶτα
2635 1643 2887 1697 λυπεῖται
2916 1646 3008 1698 καὶ
3053 1646 3342 1710 κολάζεται
3371 1649 3432 1701 τδ
3460 1649 3644 1718 μέρος
3674 1652 3735 1704 τὸ

463 1739 567 1793 est,
605 1732 699 1800 qui
725 1731 909 1786 aﬂ‘erri
939 1733 1138 1801 possit,
1185 1733 1320 1802 quin
1384 1731 1759 1786 imbecillitate
1801 1732 2032 1787 laboret.

2150 1731 2229 1782 im‘
2261 1731 2424 1784 αὐτοῦ
2450 1749 2462 1762 ·
2497 1733 2589 1785 καὶ
2637 1733 2971 1802 τεχνάζεται,
3015 1737 3109 1788 καὶ
3162 1739 3408 1807 μηχανάς
3460 1742 3730 1806 ποιεῖται,

463 1819 658 1876 Postea
722 1823 778 1876 in
838 1837 1073 1878 maerore
1107 1833 1380 1886 versatur,
1413 1837 1479 1876 ac
1534 1837 1660 1890 pars
1691 1838 1810 1892 quae
1844 1823 1912 1876 ab
1970 1837 2036 1878 eo

463 1914 653 1970 avulsa
685 1913 989 1968 cruciatur.
1015 1915 1201 1983 Itaque
1229 1916 1456 1969 technas
1481 1914 1724 1977 adhibet,
1747 1924 1801 1968 et
1827 1913 2036 1967 machi-

463 2020 564 2060 nas
591 2005 776 2067 struit,
819 2014 876 2057 ut
899 2004 1046 2074 quod
1069 2020 1228 2058 suum
1260 2013 1368 2069 est,
1392 2004 1576 2071 capiat
1607 2021 1620 2057 :
1655 2012 1712 2057 at
1735 2020 1804 2058 ne
1830 2003 1880 2058 id
1910 2003 2034 2072 qui-

463 2094 587 2148 dem
649 2097 920 2164 integrum
973 2096 1188 2164 recipit.
1260 2096 1474 2149 Etenim
1517 2099 1714 2149 anima:
1775 2096 1882 2149 illae
1915 2111 2037 2162 qua:

466 2185 683 2239 Manent
749 2185 906 2254 sequi
963 2196 1314 2250 recusarunt,
1381 2195 1648 2240 aeternum
1709 2187 2037 2256 puniuntur.

465 2277 781 2332 Extremum
837 2277 938 2331 hoc
990 2286 1094 2338 est,
1144 2277 1291 2346 quod
1352 2277 1581 2332 materia
1640 2279 1838 2331 iterum
1895 2284 2044 2343 post-

465 2385 630 2438 quam
651 2369 917 2423 adversus
941 2368 1143 2422 bonum
1167 2368 1554 2433 insurrexerit,
1573 2382 1811 2437 eumque
1840 2366 2046 2421 afﬂixe-

466 2462 560 2523 τὶν,
591 2460 743 2513 nullo
771 2459 987 2518 tandem
1012 2467 1234 2529 accepto
1254 2459 1380 2514 inde
1409 2458 1760 2521 detrimento,
1796 2472 1956 2513 suum
1979 2456 2046 2510 ad

2144 1819 2231 1870 ἵνα
2286 1819 2423 1890 λάϐῃ
2467 1820 2530 1873 τὸ
2573 1820 2725 1884 ἴδιον,
2766 1823 2863 1875 καὶ
2901 1824 3023 1876 οὐδὲ
3058 1824 3178 1878 ὅλον
3223 1827 3603 1897 ἀπολαμϐάνει
3635 1829 3732 1882 τον

2145 1908 2273 1962 ἴδιον
2299 1925 2313 1938 ·
2345 1910 2401 1961 αἱ
2440 1909 2547 1980 γάρ
2579 1910 2769 1980 ψυχαὶ,
2814 1914 2870 1964 αἱ
2905 1912 2980 1984 μὴ
3011 1915 3446 1986 άκολουθήσασαι
3489 1918 3570 1988 τῷ
3605 1920 3732 1973 Μά-

2143 2018 2286 2054 νεντι
2321 2003 2400 2064 εἰς
2447 2003 2616 2055 αἰῶνα
2655 2005 2973 2067 κολάζονται
3015 2023 3028 2036 ·
3062 2007 3158 2059 καὶ
3192 2009 3584 2081 τελευταῖον,ή
3623 2009 3726 2080 ὕλη

2143 2091 2303 2144 πάλιν
2329 2093 2385 2144 ὲν
2405 2095 2517 2154 τοῖς
2549 2093 2700 2154 ἰδίοις
2722 2095 2910 2155 τόποις
2950 2098 3295 2152 στασιάσασα
3341 2099 3435 2153 τὸν
3487 2101 3724 2167 ἀγαθὸν,

2143 2181 2237 2234 καὶ
2267 2180 2544 2256 θλῐψασα,.
2569 2183 2706 2253 αὕτη
2737 2185 2794 2237 δὲ
2827 2185 2902 2254 μὴ
2929 2186 3200 2252 θλιϐεῖσα,
3231 2190 3368 2242 ἀλλὰ
3403 2192 3466 2242 τὸ
3496 2190 3726 2261 ἔσχατον

2147 2273 2278 2345 προς
2304 2272 2365 2325 τὸ
2401 2272 2530 2326 tam
2559 2274 3047 2346 παλινδρομήσασα
3084 2280 3224 2348 μετὰ
3248 2281 3469 2335 καὶτῶν
3503 2283 3720 2352 ψυχῶν,

2145 2365 2254 2420 τῶν
2280 2365 2354 2435 μὴ
2383 2367 2759 2420 πιστευσασῶν
2780 2378 2808 2416 γ
2839 2368 2916 2438 τῷ
2945 2370 3208 2425 Μάνεντι.
3247 2373 3405 2426 Ἀλλὰ
3434 2375 3600 2444 τυχὸν
3627 2376 3728 2428 καὶ

2151 2457 2312 2508 πάλιν
2341 2456 2736 2521 ἀναστήσεται.

467 2549 646 2600 locum
705 2551 1027 2613 recurrerit,
1065 2566 1176 2606 una
1232 2566 1357 2606 cum
1407 2550 1697 2605 animabus
1733 2550 1863 2614 illis,
1895 2563 2019 2617 quae
2061 2547 2200 2600 Mani
2228 2549 2453 2602 minime
2478 2548 2853 2603 crediderunt.
2916 2551 2986 2604 At
3056 2550 3294 2608 fortasse
3315 2569 3536 2609 rursum
3603 2555 3722 2625 ipsa

465 2654 686 2706 quoque
717 2637 846 2693 hinc
876 2646 1140 2707 emerget.

537 2727 626 2781 68.
683 2727 854 2784 Dicite
905 2729 1066 2784 nobis
1097 2769 1113 2790 .
1159 2744 1194 2785 ο
1253 2729 1533 2785 Μσηίοιιεοὶ
1578 2730 1855 2785 :materia
1915 2745 2039 2785 cum

469 2822 622 2890 prius
645 2819 828 2890 quieta
857 2828 1024 2884 esset,
1061 2821 1295 2887 bonane,
1327 2836 1394 2874 an
1431 2823 1569 2876 mala
1608 2822 1763 2876 erat?
1792 2821 1848 2874 Si
1879 2823 2043 2887 mala,

471 2920 659 2981 postea
724 2911 890 2981 igitur
947 2913 1185 2967 excitata
1221 2913 1494 2969 seditione
1527 2914 1669 2966 bona
1706 2911 1871 2984 456
1898 2911 2042 2968 facta

469 3010 576 3056 est.
633 2999 727 3054 Sin
764 3000 921 3070 prius
951 3000 1116 3065 bona,
1161 3011 1282 3071 post
1313 3002 1478 3072 igitur
1525 3001 1663 3056 mala
1688 3002 1896 3057 reddita
1933 3012 2040 3059 est.

541 3091 771 3156 Deinde,
798 3107 920 3148 cum
949 3093 1209 3149 intestina
1238 3094 1509 3148 seditione
1550 3094 1826 3158 laborans,
1854 3110 2042 3150 amen-

471 3184 627 3255 tique
653 3194 804 3240 motu
829 3185 1030 3256 agitata
1055 3186 1123 3240 ad
1155 3186 1294 3242 lucis
1319 3185 1457 3242 ﬁnes
1478 3187 1736 3256 pervasit,
1766 3188 2037 3258 siquidem

472 3285 751 3346 expertem
788 3278 1032 3332 materiai
1078 3277 1257 3333 lucem
1291 3278 1589 3346 aspexerit,
1615 3293 1854 3347 quonam
1878 3279 2042 3332 modo

475 3383 618 3428 caeca
653 3368 759 3422 sit?
782 3367 885 3434 Qui
926 3369 1042 3422 fieri
1081 3368 1248 3422 etiam
1281 3376 1464 3436 potest
1511 3376 1570 3421 ut
1606 3368 1834 3421 materia
1864 3367 2041 3420 lucem

477 3475 505 3513 a
554 3460 785 3515 materia
849 3471 1117 3516 remotam
1177 3459 1415 3514 cernat?
1448 3459 1502 3512 Si
1538 3467 1718 3514 autem
1753 3459 2042 3521 intellexit,

476 3566 715 3620 quonam
772 3559 930 3620 pacto
962 3553 1173 3605 ratione
1209 3559 1264 3605 et
1298 3558 1481 3605 mente
1522 3558 1694 3612 caret,
1728 3550 2041 3619 lucemque,

477 3652 541 3697 ut
593 3641 952 3706 existimatis,
1006 3642 1300 3696 adamavit.
1328 3641 1614 3706 Quomodo
1669 3645 1788 3696 sine
1837 3639 2051 3694 anima?

477 3734 756 3802 quomodo
783 3732 964 3787 mala?
993 3749 1173 3804 neque
1220 3733 1367 3788 enim
1391 3733 1525 3787 illud
1547 3735 1749 3787 malum
1770 3743 1876 3800 est,
1903 3732 2052 3802 quod

480 3822 610 3878 boni
663 3837 849 3876 amore
903 3823 1135 3890 rapitur.
1191 3822 1442 3889 Quonam
1501 3823 1632 3878 item
1675 3823 1840 3878 modo
1871 3833 2052 3878 mente

481 3918 538 3966 et
564 3910 836 3980 sapientia
877 3921 1049 3975 caret,
1089 3927 1211 3980 qua:
1243 3928 1310 3966 ex
1348 3913 1552 3966 finibus
1583 3912 1722 3974 suis,
1759 3927 1868 3966 non
1901 3913 2050 3968 bruti

483 4001 773 4070 cujusdam
805 4001 1118 4066 animantis,
1147 4003 1241 4055 sed
1277 4002 1718 4071 praestantissimi
1757 4001 2049 4070 cujusdam

483 4108 550 4146 ac
603 4093 739 4147 bene
784 4092 1024 4148 ordinati
1061 4092 1412 4162 imperatoris
1460 4091 1636 4145 instar
1678 4093 1942 4156 excessit,
1970 4093 2052 4146 lu-

485 4183 676 4252 risque
719 4183 866 4238 haud
897 4182 1301 4239 contemnenda
1352 4189 1570 4251 arrepta
1616 4182 1820 4251 prmda,
1858 4183 1923 4237 ad
1953 4198 2052 4238 sua

2225 2724 2326 2798 Εη⁰.
2367 2728 2570 2781 Εἴπατε
2601 2731 2749 2798 ἡμῖν,
2775 2725 2821 2782 ὧ
2842 2731 3152 2800 Μανιχαῖοι,
3184 2734 3216 2801 ἡ
3246 2732 3346 2803 ὕλη
3367 2734 3719 2804 ἡσυχάζουσα

2147 2819 2210 2873 τὸ
2229 2819 2492 2890 πρότερον
2522 2819 2660 2890 καλὴ
2683 2816 2772 2890 ἦν,
2801 2820 2833 2889 ἢ
2865 2823 3046 2891 ataui];
3083 2823 3146 2876 Et
3181 2823 3280 2892 μιν
3302 2825 3467 2895 κακὴ,
3495 2824 3726 2898 ὕστερον

2151 2910 2489 2963 στασιάσασα
2519 2907 2659 2979 καλὴ
2689 2909 2923 2977 ἐγένετο.
2952 2910 3016 2963 Εἰ
3045 2911 3100 2964 δὲ
3125 2911 3341 2981 πρῶτον
3368 2913 3528 2984 καλὴ,
3565 2913 3726 2969 ὕστε-

2149 3017 2242 3070 ρον
2265 3001 2432 3070 κακή.

2219 3089 2354 3147 Εἶτα
2379 3092 2718 3146 στασιάσασα
2747 3093 2886 3164 πρὸς
2915 3093 3133 3165 ἑαυτὴν,
3169 3095 3261 3148 καὶ
3288 3096 3544 3162 ἀτάκτως
3569 3115 3726 3170 κινη-

2142 3183 2319 3249 θεῖσα,
2355 3185 2449 3237 καὶ
2479 3181 2708 3236 ἐλθοῦσα
2750 3184 2831 3245 εἰς
2859 3184 2929 3236 τά
2975 3184 3070 3237 τοῦ
3108 3186 3286 3255 φωτὸς
3328 3189 3455 3257 ὅρια
3479 3229 3496 3251 ,
3543 3190 3594 3241 εἰ
3626 3189 3725 3259 μὲν

2142 3275 2406 3329 ἐθεάσατο
2448 3273 2509 3326 τὸ
2546 3271 2710 3325 άῦλον
2751 3273 2869 3342 φῶς
2898 3314 2912 3340 ,
2967 3274 3082 3334 πῶς
3115 3275 3331 3345 τυφλή;
3383 3277 3510 3340 Πῶς
3541 3277 3598 3330 δὲ
3631 3277 3726 3330 καὶ

2146 3365 2246 3434 ὕλη
2274 3366 2438 3417 ἇῦλον
2473 3363 2589 3432 φῶς
2621 3364 2918 3432 θεάσηται;
2956 3365 3017 3416 El
3047 3365 3103 3418 δὲ
3134 3366 3348 3435 ἐνόησε,
3383 3368 3503 3430 πῶς
3536 3368 3727 3436 ἄλογος

2147 3457 2244 3508 καὶ
2276 3455 2475 3518 hanc;
2522 3453 2617 3506 καὶ
2665 3452 2882 3523 ἠράσθη
2933 3453 3055 3506 καθ’
3097 3457 3262 3524 ὑμᾶς.
3310 3457 3436 3520 Πῶς
3479 3457 3723 3528 άψυχοςς

2149 3546 2265 3608 πῶς
2299 3545 2356 3598 δὲ
2387 3545 2568 3613 καχής
2609 3544 2670 3596 τὸ
2699 3545 2809 3614 γάρ
2843 3544 2986 3614 ἐρῶν
3032 3545 3128 3598 τοῦ
3159 3546 3392 3614 ἀγαθοῦ,
3428 3549 3490 3600 οὐ
3525 3550 3722 3602 κακὸνο

2151 3636 2268 3698 πῶς
2296 3635 2354 3689 δὲ
2386 3636 2546 3698 ἄνους
2577 3634 2670 3686 καὶ
2702 3634 2924 3700 ἄσοφος,
2960 3635 2993 3703 ή
3030 3635 3239 3688 ἐκϐᾶσα
3281 3639 3345 3690 ἐκ
3388 3637 3501 3690 τῶν
3536 3640 3722 3708 αὐτῆς,

2151 3727 2336 3796 ῶσπερ
2373 3726 2511 3790 ζῶον
2545 3725 2643 3777 οὐκ
2684 3724 2898 3792 ἄλογον,
2946 3725 3060 3779 ἀλλ’
3089 3726 3278 3798 ὥσπερ
3310 3729 3536 3799 ἄριστος
3567 3747 3727 3802 στρσ·

2153 3819 2316 3888 τηγὸς
2342 3819 2435 3870 καὶ
2465 3815 2753 3880 εὕτακτος,
2788 3818 2883 3870 καὶ
2906 3817 3151 3872 λαϐοῦσα
3181 3820 3462 3888 ἀξιόλογον
3487 3822 3725 3893 λάφυρον

2157 3910 2251 3963 τοῦ
2286 3908 2461 3976 φωτὸς
2485 3948 2500 3972 ,
2536 3908 2630 3960 καὶ
2657 3910 2736 3971 εἰς
2765 3908 2833 3961 τά
2880 3909 3084 3978 ἐαυτῆς
3135 3911 3574 3980 ὑποστρέψασα;
3608 3913 3726 3975 Πῶς

2157 4001 2215 4055 δὲ
2246 4003 2342 4056 καὶ
2374 4001 2588 4070 φαύλην
2611 4000 2826 4068 λέγετε,
2858 4000 2958 4070 τὴν
2984 4002 3045 4052 τὸ
3080 4001 3283 4069 ἀγαθὸν
3311 4003 3615 4074 δεξαμένην
3637 4005 3728 4057 καὶ

2159 4092 2529 4161 χωρήσασαν;
2566 4089 2635 4142 τὰ
2682 4089 2792 4158 γὰρ
2827 4087 3051 4144 δεκτικά
3078 4091 3308 4159 ἀγαθοῦ,
3355 4091 3458 4145 οὐκ
3493 4093 3724 4157 ἐναντία,

2157 4184 2280 4238 οὐδὲ
2319 4183 2574 4254 πολέμια.

487 4273 720 4330 subinde
781 4287 1032 4343 regressa
1063 4271 1182 4329 est?
1217 4272 1358 4338 Quo,
1413 4271 1659 4340 inquam,
1708 4271 1870 4326 modo
1902 4271 2097 4326 malam
2135 4273 2343 4339 dicitis,
2384 4292 2507 4345 quae
2547 4275 2750 4330 bonum
2802 4273 3047 4343 suscepit
3110 4287 3175 4328 ac
3235 4275 3554 4329 continuit?
3616 4288 3732 4345 qua

484 4368 633 4424 enim
664 4366 938 4436 ejusmodi
988 4375 1140 4427 sunt.
1173 4374 1233 4420 ut
1271 4365 1474 4420 bonum
1517 4364 1802 4432 suscipere
1823 4375 2051 4434 queant,
2091 4381 2278 4420 eanec
2307 4367 2388 4420 illi
2421 4368 2702 4421 contraria
2737 4374 2890 4430 sunt,
2933 4381 3034 4421 nec
3056 4365 3349 4435 pugnacia.

560 4457 640 4512 Ae
685 4472 908 4512 rursum
947 4475 960 4511 τ
1000 4458 1046 4511 si
1079 4455 1175 4510 Dei
1203 4471 1332 4525 pars
1372 4471 1403 4510 a
1443 4457 1672 4511 materia
1695 4459 1917 4528 abrepta
1947 4465 2043 4522 est,

2229 4459 2338 4511 Καὶ
2367 4458 2551 4512 πάλιν·
2580 4459 2628 4510 ει
2657 4457 2756 4528 ὕλη
2790 4460 3080 4528 ἁφήρπασε
3109 4457 3275 4526 μέρος
3303 4455 3397 4508 τοῦ
3425 4455 3587 4517 Θεοῦ,
3613 4457 3734 4526 δρα-

489 4549 741 4619 sequitur
780 4555 840 4602 ut
876 4549 1103 4603 materia
1147 4547 1341 4618 agendi
1371 4548 1483 4602 vim
1519 4556 1572 4602 et
1600 4547 1926 4604 industriam
1961 4549 2060 4602 ba-

492 4645 644 4709 beat;
699 4654 892 4698 contra
950 4643 1079 4697 boni
1135 4651 1328 4698 natura
1377 4644 1622 4714 patibilis
1674 4652 1732 4699 et
1758 4643 1904 4699 fluxa
1963 4643 2058 4699 sit.

492 4732 651 4798 Quod
693 4734 738 4788 si
774 4734 868 4787 illa
912 4734 1040 4788 boni
1071 4734 1371 4804 cupiditate
1406 4733 1600 4790 cﬂecta
1626 4743 1734 4801 est,
1761 4736 1942 4792 bonus
1965 4749 2062 4789 au-

495 4834 605 4879 tem
633 4825 719 4879 sui
748 4835 958 4894 partem
985 4828 1128 4882 malo
1161 4826 1334 4890 dedit,
1362 4834 1662 4898 utrumque
1694 4827 2057 4882 mutationem

497 4915 764 4984 suscepit.
810 4915 945 4968 Nam
981 4927 1035 4970 et
1062 4918 1266 4970 malum
1315 4934 1381 4974 eo
1409 4919 1611 4973 bonum
1653 4918 1908 4975 eﬂ'cctum
1952 4925 2058 4982 est,

498 5006 644 5073 quod
703 5006 832 5060 boni
864 5006 1138 5061 desiderio
1203 5007 1452 5077 ﬂagravit
1495 5027 1508 5062 :
1542 5019 1598 5065 et
1627 5011 1834 5065 bonum
1857 5025 1924 5065 eo
1948 5023 2064 5063 ma-

497 5095 609 5148 tmn
636 5096 834 5160 evasit,
865 5096 1014 5165 quod
1047 5098 1189 5150 malo
1229 5098 1448 5154 misceri
1483 5115 1590 5154 non
1616 5103 1918 5156 recusavit.

577 5187 871 5254 Praeterea,
935 5189 1138 5244 bonum
1171 5204 1235 5246 ex
1263 5189 1369 5244 isto
1399 5199 1558 5259 raptu
1586 5199 1640 5246 et
1668 5193 1942 5251 mistione.
1981 5191 2066 5247 vel
2099 5171 2110 5234 ’-

577 5364 623 5395 ³³
658 5365 790 5422 Vide
813 5365 1076 5440 lipiphan.
1116 5367 1169 5422 in
1200 5368 1396 5426 hmrcs.
1429 5368 1662 5427 Manich.

2163 4551 2385 4619 στήριον
2418 4549 2514 4618 μὲν
2561 4549 2656 4601 καὶ
2704 4550 2984 4620 ποιητικὸν
3050 4551 3083 4618 η
3121 4547 3222 4617 ὕλη
3245 4590 3259 4611 ,
3293 4548 3516 4618 παθητὴ
3559 4547 3615 4600 δὲ
3648 4547 3732 4600 καὶ

2166 4640 2366 4712 ῥευστὴ
2401 4640 2434 4708 ή
2481 4638 2642 4708 φύσις
2679 4639 2772 4693 τοῦ
2800 4637 3028 4706 ἀγαθοῦ.
3075 4638 3137 4690 Et
3186 4637 3247 4690 δὲ
3290 4636 3476 4706 ἐκείνη
3524 4638 3621 4707 μὲν
3645 4635 3732 4689 τοῦ

2163 4729 2370 4798 ἀγαθοῦ
2399 4728 2770 4800 ἐπεθύμησεν,
2800 4730 2828 4782 6
2863 4729 2918 4781 δέ
2939 4728 3140 4796 ἀγαθὸς
3175 4729 3340 4798 μέρος
3374 4729 3544 4782 αὐτοῦ
3574 4728 3735 4781 ἐδωκε

2163 4821 2240 4890 τῷ
2279 4819 2455 4891 κακῷ,
2507 4821 2792 4891 ἀμφότερα
2826 4820 3142 4891 ἐτράπησαν
3165 4835 3178 4850 ⁸
3212 4819 3309 4872 καὶ
3337 4819 3401 4872 τὸ
3435 4821 3608 4873 κακὸν
3637 4818 3736 4888 γὰρ

2168 4912 2485 4982 ἐπεθύμησε
2528 4912 2621 4965 τοῦ
2653 4911 2860 4979 ἀγαθοῦ
2884 4952 2898 4978 ,
2955 4912 3048 4964 καὶ
3096 4910 3302 4978 ἀγαθὸν
3339 4910 3566 4978 ἐγένετο
3591 4927 3604 4940 ·
3651 4908 3738 4962 καὶ

2167 5005 2228 5058 τὸ
2257 5004 2458 5072 ἀγαθὸν
2489 5002 2786 5075 δεξάμενον
2817 5005 3046 5075 μιγῆναι
3083 5001 3162 5073 τῷ
3199 5002 3378 5073 κακῷ,
3417 5003 3590 5057 κακὸν
3624 5000 3738 5070 ἐγέ-

2169 5115 2308 5153 νετο.

2236 5191 2343 5244 Καὶ
2374 5188 2536 5244 πάλιν
2560 5206 2575 5221 ·
2612 5187 2813 5258 ἐϐλάϐη
2860 5187 2918 5241 τὸ
2967 5185 3166 5256 ἀγαθὸν
3201 5185 3308 5239 ὑπὸ
3348 5185 3451 5257 τῆς
3494 5183 3740 5256 ἁρπαγῆς

1812 5525 2035 5584 VARLE
2078 5519 2477 5579 LECTIONES.

585 5614 612 5658 θ
663 5611 728 5666 ft.
761 5619 1175 5675 πιστευσάντων.
