3970 6156
271 314 407 382 1365

1247 325 1628 387 DlALOGUS
1665 325 1967 386 CONTRA
2019 327 2478 389 MANICIIJEOS

3309 380 3314 386 .
3389 317 3526 378 1566

267 429 366 480 καὶ
390 426 492 496 τῆς
519 426 738 496 μίξεως,
768 429 800 500 ἢ
822 428 1052 500 ἔϐλαψεν
1079 447 1091 460 ·
1118 431 1148 502 ἢ
1174 432 1478 505 ὠφέλησεν,
1505 434 1537 506 ἢ
1565 434 1837 506 ὠφελήθη.

1950 436 2340 492 detrimentum
2374 436 2605 506 accepit,
2638 435 2723 490 vel
2745 434 2960 501 attulit;
2998 433 3078 487 rel
3113 431 3403 486 utilitatem
3431 445 3526 482 ac-

267 516 333 570 Ει
366 517 464 587 μὲν
501 517 778 588 ὠφελήθη,
814 521 1036 591 ἐνεργὸν
1075 524 1169 576 καὶ
1200 523 1404 592 ἀγαθὸν
1436 525 1496 578 τὸ
1529 526 1840 595 ὠφελῆσαν,

267 607 363 660 καὶ
392 601 556 679 ἦττον
585 607 646 661 τὸ
679 608 959 678 ὠφεληθέν
991 613 1084 666 καὶ
1115 613 1360 684 παθητόν
1383 631 1398 646 ·
1439 617 1488 668 ει
1523 617 1578 670 δὲ
1611 618 1842 690 ἐϐλάϐη,

267 699 363 751 καὶ
401 697 546 752 οὕτω
580 700 824 770 παθητὸν
871 702 931 756 τὸ
967 703 1164 772 βλαϐὲν
1188 747 1204 770 ,
1240 705 1335 758 καὶ
1388 707 1845 780 ἐπικρατέστερον

266 788 330 842 τὸ
371 789 621 858 βλάψαν·
663 793 712 844 εἰ
749 791 806 844 δὲ
835 792 1072 863 ἔϐλαψε,
1124 797 1294 850 κακόν
1334 798 1487 850 ἐστι·
1528 799 1576 850 ει
1618 799 1674 853 δὲ
1697 799 1843 870 ὠφέ-

266 877 420 948 λησε,
447 879 712 951 φθονερὸς
737 884 766 934 ὁ
788 882 1008 950 ἀγαθὸς,
1037 884 1325 954 λυπηθεὶς,
1353 887 1449 940 καὶ
1482 890 1842 960 μνησίκακος,

268 971 404 1040 πυρὶ
433 973 709 1042 παραδοὺς
731 973 827 1045 τὴν
857 973 1016 1044 ὕλην,
1041 977 1138 1029 καὶ
1167 980 1234 1048 τῇ
1269 979 1541 1052 ὑπερϐολῇ
1571 981 1673 1051 τῆς
1709 1001 1842 1054 μνη.

271 1062 550 1126 σικακίας,
583 1065 765 1118 καὶτὸ
801 1066 995 1120 ἑαυτοῦ
1033 1067 1200 1138 μέρος
1229 1068 1329 1122 σὺν
1355 1073 1514 1143 αὐτῇ.
1545 1075 1608 1126 El
1641 1073 1700 1127 δὲ
1723 1075 1845 1128 οὐδέ

270 1151 502 1222 ἔϐλαψεν
524 1194 540 1216 ,
571 1155 693 1208 οὐδὲ
742 1157 946 1228 ἐϐλάϐη
965 1198 980 1221 ,
1009 1159 1131 1213 οὐδὲ
1176 1159 1464 1231 ὠφέλησεν
1492 1202 1507 1226 ,
1549 1164 1669 1217 οὐδέ
1701 1165 1847 1234 ὠφε-

268 1242 404 1315 λήθη
431 1284 447 1308 ,
490 1246 706 1316 πρῶτον
739 1249 840 1318 μὲν
864 1290 880 1314 ,
920 1250 1286 1321 ἀνενέργητον
1316 1269 1331 1282 ·
1380 1255 1441 1306 τὺ
1485 1253 1594 1324 γὰρ
1640 1257 1846 1324 ἀγαθὸν

269 1333 400 1388 ἔνθα
425 1336 494 1389 ἂν
521 1337 763 1408 γένηται,
789 1339 1011 1408 ὠφελεῖ,
1035 1342 1130 1393 ἐὰν
1162 1342 1261 1414 ἔχῃ
1290 1344 1502 1414 ἀγαθὴν
1525 1347 1806 1414 ἐνέργειαν
1824 1363 1838 1378 ·

268 1423 526 1496 δεύτερον
549 1426 629 1489 δὲ,
659 1427 864 1491 ἄδικον,
895 1429 979 1482 ὅτι
1015 1430 1090 1498 μὴ
1114 1430 1414 1500 ὠφεληθὲν,
1449 1433 1585 1502 μηδὲ
1623 1433 1842 1503 βλαϐὲν,

268 1514 484 1580 κολάζει
523 1515 622 1586 τὴν
664 1517 830 1586 μηδὲν
873 1518 1214 1588 ἁδικήσασαν
1251 1520 1383 1591 ὕλην
1413 1536 1427 1550 ·
1464 1524 1514 1576 ει
1556 1523 1612 1574 δὲ
1659 1523 1747 1576 διὰ
1783 1525 1845 1578 τὸ

267 1606 562 1677 ἐρασθῆναι
608 1609 776 1662 αὐτοῦ
827 1609 930 1680 τὴν
970 1609 1103 1680 ὕλην
1127 1649 1142 1672 ,
1198 1613 1297 1665 καὶ
1338 1617 1629 1683 μετασχεῖν
1676 1615 1841 1669 αὐτοῦ

265 1695 543 1765 ὀργίζεται
583 1698 676 1752 καὶ
714 1699 966 1752 λυπεῖται
991 1744 1005 1767 ,
1049 1701 1172 1755 καθ’
1215 1703 1380 1772 ὑμᾶς,
1417 1703 1605 1774 μηδεὶς
1635 1706 1838 1776 ἐρασθῇ

263 1803 455 1840 αυτου.
1082 1819 1083 1824 η

1945 529 2112 597 cepit,
2146 530 2229 582 vel
2253 528 2420 584 dedit.
2452 528 2508 582 Si
2540 529 2836 583 utilitatem
2854 525 3090 594 accepit,
3111 523 3301 578 eliicax
3322 535 3454 591 ergo
3474 526 3529 574 et

1946 618 2150 674 bonum
2175 618 2309 676 illud
2331 629 2413 674 est
2441 620 2587 688 quod
2607 620 2762 674 alteri
2784 619 2915 672 utile
2950 616 3076 677 fuit,
3104 614 3447 682 inl‘eriusque
3475 621 3529 666 et

1944 709 2193 780 patibile,
2247 710 2334 763 cui
2379 711 2586 765 utilitas
2616 710 2869 766 accessit.
2897 709 2993 762 Sin
3019 707 3410 762 detrimentum
3439 718 3531 758 ac-

1945 800 2112 868 cepit,
2167 799 2250 854 sic
2299 815 2519 869 quoque
2573 801 2800 869 patibile
2839 799 2912 854 sit
2961 803 3178 866 oportet
3219 795 3354 848 illud
3381 793 3527 862 quod

1946 889 2132 942 laesum
2193 888 2317 953 fuit,
2370 896 2426 943 et
2471 874 2744 944 valentius
2800 888 2855 940 id
2883 886 3027 956 quod
3070 887 3229 940 laesit.
3264 885 3360 936 Sin
3396 894 3529 935 vero

1947 980 2088 1034 laesit
2147 981 2308 1050 ipse,
2363 980 2541 1034 malus
2589 994 2718 1050 ergo
2774 986 2878 1033 est.
2947 976 3006 1031 Si
3065 975 3294 1046 profuit,
3388 972 3529 1027 invi-

1946 1067 2136 1120 dentia
2195 1067 2365 1136 igitur
2428 1067 2606 1121 bonus
2667 1065 2902 1131 laborat,
2973 1066 3066 1133 qui
3125 1063 3339 1117 ideirco
3393 1073 3530 1114 moe-

1946 1166 2064 1212 stus
2124 1159 2218 1222 sit,
2284 1167 2340 1212 et
2387 1158 2606 1227 injuriae
2659 1171 2893 1218 memor,
2953 1163 3012 1210 ut
3062 1155 3353 1209 materiam
3417 1150 3529 1222 igni

1948 1249 2148 1314 tradat,
2179 1263 2400 1319 unaque
2425 1249 2509 1303 sui
2546 1257 2774 1318 partem,
2795 1246 3104 1302 incredibili
3154 1245 3380 1300 ultionis
3409 1251 3529 1298 stu.

1945 1340 2058 1396 dio.
2083 1341 2240 1407 Quod
2272 1341 2317 1398 si
2345 1343 2652 1396 neclazsum
2678 1349 2782 1406 est,
2816 1355 2917 1394 nec
2941 1340 3098 1402 laesit,
3154 1335 3527 1392 commodum~

1946 1449 2054 1503 que
2111 1435 2238 1490 item
2302 1450 2405 1490 nec
2459 1434 2736 1505 praestitit,
2794 1447 2896 1487 nec
2949 1430 3248 1502 percepit:
3285 1429 3520 1496 primum

1945 1525 2165 1595 quidem
2197 1526 2382 1581 onmis
2413 1526 2651 1581 actionis
2681 1534 2765 1581 est
2812 1539 3010 1594 expers
3039 1542 3053 1589 ;
3091 1537 3217 1576 cum
3251 1529 3434 1574 tamen
3456 1533 3520 1573 ea

1943 1618 2077 1674 boni
2129 1627 2328 1673 natura
2377 1619 2468 1686 sit,
2520 1627 2582 1673 ut
2624 1618 2944 1687 ubicunque
3001 1615 3264 1678 adfuerit,
3327 1611 3524 1682 prosit,

1943 1711 2108 1764 modo
2153 1713 2326 1780 proba
2379 1711 2700 1766 ellitacitate
2753 1709 2974 1780 polleat.
3035 1707 3241 1761 Deinde
3287 1705 3526 1772 injustus

1873 1796 2045 1866 Best,
2098 1803 2189 1872 qui
2235 1817 2337 1857 nec
2386 1802 2672 1867 beneﬁcio,
2728 1815 2829 1854 nec
2891 1795 3244 1854 incommodo
3273 1792 3524 1854 affectus,

263 1884 546 1938 materiam
588 1885 724 1940 nihil
763 1889 1141 1943 commeritam
1192 1890 1400 1960 puniat.
1453 1889 1778 1954 Sin,vestra
1818 1897 2037 1964 quidem
2089 1899 2370 1967 Opinione,
2431 1908 2718 1967 propterea
2773 1894 3033 1949 irascitur
3063 1898 3117 1946 et
3173 1891 3340 1950 dolet,
3376 1885 3525 1956 quod

263 1974 492 2029 materia
553 1990 742 2032 amore
765 1977 851 2033 sui
895 1987 1270 2049 capta,seque
1301 1981 1516 2036 tandem
1552 1982 1723 2052 potita
1775 1985 1867 2050 sit,
1903 2001 2010 2041 non
2051 1995 2140 2042 est
2164 1987 2310 2058 quod
2385 1987 2676 2057 quisquam
2730 1986 2903 2055 ipsius
2965 1995 3152 2035 amore
3206 1977 3416 2031 ardeat.

332 2067 396 2120 Εἰ
429 2066 518 2131 δὲ,
567 2067 644 2130 ὥς
677 2085 813 2137 φατε
833 2107 850 2133 ,
878 2071 1042 2137 γνοὺς
1071 2073 1101 2125 ὁ
1141 2071 1275 2135 Θεὸς
1305 2073 1404 2143 τὴν
1434 2072 1570 2144 ὕλην
1603 2076 1838 2145 ἐπερχο-

267 2157 435 2228 μένην
458 2157 629 2229 αὐτῷ,
661 2159 804 2214 ἑκὼν
837 2162 1216 2234 συνεχώρησεν
1243 2164 1560 2235 ἁρπαγῆναί
1587 2184 1637 2220 τι
1671 2166 1837 2220 αὐτοῦ

261 2249 352 2302 ὑπ’
385 2251 575 2321 αὐτῆς,
604 2251 692 2306 ἵνα
714 2253 884 2321 αὐτῆς
913 2252 1012 2324 τὴν
1039 2254 1254 2324 κίνησιν
1279 2257 1630 2328 περιγράψας
1657 2275 1834 2328 τιμω-

262 2341 514 2412 ρήσηται,
539 2340 728 2413 ὥσπερ
755 2341 906 2412 βόλον
923 2353 944 2380 ι
972 2343 1225 2416 ἐμπήξας
1259 2349 1323 2418 τῇ
1360 2349 1584 2420 γεέννῃ⁶
1618 2349 1834 2419 πρῶτον

263 2431 360 2501 μὲν
382 2432 527 2495 τίνος
559 2433 748 2486 ἕνεκεν
781 2435 882 2489 οὐκ
915 2435 1120 2499 εὐθέως
1152 2436 1344 2507 ἔπηξε,
1391 2439 1484 2492 καὶ
1514 2441 1834 2510 παρέδωκεν

258 2524 432 2594 αὐτὴν
459 2528 525 2596 τῇ
565 2526 797 2601 γεέννῃ;
827 2526 877 2579 ει
908 2527 965 2580 δὲ
999 2529 1100 2581 οὐκ
1129 2528 1392 2597 ἠδύνατο,
1435 2532 1485 2583 ει
1538 2531 1613 2602 μὴ
1645 2533 1835 2603 τρόπῳ

179 2693 182 2696 γ
254 2615 483 2686 τοιούτῳ
506 2660 522 2685 ,
558 2619 691 2689 ἡμῖν
732 2619 786 2670 τί
822 2618 1100 2689 μέμφεται
1122 2658 1137 2685 ,
1195 2621 1270 2692 μὴ
1302 2621 1730 2692 ἀνθιστωμένοις
1759 2623 1838 2694 τῷ

255 2707 499 2778 πονηρῷ,
531 2710 698 2774 αὐτὸς
727 2712 960 2783 προδοὺς
992 2713 1093 2776 τὰς
1126 2711 1308 2784 ψυχὰς
1349 2713 1508 2785 ἡμῶν
1540 2715 1607 2768 δι’
1641 2715 1838 2770 ἀδυναο

259 2800 391 2871 μίαν
409 2819 423 2866 ;

327 2887 483 2958 Εἶτα,
515 2891 742 2965 γεὲννην
794 2894 1067 2964 λέγοντες,
1109 2896 1142 2968 ἢ
1189 2896 1478 2968 ὁμοούσιον
1502 2896 1596 2951 τοῦ
1622 2896 1829 2965 ἀγαθοῦ

253 2982 462 3055 ταύτην
493 2985 669 3054 ἐρεῖτε
689 3027 705 3052 ,
749 2985 782 3057 ἦ
825 2987 1113 3058 ὁμοούσιον
1147 2987 1242 3042 τοῦ
1272 2989 1511 3060 πονηροῦ
1531 3030 1548 3054 ,
1597 2989 1631 3059 ἢ
1661 2989 1832 3058 ἄλλην

251 3075 476 3141 οὐσίαν,
522 3079 619 3131 καὶ
666 3078 852 3132 οὐκέτι
898 3080 994 3133 δύο
1021 3120 1035 3144 ,
1093 3081 1231 3134 ἀλλὰ
1276 3083 1446 3152 τρεῖς.
1494 3083 1558 3135 El
1601 3082 1711 3152 γὰρ
1735 3081 1832 3134 τοῦ

2010 2079 2167 2147 Quod
2198 2082 2266 2145 si,
2297 2090 2356 2135 ut
2389 2080 2602 2141 dicitis,
2631 2078 2778 2133 Deus
2851 2076 3197 2129 invadentem
3261 2087 3320 2126 se
3350 2076 3525 2125 mate-

1937 2174 2077 2228 riam
2129 2173 2476 2244 prospiciens
2531 2173 2678 2225 ultro
2737 2169 2845 2225 sibi
2913 2169 2981 2222 ab
3016 2181 3080 2221 ea
3135 2165 3272 2234 eripi
3310 2169 3522 2232 partem

1938 2277 2138 2331 passus
2167 2269 2270 2328 est,
2305 2269 2365 2315 ιιι
2403 2260 2524 2329 ejus
2551 2265 2704 2312 motu
2726 2269 3047 2324 compresso
3075 2253 3342 2308 ultionem
3369 2255 3524 2320 post-

1937 2352 2041 2408 hac
2097 2368 2163 2408 ex
2192 2368 2253 2408 ea
2307 2358 2568 2417 sumeret,
2625 2363 2691 2404 ac
2749 2349 2895 2403 velut
2929 2359 3206 2402 carcerem
3262 2342 3526 2413 gehennae

1933 2446 2123 2514 ﬁgeret
2150 2464 2162 2499 :
2197 2445 2432 2513 priurum
2482 2441 2625 2498 illud
2655 2455 2862 2512 quaero,
2885 2453 2988 2492 cur
3021 2451 3132 2492 non
3163 2435 3348 2490 statim
3382 2433 3522 2486 lixe-

1932 2537 2026 2600 rit,
2065 2537 2436 2606 gehennaeque
2478 2549 2598 2589 eam
2636 2528 2968 2588 tradiderit?
3005 2528 3162 2596 Quod
3203 2528 3248 2582 si
3299 2523 3520 2580 nonnisi

1936 2626 2044 2680 hoc
2066 2631 2228 2680 modo
2257 2625 2312 2679 id
2369 2632 2603 2694 poterat,
2643 2624 2777 2696 quid
2819 2622 3044 2676 tandem
3073 2626 3159 2675 est
3182 2617 3328 2687 quod
3355 2615 3517 2672 nobis

1934 2719 2084 2771 malo
2121 2731 2232 2772 non
2257 2717 2652 2772 resistentibus
2683 2720 3035 2777 succenseat,
3069 2725 3196 2765 eum
3246 2711 3366 2780 ipse
3405 2722 3525 2779 pra)

1935 2810 2136 2864 virium
2167 2809 2542 2864 imbecillitate
2571 2809 2786 2864 animas
2839 2803 3180 2876 prodiderit?

2008 2900 2258 2970 Insuper,
2307 2900 2614 2970 gehennam
2666 2899 2944 2961 dicentes,
2979 2904 3074 2950 aut
3103 2909 3224 2950 eam
3261 2890 3517 2962 ejusdem

1938 3006 2063 3046 cum
2092 2992 2257 3055 bono,
2301 2999 2396 3046 aut
2424 2990 2672 3061 ejusdem
2714 3005 2840 3044 cum
2876 2989 3025 3043 malo
3052 2986 3372 3043 substantiae
3395 2997 3522 3039 esse

1938 3082 2160 3148 dicitis,
2219 3090 2313 3136 aut
2368 3083 2597 3138 alterius
2631 3080 2923 3152 cujusdam
2955 3077 3280 3135 substantiae
3310 3095 3324 3131 :
3358 3085 3414 3131 et
3443 3077 3522 3129 ita
3621 3155 3624 3158 ῃ

252 3167 459 3235 ἀγαθοῦ
479 3208 494 3232 ,
541 3168 661 3231 πῶς
713 3170 968 3239 κολάζει;
999 3173 1102 3226 οὐκ
1131 3173 1358 3245 ἀγαθὴ·
1392 3175 1502 3244 γὰρ
1535 3175 1568 3243 ἡ
1611 3175 1826 3242 γέεννα.

1945 3184 2046 3226 non
2077 3171 2220 3233 duae,
2287 3171 2380 3226 sed
2412 3178 2525 3226 tres
2559 3171 2760 3226 futurae
2813 3178 2963 3225 sunt.
3007 3165 3064 3223 Si
3091 3166 3342 3237 ejusdem
3391 3179 3518 3218 cum

251 3258 316 3313 Εἰ
349 3258 405 3312 δὲ
442 3258 537 3312 τοῦ
583 3259 866 3330 πονηροῦ,
936 3263 998 3314 οὑ
1063 3260 1282 3325 κολάζει
1324 3263 1385 3316 τὸ
1433 3261 1635 3316 κακόν·
1683 3261 1835 3314 οὐδὲν

253 3347 365 3418 γὰρ
393 3351 558 3404 ἑαυτὸ
590 3351 832 3415 κολάζει.
866 3354 930 3406 Et
959 3353 1017 3407 δὲ
1063 3353 1252 3424 ἕτερόν
1296 3371 1348 3406 τι
1397 3354 1548 3425 παρὰ
1597 3352 1667 3406 τὰ
1717 3353 1832 3416 δύο,

251 3441 400 3509 τρεῖς
435 3440 624 3511 ἀρχαὶ,
657 3443 753 3496 καὶ
780 3443 842 3495 οὐ
868 3441 962 3495 δύο
981 3459 996 3473 ο
1030 3443 1063 3513 ἢ
1099 3444 1164 3496 ἐκ
1194 3443 1268 3514 μὴ
1311 3444 1465 3505 ὄντος
1501 3444 1580 3503 εἰς
1608 3442 1670 3495 τὸ
1694 3438 1834 3494 εἶναι

255 3531 535 3604 παρήχθη.
575 3534 692 3589 Καὶ
715 3534 764 3586 ει
795 3533 978 3597 τοῦτο,
1013 3534 1102 3588 διὰ
1129 3537 1182 3586 τι
1209 3535 1284 3604 μὴ
1324 3535 1464 3604 πρὸς
1491 3534 1590 3603 τὴν
1621 3533 1835 3587 εὐθεῖαν

253 3623 539 3692 ἐρχόμενοι
573 3625 824 3695 εἴπομεν,
881 3626 974 3679 Ἐκ
1008 3625 1084 3697 μὴ
1126 3625 1278 3689 ὄντος
1313 3628 1391 3689 εἰς
1427 3624 1489 3679 τδ
1522 3620 1661 3680 εἶναι
1687 3643 1831 3697 παρ-

253 3708 395 3778 ήχθη
424 3710 492 3764 τὰ
517 3711 699 3766 πάντα
723 3728 739 3777 ;

1931 3262 2082 3318 bono
2107 3261 2268 3334 5.57
2295 3263 2620 3318 substantia:
2652 3272 2755 3326 est,
2792 3275 3032 3332 quonam
3072 3258 3240 3312 modo
3266 3255 3523 3311 cruciat?

1931 3367 2044 3406 non
2112 3354 2261 3407 enim
2290 3355 2433 3408 bona
2479 3364 2562 3409 est
2621 3353 2891 3423 gehenna.
2939 3350 2996 3404 Si
3029 3356 3212 3403 autem
3267 3344 3518 3416 ejusdem

1932 3452 2017 3500 est
2051 3458 2176 3499 cum
2216 3445 2358 3498 malo
2385 3445 2736 3509 substantire,
2791 3456 3139 3512 nequaquam
3191 3439 3391 3493 malum
3419 3451 3520 3489 ex-

1931 3537 2160 3590 cruciat.
2212 3537 2363 3592 Nihil
2401 3538 2546 3594 enim
2609 3537 2855 3606 seipsum
2919 3534 3096 3605 punit.
3128 3531 3225 3586 Sin
3281 3530 3522 3598 denique

1941 3626 2089 3681 aliud
2130 3627 2388 3696 quiddam
2444 3635 2640 3699 przeter
2673 3628 2790 3682 lucc
2821 3627 2960 3693 duo;
2996 3626 3103 3678 tria
3149 3638 3281 3693 ergo
3312 3620 3518 3692 princi-

1943 3716 2034 3787 pia
2085 3726 2272 3784 erunt,
2304 3734 2416 3773 non
2465 3717 2598 3772 duo.
2628 3716 2769 3772 Num
2798 3731 2932 3771 vero
2959 3730 3027 3770 ex
3048 3714 3220 3768 nihilo
3249 3711 3517 3781 producta

251 3798 373 3853 est?
401 3800 548 3864 quod
577 3801 623 3856 si
659 3801 736 3855 ita
778 3810 899 3868 est;
934 3800 1126 3872 quidni
1164 3817 1297 3874 ergo
1368 3813 1518 3858 recta
1541 3803 1629 3858 via
1673 3803 2012 3871 incedentes,
2065 3808 2250 3862 omnia
2290 3823 2356 3864 ex
2423 3807 2597 3862 nihilo
2663 3806 2730 3860 ad
2768 3805 2874 3860 hoc
2935 3812 2994 3859 ut
3038 3809 3226 3860 essent
3297 3799 3520 3855 condita

254 3890 429 3946 fuisse
455 3890 780 3948 dixerimus.

327 3978 402 4032 Τὸ
445 3979 718 4049 ἄναρχον,
753 3980 1042 4052 ἄτρεπτον.
1091 3982 1282 4054 Τροπὴ
1329 3983 1438 4056 γάρ
1469 3984 1616 4052 ἐστι,
1648 3986 1709 4039 τὸ
1753 3985 1826 4056 μὴ

2000 3984 2160 4054 Quod
2187 3985 2309 4042 sine
2339 3982 2610 4053 principio
2643 3988 2751 4048 est,
2781 3981 2834 4035 id
2884 3993 3106 4050 quoque
3133 3985 3219 4033 est
3268 3977 3524 4030 immuta-

252 4069 520 4141 πρότερον
545 4069 638 4136 ὂν,
677 4070 902 4142 ὕστερον
933 4072 1207 4140 γενέσθαι.
1242 4068 1342 4128 ’Ὧν
1375 4076 1433 4129 δέ
1461 4076 1520 4130 τὸ
1549 4074 1688 4131 εἶναι
1720 4078 1828 4132 ἀπὸ

1945 4083 2060 4137 uile.
2097 4078 2322 4133 Mutatio
2344 4076 2491 4132 enim
2521 4083 2629 4139 est,
2665 4071 2796 4128 cum
2823 4073 2874 4126 id
2902 4071 3047 4142 quod
3074 4071 3225 4140 prius
3243 4081 3353 4122 non
3376 4071 3518 4128 erat,

131 4175 133 4177 ‘
249 4161 460 4232 τροπῆς
500 4161 725 4232 ἡρξατο,
771 4164 868 4217 καὶ
907 4164 1139 4233 τρεπτὰ,
1174 4165 1288 4218 ἀλλ’
1317 4166 1555 4238 ἅναρχα,
1583 4169 1830 4239 ἄτρεπτα

1945 4169 2284 4240 postmodum
2343 4167 2586 4222 exsistit.
2621 4165 2868 4230 Quorum
2907 4174 3076 4230 porro
3105 4171 3229 4212 esse
3261 4170 3291 4208 a
3347 4162 3522 4208 mnta-

1933 4261 2083 4316 tione
2106 4260 2292 4329 caapit,
2336 4271 2398 4312 ea
2423 4270 2645 4326 quoque
2679 4261 2871 4320 suapte
2921 4258 3116 4303 natura
3146 4246 3349 4300 mutari
3388 4258 3520 4314 pos-

1936 4363 2070 4406 sunt
2104 4367 2119 4416 ;
2161 4346 2413 4402 vicissim
2465 4359 2530 4399 ea
2579 4350 2778 4398 natura
2815 4354 2914 4395 sua
2965 4336 3168 4390 mutari
3210 4340 3517 4404 nequeunt,

251 4249 434 4317 φύσει.
466 4249 591 4312 Πῶς
629 4245 722 4304 οὖν
752 4253 816 4305 ἐκ
838 4252 945 4304 τῶν
976 4253 1227 4323 ἁνάρχων
1253 4254 1452 4308 οὐσιῶν
1483 4257 1786 4326 ἐγενόμεθα
1813 4274 1827 4323 ;

252 4339 316 4392 Εἰ
339 4339 450 4412 γὰρ
481 4340 578 4393 καὶ
609 4341 770 4394 αὐταὶ
795 4342 1042 4396 τοιαῦταί
1074 4345 1233 4411 εἰσιν,
1269 4343 1372 4399 οἷοι
1402 4349 1584 4418 ἡμεῖς,
1619 4347 1830 4420 ἄνθρω-

252 4451 344 4488 ποι
377 4435 476 4489 καὶ
500 4435 685 4490 αὐταί.
718 4436 781 4489 Εἰ
810 4437 867 4490 δὲ
901 4436 976 4507 μὴ
1003 4437 1274 4504 τοιαῦται,
1309 4439 1426 4503 πῶς
1464 4439 1826 4511 ἐτράπησαν;

1945 4454 2174 4510 quorum
2207 4451 2330 4492 esse
2357 4433 2630 4504 principio
2671 4440 2839 4487 caret.
2875 4428 3124 4494 Quonam
3163 4426 3332 4496 igitur
3353 4423 3524 4477 modo

253 4526 369 4580 Οὐκ
411 4528 476 4580 ἐκ
516 4528 626 4580 τῶν
666 4527 920 4598 ἀνάρχων
947 4529 1127 4583 τοίνυν
1163 4529 1360 4584 οὐσιῶν
1397 4531 1588 4602 ἡμεῖς,
1621 4532 1735 4585 ἀλλ’
1767 4535 1831 4586 ἐκ

1945 4545 2040 4585 nos
2074 4544 2141 4583 ex
2174 4526 2502 4582 substantiis
2532 4520 3129 4594 principiiexpertibus
3161 4517 3267 4571 orti
3293 4512 3521 4570 sumus?

252 4616 347 4670 τοῦ
385 4616 459 4688 μὴ
497 4617 670 4680 ὄντος.

1945 4620 2000 4677 Si
2036 4621 2184 4676 enim
2229 4634 2308 4674 eae
2335 4619 2471 4672 tales
2506 4624 2656 4678 sunt,
2685 4613 2876 4684 quales
2907 4625 3010 4666 nos
3041 4611 3186 4680 ipsi;
3219 4610 3355 4678 ipsa:
3386 4621 3524 4677 quo-

253 4724 362 4777 que
394 4717 524 4764 sunt
551 4709 821 4765 homines.
848 4711 944 4766 Sin
993 4718 1175 4767 autem
1207 4711 1344 4767 tales
1370 4727 1482 4766 non
1517 4700 1668 4778 sunt,
1693 4729 1932 4785 quonam
1962 4721 2122 4786 pacto
2154 4720 2379 4768 mutatae
2406 4709 2574 4766 sunt?
2604 4705 2726 4761 Non
2754 4720 2887 4776 ergo
2955 4719 3026 4759 ex
3101 4700 3362 4772 principii
3419 4713 3521 4755 ex-

255 4800 500 4871 pertibus
555 4801 902 4869 substantiis,
936 4804 1030 4859 sed
1051 4818 1117 4857 ex
1146 4803 1324 4856 nihilo
1361 4803 1468 4858 orti
1503 4819 1722 4862 sumus.

327 4893 390 4946 Εἰ
419 4891 656 4962 ἄναρχος
691 4893 836 4963 ἀρχὴ
871 4895 966 4948 καὶ
1013 4894 1182 4957 ἀΐδιος
1221 4895 1254 4964 ἡ
1296 4893 1394 4965 ὕλη
1427 4897 1523 4948 καὶ
1552 4899 1585 4966 ἡ
1632 4895 1822 4961 κακία,

1973 4891 2058 4948 ἐἰ
2086 4888 2344 4961 principii
2410 4899 2612 4955 expers
2650 4898 2714 4937 ac
2738 4889 3008 4938 aeternum
3063 4878 3404 4950 principium
3435 4885 3520 4933 est

253 4982 312 5048 ἐξ
343 4982 547 5052 ἐαυτῆς
584 4982 784 5052 ἔχουσα
834 4983 896 5036 τὸ
943 4980 1105 5048 εἶναι,
1138 4984 1235 5037 καὶ
1266 4985 1368 5038 ὅσα
1400 4985 1537 5056 ἔχει,
1573 4987 1825 5040 τουτέστι

1945 4983 2156 5039 nateria
2189 4986 2242 5035 et
2263 4978 2464 5032 malum
2495 4975 2638 5046 quod
2661 4989 2726 5030 ex
2787 4974 2905 5045 ipsa
2931 4980 3116 5028 ortum
3149 4971 3326 5036 ducit,
3359 4967 3520 5039 quid-

252 5073 352 5144 τὴν
403 5073 727 5144 τυραννίδα,
779 5077 873 5130 καὶ
921 5077 1022 5148 τὴν
1068 5078 1261 5147 ἰσχὺν,
1321 5079 1415 5131 καλ⁵
1458 5079 1558 5149 τὴν
1605 5079 1826 5142 κακίαν,

1945 5074 2060 5147 μιίιι
2089 5073 2274 5136 habet,
2297 5071 2400 5124 hoc
2416 5078 2500 5124 est
2521 5065 2897 5137 tyrannidem,
2921 5065 3094 5120 robur
3143 5070 3198 5117 et
3219 5061 3518 5124 malitiam;

253 5163 502 5235 ἄτρεπτα
531 5165 706 5219 ταῦτα
737 5166 869 5231 ἕξει.
901 5168 1027 5232 Πῶς
1066 5164 1160 5222 οὖν
1191 5169 1219 5222 ὁ
1251 5167 1503 5224 τοσοῦτον
1526 5171 1697 5242 αὐτὴν
1728 5187 1830 5240 φο·

1945 5169 2077 5232 bzec,
2112 5165 2361 5234 inquam,
2394 5161 2583 5216 omnia
2637 5167 2906 5230 perpetua
2937 5165 2992 5211 et
3028 5152 3392 5211 immutabilia
3419 5150 3519 5205 ha-

253 5255 466 5325 ϐηθεὶς,
489 5258 630 5312 ὥστε
657 5261 1059 5332 παραχωρῆσαι
1091 5262 1255 5334 μέρος
1285 5263 1451 5317 αὐτοῦ
1483 5264 1829 5335 αἰχμάλωτον

1945 5262 2113 5318 bebit.
2148 5257 2266 5325 Qua
2299 5257 2464 5328 igitur
2519 5254 2737 5309 ratione
2778 5253 2844 5317 is,
2877 5250 2968 5320 qui
3001 5263 3175 5318 usque
3221 5247 3357 5302 adeo
3390 5259 3518 5345 eam

255 5349 348 5402 ὑπ’
377 5351 547 5422 αὐτῆς
592 5351 885 5422 γενέσθαι,
922 5355 1169 5425 ἐσχάτως
1219 5355 1394 5427 αὐτῆς
1440 5355 1826 5431 περιγενέσθαι

1945 5350 2246 5425 pertimuit,
2307 5354 2368 5402 ut
2397 5351 2608 5415 partem
2651 5341 2816 5396 etiam
2849 5341 2935 5396 sui
2971 5339 3042 5393 ab
3087 5352 3150 5391 ea
3174 5337 3520 5438 rapipertni-

255 5439 546 5498 δυνήσεται
568 5459 584 5475 ·
1351 5425 1359 5427 ὴ
1514 5425 1526 5431 ”
1586 5425 1592 5426 ί

1945 5444 2095 5509 serit,
2131 5441 2275 5494 hanc
2319 5437 2384 5491 ad
2411 5444 2716 5497 extremum
2768 5444 3033 5500 superare
3066 5425 3311 5499 poterit?

1530 5562 1765 5618 VARIAE
1801 5552 2206 5617 LECTIONES.

332 5639 758 5724 '_Lr}unclavius
811 5647 975 5721 bene;
997 5650 1249 5708 emendat
1287 5652 1360 5716 ὠς
1397 5637 1702 5724 περίϐολον.
1817 5662 1842 5691 ει
1877 5647 1953 5704 lla
1993 5642 2160 5700 Basil.
2203 5648 2254 5696 ct
2318 5638 2382 5695 lt.
2440 5635 2664 5698 Lettncl.
2702 5633 2761 5689 οὐ
2812 5633 2982 5706 κακή,
3042 5638 3234 5690 contra
3286 5647 3517 5689 sensum

263 5711 523 5767 auctoris.
