3980 6140
503 244 640 311 1567

1673 249 1715 308 S
1775 247 2097 311 JOANNIS
2125 248 2522 311 DAMASCEN
2530 249 2556 307 Ι

3632 238 3765 307 1568

569 358 679 411 68'.
743 354 906 409 MAN.
943 354 1121 410 Eccur
1155 355 1381 421 Deus”,
1416 372 1540 412 cum
1588 366 1894 429 praenosset
1956 358 2069 415 fore

2247 359 2370 430 En".
2408 359 2578 413 MAN.
2612 356 2710 411 Διά
2743 356 2797 411 τί
2834 355 3226 428 προγινώσκων
3273 355 3303 409 ὁ
3344 353 3481 415 Θεὸς
3520 351 3617 405 τὴν
3650 354 3767 407 διά-

498 446 831 501 utdiabolus
863 460 931 500 ex
966 446 1109 502 bono
1138 446 1193 500 in
1227 448 1431 501 malum
1462 456 1792 516 mutaretur,
1820 451 2075 521 factaque

499 538 626 591 boni
661 538 903 605 jactura,
959 536 1087 591 boni
1145 553 1361 605 exsors,
1393 540 1509 594 sive
1561 541 1741 595 malus
1790 542 2071 610 evaderet,

496 629 643 682 hunc
676 638 856 683 tamen
890 629 1136 683 creavit?
1166 629 1377 685 ORTH.
1423 630 1479 685 Si
1522 647 1644 686 eum
1673 640 2073 703 praeuoscebat,

497 725 647 772 certe
692 726 755 771 ut‘
813 719 1042 773 omnino
1087 718 1336 773 futurum
1398 724 1801 792 przrnoscebat.
1856 722 2072 780 Etenim

495 808 617 873 ejus
679 807 826 877 quod
882 809 1109 863 omnino
1141 809 1387 869 futurum
1437 826 1545 865 non
1599 812 1691 877 sit,
1730 814 2071 883 praescientia

497 912 604 950 non
663 906 772 960 est,
804 896 900 951 sed
936 899 1215 968 ignoratio
1257 908 1310 953 et
1341 914 1517 954 error.
1564 899 1727 956 MAN.
1789 901 2073 958 Volensne

495 985 639 1041 Deus
662 1002 786 1041 eum
820 985 990 1041 fecit?
1022 987 1233 1043 ORTH.
1269 988 1428 1044 Certe
1458 990 1673 1045 volens.
1701 991 1863 1046 MAN.
1890 992 2073 1059 Quare

497 1090 645 1139 vero,
680 1092 803 1130 cum
855 1077 1034 1133 bonus
1065 1079 1136 1132 sit
1161 1078 1323 1139 Deus,
1360 1079 1544 1134 facere
1578 1082 1732 1134 illum
1784 1084 2069 1153 voluitqui

494 1163 674 1219 malus
705 1165 925 1222 futurus
946 1168 1132 1222 esset?
1161 1167 1373 1224 ORTH.
1401 1169 1543 1225 Deus
1575 1186 1699 1225 eum
1749 1172 1955 1226 bonum
1993 1173 2072 1228 fe-

496 1254 573 1307 cit
602 1270 615 1306 :
647 1272 835 1310 verum
888 1259 1009 1327 ipse
1056 1269 1252 1328 sponte
1282 1270 1549 1326 mutatus,
1579 1262 1786 1315 bonum
1845 1263 2066 1332 abiecit,

495 1346 697 1413 quippe
756 1348 848 1415 qui
912 1348 1069 1403 liberi
1125 1349 1342 1403 arbitrii
1394 1364 1627 1421 compos
1678 1363 1896 1409 creatus
1925 1362 2065 1411 erat.

496 1432 664 1489 MAN.
698 1436 969 1500 Quidnam
1010 1449 1191 1492 autem
1238 1452 1421 1493 causa:
1450 1448 1555 1505 est,
1585 1457 1684 1496 cur
1714 1458 1835 1496 eum
1860 1444 2069 1499 arbitrii

494 1527 743 1582 libertate
775 1529 1060 1599 praeditum
1097 1545 1160 1586 ac
1192 1533 1513 1588 mutabilem
1550 1534 1828 1591 eﬂ‘ecerit?
1853 1535 2069 1595 ORTH.

493 1614 772 1685 Quidquid
827 1629 1071 1675 creatum
1098 1630 1207 1685 est,
1256 1638 1286 1676 a
1315 1630 1514 1677 natura
1560 1624 1748 1691 habet,
1776 1629 2068 1682 utmutari

2181 448 2357 513 ϐολον,
2390 449 2472 502 ὅτι
2506 447 2705 520 ημελλε
2750 447 3050 518 τρέπεσθαι
3099 448 3163 500 ὲκ
3214 444 3309 499 τοῦ
3337 443 3551 512 ἀγαθοῦ
3591 446 3679 507 είς
3711 445 3767 496 rb

2180 540 2373 603 κακὸν,
2409 539 2505 593 καὶ
2534 538 2935 592 ἀποϐάλλεσθαι
2966 539 3028 589 rb
3049 536 3273 605 ἀγαθὸν,
3309 536 3403 589 καὶ
3424 536 3489 587 ὲν
3515 535 3769 604 άνυπαρ-

2179 630 2267 699 Et;
2299 629 2395 683 τοῦ
2449 629 2656 697 ἀγαθοῦ
2696 625 2857 693 εἶναι,
2903 629 3041 697 ὅπερ
3096 628 3215 680 ἐστὶ
3254 626 3423 682 κακὸν
3448 668 3464 692 ,
3499 627 3769 695 ἐποίησεν

2176 717 2380 782 αὑτόν;
2428 718 2583 772 ΟΡΘ.
2628 717 2694 771 Ei
2732 717 3143 788 προεγίνωσκεν
3170 716 3367 781 αὑτὸν,
3409 715 3495 779 ὡς
3540 716 3767 778 πάντως

2176 812 2437 881 ἐσόμενον
2470 809 2878 881 προεγίνωσιιεν
2906 809 3070 863 αὐτόν
3089 828 3103 840 ·
3136 809 3172 879 ἡ
3200 808 3309 878 γὰρ
3346 807 3419 879 μὴ
3451 808 3673 871 παντὸς
3694 807 3766 869 ὡς

2173 880 2445 971 ὲσομένοῦ
2474 880 2855 972 1³πρόγνωσις
2878 942 2893 965 ,
2939 900 3001 953 οὐ
3040 899 3349 972 πρόγνωσις
3394 901 3555 953 ἐστιν
3584 938 3601 962 ,
3647 898 3762 951 ἀλλ’

2175 991 2421 1058 ἀγνωσία
2472 991 2569 1044 καὶ
2604 990 2800 1060 πλάνη.
2842 989 3015 1042 MAN.
3064 988 3245 1041 Θέλων
3284 987 3554 1056 ἐποίησεν
3596 986 3763 1037 αὑτὸν

2171 1084 2200 1134 ό
2229 1081 2361 1144 Θεός
2386 1098 2401 1147 ;
2433 1082 2585 1134 ΟΡΘ.
2614 1080 2722 1135 Ναὶ
2747 1080 2936 1133 θέλων.
2978 1080 3151 1134 ΜΔΝ.
3180 1079 3290 1133 Καὶ
3319 1078 3408 1132 διὰ
3440 1079 3498 1130 τί
3522 1077 3760 1147 ἠθέλησε

2172 1171 2400 1240 ποιῆσαι
2456 1170 2661 1235 αὐτὸν,
2696 1170 2900 1239 ἀγαθὸς
2951 1169 3062 1233 ὢν,
3107 1169 3200 1223 τὸν
3246 1169 3418 1222 κακὸν
3451 1171 3757 1238 ἰσόμενονς

2171 1264 2324 1317 ΟΡΘ.
2369 1264 2657 1334 Ἐποίησεν
2681 1264 2845 1317 αὐτὸν
2866 1263 3043 1326 όΘεὸς
3077 1262 3243 1317 καλόν
3262 1280 3277 1294 ·
3310 1262 3479 1325 αὐτὸς
3510 1261 3571 1314 δὲ
3602 1262 3759 1313 ἑκου-

2174 1356 2305 1418 σίως
2336 1356 2548 1427 ἐτράπη
2570 1394 2583 1419 ,
2618 1358 2714 1409 καὶ
2751 1354 3057 1410 ἀπεϐάλετο
3087 1355 3148 1408 rb
3184 1353 3389 1423 ἀγαθὸν
3412 1393 3429 1419 ,
3490 1353 3581 1407 ὅτι
3630 1353 3760 1405 αῦτ-

2170 1442 2416 1508 εξούσιος
2464 1443 2699 1510 ἐγένετο.
2752 1444 2925 1497 MAN.
2961 1442 3077 1515 Kat
3099 1442 3188 1494 διά
3217 1443 3270 1495 τί
3299 1443 3573 1512 ἐποίησεν
3604 1442 3761 1495 αὐτὸν

2173 1532 2521 1595 αὐτεξούσιον
2553 1532 2647 1586 καὶ
2676 1532 2910 1601 τρεπτόν
2936 1549 2951 1597 ;
2996 1532 3147 1585 ΟΡΘ.
3178 1531 3425 1603 Τρεπτδν
3471 1532 3580 1601 μὲν
3620 1530 3763 1584 iam:

2175 1626 2380 1695 κτίσμα
2411 1627 2551 1680 κατά
2582 1626 2776 1696 φύσινο
2817 1619 2892 1679 ὧν
2922 1627 3033 1697 γὰρ
3063 1627 3096 1696 ἡ
3142 1627 3361 1694 γένεσις
3393 1625 3512 1678 ἀπὸ
3550 1623 3765 1693 τροπῆς

492 1707 692 1775 possit.
722 1706 971 1773 Quorum
1027 1712 1176 1765 enim
1209 1721 1368 1767 ortus
1397 1726 1428 1765 a
1460 1714 1770 1770 mutatione
1800 1718 1990 1787 coepit,
2010 1734 2069 1772 ea

2176 1718 2400 1788 ἦρξατο,
2425 1717 2599 1771 ταῦτα
2640 1717 2857 1787 ἀνάγκη
2902 1716 3044 1770 κατά
3073 1717 3236 1786 φύσιν
3263 1717 3480 1787 τρεπτὰ
3510 1712 3663 1769 εἶναι
3688 1732 3704 1747 ο
3734 1716 3765 1784 ἢ

491 1813 708 1869 quoque
738 1812 932 1870 suapte
953 1811 1147 1857 natura
1202 1806 1483 1860 mutabilia
1540 1822 1663 1863 esse
1708 1816 1943 1877 oportet.
1961 1809 2075 1863 An-

491 1904 601 1944 non
628 1892 769 1945 enim
796 1893 840 1924 "
871 1896 1101 1949 mutatio
1129 1904 1234 1963 est,
1263 1914 1387 1951 cum
1420 1899 1552 1969 quid
1589 1900 1657 1954 ab
1685 1914 1750 1955 eo
1788 1900 1933 1970 quod
1964 1915 2073 1955 non

490 1990 630 2045 erat,
684 1983 750 2038 ad
795 1983 897 2039 hoc
959 1995 1014 2041 ut
1044 1988 1115 2042 sit
1172 1989 1683 2057 producitur?Quo
1719 1990 1779 2045 iit
1830 1999 1891 2045 ut
1931 1990 2073 2048 Deus

492 2072 646 2126 solus
677 2082 875 2129 natura
930 2076 1291 2136 immutabilis
1323 2081 1417 2146 sit,
1478 2090 1667 2151 utpote
1710 2082 1995 2138 increatus
2019 2091 2073 2138 et

491 2170 751 2219 aeternus.
782 2163 857 2219 Ex
884 2168 1053 2222 rebus
1080 2176 1265 2224 autem
1297 2173 1563 2237 conditis,
1596 2188 1792 2229 omnes
1821 2176 1927 2230 illa:
1953 2190 2074 2245 quae

491 2257 790 2314 rationales
828 2270 983 2325 sunt,
1039 2272 1237 2333 sponte
1294 2273 1602 2334 mutantur,
1638 2283 1739 2337 pro
1771 2268 2073 2324 voluntatis

491 2349 724 2404 arbitrio
783 2353 1051 2422 :reliquaa
1102 2365 1311 2421 autem,
1336 2350 1550 2414 ratibne
1584 2360 1856 2430 corporis.

562 2439 649 2493 69.
690 2442 760 2494 At
786 2457 937 2507 vero,
973 2442 1186 2499 idcirco
1216 2445 1452 2501 liberum
1474 2464 1604 2503 eum
1630 2452 1898 2519 condidit,
1943 2455 2071 2524 quia

490 2531 755 2601 quidquid
808 2535 1027 2590 ratione
1080 2537 1276 2600 utitur,
1319 2539 1407 2593 sui
1458 2540 1605 2608 juris
1655 2551 1760 2597 est.
1792 2544 2068 2609 Quorsum

490 2623 638 2676 enim
691 2623 904 2678 ratione
954 2633 1166 2692 utatur,
1197 2628 1243 2682 si
1286 2630 1502 2685 arbitrii
1554 2632 1812 2689 libertate
1844 2638 2071 2691 careat?

491 2727 617 2766 nam
658 2714 806 2783 quod
842 2722 942 2769 aut
970 2716 1047 2781 vi,
1082 2725 1176 2772 aut
1217 2727 1433 2777 natura
1471 2725 1814 2781 necessitate
1845 2726 1926 2794 ﬁt,
1960 2729 2074 2783 vir-

493 2803 631 2859 tutis
680 2819 882 2861 nomen
921 2822 1273 2881 nequaquam
1303 2812 1539 2868 obtinet.
1570 2812 1647 2868 Ex
1672 2831 1783 2886 quo
1836 2817 2072 2874 edicitur

492 2902 554 2949 ut
589 2912 660 2951 ne
696 2898 870 2955 virtus
907 2901 1133 2969 quidem
1186 2903 1365 2960 brutis
1407 2906 1560 2962 insit.
1590 2906 1764 2963 Porro
1797 2910 2070 2967 bonorum

2176 1814 2237 1865 οὐ
2259 1814 2508 1883 τροπὴ,ή
2535 1813 2600 1865 ὲκ
2622 1811 2717 1864 τοῦ
2746 1811 2819 1882 μὴ
2848 1812 2999 1874 ὄντος
3034 1812 3116 1874 είς
3143 1810 3206 1864 rb
3231 1806 3375 1864 εἶναι
3403 1811 3763 1879 «cperim;

2177 1906 2355 1959 Μόνον
2382 1901 2475 1959 οὖν
2523 1904 2683 1974 φύσει
2718 1906 2990 1975 ἄτρεπτον
3017 1905 3079 1958 rb
3114 1905 3267 1959 Θεῑον
3292 1946 3307 1970 ,
3353 1904 3432 1969 ὡς
3478 1903 3766 1970 ἀκτιστσν,

2176 2002 2271 2053 καὶ
2302 2000 2388 2053 ἀεὶ
2426 1999 2505 2052 ὅν.
2530 1996 2612 2050 Τά
2650 1997 2706 2051 δὲ
2734 1998 3036 2068 κτίσματα,
3061 1999 3161 2051 ὅσα
3193 1998 3293 2069 μὲν
3316 1997 3548 2065 λογικὰ,
3582 1998 3767 2051 ἔθελό-

2173 2108 2402 2163 τρεπτα,
2430 2089 2511 2161 τῷ
2534 2088 2803 2161 θελήματι
2823 2088 3139 2160 τρεπόμενα
3163 2104 3178 2120 ·
3203 2089 3273 2143 τὰ
3296 2090 3355 2142 δὲ
3386 2088 3588 2157 λοιπά,
3627 2090 3770 2143 κατά

2175 2183 2355 2255 σῶμα.

2248 2447 2343 2512 εθν.
2368 2442 2726 2510 Αὗτεξούσιον
2752 2442 2829 2508 δὲ,
2859 2443 2889 2497 δ
2910 2459 2963 2496 τι
2995 2442 3069 2513 μὴ
3109 2439 3169 2506 ἐξ
3198 2440 3470 2509 ἀνάγκης·
3510 2441 3629 2493 πᾶν
3658 2439 3765 2510 γὰρ

2171 2539 2425 2605 λογικὸν,
2461 2533 2835 2602 αὐτεξούσιον.
2890 2534 2987 2597 El;
3016 2532 3069 2586 τί
3104 2532 3211 2602 γὰρ
3246 2530 3325 2602 τῷ
3374 2530 3590 2601 λογικῷ
3631 2532 3767 2601 χρή-

2173 2647 2336 2700 σηται
2361 2670 2377 2694 ,
2413 2628 2488 2699 μὴ
2518 2627 2592 2681 ὢν
2622 2624 3005 2692 αὑτεξοὺσιοςς
3054 2622 3116 2676 rb
3156 2622 3267 2695 γὰρ
3302 2621 3397 2692 βίᾳ
3442 2621 3765 2691 γινόμενον,

2171 2723 2203 2793 ἢ
2230 2722 2447 2792 ἀνάγκῃ
2478 2720 2717 2790 φύσεως,
2744 2718 2843 2772 οὐκ
2866 2717 3034 2788 ἀρετή
3060 2732 3074 2746 ·
3106 2715 3228 2769 ὅθεν
3257 2715 3380 2769 οὐδὲ
3407 2713 3532 2785 ἔχει
3558 2715 3770 2786 ἀρετὴν

2170 2815 2239 2868 τὰ
2270 2813 2442 2881 ἄλογα
2464 2829 2479 2844 ·
2515 2812 2578 2865 rb
2622 2810 2712 2866 διά
2745 2826 2907 2864 τινων
2949 2808 3222 2880 ρᾳθυμίαν
3267 2809 3483 2861 ἀνελεῖν
3522 2808 3633 2877 τὴν
3664 2808 3771 2861 τῶν

2171 2905 2393 2974 ἀγαθῶν
2433 2902 2657 2977 ἀρετὴν,
2685 2901 2747 2955 οὐ
2772 2901 3004 2954 δικαίου.
3036 2900 3210 2954 MAN.
3241 2897 3477 2967 Ὠφελεν
3516 2898 3619 2952 οὖν
3642 2897 3769 2961 τοὺς

489 2983 754 3043 virtutem
782 2988 854 3043 ob
901 2992 1297 3048 nonnullorum
1336 2994 1589 3050 inertiam
1618 2998 1812 3055 tollere
1849 3015 2067 3070 aequum

2177 2997 2477 3069 μέλλοντας
2525 2992 2817 3061 ἐναρέτους
2850 2990 3071 3043 ἔσεσθαι
3122 2989 3315 3058 μόνους
3350 2988 3589 3056 ποιῆσαι
3616 3026 3635 3050 ,
3683 2988 3771 3040 ἶνα

489 3092 600 3131 ηοη
636 3086 741 3133 εει.
775 3079 941 3135 MAN.
982 3082 1152 3153 Igitur
1180 3099 1275 3141 eos
1298 3093 1516 3140 tantum
1539 3088 1781 3145 condere
1810 3062 2069 3159 debebat,

2176 3062 2337 3159 μόνον
2365 3083 2483 3158 ᾗτδ
2519 3083 2723 3149 ἀγαθὸν
2747 3123 2761 3145 ,
2793 3082 2889 3135 καὶ
2927 3081 3066 3151 μόνη
3104 3081 3137 3150 ἡ
3172 3078 3340 3149 ἀρετὴ
3376 3078 3771 3146 πολιτεύηται.

488 3168 586 3238 qui
618 3170 772 3239 probi
808 3170 990 3225 futuri
1052 3185 1261 3237 essent,
1319 3186 1378 3230 ut
1416 3177 1620 3233 bonum
1653 3181 1835 3235 solum
1899 3194 2070 3253 esset,

488 3256 718 3326 solaque
759 3260 935 3315 virtus
964 3262 1196 3332 vigeret.
1254 3263 1467 3320 ORTH.
1511 3267 1825 3325 Perfectum
1862 3272 2069 3328 bonum

489 3344 636 3401 Deus
672 3348 825 3404 solus
841 3357 925 3404 est
947 3390 964 3415 ,
998 3360 1336 3421 cunctaque,
1367 3353 1411 3407 si
1440 3369 1567 3408 cum
1592 3371 1660 3411 eo
1687 3358 2068 3425 conferantur,

490 3434 815 3503 imperfecta
842 3450 995 3503 sunt,
1046 3450 1100 3496 et
1130 3453 1359 3499 eatenus
1412 3444 1702 3511 duntaxat,
1743 3455 1797 3503 et
1836 3457 1984 3513 sunt,
2014 3457 2070 3504 et

487 3524 751 3580 dicuntur
764 3528 931 3600 558
944 3531 1110 3596 bona,
1129 3542 1401 3603 quatenus
1432 3535 1611 3605 ipsum
1642 3530 2067 3608 participant,et

487 3630 554 3670 ex
581 3626 769 3672 mutua
797 3635 987 3675 eorum
1023 3622 1170 3678 inter
1194 3640 1253 3680 se
1284 3627 1723 3696 comparatione.
1750 3628 1883 3684 Nam
1918 3633 2065 3701 quod

488 3706 621 3760 boni
648 3712 820 3778 magis
837 3722 923 3766 est
946 3716 1246 3785 particeps,
1277 3718 1453 3787 magis
1482 3735 1705 3789 quoque
1733 3722 1937 3777 bonum
1957 3731 2062 3788 est,

488 3806 544 3851 et
563 3798 870 3866 dicitur.Qu
881 3804 950 3857 od
968 3816 1147 3861 autem
1180 3808 1380 3875 minus,
1405 3811 1590 3866 minus
1603 3813 1766 3867 etiam
1784 3824 1888 3869 cst.
1910 3814 2064 3880 Quod

489 3901 658 3957 porro
697 3892 846 3944 nulla
882 3895 1094 3950 ratione
1127 3897 1331 3952 bonum
1360 3910 1466 3963 est,
1500 3901 1553 3955 id
1603 3917 1672 3956 ne
1700 3904 1924 3972 quidem
1951 3913 2059 3961 est.

491 3978 650 4046 Quod
710 3981 948 4053 denique
1001 3986 1154 4040 nullo
1214 3988 1379 4041 modo
1419 3991 1620 4043 bonum
1672 4001 1777 4056 est,
1819 4008 2050 4062 prorsus

2169 3178 2322 3231 ΟΡΘ.
2355 3175 2577 3228 Τέλειον
2608 3173 2813 3241 ἀγαθὸν
2840 3174 2869 3225 ό
2895 3172 3028 3235 Θεὸς
3059 3171 3219 3242 μόνος
3238 3187 3253 3203 ·
3284 3173 3355 3241 τῇ
3402 3169 3463 3223 δὲ
3495 3171 3642 3240 πρὸς
3674 3171 3772 3224 αῦ-

2166 3269 2257 3322 τδν
2288 3266 2576 3338 συγκρίσει
2618 3264 2797 3319 πάντα
2833 3264 3000 3335 ἀτελῆ
3027 3302 3044 3328 ,
3087 3266 3233 3317 κατὰ
3261 3264 3423 3318 τοῦτο
3454 3266 3595 3319 ὄντα
3622 3308 3641 3333 ,
3670 3266 3771 3319 καὶ

2168 3362 2438 3431 λεγόμενα
2479 3359 2683 3427 ἀγαθὰ,
2720 3358 2843 3412 καθ’
2894 3360 3020 3412 ὅσον
3064 3357 3233 3411 αὐτοῦ
3283 3360 3588 3428 μετέχουσι
3619 3399 3637 3423 ,
3671 3361 3773 3413 καὶ

2174 3455 2243 3523 τῇ
2281 3451 2417 3521 πρὸς
2460 3448 2665 3519 ἄλληλα
2714 3446 3021 3517 συγκρίσει.
3056 3447 3235 3517 Ὅπερ
3274 3446 3385 3516 γὰρ
3422 3448 3596 3499 πλέον
3639 3464 3772 3518 μετ-

2178 3544 2290 3613 έχει
2324 3540 2419 3594 τοῦ
2458 3539 2662 3609 ἀγαθοῦ
2691 3580 2708 3607 ,
2738 3532 3048 3593 πλέονἐστι
3094 3555 3155 3590 τε
3192 3537 3284 3591 καὶ
3328 3536 3555 3603 λέγεται
3576 3554 3589 3568 ⁸
3624 3540 3768 3609 ὅπερ

2174 3634 2230 3686 δὲ
2256 3632 2499 3694 ἔλαττον,
2526 3630 2768 3691 ἔλαττον,
2812 3630 2948 3699 ὅπερ
2976 3627 3209 3690 οὐδὸλως
3236 3627 3466 3695 ἀγαθὸν,
3501 3628 3767 3691 οὐδόλως.

2174 3725 2250 3779 Tb
2288 3724 2344 3776 δὲ
2378 3722 2609 3784 οὐδόλως
2641 3720 2849 3789 ἀγαθὸν
2876 3760 2892 3785 ,
2923 3717 3205 3780 παντελῶς
3246 3719 3418 3772 κακόν
3439 3734 3457 3749 ο
3504 3721 3603 3771 καὶ
3636 3721 3769 3773 αὐτὸ

2174 3817 2231 3869 δὲ
2263 3815 2324 3868 rb
2358 3811 2499 3868 εἶναι
2524 3852 2539 3877 ,
2596 3812 2801 3881 ἀγαθόν
2827 3828 2843 3843 ·
2894 3811 2959 3864 ὲκ
2996 3810 3133 3864 Θεοῦ
3174 3810 3281 3880 γὰρ
3324 3809 3424 3863 τοῦ
3461 3810 3686 3877 ἀγαθοῦ
3710 3811 3773 3863 rb

2174 3904 2315 3961 εἶναι
2334 3923 2349 3939 ο
2382 3906 2525 3961 ὥστε
2555 3904 2631 3960 ὢν
2658 3908 2686 3959 ό
2714 3904 2978 3967 διάϐολος,
3010 3904 3131 3958 κατ’
3154 3902 3288 3956 αὐτὸ
3313 3904 3377 3956 rb
3414 3899 3589 3967 εἶναι,
3624 3906 3769 3971 ἀγα-

2173 3998 2265 4060 θός
2292 3999 2431 4051 ἐστι.

492 4074 695 4128 malum
741 4084 846 4131 est.
889 4077 1066 4148 Atque
1096 4078 1274 4148 ipsum
1306 4080 1410 4135 hoc
1435 4096 1580 4147 esse,
1610 4084 1812 4139 bonum
1844 4096 1949 4143 est.
1978 4087 2057 4160 Ex
2102 4090 2209 4147 Deo
2228 4090 2431 4162 quippe
2452 4087 2547 4159 qui
2573 4087 2752 4143 bonus
2776 4094 2881 4153 est,
2938 4084 3333 4157 proﬁciscitur.
3386 4084 3765 4151 Quamobrem

491 4178 616 4219 cum
652 4166 903 4224 diabolus
926 4171 1016 4233 sit,
1049 4171 1152 4223 bac
1178 4171 1395 4227 ratione
1424 4175 1569 4244 quod
1612 4183 1718 4239 est,
1748 4176 1926 4233 bonus
1954 4187 2059 4235 est.

566 4255 652 4310 70.
684 4257 851 4312 MAN.
910 4260 1053 4327 Quid
1083 4278 1267 4319 causae
1292 4274 1397 4331 est,
1425 4280 1527 4320 cur
1575 4266 1842 4325 Dominus
1876 4270 2024 4326 dicat
2054 4291 2067 4328 :

2245 4266 2307 4321 o'.
2343 4267 2518 4321 MAN.
2551 4265 2651 4319 Διά
2679 4263 2733 4318 τί
2772 4263 2921 4332 λέγει
2966 4265 2996 4317 ό
3028 4262 3255 4332 Κύριος,
3294 4281 3312 4314 ι
3346 4260 3537 4315 Καλὸν
3582 4258 3662 4332 ἦν
3695 4262 3772 4333 τῷ

499 4364 520 4399 ι
543 4345 752 4402 Bonum
780 4359 896 4405 erat
929 4352 1135 4408 homini
1167 4356 1271 4419 illi,
1293 4358 1339 4411 si
1372 4373 1476 4412 non
1499 4357 1693 4413 fuisset
1717 4370 1881 4417 natus
1907 4362 2073 4419 homo

494 4440 585 4495 ille
604 4442 685 4494 ⁸νῖ
724 4442 933 4499 ORTH.
995 4445 1263 4511 Quoniam
1312 4449 1457 4504 bono
1505 4451 1723 4520 quidem
1776 4453 1919 4509 bona
1942 4457 2073 4512 dare

494 4535 791 4590 convenit:
836 4545 922 4592 ast
980 4540 1273 4611 accipienti
1319 4542 1575 4611 probrum
1623 4553 1677 4598 et
1700 4545 1938 4603 dedecus
1963 4558 2066 4615 est,

495 4637 717 4693 accepta
753 4628 895 4682 dona
929 4630 1153 4686 minime
1180 4648 1403 4687 servare
1428 4650 1442 4688 :
1471 4634 1624 4703 quod
1656 4650 1764 4690 non
1791 4635 2066 4705 donantis,

495 4714 591 4766 sed
626 4715 771 4771 illius
801 4719 963 4788 culpa
1004 4727 1060 4774 et
1105 4722 1356 4776 socordia
1381 4724 1600 4779 accrdit.
1634 4723 1778 4779 Deus
1809 4738 1988 4781 autem
2024 4728 2069 4760 ³ο

496 4805 625 4873 quia
650 4804 824 4859 bonus
854 4817 957 4872 est,
981 4810 1121 4865 bona
1148 4827 1257 4867 non
1278 4812 1461 4879 largiri
1484 4828 1594 4868 non
1627 4822 1826 4884 potest,
1853 4816 1958 4871 hoc
1985 4824 2071 4873 est

496 4907 605 4946 non
652 4893 770 4947 vult
822 4910 930 4950 non
993 4899 1216 4969 largiri;
1252 4903 1345 4972 qui
1378 4917 1508 4957 vero
1549 4905 1801 4975 accipere
1828 4917 2067 4973 recusat,

498 4987 616 5057 ipse
666 4986 770 5040 sibi
824 4988 1211 5045 detrimentum
1268 4995 1525 5059 accersit,
1552 4995 1680 5049 dum
1705 4998 1879 5054 satius
1917 5000 2069 5055 ducit

499 5090 609 5131 non
669 5077 943 5149 accipere,
994 5095 1161 5151 quam
1213 5083 1486 5152 accipere.
1517 5084 1793 5150 Quocirca
1846 5103 2064 5160 aequum

570 5254 615 5285 ιτ
651 5252 769 5333 I_..i_b.
816 5274 889 5326 IV,
933 5260 1006 5316 De
1037 5261 1163 5333 ﬁde,
1210 5276 1331 5333 cap.
1360 5264 1451 5331 ει,
1496 5263 1587 5319 se.

502 5334 618 5395 cap.
654 5326 741 5381 22.

1670 5265 1713 5298 ³⁸
1744 5264 1863 5321 Lib.
1902 5281 1939 5320 ιι
1970 5265 2048 5319 De
2069 5265 2194 5335 ﬁde,
2223 5280 2344 5337 cap.
2372 5265 2463 5319 27.

2179 4357 2452 4430 ἀνθρώπῳ
2483 4357 2697 4425 ἐκείνῳ,
2726 4357 2774 4409 εί
2799 4357 2899 4408 οὐκ
2925 4355 3189 4425 ἐγεννήθη
3226 4357 3255 4407 ό
3290 4354 3591 4423 ἄνθρωπος
3628 4356 3771 4408 Exsi-

2177 4465 2304 4514 νος;
2340 4468 2357 4501 r
2395 4447 2549 4501 ΟΡΘ.
2590 4445 2807 4517 Ἐπειδὴ
2841 4444 2920 4515 τῷ
2968 4446 3066 4515 μὲν
3093 4444 3284 4515 ἀγαθῷ
3322 4444 3557 4515 πρέπει,
3584 4445 3657 4498 rb
3688 4446 3764 4497 δι-

2176 4543 2325 4596 δόναι
2371 4540 2441 4593 τὰ
2486 4538 2667 4608 ἀγαθὰ
2692 4577 2707 4603 ,
2760 4537 2837 4609 τῷ
2892 4537 2949 4591 δὲ
2983 4537 3316 4607 λαμϐάνοντι
3344 4576 3360 4599 ,
3391 4536 3637 4605 αἰσχύνη
3673 4536 3763 4589 καὶ

2175 4632 2401 4696 ὖνειδος,
2428 4629 2490 4683 rb
2519 4629 2596 4700 μὴ
2626 4628 2883 4698 φυλάξαι,
2910 4628 2945 4682 ἃ.
2976 4627 3169 4681 ἔλαϐεν
3203 4626 3405 4695 ἀγαθὰ,
3452 4628 3523 4680 οὐ
3555 4627 3649 4680 διὰ
3676 4627 3766 4681 τδν

2174 4721 2438 4783 διδοῦντα,
2470 4719 2606 4773 ἀλλὰ
2637 4719 2703 4772 δι’
2729 4718 2944 4785 ἑαυτὸν,
2974 4719 3069 4772 καὶ
3095 4717 3193 4788 τὴν
3224 4716 3421 4771 ἑαυτοῦ
3457 4718 3764 4789 ρᾳθυμίαν.

2174 4812 2285 4866 Καὶ
2311 4812 2339 4864 ὁ
2362 4811 2496 4875 Θεὸς
2520 4811 2580 4865 οὐ
2610 4811 2834 4864 δύναται
2868 4811 2942 4881 μὴ
2974 4810 3240 4881 παρέχειν
3280 4809 3350 4863 τά
3380 4811 3597 4877 ἀγαθὰ,
3632 4812 3764 4879 ἀγα-

2176 4901 2269 4966 θὸς
2302 4900 2400 4964 ὢν,
2424 4899 2703 4954 τουτέστιν
2746 4900 2808 4953 οὐ
2852 4899 3037 4953 θέλει·
3071 4902 3100 4953 ό
3129 4900 3187 4953 δὲ
3222 4900 3297 4969 μὴ
3325 4899 3502 4952 θέλων
3548 4901 3764 4960 λαϐεῖν,

2176 4994 2339 5057 αὐτὸς
2368 4991 2562 5046 ἑαυτοῦ
2582 5002 2605 5031 ο
2634 4990 2809 5055 αἴτιος
2836 5031 2850 5056 ,
2884 4989 3061 5061 ἐαυτῷ
3091 4990 3153 5042 rb
3183 4990 3258 5061 μὴ
3287 4989 3478 5043 λαϐεῖν
3510 4996 3766 5062 κρεῖττον

2172 5086 2345 5141 ποιῶν
2371 5084 2465 5139 τοῦ
2495 5083 2703 5137 λαϐεῖν.
2736 5083 2810 5136 Οὐ
2845 5081 3050 5136 δίκαιον
3082 5074 3176 5134 οὖν
3204 5119 3218 5146 ,
3250 5080 3376 5134 οὐδὲ
3409 5081 3581 5135 καλὸν
3604 5122 3627 5147 ,
3681 5084 3765 5136 διὰ

2568 5264 2613 5295 "
2642 5262 2833 5317 Matth.
2870 5278 3020 5318 uvr.
3051 5262 3140 5320 34.
3188 5263 3232 5295 ⁸⁰
3264 5262 3391 5319 Lib.
3422 5279 3500 5330 ιν,
3536 5263 3616 5321 De
3636 5266 3761 5336 ﬁds,

1803 5484 2039 5541 VARl/E
2079 5483 2481 5541 LECTIONES.

576 5591 609 5639 δ
640 5592 778 5653 Edit.
809 5598 1024 5661 παντός.
1056 5597 1191 5671 Reg.
1227 5598 1464 5666 πάντως,
1503 5600 1659 5675 longe
1690 5600 1906 5658 melius.
1985 5613 2007 5642 ε
2044 5600 2405 5658 Lcunciavius
2436 5598 2690 5657 emendat
2716 5597 2915 5669 ἑαυτῷ.
