3970 6156
313 255 454 321 1569

1296 260 1677 323 DIALOGUS
1700 259 1893 322 CONT
1907 259 2010 319 ΒΑ
2053 260 2209 321 ΜΛΝ
2220 260 2247 319 Ι
2252 260 2531 322 (ΞΗίΕΟΞ.

3420 238 3572 330 ιδτο

305 367 371 420 τὸ
402 366 478 439 μὴ
518 365 692 423 θέλειν
722 364 912 420 τοῦτον
950 367 1134 422 λαϐεῖν
1154 408 1170 435 ,
1198 367 1507 440 κωλυθῆναι
1546 371 1636 424 τὸν
1680 369 1883 439 ἀγαθὸν

1987 383 2096 422 non
2130 378 2233 434 est,
2258 385 2359 425 nec
2382 370 2609 438 bonum,
2643 369 2715 426 ob
2762 383 2883 425 eam
2908 385 3154 436 causam,
3185 370 3314 442 quia
3351 371 3439 427 hic
3474 389 3560 428 ac-

304 458 403 512 τοῦ
433 453 492 513 εὖ
537 462 712 512 ποιεῖν
731 499 748 524 ,
803 460 897 512 καὶ
926 459 1125 514 διδόναι
1154 460 1224 515 τὰ
1253 460 1454 530 ἀγαθά,
1503 461 1659 516 Οὕτω
1684 462 1792 531 γὰρ
1820 460 1885 514 ἂν

304 553 341 623 ἠ
378 550 546 605 κακία
599 550 755 604 ἐνίκα
808 552 872 605 τὸ
923 551 1149 620 ἀγαθὸν,
1200 553 1249 604 εί
1275 554 1303 605 6
1334 552 1466 617 Θεὸς
1494 553 1791 624 ἀγαθότητι
1822 553 1886 606 ὲκ

304 644 403 698 τοῦ
437 643 512 714 μὴ
550 643 705 707 ὄντος
752 645 831 706 είς
889 644 953 696 τὸ
1010 639 1150 697 εἶναι
1200 645 1482 715 παράγειο
1518 645 1579 698 τὸ
1611 646 1668 698 δὲ
1716 645 1885 699 κακὸν

304 734 552 799 ἔσεσθαι,
597 734 656 802 ἐξ
686 734 893 803 ἀγαθοῦ
945 736 1208 799 ἑκουσίως
1240 736 1595 807 τρεπόμενον,
1642 737 1885 790 ἐκώλυσε

268 896 273 902 .
304 827 405 898 τὴν
437 825 648 896 ἀγαθὴν
677 826 772 879 τοῦ
806 825 1013 895 ἀγαθοῦ
1051 827 1440 897 δημιουργίαν.
1475 828 1568 880 Διὸ
1591 828 1692 880 οὐκ
1735 823 1886 880 εἶπεν

266 908 336 973 ’ό
365 917 603 991 Κύριος,
641 920 945 990 Συνέφερεν
992 919 1040 971 εί
1080 920 1181 971 οὐκ
1235 919 1500 989 ἐγεννήθη
1528 921 1555 972 6
1596 920 1885 990 ἄνθρωπος

307 1013 552 1079 ἐκεῖνος,
589 1011 758 1077 ἀλλὰ,
799 1030 817 1064 t
871 1012 1142 1082 Συνέφερε
1176 1010 1255 1081 τῷ
1294 1011 1565 1082 ἀνθρώπῳ
1605 1011 1816 1082 ἐκείνῳ.
1862 1031 1880 1063 ι

308 1103 491 1158 Καλὸν
534 1103 633 1173 μὲν
658 1103 799 1157 κατά
830 1102 1012 1173 φύσιν,
1046 1102 1141 1156 καὶ
1168 1102 1310 1156 κατά
1341 1103 1402 1155 τὸ
1430 1103 1638 1156 δίκαιον
1668 1103 1729 1156 τὸ
1750 1105 1889 1171 ἀγα-

309 1193 402 1248 θὸν
433 1189 493 1248 εὖ
527 1198 738 1259 ποιεῖν,
772 1196 869 1250 καὶ
914 1196 1114 1250 διδόναι
1148 1196 1218 1249 τά
1248 1195 1451 1263 ἀγαθά.
1490 1196 1559 1249 '0
1589 1195 1647 1249 δὲ
1678 1195 1884 1260 λαϐὼν,

309 1286 407 1341 καὶ¹
457 1286 532 1357 μὴ
587 1286 867 1356 φυλάξας,
922 1287 1289 1340 ἐπονείδιστον
1347 1285 1525 1357 ἐαυτῷ
1579 1286 1643 1339 τὸ
1700 1285 1887 1340 λαϐεῖν

310 1377 590 1448 ἐποίησεν.
633 1377 805 1441 Αὐτὸς
844 1377 955 1450 γὰρ
987 1380 1016 1432 6
1050 1378 1126 1448 μὴ
1175 1378 1344 1432 θέλων
1372 1378 1433 1431 τὸ
1467 1377 1694 1447 ἀγαθὸν,
1736 1378 1833 1431 καὶ
1859 1378 1887 1431 ὃ

309 1468 425 1539 εχει
451 1469 653 1538 ἀγαθὸν
681 1470 742 1523 οὐ
775 1469 943 1535 θέλει,
972 1468 1093 1522 οὐδὲ
1116 1470 1325 1539 ἥδεται.
1352 1469 1425 1521 Τὸ
1457 1471 1559 1540 μὲν
1583 1468 1693 1540 γὰρ
1724 1466 1885 1533 εἶναι,

304 1557 413 1612 οὐκ
457 1559 545 1627 ἐφ’
575 1558 754 1629 ἡμῶν,
791 1559 908 1612 ἀλλ’
946 1559 1010 1612 ὲκ
1055 1558 1191 1612 Θεοῦ
1243 1560 1446 1630 μόνον’
1477 1559 1540 1612 τὸ
1580 1560 1641 1614 δὲ
1684 1559 1888 1629 ἀγαθὸν

1988 460 2168 529 cipere
2194 461 2350 525 nolit,
2386 462 2583 516 bonum
2615 461 2912 531 prohiberi,
2942 462 3239 531 quominus
3280 462 3561 519 beneﬁcus

1987 551 2083 615 sit,
2116 566 2180 606 ac
2215 551 2357 609 bona
2396 553 2681 620 largiatur.
2712 553 2849 607 Nam
2876 553 3077 623 alioqui
3100 554 3305 609 bonum
3335 570 3365 608 a
3409 555 3562 610 malo

1986 642 2321 707 vinceretur,
2376 645 2669 714 siquidem,
2699 660 2821 699 cum
2855 644 2999 701 Deus
3045 661 3111 701 ex
3144 661 3292 701 mera
3314 648 3561 702 bonitate

1988 750 2077 791 res
2112 751 2175 790 ex
2236 736 2408 791 nihilo
2445 739 2732 807 producat,
2793 749 3006 802 contra,
3058 740 3183 795 ideo
3214 740 3343 808 quia
3377 739 3558 794 malus

1988 826 2189 897 aliquis
2242 826 2463 883 futurus
2508 838 2673 893 esset,
2714 837 2907 899 sponte
2958 830 3259 885 videliceta
3298 830 3442 885 bona
3480 830 3562 885 di-

1987 927 2232 982 vertens,
2288 919 2431 974 bona
2484 920 2611 974 boni
2666 921 2875 975 creatio
2908 920 3284 991 impediretur.
3317 920 3446 975 Eam
3489 923 3561 975 ob

1988 1022 2102 1060 rem
2138 1022 2248 1061 non
2294 1007 2431 1061 dixit
2453 1006 2750 1063 Dominus:
2787 1008 2987 1063 bonum
3016 1017 3153 1073 erat,
3187 1010 3233 1064 si
3267 1018 3426 1065 natus
3450 1024 3560 1064 non

1990 1096 2183 1152 fuisset
2213 1098 2379 1152 homo
2414 1099 2544 1163 ille;
2578 1099 2673 1153 sed
2707 1116 2720 1150 :
2751 1116 2770 1149 ι
2793 1099 2994 1152 bonum
3027 1111 3143 1154 erat
3163 1100 3370 1154 homini
3398 1101 3500 1155 illi.
3535 1119 3554 1153 ι

1989 1185 2200 1240 Bonum
2257 1185 2479 1256 quidem
2536 1193 2645 1249 est,
2680 1197 2942 1256 quantum
2975 1188 3042 1242 ad
3098 1198 3373 1255 naturam,
3410 1198 3465 1245 et
3491 1190 3561 1245 ad

1985 1278 2077 1349 ius
2124 1278 2340 1345 attinet,
2369 1287 2429 1332 ut
2462 1277 2640 1334 bonus
2667 1277 2993 1343 benefaciat,
3030 1287 3084 1333 et
3108 1281 3248 1334 bona
3278 1282 3558 1352 largiatur.

1989 1367 2195 1425 Verum
2263 1369 2358 1439 qui
2412 1370 2642 1438 accepit,
2680 1384 2783 1424 nec
2837 1371 3209 1435 conservavit,
3245 1372 3348 1426 hoc
3380 1374 3561 1441 ipsum

1990 1467 2151 1530 turpe
2196 1460 2303 1516 sibi
2350 1467 2405 1515 et
2467 1460 2799 1530 probrosum
2850 1459 3001 1526 fecit,
3057 1461 3204 1531 quod
3263 1463 3560 1531 acceperit.

1989 1551 2111 1622 ipse
2168 1552 2334 1616 enim,
2397 1551 2491 1620 qui
2522 1551 2727 1606 bonum
2766 1566 2875 1606 non
2926 1552 3064 1616 vult,
3097 1568 3168 1607 ne
3208 1552 3312 1608 hoc
3341 1555 3560 1623 quidem

310 1640 474 1707 εἶναι,
510 1647 576 1698 ἐκ
620 1644 779 1711 Θεοῦ,
824 1646 914 1700 καὶ
961 1645 1021 1710 ἐξ
1061 1645 1237 1717 ήμῶν.
1278 1646 1337 1700 Ὀ
1386 1646 1519 1711 Θεὸς
1563 1644 1697 1711 οῦν,
1747 1650 1883 1720 ὅπερ

1987 1644 2104 1698 vult
2132 1642 2358 1709 bonum,
2416 1642 2565 1713 quod
2605 1643 2788 1708 habet,
2826 1659 3002 1714 neque
3023 1660 3089 1700 ea
3139 1646 3462 1701 delectatur.
3495 1645 3563 1699 Et

310 1735 478 1790 αὑτοῦ
506 1737 644 1801 ἔστι,
678 1736 863 1790 δίδωσι
898 1736 960 1790 τὸ
1002 1736 1064 1790 εὖ
1106 1714 1274 1802 εἶναι,
1319 1740 1484 1809 ἡμεῖς
1512 1739 1591 1805 δὲ,
1630 1741 1767 1811 ὅπερ
1796 1714 1880 1810 eq}

1987 1735 2203 1806 quidem
2237 1742 2299 1789 ut
2329 1733 2528 1801 simus,
2584 1734 2759 1789 nostri
2802 1735 3015 1790 arbitrii
3054 1750 3161 1790 non
3192 1746 3298 1803 est,
3333 1737 3428 1792 sed
3464 1735 3561 1791 Dei

307 1830 443 1900 ἡμῖν
479 1831 619 1892 ὲστι,
659 1827 722 1882 τὸ
770 1827 1004 1897 φυλάξαι
1037 1830 1107 1883 τὰ
1130 1830 1351 1884 δοθέντα
1390 1832 1591 1899 ἀγαθὰ,
1630 1834 1662 1904 ἢ
1701 1834 1886 1887 ποιοῦ-

312 1935 435 1988 μεν,
468 1917 503 1988 ἧ
533 1915 617 1972 οὖ.
650 1917 827 1989 ὀιηρ
857 1918 914 1971 δὲ
945 1918 1109 1989 μόνου
1138 1918 1272 1973 Θεοῦ
1311 1922 1449 1986 ἐστι,
1488 1921 1583 1975 καὶ
1619 1922 1883 1976 θελόντων

309 2010 403 2063 καὶ
438 2011 513 2079 μὴ
549 2008 811 2062 θελόντων
857 2008 1015 2080 ⁴ἡμῶν
1046 2009 1208 2072 αὐτὸς
1236 2010 1489 2078 δίδωσιν,
1534 2009 1611 2075 ὡς
1651 2010 1881 2081 ἀγαθὸς,

310 2100 398 2153 ἵνα
425 2100 529 2154 κᾶν
564 2100 745 2163 ποσῶς
850 2101 908 2153 ὲν
937 2103 1069 2171 ἡμῖν
1107 2100 1167 2153 τὸ
1194 2099 1419 2168 ἀγαθόν.

1983 1827 2156 1883 solius
2194 1845 2209 1881 :
2243 1834 2303 1881 ut
2366 1832 2547 1881 autem
2585 1825 2716 1880 boni
2772 1826 2967 1889 simus,
3010 1838 3124 1882 tum
3175 1844 3241 1881 ex
3281 1827 3412 1894 Deo,
3441 1836 3558 1882 tum

1981 1936 2047 1975 ex
2079 1918 2240 1973 nobis
2274 1924 2378 1973 est.
2427 1917 2573 1975 Deus
2626 1917 2813 1988 itaque
2848 1918 2995 1987 quod
3045 1933 3269 1973 suarum
3318 1920 3557 1988 partium

1980 2017 2084 2075 est,
2116 2009 2253 2065 bene
2283 2023 2404 2065 esse
2432 2007 2697 2079 largitur;
2754 2023 2854 2063 nos
2891 2023 3019 2063 vero
3047 2010 3099 2063 id
3131 2010 3281 2078 quod
3315 2009 3373 2063 in
3406 2018 3563 2078 pote-

1981 2108 2125 2158 state
2155 2107 2346 2154 nostra
2382 2098 2547 2155 situm
2579 2106 2688 2161 est,
2726 2114 2925 2168 nempe
2956 2107 3015 2153 ut
3047 2099 3172 2153 data
3205 2101 3345 2153 bona
3382 2114 3568 2153 serve-

306 2209 449 2259 mus,
482 2193 586 2247 hac
616 2192 699 2246 vel
732 2189 986 2258 facimus,
1018 2191 1099 2246 vel
1129 2191 1474 2260 negligimus.
1510 2189 1667 2258 Quod
1722 2207 1883 2261 porro
1921 2194 2095 2251 salius
2156 2188 2251 2246 Dei
2308 2197 2415 2254 est,
2478 2190 2595 2245 sive
2647 2190 2751 2260 ipsi
2817 2191 3068 2258 velimus,
3155 2192 3269 2246 sive
3303 2191 3541 2246 nolimus

312 2286 431 2355 ipse
466 2299 563 2354 pro
597 2297 694 2337 sua
750 2282 997 2337 bonitate
1023 2281 1250 2347 tribuit;
1280 2297 1391 2352 quo
1421 2283 1626 2338 bonum
1651 2284 1736 2339 vel
1776 2285 1959 2355 aliqua
1993 2284 2188 2339 saltem
2230 2289 2388 2352 parte
2417 2280 2472 2335 in
2519 2281 2681 2336 nobis
2706 2281 2799 2349 sit.

375 2385 476 2433 oa’.
526 2377 587 2429 '0
637 2376 768 2439 Θεὸς
816 2376 912 2429 καὶ
962 2374 1041 2445 τῷ
1093 2374 1325 2444 διαϐόλῳ
1381 2375 1468 2428 ἀεὶ
1518 2376 1752 2448 παρέχει
1804 2382 1877 2432 τὰ

306 2467 506 2535 ἀγαθά,
536 2465 651 2519 ἀλλ’
681 2466 885 2527 ἐκεῖνος
908 2464 968 2517 οὐ
998 2464 1143 2517 θέλει
1165 2464 1352 2517 λαθεῖν
1376 2480 1389 2493 ·
1424 2466 1519 2518 καὶ
1547 2468 1606 2519 ὲν
1635 2466 1715 2537 τῷ
1748 2468 1878 2537 μέλ-

306 2557 451 2611 λοντι
479 2558 634 2611 αἰῶνι
682 2558 816 2610 πᾶσι
852 2556 1070 2610 δίδωσιν
1113 2558 1142 2609 6
1176 2555 1309 2619 Θεὸς
1348 2556 1417 2610 τά
1454 2557 1637 2626 ἀγαθά
1660 2572 1675 2588 ·
1727 2559 1881 2630 πηγὴ

305 2649 418 2720 γάρ
459 2650 576 2702 ἐστι
626 2647 734 2701 τῶν
790 2646 1011 2717 ἀγαθῶν
1073 2646 1324 2719 βρύουσα
1372 2648 1473 2719 τὴν
1525 2648 1883 2720 ἀγαθότητα·

307 2739 537 2804 ἕκαστος
589 2739 667 2804 δὲ,
718 2740 900 2803 καθὼς
942 2738 1136 2792 ἑαυτὸν
1185 2738 1564 2793 κατεσκεύασε
1606 2741 1883 2808 δεκτικὸν,

308 2831 529 2903 μετέχει
576 2829 669 2883 τοῦ
705 2829 939 2898 ἀγαθοῦ.
1001 2828 1270 2884 Ἐνταῦθα
1312 2830 1411 2900 μὲν
1443 2829 1537 2883 οὖν
1577 2830 1709 2901 περὶ
1744 2831 1880 2885 ἄλλα

306 2922 407 2992 τὴν
436 2918 614 2990 ὄρεξιν
641 2919 878 2990 ἔχοντες,
912 2921 1007 2974 καὶ
1032 2918 1505 2989 ἐπιτυγχάνοντες,
1536 2920 1639 2974 κᾶν
1673 2920 1879 2985 ποσῶς,

306 3011 547 3083 ἡδόμεθα
566 3027 580 3043 ·
628 3011 807 3064 ἐκεῖσε
838 3011 916 3075 δὲ,
951 3011 1083 3065 ὅταν
1115 3029 1133 3062 ι
1166 3011 1253 3078 είη
1286 3013 1315 3064 6
1343 3009 1475 3074 Θεὸς
1506 3010 1575 3064 τὰ
1604 3010 1782 3065 πάντα
1823 3013 1882 3066 ὲν

305 3102 463 3164 πᾶσι,
500 3118 518 3151 ι
551 3099 627 3171 μὴ
667 3099 920 3170 βρώσεως
957 3098 1156 3170 οόσης,
1194 3098 1269 3170 μὴ
1299 3098 1531 3166 πόσεως,
1565 3100 1701 3170 μηδέ
1738 3116 1884 3164 τινος

310 3190 579 3262 σαρκικῆς
622 3191 843 3261 ἡδονῆς,
889 3189 1024 3261 μηδέ
1058 3207 1203 3253 τινος
1235 3190 1447 3253 ἀδικίας
1473 3231 1489 3255 ,
1532 3191 1587 3244 οί
1617 3191 1753 3262 μηδὲ
1782 3192 1880 3255 τὰς

2051 2376 2137 2430 71.
2180 2374 2323 2441 Quin
2380 2374 2598 2430 diabolo
2657 2374 2801 2429 Deus
2862 2387 3077 2441 semper
3138 2372 3280 2426 bona
3340 2373 3568 2442 largitur

1980 2465 2079 2524 sed
2124 2466 2238 2536 ipse
2290 2474 2507 2522 recusat
2546 2465 2815 2535 accipere.
2856 2465 3034 2533 Atque
3096 2463 3152 2519 in
3215 2464 3400 2518 futuro
3450 2478 3569 2520 aevo

1985 2556 2130 2612 Deus
2167 2556 2312 2611 bona
2339 2556 2553 2610 cunctis
2593 2556 2789 2625 tribuit
2819 2555 3130 2625 (bonorum
3189 2556 3394 2625 quippe
3444 2555 3568 2610 fons

1988 2656 2094 2714 est,
2150 2639 2422 2703 univer’sis
2461 2646 2761 2701 bonitatem
2801 2644 3153 2716 infundens);
3189 2652 3246 2698 at
3274 2646 3573 2714 unusquis-

1988 2753 2119 2811 que,
2173 2746 2338 2809 prout
2382 2752 2503 2793 sese
2528 2751 2786 2808 capacem
2835 2735 3092 2800 reddidit,
3144 2735 3569 2806 boniparticepa

1985 2830 2251 2887 redditur.
2286 2831 2365 2884 Ac
2416 2829 2642 2899 quidem
2684 2829 2775 2883 hic
2804 2829 2935 2884 dum
2992 2828 3141 2882 aliud
3171 2826 3449 2897 quidpiam
3473 2843 3568 2897 ap-

1984 2921 2244 2991 petimus,
2296 2933 2471 2989 eoque
2492 2919 2756 2989 patimur,
2788 2920 3118 2988 voluptatem
3143 2918 3411 2988 capimus.
3452 2917 3568 2973 illic

1985 3021 2187 3075 autem,
2224 3010 2443 3081 quando
2473 3028 2490 3062 ι
2520 3008 2663 3064 Deus
2715 3008 2819 3065 erit
2858 3011 3041 3064 omnia
3071 3010 3126 3064 in
3160 3010 3500 3075 omnibus",
3540 3028 3560 3061 ι
3622 3054 3629 3062 .

1985 3118 2087 3158 nec
2116 3103 2295 3169 cibus,
2329 3117 2431 3157 nec
2458 3110 2641 3171 potus,
2670 3116 2773 3156 nec
2803 3102 2911 3155 ulla
2938 3102 3121 3156 carnis
3152 3102 3426 3171 voluptas,
3458 3114 3561 3155 nec

1986 3191 2248 3261 iniquitas
2298 3191 2407 3245 ulla
2449 3189 2634 3245 futura
2674 3199 2757 3246 est
2791 3206 2803 3242 :
2838 3199 2953 3245 tum
2978 3191 3011 3244 ii
3035 3192 3127 3260 qui
3156 3191 3211 3245 in
3244 3192 3345 3246 hac
3367 3192 3563 3247 condis

309 3252 562 3353 συνήθεις
601 3252 806 3352 ἡδονὰς
827 3252 1074 3352 ἔχοντες,
1123 3281 1260 3351 μηδὲ
1293 3280 1399 3334 τῶν
1533 3252 1881 3338 Θεοῦδεκτιλ

1988 3252 2139 3337 tione
2168 3291 2350 3348 erunt,
2379 3288 2440 3337 ut
2490 3296 2592 3337 nec
2617 3289 2909 3338 consuetas
2958 3252 3265 3354 voluptates
3300 3282 3561 3351 habeant,

306 3374 393 3427 κοὶ
423 3372 600 3437 ὄντες,
632 3371 924 3424 ὀδυνῶνται
953 3369 1268 3440 ἀνηκέστως
1291 3368 1318 3408 δ
1342 3385 1354 3399 ·
1393 3370 1455 3422 οὐ
1484 3368 1581 3423 τοῦ
1610 3370 1745 3425 Θεοῦ
1787 3373 1880 3426 κό-

304 3462 461 3517 λασιν
489 3463 817 3532 ποιήσαντος
842 3504 857 3527 ,
904 3459 1019 3514 ἀλλ’
1070 3458 1229 3530 ήμῶν
1280 3461 1495 3524 ἑαυτοῖς
1525 3460 1626 3529 τὴν
1660 3461 1878 3517 κόλασιν

306 3551 762 3624 εὐτρεπισάντων.
800 3549 954 3602 Ἐπεὶ
981 3548 1102 3602 οὐδὲ
1131 3550 1159 3601 6
1198 3547 1331 3612 Θεὸς
1366 3549 1590 3620 ἐποίησε
1629 3550 1877 3618 θάνατον,

306 3643 420 3696 ἀλλ’
445 3644 604 3713 ἡμεῖς
636 3643 846 3704 ἑαυτοῖς
869 3639 1057 3693 τοῦτον
1088 3639 1548 3709 ὲπεσπασάμεθα.
1578 3641 1743 3695 Φύσει
1778 3644 1876 3712 μὲν

308 3734 417 3806 γὰρ
452 3735 559 3788 πᾶν
616 3732 869 3786 σύνθετον
906 3730 1227 3785 διαλύεταιο
1281 3731 1400 3785 ἀλλ’
1446 3731 1569 3785 ὅσον
1620 3731 1740 3803 Θεῷ
1788 3732 1879 3788 διά

309 3828 539 3900 θεωρίας
580 3827 757 3897 ἦνωτο
792 3827 820 3879 6
863 3825 1058 3895 Ἀδὰμ,
1100 3827 1158 3879 έν
1192 3824 1372 3893 ἑαυτῷ
1421 3818 1537 3894 εἶχε
1566 3824 1664 3894 τὴν
1709 3824 1876 3896 ζωὴν,

309 3923 449 3992 ὑπὲρ
492 3920 653 3991 φύσιν
694 3917 1066 3984 ζωοποιοῦσαν
1110 3915 1211 3987 τὴν
1244 3916 1447 3986 θνητὴν
1486 3915 1655 3969 αὑτοῦ
1688 3917 1875 3987 φύσιν.

310 4013 439 4066 Ὅτε
466 4012 523 4065 δὲ
549 4010 761 4081 ἀπέστη
791 4008 892 4078 τῆς
916 4007 1051 4077 πρὸς
1083 4005 1181 4077 τὴν
1212 4006 1381 4076 ζωὴν,
1410 4005 1579 4075 ηγουν
1602 4006 1695 4058 τὸν
1723 4007 1879 4075 Θεὸν,

308 4103 574 4167 ινώσεως,
608 4097 773 4171 ἦλθεν
814 4102 878 4152 ὲκ
912 4099 1011 4169 τῆς
1049 4098 1192 4169 ὑπὲρ
1232 4096 1394 4167 φύσιν
1444 4096 1760 4169 ἀφθαρσίας
1802 4102 1883 4164 είς

306 4191 404 4263 τὴν
456 4192 596 4245 κατά
635 4190 797 4260 φύσιν
827 4188 921 4243 τοῦ
961 4188 1219 4243 συνθέτου
1264 4186 1547 4253 διάλυσιν,
1583 4188 1720 4261 ὅπερ
1767 4190 1886 4244 ἐστὶ

309 4278 559 4342 θάνατος.

1987 3389 2089 3429 nec
2114 3388 2326 3438 earum,
2364 3389 2486 3444 quae
2518 3389 2583 3431 ex
2619 3372 2729 3429 Deo
2755 3373 3204 3443 proﬁciscuntur,
3241 3374 3351 3428 sint
3394 3388 3562 3444 capa-

1984 3480 2100 3527 ces,
2161 3466 2215 3519 in
2238 3466 2567 3536 gravissimo
2620 3481 2841 3535 quoque
2889 3465 3081 3520 dolore
3129 3466 3500 3521 versabuntur
3545 3482 3561 3520 :

1984 3572 2092 3611 non
2121 3557 2271 3626 quod
2303 3555 2445 3613 Deus
2511 3559 2837 3627 supplicium
2884 3557 3106 3622 fecerit;
3138 3557 3231 3613 sed
3267 3557 3413 3628 quod
3462 3571 3566 3612 nos

1978 3660 2197 3716 poenam
2228 3645 2387 3701 nobis
2423 3645 2542 3715 ipse
2591 3646 2988 3716 paraverimus.
3034 3645 3169 3699 Nam
3209 3661 3384 3714 neque
3421 3644 3566 3699 Deus

1980 3745 2211 3792 mortem
2272 3735 2420 3802 fecit,
2483 3736 2579 3792 sed
2640 3737 2788 3792 illam
2873 3738 3033 3793 nobis
3079 3738 3467 3793 accersivimus
3498 3737 3564 3791 ⁸¹.

1981 3826 2301 3898 Quanquam
2326 3828 2470 3882 enim
2487 3843 2551 3884 ea
2597 3828 2847 3899 corporis
2875 3828 3025 3883 omni
3056 3827 3345 3898 compositi
3374 3833 3568 3881 natura

1981 3929 2085 3985 est,
2146 3928 2207 3974 ut
2251 3919 2585 3976 dissolvatur
2644 3921 2979 3992 aliquando;
3033 3928 3279 3999 attamen
3326 3918 3570 3989 quandiu

1989 4011 2233 4067 Adamus
2253 4026 2349 4081 per
2379 4011 2903 4082 contemplationem
2935 4026 3063 4067 cum
3091 4007 3205 4065 Deo
3237 4011 3571 4077 coniunctus

1991 4099 2159 4173 459
2202 4108 2345 4166 erat,
2380 4101 2436 4156 in
2478 4117 2538 4157 se
2567 4103 2738 4156 vitam
2772 4102 3033 4166 habebat,
3068 4113 3176 4169 qua
3206 4098 3457 4152 mortalis
3486 4098 3570 4168 ip-

1994 4194 2112 4249 sius
2142 4208 2273 4249 caro
2296 4208 2462 4263 supra
2492 4201 2701 4247 natura
2731 4193 2874 4261 leges
2908 4190 3299 4245 viviﬁcaretur.
3330 4187 3563 4244 Postea-

1993 4297 2159 4351 quam
2216 4296 2347 4337 vero
2378 4281 2604 4336 recessit
2632 4295 2661 4333 a
2716 4280 3128 4348 conjunctione,
3161 4293 3284 4347 qua:
3323 4277 3401 4332 illi
3438 4292 3566 4332 cum

306 4369 438 4431 vita,
472 4369 586 4424 sive
640 4382 765 4423 cum
801 4366 912 4423 Dea
963 4374 1102 4433 erat,
1138 4366 1208 4423 ab
1255 4382 1320 4424 ea
1371 4366 1605 4423 subinde
1668 4366 2079 4439 incorruptione
2112 4383 2235 4440 qua
2278 4376 2493 4423 naturae
2556 4367 2700 4422 vires
2758 4367 3087 4431 excedebat,
3153 4365 3208 4419 in
3276 4364 3569 4436 compositi

313 4461 735 4519 dissolutionem
787 4471 997 4515 natura:
1052 4470 1499 4527 consentaneam,
1550 4461 1654 4516 hoc
1706 4470 1792 4517 est
1830 4461 1885 4515 in
1924 4471 2179 4527 mortem,
2214 4461 2426 4518 incidit.

374 4553 471 4623 οβ’.
520 4549 741 4621 Ἐπειδὴ
784 4550 842 4603 δέ
894 4551 1041 4615 τινές
1077 4552 1373 4621 φασιν,ὡς
1431 4552 1539 4607 ἔδει
1596 4553 1689 4606 τὸν
1745 4552 1876 4607 Θεὸν

2053 4554 2138 4609 72.
2189 4553 2460 4621 Quoniam
2532 4559 2711 4607 autem
2784 4549 3005 4621 quidam
3069 4550 3255 4605 dicant
3305 4564 3415 4605 non
3469 4550 3567 4608 de-

310 4642 598 4715 προειδότα
644 4643 771 4704 τοὺς
803 4642 1247 4713 ἀμαρτὴσοντας,
1283 4643 1380 4697 καὶ
1410 4643 1488 4715 μὴ
1523 4644 1886 4714 μετανοήσον-

1990 4644 2178 4699 buisse
2207 4644 2401 4707 Deum,
2432 4657 2572 4712 quos
2598 4642 2712 4711 jam
2742 4649 2869 4695 ante
2899 4648 3270 4710 praenosceret
3310 4652 3571 4710 peccatu-

307 4752 425 4798 τας,
448 4734 545 4787 καὶ
564 4731 1015 4804 κριθησομένους,
1041 4734 1117 4804 μὴ
1162 4733 1429 4804 παράγειν
1456 4735 1653 4798 αὐτοὺς
1693 4736 1757 4787 ὲκ
1788 4734 1883 4787 τοῦ

1991 4748 2106 4796 ros,
2130 4746 2230 4787 nec
2254 4730 2635 4801 pmnitentiam
2666 4735 2913 4793 acturos,
2930 4728 3174 4798 adeoque
3202 4728 3567 4793 damnandos,

311 4823 388 4893 μὴ
421 4821 571 4884 ὄντος
601 4820 681 4883 είς
719 4820 782 4873 τὸ
814 4815 991 4875 εῖναι’
1042 4821 1104 4873 οὐ
1156 4821 1267 4892 γὰρ
1322 4822 1748 4892 ἀγαθοποιῆσαι,
1789 4823 1883 4877 καὶ

1994 4836 2089 4877 eos
2112 4820 2169 4875 in
2201 4835 2381 4876 rerum
2421 4827 2677 4873 naturam
2701 4833 2767 4872 ex
2794 4816 2966 4872 nihilo
2996 4816 3333 4886 producere;
3367 4817 3568 4872 nedum

308 4912 568 4967 κολάσαιο
602 4910 784 4982 φαμὲν
828 4912 963 4982 πρὸς
1015 4912 1215 4975 αὐτοὺς
1244 4952 1261 4977 ,
1296 4912 1514 4984 πρῶτον
1565 4914 1661 4984 μὲν
1701 4914 1761 4968 τὸ
1793 4915 1883 4967 τοῦ

1995 4906 2555 4971 beneﬁciis-allicere,
2593 4921 2658 4961 ac
2696 4903 2896 4961 deinde
2923 4905 3119 4975 punire
3150 4922 3164 4959 :
3208 4905 3295 4961 his
3332 4906 3567 4975 primum

319 5001 644 5056 ’Δποστόλου
674 5017 685 5030 ·
741 5018 760 5052 ε
820 5000 1121 5069 Μενοῦνγε,
1156 4995 1201 5054 ὦ
1232 5000 1513 5073 ἀνθρωπε,
1550 5004 1613 5056 σὺ
1646 5002 1728 5066 τίς
1758 4997 1829 5066 εἴ,
1860 5004 1883 5055 ό

1994 4998 2211 5069 quidem
2250 5012 2375 5053 cum
2417 4996 2677 5067 Apostolo
2708 5010 3081 5065 reponemus:
3116 5013 3136 5047 ι
3183 4995 3228 5050 0
3270 4995 3464 5058 homo,
3509 5003 3566 5047 tu

307 5093 835 5163 ἀνταποκρινόμενος
867 5091 943 5162 τῷ
975 5091 1129 5162 Θεῷ;
1154 5092 1232 5163 τῷ
1270 5092 1379 5162 γὰρ
1414 5092 1678 5163 θελήματι
1719 5092 1883 5145 αὑτοῦ

1992 5091 2119 5161 quis
2142 5105 2225 5155 es,
2250 5090 2344 5161 qui
2368 5089 2705 5159 reSpondeas
2739 5087 2872 5144 Deo?
2902 5086 3183 5143 Voluntati
3218 5085 3360 5140 enim
3394 5083 3566 5153 ipsius

307 5182 387 5247 τίς
418 5180 784 5251 ἀνθέστηκεν,
821 5200 840 5232 ι
879 5181 907 5233 ὃ
937 5182 1046 5253 γὰρ
1075 5182 1242 5247 θέλει,
1264 5183 1419 5236 τοῦτό
1458 5185 1606 5235 ἐστιν
1640 5180 1843 5250 ἀγαθόν
1864 5196 1880 5212 ·

1990 5182 2114 5251 quis
2141 5182 2351 5239 resistit
2378 5181 2466 5237 "7
2497 5199 2515 5235 ι
2549 5179 2703 5247 Quod
2729 5180 2873 5235 enim
2905 5178 3036 5245 vult,
3070 5177 3171 5232 hoc
3209 5175 3408 5231 bonum
3447 5177 3561 5229 est!

379 5358 421 5394 ³⁸
463 5360 483 5414 ι
511 5357 639 5414 Cor.
661 5374 749 5425 xv,
777 5356 867 5413 28.
945 5358 989 5390 ³¹
1018 5356 1148 5427 Sap.
1182 5374 1220 5423 ι,
1265 5360 1350 5414 15.
1428 5360 1471 5392 ³³
1498 5359 1656 5415 Rom.
1712 5375 1792 5425 ιι,
1822 5357 1916 5414 20.

1562 5512 1790 5570 VARVE
1830 5508 2251 5569 LECTlONES.’

381 5608 409 5652 δ
437 5609 602 5667 Das-il.
634 5618 691 5666 et
717 5608 848 5682 Reg.
876 5608 1226 5678 ἀνεικεστῶς,
1252 5609 1415 5667 male.
