3970 6156
430 237 558 307 1571

1588 241 1648 300 S.
1690 239 2008 301 JOANNIS
2041 241 2472 301 DAMASCENI

3603 243 3750 311 1572

432 379 453 410 ι
497 361 638 426 Qum
681 367 735 414 et
780 359 980 430 ﬁgulus
1027 363 1354 426 potestatem
1401 356 1564 411 habet
1605 355 1839 411 faciendi
1889 369 2006 419 vas,

2127 373 2136 405 l
2183 355 2293 410 Καὶ
2321 355 2569 420 ἐξουσίαν
2600 355 2711 426 ἔχει
2737 356 2764 409 6
2798 358 3074 426 κεραμεὺς
3127 360 3376 428 ποιῆσαι
3404 399 3420 423 ,
3453 357 3487 410 ὅ
3525 357 3636 426 μὲν
3667 361 3748 418 εἰς

431 450 574 504 aliud
611 449 852 519 quidem'
881 449 934 501 in
973 449 1258 512 honorem,
1312 447 1459 500 aliud
1507 458 1687 501 autem
1726 447 1780 500 in
1811 454 2006 501 contu-

431 544 645 597 meliam
689 541 752 592 ⁸⁸.
793 559 810 591 ›
846 539 963 609 Ipse
1005 540 1273 610 siquidem
1321 547 1404 593 est
1448 539 1539 608 qui
1584 523 1767 608 jusﬂis
1811 545 1868 592 et
1917 539 2005 591 in-

426 633 627 704 justos,
671 641 785 685 tum
827 632 1055 694 honore,
1114 640 1228 683 tum
1284 630 1580 700 ignominia
1615 630 1804 684 aflicit.
1859 629 2004 683 ldem

430 722 631 791 quippe
692 721 990 790 Apostolus
1047 721 1100 774 in
1160 721 1405 792 Epistula
1479 720 1546 773 ad
1617 719 2002 784 Timotheum,

429 811 765 866 enumeratis
821 811 973 879 prius
1031 810 1216 874 vitiis,
1269 810 1552 879 subjungit
1606 827 1620 863 :
1682 828 1700 860 ι
1757 807 1812 862 Si
1881 809 2006 878 quis

431 903 599 970 igitur
636 899 1018 954 emundaverit
1065 914 1124 954 se
1165 900 1232 952 ab
1267 901 1408 963 istis,
1453 913 1547 954 vas
1596 897 1886 952 electionis
1927 896 2010 950 fa-

432 1001 556 1047 ctus
623 999 707 1047 est
753 991 820 1044 ³⁸.
877 1010 896 1041 ι
947 989 1083 1044 Cum
1143 991 1286 1043 enim
1328 989 1485 1043 liberi
1543 989 1755 1041 arbitrii
1805 986 2009 1042 conditi

434 1085 630 1146 simus,
676 1097 842 1154 penes
885 1096 988 1135 nos
1022 1087 1127 1143 est,
1193 1090 1253 1134 ut
1295 1096 1326 1133 a
1359 1079 1682 1134 foedissimis
1727 1077 2012 1132 adectibus

435 1191 536 1230 nos
567 1174 714 1245 ipsos
747 1171 1136 1241 expurg'emus,
1189 1173 1274 1225 vel
1313 1171 1508 1226 iisdem
1543 1169 1894 1240 inquinemus
1945 1169 2013 1221 ³⁸.

434 1269 701 1323 Caaterum
762 1266 904 1321 Deus
962 1281 1154 1321 omnes
1225 1265 1430 1334 pariter
1502 1263 1678 1317 bonos
1742 1261 2011 1316 condidit.

439 1357 556 1426 lpse
585 1372 821 1425 namque
855 1365 962 1410 tam
1005 1369 1147 1422 esse,
1195 1369 1358 1424 quam
1411 1355 1550 1407 bene
1591 1367 1715 1407 esse
1763 1351 2012 1421 largitur,

436 1448 695 1502 bonitatis
724 1460 836 1502 sua:
883 1449 1067 1501 radios
1119 1447 1173 1499 in
1211 1446 1471 1499 universa
1531 1459 1696 1513 opera
1748 1458 1846 1496 sua
1878 1441 2015 1497 solis

436 1539 612 1592 instar
661 1537 996 1608 expandens.
1047 1538 1224 1607 Atque
1271 1537 1326 1591 in
1368 1547 1556 1590 nostra
1596 1535 1817 1606 quidem
1867 1544 2019 1605 pote-

436 1639 574 1685 state
628 1645 735 1684 non
791 1640 872 1684 est
929 1629 1182 1699 accipere
1213 1635 1275 1682 ut
1328 1629 1501 1684 simus
1545 1645 1559 1680 :
1599 1637 1657 1680 ut
1708 1641 1838 1681 vero
1888 1626 2014 1680 boni

2108 447 2275 515 τιμὴν
2318 446 2531 509 σκεῦος,
2563 446 2671 500 ὅδὲ
2722 449 2802 511 είς
2845 449 3090 518 ἀτιμίαν.
3129 469 3148 502 ›
3186 451 3378 512 Αὐτὸς
3426 449 3554 518 γάρ
3597 451 3750 501 ἐστιν

2108 539 2136 590 6
2179 539 2350 591 ποιῶν
2399 539 2526 602 τούς
2555 557 2614 592 τε
2651 540 2890 603 δικαίους
2929 542 3024 594 καὶ
3065 543 3196 605 τοὺς
3242 543 3675 612 ἁμαρτωλσῦς,
3714 542 3746 612 ἦ

2109 631 2342 699 τιμίους.
2377 633 2409 700 ἦ
2448 632 2696 701 ἀτίμους.
2735 632 2794 684 Ὀ
2825 632 2988 695 αὐτὸς
3023 632 3131 704 γὰρ
3166 633 3523 695 Ἀπόστολος
3564 635 3630 685 ἐν
3677 635 3746 702 τῇ

2111 723 2248 793 πρὸς
2274 723 2539 794 Τιμόθεον
2556 725 2864 794 Ἐπιστολῇ,
2887 723 3321 795 προαριθμήσας
3351 724 3463 788 τὰς
3499 725 3742 788 κακίας,

2110 815 2306 882 ἐπάγει
2363 815 2577 882 λέγων·
2613 834 2632 866 ι
2670 816 2858 879 Ὅστις
2911 815 3005 868 οὖν
3061 816 3361 888 ἐκκαθάρῃ
3417 816 3641 869 ἑαυτὸν
3680 818 3743 869 ἐκ

2111 902 2336 966 τούτων,
2371 904 2565 971 γέγονε
2621 903 2813 966 σκεῦος
2843 901 3095 973 ἐκλογῆς.
3146 923 3164 955 ›
3205 905 3590 971 Δύτεξούσιοι
3623 905 3742 975 γὰρ

2111 993 2440 1062 γενόμενοι,
2475 994 2723 1060 ἐξουσίαν
2773 994 2970 1064 ἔχομεν
3028 993 3343 1065 ἐκκαθᾶραι
3382 997 3639 1060 ἑαυτοὺς
3673 997 3741 1048 ἐκ

2113 1083 2222 1135 τῶν
2265 1084 2560 1154 αἰσχίστων
2591 1084 2802 1149 παθῶν,
2836 1085 2929 1136 καὶ
2975 1083 3203 1154 μολῦναι
3235 1087 3503 1149 ἑαυτούς.
3529 1087 3740 1155 Ὅμως

2114 1176 2326 1238 πάντας
2363 1177 2391 1228 ὁ
2422 1176 2554 1238 Θεὸς
2583 1175 2824 1246 ἀγαθοὺς
2851 1176 3129 1244 ἐποίησεν.
3155 1178 3329 1238 Αὐτὸς
3358 1179 3465 1248 μὲν
3495 1173 3599 1231 οὖν
3635 1180 3737 1231 καὶ

2114 1265 2176 1318 τὸ
2201 1261 2363 1329 εἶναι,
2399 1268 2494 1320 καὶ
2521 1268 2582 1320 τὸ
2614 1264 2672 1320 εὖ
2695 1261 2840 1320 εἶναι
2876 1269 3012 1320 πᾶσι
3054 1269 3308 1338 παρέχει,
3337 1268 3734 1339 ὧσπερῆλιος

2117 1358 2379 1426 ἐφαπλῶν
2412 1359 2513 1421 τὰς
2564 1359 2790 1420 ἀκτῖνας
2843 1358 2944 1428 τῆς
2997 1359 3339 1429 ἀγαθότητος
3397 1360 3576 1412 αὖτοῦ
3632 1362 3734 1410 ἐπὶ

2118 1449 2295 1501 πάντα
2340 1449 2408 1502 τὰ
2447 1448 2584 1519 ἔργα
2618 1446 2807 1502 αὑτοῦ.
2866 1447 2978 1501 Καὶ
3022 1448 3085 1500 τὸ
3148 1448 3247 1518 μὲν
3290 1444 3436 1500 εἶναι
3488 1447 3598 1499 οὐκ
3638 1447 3731 1514 ἐφ’

2118 1541 2250 1608 ἡμῖν
2278 1538 2464 1591 λαϐεῖν
2489 1555 2502 1569 ·
2525 1538 2584 1591 τὺ
2611 1539 2668 1592 δὲ
2708 1533 2767 1591 εὖ
2797 1533 2960 1601 εἶναι,
2990 1538 3074 1606 ἐφ’
3113 1539 3247 1607 ἡμῖν
3284 1538 3466 1590 ἐστιν·
3501 1539 3574 1590 ἄν
3604 1537 3729 1590 τοί-

2122 1645 2218 1681 νυν
2251 1627 2568 1700 θελήσωμεν
2602 1630 2698 1683 καὶ
2725 1629 3076 1700 ποθήσωμεν,
3107 1629 3413 1699 μετέχομεν
3445 1629 3552 1697 τῆς
3587 1629 3728 1696 ἀγα-

437 1722 652 1776 beative
703 1721 902 1783 simus,
957 1721 1061 1774 hoc
1111 1735 1277 1790 penes
1339 1734 1440 1773 nos
1489 1728 1592 1772 est.
1642 1717 1915 1784 Quocirca
1969 1717 2015 1772 si

2127 1695 2593 1788 361n1ocva61oi3,
2624 1719 2719 1771 καὶ
2777 1695 3027 1788 ἐντςρωτὶ
3084 1695 3165 1780 είς
3218 1695 3392 1771 αίώνα
3444 1695 3722 1788 ἐσόμεθα.

435 1814 668 1868 velimus
718 1821 771 1866 et
815 1812 1127 1881 cupiamus,
1183 1810 1446 1865 bonitatis
1502 1809 1676 1879 ipsius
1719 1809 2014 1878 participes

437 1905 664 1965 erimus,
723 1916 785 1957 ac
835 1904 888 1956 in
941 1903 1278 1972 sempiterna
1320 1902 1443 1955 luce
1493 1901 1861 1955 versabimur.
1918 1899 2013 1952 Sin

437 2010 568 2050 vero
617 1993 866 2049 socordia
919 2005 1317 2062 torpescamus,
1372 2007 1581 2061 nosque
1630 1992 1782 2061 ipsos
1833 1991 2013 2044 obeat-

440 2095 631 2140 cantes
667 2100 791 2138 eum
832 2099 942 2138 non
984 2093 1324 2153 expetamus,
1361 2084 1431 2139 ab
1459 2085 1580 2152 ejus
1616 2083 1877 2136 fruitione
1917 2097 2014 2136 ex-

441 2183 747 2236 cludcmur.
803 2178 960 2234 Haud
1019 2180 1186 2250 igitur
1233 2177 1588 2249 congruebat,
1638 2181 1698 2229 ut
1750 2175 1821 2228 ob
1865 2174 2019 2244 igna-

438 2271 581 2324 viam
616 2279 856 2325 nostram
903 2271 1160 2326 bonitatis
1211 2286 1326 2326 sua:
1371 2283 1599 2323 munera
1646 2267 1784 2321 nulli
1824 2279 2018 2320 conce-

440 2363 642 2430 deret;
697 2364 840 2416 inter
882 2379 1004 2432 quae
1055 2363 1290 2432 primum
1355 2359 1486 2414 illud
1537 2365 1644 2425 est,
1696 2366 1756 2413 ut
1821 2359 2015 2413 simus.

439 2451 628 2523 Neque
671 2453 900 2507 decebat
948 2462 1007 2505 ut
1073 2452 1274 2506 malitia
1325 2457 1516 2505 nostra
1561 2450 1859 2502 bonitatem
1900 2447 2020 2515 ejus

447 2551 757 2612 superaret,
816 2553 909 2596 attt
971 2543 1202 2596 inertem
1266 2541 1541 2594 redderet.
1601 2539 1739 2592 Nam
1816 2537 2020 2606 alioqui

443 2631 594 2686 nulla
644 2645 872 2701 prorsus
935 2645 1022 2684 res
1065 2629 1411 2682 exstitisset:
1459 2628 1588 2697 quia
1637 2627 1769 2680 nihil
1811 2634 1896 2680 est
1925 2642 2019 2681 eo-

443 2737 565 2777 rum
637 2737 758 2790 qure
819 2727 994 2786 sunt,
1055 2719 1197 2788 quod
1237 2757 1253 2781 ,
1323 2726 1487 2787 prout
1546 2717 1719 2786 ipsius
1766 2717 2014 2772 bonitate

2132 1808 2258 1860 Ἐὰν
2290 1808 2348 1860 δέ
2397 1809 2809 1878 ῥᾳθυμήσωμεν
2833 1849 2848 1875 ,
2877 1809 2972 1863 καὶ
3028 1811 3256 1872 ἑαυτοὺς
3303 1809 3719 1880 τυφλώσωμεν,

2120 1904 2215 1954 καὶ
2252 1902 2326 1972 μὴ
2347 1901 2676 1973 ποθήσωμεν
2707 1903 2891 1970 αὐτὸν,
2927 1905 3186 1975 ἀμέτοχοι
3240 1905 3407 1959 αὐτοῦ
3441 1905 3716 1976 ἐσόμεθα.

2121 1994 2234 2046 Οὐκ
2269 1993 2373 2046 ἔδει
2399 1987 2492 2046 οὖν
2523 1993 2612 2046 διὰ
2664 1995 2764 2066 τὴν
2823 1995 3100 2066 ἡμετέραν
3139 1995 3416 2066 ῥᾳθυμίαν
3441 2036 3456 2058 ,
3497 1996 3718 2066 ἀμετά-

2120 2085 2270 2138 δοτον
2303 2086 2558 2154 γενέσθαι
2606 2087 2714 2140 τῶν
2744 2087 2845 2157 τῆς
2883 2088 3222 2159 ἀγαθὸτητος
3262 2088 3430 2142 αὐτοῦ
3464 2089 3714 2159 δωρεῶν,

2125 2166 2200 2227 ὧν
2237 2173 2428 2244 πρώτη
2461 2175 2580 2228 ἐστὶ
2625 2176 2686 2228 τὸ
2740 2171 2912 2229 εἶναι·
2946 2175 3066 2230 οὑδέ
3119 2178 3228 2231 ἔδει
3279 2177 3379 2248 τὴν
3429 2180 3715 2248 ἡμετέραν

2125 2267 2324 2319 κακίαν
2353 2266 2598 2334 νικῆσαι,
2631 2266 2726 2319 καὶ
2759 2267 3124 2338 ἀνενέργητον
3168 2269 3393 2336 ποιῆσαι
3423 2268 3524 2338 τὴν
3578 2270 3719 2335 ἀγα-

2127 2355 2328 2428 θότητα
2358 2357 2546 2411 αὑτοῦ.
2587 2356 2650 2410 Ei
2679 2357 2789 2429 γὰρ
2818 2359 2978 2411 τοῦτο
3005 2355 3265 2430 ἧν,οὺδὲν
3298 2359 3364 2412 ἂν
3392 2360 3504 2412 τῶν
3538 2361 3716 2412 ϐντων

2125 2449 2376 2515 ἐγένετο·
2421 2449 2574 2502 οὐδὲν
2605 2448 2712 2520 γὰρ
2764 2450 2872 2502 τῶν
2921 2450 3093 2503 ὄντων
3137 2451 3328 2516 ἀξίως,
3364 2451 3712 2504 πολιτεύεται

2123 2536 2226 2606 τῆς
2257 2537 2595 2605 ἁγαθότητος
2624 2538 2812 2592 αὑτοῦ.
2847 2539 3081 2602 Δικαίως
3130 2539 3261 2609 γὰρ,
3290 2543 3337 2593 εἰ
3375 2540 3511 2609 πρὸς
3543 2540 3715 2593 αὑτὸν

2127 2626 2498 2696 συγκρίνομεν
2520 2627 2589 2680 τὰ
2612 2628 2812 2694 πάντα,
2843 2629 3036 2692 ἀνάξια
3067 2629 3160 2683 τοῦ
3193 2625 3330 2684 εἷναί
3359 2633 3518 2686 εἰσιν.

2137 2718 2469 2790 condignum
2534 2727 2639 2783 est,
2691 2735 2920 2775 munere
2973 2737 3076 2778 suo
3139 2722 3517 2793 perfungatur.
3571 2722 3713 2779 Nam

446 2815 725 2878 universa,
758 2813 804 2867 si
830 2827 953 2866 cum
986 2827 1052 2867 eo
1080 2820 1494 2881 comparantur,
1525 2811 1746 2882 indigna
1787 2823 2016 2880 prorsus
2041 2823 2106 2863 ex
2132 2809 2257 2879 jure
2293 2819 2440 2877 sunt,
2475 2823 2534 2865 ut
2571 2813 2862 2867 exsistant.

516 2904 603 2958 75.
667 2903 852 2973 Neque
911 2911 1089 2957 tamen
1149 2903 1326 2958 bonus
1384 2903 1652 2958 duntaxat
1715 2903 1859 2958 Deus
1914 2911 2020 2967 est,

449 2995 544 3053 sed
583 2995 746 3048 etiam
787 2995 994 3062 justus,
1030 3001 1192 3063 atque
1222 3009 1284 3047 ea
1332 3009 1453 3062 quae
1485 2993 1729 3048 nondum
1780 3002 2020 3059 exstant,

2201 2903 2301 2971 ογ’.
2345 2904 2536 2974 Ὅμως
2569 2905 2630 2957 οὐ
2686 2905 2848 2974 μόνον
2888 2905 3094 2974 ἀγαθός
3127 2907 3277 2959 ἐστιν
3319 2909 3348 2960 6
3373 2906 3540 2974 Θεὸς,
3575 2909 3710 2962 ἀλλὰ

2130 2998 2226 3049 καὶ
2265 2996 2497 3060 δίκαιος,
2528 2997 2624 3050 καὶ
2657 2996 2758 3068 ὁρᾷ
2793 2998 2862 3052 τὰ
2907 2999 3086 3052 πάντα
3122 3000 3288 3069 μήπω
3315 3000 3604 3068 γενόμενα,
3638 3001 3709 3063 ὡς

448 3086 674 3159 perinde
726 3101 789 3140 ac
848 3087 893 3141 si
945 3093 1150 3150 essent,
1204 3085 1492 3139 intuetur:
1547 3103 1565 3136 ι
1629 3084 1803 3139 Vocat
1851 3087 2020 3152 enim,

2129 3087 2278 3142 ϐντα.
2317 3105 2336 3138 ι
2391 3089 2447 3141 Ὀ
2473 3087 2654 3140 καλῶν
2685 3087 2816 3158 γὰρ,
2853 3089 3008 3158 φησὶ,
3039 3089 3106 3143 τὰ
3138 3088 3213 3159 μὴ
3240 3089 3371 3158 ὄντα
3402 3091 3477 3154 ὡς
3507 3091 3660 3142 ὄντα.
3687 3110 3704 3140 ι

449 3179 627 3251 inquit
673 3178 988 3248 Apostolus,
1043 3191 1107 3230 ea
1162 3191 1283 3245 quae
1337 3189 1443 3229 non
1481 3181 1630 3239 sunt,
1673 3169 1930 3244 tanquam
1963 3188 2025 3230 ea

449 3285 570 3340 quze
601 3279 728 3324 sunt
759 3269 824 3322 ".
892 3285 911 3318 ι
964 3265 1120 3332 Quod
1163 3266 1208 3320 si
1254 3280 1348 3319 eos
1408 3263 1502 3333 qui
1539 3265 1798 3333 puniendi
1825 3272 2022 3328 erant,

449 3377 638 3418 creare
687 3376 796 3416 non
829 3359 1065 3414 debuit:
1109 3373 1208 3428 pro
1249 3371 1348 3413 sua
1403 3355 1733 3425 praacellenti
1783 3356 2028 3410 bonitate

449 3469 544 3508 eos
573 3452 758 3522 potius
803 3465 1013 3515 creare,
1057 3463 1158 3503 nec
1200 3451 1480 3520 supplicio
1525 3445 1737 3501 allicere
1767 3445 2024 3506 debebat.

451 3543 547 3597 sed
587 3539 945 3611 peccantibus
974 3540 1257 3608 ignoscere
1293 3538 1512 3606 (horum
1557 3535 1702 3589 enim
1734 3543 2028 3602 utrumque

450 3632 505 3688 in
537 3631 658 3699 ejus
690 3639 956 3701 potestate
987 3638 1090 3696 est,
1133 3645 1328 3699 nempe
1371 3628 1673 3700 producere
1723 3635 1782 3681 et
1816 3626 2026 3681 condo-

450 3721 639 3790 nare).
705 3723 861 3786 Quod
899 3723 946 3777 si
991 3737 1208 3791 :equum
1259 3729 1361 3784 est,
1410 3720 1477 3774 de
1512 3719 1582 3774 iis
1627 3718 1719 3787 qui
1761 3723 2026 3786 peccant,

453 3809 782 3880 supplicium
822 3811 985 3872 sumi,
1017 3825 1232 3878 aequum
1287 3823 1507 3879 quoque
1554 3815 1692 3871 erat,
1751 3814 1810 3860 ut
1839 3814 1893 3861 et
1924 3804 2028 3875 ipsi

453 3908 793 3955 crearentur.
865 3897 1010 3952 Deus
1063 3900 1209 3952 enim
1276 3915 1340 3954 ea
1403 3913 1524 3967 qua:
1565 3913 1674 3952 non
1705 3905 1856 3961 sunt,
1896 3909 2028 3964 per-

452 3991 583 4047 inde
623 4000 789 4059 atque
853 4001 916 4042 ea
967 4003 1088 4058 quae
1124 3997 1249 4043 sunt
1294 3989 1575 4058 perspicit,
1608 4001 1709 4042 nec
1737 4001 1804 4040 ex
1845 3999 2030 4039 rerum

453 4091 646 4138 eventu
695 4080 943 4150 judicat,
1009 4077 1104 4133 sed
1173 4092 1240 4132 ει
1296 4077 1604 4130 futurorum
1672 4073 2026 4144 pramotione.

447 4171 587 4229 Nam
619 4187 682 4227 ex
726 4186 916 4226 eorum
976 4186 1097 4240 qua:
1131 4169 1271 4224 ﬁunt
1332 4175 1554 4231 eventu,
1591 4179 1679 4221 res
1719 4180 1827 4219 non
1855 4166 2028 4230 novit,

454 4269 548 4323 sed
606 4281 726 4336 qua:
785 4264 970 4318 futura
1021 4272 1170 4331 sunt,
1231 4261 1470 4333 praescit,
1505 4269 1559 4316 et
1608 4275 1706 4331 pro
1764 4274 1863 4315 sua
1893 4274 2032 4328 prm-

453 4359 684 4415 scientia
711 4372 775 4411 ea
838 4355 1092 4426 praeﬂuit.
1145 4354 1254 4421 Qui
1315 4354 1461 4408 enim
1522 4351 1823 4422 praesciret,
1884 4349 2029 4421 quod

2127 3179 2189 3231 Ei
2230 3178 2329 3248 μέν
2355 3179 2552 3248 ὤφειλε
2605 3179 2672 3232 δι’
2705 3181 3018 3250 ἀγαθότητα
3060 3181 3134 3251 μὴ
3189 3181 3420 3252 ποιῆσαι
3454 3184 3581 3245 τοὺς
3613 3201 3706 3236 κο-

2125 3269 2455 3340 λαζομένους
2480 3313 2495 3336 ,
2535 3271 2734 3340 μᾶλλον
2787 3273 2856 3326 δι’
2881 3273 3329 3343 ὑπερϐάλλουσαν
3402 3275 3710 3345 ἀγαθότητα

2127 3357 2324 3428 ὤφειλε
2362 3362 2457 3414 καὶ
2509 3363 2738 3428 ποιῆσαι
2771 3365 2969 3427 αὐτοὺς
2993 3407 3007 3431 ,
3040 3364 3135 3418 καὶ
3174 3364 3249 3436 μὴ
3282 3365 3513 3419 κολάσαι
3541 3407 3554 3429 ,
3578 3366 3712 3420 ἀλλὰ

2129 3453 2480 3524 συγχωρῆσαι
2527 3455 2715 3518 αὐτοῖς
2772 3455 3202 3526 ἁμαρτάνουσιν.
3262 3457 3438 3520 Αὐτὸς
3462 3457 3573 3528 γὰρ
3614 3457 3708 3510 κὺ-

2130 3561 2243 3616 ριος
2270 3544 2595 3614 ἀμφοτέρων
2621 3546 2738 3598 ἐστὶ
2758 3585 2772 3610 ,
2811 3547 3023 3599 καὶτοῦ
3057 3546 3304 3614 ποιῆσαι,
3337 3547 3432 3600 καὶ
3460 3547 3555 3600 τοῦ
3587 3565 3710 3615 συγ-

2128 3639 2402 3710 χωρῆσαι.
2445 3637 2506 3690 ΕΞ
2562 3638 2620 3691 δὲ
2671 3639 2880 3693 δίκαιόν
2928 3641 3045 3692 ἐστι
3093 3640 3155 3693 τὸ
3211 3640 3542 3704 κολάζεσθαι
3589 3642 3709 3705 τοὺς

2131 3729 2568 3798 ἁμαρτάνοντας,
2594 3729 2800 3783 δίκαιον
2829 3725 2896 3800 ἦν
2931 3731 3028 3784 καὶ
3051 3731 3309 3800 γενέσθαι
3335 3731 3558 3794 αὐτούς.
3585 3733 3712 3802 Ὁρᾷ

2129 3819 2238 3889 γὰρ
2282 3819 2353 3872 τὰ
2388 3818 2463 3889 μὴ
2489 3815 2617 3873 δντα
2648 3860 2662 3885 ι
2693 3822 2768 3884 ὠς
2817 3821 2947 3873 ὄντα
2980 3823 3008 3874 ὁ
3043 3821 3210 3887 Θεὸς,
3242 3821 3338 3874 καὶ
3390 3823 3492 3875 οὐκ
3523 3824 3586 3875 ἐκ
3617 3823 3711 3892 τῆς

2131 3909 2454 3973 ἀποϐάσεως
2479 3913 2587 3964 τῶν
2618 3912 2964 3982 πραγμάτων
2995 3912 3171 3982 κρίνει
3198 3951 3212 3973 ,
3231 3913 3348 3966 ἀλλ’
3367 3915 3431 3966 ἐκ
3462 3915 3562 3982 τῆς
3587 3930 3712 3985 προ-

2131 3999 2388 4071 γνώσεως
2424 4003 2534 4056 τῶν
2564 4003 2863 4073 ἐσομένων.
2914 4003 3069 4056 Ἐπεὶ
3122 4003 3244 4056 οὐδέ
3275 4005 3339 4057 ἐκ
3369 4004 3470 4072 τῆς
3509 4004 3712 4057 ἀποϐά-

2133 4111 2272 4156 σεως
2320 4094 2431 4148 τῶν
2489 4094 2794 4165 γινομένων
2851 4094 3133 4164 γινώσκει,
3171 4095 3308 4148 ἀλλὰ
3347 4097 3711 4166 προγινώσκει

2130 4185 2198 4239 τὰ
2228 4189 2483 4258 ἐσόμενα,
2509 4186 2602 4239 καὶ
2660 4189 2800 4240 κατὰ
2835 4185 2934 4256 τὴν
2999 4186 3311 4257 πρόγνωσιν
3362 4187 3534 4240 αὑτοῦ
3587 4206 3711 4260 προ-

2131 4276 2323 4347 ορίζει.
2359 4276 2481 4346 Πῶς
2506 4275 2561 4328 δέ
2609 4276 2703 4329 καὶ
2732 4275 3100 4346 προγινώσκει
3131 4277 3194 4330 τὺ
3228 4275 3304 4346 μὴ
3339 4277 3637 4347 ἐσόμενον;
3671 4278 3711 4329 εί

2134 4365 2243 4435 γὰρ
2285 4365 2538 4437 προέγνω
2584 4363 2677 4418 τὸν
2724 4363 3132 4436 ἁμαρτάνοντα,
3173 4365 3268 4418 καὶ
3331 4365 3406 4435 μὴ
3463 4365 3712 4436 ἐποίησεν

454 4450 697 4505 futurum
735 4464 846 4504 non
876 4449 997 4503 est?
1039 4463 1165 4502 nam
1209 4446 1253 4501 si
1284 4460 1445 4515 quem
1485 4450 1840 4515 peccaturum
1891 4458 2020 4515 pra:-

2137 4426 2342 4519 αὐτὸν,
2363 4426 2777 4526 οὖνπρόγνωσις.
2825 4426 2914 4526 ἦν,
2947 4456 3084 4509 ἀλλὰ
3121 4426 3578 4526 ⁷πλάνη.”ίὶσπερ
3615 4426 3712 4527 γὰρ

430 4548 665 4618 posset,
718 4541 869 4594 hunc
929 4555 1038 4594 non
1099 4537 1467 4600 condidisset,
1524 4536 1875 4606 praescientia
1922 4551 2032 4590 non

431 4621 616 4697 ’foret,
649 4631 745 4685 sed
795 4644 974 4685 error.
1015 4629 1172 4684 Sicut
1227 4629 1376 4683 enim
1422 4628 1668 4697 cognitio
1709 4637 1795 4683 est
1845 4642 2034 4684 rerum

457 4721 674 4774 illarum
721 4737 841 4792 quae
886 4729 1035 4788 sunt,
1080 4721 1161 4777 sic
1200 4729 1256 4776 et
1305 4720 1658 4790 praescientia
1698 4735 1886 4776 carum
1929 4727 2034 4787 est,

456 4827 578 4883 quae
615 4819 764 4865 certe
793 4813 991 4866 futurae
1019 4819 1168 4867 sunt.
1399 4884 1402 4886 γ

526 4901 692 4975 460
727 4901 819 4954 74.
851 4900 974 4955 Non
1001 4918 1132 4972 ergo
1158 4901 1330 4956 Deum
1363 4901 1700 4972 judicemus.
1727 4899 2033 4957 Consilium

2136 4549 2169 4618 ή
2197 4547 2401 4615 γνῶσις
2429 4546 2538 4599 τῶν
2562 4545 2732 4600 ὄντων
2770 4546 2940 4612 ἐστὶν,
2974 4547 3119 4601 οὕτω
3149 4547 3246 4601 καὶ
3277 4547 3593 4618 πρόγνωσις
3615 4547 3710 4601 τῶν

2140 4639 2358 4695 πάντων
2386 4638 2661 4710 ἐσομένων
2690 4639 2806 4694 ἐστί
2824 4650 2868 4694 θ.

2205 4902 2296 4958 06'.
2331 4901 2424 4972 Μὴ
2467 4895 2558 4955 οὖν
2592 4900 2872 4971 κρίνωμεν
2908 4901 3001 4952 τὸν
3051 4900 3204 4954 Θεόν.
3239 4901 3316 4954 Οὐ
3351 4901 3462 4973 γὰρ
3495 4903 3715 4972 οἴδαμεν

463 4996 732 5067 siquidem
770 4993 890 5063 ejus
927 4994 1083 5049 nobis
1120 4996 1466 5063 exploratum
1509 5012 1619 5050 non
1677 5002 1762 5050 est
1794 5013 1806 5049 :
1849 5015 1865 5046 ι
1904 4995 2020 5060 Qui:

2137 4992 2236 5066 τὴν
2268 4992 2462 5063 βουλὴν
2492 4992 2690 5046 αὐτοῦ·
2733 5009 2752 5042 ‹
2788 4991 2884 5055 Τίς
2917 4992 3028 5063 γὰρ
3058 4992 3200 5060 ἔγνω
3223 4994 3351 5046 νοῦν
3400 4995 3615 5066 Κυρίου
3643 5013 3655 5061 ;
3686 4995 3713 5064 ἦ

463 5087 605 5140 enim
643 5085 795 5139 novit
838 5099 1061 5140 sensum
1095 5083 1356 5138 Domini?
1388 5094 1483 5139 aut
1516 5087 1644 5156 quis
1677 5086 2039 5140 consiliarius

468 5179 584 5249 ejus
607 5178 710 5233 fuit
743 5177 824 5232 "1
863 5196 881 5230 ι
912 5178 1158 5234 Consilia
1181 5177 1378 5246 quippe
1403 5193 1503 5232 sua
1519 5178 1702 5231 omnia
1740 5191 1847 5230 non
1883 5167 2036 5244 pate-

541 5352 582 5383 “
608 5351 762 5408 Rom.
787 5369 841 5418 τι,
862 5352 952 5406 21.

2144 5085 2226 5148 τίς
2259 5083 2563 5154 σύμϐουλος
2612 5083 2775 5136 αὐτοῦ
2811 5085 3065 5151 ἐγένετο;
3103 5104 3120 5136 ι
3157 5085 3231 5137 Οὐ
3271 5085 3379 5156 γὰρ
3409 5087 3594 5140 πᾶσαν
3631 5085 3716 5156 τὴν

2150 5173 2346 5244 βουλὴν
2392 5173 2556 5227 αὐτοῦ
2594 5173 2950 5242 ἀπεκάλυψεν
2988 5175 3141 5243 ἡμῖν,
3178 5174 3292 5227 ἀλλ’
3326 5175 3465 5246 ὅπερ
3499 5175 3715 5244 συνέψει

1029 5352 1071 5383 ³⁸
1105 5351 1144 5406 ll
1173 5352 1310 5406 Tim.
1341 5367 1404 5416 ιι,
1434 5349 1524 5404 20.
1601 5350 1646 5382 “
1686 5349 1805 5403 Lib.
1845 5364 1916 5416 tv,
1948 5345 2020 5401 De

2127 5348 2192 5412 le,
2225 5361 2347 5416 cap.
2374 5347 2464 5401 20.
2541 5347 2586 5379 ³⁷
2614 5347 2774 5401 Rom.
2805 5363 2876 5414 ιν,
2899 5348 2988 5406 17,
3065 5350 3107 5382 ³⁸
3139 5349 3298 5404 Rom.
3329 5364 3388 5416 ιι,
3418 5349 3511 5407 54.

1766 5496 2001 5552 VARIIE
2037 5493 2334 5552 LECTION
2341 5495 2442 5550 ES.

553 5606 580 5638 ε
605 5595 912 5667 Legendum
938 5612 1061 5653 cum
1116 5596 1281 5652 Billio
1314 5594 1530 5656 πάντως
1562 5593 1860 5673 ἐσομένων,
1892 5609 2072 5678 eorum
2098 5607 2215 5662 qua:
2257 5591 2468 5648 omnino
2493 5594 2678 5662 futura
2717 5602 2858 5648 sunt.

3907 3025 3911 3163 il

3907 3173 3912 3287 ί

3907 3361 3912 3475 l
