3970 6156
276 309 294 372 1
311 312 414 374 573

1255 305 1636 368 DIALOGUS
1660 306 1959 368 CONTRA
1991 294 2484 368 MANICH/EOS'.

3378 311 3518 378 1574

274 439 369 492 ρεν
405 419 539 490 ἡμῖν
567 419 788 487 γνῶναι.
825 417 1001 488 Ὅπερ
1039 416 1093 469 δὲ
1126 417 1188 468 οὐ
1231 416 1527 486 συνέφερεν
1557 418 1690 486 ἡμῖν
1717 416 1851 484 γνῶ-

1958 415 2084 470 fecit
2137 417 2338 480 nobis,
2403 416 2511 470 nisi
2575 429 2640 472 ea
2687 415 2905 471 domum
2953 432 3077 487 qua:
3130 424 3317 475 nostra
3380 424 3523 480 scire

268 531 382 577 ναι,
415 510 722 580 ἀπέκρυψε.
755 508 846 580 Μὴ
877 505 970 561 οὖν
1013 501 1327 575 εὕθύνωμεν
1370 506 1462 558 τὸν
1488 506 1650 558 Θεόν·
1685 506 1847 569 αὐτὸς

271 609 382 676 γάρ
418 608 566 658 ἐστιν
596 605 624 655 ὁ
661 601 872 672 κριτὴς,
928 599 1023 651 καὶ
1073 599 1234 660 αὐτός
1284 598 1431 650 ἐστιν
1465 598 1499 667 ή
1545 597 1697 668 πηγὴ
1737 598 1846 651 τῶν

271 697 520 765 ἀγαθῶν
555 694 649 747 καὶ
694 693 796 746 οὐκ
825 691 976 744 ἔστιν
1026 688 1252 759 ἀγαθὸν,
1293 690 1342 741 εί
1377 687 1500 758 μὴό
1522 689 1686 752 αὐτὸς
1721 688 1846 758 βού-

270 788 455 848 λεται,
481 786 668 855 ὥσπερ
713 785 812 836 οὐκ
859 784 974 836 ἔστι
1001 780 1118 851 φῶς
1138 821 1152 846 ,
1188 782 1240 834 ει
1289 779 1364 850 μὴ
1390 778 1450 832 τὸ
1478 783 1541 833 ὲκ
1570 780 1664 832 τοῦ
1695 780 1846 851 ήλίου

272 877 682 950 πηγαζόμενον.

342 1058 436 1105 οε’.
473 1050 645 1112 Αὐτὸς
669 1049 768 1120 μὲν
803 1049 894 1102 οῦν
923 1050 950 1102 ὁ
983 1050 1136 1113 Θεὸς,
1164 1049 1322 1120 φύσει
1351 1049 1555 1120 ἀγαθὸς
1588 1051 1683 1103 καὶ
1711 1067 1850 1120 συμ-

271 1142 455 1213 παθὴς
495 1140 591 1203 ὣν,
623 1141 683 1193 οὐ
712 1139 858 1194 θέλει
886 1141 987 1211 τὴν
1014 1141 1315 1211 ἁμαρτίαν,
1345 1144 1406 1194 οὐ
1440 1141 1584 1194 θέλει
1625 1142 1716 1194 τὸν
1751 1141 1848 1194 θά-

253 1251 431 1287 -νατον
481 1231 574 1286 τοῦ
605 1231 930 1303 ἁμαρτω).οῦ
962 1274 976 1296 ,
1001 1233 1124 1286 οὐδὲ
1167 1232 1436 1302 τέρπεται
1471 1233 1558 1286 ἐπ’
1600 1233 1850 1304 ἀπωλείᾳ

275 1325 496 1388 ζώντων
520 1363 534 1388 ,
568 1325 690 1377 οὐδὲ
729 1323 893 1378 πάθει
943 1323 1114 1394 ὀργῆς
1157 1324 1448 1393 κατέχεται
1474 1324 1550 1394 ,ἢ
1603 1323 1846 1389 κολάζει,

272 1416 410 1470 ἀλλά
441 1417 575 1468 πᾶσι
609 1415 762 1486 βρύει
793 1414 862 1468 τὰ
905 1415 1106 1483 ἀγαθά.
1149 1416 1206 1467 Ὀ
1239 1415 1442 1481 ποθῶν,
1479 1415 1752 1486 λαμϐάνει
1776 1433 1792 1447 ·
1821 1416 1850 1467 ὁ

272 1507 380 1577 γὰρ
407 1505 612 1575 ἀγαθὸς
637 1544 652 1568 ,
682 1505 903 1574 ἀγαθῶν
952 1506 1211 1576 τυγχάνει
1232 1520 1246 1534 '
1285 1505 1380 1559 καὶ
1417 1506 1473 1559 ὲν
1518 1507 1617 1576 μὲν
1642 1505 1719 1574 τῷ
1751 1505 1851 1576 βίῳ

271 1596 448 1667 τούτῳ
468 1596 752 1667 οἰκονομία
782 1595 864 1658 τίς
895 1598 1034 1662 ἐστι,
1069 1597 1169 1650 καὶ
1208 1596 1560 1668 κυϐέρνησις,
1592 1597 1686 1650 καὶ
1718 1595 1850 1668 πρό-

252 1705 394 1742 .νοια
435 1689 702 1760 ἁρῤητος,
740 1688 878 1760 πρὸς
911 1688 1252 1760 ἐπιστροφὴν
1288 1689 1384 1741 καὶ⁵
1417 1689 1707 1758 μετάνοιαν
1750 1707 1849 1743 καυ

273 1777 445 1834 λοῦσα
471 1782 599 1843 τοὺς
631 1780 1067 1851 ἁμαρτάνοντας.
1109 1779 1257 1834 Μετὰ
1285 1779 1344 1832 δὲ
1389 1777 1637 1845 θάνατον,
1669 1779 1850 1832 οὐκέτι

271 1871 473 1941 τροπὴ,
510 1870 695 1924 οὐκέτι
751 1871 1040 1940 μετάνοια,
1072 1871 1194 1938 οὐχὶ
1225 1869 1319 1922 τοῦ
1355 1869 1492 1923 Θεοῦ
1522 1871 1595 1940 μὴ
1626 1871 1851 1941 δεχομέ-

273 1979 368 2014 νου
423 1961 751 2032 μετὰνοιαν·
783 1960 948 2021 αὐτὸς
996 1962 1106 2030 γάρ
1161 1959 1354 2013 ἑαυτὸν
1402 1959 1750 2030 ἀρνήσασθαι
1788 1960 1849 2012 οὐ

273 2052 526 2115 δύναται,
559 2051 681 2105 οὐδὲ
717 2050 1083 2104 ἀποῦάλλεται
1117 2050 1217 2119 τὴν
1249 2049 1594 2120 συμπάθειαν
1621 2066 1634 2080 ο
1662 2049 1776 2104 ἀλλ’
1817 2051 1849 2120 ἡ

271 2142 423 2213 ψυχὴ
471 2141 659 2196 οὐκέτι
690 2141 972 2212 τρέπεται.
1019 2139 1112 2192 Διδ
1149 2140 1250 2193 κάν
1289 2155 1374 2202 τις
1412 2137 1614 2212 ποιήσῃ
1669 2139 1852 2204 πάσας

272 2234 374 2296 τὰς
420 2232 804 2298 δικαιοσύνας,
846 2231 943 2286 καὶ
1003 2231 1342 2300 ἐπιστρέψας
1395 2231 1719 2302 ἁμαρτήσῃ,
1757 2229 1851 2282 καὶ

275 2323 466 2394 ἐξέλθῃ
495 2323 675 2376 ποθῶν
699 2323 798 2394 τὴν
825 2321 1104 2393 ἁμαρτίαν
1133 2324 1198 2375 ὲκ
1224 2321 1317 2374 τοῦ
1345 2320 1483 2390 βίου,
1501 2323 1559 2374 ὲν
1585 2324 1651 2392 τῇ
1670 2323 1850 2391 ἁμαρ-

275 2415 366 2484 τίᾳ
392 2411 558 2467 αὐτοῦ
589 2413 963 2468 ἀποθανεῖται.
1015 2411 1255 2482 Ὁμοίως
1301 2412 1396 2466 καὶ
1441 2414 1468 2465 ὁ
1503 2411 1848 2482 ἁμαρτωλὸς,

260 2504 374 2558 ·ὲάν
407 2505 736 2575 μετανοήσῃ,
768 2505 861 2556 καὶ
891 2505 950 2557 ὲν
981 2503 1046 2575 τῇ
1089 2503 1350 2574 μετανοίᾳ
1386 2502 1552 2555 αὐτοῦ
1579 2502 1848 2575 ἀποθάνῃ,

275 2596 337 2650 οὐ
370 2596 446 2666 μὴ
504 2594 816 2666 μνησθῶσιν
863 2595 921 2647 αἱ
970 2593 1240 2664 ἁμαρτίαι
1291 2593 1479 2648 αὐτοῦ.
1525 2595 1613 2658 Ὠς
1657 2595 1766 2664 γὰρ
1803 2597 1851 2648 οἱ

276 2685 528 2758 δαίμονες
589 2686 729 2757 μετὰ
766 2688 866 2758 τὴν
908 2685 1184 2740 ἔκπτωσιν
1236 2685 1298 2738 οὐ
1332 2684 1705 2754 μετανοοῦσιν,
1733 2686 1854 2738 οὐδὲ

275 2778 326 2830 οι
368 2775 590 2845 ἄγγελοι
631 2775 727 2830 νῦν
759 2775 1160 2845 ἁμαρτάνουσι,
1193 2774 1310 2827 ἀλλ’
1358 2775 1660 2844 ἀμφότεροι
1697 2773 1855 2844 ἔσχον

269 2861 336 2922 ⁴τὸ
362 2868 668 2939 ἄτρεπτον,
715 2860 862 2920 οὕτω
899 2868 994 2920 καὶ
1019 2867 1085 2918 -οί
1130 2863 1410 2936 ἄνθρωποι
1445 2867 1586 2935 μετὰ
1625 2865 1854 2920 θάνατον

276 2958 336 3012 τὸ
373 2957 642 3029 ἄτρεπτον
673 2957 878 3027 ἔχουσι.
914 2956 1025 3009 Καὶ
1067 2958 1116 3009 οἱ
1163 2956 1260 3025 μὲν
1308 2956 1507 3010 δίκαιοι
1560 2956 1853 3020 ποθοῦντες

1950 508 2234 562 intererat.
2278 509 2411 573 Quae
2444 516 2628 564 autem
2658 511 2803 565 scire
2843 512 3024 565 nostri
3063 528 3173 566 non
3222 523 3362 582 erat,
3412 516 3526 570 haec

1949 601 2267 653 occultavit.
2291 599 2401 655 Nec
2428 601 2658 670 proinde
2683 602 2958 656 rationem
2992 617 3021 656 a
3057 602 3168 658 Deo
3206 620 3521 675 poscamus.

1950 690 2071 761 Ipse
2106 691 2252 744 enim
2287 699 2340 744 et
2381 691 2572 759 judex,
2608 699 2663 746 et
2702 692 2971 747 bonorum
3024 693 3172 748 idem
3226 697 3346 766 ipse
3400 699 3525 755 fons

1948 790 2034 837 est
2067 799 2079 835 :
2118 795 2220 835 nec
2265 780 2462 834 bonum
2509 781 2681 834 ullum
2715 792 2821 846 est,
2849 781 2958 837 nisi
3010 784 3160 854 quod
3213 786 3331 856 ipse
3359 789 3520 854 velit;

1949 874 2093 928 sicut
2124 887 2192 926 ne
2235 873 2418 926 lumen
2447 872 2615 925 ullum
2662 881 2768 936 est,
2811 873 2920 928 nisi
2950 874 3118 944 quod
3152 890 3182 930 a
3217 876 3336 931 sole
3369 876 3522 931 deri-

1949 974 2130 1018 vatur.

2019 1055 2111 1109 75.
2159 1055 2240 1109 Ac
2271 1068 2404 1109 sane
2435 1053 2597 1120 Deus,
2647 1069 2775 1110 cum
2821 1067 3015 1111 natura
3046 1056 3228 1114 bonus
3262 1068 3317 1114 et
3351 1060 3520 1116 mise-

1949 1146 2126 1200 ricors
2155 1145 2250 1211 sit,
2277 1160 2378 1200 nec
2409 1155 2694 1214 peccatum
2731 1148 2868 1212 vult,
2902 1163 3003 1202 nec
3029 1150 3343 1218 peccatoris
3371 1166 3525 1204 mor-

1949 1243 2082 1300 tem,
2137 1250 2242 1290 nec
2300 1236 2611 1290 delectatur
2662 1236 2719 1288 in
2777 1236 3010 1290 interitu
3067 1239 3372 1293 viventium
3438 1239 3520 1302 ³³,

1953 1341 2054 1380 nec
2107 1326 2202 1379 irae
2255 1325 2485 1406 aﬂ‘ectni
2519 1325 2772 1394 subjacet
2819 1339 2929 1392 quo
2995 1341 3208 1393 poenam
3269 1326 3521 1381 inferat:

1952 1416 2082 1486 quin
2111 1416 2289 1485 potius
2322 1416 2376 1469 in
2411 1430 2605 1470 omnes
2653 1417 2796 1470 bona
2851 1415 3159 1484 profundit.
3193 1415 3300 1481 Qui
3349 1419 3544 1485 cupit,‘

1951 1507 2190 1577 accipit:
2227 1522 2352 1560 nam
2386 1507 2481 1576 qui
2526 1507 2639 1575 jam
2687 1507 2869 1561 bonus
2923 1515 3032 1570 εει,
3071 1495 3342 1576 ampliora
3385 1507 3526 1562 bona

1952 1598 2330 1667 consequitur.
2371 1596 2553 1666 Atque
2585 1597 2641 1650 in
2672 1597 2778 1650 hac
2818 1598 3040 1667 quidem
3071 1599 3182 1650 vita
3225 1598 3530 1653 moderatio

1953 1690 2198 1758 quaedam
2233 1700 2336 1754 est,
2369 1696 2424 1743 et
2465 1689 2814 1757 gubernatio,
2865 1703 3182 1758 arcanaque
3231 1690 3527 1758 providen-

1956 1781 2050 1846 tia,
2085 1795 2192 1847 qua
2242 1780 2278 1833 ii
2321 1781 2415 1849 qui
2466 1787 2726 1848 peccant,
2768 1780 2836 1834 ad
2882 1780 3166 1834 meliorem
3209 1780 3421 1849 frugem
3474 1787 3528 1834 et

1953 1867 2334 1939 poenitentiam
2391 1876 2740 1923 revocantur.
2793 1866 2928 1922 Post
2966 1879 3194 1922 mortem
3247 1882 3377 1924 vero
3425 1883 3528 1922 nec

1952 1958 2358 2023 conversionis,
2390 1971 2492 2012 nec
2517 1957 2857 2026 paenitentiae
2895 1957 3053 2014 locus
3085 1967 3190 2013 est.
3228 1958 3346 2012 Non
3375 1959 3524 2028 quod

1955 2047 2098 2105 Deus
2143 2048 2524 2118 pmnitentiam
2567 2048 2610 2080 ἰο
2652 2064 2765 2104 non
2816 2049 3083 2118 suscipiat
3137 2048 3338 2120 (neque
3376 2051 3527 2104 enim

1953 2141 2198 2210 seipsum
2254 2153 2458 2209 negare
2504 2147 2707 2208 potest,
2759 2153 2860 2193 nec
2916 2141 3328 2195 miserationem
3365 2156 3525 2195 suam

1953 2232 2188 2302 abjicit),
2219 2227 2326 2286 ‘sed
2351 2229 2596 2285 conditio
2625 2231 2823 2283 animae
2851 2238 2958 2295 est,
2992 2246 3116 2299 quae
3143 2231 3388 2286 converti
3427 2246 3527 2285 ne-

1937 2330 2138 2392 queat.
2181 2320 2334 2376 Unde
2363 2320 2409 2375 si
2450 2322 2574 2390 quis
2622 2321 2881 2375 omnibus
2925 2320 3154 2389 justitiae
3201 2321 3527 2376 muneribus

1954 2413 2239 2483 fungatur,
2268 2411 2468 2466 deinde
2501 2421 2712 2466 mutata
2747 2414 3042 2474 sententia,
3074 2420 3282 2480 peccet,
3314 2421 3369 2467 et
3398 2427 3526 2465 cum

1953 2503 2166 2576 peccati
2198 2502 2502 2572 cupiditate
2545 2518 2576 2555 e
2617 2502 2727 2557 vita
2773 2503 3020 2568 excedat,
3071 2503 3128 2556 in
3163 2511 3390 2572 peccato
3423 2519 3528 2559 suo

1955 2596 2241 2649 morietur.
2296 2591 2497 2645 Eodem
2541 2591 2716 2646 modo
2749 2600 3034 2660 peccator,
3071 2593 3119 2648 si
3169 2608 3295 2646 eum
3347 2595 3528 2663 poeni-

1955 2686 2147 2748 tuerit,
2219 2683 2386 2752 inque
2447 2683 2774 2750 paenitentia
2828 2693 3061 2738 mortem
3131 2685 3313 2747 obeat,
3378 2686 3530 2738 nulla

1954 2777 2240 2845 culparum
2275 2775 2396 2843 ejus
2421 2772 2668 2829 manebit
2695 2774 2986 2828 memoria.
3041 2771 3198 2830 Sicut
3231 2774 3376 2829 enim
3417 2776 3530 2829 dae—

1954 2879 2147 2920 mones
2179 2873 2303 2936 post
2335 2865 2551 2935 lapsum
2591 2879 2701 2918 non
2735 2865 3097 2934 resipiscunt,
3147 2880 3323 2935 neque
3361 2867 3527 2920 etiam

1943 2957 2134 3027 angeli
2179 2970 2326 3010 nunc
2358 2962 2613 3025 peccant,
2664 2953 2759 3010 sed
2796 2955 3020 3024 utrique
3068 2956 3174 3010 hoc
3214 2957 3434 3023 habent,
3469 2965 3530 3012 ut

277 3049 367 3101 τδν
395 3046 676 3110 Θεὸν,“καὶ
702 3045 918 3115 ἔχοντες
950 3043 1114 3097 αὐτὸν
1148 3042 1255 3105 ἀεὶ,
1279 3042 1692 3112 εὐφραίνονται’
1714 3042 1764 3094 οί
1793 3041 1850 3094 δὲ

1954 3049 2104 3104 nulla
2146 3047 2200 3101 in
2247 3047 2400 3115 ipsos
2460 3045 2692 3099 mutatio
2749 3044 2912 3098 cadat
2959 3047 3041 3101 sic
3093 3047 3347 3102 homines
3405 3057 3528 3117 post

277 3138 591 3210 ἁμαρτωλοὶ
623 3135 915 3198 ποθοῦντες
944 3133 1044 3204 τὴν
1073 3132 1368 3204 ἁμαρτίαν,
1397 3132 1492 3185 καὶ
1527 3132 1601 3203 μὴ
1631 3131 1847 3202 ἔχοντες

1953 3139 2151 3197 obitum
2197 3135 2613 3190 conversionem
2654 3136 2863 3193 nullam
2916 3137 3233 3191 admittunt.
3267 3139 3344 3193 Ac
3365 3139 3504 3208 justi

278 3227 374 3290 τὰς
399 3227 532 3290 ῦλας
575 3227 674 3296 τῆς
706 3225 998 3296 ἁμαρτίας,
1030 3224 1107 3286 ὡς
1139 3222 1246 3275 ὑπὸ
1299 3221 1466 3293 πυρὸς
1491 3221 1590 3274 καὶ
1637 3220 1847 3290 σκώλη-

279 3333 374 3380 κος
406 3317 853 3385 κατεσθιόμενοι,
885 3313 1226 3379 κολάζονται,
1277 3313 1549 3384 μηδεμίαν
1600 3329 1849 3383 παρηγο-

283 3409 403 3479 ρίαν
436 3408 669 3478 ἔχοντες.
703 3407 770 3459 Τί
801 3406 909 3477 γάρ
939 3408 1054 3458 ἐστι
1102 3405 1362 3468 κόλασις,
1403 3406 1452 3456 εί
1497 3404 1573 3474 μὴ
1619 3404 1715 3458 τοῦ
1747 3420 1846 3457 aro-

281 3498 546 3568 θουμένου
592 3497 886 3568 στέρησις;
939 3495 1094 3549 Κατὰ
1135 3496 1232 3567 τὴν
1287 3495 1581 3562 ἀναλογίαν
1626 3494 1719 3548 οὖν
1755 3493 1847 3548 τοῦ

269 3576 470 3653 πόθου,
500 3589 556 3642 ot
581 3605 640 3641 τε
675 3587 768 3642 τὸν
815 3588 948 3641 Θεὸν
995 3586 1288 3651 ποθοῦντες
1320 3586 1725 3656 εὐφραίνονται,
1755 3585 1850 3638 καὶ

281 3680 329 3732 οί
363 3679 460 3749 τὴν
489 3677 762 3748 ἁμαρτίαν
792 3677 1084 3739 ποθοῦντες
1124 3676 1448 3739 κολάζονται
1481 3691 1496 3706 ·
1531 3675 1623 3727 καὶ
1661 3675 1769 3744 γὰρ
1801 3675 1849 3727 οἱ

283 3769 739 3839 ἐπιτυγχάνοντες
770 3769 864 3822 τοῦ
891 3767 1412 3839 ποθουμένου,κατὰ
1430 3767 1490 3819 τδ
1523 3767 1721 3836 μέτρον
1753 3763 1848 3818 τοῦ

283 3859 448 3914 πόθου
502 3859 921 3928 εὐφραίνονται·
972 3859 1068 3911 καὶ
1096 3859 1147 3910 οἱ
1177 3858 1678 3927 ἀποτυγχάνοντες,
1712 3855 1854 3910 κατὰ

280 3951 342 4004 τὸ
379 3953 576 4024 μέτρον
613 3951 707 4006 τοῦ
743 3951 908 4004 πόθου
943 3949 1264 4004 ὀδυνῶνται.

283 4043 585 4100 secundum
671 4042 931 4098 desiderii
1012 4054 1332 4095 mensuram
1417 4039 1770 4095 obiectantur

266 4136 468 4203 ditatis
500 4151 612 4190 suae
649 4135 813 4189 modo
849 4132 1275 4188 discruciantur.

1945 3229 2165 3302 quidem
2210 3227 2382 3282 Deum
2423 3227 2822 3292 desiderantes,
2869 3228 2992 3297 ejus
3033 3231 3388 3298 possessione
3429 3247 3527 3300 pe-

1946 3319 2104 3374 renni
2157 3318 2549 3386 oblectantur;
2599 3327 2922 3388 peccatores
2982 3327 3172 3373 contra
3240 3330 3526 3389 peccatum

1951 3410 2431 3480 concupiscentes,
2473 3425 2576 3465 nec
2618 3410 2884 3477 peccandi
2922 3411 3206 3466 materiem
3241 3413 3526 3478 habentes,

1953 3511 2212 3571 tanquam
2249 3501 2376 3571 igne
2408 3511 2460 3556 et
2490 3516 2676 3556 verme
2706 3502 2941 3566 corrosi,
2985 3504 3330 3568 cruciantur,
3379 3507 3528 3560 omni

1953 3607 2184 3663 prorsus
2216 3593 2416 3648 solatio
2449 3593 2722 3649 destituti.
2767 3592 2908 3658 Quid
2945 3595 3088 3649 enim
3133 3596 3280 3649 aliud
3318 3597 3531 3665 suppli-

1937 3683 2100 3737 cium
2127 3684 2220 3749 sit,
2249 3685 2355 3738 nisi
2390 3684 2642 3753 expetitae
2671 3685 2753 3739 rei
2801 3686 3079 3754 privatio?
3124 3683 3264 3754 Ergo
3297 3701 3397 3755 pro
3429 3701 3529 3740 cu-

1957 3773 2208 3842 piditatis
2246 3773 2462 3828 ratione
2495 3775 2534 3829 ii
2570 3774 2664 3844 qui
2698 3775 2866 3830 Deum
2897 3782 3178 3846 exoptant,
3215 3777 3270 3830 in
3315 3778 3528 3833 deliciis

1955 3872 2173 3933 agunt:
2229 3865 2324 3934 qui
2371 3879 2504 3920 vero
2564 3875 2791 3936 peccato
2842 3865 3147 3936 indulgent,
3203 3869 3529 3937 puniuntur.

1943 3953 2093 4007 Nam
2122 3962 2178 4010 et
2207 3955 2289 4009 illi
2322 3956 2417 4025 qui
2450 3971 2565 4011 rem
2599 3970 2765 4027 quam
2795 3960 3115 4028 cupierunt,
3137 3970 3530 4030 assequuntur,

1831 4060 1847 4096 :
1889 4054 2083 4100 contra
2114 4047 2190 4102 illi
2237 4048 2333 4118 qui
2365 4063 2428 4104 re
2467 4049 2780 4105 desiderata
2810 4051 3156 4117 exciderunt,
3214 4067 3318 4122 pro
3375 4053 3534 4120 pupi-

349 4234 456 4293 og'.
494 4227 689 4296 Ὑμεῖς
723 4226 782 4279 δὲ
810 4227 1000 4279 εἴπατε
1023 4225 1175 4295 ἡμῖν,
1197 4221 1251 4274 τί
1279 4223 1398 4274 ἐστι
1427 4223 1821 4295 παντοκράτωρ
1844 4242 1851 4290 ς

2037 4225 2129 4284 76.
2192 4225 2308 4282 Vos
2357 4234 2540 4281 autem
2628 4227 2760 4281 mihi
2820 4228 3527 4300 respondeatis:quidnam

280 4321 506 4382 Πάντως
529 4321 562 4372 ό
589 4317 787 4371 πάντα
816 4312 1066 4385 κρατῶν.
1096 4315 1235 4384 Φησὶ
1271 4314 1379 4384 γάρ
1422 4315 1451 4367 ὁ
1495 4313 1820 4380 Ἀπόστολος
1841 4334 1855 4348 ο

283 4427 302 4460 ι
347 4409 404 4461 Ὀ
432 4408 489 4461 δὲ
522 4407 700 4460 πάντα
731 4405 1151 4466 κατασκευάσας
1183 4403 1336 4466 Θεός.
1374 4421 1393 4454 ι
1433 4403 1544 4456 Καὶ
1576 4402 1694 4466 πῶς
1721 4421 1860 4459 παν-

277 4499 567 4572 τοκράτωρ
607 4499 637 4550 ὁ
665 4497 818 4562 Θεὸς,
858 4497 932 4567 μὴ
962 4495 1180 4566 κρατῶν
1209 4498 1306 4565 τῆς
1333 4495 1464 4564 ὕλης
1493 4496 1586 4549 καὶ
1619 4496 1721 4565 τῆς
1752 4513 1854 4550 κα-

281 4591 403 4654 κίας
447 4607 462 4656 ;
509 4591 543 4662 ἢ
601 4590 719 4653 πῶς
769 4588 1141 4659 Δημιουργὸς,
1177 4585 1250 4657 μὴ
1307 4587 1712 4656 δημιουργήσας
1763 4586 1860 4658 τὴν

283 4680 509 4750 inqui)
552 4681 670 4744 πῶς
707 4679 862 4744 Θεὸς,
903 4679 1101 4747 ἀτελὴς
1133 4717 1147 4742 ,
1177 4679 1271 4732 καὶ
1328 4677 1524 4747 ἐλλιπῆ
1568 4677 1707 4748 ἔχων
1760 4679 1859 4750 τὴν

281 4772 544 4842 δύναμιν;
571 4772 670 4825 Διά
699 4771 750 4824 τί
804 4771 914 4842 γὰρ
943 4771 1046 4823 οὐκ
1101 4770 1280 4822 ἀνεῖλε
1335 4770 1430 4822 καὶ
1485 4768 1721 4834 ὑπέταξε
1761 4771 1860 4842 τὴν

285 4865 454 4934 ὓλην,
489 4863 606 4917 ἀλλ’
646 4864 828 4916 εἴασεν
877 4860 1044 4932 αὐτὴν
1093 4859 1529 4925 στασιάζουσαν,
1563 4860 1656 4913 καὶ
1698 4861 1858 4930 μέχρι

285 4957 478 5027 καιροῦ
517 4955 729 5027 ροπῆςς
765 4953 828 5006 Εἰ
879 4955 977 5024 μὲν
1009 4953 1083 5024 μὴ
1142 4951 1443 5022 βουληθεὶς,
1476 4953 1575 5004 οὐκ
1629 4951 1853 5020 ἀγαθός.

285 5050 397 5102 Οὐκ
429 5048 633 5117 ἀγαθοῦ
671 5047 802 5118 γὰρ,
831 5047 949 5100 οὐδὲ
987 5046 1221 5110 δικαίου,
1252 5044 1314 5098 τὸ
1351 5043 1718 5113 ὲφησυχάζειν
1746 5045 1856 5105 τοῖς

285 5138 712 5209 ἁμαρτάνουσιν.
748 5138 808 5190 Ei
833 5137 889 5189 δὲ
917 5135 992 5207 μὴ
1023 5135 1292 5205 δυνηθεὶς,
1324 5134 1458 5197 Θεὸς
1488 5133 1748 5194 ἀδύνατος
1781 5132 1855 5202 μὴ

287 5231 371 5300 εἴη
399 5231 560 5294 Θεόςο
593 5229 652 5282 οὑ
681 5227 789 5298 γάρ
817 5227 1044 5280 δύνασθε
1076 5228 1270 5291 εἰπεῖν,
1306 5223 1490 5286 καθὼς
1525 5224 1687 5293 ἡμεῖς
1720 5220 1856 5290 ἔφη·

292 5340 388 5395 μεν
417 5323 549 5392 περὶ
589 5319 682 5374 τοῦ
718 5319 973 5388 γενέσθαι
1023 5320 1115 5372 καὶ
1145 5313 1285 5371 εἶναι
1329 5316 1420 5371 τὸν
1461 5314 1702 5368 διάϐολον
1727 5353 1742 5380 ,
1771 5313 1853 5366 ὅτι

293 5411 420 5472 αὐτὸ
450 5411 512 5465 τὸ
555 5406 694 5463 εἶναι
732 5408 894 5461 αὐτον
953 5407 1159 5475 ἀγαθόν
1213 5409 1378 5460 ἐστιν.
1419 5405 1611 5474 Ἡμεῖς
1652 5403 1760 5473 γὰρ
1792 5404 1856 5456 ἐκ

290 5502 382 5556 τοῦ
411 5501 616 5571 ἀγαθοῦ
651 5500 878 5564 διδόντες
910 5499 1056 5569 αὐτῷ
1088 5500 1149 5552 τὸ
1181 5495 1319 5552 εἶναι
1344 5539 1358 5563 ,
1392 5495 1593 5565 ἀγαθὸν
1621 5495 1682 5548 τὸ
1721 5491 1859 5548 εἶναι

1958 4320 2330 4387 omnipotentis
2388 4319 2658 4373 vocabulo
2723 4320 3124 4388 signiﬁcatur?
3183 4335 3366 4378 annon
3431 4327 3527 4395 qui

1956 4409 2209 4462 universa
2247 4408 2480 4478 imperio
2520 4408 2806 4462 continet?
2836 4409 2925 4462 Ait
2979 4409 3126 4463 enim
3179 4413 3474 4481 Apostolus
3508 4435 3523 4470 :

1958 4515 1977 4548 ι
2016 4497 2120 4564 Qui
2147 4497 2333 4552 omnia
2380 4494 2610 4564 creavit,
2647 4495 2802 4552 Deus
2833 4505 2918 4552 est
2966 4498 3033 4553 δ’.
3069 4517 3089 4550 ι
3135 4499 3204 4552 At
3253 4503 3528 4568 quomodo

1959 4590 2307 4658 omnipotens
2346 4587 2490 4644 Deus
2520 4597 2624 4654 est,
2681 4588 2726 4644 si
2769 4589 2902 4644 nihil
2949 4590 3008 4644 in
3059 4593 3343 4647 materiam
3383 4595 3526 4649 etin

1959 4682 2162 4736 malum
2203 4681 2418 4751 possit?
2443 4689 2539 4734 aut
2588 4681 2865 4746 quomodo
2920 4691 3161 4742 creator.
3213 4684 3307 4754 qui
3353 4696 3528 4742 mate-

1903 4809 1927 4842 ,ι
1956 4774 2092 4827 riam
2131 4787 2242 4826 non
2283 4771 2622 4827 condiderit?
2654 4781 2749 4826 aut
2785 4787 2887 4826 cur
2943 4772 3179 4842 denique
3226 4774 3392 4840 Deus,
3433 4778 3528 4846 qui

1958 4862 2229 4933 perfectus
2258 4877 2367 4916 non
2397 4870 2500 4928 est,
2533 4862 2694 4932 cujus
2719 4861 2884 4916 etiam
2915 4864 3094 4920 virtus
3119 4864 3382 4921 deﬁciens
3408 4867 3533 4922 est?

1961 4952 2138 5008 Eccur
2198 4953 2344 5007 enim
2395 4953 2678 5007 materiam
2729 4960 2826 5007 aut
2865 4968 2974 5008 non
3010 4957 3261 5023 sustulit,
3299 4964 3392 5010 aut
3422 4972 3530 5010 non

1963 5044 2217 5114 subjecit,
2257 5043 2352 5099 sed
2403 5058 2522 5098 eam
2567 5043 2634 5098 ad
2681 5051 3024 5100 momentum
3062 5046 3384 5101 seditionem
3416 5059 3532 5098 mo-

1960 5145 2087 5186 vere
2123 5127 2410 5200 permisit?
2451 5130 2499 5186 si
2544 5130 2788 5200 quidem,
2823 5132 2951 5202 quia
3009 5133 3220 5199 noluit;
3282 5132 3531 5202 profecto

1963 5223 2142 5280 bonus
2174 5237 2286 5278 non
2334 5213 2441 5277 est.
2501 5219 2690 5292 Neque
2723 5222 2870 5277 enim
2903 5222 3139 5285 bonum,
3193 5235 3294 5274 nec
3319 5223 3530 5290 justum

1962 5315 2142 5381 decet,
2173 5322 2232 5368 ut
2277 5315 2629 5386 peccantibus
2662 5317 2997 5384 acquiescat.
3042 5312 3100 5367 Si
3127 5327 3258 5368 vero
3288 5310 3398 5368 non
3430 5329 3531 5383 po-

1963 5408 2092 5472 tuit,
2127 5408 2419 5463 imbecillis
2449 5423 2577 5478 ergo
2621 5415 2706 5462 cst
2749 5406 2914 5472 Deus,
2956 5421 3058 5460 nec
3097 5405 3330 5475 proinde
3359 5404 3530 5461 Deus.

1952 5497 2308 5570 Nequaquam
2349 5499 2498 5554 enim
2549 5499 2690 5556 idem
2737 5497 2933 5558 aﬂ‘erre
2985 5498 3140 5555 vobis
3185 5497 3334 5567 licet,
3384 5501 3533 5571 quod

361 5678 407 5713 ³ο
447 5679 567 5751 sap.
629 5699 664 5750 1,
706 5683 787 5739 ιδ.
867 5684 912 5716 ιο
950 5684 1068 5740 Lib.
1150 5701 1164 5738 ι
1209 5683 1283 5738 De
1308 5682 1430 5754 ﬁde,
1463 5659 1588 5753 cap.
1621 5683 1674 5737 ι.
1755 5682 1850 5737 ιιι

1953 5697 1997 5738 r.
2040 5697 2120 5746 ιιι,
2154 5685 2206 5739 Il.
