3970 6156
438 176 579 258 1575

1617 180 1681 241 S.
1716 176 2036 242 JOANNIS
2073 176 2506 240 DAMASCENI

3643 175 3772 243 1576

437 308 543 350 nos
580 290 649 348 de
675 289 882 347 diaboli
908 289 1188 346 creatione
1213 294 1270 345 et
1315 270 1645 346 exsisténtia
1673 286 2014 354 dicebamus,

2124 286 2287 340 αὑτὸν
2316 284 2548 349 δικαίως
2600 283 2876 355 εἴποιμεν.
2916 284 3108 357 Ὑμεῖς
3153 285 3214 341 δὲ
3262 286 3338 341 ὲκ
3382 287 3510 341 τοῦ
3550 286 3767 356 ἀγαθοῦ

436 385 604 440 etiam
637 382 740 438 hoc
787 383 965 453 ipsum
992 396 1120 438 esse
1150 381 1379 448 bonum,
1416 378 1564 449 quod
1586 378 1842 434 exsistat.
1875 377 2012 432 Nam

440 489 543 530 nos
569 489 694 529 cum
741 473 791 527 ei
823 471 1158 537 tribuamus,
1215 469 1364 540 quod
1408 485 1441 523 a
1479 469 1628 524 bono
1678 467 1858 524 factus
1905 467 2010 533 sit,

434 568 562 633 jure
597 563 902 619 dixerimus
946 566 1151 618 bonum
1194 576 1320 617 esse
1359 560 1508 631 quod
1542 560 1632 615 ille
1672 560 1765 616 sit.
1800 560 1870 613 At
1911 574 2012 615 vos

436 667 564 707 cum
593 653 877 708 materiam
910 669 978 708 ex
1001 652 1146 708 bono
1173 651 1389 723 tegetis
1420 651 1625 706 habere
1653 661 1713 706 ut
1739 652 2008 717 exsistat;

438 756 552 811 imo
578 759 699 799 eam
730 756 928 799 natura
973 744 1196 809 malam,
1234 742 1529 813 omnisque
1571 740 1703 798 boni
1735 748 2009 796 exsortem

2119 377 2199 449 μὴ
2219 376 2457 440 διδόντες
2481 378 2548 448 τῇ
2579 374 2680 448 ὕλῃ
2709 374 2965 449 ὓπαρξιν,
2999 376 3142 431 ἀλλὰ
3168 379 3269 432 καὶ
3290 379 3521 450 κακὴν
3550 379 3763 452 ταύτην

2118 467 2394 537 λέγοντες,
2426 468 2521 521 καὶ
2553 466 2715 537 φύσει
2736 469 2947 539 κακὴν,
2981 468 3079 522 καὶ
3120 468 3438 532 παντελῶς
3465 468 3760 539 ἀμέτοχον

2116 557 2364 627 ἀγαθοῦ,
2387 559 2489 615 οὐκ
2535 560 2740 629 ἀγαθὸν
2774 560 3070 631 δυνήσεσθε
3113 560 3295 613 εἰπεῖν
3334 558 3417 612 τὸ
3462 554 3630 613 εἶναι
3661 560 3759 614 αὖ-

2114 651 2219 721 τήν
2243 663 2260 680 ·
2299 649 2520 717 οὐκοῦν,
2557 651 2592 721 ἢ
2619 652 2723 705 οὐκ
2755 651 2980 721 ἀγαθὸς,
3026 650 3062 722 ἢ
3104 651 3169 705 οὐ
3215 651 3473 715 δυνατὸς
3495 650 3521 691 τ
3558 651 3594 704 ὁ
3621 651 3754 716 Θεὸς

2118 741 2242 795 καθ’
2270 741 2439 813 ὑμᾶς,
2472 742 2551 814 μὴ
2583 742 2644 808 ἐξ
2678 743 2856 815 ἀρχῆς
2898 742 3102 813 ταύτην
3134 743 3345 799 ἀνελών
3366 760 3389 775 ⁸

435 850 561 892 esse
588 835 958 898 contendatis,
985 833 1145 907 “1
1181 833 1494 888 nullatenus
1522 845 1644 887 esse
1684 832 1892 887 bonum
1926 831 2114 888 dicere
2182 835 2436 904 possitis,
2471 832 2622 904 quod
2704 834 2825 904 ipsa
2905 835 2998 892 sit.
3050 835 3196 892 Deus
3250 836 3462 907 igitur,
3560 844 3745 893 vestra

438 927 660 999 quidem
694 927 976 997 opinione,
1014 942 1117 982 nec
1156 927 1356 990 bonus,
1389 939 1492 980 nec
1541 934 1737 995 potens
1778 925 1874 989 sit,
1915 925 2012 995 qui
2051 941 2171 981 eam
2208 927 2280 983 ab
2306 927 2468 982 initio
2499 942 2609 984 non
2637 927 2948 985 sustulerit.

509 1019 781 1074 Prmterea
807 1058 825 1085 ,
862 1019 912 1074 si
956 1035 1021 1074 ex
1057 1017 1186 1072 boni
1216 1026 1271 1072 et
1299 1016 1428 1070 mali
1469 1016 1780 1072 substantia
1813 1025 2017 1072 cuncta

436 1119 620 1165 ortum
658 1108 882 1172 habent,
909 1119 1060 1164 certe
1104 1123 1207 1162 nec
1248 1108 1428 1163 bonus
1455 1122 1559 1163 nec
1602 1107 1800 1172 malus,
1829 1120 2016 1164 rerum

436 1208 717 1254 creatures
743 1205 902 1263 sunt,
929 1199 1026 1253 sed
1054 1205 1263 1268 patres.

506 1375 578 1431 Et
626 1389 823 1431 rursus
855 1392 871 1430 :
902 1374 950 1430 si
982 1372 1185 1428 malum
1228 1371 1377 1428 bono
1409 1370 1756 1437 adversatur,
1808 1377 1870 1425 ut
1919 1384 2021 1427 ens

434 1465 573 1530 enti,
608 1465 939 1535 principium
972 1463 1248 1533 principio
1273 1500 1289 1527 ,
1325 1463 1635 1518 substantia
1673 1460 2016 1523 substantiae,

2192 1019 2307 1073 Καὶ
2337 1017 2531 1074 πάλιν·
2567 1021 2617 1073 εί
2650 1021 2716 1074 ὲκ
2737 1019 2835 1090 τῆς
2871 1019 3061 1084 οὐσίας
3091 1018 3186 1073 τοῦ
3212 1018 3432 1088 ἀγαθοῦ
3484 1020 3595 1074 καὶ
3647 1021 3737 1074 οὐ·

2120 1108 2246 1173 σίας
2283 1107 2379 1164 τοῦ
2435 1108 2610 1164 κακοῦ
2649 1110 2718 1163 τὰ
2755 1109 2937 1163 πάντα
2960 1150 2976 1175 ,
3000 1110 3124 1164 οὐδὲ
3156 1112 3188 1164 ό
3231 1109 3449 1179 ἀγαθὸς
3490 1111 3603 1165 καὶ
3647 1112 3736 1183 δη-

2123 1200 2388 1271 μιουργὸς
2416 1237 2435 1266 ,
2463 1199 2585 1255 οὐδὲ
2610 1202 2639 1255 ό
2665 1200 2904 1271 πονηρὸς
2933 1240 2950 1267 ,
2979 1200 3119 1255 ἀλλὰ
3163 1204 3413 1274 πατέρες
3470 1202 3600 1256 τῶν
3644 1203 3731 1259 ιν-

2119 1306 2253 1344 των.

2187 1380 2300 1434 Καὶ
2326 1379 2490 1435 πάλιν
2509 1397 2525 1413 ο
2565 1383 2616 1436 εί
2665 1382 2699 1455 ή
2730 1382 2901 1437 κακία
2936 1383 3160 1439 εναντία
3187 1383 3265 1453 τῷ
3291 1384 3529 1456 ἀγαθῷ,
3561 1384 3645 1450 ὡς
3667 1382 3721 1440 ὒν

2113 1469 2250 1537 ϐντι,
2291 1472 2391 1525 καὶ⁵
2433 1473 2579 1543 ἀρχὴ
2614 1473 2792 1544 ἀρχῇ,
2836 1473 2933 1528 καὶ
2976 1474 3138 1528 οὐσία
3171 1474 3335 1548 οὐσίᾳ
3356 1478 3409 1541 ⁸,
3438 1477 3575 1542 καὶ,
3602 1477 3720 1531 καθ’

436 1561 513 1619 et,
540 1562 601 1609 ut
639 1569 795 1610 more
824 1562 1008 1608 vestro
1038 1554 1255 1623 loquar,
1291 1552 1433 1609 Deus
1463 1550 1608 1617 Deo;
1639 1566 1774 1607 sane
1810 1566 1933 1606 cum
1960 1549 2014 1605 in

2124 1561 2261 1632 ὑμᾶς
2303 1563 2497 1627 εἰπεῖν,
2525 1565 2659 1629 Θεὸς
2695 1564 2837 1636 Θεῷ,
2869 1567 2927 1620 ὲν
2951 1566 3084 1637 ἡμῖν
3120 1566 3180 1621 δέ
3220 1568 3339 1621 εστι
3378 1568 3629 1638 ποιῆσαι
3659 1567 3717 1621 τὸ

437 1658 630 1700 nostra
654 1652 925 1714 potestate
952 1645 1061 1711 sit,
1103 1644 1310 1698 bonum
1342 1652 1441 1697 aut
1483 1643 1689 1696 malum
1719 1641 1921 1706 iacere,
1959 1642 2013 1696 in

2124 1629 2316 1721 ἀγαθὸν
2354 1654 2448 1707 καὶ
2477 1653 2669 1720 κακδν,
2700 1656 2760 1710 ιν
2778 1629 2914 1727 ἡμῖν
2935 1629 3137 1712 sim
3159 1657 3347 1713 δοῦναι
3370 1658 3449 1712 τὰ
3481 1629 3714 1730 νικητή-

439 1747 631 1792 nostra
657 1752 881 1806 quoque
909 1742 1180 1806 potestate
1219 1735 1388 1789 situm
1417 1733 1548 1798 erit,
1583 1732 1729 1788 bono
1758 1732 1841 1788 vel
1871 1732 2016 1788 malo

437 1829 676 1898 palmam
702 1828 876 1892 dare,
915 1841 1133 1897 nosque
1180 1826 1237 1881 in
1274 1840 1445 1881 causa
1488 1826 1723 1894 erimus,
1772 1833 1834 1880 ut
1879 1825 2018 1880 alter

437 1921 670 1975 alterum
698 1926 941 1989 superet.

514 2010 601 2064 77.
631 2007 742 2064 Nos
788 2009 980 2077 itaque
1006 2021 1178 2061 unum
1226 2005 1441 2075 Deum,
1492 2006 1734 2073 bonum,
1777 2004 2014 2076 justum,

439 2101 687 2155 omnium
711 2097 985 2169 Opiﬁcem,
1016 2106 1218 2152 cuncta
1252 2097 1484 2167 imperio
1512 2104 1809 2162 tenentem,
1838 2095 2018 2151 omni-

439 2200 743 2265 potentem,
776 2206 964 2263 parem
1006 2170 1274 2245 volundti
1316 2190 1427 2244 vim
1457 2188 1750 2245 habentem
1784 2187 2016 2244 conﬁte-

438 2300 586 2349 mur,
619 2284 689 2337 ab
722 2283 954 2353 ipsoque
989 2282 1244 2337 universa
1279 2288 1391 2336 tam
1422 2279 1661 2335 visibilis
1712 2293 1875 2348 quam
1927 2279 2007 2334 in.

437 2375 676 2430 visibilia
708 2375 932 2428 condita
975 2372 1149 2428 fuisse
1172 2412 1188 2437 ,
1220 2379 1387 2441 atque
1418 2385 1530 2426 non
1565 2385 1632 2426 ex
1675 2370 1853 2442 ipsius
1879 2369 2018 2426 subo

437 2468 664 2533 stantia,
697 2466 794 2521 sed
827 2480 895 2521 ex
924 2465 1101 2519 nihilo
1167 2466 1225 2519 in
1266 2478 1449 2519 rerum
1515 2471 1772 2518 naturam
1813 2463 2018 2534 produ-

437 2568 549 2613 cta.
602 2576 622 2608 ι
669 2557 865 2612 Omnia
916 2555 1063 2611 enim
1112 2568 1460 2623 quacunque
1510 2554 1686 2608 voluit
1750 2553 2019 2609 Dominus

439 2648 651 2715 iecit“,
694 2665 715 2699 ι
749 2646 913 2716 idque
940 2661 1064 2702 esse
1091 2644 1298 2701 bonum
1331 2642 1693 2709 aﬂirmamus,
1714 2644 1866 2715 quod
1900 2643 2019 2715 ipse

438 2741 578 2795 vult.
600 2740 760 2796 Absit
781 2738 930 2794 enim
955 2745 1016 2793 ut
1045 2736 1114 2792 de
1139 2735 1350 2791 factore
1371 2749 1541 2806 opera
1565 2735 1815 2805 judicent
1841 2753 1856 2790 :
1879 2735 2014 2806 quin

436 2846 543 2887 nec
574 2828 939 2885 Providentia
997 2829 1246 2884 rationes
1276 2828 1440 2883 nobis
1492 2827 1791 2897 explorata:
1838 2828 2011 2883 suntl

2118 1762 2213 1816 9ta
2243 1743 2323 1815 τῷ
2352 1744 2543 1814 ἀγαθῷ
2566 1744 2660 1799 καὶ⁵
2702 1745 2782 1816 τῷ
2811 1746 3055 1818 πονηρῷ,
3086 1748 3184 1801 καὶ
3230 1749 3393 1820 ἡμεῖς
3423 1751 3607 1822 ἐσμεν
3632 1752 3711 1805 at-

2118 1853 2227 1889 τιοι
2258 1836 2358 1906 τῆς
2379 1836 2739 1908 ἐπικρατείας
2772 1837 3063 1910 ἑκατέρου.

2189 2011 2288 2078 οξ.
2332 2013 2529 2084 Ἡμεῖς
2550 2013 2659 2085 1&9
2699 2013 2796 2068 ινα
2831 2013 2965 2068 Θεόν
2998 2029 3182 2085 φαμεν
3209 2014 3441 2083 ἀγαθον,
3472 2017 3704 2084 δίκαιον,

2118 2104 2339 2159 πάντων
2383 2105 2716 2178 δημιουργὸν
2741 2144 2758 2171 ,
2794 2105 3014 2159 πάντων
3051 2105 3364 2177 κρατοῦντα
3389 2146 3406 2173 ,
3434 2109 3704 2162 uvae“-

2076 2208 2085 2216 ‘
2116 2216 2310 2271 ναμον,
2334 2198 2435 2252 ὅσα
2460 2196 2606 2251 θέλει
2638 2196 2935 2267 δυνάμενον
2953 2214 2967 2229 ·
2987 2197 3085 2252 καὶ
3115 2198 3212 2251 ὑπ’
3240 2197 3411 2253 αὐτοῦ
3460 2201 3702 2255 ἐκτίσθαι

2116 2290 2188 2345 τὰ
2215 2290 2418 2352 πάντα,
2440 2289 2513 2342 τά
2543 2305 2603 2342 τε
2633 2287 2807 2358 ὁρατὰ
2854 2288 2953 2342 καὶ
2981 2287 3053 2344 τὰ
3092 2288 3337 2360 ἀόρατα,
3362 2292 3470 2347 οὐκ
3501 2295 3571 2347 ἐκ
3607 2294 3702 2363 τῆς

2117 2379 2308 2444 οὐσίας
2342 2378 2531 2445 αὐτοῦ,
2562 2377 2681 2432 ἀλλ’
2725 2380 2790 2433 εκ
2837 2378 2937 2433 τοῦ
2989 2379 3066 2451 μὴ
3112 2380 3267 2445 ὄντος
3296 2383 3383 2446 είς
3415 2383 3481 2437 sb
3522 2379 3698 2439 εἶναι’

2122 2489 2143 2523 ι
2174 2469 2360 2525 Πάντα
2392 2468 2501 2540 1&9
2549 2468 2653 2522 ὅσα
2697 2466 2986 2539 ἠθέλησεν,
3030 2468 3291 2539 ἐποίησεν
3314 2472 3345 2524 ό
3391 2470 3607 2543 Κύριος
3629 2489 3645 2504 ο
3673 2489 3693 2523 ι

2116 2560 2213 2614 καὶ
2246 2559 2405 2613 τοῦτο
2436 2558 2641 2628 ἀγαθόν
2673 2576 2879 2630 φαμεν,
2900 2559 2931 2614 ὃ
2979 2558 3147 2613 θέλει.
3172 2560 3250 2614 Οὐ
3292 2561 3404 2633 1&9
3432 2561 3507 2617 τὰ
3538 2564 3698 2636 ποιή-

2119 2665 2269 2721 ματα
2318 2648 2497 2720 κρίνει
2549 2647 2641 2702 τὸν
2688 2649 2994 2717 ποιήσαντα
3017 2660 3035 2680 ⁸
3072 2646 3189 2702 ἀλλ’
3242 2647 3367 2701 οὐδὲ
3410 2647 3573 2720 ίσμεν
3611 2649 3700 2706 ὼν

2115 2737 2275 2807 λόγον
2317 2737 2418 2807 τῆς
2450 2735 2708 2810 προνοίας
2748 2734 2937 2790 αὐτοῦ.
2970 2751 2993 2788 ι
3027 2735 3125 2799 Τίς
3155 2734 3267 2805 1&9
3288 2735 3433 2804 ἔγνω
3455 2735 3584 2791 νοῦν
3611 2736 3700 2791 τοῦ

2116 2829 2327 2900 Κυρίου
2350 2843 2367 2895 ;
2390 2828 2425 2898 ἢ
2456 2827 2541 2890 τίς
2565 2826 2873 2897 σύμϐουλος
2902 2824 3067 2880 αὐτοῦ
3088 2825 3348 2894 niveae;
3387 2845 3408 2878 ι
3450 2827 3520 2881 Εί
3538 2826 3702 2895 ἔγνω-

444 2941 464 2974 s
503 2920 641 2988 Quis
688 2920 834 2976 enim
879 2920 1140 2990 cognovit
1190 2932 1417 2974 sensum
1472 2915 1713 2982 Domini,
1751 2924 1848 2972 aut
1887 2916 2014 2989 quis

2124 2934 2215 2973 στο
2250 2920 2285 2990 ἡ
2318 2918 2485 2989 βουλὴ
2518 2916 2710 2983 αὐτοῦ,
2738 2917 2839 2972 καὶ
2884 2917 2948 2972 τὸ
2990 2916 3207 2988 θέλημα
3260 2917 3467 2985 αὐτοῦ,
3491 2919 3595 2972 οὐκ
3635 2914 3699 2990 ἦν

438 3014 795 3076 consiliarius
825 3008 947 3081 ejus
973 3011 1081 3066 fuit
1100 3009 1190 3063 ιιι
1219 3027 1239 3060 ι
1274 3007 1331 3063 Si
1354 3007 1648 3063 consilium
1677 3015 1736 3062 et
1762 3008 2014 3064 voluntas

2124 3009 2273 3075 Θεὸς,
2302 3008 2425 3063 οὐδὲ
2477 3008 2812 3078 θαυμαστός.
2845 3007 3060 3079 Ὥσπερ
3112 3008 3225 3082 1&9
3267 3011 3303 3080 ἡ
3333 3009 3496 3064 οὐσία
3537 3008 3698 3063 αὑτοῦ

438 3108 612 3177 ipsius
640 3104 900 3175 cognosci
940 3108 1146 3173 posset,
1191 3115 1294 3155 nec
1338 3098 1483 3155 Deus
1511 3098 1677 3163 foret.
1706 3112 1811 3154 nec
1838 3097 2017 3154 admi-

436 3199 654 3253 ratione
673 3195 893 3266 dignus.
923 3190 1396 3259 Quemadmodum
1419 3188 1566 3245 enim
1597 3188 2020 3259 incomprehen-

438 3286 618 3345 sibilis
664 3294 751 3343 est
795 3284 920 3354 ejus
959 3282 1200 3340 essentia
1228 3320 1244 3348 ,
1291 3282 1373 3338 sic
1403 3291 1459 3336 et
1497 3281 1620 3351 ejus
1652 3280 1906 3337 voluntas
1953 3294 2020 3335 ac

436 3375 803 3447 providentia.
843 3371 980 3428 Nam
1009 3374 1056 3428 si
1083 3386 1149 3429 ea
1182 3385 1306 3442 quae
1349 3377 1480 3426 sunt
1505 3369 1815 3437 hominum,
1848 3383 2013 3425 nemo

437 3467 562 3531 scit,
589 3466 696 3521 nisi
724 3465 1166 3534 uniuscujusque
1190 3461 1436 3532 spiritus,
1464 3461 1559 3531 qui
1588 3460 1646 3516 in
1675 3460 1798 3532 ipso
1818 3467 1904 3518 est
1926 3460 2010 3530 “;

436 3558 573 3628 quin
599 3574 669 3614 ne
695 3558 881 3613 omnia
919 3556 1142 3626 quidem
1173 3567 1275 3609 sua
1302 3551 1541 3623 quisque
1569 3554 1858 3623 cognoscit
1891 3552 2015 3625 (ne-

436 3663 545 3719 que
580 3649 727 3703 enim
752 3649 1099 3717 exploratum
1136 3644 1325 3710 habet,
1359 3643 1492 3714 quid
1541 3642 1647 3698 sibi
1679 3643 1753 3699 sit
1779 3650 2011 3700 eventu—

439 3756 603 3803 rum;
642 3739 775 3808 quin
821 3752 965 3806 saepe
989 3737 1229 3807 ignorat,
1264 3735 1396 3806 quid
1427 3734 1589 3806 modo
1614 3733 1769 3800 velit,
1808 3732 2014 3803 quidve

435 3844 564 3885 cras
595 3828 763 3896 volet)
797 3841 1077 3895 :quonam
1120 3826 1291 3895 igitur
1320 3834 1482 3896 pacto
1506 3824 1603 3880 Dei
1646 3824 2009 3890 voluntatem,

2114 3099 2507 3172 άκατάληπτος
2528 3139 2544 3166 ,
2567 3099 2711 3155 οὕτω
2761 3099 2860 3153 atat
2901 3103 2938 3172 ή
2972 3100 3194 3170 θίλησις
3217 3142 3236 3167 ,
3266 3100 3366 3155 καὶ
3395 3102 3432 3172 ἡ
3479 3100 3697 3172 πρόνοια

2114 3192 2306 3248 αὑτοῦ.
2332 3194 2395 3246 Ei
2423 3191 2534 3264 1&9
2556 3191 2627 3245 τὰ
2649 3188 2759 3245 τῶν
2778 3189 3083 3263 ἀνθρώπων
3107 3191 3281 3256 οὐδεὶς
3309 3191 3620 3259 latina-sat,
3649 3189 3695 3242 εί

2121 3283 2198 3354 μὴ
2227 3282 2289 3336 τὸ
2317 3281 2537 3353 πνεῦμα
2563 3281 2800 3335 ἑκάστου
2831 3280 2898 3334 τὸ
2923 3284 2981 3334 ἐν
3027 3277 3198 3350 αὐτῷ,
3230 3279 3350 3334 ἀλλ’
3376 3280 3500 3334 οὐδὲ
3522 3280 3694 3334 πάντα

2116 3372 2189 3429 τὰ
2236 3371 2434 3427 ἑαυτοῦ
2482 3371 2714 3435 ικαστος
2758 3372 2872 3426 τῶν
2905 3360 3220 3441 άνθρὼπων
3264 3371 3557 3425 ιπίσταται
3581 3384 3599 3403 ⁸
3633 3367 3693 3426 οὐ

2119 3465 2229 3537 1&9
2267 3466 2329 3520 τὸ
2391 3464 2584 3537 μέλλον
2640 3462 2925 3532 γινώσκει,
2954 3462 3081 3517 om
3107 3462 3162 3516 τί
3218 3460 3492 3533 βούλεται,
3522 3461 3619 3516 καὶ
3644 3460 3693 3514 τί

2119 3557 2339 3630 θελήσει
2381 3556 2479 3612 καὶ
2528 3555 2762 3628 βουληθῇ
2817 3553 3028 3627 αὔριον,
3077 3554 3378 3609 επισταται
3403 3572 3419 3585 ο
3439 3554 3559 3618 πῶς
3606 3547 3692 3608 οὖν

2117 3650 2181 3704 τὸ
2228 3650 2323 3702 τοῦ
2362 3647 2501 3703 Θεοῦ
2533 3647 2768 3717 θέλημα,
2801 3646 2899 3701 καὶ
2926 3646 3028 3716 τὴν
3072 3644 3242 3700 αὐτοῦ
3278 3644 3475 3717 βουλὴν
3496 3644 3688 3713 γνώσε-

2117 3755 2245 3805 ται;
2278 3738 2374 3792 καὶ
2426 3735 2693 3809 πολλάκις
2726 3727 2804 3790 ὧν
2851 3734 3249 3801 ἐϐουλεύσατο,
3274 3737 3362 3799 είς
3411 3733 3585 3806 λήθην
3608 3731 3688 3804 ιε-

2121 3843 2297 3898 χεται.

414 3918 726 3989 τίρείοειιιιο
786 3912 1083 3969 consilium
1141 3920 1491 3982 perspectum
1553 3912 1830 3968 habebit?
1876 3913 2016 3983 quin
2045 3912 2217 3972 etiam
2255 3930 2447 3973 eorum
2535 3931 2660 3989 qua:
2707 3917 3115 3985 constituerat,
3193 3915 3318 3988 ipse
3364 3932 3480 3975 non
3520 3930 3685 3973 recor-

438 4010 625 4154 ὼζέἷ.
640 4095 1010 4166 Quamobrem
1043 4093 1185 4150 Deus
1206 4108 1305 4166 pro
1330 4107 1432 4151 sua
1457 4093 1811 4166 pmscientia
1836 4095 2016 4151 omni-

436 4191 543 4248 bus
571 4189 844 4260 providet.
880 4187 946 4241 Et
983 4187 1284 4257 quamlibet
1314 4186 1473 4243 nobis
1494 4225 1512 4252 ,
1544 4186 1638 4257 qui
1672 4201 1776 4243 nec
1803 4185 2011 4251 futura,

2192 4093 2295 4166 οη’.
2329 4095 2648 4167 Προνοεῐται
2678 4095 2709 4149 ό
2726 4093 2859 4160 Θεὸς
2883 4094 3027 4150 κατὰ
3060 4094 3229 4151 αὐτοῦ
3255 4096 3572 4168 πρόγνωσιν
3590 4100 3687 4156 τῶν

2121 4186 2397 4243 ἁπάντων.
2446 4186 2560 4242 Καὶ
2590 4186 2742 4241 δοκεῖ
2794 4187 2895 4258 μὶν
2937 4188 3073 4258 ἡμῖν
3098 4189 3213 4252 τοῖς
3251 4187 3331 4260 μὴ
3353 4190 3544 4259 είδόσι,
3568 4193 3685 4264 μηδὲ

437 4298 539 4339 nec
570 4281 866 4353 praeterita,
900 4280 1012 4333 imo
1048 4293 1150 4334 nec
1182 4277 1478 4347 praesentia
1507 4276 1696 4332 omnia
1733 4279 2010 4341 novimus,

2124 4278 2188 4334 τὰ
2216 4279 2504 4371 μέλλοντα,
2540 4279 2676 4371 μηδὲ
2711 4279 2783 4334 τὰ
2828 4279 3222 4351 προγεγονότα,
3258 4282 3399 4351 μηδὲ
3427 4284 3605 4338 πάντα
3625 4284 3684 4339 τὰ

435 4382 772 4446 ρταιροειοη
798 4372 976 4444 ipsius
998 4370 1325 4443 gubernatio
1344 4370 1621 4433 videatur,
1640 4370 1804 4440 plana
1827 4378 2015 4425 tamen

435 4476 490 4524 et
523 4465 834 4536 aequabilis,
876 4464 1132 4533 bonaque
1178 4469 1234 4517 et
1272 4460 1425 4531 justa
1457 4466 1565 4516 est.
1594 4457 1732 4513 Nam
1759 4472 1890 4514 cum
1924 4472 2013 4524 ea,

436 4572 561 4629 quae
598 4557 656 4612 in
688 4563 885 4611 nostro
941 4552 1175 4608 arbitrio
1216 4550 1569 4615 consistunt,
1613 4549 1843 4620 perinde
1870 4564 2013 4620 prte-

438 4657 655 4712 noscat,
694 4663 761 4703 ac
790 4647 841 4703 si
867 4646 981 4718 jam
1021 4653 1245 4712 essent;
1298 4643 1507 4710 futura,
1533 4651 1700 4714 prout
1741 4642 1861 4714 ipse
1896 4641 2016 4698 vult

438 4746 495 4795 et
522 4738 734 4803 statuit,
772 4740 923 4807 iuste
949 4736 1223 4793 decernit.
1251 4733 1440 4805 Neque
1478 4734 1626 4790 enim
1656 4732 1802 4790 Deus
1828 4734 2011 4790 homi-

440 4829 527 4884 nis
558 4827 734 4883 instar
773 4826 1058 4896 prospicit.
1104 4843 1125 4877 ι
1175 4823 1351 4882 Homo
1392 4824 1599 4895 quippe
1647 4824 1797 4880 videt
1840 4824 1896 4880 in
1927 4823 2011 4879 fa-

439 4919 629 4977 ciem;
662 4915 806 4971 Deus
840 4922 1023 4970 autem
1066 4916 1317 4971 intuetur
1363 4930 1460 4973 cor
1474 4916 1540 4969 “.
1580 4933 1601 4966 ι
1636 4917 1714 4970 Ac
1749 4930 1854 4972 nos
1900 4929 2009 4970 non

441 5022 593 5070 raro.
636 5005 690 5061 id
726 5004 874 5076 quod
899 5004 967 5058 ab
1003 5004 1261 5059 omnibus
1290 5004 1498 5073 justum
1527 5004 1832 5074 iudicatur,
1860 5005 2010 5075 tnju—

439 5107 588 5155 stum
618 5112 742 5154 esse
769 5109 1094 5160 censemus;
1128 5093 1216 5149 vel
1241 5095 1370 5164 quia
1404 5096 1627 5150 animus
1656 5102 1848 5152 noster
1876 5094 2015 5150 vitio

438 5195 742 5259 occupatus
774 5196 880 5253 est,
920 5187 1007 5243 vel
1036 5186 1167 5258 quia
1215 5200 1330 5241 non
1374 5185 1565 5242 eadem
1609 5201 1700 5241 res
1748 5186 2013 5242 omnibus

2116 4370 2390 4425 ἐνεστῶτα
2408 4411 2426 4437 ,
2454 4360 2743 4443 ἀνώμαλος
2782 4373 2817 4443 ἠ
2847 4372 3180 4444 κυϐέρνησις
3199 4372 3367 4427 αὑτοῦ
3392 4390 3408 4406 ·
3435 4374 3612 4448 ὁμαλὴ
3632 4375 3682 4430 δί

2116 4465 2254 4530 εστι,
2302 4464 2400 4518 καὶ
2434 4463 2613 4535 ἀγαθὴ
2632 4505 2648 4531 ,
2678 4464 2777 4518 καὶ
2803 4464 2988 4519 δικαία
3027 4464 3108 4537 τῷ
3129 4464 3267 4520 ὄντι.
3298 4468 3681 4538 Προγινὼσκων

2114 4548 2227 4621 γὰρ
2265 4550 2335 4605 τὰ
2381 4551 2468 4620 ἐφ’
2507 4553 2643 4622 ἡμῖν
2690 4552 2768 4616 ὡς
2800 4552 2952 4618 ὅντα,
2981 4553 3053 4608 τὰ
3079 4554 3317 4625 ἐσόμενα
3344 4556 3590 4621 δικαίως,
3613 4558 3679 4621 ὡς

2115 4640 2279 4704 αὐτὸς
2299 4639 2443 4695 θέλει
2474 4642 2568 4696 καὶ
2593 4642 2865 4713 βούλεται,
2889 4643 3065 4711 κρίνει
3083 4657 3101 4676 ο
3131 4644 3196 4699 οὐ
3220 4645 3334 4717 1&9
3360 4646 3441 4711 ὡς
3483 4648 3583 4720 ὁρᾷ
3602 4648 3695 4704 ἂνο·

2116 4729 2358 4801 θρωπος,
2401 4730 2591 4800 ὄψεται
2637 4731 2793 4797 Θεός.
2841 4752 2864 4785 s
2906 4732 3227 4804 Ἄνθρωπος
3270 4735 3383 4807 γὰρ
3415 4737 3497 4801 είς
3525 4736 3677 4808 πρόσο
3804 4736 3809 4808 ξ

2117 4838 2265 4876 ωπον
2288 4822 2412 4894 ὁρᾷ,
2442 4822 2578 4887 Θεὸς
2605 4822 2663 4877 δὲ
2688 4824 2768 4887 είς
2799 4823 3049 4896 καρδίαν.
3089 4843 3108 4877 ι
3147 4825 3342 4895 Ἡμεῖς
3370 4828 3468 4881 καὶ
3495 4828 3556 4883 τὸ
3589 4828 3674 4884 ὑπὸ

2119 4914 2340 4970 πάντων
2370 4914 2693 4985 κρινόμενον
2713 4914 2921 4970 δίκαιον
2942 4915 3224 4981 πολλάκις,
3263 4917 3453 4972 ἄδικον
3479 4918 3674 4990 ὁρῶμεν

2116 5005 2207 5060 διὰ
2228 5005 2496 5077 πρόληψιν
2519 5006 2740 5070 κακίας.
2773 5007 2871 5061 καὶ
2895 5006 2986 5061 διὰ
3020 5007 3082 5061 τὺ
3109 5007 3184 5078 μὴ
3207 5007 3340 5061 αὐτὸ
3367 5011 3536 5065 πᾶσιν
3562 5012 3673 5083 ἀρε-

2119 5096 2261 5161 στὸν,
2295 5095 2411 5149 ἀλλ’
2468 5097 2653 5168 ἕτερον
2707 5097 2900 5166 ἑτέρῳ.
2934 5098 3146 5169 -Κρίνει
3172 5097 3229 5152 δὲ
3268 5099 3298 5151 ό
3328 5100 3465 5166 Θεὸς
3499 5102 3597 5157 οὐκ
3620 5103 3671 5155 ἐκ

2123 5186 2481 5259 μεταμελείας
2520 5185 2557 5258 ἢ
2604 5188 2952 5255 ἐπιγνώσεως
2974 5228 2989 5256 ,
3017 5186 3133 5241 ἀλλ’
3179 5191 3246 5244 ἐκ
3304 5191 3668 5263 προγνώσεως.

543 5377 591 5411 ⁸³
619 5377 767 5434 Psal.
815 5391 1040 5442 csxaiv,
1085 5377 1140 5430 6.
1214 5376 1263 5408 "
1293 5375 1402 5431 lsa.
1435 5387 1525 5438 ιι..
1552 5373 1642 5427 15.
1679 5370 1839 5427 Rom.
1870 5387 1934 5435 ιι,
1964 5372 2052 5428 54.
2104 5372 2149 5406 ⁸⁸
2181 5374 2351 5431 ICor.
2377 5393 2439 5444 ιι,
2473 5376 2564 5431 ll.
2638 5374 2684 5408 “
2711 5375 3024 5448 Πλαθάνη,
3059 5376 3126 5444 7;
3156 5374 3310 5434 Psal.
3346 5394 3451 5446 vu,
3494 5379 3569 5436 l0.

1792 5485 2030 5542 VABLE
2056 5486 2465 5548 LECTIONES.

517 5576 538 5620 ι
572 5576 768 5637 Dillius
794 5579 958 5634 vertit
978 5577 1185 5647 justus,
1222 5588 1325 5631 ceu
1356 5572 1548 5644 legerit
1570 5571 1798 5639 δίκαιος.
1876 5577 1906 5618 ⁸
1931 5576 2100 5633 Basil.
2125 5588 2176 5635 et
2200 5577 2267 5633 Β.
2308 5580 2453 5654 ἀρχὴ
2481 5581 2680 5664 ἀρχῆς,
2712 5583 2807 5638 καὶ
2832 5580 2993 5636 οὐσία
3041 5576 3248 5642 οὐσίας.
