3980 6140
265 335 402 403 1577

1274 321 1656 384 DIALOGUS
1696 318 1995 380 CONTRA
2034 309 2514 376 MANICH/EOS.

3397 291 3532 357 1578

265 399 642 517 ῖῐνροεγνωκὼς
677 435 786 507 γὰρ
817 435 846 488 6
881 433 1014 497 Θεὸς
1061 431 1132 486 τὰ
1175 431 1356 485 πάντα
1404 429 1536 500 πρὶν
1580 427 1850 496 γενέσεως

1974 421 2152 480 ιιεεοι,
2185 414 2280 473 sed
2319 414 2446 470 aliis
2485 411 2617 466 alia.
2663 409 2733 462 At
2764 406 2908 462 Deus
2943 419 3054 460 non
3086 416 3152 457 ex
3181 399 3534 472 pmnitentm.

263 533 468 594 αὐτῶν,
496 527 803 600 προώρισεν
856 525 1074 595 ἐκάστῳ
1120 523 1370 586 δικαὲως.
1412 520 1509 573 καὶ
1560 532 1845 596 προνοητιο

351 635 402 683 ς,
432 592 523 672 διαὶ
541 592 964 687 συμφερόντως,
989 592 1305 683 κατάλληλα
1339 611 1452 673 τοῖς
1493 609 1578 676 ἐφ’
1603 592 1852 678 ἡμῖν,’τὰ

266 713 368 766 οὐκ
402 710 472 779 ἐφ
503 711 660 780 ἡμῖν.
687 708 851 762 ’Δλλο
879 707 988 778 γάρ
1015 709 1134 758 ἐστι
1160 703 1384 773 γνῶσις,
1420 701 1515 754 καὶ
1543 699 1674 754 ἄλλο
1717 696 1852 768 πρό-

269 817 496 869 γνωσις,
532 801 631 854 καὶ
659 799 790 855 ἄλλο
831 797 1162 866 ἐπίγνωσις,
1193 795 1288 848 καὶ
1324 793 1454 848 ἄλλο
1483 789 1734 862 ὁρισμὸς,
1760 788 1854 840 καὶ

268 892 400 947 ἄλλο
429 891 769 962 προορισμός
792 907 806 922 ⁸
835 891 1038 960 γνῶσις
1069 888 1166 960 μέν
1188 887 1296 958 γάρ
1321 883 1533 947 ἐστι,τὸ
1565 880 1764 934 εἰδέναι
1787 878 1856 932 τὰ

271 980 428 1045 ὄντα,
457 981 491 1052 ἢ
521 980 591 1033 τὰ
634 980 917 1050 γινόμενα,⁸
951 978 1270 1048 Πρόγνωσις
1320 974 1378 1028 δὲ
1400 1013 1414 1037 ,
1439 972 1500 1028 τὸ
1541 969 1740 1026 εἰδέναι
1785 967 1856 1021 τὰ

271 1071 532 1142 ἐσόμενα,
553 1071 682 1142 πρὶν
708 1071 976 1140 γενέσεως
1012 1068 1215 1123 αὐτῶν.
1247 1064 1577 1133 Ἑπίγνωσις
1595 1061 1652 1115 δέ
1685 1061 1855 1123 ἐστιν,

277 1163 312 1232 ἡ
344 1161 482 1232 μετὰ
503 1161 673 1233 ψευδῆ
701 1162 1056 1231 ἐπιγινομένη
1122 1158 1329 1229 ἀληθὴς
1359 1154 1562 1225 γνῶσις
1581 1169 1594 1184 ⁸
1621 1152 1715 1205 καὶ
1741 1153 1858 1222 ὁρι-

280 1252 422 1324 σμὸς
453 1252 554 1323 μὲν
582 1250 700 1305 ἐστι
730 1251 911 1322 κρίσις
942 1251 1036 1304 καὶ
1056 1249 1332 1318 ἀπόφασις
1359 1245 1455 1299 ἐπὶ
1482 1245 1594 1306 τοῖς
1628 1256 1858 1310 γεγενη-

283 1343 504 1416 μένοις·
535 1342 872 1414 προορισμὸς
899 1339 1172 1412 δὲ,κρίσις
1202 1339 1298 1392 καὶ
1329 1335 1603 1408 ἀπόφασις
1636 1333 1731 1387 ἐπὶ
1747 1336 1861 1396 τοῖς

281 1434 587 1504 ἐσομένοις.

360 1699 456 1755 οϐ’.
491 1698 764 1772 Προειδὼς
793 1693 887 1753 οὖν
933 1700 982 1751 6-
1008 1696 1141 1761 Θεὸς
1185 1696 1255 1749 τὰ
1298 1694 1534 1764 ἐσόμενα
1589 1689 1863 1762 ὑφ’ήμῶν

1957 527 2066 566 non
2104 525 2171 564 ex
2201 516 2428 579 postera
2454 500 2792 574 cognitione,
2833 496 2930 552 sed
2968 510 3036 550 ex
3072 491 3414 564 praenotione
3449 490 3539 556 jn-

1956 603 2126 658 dicat.
2157 601 2294 654 Cum
2333 597 2478 652 enim
2524 600 2725 650 cuncta
2785 596 3078 658 antequam
3123 585 3278 645 ﬁant,
3317 594 3537 650 praeno-

1959 693 2160 755 scat“,
2193 689 2365 759 iuste,
2389 694 2445 742 ct
2467 682 2714 755 provide,
2746 689 2800 736 et
2828 679 3035 734 utiliter
3070 673 3371 742 unicuique
3400 684 3539 739 prae-

1962 784 2083 840 ﬁnit
2107 790 2198 847 ;ut
2225 795 2346 850 qua:
2391 779 2445 832 itt
2484 784 2670 841 nostra
2704 778 2976 843 potestate
3007 769 3113 824 sita
3145 773 3297 827 sunt,
3326 765 3392 817 iis
3417 777 3538 830 qum

1961 891 2131 949 penes
2160 887 2263 929 nos
2307 886 2418 925 non
2455 875 2605 933 sunt,
2637 864 3026 949 respondeant.
3069 859 3230 915 Aliud
3266 856 3536 926 siquidem

1961 932 2046 1024 est
2076 964 2317 1036 cognitio
2339 1001 2354 1027 ,
2385 960 2533 1014 aliud
2566 932 2861 1028 praenotio:
2906 953 3051 1008 aliud
3104 950 3311 1021 agnitio
3335 990 3350 1012 ,
3391 945 3540 1000 aliud

1964 1060 2094 1113 item
2126 1056 2434 1118 decretum,
2469 1058 2523 1106 et
2564 1050 2714 1103 aliud
2743 1046 3058 1119 pra’ﬁnitio.
3085 1043 3340 1113 Cognitio
3369 1039 3543 1109 siqui-

1965 1148 2090 1202 dem
2115 1153 2218 1209 est,
2247 1157 2309 1196 ea
2338 1156 2460 1212 qua:
2491 1147 2621 1194 sunt
2644 1153 2710 1192 ac
2753 1137 2892 1190 ﬁunt
2921 1135 3083 1190 seire.
3117 1131 3413 1192 Praenotio,
3459 1137 3544 1182 est

1967 1239 2151 1293 futura
2181 1249 2350 1290 nosse
2392 1229 2869 1302 antequam-ﬁant.
2909 1227 3154 1297 Agnitio,
3188 1239 3318 1279 vera
3345 1220 3542 1292 cogni—

1967 1330 2046 1384 tio
2075 1338 2178 1395 est,
2216 1340 2340 1396 quae
2384 1335 2510 1394 post
2557 1322 2753 1376 falsam
2787 1319 3023 1374 accedit.
3066 1315 3358 1370 Decretum
3389 1326 3543 1370 vero.

1965 1426 2052 1476 est
2083 1417 2352 1489 judicium
2386 1429 2451 1468 ac
2501 1412 2771 1469 sententia
2803 1410 2872 1464 de
2928 1409 2996 1464 iis
3048 1422 3172 1476 qua:
3221 1405 3337 1474 jam
3391 1402 3538 1457 facta

1969 1519 2119 1568 sunt.
2155 1507 2452 1564 Praeﬁnitio
2491 1506 2734 1570 tandem,
2768 1509 2855 1559 est
2875 1500 3146 1571 judicium
3183 1508 3238 1554 et
3271 1495 3542 1554 sententia

1968 1603 2039 1658 de
2077 1601 2302 1656 futuris.

1967 1693 2130 1765 5,62
2208 1692 2292 1748 79.
2323 1688 2598 1745 Praescit"
2632 1687 2814 1757 itaque
2835 1683 2997 1749 Deus,
3031 1697 3094 1740 ea
3117 1695 3238 1752 qua
3259 1687 3456 1749 sponte
3483 1689 3549 1730 ac

281 1787 570 1851 ἑκουσίως,
605 1787 774 1857 ἠγουν
799 1786 870 1839 τὰ
900 1788 984 1854 ἐφ’
1014 1787 1168 1857 ἡμῖν,
1202 1785 1405 1856 ἀρετήν
1436 1798 1602 1853 φημι,
1636 1780 1731 1833 καὶ
1761 1797 1864 1833 κα-

1974 1785 2140 1840 libere
2185 1783 2365 1837 acturi
2411 1795 2628 1844 sumus,
2658 1779 2766 1832 hoc
2809 1784 2894 1832 est
2924 1789 3045 1845 quae
3083 1775 3137 1828 in
3177 1781 3368 1827 nostra
3401 1777 3552 1839 pote-

285 1880 432 1945 κίαν,
463 1879 832 1950 προορίζειτὰ
883 1878 983 1932 οὐκ
1033 1877 1311 1947 ἐφ’ήμῖν.·
1357 1875 1468 1929 Καὶ
1509 1876 1542 1944 ὴ
1591 1873 1692 1943 μὲν
1735 1887 1868 1943 προ-

285 1968 562 2038 γνωστικὴ
608 1967 835 2021 δυνατοῦ
885 1967 1044 2032 Θεοῦ,
1087 1967 1187 2021 οὐκ
1215 1968 1275 2030 ἐξ
1303 1965 1460 2036 ἡμῶν
1500 1963 1614 2034 ἔχει
1661 1961 1760 2032 τὴν
1793 1963 1871 2016 αί-

285 2058 408 2111 τίαν
430 2073 444 2087 ⁸
476 2057 538 2110 τὸ
559 2057 616 2110 δὲ
641 2057 955 2128 προγνῶναι
981 2057 1018 2113 ἃ
1052 2057 1319 2128 μέλλομεν
1360 2057 1556 2121 ποιεῖν,
1582 2053 1644 2120 ἐξ
1668 2053 1827 2125 ἡμῶν
1851 2069 1865 2083 ⁸

281 2149 335 2198 εἰ
367 2146 477 2217 γὰρ
511 2146 588 2216 μὴ
622 2147 922 2217 ἐμέλλομεν
951 2150 1160 2212 ποιεῖν,
1199 2146 1322 2200 οὐδὲ
1362 2146 1523 2210 αὐτὸς
1564 2145 1869 2215 προεγίνω-

289 2252 424 2300 σκε,
455 2238 552 2290 καὶ
606 2236 682 2308 μὴ
719 2236 998 2308 ἐσόμενον.
1028 2238 1139 2292 Ιίαί⁸
1181 2240 1214 2307 ἡ
1253 2238 1354 2308 μὲν
1412 2237 1724 2308 πρόγνωσις
1772 2235 1868 2292 τοῦ

287 2327 424 2381 Θεοῦ
460 2329 670 2400 ἀληθῄς
719 2329 838 2381 ἐστι
883 2329 978 2382 καὶ
1016 2327 1391 2401 ἀπαράϐατος,
1440 2327 1556 2382 ἀλλ’
1597 2327 1699 2380 οὑκ
1732 2327 1870 2399 αὐτή

287 2418 438 2472 ἐστιν
463 2420 496 2489 ἡ
523 2419 673 2474 αἰτία
701 2423 796 2472 τοῦ
822 2419 1074 2489 γενέσθαι
1105 2421 1322 2482 πάντως
1341 2421 1401 2472 τὸ
1439 2419 1700 2489 ἐσόμενον
1724 2435 1738 2449 ⁸
1757 2418 1872 2472 ἀλλ’

287 2509 370 2564 ὅτι
401 2508 667 2581 μέλλομεν
708 2512 884 2564 ποιεῖν
911 2510 1088 2581 τόδεῆ
1120 2511 1272 2576 τόδε,
1299 2508 1690 2581 προγινώσκει.
1728 2510 1871 2579 Προ-

287 2598 543 2665 γινὼσκει
569 2599 624 2652 δὲ
681 2599 849 2653 πολλὰ
873 2638 889 2664 ,
919 2599 956 2653 ἃ.
983 2600 1084 2653 οὐκ
1131 2599 1279 2652 ἐστιν
1318 2598 1468 2669 αύτῷ
1503 2597 1742 2669 ἀρεστά⁸
1779 2596 1874 2650 καὶ

289 2690 390 2744 οὐκ
412 2690 573 2753 αὐτὸς
603 2690 775 2754 αῖτιος
809 2690 1034 2743 τούτων.
1079 2689 1167 2754 Ὦς
1211 2690 1332 2744 οὐδὲ
1362 2689 1544 2759 ἰατρὸς
1566 2689 1737 2751 αἴτιος
1771 2688 1874 2759 τῆς

291 2780 472 2845 νόσου,
523 2781 572 2832 εἰ
607 2781 894 2850 προέγνω,
927 2782 1011 2834 ὅτι
1048 2781 1233 2851 μέλλει
1282 2799 1366 2845 τις
1409 2782 1618 2847 νοσεῖν,
1643 2779 1781 2834 ἀλλὰ
1813 2779 1876 2834 τὸ

291 2872 393 2946 μὲν
430 2872 654 2943 νοσῆσαι
685 2872 851 2943 ἄλλης
875 2874 1076 2940 αἰτίας,
1105 2875 1208 2943 τῆς
1235 2875 1499 2945 ποιούσης
1544 2873 1644 2946 τὴν
1691 2874 1870 2929 νόσον.

300 2961 367 3014 Ἦ
397 2960 456 3014 δέ
496 2961 806 3033 πρόγνωσις
837 2961 932 3016 τοῦ
982 2962 1167 3034 ἰατροῦ
1192 3001 1208 3028 ,
1228 2964 1327 3034 τῆς
1367 2965 1426 3017 ἐν
1455 2964 1605 3036 αὐτῷ
1640 2966 1870 3037 τέχνης⁸

290 3051 434 3108 οὕτω
474 3053 565 3106 καὶ
595 3053 657 3106 τὸ
699 3053 961 3123 ἐσόμενον
1006 3053 1299 3125 ὑφ’ὴμῶν,
1339 3055 1440 3109 οὐκ
1474 3057 1540 3108 ἐκ
1591 3055 1687 3108 τοῦ
1734 3054 1872 3110 Θεοῦ

290 3143 389 3218 τὴν
421 3146 599 3199 αἰτίαν
628 3145 762 3222 ἔχει,
794 3146 932 3200 ἀλλὰ
960 3147 1022 3200 τὸ
1069 3146 1409 3211 αὐτεξούσιον
1434 3150 1469 3219 ἡ
1479 3149 1594 3218 μῶν
1622 3148 1834 3219 θέλημα
1853 3166 1866 3180 ⁸

290 3237 353 3289 ού
384 3237 554 3290 κακὸν
583 3236 640 3290 δέ
680 3237 741 3290 τὸ
785 3236 1156 3302 αὐτεξούσιον,
1187 3239 1236 3290 εἰ
1281 3238 1358 3302 ὡς
1402 3238 1560 3309 ἐδόθη
1595 3241 1750 3309 ἡμῖν,
1775 3239 1870 3293 καὶ

291 3327 377 3398 ἐφ’
403 3319 448 3395 ᾧ
491 3327 646 3400 ἐδόθη
670 3367 685 3394 ,
715 3328 1049 3400 χρησώμεθα
1103 3329 1276 3400 αὐτῷ.
1321 3329 1394 3383 Τὸ
1443 3329 1532 3397 δὲ,
1561 3331 1870 3402 προγνῶναι

291 3421 383 3472 τὸν
411 3419 566 3483 Θεὸν,
589 3420 692 3491 τῆς
731 3421 1152 3492 προγνωστικὶκ
1194 3421 1357 3474 αὐτοῦ
1391 3422 1696 3492 δυνάμεως.
1729 3422 1869 3476 Ἀλλ’

293 3509 412 3563 οὐδὲ
444 3513 497 3562 αἱ
524 3511 786 3582 τιμωρίαι
809 3512 968 3582 ἡμῶν
995 3512 1088 3566 τὸν
1136 3512 1269 3566 Θεὸν
1320 3513 1536 3583 ἔχουσιν
1571 3513 1763 3568 αἴτιον.
1795 3515 1870 3569 Οὐ

293 3600 403 3670 γὰρ
435 3602 462 3652 6
509 3600 705 3670 κριτής
754 3601 869 3652 ἐστι
903 3603 1001 3669 τῆς
1047 3602 1321 3670 τιμωρίας
1370 3599 1466 3653 τοῦ
1505 3599 1744 3671 πονηροῦ
1783 3601 1871 3654 αῖ-

292 3707 428 3758 τιος,
482 3692 530 3744 εἰ
582 3695 676 3746 καὶ
724 3692 889 3757 αὐτὸς
931 3693 1102 3747 θέλων
1149 3693 1360 3764 κρίνει·
1394 3692 1510 3747 ἀλλ’
1567 3693 1740 3756 αῐτιος
1772 3693 1872 3763 μὲν

293 3780 444 3834 ἐστιν
469 3783 498 3834 6
531 3783 767 3847 πταίσας
817 3783 916 3852 τῆς
946 3781 1140 3836 ἑαυτοῦ
1176 3783 1450 3854 τιμωρίας
1471 3824 1486 3849 ,
1513 3784 1541 3837 6
1571 3782 1628 3836 δὲ
1677 3784 1872 3853 κριτὴς

292 3874 394 3944 τῆς
436 3873 790 3945 δικαιοσύνης
820 3875 991 3937 αῖτιος
1015 3891 1028 3905 ⁸
1048 3873 1253 3942 ἀγαθὸν
1283 3873 1339 3926 δὲ
1373 3875 1406 3945 ἡ
1440 3873 1774 3944 δικαιοσύνη.
1808 3875 1872 3928 Et

293 3963 405 4036 γὰρ
434 3965 606 4018 θέλων
665 3965 863 4036 κρίνει,
895 3964 1008 4018 ἀλλ’
1039 3964 1101 4017 ού
1145 3963 1288 4017 κατὰ
1344 3962 1756 4035 προηγούμενον
1781 3961 1871 4016 θέ-

294 4053 466 4125 λημα,
498 4053 635 4108 ἀλλὰ
667 4053 811 4108 κατὰ
856 4055 916 4109 τὸ
968 4054 1259 4121 ἑπόμενον.
1299 4053 1718 4126 Προηγούμενον
1772 4054 1872 4124 μέν

298 4148 414 4199 ἐστι
448 4145 682 4217 θέλημα,
707 4146 887 4216 ὃπεριι
917 4163 1001 4209 τις
1035 4144 1129 4213 ἀφ’
1161 4142 1356 4198 ἐαυτοῦ
1391 4143 1566 4197 θέλει·
1607 4144 1874 4214 ἑπόμενον

295 4236 374 4300 δὲ,
411 4237 546 4308 ὅπερ
580 4239 645 4290 ἐκ
681 4237 784 4306 τῆς
806 4237 913 4290 τῶν
940 4237 1245 4307 γινομένων
1281 4234 1494 4300 αἰτίας·
1523 4234 1874 4306 προηγουμέ-

296 4344 404 4390 νως
428 4326 536 4398 γὰρ
567 4327 625 4392 ἐξ
651 4326 845 4380 ἑαυτοῦ
875 4345 893 4377 ι
933 4325 1078 4380 θέλει
1102 4329 1130 4380 6
1163 4327 1295 4389 Θεὸς
1321 4326 1531 4388 πάντας
1552 4325 1873 4397 ἀνθρώπους

299 4418 591 4488 σωθῆναῳ
615 4420 709 4474 καὶ
733 4423 812 4486 εἰς
843 4421 1137 4490 ἐπίγνωσιν
1155 4417 1412 4489 ἀληθείας
1433 4416 1630 4470 ἐλθεῖν.
1659 4416 1872 4486 Ἄμαρ-

297 4509 566 4562 τανόντων
593 4510 650 4564 δὲ
679 4511 858 4581 ἡμῶν,
899 4511 1044 4566 θέλει
1077 4507 1431 4562 παιδεύεσθαι
1462 4507 1612 4578 ἡμᾶς
1641 4505 1776 4575 πρὸς
1812 4504 1874 4558 τὸ

299 4600 578 4672 συμφέρον
614 4617 628 4632 ⁸
663 4603 754 4655 καὶ
801 4603 863 4656 τὸ
914 4604 1013 4673 μὲν
1046 4599 1462 4673 προηγούμενον
1513 4597 1729 4668 θέλημα
1778 4595 1874 4650 τοῦ

298 4690 434 4744 Θεοῦ
465 4730 480 4756 ,
512 4694 611 4762 τῆς
650 4693 990 4766 ἀγαθότητός
1043 4693 1201 4757 ἐστι,
1232 4691 1294 4744 τὸ
1343 4689 1400 4744 δέ
1452 4689 1751 4760 ἐπόμενον,
1775 4687 1876 4758 τῆς

298 4780 647 4853 δικαιοσύνης
675 4783 864 4838 αὐτοῦ.

1972 1880 2113 1928 state
2144 1872 2249 1928 sita
2293 1877 2446 1935 sunt,
2490 1876 2625 1939 puta
2654 1868 2911 1922 virtutem
2949 1871 3004 1919 et
3037 1863 3231 1918 vitium
3270 1877 3285 1913 :
3322 1875 3386 1914 ea
3419 1874 3551 1912 vero

1972 1964 2228 2035 praeﬂuit,
2253 1977 2376 2032 quae
2405 1963 2461 2016 in
2494 1961 2727 2016 arbitrio
2751 1968 2940 2014 nostro
2963 1957 3190 2011 minime
3207 1954 3544 2009 consistunt.

1970 2057 2051 2111 Ac
2081 2057 2166 2124 vis
2211 2055 2435 2126 quidem
2485 2053 2578 2108 Dei
2640 2051 2936 2122 praesciens
2994 2062 3222 2104 causam
3275 2061 3343 2102 ex
3385 2044 3550 2099 nobis

1973 2162 2319 2218 nequaquam
2351 2145 2514 2200 habet
2552 2162 2567 2199 :
2604 2159 2791 2200 verum
2839 2151 2900 2196 ut
2951 2156 3072 2210 quae
3121 2139 3320 2194 tacturi
3356 2151 3552 2193 sumus

1973 2240 2250 2311 prtesciat,
2281 2239 2386 2294 hoc
2420 2253 2451 2292 a
2481 2236 2643 2292 nobis
2695 2233 3089 2306 proﬁciscitur.
3131 2229 3251 2284 Nisi
3288 2230 3434 2285 enim
3467 2226 3555 2281 l‘a-

1972 2334 2115 2388 cturi
2147 2345 2422 2395 essemus,
2457 2343 2527 2384 ne
2556 2328 2676 2398 ipse
2707 2326 2954 2397 quidem,
2981 2323 3129 2394 quod
3166 2321 3410 2375 futurum
3443 2333 3554 2372 non

1973 2432 2142 2489 esset,
2175 2427 2671 2494 praecognosceret.
2695 2417 2871 2474 Porro
2903 2416 2998 2472 Dei
3029 2412 3370 2486 praescientia
3401 2419 3554 2465 certa

1972 2524 2029 2572 et
2067 2514 2406 2570 inviolabilis
2449 2519 2536 2568 est
2569 2527 2584 2564 :
2615 2511 2708 2567 sed
2749 2511 2870 2581 ipsa
2918 2523 3028 2563 non
3069 2515 3154 2562 est
3201 2518 3368 2561 causa
3397 2543 3411 2567 ,
3453 2517 3556 2556 cur

1975 2606 2205 2662 omnino
2255 2603 2370 2670 ﬁat,
2417 2603 2472 2658 id
2518 2601 2668 2672 quod
2721 2599 2969 2654 futurum
2999 2607 3130 2652 est:
3181 2595 3313 2664 quin
3346 2594 3552 2663 potius,

1973 2699 2105 2770 quia
2129 2698 2232 2752 hoc
2254 2697 2342 2752 vel
2374 2695 2512 2750 illud
2535 2693 2714 2748 acturi
2751 2706 2968 2755 sumus,
2996 2688 3204 2742 idcirco
3236 2685 3550 2756 praenoscit.

1975 2790 2142 2845 Multa
2176 2798 2360 2844 autem
2409 2785 2740 2857 praenoscit,
2794 2798 2916 2852 quae
2967 2781 3075 2851 ipsi
3130 2779 3356 2833 minime
3397 2785 3555 2848 grata

1977 2889 2148 2944 sunt,
2195 2893 2546 2950 quorumque
2593 2887 2886 2947 propterea
2928 2875 3156 2929 minime
3205 2879 3401 2926 auctor
3444 2879 3552 2925 est.

1978 2971 2138 3026 Sicut
2169 2985 2270 3025 nec
2299 2969 2546 3024 medicus
2581 2967 2792 3021 idcirco
2839 2964 3017 3018 morbi
3057 2976 3224 3018 causa
3270 2969 3390 3026 est,
3426 2959 3555 3031 quia

1979 3062 2226 3118 futurum
2265 3059 2564 3130 praenovit,
2614 3063 2676 3111 ut
2719 3055 2844 3124 quis
2887 3054 2944 3108 in
2991 3053 3246 3107 morbum
3299 3051 3550 3106 incidat:

1977 3152 2076 3209 sed
2103 3151 2395 3222 aegrotatio
2440 3148 2661 3220 quidem
2713 3149 2783 3200 ab
2813 3146 2920 3199 alia
2948 3158 3116 3198 causa
3160 3141 3551 3213 proﬁciscitur.

1977 3257 2102 3313 qua:
2140 3241 2392 3297 morbum
2441 3239 2618 3311 parit;
2660 3235 2863 3293 medici
2907 3250 3041 3291 vero
3088 3233 3437 3304 praescientia
3485 3247 3555 3288 ex

1977 3334 2154 3404 ipsius
2200 3341 2318 3388 arte
2357 3331 2535 3387 oritur
2571 3349 2586 3386 :
2622 3331 2699 3384 ita
2740 3329 2948 3400 pariter
2978 3327 3034 3382 id
3081 3342 3300 3398 quoque
3345 3327 3490 3396 quod
3522 3343 3552 3380 τι

1977 3425 2138 3480 nobis
2186 3423 2434 3478 futurum
2463 3429 2592 3486 est,
2625 3421 2796 3476 Deum
2827 3434 3050 3476 causam
3085 3433 3196 3473 non
3231 3418 3417 3484 habet,
3457 3419 3554 3473 sed

1978 3515 2209 3570 liberam
2239 3522 2488 3570 nostram
2515 3513 2873 3568 voluntatem.
2913 3511 3094 3580 Atque
3127 3509 3352 3565 libertas
3379 3509 3556 3564 ltaud-

1978 3621 2256 3676 quaquam
2298 3605 2440 3659 mala
2472 3615 2594 3668 est,
2630 3605 2716 3666 si,
2753 3603 2922 3657 veluti
2953 3601 3115 3657 nobis
3139 3641 3155 3666 ,
3195 3609 3252 3656 et
3289 3601 3356 3656 ad
3393 3615 3554 3670 quem

1980 3714 2138 3754 usum
2169 3711 2433 3752 concessa
2466 3704 2571 3760 est,
2622 3710 2687 3750 ea
2734 3703 2975 3748 utamur.
3005 3691 3165 3758 Quod
3199 3699 3382 3746 autem
3415 3705 3558 3762 pra:-

1979 3796 2173 3842 noscat
2209 3786 2376 3849 Deus,
2415 3786 2467 3840 id
2490 3785 2802 3856 praascienti
2840 3784 2963 3853 ejus
2988 3783 3246 3854 potentiae
3281 3781 3556 3837 ascriben-

1979 3877 2110 3932 dum
2160 3886 2266 3932 est.
2313 3875 2455 3943 Quin
2497 3889 2568 3930 ne
2626 3889 2915 3945 poenarum
2964 3871 3186 3942 quidem
3239 3886 3360 3941 quae
3393 3871 3558 3926 nobis

1979 3969 2326 4041 inﬁiguntur,
2371 3969 2518 4025 Deus
2561 3969 2756 4023 auctor
2797 3981 2910 4022 non
2959 3973 3044 4022 est
3061 3965 3128 4020 “.
3178 3964 3363 4034 Neque
3403 3963 3553 4019 enim

1980 4076 2079 4116 cur
2098 4061 2384 4132 improbus
2413 4075 2608 4131 poenas
2635 4061 2772 4125 luat,
2802 4069 2998 4114 auctor
3020 4057 3308 4127 estjudex,
3335 4056 3553 4110 tametsi

1979 4151 2099 4220 ipse
2132 4151 2313 4207 libens
2346 4151 2679 4207 sententiam
2713 4151 2893 4205 ferat:
2933 4163 3126 4204 verum
3167 4149 3238 4212 is,
3277 4146 3372 4216 qui
3416 4145 3557 4199 faci-

1980 4255 2085 4297 nus
2133 4239 2393 4306 admisit,
2429 4256 2647 4311 paanam
2681 4241 2786 4295 sibi
2819 4241 2938 4309 ipse
2967 4237 3256 4309 accersivit
3290 4254 3303 4289 :
3330 4233 3557 4305 justitia:

1980 4341 2165 4387 autem
2217 4331 2362 4402 (qua:
2389 4331 2533 4386 bona
2568 4345 2660 4385 res
2697 4327 2802 4398 est)
2851 4342 3020 4393 causa
3043 4335 3128 4382 est
3150 4325 3338 4394 judex.
3371 4323 3558 4389 Quan-

1983 4421 2182 4476 tumvis
2204 4422 2354 4476 enim
2381 4422 2576 4476 volens
2597 4420 2828 4490 iudicet,
2855 4434 2964 4473 non
2996 4427 3179 4471 tamen
3210 4414 3557 4470 antecedenti

1979 4513 2280 4580 voluntate,
2313 4513 2410 4568 sed
2453 4510 2814 4582 consequenti
2857 4509 2915 4565 id
2951 4509 3101 4564 facit.
3135 4509 3323 4577 Itaque
3361 4507 3557 4559 volun-

1983 4611 2068 4657 tas
2102 4603 2430 4658 antecedens
2458 4612 2563 4670 est,
2603 4601 2738 4658 illud
2767 4600 2918 4672 quod
2952 4601 3076 4672 quis
3107 4614 3138 4653 a
3165 4599 3347 4669 seipso
3389 4597 3506 4650 vult
3539 4615 3553 4650 :

1981 4707 2330 4763 consequens
2382 4708 2548 4758 vero,
2598 4692 2652 4748 id
2709 4692 2860 4764 quod
2904 4707 2970 4747 ex
3018 4705 3210 4746 eorum
3243 4702 3367 4758 quae
3416 4685 3558 4741 ﬁunt

1984 4796 2154 4837 causa
2209 4780 2582 4852 proﬁciscitur
2602 4782 2670 4835 ι’.
2723 4779 3080 4836 Anteeedenti
3119 4777 3268 4833 enim
3301 4775 3444 4832 Deus
3488 4789 3556 4830 ex

299 4871 483 4941 seipse
533 4891 552 4924 ι
588 4874 704 4927 vult
743 4889 934 4930 omnes
964 4873 1219 4930 homines
1258 4871 1444 4928 salvos
1493 4869 1650 4937 ﬁeri,
1703 4876 1765 4941 et,
1810 4870 1880 4926 ad
1919 4872 2252 4943 agnitionem
2278 4873 2522 4928 veritatis
2549 4873 2738 4930 venire
2760 4873 2826 4927 ‘°.
2867 4892 2886 4926 ι
2919 4871 3057 4928 Cum
3114 4874 3310 4926 autem'
3359 4881 3555 4940 pecca-

299 4977 444 5027 mus,
496 4965 750 5020 utilitatis
807 4974 1012 5022 nostrae
1058 4980 1228 5022 causa
1286 4964 1404 5022 vult
1438 4978 1543 5021 nos
1590 4963 1876 5036 castigari.
1948 4963 2026 5020 lta
2095 4965 2427 5022 antecedens
2462 4964 2556 5022 Dei
2595 4966 2869 5030 voluntas,
2909 4964 3169 5021 bonitatis
3224 4963 3400 5034 ipsius
3425 4971 3552 5024 est;

299 5070 644 5125 consequens
669 5069 823 5120 vero,
855 5055 1082 5125 iustitiae
1096 5055 1164 5110 ".

371 5156 446 5205 π’.
475 5149 598 5203 ’Ότι
629 5150 687 5203 δὲ
718 5149 1024 5223 προώρισεν
1056 5152 1086 5205 6
1121 5150 1254 5218 Θεὸς
1275 5149 1344 5204 τὰ
1375 5149 1555 5205 πάντα
1589 5148 1732 5204 κατὰ
1768 5149 1870 5220 τὴν

301 5241 608 5312 πρόγνωσιν
641 5240 807 5294 αὐτοῦ
826 5283 840 5305 ,
873 5241 1044 5306 οὕτως
1097 5241 1441 5312 γνωσόμεθα.
1475 5243 1572 5296 Ἂτ
1585 5257 1781 5314 ρεπτον
1811 5242 1872 5295 τὸ

371 5414 419 5448 ⁸⁸
471 5413 609 5470 Dan.
644 5430 764 5478 xm,
798 5415 886 5468 42.
970 5416 1014 5448 ⁸⁷
1042 5415 1160 5469 Lit).
1191 5432 1251 5474 ιι.
1288 5415 1362 5469 De

1392 5415 1520 5484 ﬁde,
1571 5430 1692 5486 cap.
1734 5415 1838 5486 '50.
1913 5416 2163 5486 “‘Basil.
2198 5418 2345 5471 ltom.

2049 5147 2139 5205 80.
2161 5145 2318 5214 Quod
2341 5155 2523 5203 autem
2543 5149 2749 5215 omnia,
2774 5162 2874 5218 pro
2899 5159 2998 5201 sua
3031 5142 3388 5214 praescientla,
3417 5152 3557 5208 prae-

1983 5240 2186 5324 ﬁnierit
2241 5238 2413 5306 Deus,
2477 5239 2606 5296 hinc
2663 5240 3004 5316 colligemus.
3060 5233 3204 5288 Deus
3262 5227 3554 5283 mutationi

2382 5416 2533 5482 Quod
2578 5415 2714 5468 Deus
2767 5429 2868 5467 non
2935 5418 3003 5465 sit
3069 5425 3232 5462 causa
3263 5409 3560 5466 malomm,

305 5471 354 5507 ⁸⁹
383 5484 504 5541 Lib.
542 5501 581 5540 ιι
612 5485 688 5540 De
727 5471 851 5557 (ide,
882 5502 1004 5556 cap.
1043 5487 1132 5541 29.
1203 5471 1296 5538 ’δι
1330 5471 1471 5541 Τίίιι.
1503 5471 1571 5549 ἰι,
1592 5471 1656 5540 4.’
1722 5487 1766 5517 ⁸⁸
1796 5484 1921 5542 Vid.
1949 5484 2008 5540 S.
2032 5471 2230 5542 Tltotn.
2287 5491 2302 5539 Ι
2345 5471 2484 5557 part.
2511 5495 2704 5556 quaest.
2738 5483 2827 5547 l9,
2861 5499 2911 5537 a.
2941 5482 2992 5534 7.

1603 5576 1840 5633 VARUE
1884 5577 2173 5636 LECTION
2183 5579 2282 5634 ES.

365 5670 396 5714 ιι
424 5672 585 5728 Basil.
614 5668 1000 5741 προηγούμενα
1037 5668 1136 5738 μέν
1164 5670 1281 5722 ἐστι
1312 5669 1615 5741 θελήματα,
1638 5669 1796 5741 ὅπερ.

621 5769 894 5832 Ρηιιοι..
938 5767 1051 5828 GR.
1100 5765 1300 5830 XCIV.

3161 5753 3233 5814 50
