3980 6140
525 270 664 336 1579
1689 265 1749 324 S.
1791 264 2112 326 JOANNIS
2151 269 2582 329 DAMASCENI
3629 264 3730 330 1380

527 380 794 437 obnoxius
842 393 950 432 non
982 383 1066 432 est
1092 418 1105 442 ,
1138 381 1304 445 atque
1349 389 1414 430 ex
1463 373 1801 443 praenotidne
1826 413 1842 439 ,
1890 390 1998 429 non
2027 391 2089 430 ex

2156 401 2168 440 ι
2197 378 2370 442 Θεῖον,
2405 379 2498 432 καὶ
2525 379 2626 431 οὐκ
2668 377 2726 444 ἐξ
2759 376 3106 446 ἐπιγνώσεως
3137 379 3349 448 κρῖνον,
3387 374 3506 428 ἀλλ’
3539 376 3599 427 ὲκ
3629 394 3728 444 προ-

525 481 744 543 postera
769 469 1050 540 agnitione
1077 466 1309 537 judicat.
1345 464 1403 520 Si
1433 466 1599 538 igitur
1629 466 1682 519 in
1714 465 1859 520 diem
1887 465 2097 535 iudicat

2197 471 2472 539 γνώσεως.
2510 471 2575 524 El
2627 467 2722 522 οὖν
2763 469 2887 524 καθ’
2937 470 3156 541 ἡμέραν
3201 469 3388 540 κρίνει
3447 466 3540 518 καὶ
3580 467 3729 538 ὁρίζει,

523 577 574 620 ει
604 564 814 628 deﬁnit,
853 563 906 616 in
945 561 1089 615 diem
1127 573 1347 629 quoque
1377 557 1431 612 id
1467 557 1614 628 quod
1653 557 1732 622 ﬁt,
1767 557 2092 627 cognoscit:

2198 563 2321 617 καθ’
2350 563 2563 633 ἡμέραν
2596 562 2857 631 γινώσκει
2900 562 2963 616 τὸ
3005 562 3330 630 γινόμενον,
3361 559 3483 623 καὶ,
3512 557 3583 620 ὣς
3625 561 3732 622 τινες

523 658 655 726 quin
694 655 880 716 etiam,
926 662 985 705 ut
1017 651 1240 722 quidam
1275 651 1450 713 aiunt,
1482 649 1800 704 nescientes
1833 649 1964 719 quid
2013 647 2095 703 di-

2199 672 2352 725 φασι,
2386 655 2480 708 καὶ
2516 655 2934 725 μεταμελεῖται,
2964 654 3060 706 καὶ
3105 651 3475 724 προστίθησιν
3499 648 3587 718 ἔτη
3607 649 3731 719 ζωῆς,

523 757 670 808 cant,
711 745 1030 815 pmnitentia
1071 742 1324 805 ducitur;
1363 743 1471 794 imo
1517 743 1642 795 vita:
1675 755 1850 794 annos
1880 740 2092 810 adjicit.

2201 747 2276 818 μὴ
2297 747 2499 809 ειδότες
2524 747 2578 799 τί
2609 763 2796 815 φασιν.
2836 746 2898 797 Εἰ
2922 745 3031 816 γὰρ
3065 741 3591 813 μεταμελεῑται,κιὶ
3609 757 3732 808 προσ·

525 839 581 890 Si
611 837 754 891 enim
802 833 1124 905 ptenitcntia
1161 833 1402 909 ducitur,
1439 845 1497 885 ut
1538 846 1714 885 annos
1750 830 1933 890 addat,
1971 845 2097 899 pro-

2197 839 2377 909 τίθησι
2403 879 2418 901 ,
2446 839 2678 909 τρεπτὸν
2729 837 2842 907 ἔχει
2872 836 2964 890 καὶ
3014 835 3075 887 τδ
3109 834 3345 904 θέλημα,
3370 831 3471 886 καὶ
3509 831 3602 901 τὴν

525 928 665 981 fecto
723 935 778 982 et
844 908 1185 980 voluntatem
1246 933 1299 979 et
1356 925 1720 994 cognitionem
1777 921 2095 976 variabilem

2200 908 2317 980 σινέ
2361 908 2664 980 καὶέτοῦτο
2699 926 2919 992 ἀνάξιον
2979 925 3135 980 Θεοῦ.
3170 925 3230 976 El
3279 923 3341 975 δὲ
3389 922 3575 989 λέγετε
3607 936 3732 989 προσ-

523 1018 721 1080 babet;
774 1017 922 1086 quod
968 1025 1152 1069 tamen
1207 1015 1314 1068 Deo
1367 1014 1653 1083 indignum
1705 1019 1815 1066 est.
1857 1010 2012 1076 Quod
2052 1009 2095 1063 si

2197 1016 2500 1070 τεθεικέναι
2539 1016 2618 1087 τῷ
2655 1017 2874 1089 Ἐζεκίᾳ
2893 1055 2908 1080 ,
2940 1014 3082 1069 κατά
3125 1014 3224 1084 τὴν
3245 1011 3509 1083 Γραφὴν,
3538 1010 3638 1063 ἀ)Ᾱ“
3663 1011 3732 1062 οὐκ

521 1123 698 1163 annos
737 1108 983 1162 Ezechiae
1013 1107 1260 1176 adjectos
1289 1122 1354 1159 ex
1391 1105 1678 1174 Scriptura
1705 1105 1751 1135 "
1779 1103 2054 1175 objiciatis
2081 1120 2093 1168 ;

2198 1105 2431 1176 ἀγνοῶν,
2463 1107 2586 1160 οὐδὲ
2619 1106 2692 1177 μὴ
2716 1107 3016 1178 προορίσας
3033 1146 3048 1168 ,
3079 1101 3457 1174 προσέθηκεν,
3483 1098 3592 1152 ἀλλ’
3612 1099 3732 1161 αὖτις

524 1205 626 1258 boe
653 1204 850 1258 scitote
872 1244 887 1269 ,
919 1217 1027 1256 non
1071 1203 1152 1256 sic
1186 1217 1280 1256 eos
1307 1201 1576 1268 adjeeissc
1613 1201 1805 1262 Deum,
1843 1198 2001 1269 quasi
2044 1198 2096 1251 id

2201 1199 2300 1270 μὲν
2327 1200 2422 1252 καὶ
2447 1200 2722 1268 προέγνω,
2754 1199 2850 1252 καὶ
2895 1197 3171 1266 προώρισε
3201 1195 3268 1248 τά
3302 1194 3458 1246 κατά
3501 1191 3589 1243 τὸν
3621 1190 3731 1254 Ἐζε-

503 1297 864 1363 .ignorasset,
894 1304 988 1347 aut
1021 1310 1128 1348 non
1161 1293 1486 1363 praelinisset
1531 1310 1543 1344 :
1586 1291 1718 1361 quin
1765 1291 1948 1361 potius
1981 1290 2075 1360 ipSt

2199 1292 2324 1346 κίαν
2341 1308 2354 1323 ⁸
2389 1291 2760 1362 προνοητικῶς
2780 1291 2836 1343 δὲ
2867 1293 3001 1359 ὲσχη
3010 1288 3266 1360 ματίζετο
3290 1290 3336 1348 ί,
3355 1282 3646 1353 οἰκονομῶν
3663 1284 3730 1350 τὴν

521 1403 587 1442 ea
629 1403 750 1458 quae
781 1387 846 1441 ad
884 1386 1173 1440 Ezechiam
1206 1385 1557 1454 spectabant,
1588 1391 1644 1440 et
1677 1381 2010 1453 préscierat,
2045 1389 2093 1436 et

2201 1383 2476 1454 σωτηρίαν
2496 1385 2528 1454 ή
2539 1383 2674 1453 μῶν,
2703 1383 2791 1434 ἴνα
2838 1381 3009 1452 δείξῃ,
3041 1380 3204 1432 πόσον
3229 1377 3466 1431 δύναται
3506 1375 3728 1444 μετάνοια.

523 1477 858 1545 praeﬁnierat
897 1494 910 1529 :
946 1489 1132 1530 verum
1177 1488 1276 1544 pro
1309 1488 1410 1528 sua
1449 1472 1817 1544 providentia,
1846 1482 1907 1526 ut
1934 1470 2095 1527 saluti

2199 1473 2644 1544 Μεταμελείσθαι
2685 1472 2742 1526 δὲ
2798 1472 3048 1540 λέγεται,
3081 1474 3146 1524 ἐκ
3191 1469 3301 1522 τῶν
3346 1467 3470 1520 καθ’
3501 1467 3649 1536 ἡμᾶς.
3686 1465 3726 1515 'll

525 1575 729 1622 nostra:
762 1568 1078 1623 consuleret
1105 1608 1120 1631 ,
1172 1581 1481 1620 sermonem
1517 1565 1590 1619 ita
1619 1566 1956 1634 composuit,
1989 1579 2097 1634 quo

2200 1566 2307 1635 γὰρ
2338 1565 2530 1636 Γραφὴ
2573 1562 3066 1632 ἀνθρωπικώτερον
3110 1561 3239 1632 περὶ
3285 1558 3428 1612 Θεοῦ
3471 1555 3728 1622 διαλέγεται

523 1667 727 1726 quanta
787 1666 933 1714 esset
987 1657 1321 1727 pmnitentiae
1383 1658 1510 1720 vis,
1580 1655 1900 1711 declararet.
1959 1654 2095 1709 Nam

2202 1655 2338 1725 πρὸς
2395 1652 2496 1723 τὴν
2542 1652 2844 1723 νηπιότητα
2898 1653 3008 1704 τῶν
3049 1649 3382 1703 ἀκουόντων.
3423 1645 3622 1712 Ὠσπερ
3649 1645 3725 1709 γὰρ

518 1747 669 1817 quod
702 1747 1022 1816 pcenitentia
1058 1746 1328 1801 adductus
1361 1745 1584 1810 dicitur,
1624 1745 1677 1800 id
1711 1761 1777 1801 ex
1817 1747 1977 1800 nobis
2011 1760 2090 1801 as-

2155 1748 2173 1801 ι
2202 1744 2444 1812 λέγεται,
2489 1761 2508 1795 ι
2542 1743 2664 1797 Ἵνα
2688 1744 2740 1795 τί
2769 1744 2978 1806 ὑπνοῖς,
3011 1741 3182 1811 Κύριε
3214 1757 3229 1806 ;
3264 1757 3284 1790 ι
3315 1739 3420 1808 οὐχ
3462 1736 3609 1788 ὑπνοῖ
3641 1732 3727 1784 διὸ

523 1849 803 1910 sumptum
861 1848 966 1895 est.
1037 1838 1323 1909 Scriptura
1380 1836 1652 1908 siquidem
1709 1836 1777 1890 ad
1833 1837 2095 1907 puerilem

2201 1834 2352 1896 Θεὸς,
2388 1833 2526 1888 ἀλλά
2559 1833 2656 1904 τὴν
2693 1833 2896 1903 ἀνοχὴν
2929 1833 3025 1885 καὶ
3049 1831 3148 1902 τὴν
3175 1825 3560 1901 μακροθυμίαν
3581 1819 3722 1883 αὑτοῦ.

500 1931 868 1986 audientium
905 1930 1341 1984 imbecillitatem
1368 1943 1490 1983 sese
1522 1927 1967 1991 accommodans,
2000 1927 2070 1980 bu

2199 1928 2292 1980 καὶ
2321 1926 2418 1996 τὴν
2448 1925 2743 1996 ὑπέρθεσιν
2784 1925 2883 1995 τῆς
2931 1923 3185 1995 βοηθείας
3217 1918 3390 1974 αὑτοῦ
3411 1958 3426 1980 ,
3456 1917 3610 1970 ὕπνον
3637 1914 3723 1965 ἑκά-

525 2039 688 2079 mano
730 2039 885 2078 more
909 2022 977 2078 de
1020 2023 1126 2077 Deo
1173 2021 1438 2094 loquitur.
1472 2019 1629 2075 Sicut
1657 2020 1803 2075 enitn
1845 2019 2047 2100 dkitur
2080 2031 2096 2072 :

2198 2017 2321 2070 λεσε
2343 2033 2357 2050 ο
2391 2019 2522 2088 παρ’
2557 2018 2689 2088 ἡμῖν
2741 2017 2850 2086 γὰρ
2894 2016 2946 2069 οί
2984 2013 3313 2077 ὑπνοῦντες,
3348 2009 3413 2063 οὐ
3460 2004 3719 2077 βοηθοῦσιν·

515 2135 549 2166 ιι
587 2117 771 2181 Quare
815 2113 1118 2178 obdormis,
1176 2111 1518 2168 Domine“?
1564 2129 1581 2160 ι
1620 2126 1728 2165 non
1763 2096 1911 2180 quod
1956 2108 2087 2164 Deus

2199 2108 2341 2162 οὕτω
2370 2110 2462 2162 καὶ
2497 2107 2850 2180 μεταμέλεια.
2896 2106 3090 2175 Ἡμεῖς
3125 2105 3230 2174 γάρ
3252 2141 3270 2166 ,
3304 2103 3440 2155 ὅταν
3467 2096 3626 2167 δῶμέν
3648 2108 3723 2145 τινι

525 2207 809 2272 dormiat;
851 2205 947 2261 sed
987 2203 1133 2275 quod
1162 2203 1480 2274 patientiam
1508 2201 1630 2272 ejus
1679 2215 1744 2256 ac
1793 2200 2096 2266 lenitatem,

2201 2198 2430 2253 πλοῦτον
2454 2239 2468 2264 ,
2499 2200 2595 2252 καὶ
2641 2199 2827 2261 κακῶς
2859 2199 3071 2259 ἐκεῖνος
3113 2196 3416 2267 χρήσηται,
3448 2183 3720 2260 μεταμελσύ-

521 2299 824 2367 auxiliique
852 2296 1195 2360 dilationem,
1246 2309 1501 2351 somnum
1536 2293 1773 2364 appellet
1803 2291 1968 2363 (apud
1995 2307 2093 2347 nos

2203 2291 2365 2362 μεθα.
2401 2291 2590 2355 Οὕτως
2627 2290 2723 2345 τοῦ
2758 2289 2894 2344 Θεοῦ
2943 2290 3035 2343 τὸν
3083 2287 3376 2358 ἄνθρωπον
3422 2284 3715 2351 ποιήσαντος.

524 2392 671 2443 enim
716 2390 751 2443 ii
784 2389 877 2459 qui
930 2403 1125 2444 somno
1176 2393 1433 2440 tenentur
1457 2426 1472 2451 ,
1508 2384 1641 2438 nulli
1676 2398 1832 2454 opem
1870 2372 2096 2453 ferunt),

2200 2384 2295 2437 καὶ
2339 2384 2430 2436 τὸν
2478 2383 2650 2437 Σαοὺλ
2698 2383 2985 2454 χρίσαντος
3022 2383 3102 2444 είς
3151 2376 3419 2449 βασιλέα,
3467 2375 3551 2427 καὶ
3587 2373 3717 2459 apag:

525 2456 909 2551 eodem
945 2477 1110 2533 modo
1161 2475 1498 2546 paenitentiae
1556 2475 1882 2529 vocabulum
1933 2490 2097 2530 usuro

2199 2475 2484 2544 τησάντων
2519 2474 2700 2528 αὐτῶν
2728 2515 2742 2540 ,
2793 2471 3220 2544 μεταμελείσθαι
3270 2469 3526 2538 λέγεται·
3566 2463 3616 2515 οὐ
3648 2456 3716 2512 τσῦ

509 2570 697 2638 pavit.
727 2569 881 2622 Sicut
928 2568 1072 2621 enim
1108 2582 1208 2622 nos
1241 2565 1471 2636 paenitet
1499 2603 1515 2628 ,
1548 2580 1672 2618 cum
1714 2565 1840 2634 quis
1873 2564 2081 2635 opibus.

2198 2566 2334 2619 Θεοῦ
2381 2567 2888 2638 μεταμεληθέντος·
2939 2563 3163 2636 προῄδει
3204 2562 3316 2633 γὰρ
3365 2561 3427 2614 τὸ
3470 2555 3716 2626 ὲσόμενον⁸

525 2659 726 2728 quibus
757 2671 881 2712 eum
914 2657 1189 2720 auximus,
1223 2654 1364 2708 male
1389 2653 1564 2707 utitur
1594 2667 1608 2704 :
1644 2652 1726 2707 sic
1769 2651 1934 2719 Deus,
1971 2669 2095 2709 cum

2197 2655 2335 2709 ἀλλὰ
2387 2656 2594 2710 τούτων
2624 2657 2752 2722 ἀξια
2797 2657 3165 2728 μεταμελείας
3204 2652 3546 2724 πραξάντων.
3589 2646 3716 2710 Ἀγω-

406 2737 416 2760 ’
511 2751 805 2805 .ltominem
841 2748 1203 2811 condidisset,
1241 2744 1482 2816 Saulquc
1513 2746 1570 2800 in
1608 2761 1788 2816 regem
1825 2746 1978 2802 unxis

2201 2748 2481 2821 νισώμεθα
2511 2745 2605 2804 οὖν
2646 2749 2875 2819 ποιῆσαι
2921 2747 2984 2801 τὸ
3011 2747 3236 2815 ἀγαθὸν,
3264 2745 3364 2796 καὶ
3400 2737 3580 2810 ἀγαθοὶ
3603 2732 3715 2804 γενέ-

527 2843 697 2912 liique
738 2851 925 2912 postea
957 2841 1011 2894 in
1045 2845 1332 2909 peccatum
1364 2838 1502 2909 lapsi
1527 2845 1737 2902 essent,
1773 2839 2098 2908 poenitentia

2205 2840 2350 2906 σθαι,
2380 2842 2466 2894 ἵνα
2521 2835 2671 2911 ὦμεν
2721 2841 2832 2894 τῶν
2892 2835 3365 2910 προεγνωσμένων
3413 2826 3715 2900 ἀγαθῶνικσοὶ

527 2933 756 2988 allectus
790 2932 995 2987 dicitur
1027 2949 1040 2984 :
1074 2945 1182 2985 non
1221 2930 1369 3000 quod
1415 2930 1584 2985 Deum
1615 2945 1744 2985 vere
1781 2931 2099 2999 paenituerit

1620 2945 1744 2985 vere
1781 2931 2104 2999 paenituerit
2205 2934 2636 3006 προωρισμένων
2663 2937 2742 2999 είς
2772 2933 2917 3006 ζωὴν
2953 2932 3192 2988 αἰώνιον.

530 3026 698 3096 (quod
722 3025 868 3081 enim
903 3024 1148 3078 futurum
1180 3033 1350 3088 esset,
1385 3024 1489 3079 hoc
1515 3023 1627 3094 jam
1662 3033 1789 3080 ante
1812 3027 2086 3098 noverat),
2130 3028 2225 3084 sed
2263 3029 2412 3100 quod
2444 3031 2518 3085 illi
2551 3046 2614 3086 ea
2649 3037 3086 3102 perpetrassent,
3119 3043 3241 3100 quae
3307 3025 3604 3097 poenitentia
3652 3018 3713 3071 di-

525 3133 631 3188 gna
655 3125 833 3174 erant.
863 3116 1230 3187 Quapropter,
1262 3125 1317 3172 et
1350 3116 1492 3172 bona
1524 3131 1708 3186 agere,
1735 3103 1810 3173 et.
1853 3119 1982 3174 boni
2043 3135 2166 3177 esse
2202 3121 2603 3180 contendamus
2632 3163 2646 3190 ,
2695 3131 2753 3178 ut
2790 3123 2845 3176 in
2877 3137 3068 3177 eorum
3118 3135 3350 3175 numero
3380 3119 3577 3180 simus,
3616 3121 3714 3182 quos

527 3212 701 3266 bonos
754 3208 871 3264 fore
930 3207 1244 3278 praescivit,
1287 3215 1454 3278 atque
1503 3208 1573 3264 ad
1611 3209 1780 3263 vitam
1829 3217 2092 3265 eternam
2132 3216 2540 3282 praeordinavit.

595 3303 684 3356 81.
727 3301 864 3356 lllud
889 3308 1071 3380 autem
1100 3301 1384 3356 sciendum
1419 3309 1525 3367 est,
1554 3303 1702 3373 quod
1728 3305 1932 3359 bonum
1959 3321 2098 3374 praa-
2123 3307 2167 3372 ο

2138 3307 2173 3372 [Ξ
2270 3308 2383 3365 πα’.
2430 3309 2626 3363 ἰστέον
2655 3310 2733 3376 δὲ,
2763 3310 2841 3374 ὡς
2866 3310 3070 3379 ἀγαθὸν
3107 3309 3205 3380 μέν
3238 3309 3357 3360 ἐστι
3379 3303 3521 3370 τάξις
3548 3299 3710 3371 ἀρίστης

529 3393 904 3450 stantissimus
928 3375 1066 3448 ordo
1089 3393 1184 3458 sit,
1217 3395 1516 3463 unicuique
1539 3395 1684 3464 quod
1712 3403 1910 3451 natura
1938 3413 2100 3453 suum

2203 3400 2421 3471 ἑκάστῳ
2449 3399 2512 3453 τὸ
2558 3400 2701 3454 κατά
2741 3375 3143 3468 φύσιντοίκεῖον
3174 3396 3536 3461 διασώζουσα·
3567 3390 3710 3444 ταυτὸν

514 3493 634 3551 εει,
671 3500 1032 3541 conservans.
1085 3485 1226 3540 Illud
1279 3500 1445 3554 porro
1495 3494 1582 3542 est
1627 3486 1824 3544 virtus.
1873 3487 2076 3543 Contra

2202 3493 2260 3548 δέ
2294 3495 2412 3547 ἐστι
2467 3493 2562 3547 καὶ
2601 3493 2772 3567 ἀρετή
2793 3508 2807 3523 ·
2838 3492 3006 3546 κακία
3056 3491 3192 3561 δὲ,ή
3239 3492 3340 3561 τῆς
3370 3489 3558 3555 τάξεως
3583 3483 3709 3540 λύεις.

518 3576 735 3631 .malmn
794 3577 1009 3631 ordinis
1064 3575 1361 3632 dissolutio
1405 3583 1530 3644 est,
1583 3593 1679 3634 seu
1735 3579 2090 3650 perturbatio.

2202 3585 2372 3655 ἧγουν
2401 3584 2622 3649 ἀταξία.
2656 3582 2866 3647 Δισσῶς
2890 3583 2947 3636 δὲ
2965 3582 3027 3635 τὸ
3047 3581 3253 3651 ἀγαθὸν
3283 3581 3516 3648 λέγεται,
3543 3574 3633 3648 ne
3651 3572 3708 3623 6v-

530 3667 702 3722 Porro
725 3666 987 3723 bifariam
1017 3670 1220 3724 bonum
1255 3668 1484 3736 dicitur,
1526 3670 1610 3724 vel
1642 3670 1694 3725 id
1729 3671 1879 3742 quod
1909 3686 2102 3727 revera

2201 3692 2311 3738 τως
2357 3674 2582 3744 ἀγαθδν,
2620 3675 2695 3738 ὼς
2730 3676 2762 3746 ἡ
2795 3674 3024 3745 ῥηθεῖσα
3055 3672 3229 3738 τάξις,
3280 3672 3314 3741 ἢ
3375 3671 3464 3724 καὶ
3487 3668 3539 3722 τδ
3573 3661 3708 3717 δοκοῦν

529 3759 734 3814 bonum
765 3769 869 3824 est,
905 3768 963 3813 ut
1011 3761 1149 3816 ordo
1189 3761 1285 3816 ille
1314 3760 1384 3818 de
1426 3777 1538 3833 quo
1584 3763 1859 3831 diximus,
1909 3765 1997 3820 vel
2049 3764 2101 3820 id

2204 3765 2432 3836 ἀγαθὸν,
2465 3767 2499 3837 ἡ
2532 3767 2652 3819 κατ’
2675 3763 2926 3836 αἴσθησιν
2955 3747 3113 3836 ἡδονὴ
3146 3765 3296 3835 παρὰ
3324 3763 3424 3834 τὴν
3446 3753 3708 3832 προειρημέ-

530 3849 679 3919 quod
716 3851 843 3904 boni
886 3853 1266 3907 tantummodo
1303 3854 1543 3922 speciem
1594 3855 1792 3919 habet,
1825 3857 1905 3910 uti
1947 3858 2102 3911 volu-

2205 3873 2303 3927 νην
2331 3855 2486 3921 τάξιν
2508 3873 2521 3887 ⁸
2549 3857 2686 3927 ὅπερ
2717 3857 2819 3910 οὐκ
2849 3856 3054 3924 ἀγαθόν
3089 3857 3258 3921 ἐστιν,
3287 3853 3428 3908 ἀλλὰ
3453 3848 3620 3922 μᾶλλον
3639 3859 3705 3894 κα·

529 3949 676 4011 ptas,
717 3956 824 4011 qua
869 3951 1067 4010 praeter
1095 3957 1218 3996 eum
1251 3944 1501 3998 ordinem
1555 3960 1753 4002 sensus
1806 3947 2100 4013 titillatur;

2205 3950 2331 4003 κύν’
2356 3951 2452 4003 καὶ
2489 3951 2724 4021 ἡ¹κακία
2753 3949 2808 4003 δὲ
2839 3948 3036 4012 δισσῶς
3067 3949 3308 4016 λέγεται,
3345 3947 3380 4018 ἢ
3412 3947 3468 3998 τὸ
3485 3944 3621 4001 ὅντως
3637 3952 3705 3987 κα·

534 4030 678 4100 quod
707 4031 928 4100 quidem
961 4031 1165 4085 bonum
1219 4045 1328 4085 non
1381 4042 1498 4096 est,
1535 4035 1627 4088 sed
1660 4034 1846 4104 potius
1874 4037 2100 4092 malum.

2206 4041 2322 4108 κὸν,
2347 4041 2603 4117 τουτέστι.
2624 4041 2684 4095 τὸ
2714 4041 2868 4113 παρά
2903 4040 3000 4113 τὴν
3034 4038 3270 4110 φυσικὴν
3299 4039 3450 4102 τάξιν
3473 4034 3704 4117 γινόμενῡξδ.

535 4123 631 4178 Sic
667 4123 867 4177 malum
900 4123 1104 4193 duplici
1151 4137 1370 4194 quoque
1412 4125 1574 4180 modo
1619 4125 1859 4192 dicitur,
1887 4143 2101 4200 nempe,

2205 4131 2303 4186 καὶ
2332 4132 2484 4202 παρά
2504 4112 2602 4184 τὸν.
2621 4131 2782 4202 νόμον
2801 4112 2898 4182 τοῦ
2919 4112 3243 4192 Κτῖσαντος,
3267 4128 3390 4182 κατ’
3413 4125 3589 4180 οἰκείαν

531 4217 617 4271 vel
643 4216 692 4270 id
724 4215 870 4286 quod
898 4231 1023 4274 vere
1053 4216 1258 4270 malum
1285 4223 1390 4284 est,
1416 4217 1532 4273 sive
1562 4218 1707 4288 quod
1735 4227 1932 4288 praeter
1959 4220 2103 4276 ordi-

2210 4240 2338 4293 μην.
2378 4223 2583 4292 Φυσικὴ
2638 4223 2746 4291 γὰρ
2780 4221 2955 4285 τάξις,
2986 4222 3019 4291 ἡ
3068 4220 3283 4290 ὑπακοὴ
3316 4219 3412 4273 τοῦ
3445 4214 3701 4270 κτίσαντος·

530 4323 656 4364 nem
709 4317 918 4363 naturae
971 4316 1389 4378 congruentem,
1432 4317 1599 4380 atque
1640 4311 1905 4368 adversus
1938 4312 2102 4368 Crea-

2206 4313 2404 4378 ἀταξία
2422 4313 2498 4379 δὲ,
2531 4315 2563 4386 ἡ
2611 4314 2864 4385 παρακοή
2887 4331 2900 4344 ·
2930 4313 2964 4384 ἢ
3016 4312 3076 4366 τὸ
3101 4311 3293 4366 δοκοῦν
3340 4310 3518 4376 κακὸν,
3552 4304 3599 4357 τὸ
3619 4296 3701 4352 κατ’

530 4401 670 4454 toris
723 4401 896 4470 legem
949 4415 1015 4454 ex
1065 4401 1292 4470 proprio
1336 4401 1576 4456 consilio
1621 4410 1676 4458 et
1723 4403 2004 4460 voluntate
2045 4403 2102 4458 ﬁt

2206 4405 2457 4476 αῐσθησιν
2493 4404 2757 4476 λυπηρὸν,
2793 4405 2886 4457 καὶ
2912 4403 3046 4475 ἡμῖν
3065 4402 3347 4466 ἐπίπονον,
3380 4401 3452 4462 ὠς
3474 4401 3503 4468 ἡ
3530 4389 3700 4446 παιδεία.

529 4490 827 4562 (naturalis
851 4490 1056 4560 quippe
1079 4489 1214 4544 ordo
1244 4490 1299 4544 in
1330 4491 1434 4546 hoc
1464 4492 1606 4548 situs
1637 4501 1740 4562 est,
1771 4503 1832 4550 ut
1859 4495 2101 4552 Creatori

2205 4497 2327 4569 ἥτις
2363 4497 2561 4567 μᾶλλον
2595 4497 2798 4565 ἀγαθόν
2841 4498 2990 4562 ἐστι,
3026 4496 3121 4550 καὶ
3157 4495 3453 4567 συμφέρον,
3494 4487 3605 4560 πρὸς
3635 4479 3697 4546 τὴν

527 4582 820 4637 obediatur
846 4621 863 4644 ,
906 4582 1249 4653 perturbatio
1291 4597 1424 4638 vero
1473 4585 1530 4638 in
1565 4588 1980 4658 contumacia),
2018 4589 2099 4644 vel

2207 4590 2350 4643 κατὰ
2388 4590 2551 4659 φύσιν
2577 4591 2928 4658 ὲπανάγουσα
2959 4589 3132 4654 τάξιν.
3157 4589 3268 4643 Καὶ
3298 4588 3548 4655 λέγονται,
3570 4577 3621 4629 τὰ
3636 4572 3698 4641 μὲν

526 4671 674 4739 quod
704 4673 963 4742 opinione
991 4673 1256 4729 duntaxat
1295 4676 1504 4730 malum
1533 4683 1618 4732 est
1649 4691 1664 4728 :
1701 4686 1762 4732 ut
1789 4680 1936 4749 quod
1975 4696 2098 4736 sen-

2136 4677 2179 4733 D
2208 4683 2432 4737 ἑκούσια
2481 4683 2843 4749 κακὰ,-6ντως
2878 4682 3044 4750 κακὰ,
3080 4682 3152 4736 τὰ
3199 4682 3312 4752 εἴδη
3350 4679 3446 4750 τῆς
3467 4665 3694 4745 ἁμαρτίαν

529 4763 684 4816 sibus
719 4765 976 4817 acerbum
1021 4773 1126 4831 est,
1173 4765 1444 4836 nobisque
1473 4767 1782 4834 molestum,
1814 4770 1895 4824 uti
1937 4772 2101 4826 casti-

1473 4767 1782 4834 molestum,
1814 4770 1895 4824 uti
1937 4772 2102 4826 casti-
2209 4773 2278 4828 τὰ
2307 4773 2364 4829 δὲ
2391 4773 2645 4840 ἀκούσια,
2676 4775 2744 4829 τὰ
2773 4775 3029 4830 ἐπίπονα.

529 4858 700 4928 gatio,
726 4851 848 4927 quae
872 4859 1088 4928 quidem
1115 4862 1256 4916 bona
1284 4863 1467 4932 potius
1497 4873 1552 4918 et
1583 4865 1733 4921 utilis
1759 4874 1869 4933 est;
1897 4868 2100 4938 quippe
2135 4883 2255 4938 quae
2279 4869 2348 4924 ad
2383 4873 2685 4928 naturalem
2726 4871 2979 4927 ordinem
3007 4887 3110 4929 nos
3138 4880 3381 4926 revocet.
3447 4870 3513 4920 Ac
3561 4858 3697 4915 volun-

531 4956 670 5010 taria
697 4955 918 5026 quidem
973 4956 1115 5010 mala
1151 4957 1433 5025 dicuntur,
1468 4976 1590 5030 quae
1623 4977 1749 5017 vere
1780 4964 1921 5018 mala
1991 4974 2141 5031 sunt,
2220 4976 2346 5037 puta
2382 4969 2592 5038 peccati
2624 4968 2838 5039 species
2877 4985 2890 5019 :
2927 4983 3036 5024 non
3078 4967 3389 5023 voluntaria
3417 4971 3590 5020 autem,
3619 4961 3700 5021 quie

532 5048 843 5103 molestiam
882 5045 1139 5102 aﬂ’erunt.

602 5140 692 5195 8‘2.
733 5139 1097 5208 Quamobrem
1132 5141 1294 5207 Deus,
1340 5159 1516 5214 neque
1563 5147 1781 5213 horum,
1825 5165 2003 5220 neque
2035 5153 2100 5206 il-

2280 5153 2390 5225 πβ’.
2421 5151 2560 5208 Οὔτε
2591 5155 2795 5210 τούτων
2820 5149 2936 5219 οὖν,
2972 5153 3094 5208 οὔτε
3126 5152 3352 5206 ἐκείνων
3381 5133 3696 5225 αἴτιοςὸθεδςι

533 5229 708 5285 lorum
737 5241 1011 5289 estcausa
1038 5273 1054 5298 ,
1096 5234 1240 5290 sicut
1275 5235 1639 5290 ostendimus.
1673 5237 1785 5294 Etsi
1820 5240 1967 5294 enim
2009 5241 2100 5294 illa

2207 5244 2281 5307 ὡς
2311 5224 2612 5317 ἐδείξαμενο
2657 5248 2719 5300 Εἰ
2748 5246 2858 5316 γὰρ
2879 5245 2946 5300 τὰ
2975 5245 3243 5316 λεγόμενα
3262 5244 3428 5310 κακὰ,
3447 5237 3520 5294 διὰ
3544 5231 3590 5286 τὸ
3609 5224 3696 5296 ἡμῖν

602 5392 652 5426 ⁵⁸
690 5391 795 5446 lsa.
830 5408 1054 5457 xxxvm,
1091 5393 1142 5448 5.
1244 5393 1288 5424 ⁸³
1317 5390 1462 5448 Psal.
1505 5409 1659 5460 xun,
1693 5393 1781 5448 1⁸5.

1845 5553 2078 5611 VARIE
2114 5553 2514 5616 LECTIONES.

617 5637 638 5677 ί
669 5635 838 5692 Basil.
863 5647 916 5695 et
968 5639 1099 5708 Reg.
1166 5641 1638 5712 ἐσχηματίσαντο-
