3980 6140
372 331 505 398 1581

1372 326 1747 388 DIALOGUS
1786 325 2084 386 CONTRA
2122 321 2599 384 MANICHEOS.

3487 316 3625 383 1589.

365 443 540 498 δοκεῖν
564 439 708 494 κακὰ
739 433 902 501 εἶναι,
925 436 1014 490 διά
1048 439 1107 490 τὸ
1133 437 1318 508 ἀηδὲς,
1344 437 1443 491 καὶ
1461 438 1548 491 διὰ
1573 438 1635 490 τὺ
1667 436 1945 508 παράσου-

2053 451 2174 504 quae
2209 431 2580 489 involuntaria
2621 429 2762 484 maia
2814 428 3077 486 dicuntur
3117 428 3275 503 (sive
3318 433 3446 501 quia
3481 436 3620 488 mala

366 535 458 587 λον
489 532 671 602 ἡμῶν,
729 531 820 585 καὶ
873 529 1267 598 διαμαρτάνειν
1297 529 1465 598 ἡμᾶς,
1490 527 1766 581 τουτέστιν
1809 529 1946 581 ἀπο-

367 625 660 696 τυγχάνειν
691 621 785 676 τοῦ
819 621 1028 684 δέοντος
1058 621 1230 674 κόπου
1269 619 1314 684 ir
1341 620 1419 690 τῷ
1445 620 1582 690 πρὸς
1619 618 1718 688 τὴν
1749 617 1942 690 ἡδονὴν

367 716 552 784 λίχνῳ,
585 712 778 782 δικαίῳ
805 710 949 780 λόγῳ
977 712 1004 763 ό
1027 709 1158 772 Θεὸς
1182 710 1400 777 ἐπάγει,
1431 705 1700 761 παιδεύων
1730 708 1866 778 πρὸς
1887 708 1946 760 τὸ

369 804 668 874 συμφέρον,
733 800 868 854 ἀλλά
900 801 1010 852 τῶν
1033 799 1314 869 ⁸εῐεκουσίων
1375 797 1558 852 κακῶν
1612 799 1842 868 ἤρτηται
1877 797 1946 850 τὰ

367 895 599 949 ἀκούσια
645 892 915 964 λεγόμενα
948 891 1128 945 κακά·
1162 891 1451 944 ἀκολουθεῖ
1493 890 1602 960 γὰρ
1634 891 1750 952 τοῖς
1789 890 1948 942 ἑκου-

370 985 506 1048 σίοις
546 985 740 1046 κακοῖς
795 981 865 1034 τὰ
910 979 1164 1034 ἀκούσια.
1225 978 1504 1049 Τιμωρίαι
1538 977 1669 1049 γὰρ,
1704 977 1795 1029 καὶ
1818 994 1948 1030 παι-

367 1077 527 1140 δεῖαι,
559 1075 634 1138 ὡς
659 1075 730 1127 τὰ
758 1071 951 1136 πολλὰ,
977 1072 1112 1142 πρὸς
1148 1070 1430 1141 διόρθωσιν
1462 1071 1519 1124 αί
1563 1068 1840 1139 συμφοραὶ
1863 1068 1946 1135 γί-

369 1185 572 1230 νονται,
611 1167 707 1220 καὶ
742 1167 776 1238 ἡ
813 1164 908 1218 τοῦ
946 1167 1230 1234 μέλλοντος
1275 1163 1470 1225 αἰῶνος
1491 1161 1733 1224 κόλασις,
1765 1160 1947 1213 τελεία

368 1258 467 1327 τῆς
499 1255 698 1319 κακίας
733 1255 829 1308 καὶ
853 1253 1130 1323 ἁμαρτίας
1168 1253 1447 1320 ἀναίρεσις
1468 1267 1482 1282 ·
1515 1250 1570 1319 ἢ,
1609 1249 1670 1302 τὸ
1706 1247 1946 1301 ἐναντίον

369 1351 566 1411 εἰπεῖν,
595 1350 707 1410 τοῖς
741 1348 1063 1400 ἐπιποθοῦσι
1085 1346 1183 1407 τάς
1208 1340 1526 1412 σωματικὰς
1545 1340 1698 1410 παρά
1722 1341 1812 1392 τὸν
1842 1356 1945 1406 φυ-

371 1439 524 1493 σικὸν
547 1440 710 1509 νόμον
731 1437 949 1508 ἡδονὰς,
982 1438 1078 1490 κα)⁸
1107 1438 1202 1498 τὰς
1230 1435 1320 1488 διά
1356 1433 1558 1496 ταύτας
1584 1431 1878 1502 ἁμαρτίας,
1911 1430 1943 1499 ἡ

371 1532 574 1604 ἀπορία
597 1532 694 1602 τῆς
723 1531 930 1584 τούτων
976 1530 1225 1600 χρήσεως
1252 1527 1404 1580 ἐσται
1453 1525 1649 1578 αἱωνία
1697 1522 1941 1586 κόλασις.

372 1623 609 1685 Κόλασις
641 1621 750 1692 γὰρ
773 1624 806 1690 ἡ
841 1619 932 1675 τοῦ
957 1618 1293 1688 ποθουμένου
1328 1615 1618 1684 ἀποτυχία.
1656 1614 1818 1683 ’Λχρι
1841 1613 1946 1681 γὰρ

373 1713 648 1782 ἁμαρτίας
673 1711 834 1782 ἡδονὴ
879 1709 1031 1782 παρά
1057 1709 1150 1763 τὸν
1183 1710 1346 1779 νόμον
1376 1709 1479 1779 τῆς
1507 1707 1722 1776 φύσεως
1749 1723 1761 1735 ·
1805 1705 1943 1775 αὕτη

371 1778 428 1854 δέ
457 1778 630 1872 διττὴ,
665 1778 1331 1877 ἢ-ψυγξικὴίῆ-σωματική
1356 1814 1371 1828 ο
1396 1778 1490 1850 καὶ
1519 1794 1728 1866 ψυχικὴ
1760 1794 1880 1863 μὲν,
1910 1796 1943 1865 ἠ
1979 1778 2022 1832 Β

371 1892 470 1961 τῆς
495 1891 654 1961 δόξης
677 1890 895 1960 ἐφεσιςο
919 1888 1207 1960 σωματικὴ
1231 1889 1310 1951 δὲ,
1351 1887 1578 1958 βρῶσις,
1619 1887 1795 1949 πόσις,
1827 1884 1948 1938 ἀνε-

375 1996 460 2043 σις
481 1981 750 2048 σώματος,
778 1977 964 2044 ὕπνος,
995 1978 1252 2032 συνουσία
1267 1975 1567 2045 γυναικῶν.
1598 1975 1786 2029 Ταῦτα
1813 1976 1948 2028 πάν-

373 2087 440 2123 τα
467 2070 673 2138 φυσικὰ
700 2070 796 2123 καὶ
823 2069 963 2124 καλά
992 2068 1134 2123 κατὰ
1155 2068 1254 2140 τὴν
1282 2067 1518 2138 φυσικὴν
1547 2066 1702 2133 τάξιν
1732 2067 1828 2120 καὶ¹
1857 2065 1948 2119 τὸν

374 2161 538 2231 νόμον
566 2160 662 2214 τοῦ
685 2160 984 2223 Κτίσαντος
1024 2161 1285 2229 γινόμενα
1309 2175 1322 2187 °
1370 2159 1518 2212 κακά
1560 2159 1638 2222 δὲ,
1677 2157 1828 2228 παρά
1857 2159 1948 2209 τὸν

373 2250 537 2322 νόμον
586 2248 680 2304 τοῦ
727 2249 1033 2311 κτίσαντος
1057 2287 1072 2312 ,
1115 2249 1211 2301 καὶ
1236 2249 1332 2319 τὴν
1363 2247 1600 2318 φυσικὴν
1626 2248 1807 2314 τάξιν,
1854 2245 1950 2301 καὶ

373 2341 593 2414 χρῆσιν.

444 2611 555 2673 πγ’.
583 2601 792 2673 Φυσικὴ
824 2601 882 2656 δὲ
913 2600 1088 2668 τάξις,
1115 2601 1178 2654 τὸ
1209 2599 1460 2670 ἐφίεσθαι
1487 2600 1588 2672 τῆς
1630 2599 1783 2672 παρά
1813 2599 1948 2654 Θεοῦ

373 2694 530 2766 δόξης
550 2711 564 2726 ·
590 2695 652 2747 τὸ
673 2694 729 2748 δὲ
753 2693 853 2766 τῆς
888 2694 1020 2765 παρ’
1044 2693 1288 2766 ἀλλήλων
1312 2692 1472 2764 δόξης
1497 2693 1769 2764 ἐφίεσθαι,
1797 2691 1950 2765 παρά

377 2784 558 2853 φύσιν.
589 2782 706 2854 Θεῷ
729 2783 836 2854 γὰρ
873 2784 1040 2854 μόνῳ,
1079 2783 1158 2854 τῷ
1188 2783 1348 2853 φύσει
1379 2783 1639 2854 δοξαστῷ,
1686 2784 1888 2854 πρέπει
1915 2783 1948 2854 ἡ

377 2876 528 2948 παρὰ
554 2875 772 2928 πάντων
828 2875 934 2930 τῶν
979 2875 1298 2944 κτισμάτων
1335 2873 1502 2927 αὑτοῦ
1533 2873 1661 2940 δόξα
1684 2889 1697 2902 °
1731 2875 1864 2944 ἡμῖν
1892 2873 1948 2926 δὲ

375 2967 436 3021 τὸ
466 2963 856 3021 ταπεινοῦσθαι
883 2965 1021 3037 Θεῷ,
1059 2968 1135 3028 ὡς
1173 2966 1522 3036 Δημιουργῷ,
1556 2967 1652 3018 καὶ
1677 2964 1947 3034 ἀλλήλοις,

373 3057 466 3110 διὰ
507 3057 599 3110 τὸν
638 3057 804 3128 νόμον
844 3056 940 3109 τοῦ
971 3057 1295 3119 Κτίσαντος.
1326 3057 1498 3110 Τοῦτο
1523 3059 1632 3128 γάρ
1675 3058 1776 3127 τῆς
1814 3057 1950 3128 πρὸς

373 3147 467 3202 τὸν
497 3147 629 3202 Θεὸν
656 3147 896 3219 ἀγάπης,
926 3149 1022 3203 καὶ
1045 3149 1142 3218 τῆς
1172 3149 1306 3218 πρὸς
1343 3149 1434 3200 τὸν
1472 3147 1699 3218 πλησίον
1744 3149 1950 3218 τεκμή·

379 3257 512 3308 ριον.
556 3258 574 3291 ι
630 3233 966 3310 Ἀγαπήσεις
1019 3257 1128 3310 γαρ
1183 3240 1389 3309 Κύριον
1418 3241 1510 3293 τὸν
1539 3239 1671 3292 Θεόν
1728 3255 1848 3299 σου,
1889 3239 1950 3303 ἐξ

379 3330 502 3404 ὅλης
521 3333 619 3403 τῆς
650 3332 874 3402 καρδίας
897 3348 1012 3396 σου,
1042 3331 1242 3384 καὶτὸν
1265 3331 1495 3400 πλησίον
1531 3346 1646 3396 σου,
1678 3329 1755 3393 ὡς
1785 3345 1949 3383 σεαυ-

372 3423 486 3478 τόν.
531 3442 552 3476 ι
588 3423 722 3489 Καί,
771 3441 790 3474 ι
826 3423 988 3485 Πᾶςό
1014 3422 1164 3492 ὑψῶν
1188 3423 1399 3487 ἑαυτὸν,
1436 3422 1944 3491 ταπεινωθήσεται⁶

372 3512 403 3564 ό
445 3511 503 3564 δὲ
539 3511 883 3575 ταπεινώσας
938 3511 1150 3575 ἑαυτὸν,
1198 3510 1564 3580 ὑψωθήσεται.
1617 3528 1635 3562 ι
1688 3511 1851 3562 Ὥστε
1888 3509 1950 3562 τὸ

375 3601 598 3670 ἀγαπᾷν
623 3601 721 3671 τὴν
761 3601 891 3670 παρ’
920 3599 1168 3671 ἀλλήλων
1200 3601 1379 3667 δόξαν,
1411 3600 1669 3654 ἀπιστίαν
1692 3601 1946 3670 συνίστηο

376 3706 478 3743 σιν.
517 3709 536 3742 ι
575 3691 652 3742 υύ
706 3690 936 3744 δύνασθε
974 3691 1082 3762 γάρ
1111 3729 1126 3753 ,
1182 3691 1338 3760 φησὶ,
1374 3687 1652 3744 πιστεύειν
1707 3691 1785 3753 είς
1823 3691 1944 3759 ἐμὲ,

370 3781 529 3848 δόξαν
559 3781 688 3852 παρ’
718 3781 961 3853 ἀλλήλων
981 3781 1370 3852 λαμϐάνοντες,
1401 3782 1499 3836 καὶ
1531 3781 1630 3852 τὴν
1670 3781 1827 3847 δόξαν
1851 3779 1944 3834 τοῦ

374 3872 536 3944 μόνου
563 3872 698 3926 Θεοῦ
728 3874 790 3926 ού
814 3872 1123 3944 ζητοῦντες.

442 4047 545 4102 πδν.
579 4048 747 4102 Πάλιν
791 4051 826 4120 ἡ
878 4051 1165 4122 σωματικὴ
1219 4050 1405 4122 ἡδονὴ,
1449 4050 1672 4122 βρῶσις,
1727 4053 1821 4106 καὶ
1875 4051 1944 4106 τὰ

367 4138 551 4201 λοιπά,
579 4139 719 4192 κατά
747 4139 846 4212 τὴν
895 4140 1134 4210 φυσικὴν
1161 4141 1374 4212 χρῆσιν,
1399 4143 1490 4194 καὶ
1513 4141 1603 4195 τὸν
1633 4143 1796 4214 νόμον
1845 4144 1941 4197 τοῦ

367 4229 670 4293 Κτίσαντος
707 4230 1095 4302 λαμϐανόμενα
1117 4272 1129 4291 ,
1168 4231 1311 4285 καλά
1330 4246 1344 4264 ’
1388 4231 1540 4304 παρὰ
1571 4233 1628 4285 δὲ
1660 4234 1751 4286 τὸν
1779 4235 1942 4306 νόμον
1999 4267 2004 4274 -

368 4320 462 4372 τοῦ
517 4321 675 4387 Θεοῦ,
729 4321 853 4375 καθ’
886 4322 1162 4392 ἡμετέραν
1201 4323 1424 4392 γνώμην
1462 4323 1554 4375 καὶ
1590 4325 1940 4395 παράχρησιν

369 4410 651 4480 γινόμενα,
675 4412 825 4466 κακά
843 4428 857 4444 ·
880 4409 990 4465 οἷον
1021 4412 1222 4481 βρῶσις
1245 4413 1340 4465 καὶ
1373 4413 1551 4477 πόσις,
1578 4414 1700 4467 ὅσον
1728 4415 1862 4485 πρὸς
1883 4416 1942 4470 τὸ
1973 4445 2020 4501 D

371 4499 471 4571 ζῇν
504 4502 600 4555 καὶ
627 4502 887 4556 σύστασιν
921 4503 1015 4556 τοῦ
1057 4505 1328 4574 σώματος,
1360 4504 1532 4558 καλά·
1566 4505 1766 4575 ὁμοίως
1794 4508 1887 4560 καὶ
1913 4509 1943 4560 ὁ

369 4592 557 4656 ὕπνος,
583 4593 679 4646 καὶ⁷
699 4595 733 4663 ἡ
763 4593 862 4664 τῆς
883 4595 1146 4662 γυναικὸς
1176 4596 1390 4667 χρῆσις,
1413 4597 1474 4648 τὸ
1498 4597 1697 4650 εἰδέναι
1721 4598 1781 4650 τὸ
1810 4599 1940 4651 ἴδιον

370 4683 583 4749 σκεῦος,
609 4683 793 4739 καλόν.
826 4686 900 4738 Τὸ
923 4686 981 4739 δὲ
1006 4687 1143 4755 πρὸς
1171 4687 1364 4758 ἡδονὰς
1383 4687 1611 4756 ἀλόγους
1637 4689 1940 4760 κεχρῆσθαι

370 4774 590 4845 βρώσει,
627 4775 720 4828 καὶ
747 4776 924 4840 πόσει,
964 4781 1057 4831 καὶ
1087 4776 1334 4847 γυναιῇν
1367 4780 1696 4852 ἀδιαφόρως,
1729 4780 1941 4850 ἀλόγων

369 4866 544 4937 δίκην,
568 4867 824 4936 πονηρόν.

444 5084 548 5131 πε’.
574 5079 676 5134 Διὰ
695 5075 789 5133 οὖν
811 5080 912 5152 τὴν
939 5081 1102 5151 κενὴν
1134 5081 1312 5148 δόξαν,
1345 5085 1439 5138 καὶ
1467 5085 1554 5139 διὰ
1581 5087 1679 5158 τὴν
1701 5088 1938 5158 ἄμετρον

367 5167 590 5237 βρῶσιν,
623 5171 717 5222 καὶ
750 5171 930 5238 πόσιν,
966 5172 1185 5235 καὶτὰς
1222 5176 1494 5242 πορνείας,
1532 5179 1564 5246 ἡ
1605 5178 1936 5250 φιλαργυρία

366 5257 568 5309 τούτων
603 5257 854 5330 ἔρεισμα,
878 5262 1063 5330 φθόνοι
1081 5279 1162 5328 τε,
1193 5264 1285 5318 καὶ
1315 5265 1510 5337 ἔριδες,
1536 5269 1631 5320 καὶ
1657 5272 1933 5340 πονηρίαι,

365 5350 461 5401 καί
488 5348 703 5419 ψεῦδος,
727 5354 822 5406 καὶ
853 5357 1228 5423 συκοφαντίαι,
1268 5359 1364 5410 καὶ
1394 5359 1661 5428 ἁρπαγαὶ,
1693 5362 1789 5415 καὶ
1835 5365 1934 5432 φό-

367 5454 468 5505 νοι,
523 5440 618 5493 καὶ
669 5442 729 5494 τὸ
779 5444 916 5514 πρὸς
957 5445 1050 5500 τὸν
1082 5446 1311 5518 πλησίον
1363 5453 1538 5520 μῖσος.
1582 5452 1682 5506 Διά
1734 5453 1844 5525 γὰρ
1871 5457 1935 5508 τὸ

430 5551 478 5582 ⁸⁸
502 5551 691 5609 Matth.
717 5572 853 5622 nit,
889 5557 978 5612 57.
1053 5558 1101 5590 ⁸⁸
1132 5559 1266 5615 Luc.
1296 5578 1405 5628 xw,
1442 5565 1526 5619 ll.

1617 5566 1664 5598 "
1706 5565 1865 5621 Joan.
1892 5586 1946 5634 v,
1978 5571 2038 5626 4.

2049 528 2304 581 videntur
2329 526 2521 590 nobis,
2554 524 2671 580 sive
2713 535 2934 594 propter
2975 523 3439 593 injucunditatem
3461 567 3477 592 ,
3508 527 3622 582 sive

2048 619 2176 686 quia
2206 625 2403 686 praeter
2429 629 2764 672 consensum
2811 625 3061 670 nostrum
3111 616 3406 682 accidunt,
3443 617 3519 670 ita
3563 624 3623 671 ut

2047 709 2430 777 voluptatibus
2455 707 2788 778 indulgendo
2812 707 3186 760 necessarium
3211 707 3452 762 laborem
3485 723 3623 779 prte-

2051 796 2452 868 tcrmittamus)
2484 797 2636 866 justo
2657 796 2870 866 judicio
2896 794 3041 850 Deus
3073 795 3259 864 infert,
3279 797 3345 852 ad
3376 807 3622 854 nostram

2050 889 2342 943 utilitatem
2394 889 2668 959 castigans
2705 902 2808 943 nos
2840 905 2856 942 :
2892 896 3130 944 attamen
3160 890 3274 944 haec
3307 891 3623 945 involunta—

2050 981 2296 1036 ria'mala
2335 995 2367 1034 a
2399 980 2726 1035 voluntariis
2768 981 3028 1050 pendent.
3066 980 3388 1036 Voluntaria
3421 984 3623 1054 quippe

2052 1071 2191 1124 mala
2236 1071 2610 1126 involuntaria
2649 1084 2981 1143 sequuntur.
3013 1073 3146 1127 Nam
3181 1075 3524 1129 calamitates
3555 1075 3622 1128 ad

2049 1161 2488 1217 emendationem
2553 1172 2612 1217 ut
2662 1165 2960 1234 plurimum
3021 1164 3356 1228 conferunt,
3405 1175 3464 1218 ut
3502 1179 3625 1234 qum

2051 1253 2163 1306 sint
2206 1254 2472 1308 malorum
2527 1256 2786 1310 vindictae
2836 1265 2889 1310 ct
2940 1257 3350 1328 castigationes.
3383 1256 3527 1322 Quin
3559 1251 3627 1312 ἐι

2049 1343 2218 1398 futuri
2253 1344 2436 1399 szeculi
2479 1346 2830 1415 supplicium,
2865 1347 3120 1416 nequitiae
3144 1356 3199 1402 et
3223 1348 3434 1417 peccati
3465 1349 3624 1418 plena

2052 1434 2280 1488 abolitio
2307 1442 2410 1490 est.
2435 1433 2530 1489 Vel
2559 1445 2752 1490 contra
2783 1439 2989 1506 potius,
3017 1438 3404 1508 expetentibus
3429 1447 3628 1509 praeter

2050 1534 2262 1580 natura:
2291 1527 2462 1597 legem
2492 1529 2744 1584 carnales
2772 1530 3103 1599 voluptates,
3143 1538 3199 1586 et
3227 1538 3475 1601 peccata,
3507 1547 3627 1602 quae

2048 1631 2238 1670 earum
2290 1632 2460 1672 causa
2521 1617 2933 1684 admittuntur,
2979 1621 3310 1689 supplicium
3359 1629 3626 1676 aeternum

2051 1707 2180 1771 erit,
2217 1708 2299 1764 eis
2345 1709 2420 1764 uti
2452 1724 2563 1764 non
2607 1725 2792 1780 posse.
2833 1709 3177 1782 Supplicium
3223 1713 3428 1784 quippe
3455 1723 3541 1769 est
3567 1729 3629 1767 re

2052 1801 2346 1870 concupita
2371 1801 2648 1856 excidere.
2680 1799 2818 1856 Nam
2848 1804 3100 1873 voluptas
3131 1819 3254 1875 quae
3284 1815 3495 1861 natura:
3521 1806 3628 1876 legi

2052 1901 2340 1962 repugnat,
2388 1900 2676 1962 peccatum
2707 1903 2836 1949 est:
2873 1904 3038 1965 atque
3073 1895 3277 1965 duplex
3319 1906 3426 1962 est,
3457 1896 3628 1951 animi

2051 1983 2261 2040 scilicet
2301 1992 2356 2039 et
2389 1985 2637 2054 corporis
2671 2001 2686 2036 :
2725 1987 2892 2040 animi
2925 1987 3172 2057 quidem,
3217 1995 3277 2042 ut
3310 1989 3498 2060 gloriae
3525 2005 3628 2046 cu-

2054 2076 2290 2152 piiﬂtas;
2324 2077 2574 2147 corporis
2603 2086 2808 2144 autem,
2847 2087 2901 2132 ut
2934 2079 3114 2145 cibus,
3152 2087 3337 2149 potus,
3378 2084 3629 2152 corporis

2052 2133 2308 2222 remissio
2335 2206 2351 2230 ,
2384 2182 2614 2224 somnus
2636 2207 2653 2234 ,
2694 2184 2818 2224 cum
2860 2167 3084 2225 feminis
3116 2170 3451 2226 commistio.
3499 2173 3628 2227 Haec

2051 2257 2237 2312 omnia
2265 2259 2536 2314 naturalia
2565 2268 2696 2315 sunt
2735 2267 2790 2316 et
2835 2260 3012 2326 bona,
3057 2259 3104 2317 si
3133 2260 3437 2316 secundum
3476 2261 3630 2316 ordi-

2061 2363 2188 2403 nem
2225 2358 2436 2406 natura;
2461 2349 2855 2420 Creatorisqne
2883 2351 3055 2418 legem
3088 2349 3222 2405 fiant
3250 2369 3264 2406 :
3297 2351 3440 2405 mala
3474 2366 3626 2418 vero,

2051 2441 2098 2495 si
2149 2448 2345 2510 praeter
2393 2439 2675 2498 Creatoris
2728 2443 2943 2512 legem,
3003 2442 3298 2508 ordinem,
3357 2458 3630 2514 usumque

2051 2540 2284 2588 naturae.

2121 2650 2210 2706 83.
2252 2649 2531 2704 Naturalis
2583 2649 2723 2705 ordo
2767 2658 2872 2713 est,
2923 2656 2982 2703 ιιι
3017 2650 3244 2720 gloriam
3281 2664 3402 2720 quae
3433 2662 3464 2704 α
3516 2647 3626 2706 Deo

2046 2750 2170 2807 est,
2216 2740 2535 2810 cupiamus;
2573 2749 2817 2795 mutuam
2851 2755 2981 2796 vero
3022 2741 3090 2795 ab
3135 2740 3367 2796 invicem
3396 2739 3627 2810 gloriam

2051 2833 2327 2895 aﬂ'cctare,
2353 2833 2456 2886 hoc
2491 2841 2700 2886 natura:
2733 2841 3023 2902 repugnat.
3056 2831 3222 2904 464
3246 2829 3435 2886 Solum
3474 2846 3628 2886 nam-

2051 2935 2162 2989 que
2198 2918 2365 2973 Deum
2391 2961 2406 2985 ,
2447 2920 2540 2987 qui
2592 2935 2690 2973 sua
2737 2929 2932 2972 natura
2983 2921 3211 2988 gloriam
3247 2928 3520 2985 meretur,
3558 2923 3627 2976 ab

2055 3009 2328 3064 universis
2359 3011 2628 3064 creaturis
2665 3010 2840 3078 gloria
2882 3009 3019 3063 aiIici
3073 3011 3266 3077 decet;
3310 3026 3412 3068 nos
3443 3020 3624 3068 autem

1899 3099 1947 3172 ξ’
1976 3115 2019 3172 ο
2053 3101 2162 3156 Deo
2197 3101 2394 3171 subjici
2429 3115 2525 3171 par
2555 3108 2660 3163 est,
2687 3109 2744 3155 ut
2776 3099 3056 3156 Conditori
3078 3119 3093 3168 ;
3119 3105 3228 3157 imo
3267 3112 3459 3158 mutuo
3487 3103 3627 3158 alios

2053 3194 2177 3249 aliis
2236 3201 2473 3264 propter
2547 3192 2864 3248 Conditoris
2920 3194 3114 3264 legem.
3177 3193 3292 3249 Hoc
3353 3195 3622 3266 siquidem

2053 3292 2166 3338 tum
2225 3297 2353 3353 erga
2428 3282 2620 3348 Deum,
2656 3291 2773 3338 tum
2825 3297 2956 3354 erga
3026 3285 3360 3353 proximum,
3416 3285 3624 3340 amoris

2034 3382 2432 3445 argumentum
2464 3382 2570 3430 est.
2609 3391 2628 3426 ι
2687 3373 2896 3446 Diliges
2922 3375 3068 3430 enim
3116 3375 3405 3431 Dominum
3452 3376 3622 3434 Deum

2049 3478 2114 3518 ex
2191 3471 2308 3518 toto
2337 3465 2504 3519 corde.
2555 3472 2672 3530 tuo,
2723 3473 2778 3520 et
2827 3465 3144 3534 proximum
3193 3474 3346 3521 tuum
3388 3468 3533 3524 sicut
3570 3477 3625 3523 te

2051 3555 2232 3622 ipsum
2262 3552 2330 3605 “.
2368 3571 2386 3604 ι
2425 3553 2522 3609 Et:
2559 3573 2577 3606 ι
2614 3553 2808 3610 Omnis
2848 3556 2943 3625 qui
2985 3569 3046 3610 se
3091 3554 3321 3620 exaltat,
3364 3556 3624 3612 humilia-

2051 3645 2224 3710 bitur,
2263 3653 2318 3700 et
2348 3646 2442 3715 qui
2478 3661 2538 3701 se
2589 3647 2846 3702 humiliat
2897 3645 3230 3701 exaltabitnr
3256 3647 3323 3702 ⁸⁸.
3364 3667 3382 3700 ι
3432 3648 3625 3720 itaque

2037 3736 2140 3806 qui
2174 3745 2376 3792 mutuae
2401 3739 2590 3808 gloria!
2623 3737 2926 3809 cupiditate
2969 3740 3221 3811 ﬂagrant,
3277 3741 3624 3798 inﬁdelitatis

2047 3832 2432 3894 argumentum
2479 3826 2741 3894 produnt.
2820 3845 2838 3878 ι
2901 3824 3022 3882 Νοιι
3085 3830 3316 3897 potestis
3371 3827 3618 3892 credere,

2045 3915 2225 3984 inquit
2261 3915 2540 3980 Christus,
2570 3917 2664 3986 qui
2696 3917 2928 3988 gloriam
2965 3917 3033 3972 ab
3061 3917 3300 3974 invicem
3341 3918 3622 3990 accipitis,

2043 4012 2100 4056 et
2129 4002 2363 4073 gloriam
2393 4018 2515 4074 quae
2540 4018 2570 4058 a
2601 4006 2723 4060 solo
2751 4003 2862 4060 Deo
2881 4015 2990 4070 est,
3019 4022 3128 4061 non
3152 4007 3399 4076 quaeritis
3423 4007 3493 4063 '°.
3524 4025 3546 4061 ι

2116 4092 2207 4147 84.
2241 4093 2459 4150 Rursus
2508 4097 2815 4164 corporalis
2865 4098 3142 4168 voluptas,
3179 4098 3284 4152 hoc
3315 4106 3401 4153 est
3437 4097 3619 4166 cibus,

2045 4195 2230 4255 potus,
2263 4201 2329 4242 ac
2363 4187 2598 4258 reliqua.
2637 4189 2682 4243 si
2718 4189 3018 4244 secundum
3074 4197 3289 4245 naturae
3339 4204 3506 4246 usum
3565 4199 3623 4246 et

2042 4278 2364 4333 Conditoris
2396 4279 2568 4348 legem
2615 4291 2928 4344 sumantur,
2959 4279 3103 4332 bona
3155 4286 3286 4334 sunt
3317 4297 3331 4334 :
3363 4280 3448 4335 sin
3478 4294 3622 4351 pra!-

2049 4377 2130 4422 ter
2161 4368 2256 4424 Dei
2293 4370 2491 4439 legem,
2542 4384 2642 4440 pro
2700 4378 2892 4425 nostro
2942 4371 3199 4435 arbitrio,
3249 4378 3305 4426 et
3333 4387 3430 4443 per
3481 4373 3619 4429 abu-

2050 4474 2194 4523 sum,
2232 4460 2395 4514 mala.
2439 4458 2690 4530 Exempli
2723 4460 2918 4530 gratia,
2973 4461 3134 4518 cibus
3163 4469 3218 4518 et
3261 4470 3445 4534 potus,
3478 4480 3618 4536 qua-

2050 4559 2214 4607 tenus
2266 4553 2392 4605 vitae
2437 4552 2804 4622 corporisque
2850 4553 3240 4609 sustentationi
3280 4555 3616 4617 inserviunt,

2051 4644 2194 4698 bona
2229 4652 2393 4708 sunt;
2446 4643 2702 4699 similiter
2731 4649 2784 4698 et
2814 4659 3065 4709 somnus,
3113 4659 3364 4717 ususque
3418 4649 3620 4703 mulie-

2048 4734 2150 4798 ris,
2189 4741 2247 4787 nt
2278 4734 2514 4804 quisque
2556 4748 2655 4790 vas
2703 4749 2865 4790 suum
2900 4737 3138 4802 noverit,
3167 4737 3374 4793 bonum
3403 4746 3508 4796 est.
3537 4723 3640 4794 Ad.

2049 4825 2356 4892 voluptates
2401 4832 2584 4879 autem
2631 4825 2994 4882 abhorrentes
3024 4842 3054 4880 a
3085 4829 3302 4884 ratione
3355 4829 3437 4884 uti
3493 4831 3618 4884 cibo

2046 4922 2102 4968 et
2130 4921 2282 4984 potu,
2325 4929 2389 4969 ac
2441 4915 2770 4972 mulieribus
2823 4917 3139 4987 promiscue
3188 4917 3481 4974 brutorum
3535 4919 3618 4972 in-

2047 5013 2164 5059 star
2199 5006 2443 5070 misceri,
2483 5007 2708 5061 malum.

2117 5098 2206 5152 85.
2245 5098 2517 5164 Quocirca
2555 5100 2770 5155 inanem
2834 5100 3088 5172 gloriam,
3148 5114 3360 5154 necnon
3415 5098 3613 5153 immo-

2047 5189 2300 5244 deratum
2346 5190 2552 5255 cibum,
2599 5199 2654 5245 et
2709 5199 2920 5260 potum,
2954 5187 3474 5258 'scortationemque
3518 5202 3615 5242 co—

2048 5282 2314 5335 tnitantur
2346 5283 2598 5347 avaritia,
2654 5295 2776 5350 qua
2818 5282 3014 5334 borum
3062 5278 3460 5332 adminiculum
3505 5287 3611 5341 est,

2046 5373 2284 5437 invidize,
2347 5374 2500 5436 rixae,
2566 5371 2843 5441 nequitiae,
2893 5367 3222 5434 mendacia,
3302 5369 3612 5431 calumnias.

2046 5461 2277 5529 rapinae,
2341 5463 2544 5524 caedes.
2579 5469 2634 5516 et
2699 5460 2886 5515 odium
2945 5458 3203 5530 proximi.
3287 5458 3423 5515 Nam
3479 5459 3614 5532 quia

1651 5657 1882 5713 VARI/E
1924 5655 2328 5717 LECTIONES'

482 5743 498 5782 ι
553 5732 702 5797 Lego
728 5735 935 5791 σκοποῦ
969 5737 1224 5802 ἀκούσια.
