3970 6156
321 253 462 319 i583

1481 255 1546 316 S.
1581 254 1901 316 JOANNIS
1941 255 2373 322 DAMASCENI

3441 259 3586 325 1585

289 386 333 417 -ι
369 366 611 422 abundal
666 364 928 436 iniquitas
961 405 975 429 ,
1030 364 1339 436 refrigescit
1383 365 1626 421 Charitas
1685 367 1894 420 multo-

2004 391 2020 422 ι
2052 371 2423 442 πληθυνθῆναι
2473 370 2572 442 τὴν
2606 335 3121 445 ἀμαρτίανλψύγη
3151 375 3184 445 ἡ
3218 373 3419 442 ἀγάπη
3474 371 3584 423 τῶν

316 475 444 514 tum
465 461 532 512 ⁵⁷.
571 478 590 510 ι
621 459 796 511 Porro
825 458 1018 511 multos
1045 455 1181 511 dixit
1215 456 1518 528 [Christus]
1550 472 1646 513 eos
1683 459 1898 513 scilicet

2004 461 2233 516 πολλῶν.
2277 481 2297 514 ι
2330 463 2610 530 Πολλοὺς
2639 464 2696 516 δὲ
2736 465 2876 534 ἔφη,
2919 465 3048 528 τοὺς
3100 465 3488 536 κεχρημένους
3513 465 3579 532 τῇ

309 553 405 623 qui
435 551 710 621 iniquitati
743 549 950 604 addicti
1002 557 1152 604 sunt.
1198 549 1274 604 Ex
1311 551 1657 605 naturalibus
1687 551 1891 621 itaque,

312 650 643 712 suggerente
682 640 926 706 diabolo,
966 641 1401 710 proﬁciscuntur
1429 655 1494 695 ea
1522 657 1646 712 quae
1684 652 1896 697 natura:

311 742 644 803 repugnant.

378 823 474 879 86.
517 823 637 878 Duo
698 839 870 894 porro
903 824 1067 880 nobis
1104 823 1425 894 adjumenta
1464 825 1533 880 ad
1567 823 1681 880 haec
1709 825 1893 880 omnia

310 924 650 984 suppetunt;
680 915 948 969 nimirum
999 921 1060 969 ut
1100 915 1210 968 vim
1261 914 1425 970 nobis
1476 913 1801 978 inferamus,
1837 923 1893 970 et

310 1007 552 1063 orationi
617 1007 1028 1062 incumbamus.
1092 1004 1342 1061 Corratas
1399 1007 1548 1060 enim
1608 1014 1663 1060 et
1711 1007 1892 1062 oratio

311 1097 631 1152 dilectionis
657 1112 787 1167 erga
824 1095 993 1152 Deum
1048 1107 1177 1152 sunt
1214 1095 1442 1150 indicia.
1475 1095 1609 1149 Nam
1663 1096 1892 1151 humili-

313 1196 399 1244 tas
435 1189 683 1244 oratione
709 1189 1042 1243 declaratur.
1078 1186 1236 1242 Tunc
1263 1191 1410 1242 enim
1471 1187 1561 1242 Dei
1595 1188 1892 1258 potentiam

313 1279 698 1349 imploramus,
754 1293 882 1334 cum
948 1279 1387 1333 imbecillitatem
1421 1288 1669 1334 nostram
1721 1294 1892 1350 agno-

315 1374 550 1427 scimus.
586 1371 728 1426 lllud
759 1386 927 1442 porro
965 1373 1109 1427 scire
1144 1379 1382 1440 oportet,
1433 1387 1557 1425 eum
1605 1387 1634 1425 a
1667 1383 1893 1441 peccato

313 1446 556 1526 liberari,
587 1463 681 1532 qui
708 1477 737 1516 a
769 1462 979 1532 judicio
1017 1462 1085 1517 de
1115 1462 1239 1517 aliis
1276 1461 1504 1516 ferendo
1537 1478 1597 1518 se
1627 1465 1889 1518 abstinet.

1995 554 2218 625 ἀνομίᾳ.
2262 555 2358 608 Ἐκ
2382 555 2494 608 τῶν
2522 555 2767 625 φυσικῶν
2799 553 2890 609 οὖν
2917 556 3169 627 ἔρχονται
3195 557 3266 610 τά
3297 555 3454 628 παρὰ
3475 557 3578 624 φύ-

1996 660 2102 707 σιν,
2126 645 2219 698 τοῦ
2249 645 2497 699 διαϐόλου
2523 647 2973 718 προσᾱὶλλοντος.

2065 820 2184 886 υπς’.
2231 823 2372 892 Πρὸς
2408 821 2586 875 πάντα
2616 821 2787 876 ταῦτα
2810 822 2905 876 δύο
2938 823 3069 893 ἡμῖν
3101 823 3297 894 τρόποι
3326 823 3573 894 μέγιστοι

1993 914 2132 983 πρὸς
2165 913 2419 984 βοήθειαν
2438 929 2452 943 ·
2479 912 2541 965 τὸ
2575 912 2854 983 βιάζεσθαι
2880 915 3108 977 ἑαυτοὺς
3145 916 3243 968 καὶ
3273 915 3573 985 προσεύχε-

1996 1005 2121 1058 σθαι
2145 1005 2192 1058 ιι.
2230 1006 2528 1075 Ἐνδειγμα
2556 1006 2664 1076 γὰρ
2687 1006 2908 1074 ἀγάπης
2935 1005 3071 1075 πρὸς
3089 1005 3181 1057 τὸν
3213 1005 3365 1069 Θεὸν,
3389 1008 3422 1075 ἡ
3459 1007 3569 1074 βία,

1993 1099 2089 1151 καὶ
2136 1101 2170 1169 ἠ
2233 1101 2551 1170 προσευχή·
2606 1098 2869 1168 ἔνδειγμα
2917 1099 3026 1168 γὰρ
3075 1095 3503 1163 ταπεινώσεως,
3537 1099 3571 1167 ἡ

1993 1193 2293 1262 προσευχὴ.
2341 1190 2828 1259 Ἐπιγινώσκοντες
2860 1189 2968 1260 γὰρ
3001 1189 3100 1260 τὴν
3150 1189 3362 1243 οἰκείαν
3407 1190 3574 1242 ἀσθέ-

1993 1298 2164 1346 νειαν,
2187 1281 2286 1353 τὴν
2314 1282 2408 1334 τοῦ
2436 1280 2573 1334 Θεοῦ
2604 1280 3019 1350 ὲπικαλούμεθα
3070 1280 3324 1351 δύναμιν.
3378 1283 3472 1333 Δεῖ
3517 1281 3576 1334 δὲ

1994 1371 2212 1432 εἰδέναι,
2237 1372 2320 1425 ὅτι
2354 1372 2415 1424 τὸ
2454 1372 2528 1442 μὴ
2564 1372 2794 1442 κρίνειν,
2821 1371 3111 1442 λυτροῦται
3133 1373 3243 1425 ἀπὸ
3272 1373 3573 1444 ἁμαρτίας.

1994 1466 2066 1517 Τὸ
2094 1465 2204 1534 γὰρ
2237 1465 2312 1535 μὴ
2348 1465 2578 1536 κρίνειν,
2601 1464 2988 1527 ταπεινώσεως
3014 1467 3240 1534 σημεῖον
3260 1481 3274 1496 ο
3299 1466 3454 1517 οὐδὲν
3478 1464 3574 1517 οὗ·

312 1554 529 1624 Quippe
586 1554 863 1608 neminem
909 1552 1182 1621 judicare,
1251 1554 1584 1608 humilitatis
1661 1555 1885 1624 signum

2004 1572 2101 1620 τως
2135 1557 2526 1626 προσκαλεῖται
2553 1555 2652 1626 τὴν
2698 1555 2793 1608 τοῦ
2824 1553 2960 1608 Θεοῦ
3000 1553 3273 1625 βοήθειαν,
3309 1555 3383 1618 ὡς
3409 1557 3442 1624 ἡ
3475 1572 3576 1609 τα-

316 1655 423 1702 est.
453 1645 603 1700 Nihil
638 1655 823 1700 autem
859 1653 964 1710 est,
997 1646 1145 1714 quod
1181 1645 1270 1702 Dei
1305 1662 1467 1717 opem
1494 1648 1575 1702 sic
1606 1656 1888 1718 provocet.

1995 1647 2276 1706 πείνωσις.
2309 1665 2328 1698 ι
2363 1647 2468 1700 Ἴδε
2491 1648 2622 1718 γὰρ,
2654 1648 2808 1717 φησί,
2832 1649 2933 1717 τὴν
2961 1647 3293 1700 ταπείνωσιν
3325 1664 3447 1717 μου,
3477 1648 3576 1699 καὶ

314 1745 376 1790 ut
427 1737 728 1792 humilitas.
769 1755 789 1788 ι
829 1736 982 1801 Vide,
1035 1737 1239 1806 inquit,
1293 1737 1660 1793 humilitatem
1716 1754 1890 1795 meam

2004 1734 2086 1786 τὸν
2115 1735 2284 1788 κόπον
2309 1737 2409 1804 τῆς
2449 1735 2569 1805 βίας
2601 1753 2727 1805 μου,
2759 1735 2854 1788 καὶ
2879 1737 3015 1804 ἄφες
3047 1734 3229 1798 πάσας
3267 1738 3366 1798 τὰς
3395 1737 3576 1806 ἀμαρ-

312 1839 370 1883 et
416 1828 661 1883 laborem
709 1836 946 1884 conatus
991 1829 1142 1883 mei:
1185 1835 1240 1884 et
1283 1827 1500 1884 dimitte
1539 1831 1722 1884 omnia
1764 1845 1892 1900 pec-

319 1933 442 1975 cata
493 1936 610 1975 mea
643 1920 712 1975 '3.
749 1939 768 1973 ι
796 1919 901 1974 Et:
939 1939 957 1972 ι
1009 1917 1147 1976 Vide
1198 1920 1564 1976 humilitatem
1619 1936 1795 1976 meam
1841 1930 1895 1976 et

311 2013 468 2082 eripe
494 2027 582 2067 me
596 2011 698 2079 ",i
723 2012 979 2068 videlicet
999 2013 1068 2067 ab
1081 2021 1430 2084 oppugnante
1451 2013 1629 2074 hoste.
1649 2022 1896 2101 peccata-

311 2119 421 2172 qne
449 2111 503 2157 et
530 2103 846 2172 insipientia
863 2116 1000 2158 mea.
1022 2102 1325 2157 Plurimum
1345 2111 1530 2159 autent
1548 2104 1615 2157 ad
1639 2105 1893 2158 virtutem

315 2193 556 2257 confert,
584 2208 708 2248 cum
731 2193 922 2264 probis
975 2195 1326 2249 conversatio
1351 2195 1370 2265 (
1394 2193 1557 2249 homo
1603 2195 1746 2248 enim
1775 2194 1897 2246 imi-

318 2286 470 2340 tandi
524 2283 836 2340 studiosum
892 2295 977 2340 est
1017 2284 1288 2353 animal),
1345 2299 1656 2354 sensusque
1704 2283 1773 2337 ab
1829 2285 1896 2338 iis

315 2387 584 2440 avertere,
613 2392 849 2447 quorum
888 2375 1240 2432 consuetudo
1271 2376 1338 2430 ad
1375 2375 1570 2430 vitium
1597 2391 1700 2432 nos
1729 2375 1898 2431 exsti-

321 2472 517 2523 mulat.
572 2469 850 2535 Quantum
908 2469 1054 2524 enim
1113 2469 1184 2524 ab
1218 2469 1418 2533 oculis,
1488 2475 1704 2522 tantum
1758 2479 1810 2520 et
1865 2480 1896 2518 a

318 2560 506 2614 corde.
560 2559 638 2612 Ex
671 2557 796 2611 hinc
831 2557 977 2611 enim
1021 2573 1205 2612 rerum
1250 2556 1597 2612 sensibilium
1636 2556 1895 2610 memoria

320 2651 376 2702 in
426 2648 604 2702 anima
633 2647 981 2717 perfricatur.
1036 2646 1208 2702 Nobis
1254 2657 1437 2701 autem
1493 2646 1782 2709 incumbit,
1841 2655 1898 2706 ιιι

322 2747 562 2794 mentem
591 2752 621 2791 a
653 2753 840 2792 rerum
873 2738 1220 2793 sensibilium
1267 2736 1653 2793 recordatione
1685 2737 1898 2791 abstra-

322 2828 540 2889 hamus,
597 2842 709 2897 quo
761 2826 972 2882 levibus
1015 2827 1120 2882 alis
1169 2841 1297 2883 sese
1343 2827 1623 2893 attollens,
1671 2827 1739 2880 ad
1784 2827 1898 2896 spi-

323 2923 579 2980 ritualem
611 2922 782 2977 solem
812 2921 1048 2986 advolet,
1097 2929 1153 2976 et
1201 2922 1484 2978 inaccessa
1534 2931 1898 2991 nostrumque

1997 1827 2118 1890 τίας
2141 1844 2264 1898 μου.
2295 1846 2312 1877 ι
2331 1827 2462 1891 Καὶ,
2493 1845 2512 1877 ι
2541 1828 2646 1880 Ἴδε
2672 1825 2772 1898 τὴν
2794 1827 3125 1880 ταπείνωσιν
3140 1844 3265 1897 μου,
3283 1825 3574 1890 καὶὲξελοῦ

2006 1934 2074 1987 με
2096 1932 2110 1948 ⁸
2141 1937 2159 1968 ι
2201 1917 2466 1987 δηλονότι,
2500 1918 2565 1970 ἐκ
2588 1917 2681 1970 τοῦ
2732 1917 3099 1989 πολεμοῦντός
3127 1936 3196 1989 με
3229 1918 3447 1990 ἐχθροῦ,
3482 1916 3581 1970 καὶ

1995 2009 2096 2080 τῆς
2123 2010 2392 2080 ἁμαρτίας
2445 2027 2547 2081 μου
2574 2050 2588 2075 ,
2634 2011 2727 2064 καὶ
2761 2010 3072 2081 ἀφροσύνης
3104 2028 3230 2080 μου.
3264 2010 3574 2080 sepem;-

1996 2118 2085 2154 ται
2114 2102 2171 2154 δὲ
2201 2103 2338 2174 πρὸς
2372 2102 2594 2172 ἀρετὴν,
2639 2103 2733 2156 καὶ
2765 2104 2799 2171 ἡ
2828 2102 2968 2172 μετά
3006 2103 3115 2154 τῶν
3161 2103 3428 2173 ὲναρέτων
3454 2103 3570 2155 δια-

1997 2196 2150 2262 γωγή
2172 2186 2187 2221 ?
2227 2194 2526 2263 μιμητικὸν
2550 2194 2658 2263 γὰρ
2690 2192 2831 2256 ζῶον
2859 2195 2888 2245 ὁ
2911 2193 3007 2248 ἀνθ
3017 2210 3201 2264 ρωπος
3221 2209 3235 2221 ·
3269 2193 3444 2247 καὶτὸ
3469 2195 3572 2248 ἀπο

1999 2285 2220 2355 έχεσθαι
2248 2286 2347 2354 τῆς
2369 2287 2491 2338 κατ’
2531 2285 2785 2354 αἴσθησιν
2810 2283 3027 2356 ὁμιλίας
3060 2286 3170 2338 τῶν
3195 2285 3564 2357 ἑρεθιζόντων.

2000 2379 2163 2431 Ὅσον
2193 2378 2298 2446 γὰρ
2320 2377 2426 2431 ἀπὸ
2447 2376 2752 2447 ὀφθαλμοῦ,
2796 2376 3048 2430 τοσοῦτον
3071 2378 3166 2430 καὶ
3185 2379 3294 2431 ἀπὸ
3317 2379 3565 2448 καρδίας.

1998 2471 2074 2521 Δι’
2100 2468 2278 2522 αὐτῶν
2323 2469 2432 2539 γὰρ
2487 2471 2514 2538 ἢ
2555 2468 2740 2538 μνήμη
2769 2469 2878 2521 τῶν
2919 2468 3191 2538 αἰσθητῶν
3219 2471 3288 2540 τῇ
3317 2469 3456 2540 ψυχῇ
3493 2470 3572 2536 γί-

1999 2577 2170 2614 νεται.
2197 2561 2492 2630 Πρόκειται
2515 2560 2570 2612 δὲ
2600 2561 2754 2630 ἡμῖν,
2784 2561 3014 2630 χωρίσαι
3041 2561 3132 2615 τὸν
3160 2560 3284 2614 νοῦν
3309 2561 3418 2631 τῆς,
3434 2563 3570 2631 μνή-

2002 2667 2110 2721 μης
2153 2651 2262 2704 τῶν
2315 2651 2609 2721 αἰσθητῶν,
2661 2651 2749 2704 ἴνα
2805 2651 2994 2722 κούφῳ
3057 2650 3244 2723 πτερῷ
3294 2653 3428 2724 πρὸς
3478 2653 3571 2705 τὸν

1999 2743 2187 2812 νοητὸν
2216 2744 2430 2813 ἀναπτῇ
2458 2743 2610 2812 ἥλιον
2640 2743 2735 2795 καὶ
2763 2741 2841 2813 τῷ
2867 2743 3148 2814 ἀπροσίτῳ
3181 2743 3276 2796 καί
3305 2743 3568 2813 ἀμηχάνῳ

1999 2834 2163 2888 αὑτοῦ
2193 2835 2382 2888 κάλλει
2418 2835 2795 2906 καταυγασθῇ.
2827 2834 3130 2904 Παχύνεται
3173 2834 3281 2905 γὰρ
3311 2833 3434 2897 νοῦς
3466 2833 3572 2886 ὑπὸ

1999 2927 2098 2996 τῆς
2131 2929 2352 2998 μνήμης
2381 2926 2490 2980 τῶν
2518 2926 2814 2997 αἰσθητῶν,
2847 2927 2942 2980 καὶ
2973 2926 3109 2997 πρὸς
3145 2926 3285 2980 αὐτὰ
3313 2925 3575 2979 καθέλκε-

323 3023 546 3085 captum
613 3022 911 3082 superante
1003 3014 1420 3084 pulchritudine
1513 3016 1890 3073 collustretur.

2004 3035 2109 3082 ται,
2162 3019 2458 3087 ἀφίσταται
2489 3017 2590 3086 τῆς
2634 3017 3020 3088 κατανοήσεως
3072 3017 3166 3068 καὶ
3217 3013 3576 3077 ἀπολαύσεως

323 3105 477 3162 Mens
507 3107 706 3177 quippe
735 3116 926 3162 nostra
956 3121 1019 3161 ex
1060 3106 1408 3163 sensibilium
1438 3110 1701 3163 memoria
1740 3125 1895 3166 cras-

325 3197 450 3256 sitie
479 3205 790 3261 contracta,
838 3196 906 3251 ad
948 3213 1013 3252 ea
1065 3197 1418 3268 deprimitur,
1473 3209 1641 3269 atque
1691 3215 1721 3254 a
1770 3202 1892 3270 pul-

324 3289 657 3344 chritudinis
693 3290 843 3344 illius
872 3303 995 3358 quae
1027 3289 1143 3344 sola
1171 3296 1354 3344 mente
1406 3289 1729 3359 percipitur,
1774 3307 1900 3346 con-

2001 3109 2096 3163 τοῦ
2123 3110 2316 3179 νοητοῦ
2343 3109 2595 3170 κάλλους.
2633 3125 2652 3157 ι
2695 3105 2884 3169 Οὐδεὶς
2921 3106 3028 3176 γὰρ
3053 3105 3276 3158 δύναται
3323 3105 3446 3157 δυσὶ
3477 3121 3577 3156 κυ-

2004 3201 2142 3273 ρίοις
2187 3199 2482 3254 δουλεύειν.
2531 3218 2551 3250 ι
2604 3197 2756 3250 Ἔθει
2794 3194 3148 3267 κατορθοῦσιν
3196 3196 3246 3246 οἱ
3297 3195 3577 3264 ἄνθρωποι

2005 3294 2186 3346 πᾶσαν
2213 3291 2432 3360 τέχνην,
2461 3291 2556 3343 καὶ
2577 3291 2832 3358 ἐπιμονῇ,
2869 3288 2963 3340 καὶ⁹
2989 3285 3101 3356 βίᾳ.

326 3383 677 3452 templatione
761 3391 816 3438 et
877 3382 1230 3452 possessione
1296 3390 1634 3438 removetur.
1693 3384 1915 3443 «Nemo
1977 3387 2121 3443 enim
2174 3393 2355 3457 potest
2409 3384 2626 3438 duobus
2681 3369 3132 3449 dominis'hG5
3189 3378 3399 3432 servire
3447 3376 3512 3432 “.
3554 3394 3575 3427 ι

326 3474 761 3538 Consuetudine,
795 3474 1110 3538 tolerantia,
1145 3482 1198 3529 et
1224 3481 1428 3529 conatu
1475 3475 1723 3545 cujusvis
1755 3480 1893 3536 artis
1929 3480 2322 3553 perfectionem
2360 3477 2748 3548 adipiscuntur
2772 3473 3047 3528 homines.

396 3570 488 3624 87.
541 3568 888 3640 Quapropter
940 3583 1038 3640 per
1089 3569 1199 3624 vim
1249 3576 1305 3625 et
1375 3578 1655 3636 conatum,
1714 3574 1808 3643 qui
1867 3589 1899 3630 a

327 3661 594 3716 charitate
644 3659 1055 3731 proficiscatur,
1093 3676 1192 3731 per
1245 3663 1558 3718 orationem
1593 3680 1755 3734 quam
1793 3665 1900 3721 hu-

330 3752 537 3808 militas
574 3751 802 3817 excitet,
842 3767 905 3806 ac
939 3767 1036 3821 per
1066 3767 1248 3807 rerum
1285 3753 1654 3820 sensibilium,
1683 3770 1904 3811 eorum-

330 3858 438 3914 que
490 3842 584 3912 qui
640 3841 1010 3910 negligentius
1058 3842 1271 3907 vivunt,
1339 3841 1546 3912 fugam,
1625 3846 1900 3900 neminem

319 3917 664 4000 iudicantes,
719 3930 969 4000 quinimo
1018 3944 1112 3998 per
1156 3931 1547 3997 humilitatem,
1601 3943 1902 3990 consuetu-

332 4025 625 4092 dinemque
677 4022 972 4084 bonorum,
1003 4029 1060 4074 et
1093 4020 1487 4087 obedientiam,
1532 4024 1769 4077 salutem
1801 4039 1903 4079 no-

333 4124 504 4168 stram
541 4125 856 4180 operemur,
906 4109 1116 4180 absque
1163 4109 1296 4175 ulla,
1333 4109 1452 4166 sive
1481 4112 1903 4183 cogitationum,

333 4206 450 4260 sive
496 4203 790 4259 affectuum
831 4202 1224 4259 occultatione.
1266 4199 1402 4256 Illud
1453 4204 1654 4274 quippe
1705 4205 1906 4260 malum

332 4296 476 4366 quod
508 4296 786 4351 occultum
816 4303 923 4351 est.
944 4292 1062 4360 Lux
1087 4309 1215 4349 vero
1243 4302 1348 4359 est,
1375 4296 1641 4367 quidquid
1663 4295 1718 4350 in
1749 4311 1908 4367 aper-

334 4396 448 4441 tum
481 4386 681 4458 prodit.
713 4387 908 4457 Neque
943 4387 1091 4440 enim
1127 4401 1357 4455 serpens
1388 4385 1456 4441 ad
1509 4390 1680 4444 solem
1708 4390 1906 4460 gignit,

334 4477 431 4531 sed
473 4480 527 4530 in
559 4475 812 4532 cavernis
841 4493 854 4529 :
893 4488 1001 4530 nec
1029 4489 1215 4530 semen
1261 4488 1428 4544 super
1460 4483 1664 4531 terram
1695 4477 1906 4544 jacens,

2074 3575 2183 3640 πζ’.
2217 3575 2315 3629 Διά
2351 3574 2473 3646 βίας
2506 3573 2598 3627 οῦν
2625 3574 2726 3642 τῆς
2758 3571 2816 3635 ἐξ
2865 3569 3088 3638 ἀγάπης
3117 3568 3431 3638 γινομένης,
3482 3570 3582 3622 καὶ

2003 3667 2333 3738 προσευχῆς,
2367 3665 2466 3735 τῆς
2500 3665 2564 3716 ὲκ
2594 3660 2996 3723 ταπεινώσεως,
3029 3659 3122 3712 καὶ
3143 3659 3439 3728 ἀποφυγῆς
3469 3660 3582 3711 τῶν

2003 3759 2299 3830 αἰσθητῶν,
2352 3757 2446 3811 καὶ
2494 3754 2589 3808 τοῦ
2642 3755 2834 3822 φυγεῖν
2877 3751 2977 3824 τὴν
3034 3750 3144 3803 τῶν
3192 3750 3582 3820 ἀμελεστέρων

2005 3849 2341 3921 συνοίκησιν,
2393 3847 2486 3901 καὶ
2531 3844 2624 3898 τοῦ
2662 3845 2736 3914 μὴ
2783 3843 3010 3914 κρίνειν,
3038 3841 3135 3894 καὶ
3167 3840 3580 3904 ταπεινώσεως,

2005 3939 2216 4008 καὶτῆς
2242 3937 2350 3990 τῶν
2390 3935 2660 4006 ἐναρέτων
2688 3931 3152 4000 συναναστροφῆς,
3183 3931 3276 3982 καὶ
3307 3930 3581 4000 ὑπακοῆς,

2003 4027 2102 4098 τὴν
2129 4025 2337 4080 ἑαυτῶν
2360 4021 2634 4093 σωτηρίαν
2664 4015 3164 4088 κατεργασώμεθα·
3201 4015 3276 4086 μὴ
3304 4015 3584 4085 κρύπτον-

2003 4136 2094 4182 τες
2127 4119 2252 4182 τοὺς
2291 4115 2604 4186 λογισμοὺς,
2632 4113 2727 4166 καὶ
2753 4111 2820 4164 τὰ
2849 4111 2906 4163 ὲν
2944 4110 3078 4180 ἡμῖν
3108 4107 3276 4178 πάθη.
3325 4107 3444 4159 Πᾶν
3473 4106 3586 4177 γὰρ

2007 4205 2616 4280 κρυπτὸν,φαῦλον’τδ
2655 4204 2712 4257 δὲ
2761 4199 3184 4273 φανερούμενον,
3242 4199 3358 4268 φῶς
3407 4201 3580 4252 ἐστιν.

2011 4305 2085 4359 Οὐ
2117 4303 2226 4374 γὰρ
2263 4301 2428 4372 γεννᾷ
2466 4298 2589 4368 ὄφις
2629 4298 2688 4350 ὲν
2727 4295 2883 4366 ἡλίῳ,
2915 4292 3030 4346 ἀλλ’
3061 4294 3118 4344 ὲν
3173 4291 3432 4359 φωλεοϊςο
3459 4287 3583 4341 οὐδὲ

2012 4395 2211 4464 σπόρος
2263 4392 2482 4457 αὐξάνει
2528 4387 2670 4459 ὑπὲρ
2714 4387 2816 4458 γῆν
2855 4386 3124 4456 κείμενος,
3159 4381 3275 4436 ἀλλ’
3319 4380 3425 4433 ὑπὸ
3475 4378 3585 4448 γῆν

2009 4485 2406 4558 κρυπτόμενος.
2458 4478 2616 4534 Οὕτω
2667 4478 2760 4532 καὶ
2816 4478 2864 4530 οἰ
2917 4473 3144 4546 πονηροὶ
3196 4469 3451 4539 λογισμοί⁵
3507 4468 3586 4538 μὴ

339 4568 434 4624 sed
469 4568 572 4622 sub
602 4576 747 4622 terra
802 4566 983 4620 latens
1029 4564 1253 4620 crescit.
1285 4562 1378 4619 Sic
1423 4567 1580 4622 mala:
1618 4567 1898 4638 cogitatio-

2011 4577 2480 4650 δημοσιευόμενοι,
2523 4567 2962 4641 καρποφοροῦσιν
3006 4567 3086 4628 εἰς
3117 4561 3355 4634 φθορὰν,
3393 4563 3492 4614 καὶ
3535 4562 3586 4612 οἰ

335 4676 457 4726 nes,
488 4675 614 4714 cum
651 4661 705 4712 in
758 4664 1011 4728 apertum
1063 4655 1291 4711 minime
1341 4654 1720 4725 proferuntur,
1789 4659 1907 4712 fru-

335 4760 463 4808 etus
495 4749 548 4801 in
578 4749 991 4818 corruptionem
1022 4746 1199 4803 edunt
1226 4762 1240 4798 :
1280 4746 1437 4800 bona:
1468 4761 1599 4802 vero
1646 4750 1701 4802 in
1735 4749 1906 4802 vitam

337 4849 620 4903 aeternam,
649 4853 756 4908 qua
796 4837 959 4893 nobis
994 4839 1254 4897 omnibus
1300 4837 1512 4907 perfrui
1546 4839 1906 4904 concedatur,

343 4947 436 5000 per
459 4931 690 5002 gratiam
747 4927 962 4983 Domini
1013 4930 1190 4984 nostri
1233 4929 1364 4988 Jesu
1397 4929 1625 4995 Christi,
1660 4932 1748 4987 cui
1782 4946 1908 4986 cum

343 5021 504 5078 l’atre
527 5030 581 5077 et
607 5020 820 5092 Spiritu
862 5028 1057 5076 sancto
1092 5021 1272 5076 honor
1317 5031 1372 5077 et
1405 5023 1580 5093 gloria
1627 5022 1722 5086 sit,
1763 5035 1911 5076 nunc

344 5119 399 5165 et
437 5127 652 5184 semper
683 5121 740 5168 et
768 5111 824 5166 in
856 5111 1056 5167 saecula
1079 5110 1436 5167 saeculorum.
1467 5110 1665 5165 Amen.

2013 4665 2227 4736 ἀγαθοὶ,
2249 4666 2328 4726 εἰς
2357 4661 2502 4732 ζωὴν
2523 4660 2765 4715 αἰώνιον.
2792 4651 2900 4720 Ἦς
2927 4656 3142 4724 γένοιτο
3191 4654 3401 4715 πάντας
3433 4652 3587 4720 ἡμᾶς

2014 4758 2315 4826 ἐπιτυχεῖν,
2339 4753 2524 4824 χάριτι
2547 4749 2642 4803 τοῦ
2675 4747 2883 4818 Κυρίου
2915 4745 3075 4816 ἡμῶν
3109 4742 3285 4814 Ἰησοῦ
3318 4741 3587 4813 Χριστοῦ,

2018 4845 2138 4917 μεθ’
2166 4839 2225 4898 οῦ
2244 4842 2321 4912 τῷ
2343 4839 2518 4910 Πατρὶ
2539 4839 2573 4908 ἡ
2589 4835 2736 4902 δόξα,
2760 4835 2876 4905 ἅμα
2894 4832 2972 4904 τῷ
2998 4830 3138 4901 ἁγίῳ
3167 4826 3472 4897 Πνεύματι,
3493 4826 3592 4880 νῦν

2017 4935 2111 4990 καὶ
2134 4935 2241 5000 ἀεὶ,
2274 4931 2369 4986 καὶ
2397 4930 2478 4994 εἰς
2501 4929 2627 4992 τοὺς
2649 4925 2852 4989 αἰῶνας
2882 4922 2990 4978 τῶν
3019 4919 3249 4976 αἰώνων.
3281 4917 3480 4988 Ἄρην.

421 5289 442 5318 ⁸
497 5286 690 5344 Matth.
717 5303 871 5352 xxxv,
915 5287 998 5342 ιε.
1078 5287 1122 5318 ⁸⁸
1159 5285 1312 5342 Psal.
1345 5299 1494 5350 xxrv,
1547 5281 1632 5338 l8.
1712 5281 1756 5311 ‘9
1804 5277 1950 5333 Psal.
1981 5291 2172 5340 cxvtn,
2217 5278 2337 5332 l53.
2413 5276 2458 5308 ⁶⁹
2491 5271 2678 5329 Matth.
2713 5288 2788 5334 vt,
2816 5269 2910 5324 Ἡ.

1059 5367 1061 5370 ἰ
1603 5413 1836 5472 VARM".
1877 5409 2274 5470 LECTIONES.

418 5513 451 5555 ι
473 5511 632 5567 Deest
659 5513 752 5565 καὶ
784 5509 1180 5583 προσεύχεσθαι
1215 5510 1267 5564 in
1305 5507 1475 5564 Basil.

1934 5616 2005 5632 ..-
