3980 6140
486 267 623 336 1587

482 483 690 538 creavit
721 481 962 537 Verbum
994 482 1084 538 Dei
1117 487 1171 536 et
1198 479 1504 552 Spiritum?
1531 482 1686 550 Quod
1721 483 1767 538 si
1813 487 2058 539 necessi-

483 584 594 632 tate
611 583 836 631 coactus
868 574 1231 645 responderit,
1265 573 1408 630 Deus
1440 575 1556 644 ipse
1593 576 1821 639 creavit,
1855 585 1969 629 tum
1996 584 2052 628 tu

481 679 676 720 rursus
708 683 723 718 :
752 664 898 734 Ergo
937 671 1228 734 antequam
1270 662 1415 718 Deus
1444 664 1649 718 crearit
1694 662 1959 733 Spiritum
2003 672 2058 720 et

480 756 744 820 Verbum,
805 770 915 810 non
973 754 1164 808 habuit
1224 753 1490 824 Spiritum
1557 769 1736 824 neque
1786 752 2055 810 Verbum.

479 847 638 914 Quod
674 861 799 901 cum
838 845 1075 900 audierit
1109 843 1280 914 fugiet
1309 860 1339 898 a
1373 855 1446 910 te,
1492 860 1600 898 non
1652 844 1863 900 habens
1911 845 2058 914 quod

477 938 828 1009 respondeat.
859 935 1242 1006 Disceptantes
1267 937 1412 991 enim
1446 945 1575 992 sunt
1603 937 1743 992 tales
1782 937 1923 1006 apud
1953 935 2056 989 Sa-

478 1046 728 1096 racenos,
761 1039 815 1085 et
838 1029 1061 1084 omnino
1089 1029 1484 1084 abominabiles
1513 1039 1566 1084 ct
1597 1029 1814 1097 abjecti.

544 1121 600 1176 2.
631 1119 790 1187 Quod
841 1121 887 1174 si
941 1134 1073 1174 vero
1125 1128 1182 1173 tu
1246 1120 1617 1188 interrogatus
1669 1134 1698 1172 a
1758 1119 2056 1187 Saracena,

475 1213 652 1268 Verba
679 1211 772 1267 Dei
803 1221 985 1266 creata
1011 1220 1164 1274 sunt,
1191 1225 1261 1264 an
1291 1210 1532 1265 increata
1553 1209 1707 1265 ?haec
1737 1213 1882 1266 enim
1930 1229 2059 1282 pro-

476 1309 687 1371 ponunt
713 1301 1010 1356 adversum
1043 1313 1145 1354 nos
1174 1299 1434 1354 Saraceni
1465 1300 1830 1370 problemata,
1867 1311 2058 1372 poten-

476 1393 586 1448 tius
616 1391 861 1445 volentes
891 1387 1202 1455 ostendere,
1225 1397 1472 1444 creatum
1502 1405 1622 1444 esse
1648 1388 1886 1446 Verbum
1920 1391 2013 1447 Dei
2038 1409 2052 1446 :

475 1482 620 1553 quod
662 1497 770 1536 non
800 1490 884 1536 est
910 1495 922 1531 :
953 1489 1006 1535 et
1037 1481 1084 1534 si
1114 1479 1285 1544 dicas,
1317 1479 1513 1535 Creata
1538 1497 1553 1545 ;
1582 1481 1724 1535 dicet
1756 1482 1854 1536 tibi
1883 1501 1895 1535 :
1923 1481 2059 1538 Ecce

474 1575 614 1629 dicis
638 1581 886 1628 creatum
921 1569 1012 1625 Dei
1047 1567 1311 1625 Verbum.
1343 1569 1400 1627 Si
1423 1580 1605 1626 autem
1633 1571 1814 1637 dicas,
1838 1572 2054 1629 lncrea-

476 1676 564 1733 ta;
597 1668 781 1722 statim
825 1670 1079 1723 occurret
1119 1663 1216 1717 tibi
1251 1680 1263 1715 :
1301 1661 1440 1717 Ecce
1473 1666 1658 1716 omnia
1702 1664 1919 1734 eloquia
1957 1665 2052 1721 Dei

471 1766 654 1812 creata
706 1763 870 1816 sunt,
923 1752 1000 1808 dii
1049 1767 1180 1808 vero
1215 1768 1322 1807 non
1361 1763 1510 1808 sunt.
1549 1753 1617 1808 Et
1642 1769 1770 1810 ecce
1817 1755 2001 1811 fateris
2027 1797 2042 1822 ,
2087 1741 2130 1796 Β

471 1847 733 1917 quoniam
782 1845 1038 1900 Christus
1085 1859 1210 1898 cum
1249 1843 1488 1900 Verbum
1526 1845 1598 1900 sit
1631 1843 1765 1910 Dei,
1809 1861 1918 1900 non
1971 1855 2055 1903 est

473 1936 640 1995 Deus.
691 1937 1036 2008 Quapropter
1069 1952 1248 2007 neque
1288 1946 1472 1993 creata
1518 1937 1706 2003 dicas,
1757 1955 1934 2008 neque
1971 1941 2055 1993 in-

470 2038 708 2086 creata:
761 2029 854 2084 sed
909 2029 993 2085 sic
1045 2026 1316 2098 responde
1363 2029 1410 2083 ei
1443 2046 1457 2083 :
1493 2029 1610 2100 Ego
1651 2045 1818 2084 unum
1876 2030 2052 2085 solum

477 2119 713 2178 Verbum
745 2121 840 2177 Dei
863 2120 1150 2185 confiteor,
1179 2119 1326 2190 quod
1362 2120 1664 2175 increatutn
1695 2121 1767 2175 sit
1797 2135 2053 2175 :onmem

470 2223 654 2270 autem
696 2211 1039 2284 Scripturam
1075 2225 1186 2266 non
1237 2210 1364 2266 dico
1395 2211 1574 2280 λόγια,
1621 2213 1675 2267 id
1710 2221 1814 2278 est,
1849 2212 2003 2266 verba
2033 2227 2052 2266 :

470 2307 569 2364 sed
596 2307 842 2378 ῥήματα,
876 2304 929 2359 id
957 2311 1040 2360 est
1069 2319 1334 2359 sermones
1363 2303 1478 2361 Dei.
1498 2305 1564 2358 Et
1596 2304 1908 2361 Saracenus
1940 2323 1952 2358 :
1992 2303 2057 2360 Et

471 2399 709 2471 qualiter
739 2398 872 2452 dicit
926 2395 1143 2451 David:
1199 2413 1218 2448 ι
1257 2395 1491 2466 Eloquia
1545 2395 1781 2460 Domini,
1833 2397 2053 2466 eloquia

473 2500 627 2548 casta
659 2491 718 2544 '?
752 2509 770 2542 ι
805 2488 904 2544 Dic
946 2491 1018 2555 ei,
1083 2487 1229 2558 quod
1261 2489 1594 2558 tropologice
1630 2489 1847 2544 locutus
1878 2489 1966 2551 sit,
2001 2495 2055 2543 et

475 2596 584 2640 non
609 2581 940 2652 cyriologice
957 2579 986 2620 δ
1011 2578 1472 2652 [κυριολογικῶς],
1498 2580 1550 2634 id
1578 2589 1663 2636 est
1697 2594 1804 2633 non
1831 2580 2052 2648 prepria

471 2677 527 2725 et
575 2669 730 2725 firma
776 2669 1070 2725 verborum
1108 2669 1530 2740 significatione.
1598 2669 1664 2722 Et
1697 2669 2049 2724 Saracenus:

472 2759 618 2826 Quid
651 2766 736 2815 est
767 2759 1078 2831 tropologia
1124 2767 1178 2814 et
1205 2758 1547 2828 cyriologia?
1582 2757 1873 2828 Responde
1905 2774 1919 2809 :
1947 2757 2052 2828 Cy-

471 2849 706 2920 riologia
736 2839 958 2920 quidem
996 2858 1085 2906 est
1129 2848 1286 2903 firma
1320 2859 1376 2903 et
1407 2857 1557 2902 certa
1596 2849 1672 2902 rei
1702 2848 2052 2903 demonstra-

474 2940 596 2994 tio:
635 2939 944 3009 tropologia
1000 2949 1182 2993 autem
1240 2938 1453 2993 infirma
1517 2939 1936 2993 demonstratio.
1991 2938 2055 2992 Et

475 3028 786 3084 Saracenus
830 3046 842 3081 :
879 3025 1236 3098 Contingitne
1292 3026 1621 3096 Prophetam
1680 3030 1906 3098 proprio
1950 3043 2053 3083 suo

472 3120 738 3176 instinctu
795 3119 941 3189 loqui
973 3119 1040 3172 οἳ
1069 3119 1166 3172 Dic
1218 3119 1324 3189 ipsi
1353 3135 1367 3172 :
1395 3118 1750 3174 Consuetudo
1787 3129 1872 3174 est
1924 3134 2051 3188 pro-
2079 3101 2125 3162 C

474 3213 761 3280 phetarum
817 3209 1161 3278 tropologice
1209 3209 1402 3278 loqui:
1438 3210 1602 3280 quale
1649 3209 1753 3264 hoc
1785 3229 1800 3264 :
1839 3226 1858 3260 ι
1899 3208 2052 3264 Mare

473 3303 610 3358 vidit
638 3313 693 3358 et
721 3301 861 3372 fugit
889 3303 965 3354 ’.ι
1004 3300 1148 3356 Ecce
1177 3317 1330 3357 mare
1363 3303 1558 3358 oculos
1590 3316 1699 3355 non
1737 3301 1921 3366 habet,
1961 3316 2054 3355 ne-

471 3407 582 3464 que
610 3402 694 3448 est
723 3393 1052 3447 animatum.
1083 3390 1149 3444 Et
1183 3407 1380 3449 rursus
1408 3392 1549 3448 idem
1592 3391 1863 3462 Propheta
1899 3393 2053 3446 velut

475 3482 776 3536 animatum
809 3482 989 3552 ipsum
1014 3481 1350 3551 alloquitur:
1390 3499 1410 3533 ι
1447 3481 1590 3547 Quid
1622 3489 1706 3536 est
1729 3481 1849 3547 tibi,
1879 3496 2050 3548 mare,

473 3571 622 3642 quod
646 3567 855 3641 fugisti,
897 3591 916 3624 ι
952 3580 1010 3626 et
1040 3585 1162 3641 qua:
1193 3579 1524 3640 sequuntur.
1561 3569 1629 3624 Et
1653 3587 1850 3626 rursus
1875 3581 2054 3627 osten-

405 3653 409 3657 ’
474 3661 652 3717 sivum
706 3661 1108 3731 suppositionis
1138 3660 1188 3715 τι.
1226 3661 1368 3714 Dicit
1399 3661 1548 3717 enim
1590 3661 1735 3716 Deus
1765 3661 1833 3715 ad
1869 3659 2005 3717 Cain
2035 3681 2050 3718 :

481 3770 500 3805 ι
541 3751 865 3807 Maledictus
896 3762 954 3806 tu
986 3769 1014 3807 a
1039 3763 1208 3820 terra,
1233 3752 1397 3824 467
1427 3769 1551 3823 qua:
1571 3755 1782 3822 aperuit
1806 3769 1866 3808 os
1889 3769 2052 3809 suum

473 3843 761 3912 suscipere
792 3845 1113 3911 sanguinem
1151 3845 1339 3900 fratris
1393 3850 1468 3900 ttti
1529 3846 1596 3901 de
1655 3862 1822 3901 manu
1880 3857 1993 3902 tua.
2028 3865 2048 3899 ι

475 3931 620 3988 Ecce
659 3931 733 3987 ibi
765 3933 1111 4002 tropologice
1143 3935 1282 3988 dixit
1310 3952 1388 3990 os.
1428 3935 1534 3992 Et:
1572 3956 1590 3989 ι
1629 3935 1864 3994 Gladius
1898 3955 2054 3995 meus

475 4023 768 4080 devorabit
825 4037 1020 4079 carnes
1046 4025 1090 4077 ⁸.
1133 4043 1152 4076 ι
1183 4023 1413 4081 Gladius
1460 4027 1608 4080 enim
1648 4029 1875 4095 scindit,
1942 4044 2064 4085 non.

473 4113 722 4185 deglutit.
758 4113 854 4170 Sic
876 4123 930 4171 et
960 4116 1203 4186 ῥήματα,
1234 4115 1288 4170 id
1332 4123 1437 4180 est,
1471 4131 1757 4182 sermones,
1803 4117 2053 4174 dicibiles

470 4213 529 4261 et
549 4198 829 4271 effabiles,
873 4206 1014 4261 dixit
1057 4205 1235 4275 λόγια,
1276 4207 1330 4261 id
1360 4215 1446 4262 est
1475 4206 1652 4272 verba,
1691 4208 1743 4263 id
1774 4219 1882 4272 est,
1911 4211 2053 4264 inte-

472 4295 590 4350 rius
614 4294 792 4350 solum
825 4295 881 4348 in
916 4304 1120 4359 monte,
1153 4311 1249 4352 seu
1285 4297 1499 4352 ratione
1544 4297 1805 4362 formata,
1839 4297 1933 4353 sed
1969 4299 2053 4367 (ut

471 4385 679 4440 dictum
705 4389 814 4454 est)
844 4386 1087 4456 ῥήματα.

1682 275 1741 334 s.
1779 271 2101 336 JOANNIS
2118 252 2571 336 'DAMASCENI

481 401 605 442 esse
651 383 892 442 Verbum
949 395 1005 441 et
1056 385 1343 456 Spiritum,
1396 393 1511 441 tum
1569 396 1792 458 quaere:
1829 389 1892 444 Et
1929 391 2055 460 quis
2085 396 2132 454 Α

2077 4383 2125 4445 C

2260 392 2289 444 ό
2318 391 2490 459 Λόγος
2527 391 2778 454 ᾰτκιστος
2808 388 3128 461 [λέγεται,ἢ
3175 391 3442 461 κτιστόςμ
3464 391 3509 464 ς]

2161 698 2350 762 καιτες
2386 699 2566 753 ἔκτισε
2596 699 2688 754 τὸν
2725 699 2904 768 Λόγον
2935 700 3029 774 τοῦ
3053 699 3187 755 Θεοῦ
3213 701 3382 756 καὶτὸ
3409 703 3547 756 11νεῦ
3559 721 3636 770 μα
3655 718 3746 766 ;...

2162 837 2267 906 πρὸ
2301 832 2393 890 οὖν
2419 837 2601 890 κτίσαι
2622 836 2713 889 τὸν
2745 836 2899 900 Θεὸν,
2930 837 3100 905 Λόγον
3146 838 3240 889 καὶ
3277 835 3525 905 Πνεῦμα,
3550 837 3665 906 ἄρα
3681 831 3747 905 ἦν

2160 931 2326 1001 χωρὶς
2358 929 2533 998 Λόγου
2563 929 2658 981 καὶ
2680 927 3022 998 ιινεὺματος,

3152 1106 3184 1131 Α

2160 1325 2228 1376 τὰ
2248 1323 2401 1391 λόγια
2437 1323 2642 1393 Κυρίου
2678 1323 2871 1376 κτιστά
2904 1321 3096 1393 εἰσινῆ
3125 1323 3356 1377 ἄκτιστα
3383 1343 3398 1390 ;
3430 1323 3608 1378 ταῦτα
3634 1326 3744 1394 γὰρ

2160 1414 2573 1486 προϐάλλονται.
2634 1453 2648 1468 .
2689 1454 2702 1469 .
2747 1454 2762 1470 .
2807 1455 2821 1468 .
2879 1414 3123 1478 Θέλοντες
3184 1414 3463 1479 ἀποδεῖξαι
3521 1414 3746 1467 κτιστδν

2160 1506 2299 1562 εἶναι
2316 1508 2407 1560 τὸν
2431 1508 2603 1576 Λόγον
2627 1507 2722 1560 τοῦ
2755 1505 2916 1570 Θεοῦ,
2939 1507 3076 1576 ὅπερ
3099 1506 3198 1558 οὑκ
3225 1505 3394 1559 ἐστιν.
3417 1505 3482 1558 Et
3516 1506 3618 1574 μὲν
3637 1503 3745 1574 γὰρ

2160 1599 2340 1670 εἴπῃς,
2371 1599 2580 1653 Κτιστά
2603 1600 2741 1652 εἰσιν
2771 1615 2786 1629 ·
2818 1597 2963 1650 sine:
2993 1613 3097 1650 σοι.
3136 1635 3154 1650 .
3195 1637 3208 1650 .
3249 1637 3264 1650 .
3310 1634 3324 1649 .
3366 1598 3415 1649 εξ
3447 1595 3507 1648 δὲ
3557 1596 3743 1663 εἴπῃς,

2161 1691 2419 1755 ἄκτιστα,
2451 1690 2568 1758 ὲρεί
2621 1704 2739 1741 σοι·
2773 1689 2854 1740 ὅτι
2897 1688 3007 1740 ἰδοὺ
3048 1688 3227 1742 πάντα
3269 1687 3426 1754 λόγια
3474 1685 3619 1738 Θεοῦ
3647 1686 3746 1737 ὑπο

2163 1784 2420 1852 άρχοντα,
2462 1781 2656 1834 κτιστὰ
2686 1780 2785 1850 μὲν
2814 1779 2940 1845 εἰσὶ,
2980 1779 3093 1832 θεοὶ
3115 1780 3170 1832 δὲ
3213 1779 3313 1832 οὐκ
3337 1778 3474 1831 εἰσί·
3499 1779 3598 1830 καὶ
3635 1778 3744 1830 1δοῦ

2163 1878 2228 1928 σὺ
2268 1874 2572 1943 ὁμολογεῖς,
2631 1872 2714 1924 ὅτι
2781 1873 2808 1924 ό
2862 1873 3100 1942 Χριστὸς
3150 1869 3224 1923 ὢν
3258 1871 3430 1937 Λόγος
3454 1868 3551 1921 τοῦ
3583 1867 3742 1928 Θεοῦ,

2160 1966 2260 2017 οὐκ
2280 1963 2395 2016 ἔστι
2420 1962 2552 2024 Θεός
2575 1980 2586 1992 ·
2613 1961 2693 2014 διὸ
2711 1962 2846 2032 μήτε
2867 1960 3083 2027 κτιστὰ,
3109 1961 3290 2030 εἴπῃς,
3325 1960 3465 2029 μήτε
3487 1959 3740 2011 ἄκτιστι·

2161 2053 2415 2106 ἀλλἐξπὲ
2459 2052 2608 2122 αὑτῷ
2640 2068 2652 2081 ’
2703 2050 2844 2119 Ἐγὼ
2875 2051 2972 2104 ἕνα
3021 2051 3184 2121 μόνον
3240 2050 3414 2118 Λόγον
3452 2048 3551 2100 τοῦ
3608 2046 3744 2100 Θεοῦ

2160 2145 2409 2216 ὁμολογῶ
2427 2146 2686 2200 ἄκτιστον
2730 2143 2859 2198 ὄντα
2883 2159 2896 2172 ·
2948 2145 3050 2213 τὴν
3077 2143 3134 2196 δὲ
3166 2144 3346 2195 πᾶσαν
3373 2141 3476 2212 τὴν
3521 2141 3746 2210 Γραφήν

2165 2255 2290 2308 μου,
2308 2236 2368 2289 οὐ
2389 2234 2534 2304 λέγω
2556 2233 2736 2303 λόγια,
2755 2232 2892 2286 ἀλλὰ
2931 2234 3152 2304 ῥήματα
3171 2231 3328 2284 Θεοῦ.
3365 2231 3475 2283 Καὶ
3501 2233 3530 2283 ό
3562 2231 3743 2298 Σαρα-

2161 2329 2344 2398 κηνός.
2365 2327 2478 2381 Καὶ
2493 2325 2610 2390 πῶς
2626 2325 2773 2393 λέγει
2794 2327 2821 2379 ὁ
2835 2325 2998 2379 Δαόὶδ
3020 2323 3150 2377 «Td
3167 2323 3321 2391 λόγια
3340 2322 3572 2393 Κυρίου,
3585 2322 3746 2386 λόγια

2159 2418 2336 2486 ἁγνά;
2374 2437 2392 2470 t
2429 2457 2442 2472 .
2485 2457 2499 2470 .
2541 2456 2556 2470 .
2629 2419 2657 2469 ὁ
2705 2417 2997 2488 Προφήτης
3044 2412 3473 2486 τροπολογικῶς,
3530 2413 3628 2464 καὶ
3683 2414 3742 2464 οὗ

2163 2506 2556 2578 κυριολογικῶς
2589 2507 2638 2560 δ.
2675 2547 2689 2558 .
2725 2547 2738 2560 .
2769 2545 2784 2560 .
2819 2547 2834 2562 .
2867 2507 2980 2561 Καὶ
3027 2510 3084 2559 τι
3133 2506 3250 2558 ἐστι
3286 2504 3616 2575 τροπολογία
3653 2504 3743 2555 καὶ

2160 2600 2511 2670 κυριολογία;
2565 2598 2898 2670 Κυριολογία
2945 2597 3045 2667 μὲν
3099 2597 3216 2650 ἐστὶ
3281 2595 3474 2666 βεϐαία
3526 2593 3746 2646 ἀπόδει-

2163 2691 2246 2754 ξις
2275 2690 2372 2743 τοῦ
2434 2690 2758 2762 πράγματος
2788 2706 2803 2721 ·
2834 2688 3164 2759 τροπολογία
3207 2688 3284 2752 δὲ,
3315 2686 3577 2747 ἀὸἐϐαιος
3612 2686 3744 2737 ἁπό-

2159 2781 2346 2848 δειξις.
2391 2819 2404 2834 .
2448 2820 2463 2834 .
2507 2819 2521 2832 .
2570 2820 2583 2833 .
2629 2820 2643 2833 .
2685 2781 2743 2833 ὲν
2793 2782 2906 2842 τοῖς
2953 2781 3262 2849 προφήταις
3315 2776 3438 2839 ἔθος
3485 2778 3633 2836 ἐστὶ,
3673 2777 3744 2838 ὡς

2159 2873 2242 2936 τὺ,
2279 2893 2298 2924 ι
2338 2873 2402 2925 Ἣ
2459 2872 2703 2926 Θάλασσα
2757 2867 2918 2935 εἶδεν,
2975 2870 3071 2924 καὶ
3102 2870 3300 2938 ἔφυγεν
3333 2884 3347 2897 ⁸
3383 2887 3403 2921 ι
3439 2868 3551 2920 ἰδοὺ
3585 2869 3623 2936 ἡ
3653 2867 3748 2920 θά-

2159 2964 2333 3016 λασσα
2364 2962 2677 3032 ὀφθαλμοὺς
2722 2964 2823 3016 οὐκ
2873 2961 3006 3033 ἔχει.
3038 2961 3114 3014 Οὐ
3143 2962 3253 3033 γάρ
3284 2963 3434 3013 ἐστιν
3457 2958 3704 3029 ἔμψυχος
3724 2975 3739 2986 ·

2162 3055 2465 3109 καὶπάλιν.
2553 3093 2568 3109 .
2681 3094 2696 3108 .
2809 3091 2825 3108 .
2939 3090 2956 3105 .
3068 3091 3084 3105 .
3197 3089 3214 3103 .
3329 3090 3344 3103 .

2374 3485 2391 3515 ι
2423 3465 2488 3516 Τί
2521 3465 2602 3517 σοι
2635 3467 2773 3528 ἐστι,
2801 3464 3070 3526 θάλασσα,
3101 3462 3184 3516 ὅτι
3226 3461 3450 3530 ἕφυγεςς
3481 3479 3500 3512 ι
3551 3459 3647 3513 καὶ
3673 3459 3735 3510 τὰ

2156 3555 2298 3626 ἑξῆς.
2337 3554 2470 3627 [Καὶ
2505 3556 2668 3608 πάλιν
2685 3555 3066 3608 ἀποδεικτικὸν
3099 3554 3199 3625 τῆς
3234 3553 3580 3616 ὑποθέσεως-
3617 3549 3734 3604 εἷπε

2155 3647 2264 3718 γὰρ
2292 3647 2321 3699 ὁ
2347 3646 2480 3709 Θεὸς
2512 3645 2648 3716 πρὸς
2673 3646 2818 3700 Κάῖν
2837 3661 2849 3674 ο
2889 3664 2907 3696 ι
2931 3645 3366 3714 Ἐπικατάρατος
3396 3643 3461 3696 σὺ
3482 3642 3591 3695 ἀπὸ
3639 3642 3735 3709 τῆς

2154 3742 2279 3810 γῆς,
2308 3741 2342 3809 ἢ
2369 3737 2527 3807 ἔχανε
2553 3738 2614 3790 τὸ
2639 3737 2814 3806 στόμα
2867 3737 3038 3806 αὐτῆς
3091 3735 3352 3802 δέξασθαι
3377 3734 3439 3789 τὺ
3470 3732 3615 3804 αἷμα
3642 3731 3732 3786 τοῦ

2154 3828 2387 3900 ἀδελφοῦ
2410 3845 2503 3881 σου
2533 3829 2599 3881 ὲκ
2629 3828 2813 3897 χειρός
2841 3845 2958 3880 σου.
2994 3825 3066 3898 t].
3100 3867 3113 3880 .
3152 3865 3166 3879 .
3185 3826 3316 3891 Καὶ,
3351 3844 3371 3877 ι
3394 3827 3460 3879 Ἦ
3492 3824 3734 3895 μάχαιρά

2157 3940 2260 3993 μου
2309 3921 2544 3990 φάγεται
2618 3919 2776 3989 κρέα.
2803 3937 2821 3970 ι
2861 3919 2925 3970 Ἦ
2973 3917 3084 3986 γὰρ
3112 3919 3358 3988 μάχαιρα
3402 3916 3729 3984 κατατέμνει

2158 4013 2280 4084 μὲν,
2333 4013 2393 4066 οὐ
2457 4009 2752 4065 καταπίνει
2801 4008 2879 4063 δέ.
2911 4009 3067 4062 Οὕτω
3099 4009 3195 4062 καὶ
3235 4011 3460 4081 ῥήματα
3508 4009 3728 4060 ἐκάλεσε

2153 4105 2331 4173 λόγια,
2357 4105 2503 4175 ἅπερ
2533 4104 2635 4156 οὐκ
2665 4101 2774 4155 εἰσὶ
2794 4102 2969 4170 λόγια,
3001 4141 3015 4154 .
3063 4141 3078 4155 .
3123 4142 3136 4154 .
3181 4140 3195 4156 .
3243 4142 3256 4156 .
3303 4140 3318 4155 .
3365 4141 3378 4154 .
3423 4141 3439 4154 .
3484 4139 3498 4154 .
3545 4140 3561 4154 .
3608 4141 3622 4154 .
3658 4139 3672 4153 .
3710 4137 3724 4151 .

2154 4196 2309 4250 ἀλλὰ.
2355 4237 2370 4251 .
2417 4235 2430 4249 .
2477 4237 2490 4250 .
2536 4233 2550 4248 .
2596 4236 2610 4251 .
2655 4238 2670 4251 .
2714 4234 2729 4248 .
2771 4196 3019 4265 ῥήματα.

541 4477 596 4532 5.
639 4477 694 4532 Si
719 4480 868 4535 dicat
897 4480 996 4534 tibi
1026 4477 1334 4534 Saracenus
1358 4497 1372 4532 :
1397 4477 1641 4544 Qualiter
1669 4477 1954 4534 descendit
1985 4479 2124 4535 Deus
2156 4481 2210 4534 in
2253 4489 2500 4536 ventrem
2536 4481 2831 4538 mulieris?
2875 4483 2968 4537 dic
3009 4484 3115 4553 ipsi
3145 4485 3264 4538 sic:
3299 4483 3541 4539 Utamur
3590 4482 3727 4536 Scri-

473 4579 636 4641 ptura
666 4581 761 4625 tua
792 4577 848 4626 et
877 4569 1163 4642 Scriptura
1188 4585 1330 4626 mea.
1358 4569 1426 4623 Et
1455 4567 1744 4639 Scriptura
1775 4578 1870 4624 tua
1901 4571 2059 4639 dicit,
2087 4570 2235 4640 quod
2265 4573 2639 4643 praepurgavit
2682 4573 2826 4630 Deus
2855 4573 3083 4628 Mariam
3126 4589 3281 4631 suam
3315 4589 3492 4644 super
3521 4588 3723 4628 omnem

474 4675 701 4719 carnem
731 4661 1001 4730 mulieris,
1038 4671 1094 4718 et
1123 4661 1413 4719 descendit
1443 4660 1687 4731 Spiritus
1717 4669 1774 4717 et
1807 4661 2046 4717 Verbum
2075 4661 2172 4717 Dei
2201 4663 2260 4717 in
2291 4663 2488 4733 ipsam.
2519 4663 2588 4718 Et
2621 4665 2974 4735 Evangelium
2999 4681 3181 4722 meum
3215 4664 3391 4720 dicit:
3434 4683 3457 4716 ι
3497 4664 3724 4736 Spiritus

476 4760 706 4809 sanctus
729 4753 1078 4824 superveniet
1107 4754 1162 4807 in
1193 4761 1268 4818 te,
1293 4764 1347 4807 et
1379 4752 1557 4808 virtus
1581 4751 1851 4808 Altissimi
1893 4751 2245 4807 obumbrabit
2275 4754 2375 4808 tibi
2405 4752 2448 4808 ⁸.
2492 4773 2511 4806 ι
2556 4751 2696 4808 Ecce
2722 4769 2842 4808 una.
2858 4770 2966 4809 vox
3011 4751 3373 4824 utrarumtlue
3401 4754 3723 4813 dictionum.

473 4851 533 4900 et
557 4856 702 4920 unus
729 4843 1060 4900 intellectus.
1099 4844 1386 4916 Cognosce
1415 4852 1599 4900 autem
1630 4844 1829 4911 ethoc,
1856 4843 2118 4914 quoniam
2150 4843 2218 4899 ad
2243 4854 2490 4900 nostram
2520 4843 2916 4914 proprietatem
2943 4845 3152 4901 diceret
3183 4843 3477 4913 Scriptura
3505 4844 3726 4898 descen-

479 4935 690 4992 sionem
722 4942 780 4990 et
809 4935 1186 4990 ascensionem
1215 4935 1574 5008 tropologice,
1600 4949 1713 4990 non
1737 4933 2096 5007 cyriologice.
2127 4935 2361 5006 Proprie
2397 4935 2549 4991 enim
2571 4935 2916 4994 descendens
2945 4945 3004 4992 et
3033 4935 3344 4992 ascendens
3372 4935 3494 5005 ipse
3524 4934 3726 5008 [κυριο-

471 5027 756 5102 λογικῶς]
805 5027 1013 5083 dicitur
1038 5029 1340 5083 secundum
1364 5027 1744 5098 philosophos.
1774 5027 1919 5084 Deus
1950 5041 1981 5081 a
2001 5037 2132 5082 item
2157 5027 2342 5082 omnia
2371 5028 2684 5093 continens,
2708 5035 2763 5084 et
2791 5043 2822 5082 a
2852 5027 3005 5083 nullo
3047 5028 3381 5082 continetur.
3415 5027 3567 5081 Dixit
3589 5027 3722 5081 enim

471 5122 699 5197 quidam
752 5120 1146 5194 prophetarum
1177 5135 1192 5172 :
1233 5136 1254 5170 ι
1297 5117 1436 5183 Quis
1469 5117 1808 5174 mensuravit
1848 5132 2016 5172 manu
2048 5131 2286 5197 aquam,
2323 5123 2379 5172 et
2415 5117 2614 5172 coelum
2650 5117 2856 5188 palmo,
2911 5125 2968 5172 et
3005 5117 3212 5188 pugillo
3263 5125 3474 5171 terram
3502 5117 3565 5169 σῖ
3597 5135 3616 5168 ι
3641 5113 3723 5167 Et

565 5261 582 5294 ¹
606 5261 755 5317 Psal.
787 5276 866 5326 χι,
901 5261 953 5315 7.
1027 5261 1048 5291 ³
1091 5257 1238 5313 Psal.
1267 5269 1423 5321 cxm,
1457 5255 1510 5308 3.
1572 5252 1594 5285 ³
1619 5253 1736 5309 Gen
1827 5269 1900 5319 tv,
1926 5253 2013 5308 ll.

2159 5254 2288 5310 leut.
2353 5267 2525 5316 usu,
2574 5251 2665 5306 42.
2738 5252 2759 5283 ³
2790 5251 2991 5316 Luc.t,
3020 5250 3110 5305 '55.

3225 5250 3247 5281 ⁸
3276 5251 3382 5308 lsa.
3417 5267 3510 5321 ιι,
3534 5251 3631 5306 22.

1767 5416 1996 5472 VARIE
2030 5413 2434 5472 LECTIONES.

469 5513 472 5534 ἶ
546 5549 572 5578 δ
599 5537 830 5593 Tantilla
861 5536 1174 5606 huiusmodi
1199 5538 1324 5594 hinc
1361 5538 1490 5594 inde
1515 5538 1714 5607 passim
1761 5535 2030 5603 interjeci,
2076 5541 2132 5607 et
2181 5533 2398 5607 uncinis
2421 5533 2768 5607 clau_si,quze
2794 5528 3016 5583 vocibus
3063 5528 3190 5607 aliis
3229 5525 3421 5607 Graece
3457 5522 3719 5607 eqiiuntiari

475 5621 638 5674 posse
660 5622 769 5660 non
800 5609 1057 5662 arbitror.
1133 5610 1163 5648 ι)
1199 5607 1255 5662 Id
1296 5618 1382 5663 est
1425 5610 1634 5677 proprie
1670 5608 1946 5676 loquendo.

2024 5617 2048 5644 ο
2081 5603 2195 5674 Ego
2239 5603 2479 5670 mallem,
2509 5602 2628 5671 ﬁeri
2666 5597 2795 5656 'non
2832 5608 2997 5668 potest
3034 5608 3091 5651 ut
3145 5597 3416 5667 Propheta
3466 5597 3723 5666 inﬁrmem

477 5677 973 5731 demonstrationem
1005 5679 1215 5747 afferat.
1291 5679 1316 5719 ἀ
1339 5679 1397 5734 Id
1419 5675 1527 5746 est,
1553 5675 1846 5748 argumenti
1870 5675 2009 5747 quod
2034 5684 2345 5730 tractamus.

3585 260 3755 317 .1588
