3970 6156
308 299 454 363 1589
1192 302 1640 363 DISPUTATIO
1677 302 2122 364 cumsuam
2157 302 2668 365 ETSARACENI.
3417 273 3554 364 1590

309 406 476 464 bene.
533 405 736 462 Omnes
790 421 944 477 aquae
999 407 1229 478 simplex
1292 409 1708 479 comprehensio
1760 423 1956 464 manus
2009 411 2100 465 Dei
2155 419 2316 478 sunt;
2369 419 2423 466 et
2473 426 2689 466 omnem
2743 409 2942 465 cmlum
2994 408 3239 478 palmus,
3287 416 3341 462 et
3374 409 3551 462 omnis

306 509 477 562 terra.
516 499 752 569 pugillus
781 517 794 554 :
827 500 1066 570 qualiter
1113 502 1278 570 igitur
1320 503 1610 573 contingit,
1657 504 1838 574 ipsum
1886 506 1942 560 in
1979 507 2197 576 pr0pria
2247 521 2413 560 tuattu
2463 505 2644 560 omnia
2685 503 3056 560 continentem
3106 500 3443 556 descendere
3497 506 3556 554 et

307 591 634 649 ascendere?

376 710 431 765 4.
491 709 546 766 Si
607 710 975 780 interrogatus
1027 708 1195 764 fueris
1247 725 1278 762 a
1333 710 1639 776 Saraceno,
1701 714 1957 778 dicente,
2017 713 2075 769 Si
2143 713 2285 768 Deus
2369 722 2488 767 erat
2546 713 2798 766 Christus
2837 753 2851 777 ,
2905 709 3140 780 qualiter
3196 707 3436 762 comedit
3501 713 3555 758 ct

301 804 447 860 bibit
496 811 552 857 et
597 800 877 865 dormivit,
909 809 966 857 et
998 802 1298 857 cruciﬁxus
1340 810 1445 870 est,
1483 813 1537 860 et
1565 814 1816 861 mortuus
1857 815 1962 873 est,
2005 814 2060 861 et
2088 819 2209 876 quae
2244 803 2530 874 deinceps,
2586 803 2675 859 dic
2709 801 2813 872 ipsi
2842 820 2854 855 :
2894 798 3164 866 Quoniam
3197 809 3322 854 ante
3351 801 3555 853 smeula

310 893 548 950 Verbum
583 893 700 960 Dei,
747 893 894 965 quod
925 895 1132 948 creavit
1182 895 1388 958 omnia,
1439 897 1742 952 secundum
1790 899 1938 968 quod
1977 907 2212 954 testatur
2249 895 2536 965 Scriptura
2592 909 2711 950 mea
2765 905 2819 950 et
2873 892 3159 962 Scriptura
3204 900 3318 953 tua,
3369 891 3554 960 ipsum

309 987 520 1042 creavit
569 1001 637 1040 ex
692 1001 859 1040 carne
925 994 1129 1040 sanctze
1177 985 1438 1055 Virginis,
1495 988 1772 1043 hominem
1827 987 2131 1059 perfectum
2181 995 2235 1042 et
2287 987 2586 1040 animatum
2619 986 3132 1056 ctiutclligentem:
3176 983 3266 1037 ille
3295 981 3550 1048 comedit,

307 1079 466 1142 bibit,
523 1086 578 1132 et
625 1077 918 1143 dormivit;
965 1076 1208 1132 Verbum
1244 1079 1473 1142 scilicet,
1523 1082 1826 1136 secundum
1876 1080 2021 1152 quod
2057 1078 2298 1134 Verbum
2351 1079 2484 1135 Dci:
2529 1077 2762 1133 Verbum
2811 1088 2992 1133 autem
3027 1075 3120 1130 Dei
3155 1090 3260 1132 non
3293 1073 3552 1134 comedit.

308 1183 487 1239 neque
540 1161 700 1231 bibit,
751 1183 929 1238 neque
1003 1169 1279 1230 dormivit,
1337 1185 1514 1240 neque
1567 1171 1888 1226 cruciﬁxum
1941 1178 2044 1236 est,
2100 1184 2278 1239 neque
2322 1178 2637 1234 mortuum;
2696 1167 2790 1223 sed
2842 1183 2970 1223 caro
3015 1184 3176 1238 quam
3255 1164 3553 1234 assumpsit

307 1276 376 1316 ex
419 1266 612 1314 sancta
667 1258 912 1330 Virgine,
960 1259 1050 1313 illa
1099 1260 1362 1315 crurailxa
1412 1271 1513 1317 est.
1543 1261 1845 1335 Cognoscis
1881 1271 2086 1326 autem,
2126 1262 2384 1332 quoniam
2417 1260 2672 1316 Christus
2719 1259 3013 1329 dupliciter
3046 1258 3263 1331 [natura
3300 1253 3370 1330 ἢ,
3408 1272 3553 1312 unus

309 1351 811 1422 autemhypostasi.
838 1350 954 1406 Non
985 1353 1127 1406 enim
1163 1351 1383 1418 dicitur,
1418 1351 1513 1409 Est
1541 1361 1805 1409 aternum
1843 1353 1863 1392 τ
1903 1352 2142 1410 Verbum
2176 1352 2269 1407 Dei
2303 1359 2357 1406 ct
2391 1359 2514 1423 post
2561 1351 2996 1420 assumptionem
3043 1349 3226 1404 carnis
3261 1356 3557 1419 anyposta-

304 1443 477 1498 ticum
514 1441 1011 1516 [dvenae-casmde
1037 1445 1205 1499 id-est
1255 1460 1362 1501 non
1391 1448 1679 1517 personale
1701 1447 1783 1504 vel
1809 1449 2079 1503 naturale.
2109 1443 2228 1502 Non
2256 1446 2398 1502 enim
2424 1446 2672 1517 apposita
2702 1455 2785 1500 est
2813 1443 3069 1499 'l‘rinitati
3097 1449 3292 1513 quarta
3319 1455 3552 1512 persona

309 1543 436 1605 post
465 1534 794 1590 ineﬂ'abilem
820 1537 1077 1590 unionem
1113 1535 1318 1592 carnis.

381 1653 441 1702 ε’·
1711 1653 1768 1706 ὃν
1791 1653 1877 1706 λέ-

2049 1652 2102 1706 5.
2140 1651 2208 1704 Ει
2236 1652 2281 1708 si
2315 1659 2366 1706 te
2396 1653 2414 1681 ⁷
2451 1652 2748 1720 interroget
2772 1650 3083 1705 Saracenus
3120 1669 3131 1702 :
3165 1649 3339 1714 Quem
3363 1649 3548 1704 dicitis

311 1751 431 1808 γετε
463 1741 616 1808 Θεὸν,
645 1743 882 1798 ἀπέθανε
913 1763 952 1811 ;.
995 1787 1009 1802 .
1051 1787 1065 1802 .
1114 1787 1128 1802 .
1172 1788 1187 1802 .
1233 1789 1247 1803 .
1291 1749 1390 1802 οὐκ
1424 1748 1696 1804 ἀπέθανε·
1750 1749 1877 1818 θαῤ-

309 1833 420 1904 ρῶν
444 1837 509 1906 τῇ
542 1835 790 1908 Γραφικῇ
821 1839 846 1878 ⁸
878 1839 1169 1906 ἀποδείξει.

520 2179 738 2251 πρῶτος
764 2184 1048 2259 ἄνθρωπος
1078 2185 1315 2254 ὕπνωσε,
1349 2189 1445 2244 καὶ
1489 2191 1588 2264 τὴν
1639 2191 1876 2262 πλευρὰν

311 2266 584 2341 ἀφῃρέθη.

381 2365 438 2424 ς’
443 2399 458 2414 ο
1007 2367 1138 2422 Ἰδοὺ
1173 2368 1494 2440 πέπληγμαι
1520 2369 1578 2423 ἔν
1602 2389 1705 2425 τινι
1727 2371 1878 2442 τόπῳ

313 2450 422 2504 τῶν
462 2455 682 2526 σαρκῶν
741 2473 844 2528 μου
865 2472 880 2488 ⁸
912 2458 1007 2511 καὶ
1062 2459 1096 2530 ἡ
1154 2459 1293 2531 σὰρξ
1321 2461 1595 2531 πληγεῖσα
1635 2461 1878 2532 μώλωπα

313 2542 636 2610 ἀπετέλεσε,
664 2546 760 2600 καὶ
791 2548 850 2601 ὲν
872 2546 952 2618 τῷ
1000 2547 1230 2619 μώλωπι
1264 2551 1483 2618 ἐγένετο
1508 2551 1765 2623 σκώληξ·
1797 2552 1880 2617 τίς

311 2626 406 2680 οὖν
432 2629 595 2684 αὑτὸν
619 2632 874 2689 ἔπλασεν.
919 2675 935 2690 .
979 2675 993 2690 .
1039 2676 1053 2691 .
1091 2675 1108 2690 .
1152 2675 1168 2692 .
1213 2675 1229 2692 .
1254 2637 1602 2710 εἰπομεν,ὅτι
1630 2641 1882 2712 μετὰτὴν

315 2717 538 2788 πρώτην
561 2719 833 2792 ἑϐδομάδα
885 2724 986 2796 τῆς
1023 2727 1403 2796 κοσμοποιίας,
1453 2729 1703 2800 οὐδαμῶς
1737 2730 1883 2801 εὑρί-

314 2821 519 2879 σκομεν
548 2811 828 2869 πλάσαντά
866 2833 917 2868 τι
946 2816 1186 2871 πώποτε.
1226 2819 1380 2872 Μετὰ
1417 2819 1472 2873 δὲ
1502 2821 1604 2892 τὴν
1629 2822 1879 2891 παράϐα-

314 2912 399 2950 σιν
426 2901 720 2976 κατεκρίθη
750 2905 782 2976 ή
823 2905 897 2976 γῆ
923 2907 1166 2972 ἀκάνθας
1217 2911 1311 2964 καὶ
1340 2911 1620 2982 τριϐόλους
1650 2913 1880 2967 ἀνατέλ-

1985 1741 2173 1807 Deum,
2210 1752 2462 1797 mortuus
2515 1740 2640 1796 est?
2685 1739 2954 1810 responde
3009 1746 3065 1792 tu
3097 1757 3110 1791 :
3140 1737 3258 1792 Non
3305 1747 3557 1794 mortuus

1982 1841 2065 1888 est
2097 1852 2110 1889 :
2143 1832 2428 1888 conlidens
2454 1831 2754 1901 Scriptura:
2785 1829 2883 1902 [et]
2909 1829 3386 1886 demonstrationi.
3415 1829 3558 1902 Dicit

1981 1924 2128 1979 enim
2197 1922 2480 1994 Scriptura
2539 1923 2608 1978 de
2668 1923 2792 1978 hoc.
2857 1921 3026 1998 Venit,
3083 1922 3228 1977 enim
3289 1891 3554 1978 naturalis

1983 2031 2134 2071 mors
2179 2015 2442 2071 adversus
2499 2013 2781 2068 hominum
2848 2012 3166 2068 memoriam
3229 2011 3574 2076 dominans,

1985 2106 2038 2160 id
2085 2115 2192 2170 est,
2233 2105 2555 2175 subiiciens,
2587 2115 2646 2157 ut
2696 2104 2750 2157 in
2803 2101 2963 2157 nobis
3009 2101 3215 2155 omnia.
3273 2099 3381 2154 Sed
3431 2115 3558 2168 per-

1986 2197 2163 2252 fectus
2213 2196 2424 2266 primus
2476 2195 2640 2249 homo
2689 2193 2971 2255 dormivit.
3030 2200 3086 2247 et
3134 2199 3288 2246 costa
3352 2190 3556 2260 spolia-

1987 2297 2074 2344 tus
2107 2295 2212 2344 est.

2054 2378 2108 2432 6.
2143 2378 2208 2432 Et
2253 2375 2600 2433 Saraeeuus:
2637 2375 2778 2431 Ecce
2823 2378 3074 2446 plagatus
3119 2389 3240 2428 sum
3277 2374 3331 2428 in
3375 2373 3558 2443 aliqua

1987 2476 2138 2539 parte
2168 2469 2417 2523 carnium
2462 2483 2730 2533 mearum,
2771 2474 2826 2521 ct
2871 2479 3134 2536 percussa
3165 2478 3298 2520 caro
3328 2464 3555 2519 cicatri-

1984 2573 2102 2613 cem
2144 2558 2442 2622 contraxit,
2473 2566 2528 2612 et
2573 2557 2628 2611 in
2667 2555 2926 2612 cicatrice
2966 2554 3147 2609 factus
3191 2561 3279 2609 est
3303 2553 3554 2608 vermis:

1987 2650 2112 2720 quis
2144 2649 2310 2720 igitur
2345 2649 2524 2718 ipsum
2558 2647 2880 2716 plasmavit?
2903 2646 2998 2702 Dic
3025 2647 3152 2717 ipsi,
3195 2657 3254 2702 ut
3301 2646 3560 2718 praedixi-

1990 2755 2131 2806 mus,
2155 2738 2413 2810 quoniam
2443 2745 2568 2810 post
2589 2738 2822 2809 primam
2838 2737 3238 2793 hebdomadam
3265 2737 3559 2793 creationis

1989 2829 2180 2885 mundi
2207 2844 2316 2884 non
2353 2829 2662 2884 invenimus
2707 2827 3072 2898 quodcunque
3105 2827 3426 2897 aliquando,
3474 2826 3561 2880 vel

1987 2921 2347 2990 plasmantem
2380 2919 2678 2986 hominem,
2704 2920 2788 2974 vel
2815 2919 3108 2974 formatum
3133 2936 3147 2984 ;
3169 2918 3265 2974 sed
3289 2924 3562 2988 praecepto

312 2983 446 3081 λειν.
507 2989 643 3044 Τότε
701 2987 794 3047 οὖν
835 2995 930 3048 καὶ
965 2997 999 3066 ἡ
1064 2996 1202 3068 σὰρξ
1239 2997 1397 3068 ἡμῶν
1459 3001 1871 3072 κατακριθεῖσα,

2003 2983 2070 3065 iei
2093 3010 2238 3080 quod
2258 3009 2587 3081 praacepitin
2628 2983 2801 3080 prima
2837 3008 3200 3074 hebdomada,
3237 2983 3413 3062 ﬁnivit
3439 2983 3561 3077 qua:

313 3076 502 3154 [μέχρι
519 3083 610 3138 τοῦ
627 3083 742 3158 νῦν]
771 3085 998 3159 φθεῖρας
1017 3087 1112 3142 καὶ
1138 3089 1424 3161 σκώληκας
1447 3091 1745 3148 ἀνατέλλει.

385 3425 452 3490 ζ’.
499 3427 932 3485 ΣΔΡΔΚΗΝΟΣ.
970 3431 1104 3487 Τίνα
1157 3431 1347 3502 λέγετε
1394 3435 1567 3490 αἴτιον
1609 3437 1773 3492 καλοῦ
1821 3457 1879 3493 τε

315 3518 410 3570 καὶ
439 3519 612 3572 κακοῦ
636 3537 651 3585 ;

385 3610 814 3666 ΧΡΙΣΤΙΔΝΟΣ.
842 3611 1066 3669 Πάντων
1084 3615 1193 3671 τῶν
1211 3616 1432 3687 ἀγαθῶν
1461 3616 1656 3691 [αἴτιόν
1679 3620 1880 3693 φαμεν]

313 3699 406 3752 τὸν
429 3699 582 3766 Θεὸν,
602 3702 775 3756 κακοῦ
803 3703 860 3757 δὲ
889 3703 974 3762 οὗ.

319 4070 413 4120 καὶ
448 4067 550 4138 τῆς
573 4067 820 4124 διαϐόλου
839 4073 1194 4144 πανουργίας.

388 4159 638 4215 ΣΑΡΑΚ.
662 4163 837 4232 Χάριν
864 4165 1046 4232 τίνοςς

383 4252 607 4307 ΧΡΙΣΤ.
633 4254 734 4307 Διὰ
763 4255 824 4308 τὸ
846 4256 1212 4324 αὐτεξούσιον.

384 4341 636 4398 ΣΑΡΑΚ.
663 4344 729 4398 Τί
759 4344 881 4414 οὖν;
919 4348 1270 4416 Αὐτεξούσιος
1301 4346 1374 4416 εἴ,
1427 4351 1522 4406 κα)⁸
1573 4351 1674 4405 ὅσα
1707 4352 1883 4418 θέλεις
1911 4330 1956 4390 ε

316 4431 543 4486 δύνασαι
573 4439 745 4490 ποιεῖν
765 4454 781 4503 ;

388 4523 612 4578 ΧΡΙΣΤ.
644 4527 972 4599 Πέπλασμαι
1001 4529 1107 4582 ὑπὸ
1141 4527 1278 4583 Θεοῦ
1309 4529 1676 4596 αὑτεξούσιος.

392 4617 641 4671 ΣΑΡΑΚ.
661 4618 784 4690 [Διὰ
802 4620 857 4674 τί
882 4619 922 4692 ;]

389 4707 616 4762 ΧΡΙΣΤ.
651 4710 732 4763 Τὰ
760 4710 902 4764 καλὰ
943 4714 1045 4782 μὲν
1087 4713 1362 4784 πράττων,
1389 4713 1448 4767 οὐ
1478 4713 1750 4785 φοϐοῦμαι
1795 4718 1887 4770 τὸν

313 4802 502 4872 νόμον,
530 4803 669 4858 ἀλλὰ
689 4805 1064 4878 καὶτιμῶμαι,
1083 4805 1455 4878 καὶέλεοῦμαι
1486 4807 1591 4862 ὑπὸ
1618 4807 1713 4862 τοῦ
1729 4808 1885 4864 Θεοῦ.

330 4897 562 4967 Ὁμοίως
596 4897 692 4952 καὶ
715 4900 746 4952 ὁ
762 4901 1009 4965 διάϐολος

325 4987 627 5059 ἡμάρτηκε,
653 4990 748 5044 καὶ
773 4993 801 5046 ὁ
821 4991 952 5056 Θεὸς
992 4992 1089 5061 τῆς
1130 4993 1267 5058 ίδίας
1300 4995 1506 5061 τάξεως
1535 4994 1768 5062 ἐξέωσεν
1791 4997 1888 5050 αὑ-

1980 3099 2136 3158 ﬁunt.
2167 3099 2299 3158 Post
2332 3101 2820 3171 transgressionem
2864 3109 3040 3154 autem
3075 3099 3434 3154 condemnata
3474 3106 3560 3153 est

1981 3197 2124 3244 terra
2156 3192 2341 3261 spinas
2363 3199 2417 3246 et
2445 3191 2682 3246 tribulos
2707 3189 3014 3260 germinare
3041 3191 3082 3242 ’.
3115 3188 3269 3242 Tunc
3295 3189 3483 3257 utique
3503 3195 3559 3242 et

1979 3297 2111 3338 caro
2150 3290 2339 3338 nostra
2369 3282 2756 3347 condemnata,
2786 3296 2961 3352 usque
2999 3280 3158 3336 hodie
3189 3279 3472 3350 pediculos
3501 3287 3560 3333 et

1981 3386 2196 3428 vermes
2225 3371 2513 3442 germinat.

2055 3462 2107 3516 7.
2144 3459 2573 3517 SARACENUS.
2606 3470 2779 3528 Quam
2808 3460 2994 3517 dicitis
3025 3461 3070 3491 ¹⁹
3106 3472 3328 3513 causam
3359 3456 3485 3510 mali
3503 3465 3559 3511 et

1983 3551 2152 3608 boni?
3426 3615 3435 3625 .

2049 3639 2538 3698 CHRISTIANUS.
2589 3639 2848 3696 Omnium
2902 3639 3172 3695 bonorum
3216 3639 3390 3692 aimus
3424 3649 3556 3696 cau-

1985 3749 2100 3789 sam
2134 3733 2324 3798 Deum,
2351 3733 2477 3787 mali
2505 3741 2684 3788 autem
2723 3730 2860 3785 nihil
2887 3730 2939 3784 h.
3633 3706 3655 3733 ⁸

2058 3820 2303 3878 SARAC.
2335 3821 2510 3888 Quam
2538 3817 2680 3876 dicis
2711 3831 2938 3874 causam
2965 3815 3136 3872 mali?

2057 3999 2336 4060 CHRIST.
2369 4001 2415 4055 Α
2441 4000 2716 4071 sententia
2739 3997 3025 4055 diabolum
3059 3997 3414 4054 exsistentem
3438 4009 3559 4050 ma.

1987 4092 2248 4150 niiestum
2278 4099 2333 4148 et
2364 4107 2467 4147 nos
2500 4090 2751 4146 homines
2786 4091 2831 4144 ί.

2061 4183 2308 4240 SARAC.
2332 4183 2567 4254 Propter
2599 4183 2733 4253 quid
2757 4184 2780 4235 ?

2059 4275 2334 4332 CHRIST.
2369 4274 2599 4345 Propter
2630 4275 2861 4328 liberum
2890 4273 3205 4328 arbitrium.

2063 4365 2304 4422 SARAC.
2355 4365 2497 4432 Quid
2548 4365 2757 4436 igitur?
2805 4363 3064 4419 Liberum
3102 4363 3391 4419 arbitrium
3427 4361 3475 4428 i,
3506 4371 3563 4419 ct

1987 4455 2248 4526 quoniam
2273 4470 2612 4526 quaecunque
2637 4454 2719 4510 vis
2746 4453 2960 4510 facere?

2056 4544 2333 4602 CHRIST.
2365 4545 2679 4603 Plasmatus
2707 4560 2827 4602 sum
2864 4561 2895 4600 a
2922 4544 3032 4600 Deo
3062 4545 3200 4601 liber
3231 4545 3484 4601 arbitrio.

2059 4635 2306 4692 SARAC.
2335 4635 2568 4708 Propter
2595 4637 2724 4708 quid
2746 4637 2774 4677 ¹ι
2799 4636 2823 4690 ?

2057 4725 2333 4784 CHRIST.
2375 4726 2513 4784 Male
2547 4727 2728 4783 facere
2760 4736 2815 4783 et
2847 4727 3221 4793 benefacere,
3277 4728 3424 4797 quod
3479 4736 3566 4783 est

1989 4822 2192 4877 bonum
2239 4828 2294 4876 et
2340 4820 2568 4874 malum.
2622 4817 2810 4874 Gratia
2845 4818 3012 4888 hujus
3043 4819 3186 4872 mala
3215 4818 3438 4889 quidem
3488 4818 3568 4872 fa-

1794 4908 1890 4962 καὶ
1989 4913 2158 4978 ciens,
2195 4913 2397 4982 punior
2428 4926 2458 4965 a
2488 4912 2607 4981 lege
2632 4909 2726 4965 Dei
2753 4929 2765 4965 :
2793 4909 2938 4966 bona
2963 4919 3144 4965 autem
3168 4925 3430 4981 operans,
3456 4925 3563 4963 non

1990 5004 2157 5060 timeo
2193 5004 2390 5076 legem,
2439 5003 2532 5059 sed
2580 5001 2748 5075 468
2775 5009 2831 5056 et
2875 5003 3142 5070 honoror,
3172 5011 3224 5058 et
3260 5001 3566 5057 miscricor-

386 5145 407 5176 "
436 5144 712 5203 Tlteod.c.
737 5147 828 5204 57.
901 5149 1082 5207 “ibid.
1157 5153 1336 5211 "Gen.
1364 5171 1420 5210 lll
1461 5157 1546 5211 15.
1629 5156 1833 5214 Theod.
1872 5161 1932 5228 ξε.
1965 5160 2053 5214 55.

1606 5315 1833 5371 VARIIE
1871 5316 2276 5376 LECTIONES.

394 5473 418 5501 ο
454 5471 670 5536 natura,
701 5465 767 5534 τῇ
793 5463 974 5536 φύσει.
1006 5465 1075 5536 vf
1111 5465 1236 5536 Leg.
1294 5478 1586 5524 externum.

1689 5471 1900 5546 5_chit
1938 5473 2209 5544 interpres
2271 5478 2454 5546 γραφῇ
2511 5475 2622 5529 καὶ.

2726 5476 2750 5514 h
2778 5473 2918 5542 Lege
2945 5493 3066 5530 non.
3152 5477 3168 5515 ί
3201 5475 3323 5530 Haec
3355 5475 3572 5530 absona.

319 5541 446 5613 sunt
473 5540 527 5587 et
556 5533 894 5613 depra.vata.._
920 5533 1114 5613 Melius
1169 5533 1308 5606 apud
1356 5537 1676 5613 Theod.aio
1712 5533 1924 5613 Itocwex
1963 5533 2146 5597 nostra
2185 5533 2594 5606 mam-Eam,
2643 5555 2690 5598 et
2721 5560 2785 5598 ea:
2817 5533 3015 5600 diaboli
3061 5551 3310 5600 tersutia.
3391 5543 3404 5594 i
3448 5543 3572 5598 lmov

320 5609 468 5656 verte
502 5620 518 5656 :
553 5601 730 5684 Liberi
760 5602 970 5685 arbitrii
1009 5622 1085 5670 es,
1115 5617 1163 5661 et
1192 5601 1508 5678 quacunque
1525 5611 1596 5665 vis
1615 5621 1760 5679 potes
1785 5612 1974 5680 facere.
2058 5615 2080 5653 ιι
2113 5616 2237 5669 Ηωρ
2273 5631 2443 5684 usque
2477 5616 2540 5671 ad
2566 5601 2699 5670 bona
2729 5623 2926 5682 autem,
2958 5617 3155 5672 desunt
3186 5616 3326 5685 apud
3347 5613 3558 5671 Theod.

324 5673 639 5728 necessario
663 5673 982 5743 supplenda.
