3980 6140
470 233 609 301 1591

1648 241 2055 304 5.10mle
2092 240 2523 306 DAMASCENI
2616 202 2618 204 V

3612 239 3753 305 1592

467 362 614 417 diam
643 379 672 417 a
698 363 807 420 Deo
831 379 1164 439 consequor.
1189 365 1455 426 Similiter
1475 378 1529 426 et
1543 371 1794 428 diabolus
1815 373 2051 443 primum

2175 375 2252 429 τόν
2271 392 2286 408 ο
2316 375 2432 429 ἀλλ’
2462 377 2594 439 ἴσως
2643 378 2890 448 ἀντερεῖς
2936 394 3048 448 μοι,
3079 376 3305 451 [οὑτωσὶ
3336 373 3581 446 λέγων,]
3622 376 3753 430 ποῖά

469 453 750 510 hominem
783 455 999 528 decepit
1029 474 1126 530 per
1160 457 1394 517 liberum
1427 464 1741 530 arbitrium,
1767 475 1824 520 et
1851 478 2048 534 pecca-

468 546 570 600 vit.
602 546 668 600 Et
699 547 844 603 Deus
876 549 1098 620 propria
1132 553 1370 610 statione
1397 549 1416 593 ¹
1459 555 1671 625 expulit
1702 555 2050 626 ipsum.oSed

468 644 593 691 orte
617 647 672 692 et
703 638 858 696 dices
892 652 932 680 ιιι
967 642 1126 711 mihi,
1154 643 1227 699 ita
1253 645 1445 704 dicens
1473 667 1488 703 :
1522 646 1726 714 Qualia
1757 657 1888 704 sunt
1917 663 2040 718 qua:

467 725 613 782 dicis
639 728 781 783 bona
813 739 867 786 et
889 733 1074 787 mala?
1958 732 1960 734 ’

543 811 795 909 SARAC.
817 820 959 880 Ecce
981 825 1065 881 sol
1088 836 1144 882 et
1172 827 1303 882 luna
1329 838 1383 884 et
1405 828 1562 885 stella
1593 829 1736 886 bona
1767 838 1935 887 sunt:
1966 830 2052 888 fac

471 918 640 960 unum
672 923 737 964 ex
771 909 880 967 his.

547 997 824 1086 CllltIS'l‘.
881 1001 1001 1058 Non
1058 1005 1234 1077 gratia
1285 1006 1454 1078 huius
1515 1009 1641 1066 dico
1710 1013 1806 1069 tibi
1851 1033 1864 1069 :
1922 1015 2053 1086 quia

474 1085 781 1146 secundum
844 1091 1128 1150 hominem
1196 1112 1397 1168 operor
1453 1099 1655 1156 bonum
1718 1113 1772 1160 et
1826 1085 2050 1172 malum,

476 1177 618 1236 bona
680 1179 942 1253 quidem,
1011 1181 1413 1257 gloriﬁcatione
1479 1189 1619 1257 Dei,
1677 1203 1731 1248 et
1783 1196 2052 1260 oratione,

473 1279 532 1328 et
591 1275 960 1348 eleemosyna,
1022 1287 1076 1334 et
1143 1281 1418 1336 similibus
1482 1283 1569 1339 his
1628 1283 1796 1356 [mala
1845 1293 2051 1351 autem,

475 1361 848 1424 fornicatione
882 1378 936 1424 et
970 1369 1171 1443 furto].
1217 1371 1272 1428 Si
1316 1383 1498 1430 autem
1532 1375 1670 1432 dicis
1717 1385 1774 1432 tu
1828 1379 1968 1436 bona
2003 1388 2056 1434 et

476 1459 622 1512 mala
659 1474 723 1514 ex
761 1468 1034 1532 praecepto
1089 1463 1185 1517 Dei
1234 1479 1357 1519 esse
1382 1506 1398 1533 ,
1438 1467 1748 1522 invenietur
1784 1469 1930 1524 Deus
1959 1469 2056 1522 ad-

474 1567 672 1608 versus
709 1561 762 1607 te
796 1563 822 1590 ιι
851 1553 1115 1624 injustus,
1142 1556 1287 1624 quod
1317 1572 1424 1612 non
1455 1569 1558 1614 est.
1578 1558 1718 1626 Quia
1745 1561 1888 1615 enim
1912 1559 2056 1616 Deus

477 1640 742 1711 praecepit
773 1648 799 1677 °
857 1642 1246 1700 fornicatorem
1301 1645 1589 1715 fornicari,
1625 1657 1681 1703 et
1728 1649 2055 1704 homicidam

477 1731 755 1798 occidere,
789 1741 844 1788 et
875 1732 1049 1789 furem
1087 1735 1282 1804 furari,
1313 1738 1460 1809 digni
1500 1748 1631 1793 sunt
1675 1739 1882 1794 honore
1916 1757 1930 1793 :
1965 1754 2058 1794 νο·
2091 1716 2131 1770 Β

477 1820 742 1879 luntatem
767 1824 913 1879 enim
945 1824 1037 1880 Dei
1071 1825 1340 1883 fecerunt.
1377 1825 1731 1883 lnvenientur
1779 1837 1963 1883 autem
2005 1836 2062 1883 et

479 1913 617 1984 legis
672 1913 952 1983 positores
988 1916 1301 1980 mendaces,
1334 1923 1389 1971 et
1446 1917 1571 1972 libri
1632 1917 1710 1971 tui
1766 1917 2062 1973 mendaces

479 2005 784 2075 conscripti
824 2017 893 2060 P:
936 2009 1064 2077 quia
1099 2007 1422 2077 praecipiunt
1451 2023 1554 2064 nos
1591 2007 1983 2062 fornicatorem
2009 2015 2064 2063 et

482 2093 656 2149 furem
699 2095 998 2168 ﬂagellarc,
1027 2107 1080 2153 et
1116 2097 1454 2152 homicidam
1489 2099 1748 2155 occidere
1773 2117 1785 2153 :
1810 2101 2064 2156 volunta-

481 2193 589 2241 tem
629 2188 774 2241 enim
808 2187 902 2243 Dei
940 2188 1215 2244 fceerunt.

554 2275 802 2334 SARAC.
834 2278 992 2346 Quis,
1025 2281 1121 2346 ait,
1153 2281 1355 2336 format
1388 2281 1529 2338 fetus
1560 2283 1614 2337 in
1647 2292 1840 2338 ventre
1862 2284 2062 2337 mulie-

483 2370 647 2423 rum?
679 2368 794 2424 Hoc
845 2383 1158 2442 proponunt
1207 2371 1277 2427 ad
1326 2389 1428 2427 nos
1457 2374 1760 2444 problema,
1792 2375 2068 2445 potentius

483 2457 732 2514 volentes
757 2461 1052 2516 ostendere
1083 2461 1252 2517 Deum
1273 2478 1396 2518 esse
1418 2477 1644 2519 causam
1682 2463 1976 2519 malorum.
2009 2461 2066 2517 Si

481 2549 631 2604 enim
655 2552 994 2622 respondeas
1023 2553 1234 2621 dicens,
1269 2553 1536 2620 Quoniam
1571 2555 1714 2610 Deus
1750 2556 1949 2608 format
1985 2554 2066 2609 fe-

486 2650 574 2696 tus
603 2640 660 2695 in
688 2653 876 2696 ventre
898 2644 1214 2708 mulierum,
1237 2645 1383 2699 dicet
1405 2645 1504 2700 tibi
1539 2645 1853 2700 Saracenus
1883 2661 1895 2696 :
1925 2645 2069 2699 Ecce

485 2729 631 2784 Dens
661 2739 992 2801 coaperator
1021 2739 1106 2787 est
1138 2732 1540 2788 fornicatorum
1569 2744 1623 2788 et
1668 2735 2069 2789 adulterorum.

485 2819 834 2876 Chrisﬁanus
865 2822 946 2877 sic
991 2824 1296 2894 respondet
1326 2843 1338 2878 :
1370 2823 1725 2894 Nequaquam
1756 2825 2070 2880 invenimus

487 2917 611 2977 post
655 2909 888 2978 primam
918 2909 1322 2966 hebdomadam
1354 2912 1831 2967 mundiﬂcationis
1856 2923 1884 2962 (ι
1915 2911 2068 2967 Scri-

487 3004 708 3066 pturam
742 2996 1018 3054 dicentem
1073 2999 1348 3069 plasmare
1395 2999 1569 3056 Deum
1613 3011 1705 3056 aut
1744 3016 1933 3058 creare
1966 3002 2064 3057 ali-

2155 469 2262 522 εἰσι
2290 468 2432 523 καλά
2463 469 2556 524 καὶ
2578 469 2726 524 κακά
2755 484 2771 534 ;

2228 817 2479 873 ΣΑΡΑΚ.
2539 817 2668 872 Ἰδοὺ
2714 820 2744 872 6
2794 820 2982 889 ἥλιος,
3035 821 3132 874 καὶ
3187 819 3222 891 ἡ
3274 818 3502 888 σελήνη,
3563 817 3669 870 καὶ
3710 818 3758 869 ol

2157 906 2388 980 ἀστέρες
2409 904 2552 964 καλά
2570 910 2676 962 εισι
2691 927 2704 940 ·
2727 909 2852 980 ποίη
2862 927 2950 964 σον
2976 909 3034 962 ἓν
3055 912 3118 964 ἐκ
3138 909 3364 964 τούτων.

2230 995 2452 1055 ΧΡΙΣΤ.
2475 998 2575 1072 [Οὐ
2599 999 2787 1054 τούτου
2817 1000 2997 1073 χάριν]
3030 1001 3173 1070 λέγω
3224 1019 3306 1056 σοι
3333 1018 3345 1030 ·
3393 1003 3482 1056 ὅτι
3513 1002 3674 1055 κατά
3700 1002 3759 1054 τὸ

2160 1086 2501 1158 ἀνθρώπινον
2557 1088 2865 1160 ἐργάζομαι
2913 1089 3054 1142 καλά
3086 1092 3180 1144 καὶ
3237 1091 3417 1145 κακά·
3447 1091 3607 1144 καλά
3635 1090 3754 1160 μὲν,

2158 1179 2440 1255 δοξολογίᾳ
2489 1180 2646 1245 Θεοῦ,
2704 1183 2800 1236 κα)⁵
2850 1185 3150 1254 προσευχῇ,
3216 1184 3313 1236 καὶ
3357 1185 3754 1255 ἐλεημοσύνη,

2161 1275 2254 1326 καὶ
2291 1275 2406 1336 τοῖς
2442 1271 2738 1336 τοιούτοις·
2795 1273 2944 1327 κακά
2992 1274 3070 1340 δὲ,
3108 1274 3334 1346 πορνείᾳ
3384 1277 3486 1328 καὶ
3521 1276 3754 1346 κλεψίᾳ.

2163 1365 2225 1418 El
2244 1365 2299 1418 δὲ
2327 1365 2505 1432 λέγεις
2528 1367 2590 1418 σὺ
2619 1365 2757 1418 καλά
2799 1367 2894 1418 καὶ
2940 1366 3084 1419 κακά
3115 1367 3178 1418 ὲκ
3211 1365 3331 1437 [τῆς
3359 1365 3626 1439 ἐντολῆς]
3663 1367 3754 1420 τοῦ

2161 1455 2298 1509 Θεοῦ
2336 1449 2496 1523 εἷναι,
2531 1456 2884 1534 εὑρεθήσεται
2912 1459 3054 1513 κατά
3071 1475 3130 1511 σε
3159 1459 3344 1522 ἄδικος
3366 1459 3395 1510 6
3418 1458 3590 1524 Θεὸς,
3621 1461 3756 1530 ὅπερ

2161 1548 2260 1602 οὐκ
2279 1547 2449 1603 ἐστιν.
2499 1548 2652 1602 Ἐπεὶ
2679 1548 2788 1620 γάρ
2808 1548 2838 1601 6
2871 1547 3005 1613 Θεὸς
3031 1548 3387 1620 προσέταξεν,
3429 1550 3510 1613 ὡς
3565 1551 3638 1603 σὺ
3672 1550 3758 1601 λέ⁸

2163 1658 2300 1710 γεις,
2332 1640 2424 1694 τὸν
2463 1643 2661 1713 πόρνον
2718 1640 3026 1712 πορνεύειν,
3066 1642 3164 1695 καλ⁵
3215 1642 3308 1695 τὸν
3347 1642 3606 1713 κλέπτην
3635 1642 3757 1696 xli-

2161 1751 2336 1797 πτειν,
2373 1732 2468 1786 καὶ
2503 1732 2596 1786 τὸν
2652 1731 2975 1803 ἀνδροφόνον
3019 1733 3388 1804 ἀνδροφονεϊν,
3456 1733 3610 1797 ἄξιοί
3655 1735 3756 1786 εἱσι

2160 1826 2346 1895 τιμῆς,
2374 1825 2456 1877 ὅτι
2486 1825 2546 1878 τὸ
2583 1823 2796 1894 θέλημα
2811 1825 2900 1876 τοῦ
2933 1823 3067 1876 Θεοῦ
3095 1825 3378 1892 ἐποίησαν.
3405 1824 3760 1895 Εὖρεθήσον-

2161 1934 2250 1969 ται
2282 1915 2340 1969 δὲ
2371 1916 2466 1968 καὶ
2515 1917 2565 1968 oi
2593 1914 2884 1986 νομοθέται
2914 1931 3007 1966 σου
3031 1914 3278 1983 ψευδεῖς·
3331 1914 3761 1985 προστάσσουσι

2163 2007 2272 2078 γὰρ
2309 2009 2402 2060 τὸν
2417 2006 2613 2078 πόρνον
2645 2006 2742 2060 καὶ
2779 2005 2870 2059 τὸν
2910 2005 3151 2069 κλέπτην
3190 2004 3498 2074 δαίρεσθαι,
3536 2007 3642 2058 καί
3671 2006 3762 2058 τὸν

2163 2099 2488 2169 ἀνδροφόθον
2543 2097 2975 2167 ἀποκτανθῆναι,
3037 2097 3373 2166 ποιήσαντας
3421 2096 3489 2150 τὸ
3540 2097 3763 2167 θέλημα

2163 2193 2258 2261 τοῦ
2291 2191 2446 2245 Θεοῦ.

2239 2284 2489 2336 ΣΔΡΑΚ.
2520 2281 2639 2346 Τίς,
2669 2281 2836 2352 φησὶ,
2862 2279 3087 2334 πλάττει
3125 2279 3193 2332 τὰ
3235 2278 3412 2350 βρέφη
3443 2281 3505 2332 tv
3524 2279 3762 2342 κοιλίαις

2167 2377 2276 2430 τῶν
2307 2376 2592 2446 μητέρων;
2811 2373 3054 2436 θέλοντες
3093 2372 3266 2438 δεῖξαι
3291 2372 3386 2425 τὸν
3409 2372 3554 2425 Θεὸν
3589 2374 3761 2425 αἴτιον

2166 2480 2261 2515 του
2285 2478 2480 2516 κακον.

2679 2723 2810 2778 ’1δοῦ
2853 2720 3112 2793 συνεργός
3165 2723 3283 2774 ἐστι
3336 2716 3417 2791 τῷ
3450 2721 3649 2792 πόρνῳ
3671 2719 3763 2775 καὶ

2173 2817 2250 2891 τῷ
2297 2804 2472 2890 μοιχῷ
2531 2819 2559 2872 6
2617 2817 2770 2881 Θεός.
2814 2854 2830 2870 .
2875 2856 2889 2871 .
2933 2853 2950 2869 .
3029 2855 3044 2870 .
3087 2813 3358 2883 Οὐδαμῶς
3419 2814 3766 2884 εὑρίσκομεν

2179 2911 2318 2983 μετά
2351 2911 2450 2980 τὴν
2481 2908 2704 2980 πρώτην
2749 2905 3018 2978 ἑϐδομάδα
3065 2907 3186 2979 [τῆς
3233 2906 3639 2978 κοσμοποιίας]
3671 2907 3769 2976 τὴν

2175 3002 2401 3074 Γραφὴν
2433 3000 2700 3069 λέγουσαν
2740 2997 3133 3074 πλάττεινΔτὺν
3171 2993 3327 3068 Θερν,
3363 2997 3398 3068 ἢ
3443 2997 3668 3061 κτίζειν
3693 3014 3763 3050 τι.

491 3053 644 3158 quid.
673 3088 731 3144 Si
771 3099 950 3146 autem
977 3053 1302 3147 dubitasan
1326 3053 1465 3158 hoc,
1486 3053 1729 3149 ostende

2305 3053 2626 3164 ,δένάπορεῖς
2645 3053 2651 3054 7
2672 3092 2810 3162 πρὸς
2838 3071 3022 3157 τοῦτο,
3049 3092 3220 3157 δεῖξον
3241 3053 3493 3158 ’πλάσμα
3523 3053 3572 3159 ἢὲ
3588 3091 3768 3142 κτίσιν

489 3181 576 3236 vel
615 3191 930 3238 creaturam
967 3185 1414 3254 qualemcunque
1454 3193 1576 3255 post
1604 3187 1840 3255 primam
1866 3185 2076 3241 hebdo-

491 3274 710 3328 madam
741 3272 940 3330 factam
969 3289 998 3329 a
1024 3275 1171 3330 Deo:
1204 3277 1297 3331 sed
1323 3285 1504 3332 tamen
1525 3292 1635 3331 non
1658 3287 1836 3347 potest
1858 3279 2074 3334 ostendi

494 3365 616 3419 hoc.
646 3365 848 3421 Omnes
886 3365 1033 3420 enim
1069 3366 1314 3422 visibiles
1337 3377 1604 3422 creaturae
1639 3370 1693 3421 in
1724 3369 1902 3438 prima
1941 3369 2074 3423 heb-

491 3455 728 3511 domada
763 3455 922 3511 facta;
946 3463 1099 3511 sunt.
1131 3455 1413 3513 Formavit
1439 3459 1587 3514 enim
1622 3458 1767 3514 Deus
1798 3459 2072 3514 hominem

493 3549 550 3604 in
583 3549 759 3618 prima
785 3549 1152 3616 hebdomada,
1191 3559 1246 3605 et
1277 3551 1537 3620 praecepit
1570 3551 1750 3621 ipsum
1779 3565 2072 3620 generare,

491 3648 547 3695 et
578 3641 855 3711 generari,
901 3641 1092 3697 dicens
1124 3658 1138 3696 :
1192 3660 1210 3694 ι
1251 3641 1500 3698 Crescite
1537 3650 1593 3697 et
1632 3642 2076 3712 multiplicamini

493 3741 551 3788 et
575 3735 782 3804 replete
808 3741 1014 3790 terram
1045 3735 1108 3790 “.
1134 3752 1152 3786 ι
1185 3733 1251 3787 Et
1275 3734 1404 3804 quia
1439 3733 1741 3788 animatum
1760 3748 1859 3788 ens
1889 3735 2074 3799 homo,

497 3821 802 3874 animatum
837 3837 1026 3877 semen
1060 3830 1082 3860 π
1121 3821 1357 3886 habens,
1407 3821 1463 3874 in
1508 3823 1730 3890 propria
1766 3833 1938 3876 uxore
1987 3834 2078 3876 se-

498 3926 624 3966 men
683 3911 1065 3980 repullulavit.
1093 3911 1278 3977 Quare
1313 3911 1478 3966 homo
1505 3911 1784 3965 hominem
1830 3917 2075 3982 generat,

497 4000 961 4073 quemadmodum
1016 4000 1204 4055 divina
1253 4001 1540 4069 Scriptura
1571 4003 1687 4056 ait:
1721 4009 1740 4054 ι
1781 4001 1953 4056 Adam
1988 4016 2081 4072 ge-

499 4094 623 4149 nuit
661 4091 818 4159 Seth,
849 4101 908 4154 et
955 4091 1087 4148 Setb
1130 4095 1320 4162 genuit
1371 4091 1543 4152 Enos.
1591 4100 1648 4146 et
1693 4091 1842 4147 Enos
1889 4092 2080 4162 genuit

500 4187 730 4252 Cainan,
758 4195 812 4240 et
835 4186 1044 4241 Cainan
1077 4184 1268 4255 genuit
1319 4173 1564 4244 Melaleel
1588 4184 1654 4248 ι’,
1695 4201 1713 4234 ι
1748 4189 1802 4238 et
1835 4198 1955 4253 quae
1990 4199 2080 4239 se-

501 4286 770 4346 quuntur.
816 4275 882 4330 Et
921 4291 1030 4330 non
1061 4275 1220 4338 dixit,
1251 4272 1394 4330 Deus
1421 4274 1712 4345 plasmavit
1732 4273 1886 4340 Seth,
1912 4273 2076 4341 Enos,

2175 3184 2513 3240 οἱαντιναοῦν
2567 3184 2704 3255 μετά
2753 3183 2855 3254 τὴν
2890 3183 3112 3256 πρώτην
3143 3182 3412 3253 ἑϐδομάδα
3451 3181 3767 3251 γεγενημέ-

2175 3294 2272 3348 νην
2291 3277 2395 3330 ὐπὸ
2412 3274 2506 3329 τοῦ
2521 3275 2677 3341 Θεοῦ,
2697 3275 2834 3330 ἀλλά
2853 3275 2917 3345 δὴ
2933 3274 3313 3344 ἀποδειχθῆναι
3334 3271 3500 3326 τοῦτο
3522 3274 3584 3325 οὐ
3607 3271 3767 3326 δύνα-

2173 3366 2313 3439 ται.]
2364 3368 2549 3421 Πάντα
2571 3367 2680 3437 γὰρ
2731 3367 2800 3421 τά
2828 3365 3001 3438 ὁρατά
3032 3365 3331 3436 κτίσματα,
3367 3365 3424 3416 tv
3467 3366 3538 3434 τῇ
3568 3363 3766 3434 πρώτη

2176 3457 2432 3528 έὸδομάδι
2471 3457 2788 3528 γεγένηται.
2820 3456 3099 3510 Ἔπλασεν
3138 3455 3248 3527 γὰρ
3297 3456 3325 3506 6
3356 3454 3493 3518 Θεὸς
3532 3453 3631 3507 τὸν
3676 3453 3768 3508 ἀν-

2176 3549 2396 3618 θρωπον
2423 3551 2492 3618 τῇ
2549 3547 2745 3620 πρώτῃ
2783 3546 3060 3618 ἑὸδομάδι,
3093 3547 3187 3600 καὶ
3227 3544 3570 3615 προσέταξεν
3602 3543 3766 3598 αὑτὸν

2175 3643 2372 3713 γεννᾷν
2401 3641 2496 3695 καὶ
2527 3639 2842 3709 γεννᾶσθαι,
2874 3637 3045 3692 εἰπών
3068 3654 3081 3668 ·
3122 3658 3139 3692 ι
3163 3635 3477 3701 Δὺξάνεσθε
3501 3637 3602 3689 καὶ
3624 3637 3763 3707 πληο

2177 3731 2399 3786 θύνεσθε
2429 3731 2526 3784 καὶ¹
2562 3730 2892 3802 πληρώσατε
2923 3730 3022 3801 τὴν
3047 3729 3174 3798 γῆν.
3213 3747 3232 3780 ι
3266 3726 3378 3780 Καὶ
3406 3728 3491 3780 ὅτι
3519 3727 3765 3796 ἔμψυχος

2175 3818 2244 3894 ἦν
2273 3826 2301 3877 6
2328 3820 2636 3894 ἄνθρωπος,
2671 3820 2912 3892 ἔμψυχον
2970 3820 3196 3891 σπέρμα
3243 3819 3405 3890 ἔχων,
3435 3819 3496 3870 tv
3540 3821 3610 3887 τῇ
3660 3817 3764 3885 ἰδίᾳ

2177 3913 2404 3985 γυναικὶ
2427 3912 2651 3984 σπέρμα
2680 3910 2974 3980 ἀνέφυσεν.
3013 3910 3176 3965 Ὥστε
3205 3908 3492 3978 ἄνθρωπος
3525 3907 3760 3979 [ἀνθρωο

2133 3997 2146 4006 ”
2179 4003 2305 4077 πον]
2345 4003 2530 4074 γεννᾷ,
2558 4001 2704 4056 καθά
2761 4017 2895 4070 φησι
2920 4002 3014 4055 καὶ
3045 4001 3080 4070 ἡ
3125 3999 3244 4053 θεία
3260 3999 3452 4069 Γραφή
3480 4015 3494 4028 ·
3536 4017 3558 4050 ‹
3593 3998 3763 4065 Ἀδὰμ

2180 4096 2442 4166 ἐγέννησε
2471 4093 2561 4148 τὸν
2589 4092 2720 4164 Σὴθ,
2751 4095 2847 4147 καὶ
2873 4091 2978 4162 Σὴθ
3007 4090 3272 4162 ἐγέννησε
3291 4091 3384 4143 τὸν
3426 4087 3599 4152 Ἐνώς
3623 4105 3642 4120 ο
3677 4088 3765 4140 καὶ

2195 4187 2364 4252 Ἐνὼς
2385 4187 2644 4256 ἐγέννησε
2699 4185 2790 4238 τὸν
2823 4185 3031 4239 Καινάν
3055 4199 3070 4213 ο
3100 4183 3195 4236 καὶ
3221 4183 3250 4234 6
3271 4179 3482 4234 Καινάν
3508 4179 3765 4247 ἐγέννησε

2181 4283 2273 4336 τὸν
2318 4279 2630 4351 Μαλαλεὴλ,
2677 4297 2696 4330 ι
2737 4279 2832 4332 καὶ
2890 4278 2960 4332 τὰ
3011 4275 3160 4347 ἑξῆς.
3206 4277 3317 4330 Καὶ
3355 4275 3457 4328 οὐκ
3495 4269 3677 4340 εἶπεν,
3712 4275 3767 4325 Ὀ

500 4371 586 4423 vel
607 4369 776 4422 alium
803 4368 1064 4438 aliquem.
1102 4367 1169 4422 Et
1196 4367 1326 4422 hinc
1365 4369 1774 4436 cognoscimus,
1817 4368 2063 4436 quoniam

2184 4373 2316 4437 Θεὸς
2353 4371 2557 4425 ἔπλασε
2623 4369 2716 4423 τὸν
2748 4369 2879 4440 Σὴθ,
2909 4369 2943 4440 ἢ
2973 4369 3065 4422 τὸν
3121 4368 3310 4432 Ἐνὼς,
3344 4367 3380 4438 ἢ
3418 4367 3583 4420 ἀλλον
3626 4367 3766 4420 τινὰ.

501 4467 857 4525 generantur,
881 4467 936 4513 et
964 4463 1232 4528 generant
1261 4471 1437 4524 usque
1485 4453 1552 4509 ad
1605 4470 1887 4526 praesens;
1915 4464 1968 4511 et
2000 4455 2063 4509 Sit

2190 4464 2327 4538 [Καὶ
2364 4461 2615 4516 ἐντεῦθεν
2667 4459 3033 4530 γινώσκομεν,
3067 4459 3152 4512 ὅτι
3182 4457 3485 4528 γεννῶνται
3514 4458 3616 4512 καὶ
3649 4473 3768 4525 γενο

502 4550 683 4617 gratia
721 4548 818 4604 Dei
870 4548 1111 4604 mundus
1140 4548 1483 4603 constitutus
1518 4555 1605 4602 est
1634 4564 1650 4604 :
1679 4547 1807 4617 quia
1838 4549 1983 4603 enim
2013 4563 2063 4603 ei

2188 4557 2321 4611 νῶσι
2389 4554 2552 4626 μέχρι
2604 4553 2700 4606 τοῦ
2747 4552 2883 4605 νῦνο
2935 4553 3029 4605 καὶ
3088 4550 3232 4604 οὕτω
3273 4550 3460 4621 χάριτι
3497 4546 3600 4602 τοῦ
3637 4546 3765 4601 Θεοῦ

504 4651 636 4694 tunc
691 4641 872 4696 omnis
925 4641 1094 4695 herba
1147 4647 1375 4711 generat
1429 4647 1485 4694 et
1550 4647 1900 4707 generatur:
1944 4640 2055 4695 dixi

2191 4647 2394 4716 κόσμος
2415 4644 2766 4714 συνέστηκεν,
2807 4642 2890 4696 ὅτι
2941 4641 3048 4695 ἀπὸ
3093 4641 3216 4694 τότε
3247 4641 3355 4702 πᾶς
3381 4639 3581 4710 χόρτος
3610 4637 3768 4705 γεννᾷ

502 4730 651 4784 enim
685 4728 868 4786 Deus:
907 4747 925 4782 ι
962 4728 1245 4786 Germinet
1277 4736 1426 4783 terra
1457 4727 1687 4785 herbam
1729 4727 1840 4793 feni
1865 4729 1936 4795 ¹³;
1975 4746 1993 4778 ι
2031 4742 2062 4782 e

2191 4739 2286 4792 καὶ
2319 4737 2577 4804 γεννᾶται
2597 4752 2610 4766 ·
2631 4730 2753 4787 εἷπε
2773 4733 2883 4803 γὰρ
2911 4735 2939 4787 6
2963 4732 3098 4797 Θεὸς
3197 4750 3215 4782 ι
3234 4729 3611 4799 Βλαστησάτω
3638 4731 3671 4798 ἠ
3699 4729 3764 4796 γῆ

506 4829 777 4891 praecepto
807 4819 899 4874 Dei
937 4820 1262 4891 germinavit
1288 4833 1632 4888 unaquaque
1661 4819 1824 4874 arbor
1854 4838 1868 4872 :
1894 4819 2063 4875 simili

2194 4827 2425 4897 βοτάνην
2447 4826 2640 4898 χόρτου
2663 4841 2676 4856 ·
2708 4843 2726 4876 ι
2759 4825 2855 4878 καὶ
2884 4823 3270 4893 προστάγματι
3297 4819 3393 4873 τοῦ
3422 4819 3562 4873 Θεοῦ
3591 4817 3770 4890 [ὲὸλά-

511 4927 595 4972 tcr
635 4919 691 4966 et
736 4912 930 4974 herba,
967 4920 1022 4966 et
1066 4914 1253 4980 planta
1287 4927 1353 4967 ex
1388 4912 1570 4981 scipsa
1603 4911 1770 4966 habet
1804 4927 1991 4967 semen
2031 4926 2060 4967 e

2195 4930 2394 4984 στησεν
2450 4913 2680 4966 ἕκαστον
2749 4911 2924 4976 ξύλον,
2978 4911 3180 4980 ὁμοίως
3217 4909 3283 4978 δὴ
3331 4911 3428 4963 καὶ
3453 4908 3656 4978 βοτάνη
3681 4908 3768 4959 καὶ

509 5002 832 5075 potentiam.
873 5001 1068 5057 Semen
1095 5014 1274 5057 autem
1326 5003 1509 5059 omnis
1559 5003 1766 5073 planta:
1795 5013 1847 5058 et
1879 5003 2083 5070 herbae,

511 5097 812 5150 animatum
844 5092 989 5164 quod
1029 5101 1134 5158 est,
1182 5093 1235 5145 in
1273 5103 1474 5148 terram
1509 5093 1753 5160 cadens,
1799 5109 1826 5147 a
1876 5097 2082 5165 seipse,

584 5248 628 5284 “
683 5249 822 5307 Gen.
855 5267 896 5318 ι,
925 5250 1013 5306 18.
1096 5249 1137 5281 ¹²
1171 5245 1307 5304 Gen.
1340 5264 1394 5316 v,
1419 5249 1452 5304 ι
1490 5261 1645 5319 seqq.

2195 5004 2382 5074 φυτὸν,
2416 5003 2478 5068 ἐξ
2497 5001 2692 5056 ἑαυτοῦ
2727 5001 2839 5072 ἔχει
2868 5002 3090 5072 σπέρμα
3116 4999 3211 5054 καὶ
3227 4997 3458 5070 δύναμιν
3486 5015 3502 5030 ο
3555 4999 3769 5069 σπέρμα

2193 5098 2248 5152 δὲ
2283 5097 2482 5161 παντὸς
2514 5095 2684 5166 φυτοῦ
2733 5095 2826 5148 καὶ
2863 5094 3089 5165 βοτάνης
3123 5092 3370 5164 ἔμψυχον
3399 5091 3484 5164 ὃν]
3525 5095 3583 5146 ἐν
3605 5095 3675 5162 τῇ
3706 5093 3766 5160 τῇ

1746 5247 1791 5279 ¹³
1840 5247 1977 5305 Gen.
2019 5267 2057 5315 ι,
2102 5252 2188 5306 ll.

1817 5403 2056 5465 VARIAB
2095 5402 2500 5460 LECTIONES.

590 5507 609 5542 ³
639 5517 787 5592 Alias
817 5518 1033 5592 propria
1060 5517 1412 5592 ordinatione.
1444 5591 1447 5592 ν
1491 5532 1530 5561 ω
1560 5521 1699 5592 Lege
1723 5532 1909 5576 contra
1931 5519 2085 5573 dicis.

2189 5526 2216 5554 η
2242 5517 2355 5571 lmo
2383 5518 2663 5571 secundum
2695 5526 2761 5570 te.
2856 5521 2886 5554 ο
2917 5515 3076 5569 Verte
3122 5529 3248 5567 nam
3279 5514 3426 5584 quod
3465 5511 3605 5567 Deus
3626 5527 3768 5580 pm—

513 5589 728 5660 ceperit.
809 5599 833 5637 Ρ
862 5584 1000 5660 Ais,
1026 5588 1263 5642 mendaci
1290 5584 1960 5660 inscriptionepraenotati.
2035 5599 2063 5638 (ι
2091 5589 2143 5660 ld
2169 5596 2251 5642 est
2270 5588 2549 5644 creationis
2575 5587 2778 5642 mundi.
2857 5594 2879 5624 τ
2905 5585 3065 5641 Verte
3083 5599 3150 5638 ex
3180 5584 3474 5639 Abucara:
3498 5584 3766 5637 Animam

522 5670 629 5708 erat
660 5658 830 5722 homo,
865 5659 1154 5712 animalum
1185 5675 1375 5715 semen.

1454 5659 1475 5696 '
1503 5659 1937 5735 Aliaspotestate
1965 5659 2183 5730 propria
2215 5666 2386 5711 utens.
