3970 6156
329 299 467 368 1593

1205 297 1657 362 DISPUTATIO
1695 295 2146 361 CHRISTIANI
2183 291 2278 358 ET
2306 289 2704 357 SARACENI.

3431 276 3571 344 1594

329 415 552 478 πίπτον,
580 408 696 483 [ἀφ’
719 406 936 481 ἑαυτοῦ]
988 407 1021 478 ἢ
1071 409 1168 463 καὶ
1193 409 1298 463 ὑπὸ
1336 409 1496 464 ἄλλου
1532 408 1892 480 σπειρόμενον
1919 457 1924 467 .

2017 407 2078 466 'el
2099 407 2167 465 ab
2194 406 2302 462 alio
2329 405 2684 466 seminatum,
2710 395 3068 469 regerminat,
3099 407 3209 449 non
3238 391 3568 462 plasmatum

327 504 492 559 πάλιν
520 500 828 572 βλαστάνει,
863 499 938 571 μὴ
979 499 1358 572 πλαττῦμενον
1393 501 1499 555 ὑπό
1545 516 1709 566 τινος,
1762 496 1902 554 ἀλλὰ

327 595 406 669 τῷ
435 593 818 666 προστάγματι
839 585 933 644 τοῦ
959 590 1094 644 Θεοῦ
1123 589 1400 645 ὑπακοῦον
1427 607 1440 622 ·
1481 590 1588 644 ἰδοὺ
1618 589 1792 658 κάγὼ,
1821 587 1900 651 ὡς

327 687 423 740 καὶ
444 684 669 758 πρῶτον
691 684 852 754 ἔφην,
876 682 1242 748 “αὺτεξοὺσιος
1277 680 1375 749 ὣν,
1399 682 1534 736 ὅπου
1563 679 1630 736 ἂν
1666 681 1898 750 σπείρω,

330 778 433 832 κᾶν
467 780 547 842 είς
582 776 720 830 ίδίαν
747 777 1005 844 γυναῖκα,
1037 774 1144 828 κᾶν
1199 776 1280 838 είς
1322 773 1639 845 ἀλλοτρίαν,
1684 774 1752 842 τῇ
1793 771 1901 842 ἰδίᾳ

329 865 550 936 ἐξουσίᾳ
604 864 921 936 χρώμενος,
968 861 1365 918 ἁνασλαστάνει
1415 862 1512 916 καὶ
1567 860 1778 929 γίνεται
1821 857 1901 928 τῷ

329 956 538 1028 πρώτῳ
598 940 986 1026 προστάγματι
1038 951 1136 1006 τοῦ
1196 951 1333 1006 Θεοῦ
1390 951 1770 1006 ὕπακούουσα·
1803 951 1902 1020 οὐχ

329 1050 411 1102 δτι
447 1049 546 1101 καὶ
569 1044 666 1101 νῦν
699 1047 822 1102 καθ’
873 1045 1113 1116 ἑκάστην
1171 1045 1386 1118 ἡμέραν
1436 1045 1466 1097 6
1507 1044 1639 1107 Θεὸς
1677 1042 1902 1097 πλάττει

329 1139 426 1193 καὶ
457 1137 792 1208 ἐργάζεται·
845 1137 1036 1208 ἐπειδὴ
1082 1139 1140 1190 ὲν
1173 1140 1242 1209 τῇ
1288 1137 1478 1208 πρώτῃ
1511 1134 1766 1205 έόδομάδι
1798 1151 1902 1186 περ

331 1230 562 1301 ποίηκεν
589 1232 617 1284 6
642 1229 774 1293 Θεὸς
807 1229 900 1283 τὸν
930 1229 1162 1301 οὐρανὸν
1191 1229 1289 1284 καὶ
1319 1229 1420 1300 τὴν
1447 1229 1572 1298 γῆν,
1603 1226 1696 1280 καὶ
1725 1226 1905 1280 πάντα

328 1321 422 1375 τὸν
460 1320 662 1391 κόσμον
679 1320 738 1374 έν
771 1319 1010 1391 ἡμέραις
1043 1319 1129 1384 ἒξ,
1152 1321 1249 1374 καὶ
1279 1322 1346 1391 τῇ
1381 1319 1563 1391 ήμέρᾳ
1602 1319 1668 1389 τῇ
1701 1316 1904 1386 ἑϐδόμῃ

330 1411 678 1466 κατέπαυσεν
699 1411 806 1492 άπὸ
837 1411 1058 1466 πάντων
1074 1411 1184 1465 τῶν
1197 1411 1372 1482 ἔργων
1391 1409 1582 1476 αὑτοῦ,
1606 1403 1680 1463 ὧν
1702 1407 1906 1480 ήρξατο

332 1505 528 1571 ποιεῖν,
554 1503 689 1557 καθά
719 1521 773 1557 τι
803 1503 964 1576 ήὲμὴ
989 1504 1178 1576 Γραφὴ
1215 1506 1505 1575 μαρτυρεῖ.

401 1618 654 1672 ΣΑΡΑΚ.
689 1619 800 1673 Καὶ
832 1617 950 1683 πῶς
992 1635 1159 1689 φησιν
1188 1619 1216 1672 6
1249 1617 1381 1680 Θεὸς
1427 1617 1561 1687 πρὸς
1611 1615 1903 1686 Ἱερεμίαν,

341 1727 359 1760 ι
396 1709 512 1780 Πρὸ
542 1707 639 1762 τοῦ
671 1709 768 1778 μὲν
815 1708 1021 1762 πλάσαι
1056 1723 1117 1760 σε
1161 1709 1219 1761 ὲν
1249 1707 1462 1778 κοιλίᾳ,
1492 1703 1790 1775 ἐπίσταμαί
1819 1721 1900 1770 σε,

333 1800 427 1853 καὶ
450 1801 514 1851 ὲκ
544 1801 756 1872 μήτρας
783 1799 988 1870 ήγίασά
1012 1816 1106 1866 σε;
1141 1817 1160 1849 ι
1197 1796 1463 1871 [Πάντως
1500 1793 1593 1852 οὖν
1631 1797 1688 1850 ἐν
1721 1797 1903 1868 μήτρᾳ

331 1890 589 1948 ιπλασεν.
625 1888 650 1962 ]

403 1982 634 2035 ΧΡΙΣΤ.
693 1981 980 2052 Ἐμψυχον
1038 1980 1134 2035 καὶ
1225 1979 1604 2052 σπερματικὴν
1673 1978 1904 2050 δύναμιν

345 2072 518 2143 ’Δδὰμ
548 2075 606 2126 ὲν
630 2075 696 2142 τῇ
729 2071 906 2143 κοιλίᾳ
930 2071 1098 2142 ἔχων,
1127 2070 1387 2143 ἐγέννησε
1418 2070 1511 2125 τὸν
1541 2071 1648 2142 Σὴθ
1670 2111 1686 2135 ,
1720 2070 1905 2134 καθὼς

334 2161 472 2231 ἔφην
492 2202 507 2226 ,
561 2163 590 2214 6
638 2159 746 2231 Σὴθ
799 2161 892 2214 καὶ
940 2159 1142 2227 Ἐνὼς,
1191 2160 1287 2214 καὶ
1339 2159 1567 2223 ἕκαστος
1620 2159 1905 2232 ἄνθρωπος

336 2255 586 2326 προέχων
616 2257 674 2308 ὲν
719 2257 786 2327 τῇ
832 2255 1013 2327 κοιλίᾳ
1043 2255 1209 2309 αὑτοῦ
1241 2254 1378 2320 υἱὸν,
1406 2253 1503 2308 καὶ
1532 2256 1561 2307 6
1589 2255 1700 2318 υίὸς
1745 2254 1900 2322 ἐγέν-

335 2363 467 2417 νησε
504 2345 713 2417 [μέχρι
759 2345 852 2398 τοῦ
891 2343 1230 2418 παρόντος.]
1275 2345 1349 2398 Τδ
1387 2344 1445 2398 δὲ
1469 2385 1484 2410 ,
1528 2364 1547 2397 ι
1581 2346 1645 2398 ἐκ
1690 2345 1905 2416 μήτρας

334 2436 543 2506 ήγίακά
572 2453 630 2489 σε
653 2477 668 2502 ,
714 2455 734 2490 ι
778 2436 992 2508 [ἐννόει
1025 2436 1242 2506 ἐκείνην
1265 2474 1282 2499 ,
1327 2436 1459 2506 ἥτις
1488 2436 1704 2506 ἀληθῶς
1745 2437 1904 2504 ἐγέν-

337 2544 469 2597 νησε
521 2527 694 2580 τέκνα
742 2526 878 2581 Θεοῦ
926 2525 1071 2580 κατὰ
1115 2525 1214 2596 τὴν
1255 2527 1558 2597 μαρτυρίαν
1602 2525 1698 2579 τοῦ
1744 2525 1900 2594 ἁγίου

336 2617 693 2686 Εὐαγγελίου.
721 2617 743 2691 ]
1361 2647 1364 2649 λ

303 2695 312 2700 ”
405 2706 656 2760 ΣΑΡΑΚ.
715 2706 854 2770 Τοὺς
906 2704 1198 2770 ποιοῦντας
1243 2706 1304 2759 τὸ
1353 2704 1566 2777 Θέλημα
1598 2703 1692 2758 τοῦ
1741 2703 1902 2772 Θεοῦ,

333 2795 532 2860 καλοὺς
557 2796 740 2865 λέγεις
774 2796 807 2868 ἢ
842 2796 1088 2864 κακούς;
1186 2789 1190 2794 “

404 2887 426 2959 ι
454 2885 681 2940 ΧΡΙΣΤ.
715 2887 905 2950 Θέλεις
933 2890 1112 2941 εἰπεῖν
1133 2927 1147 2952 ,
1184 2887 1266 2940 ὅτι
1293 2887 1323 2940 6
1351 2886 1588 2957 Χριστὸς
1625 2886 1777 2940 ἄκων
1806 2885 1907 2938 πέ-

333 2978 564 3044 πονθεν;
605 2979 698 3032 καὶ
723 2979 818 3032 ἐὰν
855 2979 996 3032 είπω
1028 2996 1111 3031 σοι
1140 2979 1338 3041 καλοὺς
1358 3020 1373 3044 ,
1406 2977 1595 3048 φήσεις
1626 2976 1762 3047 πρός
1795 2993 1862 3044 με
1885 2989 1900 3004 ο

2001 498 2071 555 ab
2092 498 2298 568 aliquo,
2319 495 2416 552 sed
2441 497 2717 564 praecepto
2737 487 2832 544 Dei
2862 484 3146 542 obediens.
3179 481 3324 536 Ecce
3359 488 3414 534 et
3447 494 3570 549 ego,

1997 584 2454 660 quemadmodum
2504 581 2892 655 praedicebam,
2949 577 3090 632 liber
3139 572 3374 628 arbitrio
3422 572 3573 627 essi-

1999 689 2172 745 stens,
2193 678 2286 735 ubi
2311 677 2501 747 utique
2521 674 2754 739 semino,
2787 671 2904 728 sive
2925 669 2981 724 in
3010 666 3284 739 propriam
3316 676 3571 728 uxorem,

2001 771 2117 828 sive
2143 770 2199 825 in
2233 769 2488 833 alienam,
2519 767 2694 822 libero
2724 760 2956 818 arbitrio
2992 767 3154 816 utens
3190 770 3239 823 ι,
3272 754 3568 826 germinat,

2000 868 2055 917 et
2090 860 2152 914 ﬁt
2175 866 2447 930 praecepto
2477 857 2570 912 Dei
2601 854 2864 912 obediens
2887 872 2903 909 :
2927 867 3038 908 non
3060 849 3318 922 quoniam
3345 855 3400 902 et
3422 859 3569 900 nunc

2001 952 2304 1008 secundum
2339 962 2782 1020 unamquamque
2811 947 2955 1002 diem
2999 944 3255 1015 plasmat,
3287 947 3341 996 et
3377 951 3572 1009 opera-

2003 1052 2124 1109 tur;
2158 1043 2285 1112 quia
2329 1042 2386 1096 in
2436 1040 2611 1111 prima
2656 1035 2999 1094 hebdomade
3049 1033 3179 1089 fecit
3225 1030 3392 1103 569
3428 1028 3570 1084 Deus

2002 1136 2205 1191 coelum
2234 1142 2289 1190 et
2313 1143 2554 1196 terram,
2585 1137 2641 1187 et
2683 1130 3005 1185 universum
3055 1123 3318 1180 mundum
3367 1123 3423 1176 in
3473 1137 3571 1176 sex

2004 1227 2222 1292 diebus,
2255 1236 2308 1281 et
2329 1226 2420 1280 die
2447 1225 2680 1294 septima
2708 1222 2978 1292 requievit
3004 1219 3072 1275 ab
3105 1218 3363 1272 omnibus
3391 1213 3573 1284 operi-

2005 1319 2109 1374 bus
2129 1317 2252 1389 eius
2274 1331 2395 1387 quae
2425 1315 2629 1386 incepit
2663 1313 2868 1380 facere,
2893 1310 3194 1369 secundum
3231 1306 3379 1378 quod
3417 1305 3570 1360 Scri-

2007 1420 2170 1481 ptura
2205 1416 2439 1464 testatur
2471 1421 2619 1462 mea.

2077 1597 2322 1655 SARAC.
2349 1596 2595 1664 Qualiter
2616 1595 2693 1650 ait
2711 1595 2852 1650 Deus
2877 1593 2945 1649 ad
2971 1590 3266 1648 Jeremiam
3294 1609 3308 1645 :
3333 1610 3352 1644 ι
3381 1589 3575 1646 Prius-

2006 1704 2170 1761 quam
2203 1697 2256 1744 te
2282 1688 2574 1744 formarem
2607 1687 2664 1742 in
2699 1694 2855 1741 utero
2890 1684 3027 1740 scivi
3049 1692 3124 1747 te,
3158 1663 3214 1739 et
3247 1697 3314 1738 ex
3343 1683 3573 1736 matrice

1933 1749 1977 1808 Β
2007 1749 2345 1837 έεηοιίίίοενί
2371 1787 2424 1834 te
2442 1777 2510 1833 “.
2546 1796 2564 1830 ι
2603 1777 2838 1833 Omnino
2888 1774 3055 1846 igitur
3097 1773 3156 1830 in
3211 1781 3402 1827 ventre
3448 1770 3571 1841 pla-

2009 1870 2230 1927 smavit.
3141 1916 3146 1920 .

2077 1959 2354 2017 CHRIST.
2385 1958 2699 2013 Animatam
2747 1963 2805 2012 et
2852 1954 3233 2011 seminativam
3269 1951 3576 2023 potentiam

2006 2053 2178 2109 Adam
2208 2054 2264 2108 in
2293 2057 2487 2109 ventre
2528 2047 2764 2110 habens,
2806 2047 2994 2117 genuit
3025 2046 3182 2110 Seth,
3209 2042 3579 2114 quemadmo-

2006 2146 2138 2201 dum
2165 2144 2420 2200 dicebam
2448 2160 2462 2196 :
2495 2138 2627 2195 Seth
2647 2147 2701 2194 et
2738 2140 2883 2192 Enos
2911 2146 2965 2191 et
2995 2135 3377 2206 unusquisque
3411 2133 3579 2188 homo

2007 2237 2338 2308 preliabens
2391 2233 2446 2287 in
2493 2239 2688 2287 ventre
2721 2244 2882 2303 suum
2919 2227 3113 2291 lilium,
3145 2233 3202 2280 et
3253 2225 3398 2280 illius
3445 2223 3578 2279 item

2005 2326 2217 2398 genuit,
2264 2339 2442 2394 usque
2493 2321 2560 2377 ad
2609 2335 2872 2392 praesens.
2905 2316 3044 2373 Illud
3076 2330 3225 2380 vero,
3260 2333 3281 2368 ι
3311 2330 3379 2370 ex
3411 2321 3578 2369 "utero

2005 2415 2346 2474 sanctilicavi
2370 2422 2446 2480 te,
2485 2433 2504 2466 ι
2539 2413 2782 2483 intellige
2813 2425 2958 2477 eam,
2979 2422 3103 2479 quae
3128 2421 3258 2462 vere
3283 2405 3475 2477 genuit
3509 2404 3576 2459 li-

2005 2511 2112 2566 lios
2172 2509 2290 2573 Dei,
2355 2506 2660 2563 secundum
2721 2501 3098 2560 testimonium
3158 2497 3339 2555 sancti
3397 2496 3579 2551 Evan-

2005 2601 2153 2672 gelii.

2080 2689 2333 2747 SARAC.
2366 2687 2660 2744 Facientes
2702 2685 3042 2742 voluntatem
3083 2679 3201 2746 Dei,
3233 2678 3410 2734 bonos
3440 2677 3581 2734 dicis

2010 2780 2095 2836 vel
2118 2779 2330 2834 malos?

2077 2867 2355 2924 CHRIST.
2396 2866 2591 2922 Dicere
2637 2865 2744 2931 vis,
2788 2863 3054 2934 quoniam
3103 2861 3358 2918 Christus
3387 2858 3581 2914 nolens

2008 2975 2206 3030 passus
2233 2959 2355 3014 est?
2381 2965 2434 3012 et
2463 2957 2510 3013 si
2561 2956 2743 3011 dicam
2779 2957 2904 3018 tibi,
2954 2955 3156 3019 bonos,
3208 2952 3359 3007 dices
3393 2949 3526 3004 mihi
3559 2963 3580 3003 :

335 3040 604 3142 'I‘rrays,J
637 3071 902 3141 ἀποδέχου
931 3071 1026 3124 καὶ⁵
1053 3073 1177 3134 τοὺς
1227 3040 1514 3134 Ἰουδαίους
1536 3108 1553 3136 ,
1597 3040 1682 3132 ὡς.
1712 3067 1776 3120 τὸ
1796 3040 1924 3122 *θέι

2017 3050 2174 3115 Vade,
2205 3051 2403 3106 adores
2438 3050 2570 3106 deos
2593 3048 2641 3116 ί,
2672 3047 2933 3119 quoniam
2976 3047 3319 3100 voluntatem
3361 3040 3459 3096 Dei
3498 3041 3582 3094 tui

331 3166 482 3236 λημα
510 3165 604 3218 τοῦ
625 3164 761 3218 Θεοῦ
788 3181 881 3217 σου
912 3164 1264 3235 ποιήσαντας.

401 3257 422 3329 ι
446 3257 693 3309 ΣΑΡΑΚ.
727 3256 837 3309 Καὶ
860 3255 1018 3309 τοῦτό
1051 3271 1131 3307 σοι
1160 3252 1352 3324 ήθελον
1374 3253 1569 3306 εἰπεῖν.

401 3347 625 3402 ΧΡΙΣΤ.
661 3345 754 3418 Τί]
792 3347 857 3400 σὺ
891 3345 1071 3413 λέγεις
1108 3341 1321 3414 θέλημα
1358 3338 1538 3409 clvas;
1583 3339 1727 3412 Ἐγὼ
1755 3339 1900 3409 λέγω

315 3437 429 3507 τὴν
460 3435 660 3507 ἀνοχὴν
697 3437 792 3490 καὶ
826 3432 1231 3507 μακροθυμίαν.
1721 3423 1730 3438 ’

329 3764 424 3819 τοῦ
449 3763 586 3818 Θεοῦ
611 3762 880 3826 εἰπόντος,
919 3782 939 3814 ‹
972 3761 1064 3834 Μὴ
1090 3760 1317 3833 κλέψῃς,
1347 3761 1421 3833 μὴ
1461 3759 1786 3831 πορνεύσῃς,
1821 3757 1898 3830 μὴ

332 3855 600 3929 φονεύσῃς
624 3896 639 3920 ,
673 3873 692 3907 ι
729 3854 874 3910 θέλει
908 3856 998 3911 ἵνα
1023 3854 1334 3925 κλέψωμεν,
1369 3853 1405 3924 ἢ
1433 3851 1840 3925 πορνεὺνσωμεν,
1865 3850 1899 3920 ἢ

331 3947 684 4018 φονεύσωμεν
708 3963 724 4012 ;

398 4039 649 4111 ΣΑΡΑΚ.
716 4037 850 4107 Οὐχί
890 4054 903 4069 ·
969 4038 1018 4090 ει
1087 4034 1196 4106 γὰρ
1264 4034 1496 4106 ήθελεν,
1559 4034 1722 4105 [οὐκ
1778 4028 1902 4086 εἷπε

329 4145 510 4182 τουτο.
619 4173 622 4176 ι

397 4219 625 4274 ΧΡΙΣΤ.
654 4217 793 4285 Δόξα
824 4217 903 4290 τῷ
926 4215 1066 4289 Θεῷ,
1095 4218 1180 4272 ὅτι
1211 4218 1275 4272 σὺ
1305 4213 1725 4288 ὡμολόγησας.]
1770 4215 1900 4268 Ἰδοὺ

332 4310 558 4365 συνέθου
588 4327 698 4381 μοι,
728 4311 812 4364 ὅτι

687 4491 782 4545 καὶ
807 4491 889 4545 ὄτι
929 4490 991 4544 οὐ
1023 4489 1223 4544 Θέλειὸ
1262 4488 1394 4553 Θεδς
1435 4488 1895 4559 ἴνα-κλέπτωμεν,

326 4583 361 4655 ἢ
393 4581 804 4656 πορνεύσωμεν,
834 4583 869 4654 ἦ
910 4581 1283 4653 φονεύσωμεν.
1317 4582 1429 4636 Kal.
1472 4581 1568 4635 ὲὰν
1605 4581 1732 4653 ἄρτι
1761 4581 1895 4634 ἀνα-

329 4674 463 4735 στὰς
491 4673 675 4742 κλέψω
696 4714 712 4740 ,
744 4675 778 4744 ἢ
820 4675 1104 4746 πορνεύσω
1130 4711 1145 4738 ,
1175 4674 1210 4742 ἢ
1250 4673 1497 4743 φονεύσω
1520 4715 1535 4739 ,
1570 4673 1624 4728 τί
1653 4673 1786 4727 αὐτὸ
1809 4671 1898 4725 λέ-

327 4782 481 4833 γειςς
509 4765 721 4836 θέλημα
740 4765 898 4832 Θεοῦ,
930 4766 964 4836 ἢ
1005 4808 1018 4821 .
1063 4807 1077 4819 .
1119 4807 1134 4822 .
1179 4803 1196 4821 .
1234 4766 1268 4834 ἢ
1299 4765 1517 4837 ἀνοχὴν,
1549 4765 1583 4837 ἢ
1617 4763 1896 4835 μακροθυ-

331 4871 462 4924 μιαν
483 4871 498 4919 ;

397 4951 469 5014 η’.
511 4946 760 5000 ΣΑΡΑΚ.
805 4945 871 4999 Τί
926 4947 1042 5000 ἐστι
1089 4945 1244 5018 παρά
1295 4963 1377 5000 σοι
1408 4946 1651 5018 μείζων,
1681 4949 1709 5002 6
1738 4947 1896 5018 ἁγιά-

328 5036 458 5102 ζων,
493 5037 525 5108 ἦ
558 5040 586 5092 6
617 5038 1016 5108 ἁγιαζόμενος;

397 5469 676 5530 "Jerem.
735 5473 847 5538 1,5.
922 5474 963 5507 "
1029 5474 1200 5530 Exod.
1244 5476 1554 5539 xx,l3-l5.

409 5655 428 5694 ί
463 5652 624 5712 Forte
645 5655 857 5725 adoples
896 5656 1134 5713 Jmlwos.
1215 5669 1240 5696 ιι
1273 5655 1540 5726 Suspecta
1581 5670 1702 5707 vox.

2003 3141 2274 3198 fecerunt.

2072 3229 2321 3286 SARAC.
2351 3228 2418 3283 Et
2453 3227 2558 3282 hoc
2583 3224 2682 3282 tibi
2711 3224 2958 3280 volebam
2990 3223 3193 3280 dicere.

2069 3318 2346 3376 CHRIST.
2381 3318 2523 3385 Quid
2569 3327 2626 3372 tu
2673 3315 2816 3371 dicis
2865 3314 3208 3368 voluntatem
3252 3310 3420 3367 esse?
3467 3309 3580 3382 Ego

1969 3459 1974 3464 .
2001 3411 2124 3467 dico
2153 3410 2545 3466 sustinentiam
2569 3416 2624 3462 et
2646 3405 3142 3477 longauitnitatem.

2071 3498 2319 3556 SABAC.
2358 3498 2518 3555 Unde
2535 3498 2639 3552 hoc
2667 3497 2965 3552 ostendere
3001 3495 3202 3566 potes?

2069 3589 2346 3646 CHRIST.
2375 3589 2476 3645 Per
2511 3603 2628 3645 rem
2664 3604 2679 3643 :
2710 3588 2862 3659 quia,
2913 3585 3140 3642 sedente
3172 3598 3258 3639 me
3294 3591 3350 3638 et
3376 3590 3450 3647 te,
3490 3581 3579 3638 vel

2001 3681 2297 3747 stantibus,
2331 3686 2514 3750 potest
2537 3679 2664 3749 quis
2687 3693 2753 3732 ex
2779 3677 2954 3731 libero
2975 3675 3213 3730 arbitrio
3253 3674 3368 3730 sive
3391 3680 3562 3740 stare,

2000 3773 2091 3830 vel
2114 3773 2344 3829 moveri.
2368 3771 2453 3838 Et,
2486 3768 2755 3840 numquid
2779 3768 2995 3824 dicente
3015 3766 3164 3824 Deo:
3206 3786 3225 3818 ι
3256 3765 3380 3821 Non
3423 3764 3571 3822 fura-

2001 3865 2174 3931 beris,
2203 3879 2316 3920 non
2350 3862 2740 3926 fornieaberis,
2790 3875 2904 3916 non
2949 3857 3174 3915 occides
3200 3859 3266 3919 ‘5.
3310 3877 3330 3912 ι
3375 3857 3493 3914 vult
3516 3862 3580 3913 ut

2004 3957 2275 4020 furemur,
2311 3956 2397 4011 vel
2429 3953 2793 4019 fornicemnr,
2827 3954 2914 4008 vel
2947 3940 3334 4008 occidamus‘l'

2087 4047 2338 4104 SARAC.
2366 4045 2510 4102 Non.
2539 4045 2598 4100 Si
2627 4044 2776 4100 enim
2802 4029 2988 4108 vellet,
3016 4057 3125 4098 non
3162 4043 3353 4111 utique
3374 4039 3584 4096 diceret

2006 4141 2360 4288 hoEllBlST.
2393 4228 2579 4286 Gloria
2611 4227 2741 4291 Deo,
2774 4223 3033 4293 quoniam
3080 4229 3138 4275 tu
3179 4218 3470 4275 confessus
3496 4234 3579 4276 es.

2006 4323 2150 4379 Ecce
2199 4319 2508 4376 concordas
2551 4315 2708 4379 mihi,
2755 4313 3014 4384 quoniam
3064 4309 3249 4366 nullus
3288 4323 3355 4363 ex
3383 4308 3580 4375 nobis,

1930 4423 1977 4478 D
2005 4416 2122 4472 sive
2178 4419 2358 4484 potest
2388 4424 2633 4480 surgere,
2669 4409 2786 4464 sive
2813 4407 3036 4461 vivere:
3085 4412 3140 4458 et
3177 4403 3439 4473 quoniam
3468 4417 3582 4458 non

2001 4506 2120 4561 vult
2151 4505 2296 4560 Deus
2346 4510 2407 4557 ut
2455 4500 2727 4563 furemur,
2770 4496 2859 4553 vel
2903 4494 3270 4557 fornicemur,
3298 4493 3383 4548 vel
3427 4492 3583 4548 occi—

1997 4597 2214 4653 damus.
2263 4593 2328 4648 Et
2371 4591 2417 4648 si
2470 4605 2620 4646 nunc
2664 4602 2994 4658 exsurgens,
3049 4586 3223 4647 furer,
3272 4584 3352 4638 vel
3407 4583 3583 4640 forni-

1995 4703 2110 4751 cer,
2141 4685 2228 4741 vel
2272 4683 2553 4749 occidam,
2588 4681 2723 4752 quid
2757 4682 2936 4749 ipsum
2985 4677 3174 4733 dicis?
3205 4674 3582 4745 Voluntatem,

1998 4779 2083 4834 vel
2109 4774 2516 4832 confessionem
2546 4784 2596 4837 υ,
2628 4772 2715 4828 vel
2749 4769 3170 4833 sustinentiam,
3198 4767 3281 4822 vel
3328 4764 3584 4836 longani‘

2001 4871 2246 4926 mitatem
2263 4868 2288 4922 Ἰ
2696 4917 2698 4920 ,
3205 4868 3210 4874 ’

2033 4988 2038 4993 -
2073 4961 2127 5016 8.
2170 4957 2418 5015 SABAC.
2454 4956 2590 5023 Quis
2611 4962 2698 5011 est
2730 4954 2878 5025 apud
2913 4963 2966 5011 te
2996 4952 3192 5024 major,
3218 4952 3311 5024 qui
3336 4949 3583 5009 sanctiﬁ-

2002 5057 2112 5114 cat,
2144 5050 2230 5104 vel
2255 5048 2351 5118 qui
2388 5044 2822 5101 sanctiﬁcatur?

2074 5137 2351 5196 CHRIST.
2394 5136 2536 5204 Quid
2571 5136 2656 5192 vis
2681 5136 2890 5201 dicere,
2925 5147 3225 5205 cognosco.

2078 5231 2325 5288 SARAC.
2358 5229 2415 5287 Si
2445 5230 2593 5286 enim
2619 5229 2787 5295 nosti,
2817 5227 3086 5297 responde
3107 5222 3265 5277 mihi.

2079 5323 2354 5380 CHRIST.
2405 5321 2462 5378 Si
2515 5321 2611 5376 tibi
2659 5321 2864 5385 dicam,
2897 5317 3006 5388 .qui
3037 5313 3377 5378 sanctiﬁcat;
3422 5308 3579 5368 dices

1613 5559 1848 5616 VARI/15
1887 5555 2290 5614 LECTIONES.
