3980 6140
494 257 630 323 1595

489 471 596 515 tem
629 472 682 516 et
711 460 1147 516 sanctillcantem
1174 462 1455 517 Christum
1489 473 1666 519 tuum.

560 551 804 606 SAltAC.
839 551 932 606 Sic
957 552 1054 607 tibi
1077 553 1323 607 volebam
1349 555 1552 610 dicere.

560 644 838 701 CHRIST.
891 644 1325 716 Superveniente
1380 657 1431 704 te
1481 664 1605 705 cum
1642 665 1802 706 servo
1851 659 1949 706 tuo
1993 653 2052 707 in

490 737 705 798 balneo,
742 743 796 789 et
819 731 1059 801 ablutus,
1096 744 1149 789 et
1171 737 1470 792 mundatus
1495 738 1564 792 ab
1593 739 1730 810 ipso,
1767 756 1930 810 quem
1961 741 2058 794 ha-

490 825 587 879 bes
633 825 818 879 dicere
865 825 1174 892 majorem?
1219 828 1371 880 Illum
1424 829 1692 884 miserum
1733 845 1953 886 servum
2003 842 2059 886 et

491 927 714 985 argento
743 924 1018 985 emptum,
1045 917 1128 971 vel
1156 925 1210 971 te
1237 919 1559 975 Inundalum
1592 922 1661 977 ab
1693 921 1833 991 ipso,
1863 924 2057 992 sicque

490 1016 543 1060 et
570 1007 855 1061 dominum
894 1008 1070 1077 ipsius
1097 1009 1498 1065 exsistentem?

561 1185 807 1240 SARAC.
842 1184 1106 1254 Meipsum
1139 1187 1404 1255 majorem
1442 1185 1600 1252 dico,
1644 1187 1740 1257 qui
1773 1187 2054 1259 possideo,

491 1291 652 1344 quam
687 1276 840 1329 illum
869 1278 962 1346 qui
997 1293 1025 1330 a
1061 1292 1149 1332 me
1182 1279 1517 1348 possidetur.

560 1365 830 1420 CIIRIST.
879 1365 1098 1422 Gratias
1151 1383 1255 1438 ago
1308 1370 1444 1424 Deo.
1501 1367 1593 1424 Sic
1643 1370 1775 1425 mihi
1811 1370 2056 1441 intellige

493 1451 778 1521 Joannem,
840 1465 901 1511 ut
959 1473 1178 1513 servum
1227 1466 1280 1514 et
1335 1458 1598 1515 famulum
1649 1463 2053 1518 ministrantem

489 1547 714 1600 Christo
762 1548 818 1600 in
856 1557 1052 1604 sancto
1082 1550 1412 1619 baptismate
1455 1551 1511 1606 in
1555 1551 1817 1618 Iordane,
1858 1553 1913 1607 in
1945 1565 2058 1622 quo

493 1641 800 1709 baptizatus
831 1641 1082 1698 Salvator
1109 1660 1284 1707 meus,
1311 1661 1502 1701 eorum
1529 1649 1624 1718 qui
1646 1649 1760 1703 illic
1787 1649 1842 1702 in
1871 1663 2058 1703 caver-

1653 263 1714 324 S.
1747 262 2070 326 JOANNIS
2109 265 2536 328 DAMASCENI

489 372 620 426 mild
648 390 660 425 :
693 369 866 437 Vade,
899 368 1064 423 adora
1099 368 1366 426 Joannem
1417 373 1714 442 Baptistam
1763 375 2055 445 baptizan-
2086 383 2131 439 Α

3615 267 3740 332 ‘59!

2915 651 3142 704 ΧΡΙΣΤ.
3194 651 3610 723 Ἐπερχομένου
3642 670 3737 707 σου

2167 746 2304 816 μετὰ
2331 743 2428 797 τοῦ
2453 743 2644 798 δούλου
2676 758 2770 796 σου
2795 743 2856 796 ὲν
2880 741 2957 814 τῷ
2981 742 3266 814 βαλανείῳ,
3291 744 3616 815 λουόμενος,
3641 748 3737 799 καὶ

2162 835 2556 906 καθαιρόμενος
2589 836 2665 888 ὑπ
2707 834 2894 900 αὐτοῦ,
2924 835 3047 888 τινα
3071 834 3217 905 έχεις
3243 837 3426 904 λέγειν
3469 839 3734 906 μείζονας

2174 928 2410 979 Ἐκεῖνον
2469 925 2562 978 τὸν
2639 926 2858 995 οἰκτρὸν
2913 926 3098 979 δοῦλον
3155 927 3251 980 καὶ
3314 915 3736 998 ἀργυρώνητον,

2159 1014 2192 1082 ἢ
2223 1015 2417 1068 σαύτὸν
2460 1014 2553 1068 τὸν
2599 1014 2946 1086 καθαρθέντα
2976 1015 3068 1068 ὑπ’
3102 1015 3266 1069 αὑτοῦ
3289 1057 3306 1082 ,
3360 1014 3381 1088 [
3407 1017 3502 1069 καὶ
3533 1017 3742 1070 οὑτωσὶ

2160 1107 2257 1160 καὶ
2283 1106 2549 1178 δεσπότην
2580 1107 2746 1162 αὐτοῦ
2776 1108 3086 1178 ὑπάρχοντα
3110 1105 3162 1185 ς]

492 1733 578 1786 nis
618 1732 807 1796 latent,
847 1735 1148 1792 draconum
1178 1744 1232 1793 ει
1262 1739 1706 1808 perniciogorum
1745 1741 2052 1796 damonum
2094 1719 2136 1774 Β
2237 1729 2544 1785 Saracenus
2568 1738 2748 1782 autem
2775 1724 2930 1781 valde
2958 1727 3242 1808 admirans
3269 1737 3322 1782 et
3343 1726 3637 1789 deﬁciens,
3658 1741 3744 1782 rea

491 1823 671 1892 capita
701 1828 913 1881 stravit.

485 1991 653 2073 470
688 1993 1032 2077 Ετελιιεάεηι
1080 2001 1366 2077 (Theodori
1406 2005 1666 2077 Abucara:
1693 2007 2056 2077 cognominati

559 2065 789 2134 episcopi
832 2065 1113 2134 Carorum')
1148 2075 1622 2130 concertationibus
1657 2065 1778 2132 cuni
1823 2076 2053 2134 Sarace-

559 2135 664 2198 nis,
696 2151 762 2188 ea:
795 2153 882 2191 ore
906 2137 1132 2196 Joannis
1169 2141 1510 2202 Damasceni.

559 2287 991 2348 SARACENUS.
1030 2295 1125 2350 Dic
1169 2297 1326 2364 mihi,
1358 2299 1637 2371 episcope,
1662 2310 1855 2358 eratne
1891 2319 2056 2358 mun-

487 2379 592 2432 dus
619 2379 891 2436 idolorum
921 2385 1093 2441 cultui
1124 2388 1361 2455 deditus,
1398 2401 1690 2464 antequam
1717 2393 1932 2465 Moyses
1963 2392 2059 2447 Ju-

486 2468 756 2524 daismnm
789 2476 1148 2542 praedicaret?

557 2560 647 2614 ΤΗ
657 2563 994 2622 EODORUS.
1026 2569 1281 2625 Omnino.

559 2651 807 2709 SARAC.
865 2656 1094 2722 Quando
1147 2661 1360 2730 Moyses
1411 2661 1754 2721 Judaismum
1801 2667 2054 2734 docebat,

489 2752 608 2797 utra
648 2761 776 2814 pars
829 2750 1018 2802 mundi
1073 2761 1234 2807 rectae
1274 2755 1526 2824 religioni
1574 2757 1786 2812 videtur
1837 2758 2054 2814 addicta

489 2833 680 2897 fuisse,
735 2853 856 2908 quae
903 2838 1245 2896 Judaismum
1293 2847 1538 2915 amplexa
1584 2855 1706 2917 est;
1739 2864 1806 2904 an
1847 2866 1968 2920 quae
2003 2851 2057 2906 in

489 2926 824 2994 idololatria,
861 2931 1066 3000 rejecto
1100 2933 1302 3004 Moyse,
1341 2940 1749 3006 perseveravit?

559 3017 810 3077 THEOD.
851 3022 982 3088 Quae
1007 3023 1351 3083 Judaismum
1384 3032 1636 3102 amplexa
1670 3043 1774 3089 est.

561 3109 808 3168 SARAC.
860 3114 1054 3172 Postea
1106 3133 1231 3174 cum
1285 3121 1433 3175 venit
1460 3122 1734 3188 Christus,
1788 3125 2057 3183 Christia-

489 3202 727 3257 nismum
762 3206 1088 3274 praedicans,
1120 3217 1242 3262 utra
1277 3225 1402 3280 pars
1434 3213 1651 3268 videtur
1694 3216 1790 3270 tibi
1831 3218 2056 3288 religio-

489 3307 615 3347 nem
646 3308 829 3347 veram
861 3297 1125 3360 coluisse,
1153 3313 1275 3368 quae
1296 3299 1778 3359 Christianismum
1807 3309 2054 3376 amplexa

486 3395 598 3450 est;
638 3399 704 3438 an
739 3401 857 3456 quae
889 3387 942 3440 in
980 3386 1264 3445 Judaismo
1299 3391 1607 3449 ﬁrmissime
1641 3399 1981 3467 permansit?

559 3556 812 3614 THEOD.
846 3560 978 3627 Quae
1007 3562 1483 3622 Christianismum
1517 3569 1765 3640 amplexa
1794 3581 1898 3627 est.

561 3644 808 3706 SARAC.
846 3649 1160 3721 Insequenti
1199 3669 1328 3710 vero
1357 3662 1622 3727 tempore,
1661 3675 1785 3715 cum
1820 3663 2058 3720 venisset

488 3735 904 3796 Muchamethus
926 3741 1340 3813 Margarismum
1369 3745 1822 3806 Eslamismumve
1847 3765 2060 3819 annun-

487 3825 655 3890 tians,
689 3837 810 3880 utra
840 3845 968 3898 pars
1003 3835 1216 3890 videtur
1239 3837 1335 3892 tibi
1365 3835 1534 3893 Deum
1567 3841 1670 3895 rite
1695 3843 1906 3908 colere,
1937 3859 2060 3914 quae

486 3917 872 3973 Eslamismum
907 3927 1188 3994 suscepit;
1216 3941 1284 3980 an
1325 3943 1449 3998 qua:
1477 3932 1681 3987 mansit
1707 3933 1763 3988 in
1789 3933 2060 3992 Christia-

485 4006 689 4069 nismo,
717 4006 1100 4066 Muchametho
1138 4016 1330 4070 nolens
1361 4019 1709 4075 auscultare?

558 4097 810 4154 THEOD.
841 4101 974 4167 Qum
1001 4105 1202 4160 mansit
1229 4106 1284 4160 in
1311 4105 1750 4165 Christianismo.

561 4189 807 4249 SARAC.
837 4193 1263 4253 Conclusionem
1296 4198 1437 4253 hanc
1461 4208 1793 4269 postremam
1817 4202 2054 4260 intulisti

487 4283 954 4351 propositionibus
982 4287 1204 4343 minime
1232 4298 1679 4346 consentaneam.

2165 1821 2334 1877 cessit
2361 1827 2416 1875 et
2443 1818 2580 1873 nihil
2617 1833 2898 1888 apponens
2923 1817 2990 1872 ad
3019 1807 3197 1887 ipsum
3237 1818 3496 1874 altermn.

2177 1997 2421 2066 ’Exj'ibr
2448 1995 2598 2066 πρρς
2632 1993 2791 2066 τοὺς
2823 1995 3266 2066 summam-qm
3325 1997 3736 2066 ἀντιῤῥήσεω·

2237 2065 2356 2119 τῶν
2385 2063 2574 2119 αὐτοῦ
2620 2063 2955 2132 (Θεοδώρου
2982 2063 3093 2132 τοῦ
3133 2065 3198 2117 τὸ
3238 2063 3507 2131 ἐπίπαιτῇ
3545 2069 3738 2121 Ἀδοιο-

2237 2133 2391 2205 καρᾶ
2429 2131 2771 2205 ἐπισκοπου
2808 2131 3039 2203 Καρῶν)
3071 2131 3170 2186 διὰ
3199 2133 3408 2203 φωνῆς
3455 2137 3739 2192 Ἰωάννου

2241 2203 2662 2274 Δαμασκηνοῦ.
2791 2212 2798 2214 ⁷

2237 2292 2668 2347 ΣΔΡΑΚΗΝΟΣ.
2699 2291 2834 2346 Εἰπέ
2867 2309 2976 2364 μοι,
3029 2287 3074 2346 ὦ
3124 2293 3390 2347 ἐπίσκοπε
3417 2310 3432 2322 ·
3457 2297 3518 2348 ού
3557 2296 3737 2349 κατεί-

2163 2385 2328 2449 δωλος
2374 2379 2445 2456 ἦν
2476 2386 2505 2438 6
2541 2384 2744 2454 κόσμος
2775 2384 2881 2456 πρὸ
2927 2383 3024 2438 τοῦ
3079 2384 3459 2449 Μωῦσέωςτδν
3511 2386 3737 2440 Ἰουδαῖο

2167 2478 2302 2548 σμὸν
2339 2475 2559 2546 κηρύξα·
2603 2531 2610 2541 ,

2232 2568 2599 2622 ΘΕΟΔΩΡΟΣ.
2630 2567 2868 2635 Δηλαδή.

2233 2658 2482 2713 ΣΔΡΑΚ.
2543 2657 2736 2712 Ἦνίκα
2781 2656 3024 2727 Μωῡσῆς
3093 2656 3378 2722 ἰουδαΐζειν
3448 2657 3736 2718 ἐδίδασκε.

2164 2746 2396 2818 πότερον
2437 2747 2602 2819 μέρος
2653 2746 2749 2801 τοῦ
2801 2747 3007 2818 κόσμου
3052 2747 3295 2800 εὐσεϐεῖν
3329 2763 3414 2801 σοι
3457 2748 3735 2816 φαίνεται,

2165 2837 2226 2892 τὸ
2256 2837 2551 2908 δεξάμενον
2591 2837 2685 2892 τὸν
2721 2837 3055 2906 Ἰουδαῖσμὸν
3074 2876 3089 2901 ,
3135 2837 3168 2908 ἢ
3203 2836 3264 2890 τδ
3292 2839 3489 2908 μεῖναν
3515 2837 3740 2891 sieuis-

2165 2927 2418 2998 λατροῢν,
2458 2926 2536 2998 τῷ
2565 2926 2865 2998 Μωυσεῖμὴ
2889 2926 3247 2997 πειθόμενον;

2087 3015 2129 3074 C
2233 3017 2428 3070 ΘΕΟΔ.
2471 3015 2544 3070 Τὸ
2583 3014 2894 3087 δεξάμενον.

2228 3108 2477 3162 ΣΑΡΛΚ.
2529 3103 2659 3160 Εἶτα
2683 3148 2698 3174 ,
2736 3105 2812 3170 ὡς
2861 3105 2956 3159 καὶ
2999 3104 3138 3176 μετὰ
3201 3105 3430 3176 καιροὺς
3471 3099 3645 3176 ἦλθεν
3705 3107 3738 3159 ὁ

2159 3198 2395 3269 Χριστὸς
2429 3197 2522 3252 τὸν
2559 3199 2989 3269 Χριστιανισμδν
3017 3197 3328 3267 κηρύττων,
3362 3187 3740 3266 πότερονᾏιέ-

2161 3307 2253 3361 ρος
2286 3306 2370 3344 σοι
2401 3288 2656 3359 φαίνεται
2699 3285 2946 3341 εὐσεϐεῖν
2969 3326 2986 3354 ,
3018 3286 3080 3340 τὸ
3120 3286 3413 3356 δεξάμενον
3451 3285 3548 3340 τὸν
3598 3288 3738 3357 Χρι·

2161 3379 2480 3451 στιανισμὸν
2503 3419 2520 3445 ,
2560 3379 2595 3450 ἢ
2628 3378 2689 3434 τὸ
2715 3381 2904 3449 μεῖναν
2931 3379 2990 3432 ὲν
3023 3377 3103 3448 τῷ
3147 3377 3472 3448 Ἰουδαῖσμῷ
3519 3380 3739 3449 ἀμετά-

2160 3472 2312 3526 θετον
2338 3489 2354 3538 ;

2227 3563 2419 3616 ΘΕΟΔ.
2456 3561 2530 3617 Τὸ
2560 3561 2854 3632 δεξάμενον
2881 3560 2972 3614 τὸν
3006 3560 3461 3633 Χριστιανισμόν.

2228 3653 2477 3708 ΣΛΡΑΚ.
2520 3649 2691 3716 Εἶτα,
2736 3652 2813 3716 ὡς
2863 3651 3002 3722 μετὰ
3041 3651 3266 3723 καιροὺς
3325 3647 3494 3722 ἦλθεν
3530 3652 3562 3703 6
3591 3651 3741 3706 Meo.

2158 3745 2334 3817 χαμὲθ
2362 3745 2649 3816 κηρύττων
2697 3745 2790 3798 τὸν
2838 3744 3209 3814 Μαγαρισμὺν
3233 3783 3248 3808 ,
3297 3744 3535 3813 πότερον
3570 3743 3741 3812 μέρος

2159 3836 2409 3906 φαίνεταί
2434 3853 2518 3889 σοι
2547 3835 2815 3902 εὐσεϐεῖν,
2838 3835 2902 3889 τὸ
2922 3834 3216 3903 δεξάμενον
3236 3832 3328 3886 τὸν
3339 3833 3740 3904 Μαγαρισμδν,

2157 3927 2192 3998 ἢ
2216 3927 2276 3980 τὸ
2318 3927 2513 3997 μεῖναν
2543 3927 2603 3980 ὲν
2632 3924 2711 3996 τῷ
2742 3922 3189 3997 Χριστιανισμῷ,
3214 3921 3292 3993 τῷ
3319 3921 3628 3994 Μουχαμὲθ
3663 3922 3744 3992 μὴ

2161 4017 2484 4088 πειθόμενον
2510 4035 2526 4084 ;

2228 4109 2421 4163 ΘΕΟΔ.
2459 4109 2532 4162 Τὸ
2562 4110 2750 4179 μεῖναν
2791 4109 2853 4163 ὲν
2880 4108 2958 4180 τῷ
2981 4104 3418 4178 Χριστιανισμῷ.

2229 4198 2479 4254 ΣΑΡΑΚ.
2531 4200 2895 4270 Ἀνάρμοστον
2938 4201 3062 4263 ταῖς
3119 4197 3422 4270 προτάσεσι
3465 4196 3530 4250 τὸ
3588 4196 3742 4265 ἐσχα-

2159 4303 2249 4341 τον
2275 4289 2584 4358 ὲπήνεγκας
2613 4290 3011 4361 συμπέρασμα.

557 4369 809 4430 THEOD.
841 4376 985 4448 Ergo
1022 4383 1304 4450 Oportebat
1343 4391 1402 4436 ut
1434 4398 1500 4439 ex
1531 4383 1688 4441 falsis
1724 4386 2054 4456 propositio-

2229 4375 2420 4431 ΘΕΟΔ.
2462 4378 2672 4434 Οὐκοῦν
2710 4379 3007 4449 ἀναγκαῖόν
3052 4397 3142 4450 μοι
3166 4379 3387 4448 ψευδέσι
3435 4381 3736 4449 προτάσεσι

486 4463 651 4520 nibus
699 4469 1108 4525 conclusionem
1167 4471 1532 4528 deducerem?
1581 4474 1698 4530 Non
1745 4477 1889 4532 enim
1921 4517 1936 4543 ,
1994 4485 2055 4532 ut

485 4558 740 4625 opinatus
767 4576 848 4627 es,
877 4561 982 4617 [ide
1007 4563 1154 4634 digni
1189 4564 1443 4621 Christus
1473 4573 1527 4621 et
1555 4566 1767 4638 Moyses
1804 4567 2046 4636 fuerunt,

485 4649 614 4714 quia
643 4651 1012 4717 prazdicabant
1043 4661 1097 4709 et
1126 4655 1414 4720 docebant,
1446 4665 1505 4711 ut
1527 4657 1910 4714 Muchametho
1931 4674 2052 4714 ere.

485 4737 701 4806 damus,
735 4742 860 4810 quia
881 4745 1193 4813 praedicavit
1225 4755 1281 4802 et
1311 4747 1496 4804 docuit
1526 4767 1540 4804 :
1569 4764 1755 4804 verum
1787 4752 2052 4814 ausculta,

487 4827 632 4883 unde
690 4837 918 4901 uterque
971 4833 1078 4890 ﬁde
1137 4837 1337 4908 dignus
1387 4839 1610 4896 habitus
1651 4838 1773 4894 fuit.
1823 4837 2054 4905 Quando

486 4917 700 4990 Moyses
749 4935 778 4972 a
830 4921 941 4976 Deo
991 4925 1330 4990 mittebatur,
1379 4929 1662 4999 respondit
1701 4929 1823 4984 illi:
1865 4949 1884 4982 ι
1913 4929 2054 4985 Ecce

485 5011 650 5072 vado,
677 5018 744 5065 .et
771 5010 957 5066 dicent
989 5013 1123 5067 mihi
1153 5034 1165 5068 :
1197 5015 1312 5071 Non
1356 5019 1607 5089 apparuit
1632 5020 1727 5076 tibi
1766 5020 2050 5088 Dominus,

486 5116 665 5172 neque
692 5100 835 5158 Deus
867 5103 1018 5157 misit
1054 5113 1124 5158 te.
1166 5103 1306 5171 Quid
1339 5106 1534 5162 faciam
1573 5111 1656 5164 “?
1687 5129 1706 5163 ι
1741 5108 1841 5164 Cui
1882 5111 2050 5176 Deus,

491 5207 511 5240 ι
546 5189 688 5256 Quid
713 5200 798 5247 est
850 5193 974 5254 hoc,
1010 5195 1208 5266 inquit,
1246 5197 1389 5266 quod
1427 5197 1595 5254 babes
1624 5200 1678 5253 in
1711 5215 1876 5257 manu
1915 5204 2054 5257 tua?

449 5303 454 5309 ε
485 5278 552 5333 Et
580 5283 876 5350 respondit,
922 5303 941 5336 ι
987 5284 1160 5357 virga.
1200 5305 1218 5340 ι
1251 5285 1388 5342 Tum
1417 5288 1554 5343 dixit
1576 5290 1626 5344 ei
1651 5289 1794 5346 Deus
1823 5331 1836 5345 .
1871 5314 1888 5336 ι
1919 5289 2048 5345 Pro-

485 5367 590 5437 iice
627 5385 769 5426 eam.
807 5391 826 5425 ι
877 5372 1010 5440 Quae
1047 5376 1288 5446 projecta
1317 5394 1441 5434 cum
1471 5386 1640 5443 esset,
1673 5393 1829 5435 versa
1872 5389 1958 5434 est
1995 5379 2049 5434 in

485 5469 812 5530 serpentem.
846 5463 1060 5524 Rursus
1108 5481 1234 5524 vero
1282 5485 1404 5527 cum
1441 5485 1605 5526 manu
1653 5471 2049 5541 prehendisset,

563 5634 602 5663 ¹⁶
631 5641 804 5698 Exod.
835 5661 904 5709 Iv,
940 5643 991 5697 Ι.

2163 4468 2544 4540 συμπεράναι;
2594 4471 2670 4524 Οὐ
2714 4470 2860 4541 γὰρ,
2904 4471 2981 4534 ὡς
3034 4469 3380 4540 ὑπείληφας,
3428 4470 3740 4536 ἀξιόδεκτοι

2160 4559 2475 4628 γεγόνασιν,
2502 4561 2531 4614 δ
2566 4579 2625 4614 τε
2655 4561 2896 4634 Μωῦσῆς
2930 4561 3028 4616 καὶ
3060 4564 3090 4615 6
3117 4561 3387 4632 Χριστὸς,
3432 4560 3574 4614 διότι
3608 4563 3734 4632 ἐκή-

2163 4670 2354 4725 ρυττον
2398 4657 2492 4710 καὶ
2537 4655 2836 4724 ἐδίδασκον,
2867 4657 2956 4710 ἴνα
2993 4656 3090 4709 καὶ
3127 4659 3156 4709 6
3185 4654 3492 4724 Μουχαμὲθ
3540 4658 3612 4707 ὲκ
3643 4653 3732 4706 τοῦ

2161 4744 2452 4816 κηρύττειν
2509 4746 2604 4800 καὶ
2649 4745 2928 4800 διδάσκειν
2974 4745 3238 4815 πιστευθῇ
3270 4763 3284 4776 ·
3327 4745 3446 4798 ἀλλ’
3500 4745 3734 4798 ἄκουσον

2160 4838 2427 4908 ἑκατέρου
2464 4838 2523 4892 τὸ
2569 4838 2922 4903 ἀξιόπιστον·
2971 4838 3137 4908 ἡνίκα
3169 4838 3352 4907 μέντοι
3397 4836 3554 4906 παρὰ
3597 4834 3734 4888 Θεοῦ

2151 4909 2506 4980 ἀπεστέλλετο
2531 4928 2559 4980 6
2584 4927 2824 5000 Μωῦσῆς
2848 4967 2864 4993 ,
2908 4926 3183 4996 ἀπεκρίθη
3227 4923 3306 4994 τῷ
3335 4924 3457 4994 Θεῷ
3481 4941 3497 4954 ο
3538 4944 3558 4975 ι
3603 4924 3731 4977 Ἰδοὺ

2150 5018 2366 5087 ὑπάγω,
2406 5019 2502 5072 καὶ
2529 5019 2749 5088 λέγουσι
2788 5038 2899 5091 μοι.
2932 5019 3048 5074 Ούκ
3078 5015 3222 5082 εἶδες
3250 5019 3406 5082 Θεὸν,
3447 5017 3573 5070 οὐδὲ
3601 5016 3731 5077 Θεὸς

2151 5111 2462 5165 ἀπέσταλκέ
2510 5129 2594 5178 σε,
2625 5111 2680 5166 τι
2723 5113 2974 5183 ποιήσω;
3017 5129 3037 5163 ›
3081 5111 3189 5164 Καί
3223 5126 3358 5180 φησι
3395 5108 3535 5179 πρὸς
3567 5106 3730 5160 αὑτὸν

2153 5203 2182 5255 6
2205 5201 2335 5265 Θεός
2355 5219 2368 5234 ο
2405 5220 2425 5254 ι
2465 5203 2532 5256 Τί
2563 5201 2723 5258 τοῦτο
2751 5203 2812 5256 τὸ
2833 5204 2892 5256 ὲν
2919 5205 2986 5274 τῇ
3017 5200 3160 5272 χειρί
3195 5218 3290 5253 σου
3317 5217 3330 5265 ;
3362 5219 3381 5251 ι
3423 5199 3532 5252 Kal.
3563 5192 3688 5250 εἷπε
3711 5210 3724 5220 ·

2163 5312 2181 5345 ι
2223 5292 2466 5358 Ῥάϐδος.
2519 5312 2537 5344 ι
2574 5295 2684 5348 Καὶ
2731 5293 2880 5363 λέγει
2923 5293 3112 5363 αὐτῷ’
3158 5311 3176 5344 ι
3232 5291 3417 5361 Ῥἱψον
3465 5291 3666 5359 αὑτήν.
3706 5305 3725 5337 ι

2165 5385 2276 5439 Καὶ
2323 5387 2543 5458 ριφεϊσα
2580 5385 2807 5455 γέγονεν
2835 5385 2980 5456 ὄφις.
3031 5385 3138 5440 Καὶ
3172 5384 3338 5439 πάλιν
3393 5381 3729 5453 κρατηθεῖσα

2159 5471 2349 5542 γέγονε
2383 5473 2578 5545 ῥάϐδος
2603 5492 2615 5505 ·
2648 5471 2764 5529 εἶτα
2799 5473 2947 5544 λέγει
2980 5477 3009 5528 ὁ
3038 5473 3171 5538 Θεὸς
3198 5473 3350 5544 αύτῷ
3379 5491 3392 5505 ·
3431 5492 3450 5526 ι
3477 5469 3727 5542 Ἐμϐαλι
