3970 6156
322 244 460 307 1597

1178 245 1632 305 DISPUTATIO
1670 245 2116 307 CHRISTIANI
2155 248 2249 309 ET
2287 251 2680 310 SARACENI.

3427 248 3448 312 1
3461 238 3564 314 598

312 355 423 424 τὴν
446 349 605 421 χεῖρά
633 368 726 404 σου
747 353 826 414 εἰς
849 351 938 405 τὸν
969 353 1167 407 κόλπον
1199 371 1315 407 σου.
1355 374 1371 406 ι
1409 356 1518 408 Kal.
1550 355 1883 426 ὲμϐληθείσα
1915 367 1941 422 Α

1989 359 2139 428 virga
2176 361 2318 414 facta
2359 370 2464 418 est.
2518 361 2721 416 Deinde
2743 359 2884 415 dixit
2913 360 2963 415 ei
2997 359 3182 417 Deus:
3212 379 3233 414 ι
3269 358 3420 416 Mitte
3445 378 3560 416 ma-

319 441 585 512 ὲξεὸλήθη
632 439 1055 513 λελεπρωμένηο
1093 443 1187 496 καὶ
1232 440 1388 514 αὖθις
1435 444 1774 515 ἐμϐληθεῖσα
1801 443 1889 508 ἐξ·

321 531 524 602 εὸλὴθη
578 530 878 600 ἁλώϐητος.
912 533 1018 586 Καί
1051 549 1217 602 φησιν
1259 535 1285 585 6
1331 534 1462 596 Θεὸς
1509 534 1643 603 πρὸς
1683 534 1846 587 αὐτόν
1871 550 1884 565 ·

326 640 345 672 ι
395 622 520 674 Ἐὰν
574 622 650 692 μὴ
703 622 1037 676 πιστεύσωσι
1083 623 1163 693 τῷ
1217 623 1420 694 πρώτῳ
1454 624 1704 694 σημείῳ,
1753 623 1890 695 μηδὲ

319 712 398 781 τῷ
434 713 708 783 δευτέρῳ,
757 714 982 782 ποίησον
1028 715 1090 766 τὸ
1123 713 1269 784 ὕδωρ
1313 710 1474 785 αἷμα.
1526 734 1543 766 ›
1577 717 1686 768 Καὶ
1713 716 1888 779 οὕτως

319 801 648 865 ἀποσταλεὶς
721 805 750 855 6
811 803 1092 871 Μωῦσῆς,
1167 804 1456 873 ἐποίησε..
1499 805 1594 858 καὶ
1656 805 1888 859 ἐπιστώ-

318 893 490 962 θησαν
538 893 590 945 οί
629 892 779 961 λόγοι
827 893 992 947 αὑτοῦ
1031 893 1121 947 διὰ
1165 895 1273 948 τῶν
1318 894 1494 965 ἔργων
1544 895 1732 948 αὐτοῦ.
1779 895 1888 949 Ναὶ

317 982 349 1048 ἢ
390 979 508 1050 οὐχί
534 997 550 1046 ;

387 1071 640 1145 ΣΑΡΑΚ.
683 1070 928 1134 Πάντως.

383 1159 576 1211 ΘΕΟΔ.
614 1155 820 1214 τΗλθεν
853 1161 882 1211 6
910 1161 1146 1230 Χριστὸς
1177 1153 1278 1233 τὴν
1331 1164 1465 1232 πρὸς
1490 1163 1626 1216 Θεοῦ
1654 1163 1887 1218 ἀποστο-

318 1247 416 1319 λὴν
453 1249 630 1320 ἐαυτῷ
677 1251 992 1320 ὲπικυρῶν·
1044 1253 1105 1304 οὐ
1143 1255 1210 1323 τῇ
1261 1254 1540 1317 Μωῦσέως
1585 1257 1680 1308 καὶ
1725 1255 1886 1325 μόνον

316 1339 626 1410 προφητείᾳ
660 1341 1104 1413 μαρτυρούμενος
1129 1385 1144 1408 ,
1186 1343 1321 1397 ἀλλὰ
1357 1345 1638 1415 σημείοιςν,
1673 1346 1882 1416 τέρασι,

312 1432 407 1484 καὶ
438 1432 715 1496 ποικίλαις
741 1434 1004 1506 δυνάμεσι
1037 1435 1155 1505 μετ’
1184 1436 1401 1504 ἐκείνην
1429 1437 1622 1490 ἑαυτὸν
1659 1438 1885 1491 πιστού-

328 1540 508 1592 μενος.

385 1634 627 1689 ΣΑΡΑΚ.
665 1635 788 1689 Τίσι
822 1636 886 1705 δὴ
913 1637 1120 1700 τούτοις
1146 1653 1163 1705 ;

1992 465 2120 502 num
2147 459 2292 504 tuam
2325 452 2379 506 in
2431 451 2613 506 sinum
2645 460 2822 505 tuum.
2875 469 2895 503 ›
2943 450 3116 517 Quam
3163 466 3287 505 cum
3323 451 3561 506 misisset

1991 539 2339 608 protuliteam
2362 541 2650 611 ieprosam.
2667 541 2906 597 Rursum
2927 557 3055 597 vero
3072 541 3342 604 immissa,
3363 543 3560 596 educta

1988 639 2072 684 cst
2113 645 2266 685 sana.
2303 633 2369 685 Et
2400 633 2474 685 ait
2503 631 2646 688 Deus
2669 634 2718 687 ci
2753 651 2766 688 :
2801 652 2820 685 ι
2852 631 2908 686 Si
2935 648 3043 686 non
3072 631 3408 687 crediderint
3447 633 3560 702 pri-

1991 739 2077 776 mo
2122 724 2303 793 signo,
2353 741 2524 794 neque
2554 727 2815 790 secundo,
2848 724 3011 779 facito
3044 741 3111 778 ex
3143 740 3284 794 aqua
3331 724 3559 793 sangui-

1989 828 2112 868 nem
2142 815 2208 868 ¹⁷.
2240 833 2260 867 ι
2297 815 2508 886 Moyses
2557 819 2776 887 itaque,
2830 833 2955 873 cum
3005 819 3106 872 hoc
3160 817 3320 871 modo
3355 819 3556 870 missus

1991 903 2206 972 fuisset,
2257 907 2370 962 haec
2407 906 2555 970 fecit,
2604 916 2659 964 et
2718 919 2937 980 pr0pter
2986 926 3152 980 opera
3205 908 3576 996 sermonibus

1935 999 1938 1002 ’
1987 997 2105 1064 ejus
2142 997 2272 1051 fides
2301 997 2484 1051 habita
2514 1006 2618 1054 est.
2649 997 2738 1054 Sic
2775 1009 2880 1067 est,
2909 1003 3129 1056 annon?

2059 1172 2304 1226 SARAC.
2350 1171 2427 1226 Ita
2458 1171 2646 1242 plane.

2059 1263 2305 1318 THEOD.
2359 1263 2515 1317 Venit
2564 1262 2844 1326 Christus,
2893 1276 3059 1330 seque
3107 1276 3136 1315 a
3183 1262 3293 1317 Deo
3327 1262 3555 1318 missum

1987 1354 2380 1424 comprobavit,
2413 1369 2523 1417 non
2572 1369 2639 1408 ex
2686 1353 2805 1408 solo
2847 1350 3051 1422 Moysis
3101 1352 3360 1407 vaticinio
3407 1353 3559 1408 testi-

1988 1447 2230 1500 monium
2274 1446 2500 1512 habens,
2557 1460 2746 1500 verum
2800 1451 2855 1500 et
2907 1445 3132 1514 insuper
3188 1443 3380 1513 signis,
3430 1461 3558 1514 por-

1989 1541 2172 1604 tentis,
2205 1542 2481 1610 variisque
2520 1541 2818 1595 virtutibus
2858 1540 2965 1596 sibi
3011 1539 3168 1595 ﬁdem
3205 1548 3483 1595 astruens.

2058 1632 2302 1688 SARAC.
2332 1633 2670 1700 Quibusnam
2703 1631 2861 1688 istis?

381 1728 575 1782 ΘΕΟΔ.
631 1697 1161 1800 Ἀσποροσυλλήψει;
1210 1731 1305 1784 καὶ
1364 1715 1614 1802 άνάνδρῳ
1686 1733 1874 1802 μητρὶ,
1913 1697 1941 1752 Ε

2061 1726 2311 1782 ἸἩΕΟΙ).
2359 1697 2672 1794 Conceptus
2711 1725 2833 1780 sine
2870 1723 3080 1780 semine
3125 1737 3192 1777 ex
3241 1730 3416 1777 matre
3446 1736 3554 1774 non

311 1819 408 1872 καὶ
454 1819 518 1872 ὲκ
565 1819 838 1889 παρθένου
870 1823 1164 1890 γεννήσει,
1199 1821 1388 1886 ὓδατος
1426 1824 1507 1886 είς
1535 1819 1675 1876 οἶνον
1712 1839 1879 1892 μετα-

311 1910 482 1980 ϐολῇο
527 1909 608 1963 ἔτι
648 1912 788 1981 μετὰ
842 1911 1020 1966 ταῦτα
1058 1913 1158 1966 οὐκ
1199 1913 1561 1984 ἀπεμφανὴς,
1611 1913 1750 1967 ἀλλὰ
1785 1913 1880 1967 καὶ

312 2001 430 2056 λίαν
468 1999 723 2072 ἀρίδηλος
753 2003 787 2072 ὴ
832 2001 944 2055 τῶν
979 2003 1200 2072 τυφλῶν
1231 2004 1570 2074 ὀμμάτωσις,
1595 2005 1629 2074 ἡ
1655 2004 1762 2058 τῶν
1793 2005 1880 2057 λε-

310 2092 466 2164 πρῶν
505 2091 772 2163 κάθαρσις
795 2133 811 2158 ,
839 2093 945 2147 τῶν
974 2094 1282 2164 παρέτωνὴ
1317 2095 1526 2162 σφίξις,
1559 2095 1667 2149 τῶν
1699 2097 1879 2150 ποικί-

310 2182 418 2236 λων
459 2182 786 2252 νοσημάτων
814 2185 848 2253 ἡ
887 2182 1182 2255 θεραπεία,
1223 2186 1256 2254 ἡ
1301 2185 1394 2237 ἐπὶ
1422 2184 1516 2237 τοῦ
1568 2185 1728 2256 ὅρους
1778 2186 1876 2255 τῆς

310 2271 565 2340 θεότητος
591 2272 757 2325 αὐτοῦ
797 2274 1107 2343 φανέρωσις
1127 2313 1142 2339 ,
1171 2274 1279 2326 τῶν
1305 2275 1577 2344 δαιμόνων
1604 2277 1636 2343 ή
1667 2275 1872 2340 δίωξις,

310 2363 404 2416 καὶ
454 2363 564 2416 τῶν
621 2362 832 2416 πολλῶν
889 2363 1144 2434 χιλιάδων
1199 2363 1259 2429 ἐξ
1304 2365 1500 2434 ὀλίγων
1552 2366 1733 2436 ἄρτων
1779 2367 1876 2419 καὶ

314 2454 513 2523 ἰχθύων
539 2455 575 2524 ή
606 2453 879 2524 ἑμπλησις
900 2494 918 2522 ,
945 2455 1044 2509 καὶ
1067 2455 1176 2509 τῶν
1214 2456 1424 2526 νεκρῶν
1452 2457 1527 2519 ὡς
1555 2455 1614 2521 ἐξ
1645 2456 1812 2510 ὕπνου
1840 2457 1873 2525 ἡ

307 2542 560 2612 ἔγερσις,
590 2545 680 2598 καὶ
717 2542 1054 2610 ἁπαξαπλῶς
1088 2545 1190 2614 τῆς
1221 2545 1434 2612 φύσεως
1468 2545 1577 2598 τῶν
1619 2545 1874 2612 σφαλμά-

307 2651 416 2686 των
443 2635 476 2704 ὴ
507 2635 827 2699 ἀνάπλασις.
853 2635 918 2689 Τί
957 2635 1098 2708 πρὸς
1124 2634 1299 2690 ταῦτα
1343 2635 1470 2707 φὴς,
1513 2637 1874 2706 Σαρρακηνές

311 2725 386 2795 μὴ
441 2726 690 2780 ἐλάττοσι
746 2727 854 2780 τῶν
905 2728 1256 2782 Μωῦσαῖκῶν
1324 2727 1568 2797 σημείων
1625 2728 1816 2782 ἑαυτὸν
1848 2730 1877 2782 6

306 2815 541 2884 Χριστὸς
565 2815 912 2870 ἐπιστώσατο
943 2817 1270 2882 ἐπιδείξεσιν
1291 2833 1306 2882 ;

377 2906 625 2959 ΣΑΡΑΚ.
652 2906 940 2978 οιδαμῶς.

1979 1821 2277 1890 conjuncta
2303 1819 2443 1884 viro,
2492 1826 2547 1872 et
2579 1832 2645 1872 ex
2674 1816 2884 1888 virgine
2917 1823 3122 1880 natus;
3171 1823 3376 1869 mutata
3411 1827 3554 1882 aqua

1981 1912 2038 1968 in
2074 1913 2258 1966 vinum
2289 1929 2302 1965 :
2339 1919 2454 1964 tum
2488 1909 2820 1964 deindenon
2846 1908 3104 1970 obscura,
3137 1907 3232 1962 sed
3260 1904 3555 1960 manifesta

1979 2003 2270 2058 admodum
2300 2002 2584 2057 oculorum
2613 1999 2774 2054 caecis
2805 1997 3176 2061 restitutione,
3207 1996 3554 2065 leprosorum

1977 2093 2399 2167 expurgatione,
2444 2093 2872 2163 paralyticorum
2930 2090 3405 2151 corroboratione,
3443 2103 3556 2141 ont-

1977 2187 2410 2257 nigenorumque
2435 2186 2749 2238 morborum
2773 2183 3082 2246 curatione,
3103 2180 3410 2235 divinitatis
3441 2193 3554 2233 sua:

1978 2279 2034 2333 in
2063 2287 2248 2333 monte
2275 2277 2612 2340 ostensione,
2667 2275 2990 2344 expulsione
3031 2272 3364 2335 daemonum,
3417 2271 3554 2323 mul-

1976 2379 2156 2424 torum
2188 2368 2418 2422 millium
2453 2367 2734 2420 hominum
2769 2364 2962 2435 paucis
2991 2379 3059 2420 cx
3099 2362 3336 2432 pani-bus
3382 2361 3550 2432 pisci-

1974 2460 2188 2528 busque
2242 2456 2585 2519 refectione,
2639 2463 2984 2509 mortuorum
3045 2452 3194 2506 velut
3257 2466 3290 2506 ο
3355 2463 3550 2506 somno

1975 2548 2321 2612 excitatione,
2359 2556 2413 2601 et
2440 2561 2548 2601 uno
2578 2546 2767 2609 verbo,
2795 2552 3006 2598 naturae
3057 2542 3113 2597 in
3163 2542 3364 2612 quibus
3395 2541 3550 2609 lapsa

1976 2637 2573 2703 erat,‘instauratione.
2613 2633 2754 2700 Quid
2787 2635 2867 2688 ais
2889 2633 2956 2686 ad
2979 2633 3116 2695 haec,
3149 2630 3457 2693 Saracens?
3479 2643 3550 2682 an

1977 2728 2285 2784 minoribus
2315 2743 2477 2797 quam
2513 2725 2749 2796 Moyses,
2779 2724 2952 2794 signis
2974 2723 3132 2795 471
3167 2731 3224 2777 et
3252 2720 3469 2777 indiciis
3491 2719 3552 2773 ιῑ-

1977 2820 2099 2874 dem
2126 2819 2230 2873 sibi
2258 2817 2494 2872 astrusit
2520 2815 2776 2870 Christus
2795 2816 2820 2868 ’ί

2047 2906 2290 2962 SABAC.
2312 2905 2681 2975 Nequaquam.

374 2995 569 3050 ΘΕΟΔ.
614 2990 782 3060 Οὗτος
821 2999 849 3050 6
877 2996 984 3050 ὑπὸ
1017 2993 1118 3050 τοῦ
1149 2995 1428 3060 Μωῦσέως
1472 2995 1868 3067 προδηλωθεὶς,
1898 3027 1941 3086 C

2045 2995 2298 3052 THEOD.
2322 2995 2425 3050 Hic
2453 3009 2583 3065 ergo
2607 3009 2639 3048 a
2669 2992 2852 3065 Moyse
2878 2993 3032 3063 prius
3062 2991 3395 3055 declaratus,
3424 3006 3549 3047 cum

307 3089 400 3142 καὶ
441 3087 718 3152 τοσούτοις
769 3090 864 3142 καὶ
891 3089 1158 3154 τοιούτοις
1215 3090 1407 3142 ὲαυτδν
1452 3089 1868 3160 πιστωσάμενος
1909 3080 1941 3086 ⁷

1985 3087 2370 3156 tot-tantisque
2403 3085 2576 3156 signis
2631 3098 2752 3139 sese
2801 3097 2831 3136 a
2866 3080 2979 3136 Deo
3017 3082 3235 3136 venisse
3263 3093 3548 3135 common-

307 3177 553 3248 σημείοις
595 3180 731 3249 πρὸς
760 3178 894 3232 Θεοῦ
941 3178 1261 3250 ἐληλυθέναι
1284 3217 1301 3245 ,
1347 3177 1728 3248 παρεγγυᾶται
1759 3179 1872 3240 τοῖς

305 3267 502 3323 ἑαυτοῦ
548 3267 820 3339 μαθηταῖς
871 3267 1079 3336 λέγων·
1116 3287 1134 3320 ι
1183 3268 1243 3320 ’0
1295 3269 1460 3339 νόμος
1513 3268 1608 3320 καὶ
1643 3268 1692 3320 oi
1738 3279 1874 3336 προ-

304 3359 473 3428 φῆται
529 3359 693 3430 μέχρι
748 3359 999 3415 Ἰωάννου
1035 3359 1131 3414 τοῦ
1166 3359 1498 3414 Βαπτιστοῦ.
1547 3359 1604 3413 Ὀ
1635 3358 1776 3430 ἔχων
1805 3357 1874 3412 τὰ

303 3442 419 3501 ῶτα
467 3450 726 3515 ἀκούειν,
760 3449 1024 3505 ἀκουέτω.
1067 3468 1087 3502 ι
1127 3449 1236 3504 Ποῦ
1289 3449 1472 3504 τοίνυν
1505 3450 1534 3503 6
1587 3449 1875 3522 προφήτης

306 3543 336 3594 ὑ
343 3540 462 3611 μῶν
487 3559 502 3608 ;
541 3543 643 3596 οὐκ
667 3541 880 3614 ἄδηλον.

378 3720 418 3752 "
449 3719 584 3774 ibid.
615 3720 736 3775 2-9.
817 3721 860 3754 “
887 3720 1022 3777 Luc.
1062 3737 1177 3790 xw,
1201 3723 1257 3778 6.

1977 3189 2228 3245 strasset,
2255 3177 2540 3250 discipulis
2577 3175 2694 3233 suis
2731 3173 3058 3245 spopondit,
3105 3173 3296 3227 dicens
3328 3193 3341 3227 :
3379 3189 3398 3223 ι
3435 3169 3548 3224 Lex

1979 3281 2034 3329 et
2074 3273 2354 3343 prOphetz
2402 3284 2577 3340 usque
2623 3266 2691 3322 ad
2746 3264 3011 3320 Joannem
3067 3262 3390 3332 Baptistam.
3439 3259 3548 3326 Qui

1982 3363 2144 3418 habet
2192 3375 2359 3416 aures
2408 3358 2692 3421 audiendi,
2737 3357 2924 3411 audiat
2954 3356 3022 3411 η.
3059 3373 3078 3407 ι
3119 3354 3221 3409 Ubi
3253 3353 3422 3426 igitur
3462 3359 3549 3409 est

1981 3453 2244 3525 prOpheta
2289 3450 2502 3508 vester?
2541 3449 2596 3506 id
2645 3451 2946 3505 obscurum
2986 3460 3098 3502 non
3127 3453 3234 3502 est.

322 3906 3523 3946 ww

1179 4072 1262 4132 IN
1317 4070 1774 4132 OPUSCULUM
1835 4074 2179 4147 SEQUENS
2229 4075 2656 4137 ADMONITIO
2745 4031 2751 4046 ³

1886 4255 1960 4268 —

381 4370 674 4460 qusculi
706 4371 810 4460 "de
846 4372 1230 4460 draconibus
1258 4380 1320 4460 et
1361 4374 1841 4460 strygibushseu
1870 4378 2254 4460 prolixior-is,
2305 4385 2377 4440 ut
2407 4377 2702 4460 conjicio,
2736 4373 3543 4460 lucubrationismfragmenti

381 4395 674 4448 upuscun
731 4395 810 4432 oe
846 4395 1230 4435 uracomnus
1258 4395 1320 4435 et
1361 4395 1696 4454 Strygtnus,
1727 4395 1841 4439 seu
1919 4395 2254 4450 romnons,
2305 4395 2377 4440 ut
2407 4395 2702 4458 οοῐῃιοιο,
2736 4395 3185 4437 iucunrauoms
3207 4395 3543 4450 Iragmenu

303 4446 511 4535 hujus,
557 4449 729 4535 quod
749 4467 927 4535 nunc
953 4452 1236 4535 primum
1249 4453 1499 4535 damus,
1525 4395 1920 4517 describendi
1936 4456 2091 4516 mihi
2113 4457 2506 4535 perhumane
2527 4452 2944 4535 capiamgfecit
2972 4454 3047 4512 R.
3075 4454 3141 4535 P_.
3173 4453 3547 4535 D_.__Bernar-

301 4525 420 4587 dus
449 4527 528 4587 de
567 4525 977 4590 Montfaucon
1015 4547 1094 4591 ex
1121 4531 1340 4593 codice
1379 4525 1526 4594 satis
1567 4535 1802 4596 recenti
1830 4525 2195 4596 monasterii
2226 4537 2436 4597 Sancti
2473 4525 2722 4596 Taurini
2755 4531 3173 4593 Ebroicensis.
3207 4530 3366 4591 Illud
3393 4547 3543 4592 vero

300 4604 948 4694 Joanni_1)_amasceno
978 4608 1247 4694 perinde
1276 4611 1556 4694 tribuunt
1579 4613 1793 4694 codex
1833 4612 2336 4694 _15_bibl_iot_hecm
2368 4614 2468 4694 _(_3l.
2509 4615 2766 4674 Joannis
2800 4608 3361 4694 Seldeni,_necnon
3388 4609 3544 4669 alter

299 4683 502 4743 codex
548 4683 946 4770 bibliotheca)
982 4683 1285 4770 Romantg
1305 4691 1783 4770 Sanctae-Marias
1808 4691 1886 4752 de
1919 4689 2256 4770 Vallicella,
2317 4692 2753 4770 nihilque_nos
2791 4689 2957 4770 cogit
2991 4694 3060 4747 ut
3080 4688 3285 4770 ipsum
3325 4688 3545 4770 Dama-

297 4775 488 4820 sceno
526 4767 788 4850 .nostro‘
815 4761 1192 4850 auferamus.
1242 4767 1333 4826 Ex
1359 4767 1561 4846 capite
1635 4768 1727 4850 23_
1767 4769 2064 4850 Historiae
2092 4760 2394 4850 Arabum,
2459 4760 2646 4849 quam
2698 4760 3544 4850 Abrahamus’Ecchcllensis

297 4840 671 4928 conscripsit
730 4845 797 4928 et
847 4840 1087 4928 edidit.
1115 4853 1395 4928 apparet,
1432 4840 1448 4846 ’
1470 4852 1550 4928 ut_
1565 4847 1732 4928 apud
1761 4847 2171 4928 Judmos,isic_
2192 4848 2359 4928 apud
2381 4840 2754 4928 Saracenos
2782 4843 3153 4928 praesertim,
3185 4843 3350 4928 inter
3385 4860 3545 4922 quos

295 4913 570 5001 Joannes
605 4924 818 5001 noster
875 4918 1120 5001 agebat,
1147 4913 1484 5001 familiares
1519 4913 1713 4986 fuisse
1751 4913 2100 4999 fabulas,de
2139 4913 2516 4989 draconibus
2547 4913 2814 4987 incubis.
2864 4913 3166 4984 Castorum
3209 4921 3328 4982 hoc
3378 4913 3544 5001 opus

294 4995 578 5086 ξεηοιυω
604 4996 847 5057 videtur
866 4995 1057 5086 fuisse
1101 4999 1235 5059 viro
1267 4999 1533 5086 inﬁnitae
1576 4995 2036 5086 propemodum
2073 5007 2439 5068 eruditionis
2479 5005 2672 5068 Leoni
2693 5002 2938 5086 Allatio,
2980 5002 3304 5086 qui,__cum
3339 4995 3547 5086 singu-

295 5067 634 5214 ﬂia???
657 5074 1114 5214 iiiperg‘imosas
1139 5078 1412 5153 eanem’
1435 5067 1597 5159 qua;
1617 5067 1863 5158 Νόδῖθτι
1895 5085 2293 5164 opinabiles
2318 5067 2676 5149 GNBOONID
2702 5067 3059 5162 exagitare},
3096 5067 3321 5142 iibrum
3357 5067 3544 5141 istum

504 5169 538 5213 a
628 5169 663 5214 a
711 5169 885 5214 θεᾶν]
917 5197 931 5212 .

295 5164 604 5229 nusquam
628 5164 931 5231 allegant.
