3970 6156
425 197 562 260 1599
1597 205 1659 268 S.
1690 207 2008 269 JOANNIS

447 350 3361 392 Μ

919 518 1599 635 ΙῘΩΑΝΝΟΥ
1700 519 2001 635 ΤΟΥ

2041 207 2473 270 DAMASCENI
3561 208 3724 276 1600

2093 520 3166 641 ΔΑΜΑΣΚΗΝΟΥ

1548 743 1806 828 ΠΕΡΙ
1860 739 2552 829 ΔΡΑΚΟΝΤΩΝ.

1297 1091 1895 1211 JOANNIS
1973 1099 2788 1214 DAMASCENI

1520 1342 1668 1430 DE
1765 1340 2563 1435 'DRACONIBUS.

516 1686 782 1754 Quoniam
844 1694 1023 1744 autem
1085 1690 1348 1749 dracones
1405 1712 1621 1768 quoque
1686 1696 1896 1767 tingunt
1957 1697 2052 1758 in,

2198 1698 2417 1770 Ἐπειδὴ
2467 1698 2561 1754 καὶ
2606 1697 2907 1770 δράκοντας
2945 1700 3348 1756 ἀναπλάττουσι
3400 1717 3691 1774 μεταμορ-

447 1779 656 1834 formas
697 1780 974 1836 hominum
1010 1784 1265 1849 transire,
1299 1795 1354 1841 et
1375 1789 1536 1843 modo
1572 1789 1788 1858 quidem
1815 1803 2012 1858 parvos

449 1877 731 1938 serpentes
786 1885 942 1935 esse,
1007 1880 1117 1926 tum
1175 1873 1374 1930 deinde
1434 1876 1701 1932 maximos
1759 1878 2009 1943 evadere,

449 1974 678 2028 procera
713 1961 855 2015 mole
890 1969 944 2016 et
991 1965 1369 2032 magnitudine
1418 1965 1668 2037 corporis
1721 1968 2010 2033 immanes,

453 2063 517 2100 ac
553 2050 771 2106 tandem
814 2051 1083 2116 homines,
1120 2055 1198 2108 uti
1245 2056 1451 2110 dictum
1499 2065 1606 2120 est,
1650 2057 1844 2122 factos,
1887 2073 2012 2112 cum

453 2136 772 2194 hominibus
805 2143 1142 2206 conversari,
1191 2144 1464 2211 incedere,
1511 2147 1768 2203 mulieres
1797 2163 2014 2218 rapere,

451 2237 506 2282 et
538 2243 662 2282 cum
685 2229 766 2286 eis
795 2232 964 2286 coire.
999 2231 1105 2288 Eos
1150 2235 1243 2304 qui
1299 2237 1413 2292 haec
1456 2249 1702 2304 narrant,
1736 2255 2015 2309 rogamus,

453 2326 588 2386 quot
617 2319 915 2377 rationales
943 2330 1172 2379 naturas
1219 2323 1363 2381 Deus
1402 2325 1612 2381 iecerit.
1653 2327 1809 2393 Quod
1839 2329 1886 2384 si
1915 2329 2019 2384 hoc

455 2407 734 2473 nesciunt,
768 2409 906 2467 duas
937 2412 1048 2467 illis
1091 2414 1361 2480 dicemus,
1446 2417 1670 2487 angelos
1708 2418 1922 2474 scilicet
1965 2425 2021 2474 et

456 2497 728 2554 homines.
769 2500 941 2555 Porro
979 2501 1232 2560 diabolus
1265 2521 1408 2560 unus
1457 2515 1575 2561 erat
1619 2522 1685 2562 ex
1725 2509 2021 2578 .angelicis

456 2585 796 2643 virtutibus:
842 2603 1081 2660 cumque
1127 2601 1322 2660 sponte
1368 2593 1632 2650 defecerit
1693 2611 1726 2649 a
1791 2598 1934 2660 luce,
1966 2597 2022 2650 in

459 2678 704 2734 tenebris
752 2680 1020 2749 graditur.
1071 2680 1237 2752 Atqui
1295 2684 1487 2738 ambas
1521 2685 1744 2754 quidem
1791 2695 2021 2744 naturas

460 2765 596 2823 istas
642 2767 784 2824 Deus
839 2771 1108 2827 condidit.
1166 2773 1262 2827 Sin
1308 2773 1442 2829 vero
1498 2775 1683 2840 draco,
1739 2787 2023 2846 assumpta

461 2859 644 2928 specie
670 2859 868 2926 altera,
914 2875 1040 2916 cum
1088 2862 1405 2920 [nominibus
1455 2873 1837 2931 conversatur,
1886 2882 2024 2922 con-

463 2957 787 3021 stupralque
822 2952 1104 3018 mulieres,
1138 2969 1203 3009 ac
1234 2957 1396 3011 modo
1422 2957 1646 3027 quidem
1670 2973 1898 3028 serpens
1929 2973 2025 3013 ex-

2113 1793 2414 1863 φουμένους
2471 1793 2551 1855 εἰς
2604 1791 2906 1861 ἀνθρώπων
2938 1793 3172 1863 μορφὰς.
3222 1793 3317 1846 καὶ
3367 1794 3501 1846 ποτέ
3528 1795 3691 1861 ὄφεις

2113 1883 2364 1950 γενέσθαι
2423 1883 2669 1954 μικροὺς,
2717 1883 2846 1936 ποτέ
2885 1883 3174 1952 μεγίστους
3219 1883 3359 1946 λίαν,
3394 1884 3550 1954 δγκῳ
3597 1891 3694 1940 καὶ

2118 1977 2336 2047 μεγέθει
2361 1974 2608 2045 σώματος
2625 1975 3083 2045 ὑπερϐάλλοντας,
3103 1974 3233 2027 ποτέ
3255 1976 3312 2026 δὲ
3337 1975 3691 2046 ἀνθρώπους,

2115 2067 2192 2130 ὡς
2228 2067 2466 2136 εἴρηται,
2510 2065 2848 2134 γινομένους,
2888 2063 2985 2117 καὶ
3046 2065 3183 2134 μετὰ
3218 2065 3521 2135 ἀνθρώπων
3566 2068 3695 2134 ὁμι-

2115 2157 2363 2219 λοῦντας,
2417 2154 2744 2227 ἐρχομένους
2775 2172 2856 2216 τε,
2883 2155 2977 2206 καὶ
3013 2157 3279 2222 γυναῖκας
3312 2156 3688 2223 ἁρπάζοντας,

2119 2249 2212 2303 καὶ
2240 2247 2731 2317 ωνουσιασμένους
2768 2247 2979 2310 αὑταῖς,
3015 2244 3248 2314 ἐροῦμεν
3279 2246 3484 2309 αὐτοῖς·
3505 2246 3691 2308 Πόσας

2119 2340 2311 2409 φύσεις
2341 2339 2568 2407 λογικὰς
2603 2338 2859 2406 ἐποίησεν
2909 2337 2938 2388 ὁ
2989 2336 3121 2398 Θεός
3147 2353 3162 2401 ;
3191 2336 3302 2388 Kal.
3335 2336 3384 2388 εί
3414 2336 3475 2388 οὐ
3520 2337 3692 2403 γινὼ-

2123 2446 2362 2494 σκουσιν,
2395 2427 2627 2498 ἐροῦμεν
2674 2426 2856 2489 αὐτοῖς
2879 2443 2893 2457 ·
2942 2425 3073 2479 δύοο
3115 2425 3383 2493 ἀγγέλους
3412 2425 3555 2496 φημὶ
3596 2427 3690 2478 καὶ

2123 2519 2462 2589 ἀνθρώπους.
2502 2520 2562 2570 '0
2599 2517 2657 2568 δέ
2689 2515 2933 2578 διάϐολος
2958 2509 3040 2578 εἷς
3061 2514 3168 2567 τῶν
3198 2515 3503 2582 ἀγγελικῶν
3530 2514 3690 2568 δυνά-

2126 2628 2272 2682 μεων
2301 2606 2390 2680 ἦν,
2444 2609 2538 2662 καὶ
2588 2608 2852 2670 ἑκουσίως
2884 2607 3126 2670 ἀποστὰς
3166 2607 3229 2659 ἐκ
3261 2606 3355 2659 τοῦ
3399 2606 3598 2674 φωτὸς,
3633 2608 3691 2658 ἐν

2126 2702 2308 2755 σκότει
2361 2700 2674 2771 πορεύεται.
2719 2699 2934 2760 Ταύτας
2972 2697 3072 2767 μὲν
3102 2697 3202 2759 τὰς
3227 2696 3320 2749 δύο
3351 2696 3544 2764 φύσεις
3590 2695 3694 2760 τὰς

2123 2791 2347 2859 λογικάς
2379 2790 2659 2860 ἐποίησεν·
2715 2791 2745 2843 ὁ
2794 2788 2853 2841 δέ
2902 2788 3139 2860 δράκων,
3195 2789 3316 2840 ἐπεὶ
3344 2786 3524 2858 ὁμιλεῖ
3555 2787 3697 2856 μετὰ

2125 2880 2446 2952 ἀνθρώπων,
2486 2879 3005 2953 μεταμορφούμενος
3039 2882 3133 2933 καὶ
3179 2879 3548 2943 συνουσιάζων
3575 2879 3697 2941 ταῖς

2126 2973 2364 3041 γυναιξὶ,
2395 2972 2490 3026 καὶ
2519 2972 2649 3025 ποτέ
2683 2971 2781 3042 μὲν
2822 2970 2966 3040 ὄφις,
2999 2971 3126 3025 ποτέ
3176 2971 3233 3024 δὲ
3272 2969 3581 3040 ἄνθρωπος,
3620 2969 3697 3032 ὡς

463 3041 635 3105 sistit,
670 3041 830 3098 modo
858 3051 1040 3098 autem
1066 3045 1266 3111 homo;
1301 3023 2027 3118 hinc—manifeste‘sequitur

2135 3023 2218 3123 ἑὲξ
2236 3023 2584 3113 signa...
2610 3023 3167 3129 γινόμενος,ἐΰδηλον
3190 3023 3512 3124 (minus;
3540 3023 3693 3120 ’ἐστιζ

462 3147 590 3187 eum
647 3149 770 3190 esse
823 3138 1038 3192 ratione
1065 3138 1374 3208 praeditum,
1409 3138 1657 3210 adeoque
1699 3139 1860 3209 longe
1887 3155 2030 3210 prte-

465 3225 788 3281 stantiorem
824 3227 1048 3285 homine
1077 3246 1092 3284 :
1131 3229 1186 3283 id
1218 3229 1366 3300 quod
1399 3230 1560 3299 plane
1588 3246 1871 3300 nunquam
1903 3230 2030 3297 fuit,

466 3332 569 3372 nec
599 3319 726 3373 erit.
758 3317 899 3385 Quin
941 3320 1134 3375 dicant
1172 3321 1352 3387 nobis,
1396 3322 1715 3391 ecquisnam
1764 3323 1919 3377 illum
1949 3323 2033 3379 vi-

467 3408 588 3463 dit?
616 3410 728 3466 Nos
759 3411 962 3481 quippe
989 3411 1214 3485 Moysis,
1259 3428 1356 3469 seu
1398 3414 1582 3483 potius
1614 3413 1855 3484 Spiritus
1900 3430 2033 3470 san-

467 3501 565 3565 cti,
593 3501 687 3571 qui
719 3517 815 3572 per
841 3502 996 3557 illum
1035 3504 1254 3561 locutus
1292 3513 1399 3569 est,
1452 3505 1718 3560 doctrinae
1749 3504 1906 3561 [idem
1933 3505 2034 3561 ha-

469 3593 682 3650 bemus.
725 3594 776 3650 ls
805 3610 974 3666 porro
1008 3596 1088 3652 sic
1116 3597 1224 3652 ait:
1263 3614 1282 3648 ι
1330 3598 1398 3651 Ει
1425 3597 1652 3653 adduxit
1695 3597 1842 3653 Deus
1872 3613 2034 3654 omne

471 3687 675 3742 animal
707 3688 774 3743 ad
837 3689 1035 3758 Adam,
1074 3697 1136 3746 ut
1173 3690 1382 3747 videret
1433 3691 1566 3761 quid
1607 3691 1769 3764 472
1812 3698 2038 3748 vocaret

471 3791 573 3830 ea:
617 3787 673 3830 et
721 3777 867 3846 quod
923 3781 1141 3836 vocavit
1197 3781 1396 3846 Adam,
1452 3782 1630 3852 ipsum
1681 3790 1771 3839 est
1837 3799 2036 3838 nomen

472 3866 595 3936 ejus
635 3866 675 3920 ί.
705 3885 725 3918 ι
767 3866 1038 3933 Quocirca
1074 3872 1245 3928 draco
1302 3887 1472 3927 unum
1513 3881 1633 3928 erat
1667 3888 1733 3929 ex
1783 3875 2038 3929 animali-

473 3959 600 4015 lius.
635 3957 825 4029 Neque
856 3975 959 4030 ego
987 3959 1113 4016 dico
1159 3964 1255 4018 tibi
1290 3963 1590 4019 draconem
1625 3981 1736 4020 non
1767 3973 1989 4021 exstare
2021 3982 2036 4020 :

475 4060 603 4105 sunt
647 4050 792 4105 enim
825 4051 1124 4119 dracones;
1164 4053 1259 4108 sed
1312 4053 1367 4107 hi
1418 4061 1703 4123 serpentes
1757 4063 1908 4115 sunt.
1944 4054 2040 4124 qui

473 4159 539 4197 ex
572 4142 906 4199 draconibus
938 4144 1061 4199 aliis
1096 4153 1479 4215 procreantur.
1517 4144 1651 4198 Nam
1691 4147 1914 4216 quando
1955 4163 2042 4202 re-

473 4246 605 4286 cens
636 4232 844 4288 exclusi
879 4241 1080 4290 suntet
1109 4236 1334 4303 novelli,
1369 4237 1522 4307 parvi
1552 4244 1720 4304 sunt;
1754 4245 2042 4308 postquam

473 4337 604 4377 vero
634 4323 760 4378 cibo
807 4325 946 4394 pasti
994 4335 1144 4392 sunt,
1194 4338 1250 4386 et
1295 4336 1729 4394 consenuerunt,
1773 4329 1953 4398 magni
1987 4336 2043 4384 et

475 4414 646 4469 crassi
677 4415 938 4482 evadunt,
998 4415 1073 4471 ita
1130 4429 1192 4474 ut
1245 4421 1493 4490 reliquos
1542 4433 1750 4490 angues
1801 4419 1945 4473 mole
1988 4430 2044 4475 et

477 4505 852 4576 magnitudine
892 4517 1174 4578 superent.
1208 4511 1483 4582 Aiuntque
1522 4525 1619 4565 eos
1648 4511 1789 4564 ultra
1822 4510 2043 4580 triginta

478 4599 695 4652 cubitos
726 4613 1045 4670 augescere,
1075 4590 1449 4658 crassitudine
1483 4614 1618 4654 vero
1652 4614 1906 4669 magnam
1931 4608 2044 4653 tra-

479 4687 600 4741 bem
653 4704 960 4759 exaequare.
1011 4689 1155 4758 Quin
1207 4700 1262 4747 et
1318 4691 1455 4746 Dion
1504 4688 1808 4755 Romanus,
1857 4688 1950 4758 qui
1979 4688 2048 4744 de

482 4776 715 4845 imperio
741 4787 795 4833 et
836 4781 1120 4851 republica
1168 4781 1415 4836 Romana
1464 4771 1708 4850 scripsit,
1763 4777 1856 4834 ubi
1900 4778 2046 4833 cele-

482 4866 864 4923 bratissimum
915 4871 1349 4943 Carthaginense
1394 4871 1599 4928 bellum
1644 4869 1865 4936 recitat,
1917 4867 2051 4924 illud

485 4952 680 5022 refert,
735 4975 844 5029 quo
887 4971 1132 5029 tempore
1178 4961 1420 5032 Regulus
1468 4977 1585 5017 cos.
1634 4959 1917 5016 Romanus
1951 4959 2048 5015 ad-

485 5068 680 5111 versus
708 5051 1173 5122 Carthaginenses
1222 5055 1550 5120 decertaret,
1586 5061 1812 5124 repente
1849 5051 2052 5108 draco-

487 5166 612 5206 nem
667 5149 812 5204 ultra
858 5148 1062 5203 vallum
1125 5146 1357 5203 Romani
1413 5150 1690 5205 exercitus
1744 5155 2050 5215 reptantem

488 5239 750 5309 iacuisse,
806 5255 969 5310 quem
1025 5254 1149 5294 cum
1196 5239 1347 5294 illius
1385 5240 1546 5308 jussu
1596 5245 1913 5304 necasseut,
1960 5239 2054 5292 ἀει

2133 3149 2228 3202 καὶ
2262 3147 2462 3219 μᾶλλον
2515 3145 2843 3218 τιμιώτερος
2893 3146 3032 3216 ὑπὲρ
3067 3145 3158 3198 τὸν
3205 3143 3530 3216 ἄνθρωπονο
3563 3146 3698 3213 ὅπερ

2132 3237 2255 3292 οὐδὲ
2279 3234 2368 3309 ἦν,
2396 3238 2519 3292 οὐδέ
2546 3238 2718 3292 ἔσται.
2751 3237 3093 3299 Είπάτωσαν,
3115 3235 3206 3289 καὶ
3229 3234 3314 3298 τίς
3341 3234 3533 3288 τοῦτον
3559 3235 3698 3287 ίστο-

2139 3331 2259 3399 ρεϊ;
2299 3330 2461 3399 ἡμεῖς
2490 3329 2600 3399 γὰρ
2620 3326 2697 3396 τῷ
2731 3327 2962 3396 δόγματι
2992 3324 3088 3378 τοῦ
3125 3323 3407 3385 Μωῦσὲως
3441 3325 3696 3392 πειθόμε-

2135 3418 2226 3483 θα,
2258 3418 2460 3490 μᾶλλον
2499 3417 2555 3470 δέ
2593 3419 2689 3470 τοῦ
2720 3416 2876 3484 ἁγίου
2910 3413 3247 3484 Πνεύματος,
3293 3413 3390 3466 τοῦ
3427 3415 3497 3468 δι’
3535 3411 3698 3467 αὐτοῦ

2134 3509 2485 3580 λαλήσαντος.
2521 3507 2632 3560 Kal
2661 3505 2835 3561 ταῦτα
2865 3505 3013 3572 λέγει
3031 3521 3048 3538 ο
3089 3523 3108 3556 ι
3140 3503 3250 3558 Καὶ
3277 3505 3488 3573 ἢγαγεν
3517 3505 3546 3556 ὁ
3572 3503 3698 3566 Θεὸς

2137 3601 2246 3653 πᾶν
2273 3597 2410 3662 ζῶον
2436 3597 2516 3661 εἰς
2542 3597 2636 3650 τδν
2679 3596 2868 3667 Ἀδὰμ,
2907 3594 3034 3649 ίδείν
3061 3595 3116 3648 τί
3151 3594 3374 3648 καλεσει
3405 3595 3577 3648 αὐτά·
3612 3595 3700 3648 καὶ

2136 3691 2165 3745 ὃ
2197 3690 2444 3754 ἐκάλεσε,
2493 3688 2650 3742 τοῦτο
2698 3688 2868 3759 δνομα
2896 3686 3081 3740 αὑτοῦ.
3121 3704 3141 3738 ι
3172 3685 3337 3740 Ὅθεν
3383 3685 3482 3739 καὶ
3511 3687 3541 3739 ὁ
3574 3685 3698 3756 δρά-

2137 3798 2250 3834 κων
2272 3780 2330 3832 ἓν
2352 3775 2420 3850 ἦν
2467 3778 2576 3833 τῶν
2609 3777 2784 3843 ζώων.
2815 3778 2926 3832 Καὶ
2961 3778 3020 3830 οὑ
3053 3777 3200 3845 λέγω
3227 3795 3330 3840 σοι,
3359 3776 3444 3830 ὃτι
3473 3778 3573 3830 οὐκ
3593 3776 3700 3829 ἔστι

2137 3870 2356 3942 δράκων
2379 3885 2395 3901 ο
2426 3869 2533 3922 είσὶ
2566 3868 2665 3940 μὲν
2711 3868 2820 3940 γάρ
2847 3868 3140 3938 δράκοντες
3163 3908 3179 3933 ,
3226 3865 3368 3936 πλὴν
3397 3865 3553 3935 ὄφεις
3581 3865 3698 3928 εἰσὶ,

2139 3960 2414 4031 γινόμενοι
2444 3959 2502 4012 δέ
2527 3958 2586 4023 ἐξ
2607 3958 2812 4030 ἐτέρων
2841 3957 3172 4030 δρακόντων.
3199 3957 3392 4019 Ὀντες
3415 3955 3528 4027 γὰρ
3562 3957 3704 4024 ἀρτι-

2141 4054 2319 4122 γενεῖς
2351 4051 2446 4106 καὶ
2474 4050 2606 4116 νέοι,
2638 4051 2826 4121 μικροί
2848 4052 3007 4115 εἰσιν,
3041 4048 3445 4120 ἀνατραφέντες
3491 4048 3570 4114 δὲ,
3618 4048 3704 4101 καὶ

2141 4142 2566 4208 παλαιωθέντες,
2619 4141 2846 4212 μεγάλοι
2902 4142 2999 4195 καὶ
3049 4141 3245 4210 παχεῖς
3268 4139 3534 4207 γίνονται,
3566 4138 3704 4208 ὄγκῳ

2144 4235 2238 4288 καὶ
2267 4233 2486 4304 μεγέθει
2511 4231 2868 4303 ὑπερέχοντες
2892 4231 2997 4283 τῶν
3027 4231 3232 4284 λοιπῶν
3261 4229 3460 4299 ὄφεων.
3497 4229 3634 4283 Φασὶ
3654 4229 3704 4282 δὲ

2145 4324 2342 4387 αὐτοὺς
2386 4323 2645 4376 ἐπέκεινα
2675 4321 2782 4375 τῶν
2804 4321 3099 4392 τριάκοντα
3126 4319 3319 4391 πηχῶν
3363 4319 3703 4396 αὐξάνεσθαι,

2147 4415 2208 4468 τὸ
2225 4414 2282 4468 δὲ
2313 4414 2486 4483 πάχος
2504 4411 2770 4478 γίνεσθαι,
2791 4407 2903 4466 οἷον
2925 4412 3080 4465 δοκὸν
3111 4412 3374 4482 μεγάλην.
3412 4411 3472 4465 '0
3500 4411 3560 4462 δὲ
3583 4410 3706 4463 Δίων

2149 4504 2178 4555 ὁ
2217 4505 2505 4573 Ῥωμαῖος,
2533 4505 2562 4556 ὁ
2611 4503 3069 4574 συγγραψάμενος
3121 4503 3251 4574 περὶ
3293 4502 3398 4571 τῆς
3438 4500 3706 4571 βασιλείας

2153 4596 2247 4650 καὶ
2270 4597 2398 4666 περὶ
2421 4595 2520 4666 τῆς
2547 4594 2926 4665 δημοκρατίας
2956 4593 3197 4666 Ῥώμης,
3233 4593 3330 4646 καὶ
3377 4592 3704 4662 διηγησάμε-

2153 4705 2241 4751 νος
2264 4687 2508 4758 περὶτοῦ
2538 4685 2980 4758 πολυθρυλλὴτου
3026 4684 3260 4755 πολέμου
3292 4683 3387 4736 τοῦ
3439 4684 3707 4756 Καρχηδοε

2157 4777 2293 4843 νίου,
2328 4776 2498 4844 λέγει,
2529 4775 2613 4828 ὅτι
2655 4773 2946 4845 Ῥηγούλου
2990 4771 3086 4825 τοῦ
3115 4770 3320 4824 ὑπάτου
3381 4768 3604 4838 Ῥώμης
3628 4785 3708 4820 πο-

2155 4865 2445 4938 λεμοῦντος
2479 4864 2578 4935 τὴν
2606 4862 2962 4934 Καρχηδόνα,
2997 4860 3254 4931 ἐξαίφνης
3301 4859 3522 4929 δράκων
3557 4857 3709 4929 ἐρπὺ·

2157 4975 2276 5022 σας,
2308 4956 2413 5022 ἔξω
2443 4953 2538 5008 τοῦ
2585 4951 2985 5024 χαρακώματος
3020 4951 3116 5005 τοῦ
3157 4949 3432 5020 Ῥωμαίου
3492 4946 3708 5020 στρατοῦ

2156 5051 2355 5106 ἔκειτο.
2387 5049 2447 5102 ὃν
2475 5050 2542 5119 τῇ
2571 5045 2862 5118 προστάξει
2891 5043 3056 5098 αὑτοῦ
3087 5043 3335 5097 ἔκτειναν
3357 5045 3408 5097 oi
3445 5041 3707 5112 Ῥωμαῖοι,

2156 5143 2250 5197 καὶ
2288 5140 2670 5210 ἀποδείραντες
2693 5135 2877 5199 αὑτὸν,
2908 5134 3113 5188 ἔστειλε
3149 5133 3248 5204 τὴν
3275 5132 3437 5203 δορὰν
3467 5132 3630 5186 αὐτοῦ
3655 5132 3709 5200 τῇ

2129 5241 2132 5244 ’
2165 5233 2454 5302 συγκλήτῳ
2493 5230 2710 5300 Ῥώμης
2733 5243 2747 5257 ⁸
2782 5227 2926 5298 μέγα
2953 5224 3136 5297 θαῦμα
3160 5241 3175 5257 °
3198 5226 3292 5281 καὶ
3319 5224 3472 5296 παρὰ
3504 5225 3604 5294 τῆς
3627 5223 3708 5276 αὗ·

494 5339 725 5384 tractam
772 5332 968 5401 pellem
1008 5331 1238 5386 Romam
1287 5331 1354 5385 ad
1399 5338 1650 5385 senatum
1703 5327 1928 5383 missam
1961 5347 1973 5382 :
2005 5335 2052 5382 et

2164 5325 2264 5394 τῆς
2291 5319 2620 5392 μετρηθεῖσα
2651 5317 2977 5388 συγκλήτου,
3010 5315 3086 5379 ὡς
3113 5315 3277 5378 αὐτὸς
3319 5317 3357 5368 δ’
3377 5315 3518 5367 Δίων
3554 5313 3708 5401 ἔλεγε,

493 5419 689 5487 grandi
719 5422 1010 5487 miraculo,
1041 5437 1163 5479 cum
1196 5430 1422 5480 senatus
1453 5421 1596 5478 hanc
1639 5434 1861 5476 mensus
1891 5429 2056 5486 esset,
2106 5407 2109 5411 ”

571 5571 736 5628 'Gcn.
771 5590 829 5640 η,
852 5574 905 5628 9.

2168 5411 2362 5484 εὑρέθη
2390 5411 2585 5482 ἔχουσα
2621 5409 2793 5480 μῆκος
2825 5408 3001 5464 ποδῶν
3038 5406 3234 5463 ἐκατὸν
3258 5406 3432 5461 είκοσι
3460 5423 3475 5438 ·
3505 5405 3637 5478 πρὸς
3664 5398 3712 5456 rb
