3970 6156
211 361 343 429 1601

1212 356 1311 416 DE
1341 351 1822 415 DRACONIBUS
1847 353 1940 412 ET
1980 352 2418 413 STRYGIBUS.

3325 346 3459 411 1602

226 473 402 543 μῆκος
433 466 599 524 αὐτοῦ
638 461 707 538 ἦν
741 464 923 521 καὶτὸ
953 464 1144 535 πάχος.
1177 464 1334 516 Ἔστι
1381 463 1436 517 δὲ
1489 464 1582 516 καὶ
1615 463 1780 532 ἑτέρα

1909 463 2204 532 nquitDio,
2257 464 2478 518 inventa
2522 469 2608 520 est
2662 472 2879 518 centum
2929 470 2984 516 et
3013 461 3203 532 viginti
3260 468 3457 530 pedum

207 561 372 631 γενεά
425 558 758 631 δρακόντων,
814 557 1070 610 πλατεῖαν
1111 554 1211 624 μὲν
1244 553 1442 623 ἔχουσα
1464 553 1563 624 τὴν
1617 571 1784 621 κεφα-

206 653 326 723 λὴν,
369 651 682 721 ὀφθαλμοὺς
711 646 1065 719 χρυσοειδεῖς,
1100 639 1182 708 οἷς
1217 645 1314 715 μὲν
1343 646 1422 706 εἰς
1447 645 1537 697 τὸν
1568 644 1786 698 τένοντα

209 744 376 812 αὐτοῦ
406 743 635 812 κέρατα,
674 739 882 810 ἑτέροις
909 738 966 790 δὲ
983 737 1168 803 γένεια
1196 737 1278 798 είς
1300 736 1392 788 τὸν
1418 735 1665 806 λάρυγγα
1691 735 1789 788 αὖ·

209 835 320 887 τῶν
343 849 356 862 ·
385 826 461 886 ὧν
484 833 582 904 τὴν
618 831 808 899 γενεὰν
838 827 1017 882 αὐτῶν
1042 826 1296 879 καλοῦσιν
1334 826 1786 894 ’Λγαθοδαίμοναο

211 924 430 994 λέγουσι
457 924 514 976 δὲ
545 923 770 985 τούτους
797 920 869 990 μὴ
900 919 1042 988 ἔχειν
1076 919 1172 971 ἰόν.
1210 919 1270 970 '0
1294 918 1350 970 δὲ
1387 917 1601 987 δράκων
1628 917 1792 984 γενεὰ

213 1016 386 1080 ἐστιν,
425 1014 500 1077 ὡς
528 1013 622 1066 καὶ
651 1012 717 1065 τὰ
761 1011 924 1063 λοιπά
959 1010 1146 1081 θηρία.
1181 1010 1334 1079 Ἔχει
1385 1008 1441 1060 δὲ
1469 1007 1674 1074 γένεια,
1714 1007 1790 1070 ὡς

213 1103 312 1157 καὶ
338 1106 365 1156 6
397 1102 619 1173 τράγος,
649 1101 743 1154 καὶ
769 1100 904 1170 πρὸς
932 1092 1021 1152 :6v
1047 1099 1271 1152 τένοντα
1303 1096 1468 1151 αὑτοῦ
1498 1098 1572 1159 ώς
1601 1098 1788 1166 κέρας.

214 1193 280 1246 Οἱ
315 1193 372 1246 δὲ
408 1191 678 1262 ὀφθαλμοὶ
712 1191 876 1244 αὐτοῦ
914 1192 1142 1261 μεγάλοι
1193 1191 1289 1242 καὶ
1323 1189 1674 1258 χρυσοειδείς.
1708 1187 1794 1239 Γί-

201 1285 397 1338 νονται
451 1285 508 1337 δὲ
553 1283 782 1354 μεγάλοι
836 1284 930 1334 καὶ
981 1281 1188 1352 μικροί.
1223 1281 1402 1333 Πᾶσαι
1434 1279 1490 1331 δὲ
1521 1281 1577 1333 αἱ
1609 1279 1793 1347 γενεαὶ

213 1375 323 1428 τῶν
351 1375 548 1444 ὄφεων,
582 1374 675 1428 καὶ
705 1372 898 1425 ίοὸόλοι
939 1371 1044 1425 εἰσί
1070 1389 1084 1404 ο
1121 1371 1280 1443 μόνος
1313 1369 1370 1422 δὲ
1408 1372 1436 1423 6
1468 1369 1686 1440 δράκων
1716 1369 1792 1421 ἰὸν

214 1467 318 1521 οὐκ
341 1466 478 1537 ἔχει.

287 1551 660 1620 Μυθολογοῦσι
690 1550 747 1605 δὲ
781 1549 873 1604 καὶ
918 1548 1098 1616 τοῦτο,
1151 1549 1233 1602 ὅτι
1271 1547 1376 1601 ὑπὸ
1419 1548 1518 1618 τῆς
1567 1546 1796 1618 βροντῆς

216 1643 472 1697 διώκεται
498 1645 526 1696 6
551 1643 769 1714 δράκων
798 1661 812 1675 ο
846 1641 1292 1712 ἀναλαμϐάνεται
1319 1641 1376 1694 δὲ
1405 1643 1486 1704 εἰς
1512 1641 1671 1710 ἀέρα,
1702 1641 1796 1694 καὶ

217 1731 565 1786 θανατοῦται.
610 1730 750 1800 Ἐγὼ
774 1732 832 1785 δὲ
863 1730 1038 1784 ταῦτα
1067 1729 1329 1794 ἀκούσας,
1383 1728 1641 1798 ἐγέλασα.
1670 1727 1796 1790 Πῶς

217 1820 352 1875 ποτὲ
385 1821 486 1891 μὲν
513 1819 985 1892 ἀνθρωπόμορφον
1009 1820 1104 1874 καὶ
1143 1817 1361 1888 λογικὸν
1395 1819 1630 1881 ποιοῦσι,
1661 1817 1792 1870 ποτὲ
1826 1802 1868 1856 Β

217 1912 272 1965 δὲ
299 1911 441 1980 ὄφιν,
479 1910 609 1964 ποτὲ
633 1911 688 1964 δὲ
716 1911 834 1980 Θεῷ
872 1909 1352 1980 ἀντιταττόμενον,
1388 1909 1484 1962 καὶ
1522 1907 1628 1960 ὑπὸ
1654 1908 1790 1961 Θεοῦ

218 2005 589 2076 διωκόμενον;
631 2007 840 2069 Ὄντως
864 2003 1130 2076 σφαλερὸν
1172 2006 1206 2076 ἡ
1236 2003 1493 2074 ἀμάθεια.
1544 2003 1794 2071 Μέγιστα

217 2095 329 2166 γάρ
367 2094 812 2165 βλαπτόμεθα-ὲκ
847 2095 942 2148 τοῦ
977 2095 1052 2171 μὴ
1098 2093 1489 2163 ἀναγινώσκειν
1515 2095 1613 2156 τὰς
1645 2092 1796 2162 ἱερὰς

223 2183 460 2256 βίϐλους,
510 2185 604 2238 καὶ
653 2187 877 2258 ὲρευνᾷν
908 2185 1100 2250 αύτάς,
1157 2185 1298 2239 κατά
1325 2184 1414 2238 τὸν
1441 2184 1536 2238 τοῦ
1588 2185 1794 2255 Κυρίου

219 2273 398 2343 λόγον.
432 2274 574 2328 Ἀλλ’
595 2277 624 2328 6
661 2277 759 2346 μὲν
792 2274 1127 2348 στρατιώτης
1155 2275 1323 2344 λέγει,
1349 2276 1430 2327 ὅτι
1454 2274 1797 2345 Στρατιώτης

221 2363 360 2434 είμὶ,
384 2366 477 2417 καὶ
507 2367 566 2418 ού
594 2365 784 2436 χρείαν
823 2365 932 2436 ἔχω
970 2364 1326 2434 ἀναγνώσεως
1349 2382 1364 2396 ·
1396 2366 1424 2416 ό
1447 2365 1502 2416 δὲ
1531 2364 1796 2435 γεωργὸς,

220 2453 322 2525 τὴν
355 2457 670 2526 γεωργικὴν
711 2454 1134 2526 προφασίζεται,
1186 2456 1281 2509 καὶ⁹
1328 2456 1376 2508 οί
1411 2455 1532 2509 καθ’
1584 2455 1710 2526 ἑξῆς
1739 2455 1799 2508 τὸ

222 2545 376 2612 αὐτὸ,
419 2547 513 2600 καὶ
543 2547 708 2617 ὲσμὲν
744 2547 945 2610 πάντες
974 2547 1232 2610 ἐλλιπεῖς.
1281 2547 1348 2598 Ἠ
1376 2546 1433 2600 δὲ
1466 2545 1660 2617 βροντὴ
1681 2545 1804 2616 δρά-

224 2653 391 2690 κοντα
418 2638 478 2690 ού
501 2637 708 2702 διώκει,
744 2636 860 2691 ἀλλ’
883 2639 940 2690 αἱ
973 2636 1194 2708 βρονταὶ
1217 2636 1459 2706 γίνονται
1503 2638 1568 2690 ὲκ
1598 2636 1692 2689 τοῦ
1727 2635 1805 2689 νέ-

226 2740 381 2794 φους,
406 2724 606 2777 ὁπόταν
630 2725 690 2777 :6
724 2727 884 2793 νέφος
908 2724 1154 2779 νοτισθὲν
1203 2725 1262 2790 ἐξ
1295 2725 1620 2797 ὑγρότητος,
1651 2725 1807 2778 ὲλαυ·

224 2816 455 2887 νόμενον
504 2815 562 2868 δὲ
608 2817 715 2869 ὑπὸ
747 2816 841 2870 τοῦ
890 2815 1224 2887 πνεύματος,
1267 2817 1386 2886 ἤτοι
1431 2815 1524 2868 τοῦ
1578 2816 1800 2886 ἀνέμου,

225 2906 466 2978 ὀγκωθῇ.
513 2905 790 2970 Ἐλθόντος
820 2906 929 2977 γὰρ
968 2906 1123 2960 ἔνδον
1169 2904 1266 2959 τοῦ
1313 2904 1648 2975 πνεύματος,
1709 2906 1806 2958 καὶ

230 2996 400 3069 ῥῆξαν
436 2996 588 3060 αὐτὸ,
626 2997 974 3051 ἀποτελεῖται
1019 2999 1048 3050 6
1073 2992 1227 3068 ἦχος.
1261 2996 1372 3050 Καὶ
1404 2998 1437 3065 ἡ
1473 2997 1570 3066 μὲν
1599 2995 1805 3049 ἀνωθεν

1889 551 2228 622 longitudine
2251 561 2525 608 constare.
2561 552 2657 608 Est
2675 562 2730 607 et
2755 551 2903 606 aliud
2930 551 3231 606 draconum
3261 566 3458 621 genus,

1888 643 2092 713 quibus
2122 652 2286 712 caput
2335 644 2504 697 latum
2539 651 2645 707 est,
2698 643 2843 698 oculi
2876 643 3050 696 instar
3089 640 3209 694 auri
3243 641 3461 694 mican-

1890 739 1992 796 tes,
2029 732 2083 784 in
2137 730 2297 800 cujus
2347 731 2562 786 cervice
2615 745 2818 786 cornua
2871 737 3033 794 sunt;
3065 729 3193 783 aliis
3228 727 3399 782 barba
3430 741 3463 780 e

1889 822 2140 876 faucibus
2167 823 2362 892 pendet
2388 841 2401 877 :
2429 823 2641 894 hosque
2682 823 3160 891 agathodtemones
3188 819 3457 881 vocitant,

1891 913 2156 983 aiuntque
2186 929 2395 968 veneno
2433 930 2650 969 vacare.
2681 915 2845 983 Atqui
2878 914 3046 969 draco
3074 915 3177 968 iste
3203 911 3462 965 animana

1892 1004 2027 1056 tium
2064 1019 2239 1073 genus
2270 1011 2376 1072 est,
2407 1005 2550 1058 haud
2585 1020 2746 1060 secus
2777 1017 2943 1074 atque
2969 1004 3218 1078 reliquae
3247 1001 3458 1055 bestize.

1893 1092 2067 1146 llahet
2121 1108 2253 1155 vero
2304 1094 2529 1147 barbam
2583 1094 2813 1162 perinde
2858 1109 2922 1148 ac
2970 1093 3179 1154 hircus,
3209 1099 3264 1146 et
3294 1105 3461 1158 supra

1893 1182 2160 1236 cervicem
2210 1198 2404 1235 cornu.
2441 1180 2597 1234 Oculi
2627 1182 2794 1236 'illius
2823 1197 3004 1251 magni
3049 1190 3200 1244 sunt,
3233 1183 3465 1248 aurique

1895 1273 2133 1345 meciem
2191 1271 2460 1326 referunt.
2511 1271 2577 1326 Hi
2614 1273 2794 1342 magni
2847 1281 2977 1325 sunt
3007 1269 3292 1340 et’cxigui.
3335 1270 3467 1323 0m-

1895 1365 1986 1416 nia
2041 1370 2222 1416 autem
2289 1361 2624 1430 serpentium
2692 1376 2893 1432 genera
2961 1362 3111 1414 vi‘rus
3168 1360 3463 1413 emittunt:

1895 1453 2065 1508 draco
2097 1455 2246 1509 solus
2273 1469 2541 1510 venenum
2573 1470 2680 1507 non
2708 1454 2874 1508 habet
2894 1455 2935 1508 '.

1968 1547 2120 1601 Hanc
2169 1562 2389 1617 quoque
2437 1547 2680 1601 fabulam
2758 1555 3012 1610 narrant,
3083 1546 3380 1601 draconem
3439 1561 3470 1599 a

1897 1633 2126 1692 fulmine
2177 1637 2468 1708 exagitari,
2520 1637 2596 1689 ita
2649 1643 2706 1688 ut
2757 1636 2809 1688 in
2867 1651 3047 1689 aerem
3097 1637 3384 1689 attollatur
3416 1643 3471 1690 et

1899 1725 2204 1782 occidatur.
2247 1726 2374 1781 [late
2424 1741 2526 1793 ego
2585 1725 2836 1789 audiens,
2875 1725 2995 1779 risi.
3042 1723 3275 1790 Quinam
3344 1740 3468 1779 cum

1896 1819 2224 1889 quandoque
2255 1817 2700 1873 humana-forma
2747 1818 2999 1872 indutum
3049 1827 3102 1873 et
3150 1819 3470 1873 rationalem

1902 1909 2135 1980 ﬁngunt,
2184 1910 2513 1979 quandoque
2563 1925 2702 1990 vere
2750 1920 3098 1979 serpentem,
3143 1911 3474 1980 quandoque

1896 2003 2060 2056 etiam
2120 2001 2230 2056 Deo
2281 2002 2684 2067 adversantem,
2733 2009 2787 2056 et
2829 2017 2988 2071 quem
3040 2001 3184 2057 Deus
3242 2001 3476 2056 insecte-

1897 2089 2032 2142 tur?
2066 2087 2236 2143 Plane
2285 2091 2500 2145 lubrica
2550 2106 2641 2146 res
2699 2098 2785 2145 est
2848 2092 3178 2161 ignorantia.
3236 2092 3474 2145 Maxima

1898 2179 2099 2249 quippe
2126 2181 2327 2232 damna
2362 2182 2627 2250 patimur,
2668 2181 2757 2234 ubi
2793 2195 2980 2238 sat-ros
3033 2180 3474 2252 Libroslegere,

1899 2284 2063 2324 eosve
2096 2270 2399 2324 secundum
2439 2268 2655 2323 Domini
2712 2285 3023 2324 sermonem
3086 2274 3323 2325 scrutari
3381 2286 3479 2324 ue-

1901 2360 2157 2430 gligimus
2189 2361 2231 2414 ³.
2265 2362 2342 2416 Ac
2397 2361 2554 2416 miles
2602 2363 2824 2430 quidem
2877 2363 3010 2416 dicit
3051 2381 3063 2416 :
3109 2362 3240 2417 Sum
3294 2363 3473 2425 miles,

1900 2465 2002 2504 nec
2041 2465 2178 2520 opus
2205 2451 2336 2505 mihi
2374 2460 2458 2506 est
2501 2451 2734 2506 lectione
2788 2470 2804 2506 :
2851 2454 3096 2523 agricola
3147 2469 3274 2509 vero
3313 2469 3476 2524 agro-

1902 2557 2024 2595 rum
2061 2542 2350 2611 prmtendit
2395 2542 2694 2608 culturam,
2727 2553 2780 2596 et
2811 2543 2904 2596 alii
2949 2543 3184 2598 subinde
3217 2544 3359 2599 idem
3398 2544 3480 2600 ef-

1906 2632 2131 2698 futiunt,
2167 2644 2220 2688 et
2253 2649 2444 2688 omnes
2504 2633 2822 2690 deﬁcientes
2874 2651 3088 2690 sumus.
3136 2634 3341 2691 Verum
3387 2651 3483 2692 ne-

1907 2739 2180 2794 quaquam
2249 2724 2458 2778 fulmen
2497 2725 2796 2780 draconem
2857 2725 3204 2796 insequitur:
3265 2727 3362 2782 sed
3415 2744 3480 2782 ex

1907 2818 2054 2870 nube
2084 2815 2222 2869 fiunt
2256 2815 2509 2882 fulmina,
2545 2817 2768 2886 quando
2816 2819 2992 2874 nubes
3021 2828 3242 2888 propter
3278 2821 3480 2874 humo-

1907 2921 2022 2961 rem
2075 2907 2130 2960 in
2179 2907 2410 2960 imbrem
2457 2907 2720 2970 resoluta,
2768 2916 2935 2977 atque
2986 2923 3014 2962 a
3046 2911 3243 2979 spiritu
3287 2913 3402 2966 sive
3445 2927 3481 2966 α

1908 3007 2074 3053 vento
2100 2997 2326 3068 agitata,
2359 2999 2644 3074 densatur.
2679 3000 2816 3054 Cum
2863 3001 3010 3054 enim
3061 3000 3206 3055 intra
3251 3003 3483 3072 spiritus

227 3089 446 3159 κραυγὴ
499 3087 718 3156 λέγεται
770 3088 968 3160 βροντή
994 3106 1009 3120 ο
1042 3089 1104 3140 τὸ
1142 3088 1200 3141 δὲ
1231 3087 1335 3140 ὑπὸ
1360 3087 1455 3140 τοῦ
1489 3087 1799 3158 πνεύματος

1911 3091 2079 3152 venit,
2108 3100 2161 3145 et
2193 3091 2338 3143 illam
2377 3091 2543 3160 rupit,
2571 3099 2703 3145 tunc
2727 3093 2943 3145 sonitus
2978 3094 3288 3158 exauditur,
3319 3102 3483 3163 atque

231 3179 549 3251 βιαζόμενον
579 3181 1002 3251 κατανεχθέντος
1030 3181 1124 3233 ἐπὶ
1154 3180 1255 3251 τῆς
1302 3181 1426 3251 γῆς,
1458 3180 1676 3249 λέγεται
1721 3197 1803 3232 κει

231 3271 447 3342 ραυνός.
475 3271 640 3326 Ὅθεν
666 3271 1016 3343 προσπεσὼν,
1048 3271 1160 3324 εἴτε
1206 3271 1436 3341 δώματι,
1465 3271 1575 3323 εἴτε
1605 3271 1806 3342 δένδρῳ

228 3363 570 3434 διαρῤήσσει,
602 3365 697 3416 καὶ
735 3365 916 3434 σχίζει
950 3362 1125 3417 ταῦτα
1149 3379 1163 3395 ο
1191 3365 1241 3416 εἰ
1277 3364 1335 3416 δὲ
1369 3362 1662 3434 ἀνθρώπῳ,
1696 3363 1805 3416 εἴτε

229 3453 376 3524 ἄλλῳ
426 3455 536 3507 τινὶ⁸
592 3453 736 3525 ζώῳ,
786 3455 946 3524 φόνον
973 3457 1160 3508 ποιεῖ’
1200 3455 1335 3509 διότι
1368 3457 1463 3510 καὶ
1486 3456 1808 3528 ἀνθρώπους

233 3543 327 3597 καὶ
358 3531 523 3614 ἔτερα
557 3543 674 3607 ζῶα
711 3545 969 3609 πολλάκις
999 3546 1269 3616 βλέπομεν
1313 3547 1418 3599 ὑπὸ
1447 3546 1676 3617 βροντῆς
1719 3548 1809 3601 θα-

232 3633 560 3700 νατούμενοι,
592 3632 688 3686 καὶ
707 3634 768 3685 ού
798 3633 1118 3703 δράκοντας.
1140 3635 1206 3686 Δί
1227 3634 1285 3687 δὲ
1307 3634 1598 3705 ἀστραπαὶ,
1625 3635 1681 3686 αί
1709 3634 1808 3702 μέν

230 3722 340 3774 είσι
370 3721 779 3792 γραμμοειδεῖς,
809 3723 866 3774 αἱ
896 3723 954 3776 δὲ
999 3723 1311 3787 ἑλικοειδεῖς
1331 3762 1347 3788 ,
1377 3725 1434 3777 αί
1473 3722 1534 3776 δὲ
1565 3726 1809 3796 πυρῤαυ-

231 3815 373 3879 γεῖς.
399 3813 536 3864 Φασὶ
556 3812 614 3865 δὲ
651 3814 733 3867 ὅτι
773 3815 806 3885 ἡ
841 3814 1098 3884 ἀστραπὴ
1132 3815 1228 3868 καὶ
1273 3816 1306 3885 ή
1337 3814 1534 3886 βροντὴ
1567 3813 1702 3885 ὁμοῦ
1730 3815 1810 3884 γί-

232 3919 417 3958 νονται
442 3918 453 3932 ·
478 3904 593 3974 apta
633 3904 742 3976 γὰρ
767 3906 1000 3977 ῥαγῆναι
1038 3905 1101 3958 τὸ
1136 3907 1316 3975 νέφος,
1347 3906 1508 3969 εὐθὺς
1553 3906 1806 3978 ἀστραπὴ

233 3992 333 4046 σὺν
356 3995 421 4064 τῇ
455 3992 689 4064 βροντῇ·
739 3995 833 4047 καὶ
867 3998 900 4064 ὴ
961 3994 1059 4064 μὲν
1091 3993 1348 4065 ἀστραπὴ
1394 3995 1607 4064 ἀφανὴς
1649 3990 1806 4058 οὖσα,

231 4083 433 4137 αὐτίκα
466 4087 716 4153 φαίνεται
744 4099 758 4114 ’
780 4085 814 4154 ἡ
843 4083 900 4136 δὲ
931 4083 1149 4156 βροντὴ,
1180 4083 1282 4147 ἕως
1305 4101 1364 4138 ου
1389 4084 1496 4136 ἀπὸ
1521 4083 1615 4136 τοῦ
1643 4083 1810 4153 ὕψους

232 4174 404 4244 αὐτῆς
437 4173 640 4246 φθάσῃ,
668 4175 846 4245 ἀργεῖ.
878 4177 988 4229 Καὶ
1016 4175 1106 4228 διά
1131 4173 1287 4228 τοῦτο
1311 4173 1746 4245 μεταγενεστέρα
1774 4176 1808 4244 ἡ

235 4267 433 4340 βροντὴ
463 4268 560 4339 τῆς
593 4270 883 4340 ἀστραπῆς
932 4269 1274 4336 ἐξακούεται.
1327 4270 1480 4322 Εἴπω
1515 4285 1598 4320 σοι
1628 4267 1686 4320 δὲ
1714 4268 1808 4320 καὶ

232 4359 472 4414 τοιοῦτον
494 4361 862 4432 παράδειγμα.
889 4360 1090 4415 Σκόπει
1131 4356 1225 4415 οὖν
1252 4361 1453 4415 ὁπόταν
1491 4360 1599 4414 ἀπὸ
1635 4359 1809 4430 μηκό-

1912 3182 2176 3249 strepitus
2207 3181 2298 3234 ille
2332 3181 2426 3250 qui
2464 3195 2686 3236 sursum
2719 3182 2918 3245 editur,
2959 3183 3168 3237 tonitru
3221 3185 3480 3238 nomina-

1911 3281 2039 3327 tur:
2074 3272 2218 3341 quod
2249 3281 2433 3327 autem
2477 3273 2529 3327 vi
2563 3273 2793 3343 spiritus
2822 3275 3141 3344 impellitur,
3174 3275 3305 3329 dum
3333 3275 3485 3330 cadit

1911 3363 1964 3416 in
2005 3372 2232 3429 terram,
2266 3364 2472 3418 fulmen
2507 3363 2801 3428 vocitatur.
2836 3363 2991 3420 Unde
3020 3364 3136 3420 sive
3165 3365 3351 3420 domui
3384 3365 3484 3419 illi-

1911 3456 2095 3518 datur,
2131 3455 2248 3509 sive
2292 3456 2498 3520 arbori,
2547 3455 2664 3534 haec
2698 3455 2992 3526 disrumpit
3027 3464 3082 3511 et
3112 3457 3356 3511 scindit:
3393 3457 3482 3513 sin

1910 3555 2091 3601 autem
2151 3546 2384 3611 homini,
2437 3556 2532 3601 aut
2584 3547 2762 3601 cuivis
2821 3548 2978 3602 alteri
3036 3549 3283 3614 animali,
3343 3549 3482 3604 illud

1908 3646 2140 3693 enecat:
2187 3639 2453 3707 quocirca
2507 3637 2830 3706 frequenter
2883 3646 2996 3691 tum
3042 3637 3319 3703 homines,
3364 3647 3480 3692 tum

1909 3728 2210 3782 animantia
2241 3728 2347 3781 alia
2372 3729 2623 3782 videmus
2653 3728 2980 3796 interempta
3021 3742 3050 3780 a
3083 3726 3330 3792 fulmine,
3368 3743 3482 3782 non

1910 3817 2038 3872 item
2069 3815 2360 3872 dracones.
2388 3816 2545 3882 Quod
2577 3830 2707 3870 vero
2753 3815 2820 3870 ad
2867 3817 3085 3886 fulgura
3114 3817 3334 3881 attinet,
3378 3819 3484 3871 alia

1911 3907 2129 3978 quidem
2161 3908 2318 3963 linea:
2365 3909 2608 3979 speciem
2655 3907 2948 3977 objiciunt,
2985 3909 3092 3962 alia
3135 3909 3319 3979 spirae,
3351 3912 3485 3964 sub-

1910 3997 2106 4052 rubent
2145 3997 2273 4050 alia.
2309 3996 2481 4050 Aiunt
2537 4004 2716 4057 autem
2765 3996 2946 4066 fulgur
2999 4008 3051 4051 et
3080 3995 3284 4051 fulmen
3320 3999 3484 4052 simul

1912 4088 2028 4142 ﬁeri
2057 4107 2069 4142 :
2100 4103 2165 4142 eo
2219 4087 2402 4156 quod,
2441 4086 2696 4141 diffracta
2750 4087 2928 4150 nube,
2978 4087 3161 4154 fulgur
3202 4100 3326 4139 cum
3373 4086 3485 4139 ful-

1910 4179 2061 4233 mine
2088 4186 2141 4234 et
2166 4179 2376 4232 tonitru
2432 4178 2671 4244 emicet;
2720 4179 2792 4231 ita
2842 4185 2901 4231 ut
2951 4176 3152 4246 fulgur,
3202 4191 3325 4248 cum
3358 4189 3486 4231 ante

1910 4271 2282 4333 delitesceret,
2318 4270 2502 4326 subito
2530 4274 2713 4340 pateat
2741 4287 2756 4337 ;
2809 4269 3014 4322 fulmen
3066 4282 3217 4334 vero,
3249 4267 3426 4321 donec
3453 4285 3486 4323 e

1911 4359 2250 4414 sublimitate
2297 4375 2398 4414 sua
2440 4359 2745 4428 prodierit,
2799 4358 2962 4412 inane
3012 4359 3085 4414 sit
3137 4366 3190 4412 et
3222 4357 3484 4412 otiosum.

234 4449 328 4505 θεν
367 4467 460 4504 σου
484 4451 577 4505 ὲπὶ
600 4451 804 4522 ὑψηλοῦ
827 4453 996 4506 τόπου
1028 4453 1244 4506 ἵσταταί
1272 4470 1376 4518 τις,
1402 4451 1496 4505 καὶ
1527 4451 1799 4521 σημαίνει,

1910 4451 2089 4521 Atque
2135 4449 2300 4521 473
2357 4450 2461 4504 hoc
2507 4450 2564 4504 in
2599 4463 2764 4505 causa
2804 4455 2890 4503 est
2935 4455 2995 4502 ut
3047 4449 3275 4504 tonitrui
3313 4462 3485 4504 sonus

237 4542 455 4614 βλέπεις
487 4542 587 4613 μὲν
619 4541 717 4612 τὴν
767 4544 928 4613 χεῖρα
970 4542 1136 4597 αὑτοῦ
1171 4543 1471 4614 κρούουσαν
1500 4540 1578 4611 τῷ
1625 4537 1765 4610 ξύλῳ
1790 4579 1806 4605 ,

1911 4543 2003 4597 diu
2039 4550 2165 4614 post
2197 4542 2382 4610 fulgur
2423 4541 2689 4596 emissum
2735 4540 3078 4595 exaudiatur.
3115 4539 3290 4610 llujus
3317 4553 3486 4609 porro

238 4631 378 4704 μετά
408 4631 466 4686 δέ
497 4648 621 4686 τινα
649 4631 799 4703 ὥραν
826 4631 1145 4697 ἐξακούεται
1173 4635 1253 4696 εἰς
1288 4633 1350 4686 :6
1386 4629 1478 4696 οὖς
1502 4647 1593 4685 σου
1623 4633 1651 4684 ὁ
1677 4625 1799 4700 ἦχος

1908 4633 1990 4688 rei
2023 4633 2331 4701 exemplum
2369 4631 2467 4686 tibi
2500 4631 2746 4687 afferam.
2778 4631 3023 4687 Observa
3053 4631 3239 4702 igitur,
3259 4631 3485 4701 quando

233 4722 329 4777 τοῦ
363 4723 691 4795 κρούματος.
747 4723 1000 4778 Τοιοῦτον
1027 4723 1136 4778 νόει
1184 4724 1279 4778 καὶ
1325 4724 1418 4778 ἐπὶ
1457 4721 1552 4775 τοῦ
1592 4721 1810 4791 νέφους.

236 4814 482 4885 Πλησθὲν
516 4813 624 4883 γὰρ
656 4810 967 4882 πνεύματος
999 4812 1149 4867 ἔνδον
1179 4813 1281 4884 τῆς
1327 4813 1532 4876 νοτίδος
1576 4812 1667 4883 βίᾳ
1708 4817 1810 4885 ρη-

235 4905 532 4976 γνυμένου,
589 4901 844 4958 ἀποτελεῖ
869 4903 962 4956 τὸν
1013 4899 1168 4974 ἦχον.
1209 4905 1391 4958 Ἔστω
1419 4905 1476 4958 δὲ
1532 4903 1628 4958 καὶ
1673 4905 1812 4974 πρὸς

236 4997 421 5068 ἕτερον
451 4994 636 5064 νέφος,
664 4995 712 5047 εί
735 4993 912 5066 τύχοι,
947 4995 1412 5066 συγκρουσθῆνσι,
1442 4995 1612 5068 ἦχησε
1647 4993 1808 5064 μέγα.

1912 4725 2107 4797 procul
2173 4731 2286 4778 stat
2325 4724 2526 4794 aliquis
2591 4725 2647 4778 in
2698 4722 2921 4779 excelso
2969 4724 3112 4788 loco,
3161 4732 3218 4778 et
3267 4722 3485 4792 signum

1913 4817 2048 4883 edit,
2100 4829 2326 4870 manum
2385 4814 2608 4885 quidem
2652 4814 2834 4871 cernis
2894 4814 3202 4885 pulsantem
3255 4813 3484 4883 lignum.

1915 4916 2039 4978 post
2067 4919 2197 4961 vero
2229 4905 2580 4960 intervallum
2633 4903 2857 4975 aliquod
2902 4904 3189 4974 temporis,
3224 4903 3489 4974 pulsatio-

1919 4997 2008 5053 nis
2035 4997 2253 5052 sonitus
2296 4991 2547 5066 percellit
2581 5009 2767 5051 aures.
2803 4992 2950 5052 Idem
2987 5003 3043 5051 et
3079 4995 3134 5050 in
3178 4995 3325 5050 nube
3370 4994 3486 5048 fieri

238 5088 436 5156 cogita.
478 5083 619 5140 Dum
670 5085 822 5142 intus
873 5085 1090 5155 spiritu,
1139 5099 1238 5142 seu
1280 5096 1451 5143 vento
1503 5089 1688 5154 plena,
1714 5083 1908 5142 imbris
1958 5087 2009 5141 vi
2052 5085 2356 5156 rumpitur:
2401 5098 2599 5142 sonum
2644 5083 2779 5142 edit.
2852 5084 2998 5153 Quin
3039 5093 3094 5142 et
3167 5085 3216 5140 si
3264 5082 3484 5138 contin-

238 5188 354 5253 gat,
385 5187 446 5236 ut
472 5179 629 5236 alteri
659 5181 791 5236 nubi
830 5180 1146 5249 collidatur,
1178 5181 1372 5252 ingens
1403 5179 1462 5235 fit
1501 5180 1733 5236 sonitus.

312 5341 331 5367 ’
361 5361 477 5422 Vid.
513 5361 695 5431 Valer,
726 5361 871 5418 Max.
908 5360 1000 5416 lib.
1027 5375 1068 5428 t,
1093 5375 1216 5432 cap.
1248 5358 1304 5430 8,
1337 5375 1394 5415 n.
1434 5357 1530 5425 i9;
1570 5354 1717 5423 Plin.
1752 5353 1848 5412 lib.
1880 5369 1997 5420 vnt,
2027 5369 2150 5426 cap.
2189 5353 2274 5408 H.
2352 5352 2588 5408 'Joanu.
2625 5368 2675 5408 v.
2705 5352 2795 5410 39.
