3940 6188
343 378 444 433 817

1466 370 1653 425 SECT.
1701 370 1761 423 ll.
1805 399 1872 409 --
1910 369 2453 428 MAB'I‘YHOLOGIA

3496 382 3600 442 818

1597 488 1821 544 EDlTlO
1859 486 2098 544 COLONI
2110 488 2316 544 ENSIS.

338 590 511 660 scopi,
543 589 631 658 qui
662 602 781 641 cum
825 586 1223 655 quatunrdecim
1267 599 1455 647 annos,
1489 598 1701 638 menses
1749 584 1913 638 unde-
1944 586 1990 644 Α
2020 595 2139 635 eum
2186 581 2537 635 Diocletianus
2580 582 2631 635 in
2682 583 3086 652 hippodromum
3137 588 3311 655 palatii
3358 591 3500 657 duci,
3541 605 3597 649 et

338 684 468 748 cim,
510 681 623 735 dies
666 664 948 733 duodecim
994 675 1244 731 Ecclesiae
1289 684 1565 745 prmesset,
1610 689 1795 742 passus
1841 683 1924 729 est

338 773 682 841 martyrium,
726 779 965 837 tempore
1010 766 1173 831 Decii,
1207 776 1259 821 et
1288 766 1339 820 in
1378 767 1676 821 cmmiterio
1715 766 1921 821 Callisti

337 863 597 931 Sepultus.
654 861 747 913 llic
795 858 1036 926 regiones
1085 858 1264 913 divisit
1308 857 1656 921 diaconibus,
1698 866 1751 911 et
1798 856 1923 910 fecit

336 964 548 1021 septem
576 952 853 1015 diaconos,
886 949 974 1017 qui
1002 957 1205 1016 septem
1239 948 1457 1001 notariis
1489 949 1916 1014 prmeminerent,

335 1054 394 1100 ut
425 1056 569 1113 geSta
601 1052 892 1112 martyrum
926 1042 980 1095 in
1035 1041 1295 1110 integrum
1340 1040 1666 1107 colligerent.
1716 1038 1917 1092 Eodem

333 1138 423 1191 die
452 1137 619 1189 sancti
655 1132 956 1188 Sebastiani
1008 1130 1277 1201 martyris,
1308 1131 1396 1198 qui
1430 1132 1480 1184 in
1530 1137 1733 1184 tantum
1767 1145 1921 1184 carus

331 1240 451 1284 erat
499 1230 825 1284 Diocletiano
876 1236 930 1280 et
985 1226 1304 1281 Maximiano
1358 1224 1807 1293 imperatoribus,
1864 1230 1920 1275 ut

332 1323 686 1390 principatum
712 1321 759 1373 ei
794 1319 981 1387 prima:
1009 1317 1247 1371 cohortis
1280 1316 1569 1369 traderent.
1600 1314 1766 1381 Quem
1798 1312 1921 1366 Dio—

331 1412 597 1467 cletianus
628 1411 715 1463 ubi
765 1408 1124 1465 Christianum
1167 1408 1432 1475 cognovit,
1462 1405 1615 1473 jussit
1666 1403 1815 1471 ligari
1868 1402 1920 1457 in

336 1504 520 1559 medio
551 1519 762 1570 campo,
794 1503 942 1570 quasi
971 1502 1180 1572 signum
1213 1500 1276 1552 ad
1304 1499 1568 1568 sagittam,
1603 1506 1656 1551 et
1684 1497 1919 1563 sagittari

333 1612 363 1650 a
398 1595 674 1650 militibus.
706 1593 803 1659 Qui
849 1607 967 1646 cum
1015 1592 1219 1661 sagittis
1250 1590 1458 1660 plenus,
1506 1589 1654 1657 quasi
1689 1587 1917 1642 hericius

334 1694 525 1749 Staret,
557 1694 801 1753 putantes
847 1698 966 1737 eum
1012 1692 1302 1744 mortuum,
1331 1680 1593 1734 abierunt.
1628 1678 1791 1732 Nocte
1822 1694 1917 1731 au-

330 1786 442 1832 tem
475 1774 693 1829 veniens
723 1772 964 1841 quaedam
998 1770 1206 1834 mulier,
1241 1770 1454 1824 nomine
1488 1768 1702 1831 llirene,
1735 1768 1920 1822 tollere

329 1879 547 1932 corpus,
594 1864 793 1917 invenit
831 1877 950 1916 eum
992 1863 1190 1925 vivum,
1236 1869 1290 1915 et
1334 1861 1554 1914 adduxit
1606 1862 1656 1912 in
1705 1860 1917 1913 domum

2025 669 2261 739 instigari
2310 670 2477 724 donec
2525 670 2804 736 deficeret;
2839 688 2993 741 quem
3036 687 3328 741 mortuum,
3364 678 3417 731 in
3455 680 3602 733 cloa-

2020 779 2136 819 cam
2164 766 2447 818 maximam
2480 767 2755 820 miserunt.
2784 766 2893 821 Sed
2918 767 3007 821 ille
3039 769 3285 837 apparuit
3315 771 3367 824 in
3399 774 3603 829 somnis

2021 864 2219 908 sancta:
2243 864 2498 909 matronae
2530 855 2761 918 Lucium,
2791 855 2991 921 dicens,
3023 857 3173 926 juxta
3204 858 3415 915 Circum
3445 861 3600 917 inve-

2022 946 2136 998 nies
2164 959 2358 1013 corpus
2390 961 2564 999 meum
2601 948 2837 1013 pendens
2863 948 2913 1000 in
2948 962 3107 1013 unco,
3136 950 3233 1005 hoc
3268 951 3455 1007 sordes
3493 969 3599 1009 non

2024 1034 2341 1099 tetigerunt;
2374 1043 2425 1087 et
2464 1034 2588 1087 dum
2630 1036 2909 1103 levaveris,
2940 1039 3203 1104 perdnces
3234 1042 3300 1094 ad
3337 1042 3600 1099 Catacun-

2022 1124 2138 1188 bas,
2171 1135 2223 1177 et
2253 1124 2481 1192 sepelies
2512 1138 2596 1177 me
2622 1124 2671 1177 in
2698 1135 2901 1195 crypta,
2946 1128 3095 1195 juxta
3128 1132 3346 1200 vestigia
3388 1145 3599 1200 aposto-

2020 1214 2223 1280 lorum;
2257 1231 2374 1285 qute
2400 1216 2508 1285 ipsa
2538 1224 2694 1271 nocte
2725 1218 2943 1273 veniens
2970 1235 3088 1275 cum
3112 1224 3298 1293 servis,
3333 1234 3498 1281 totum
3524 1228 3595 1282 ita

2021 1304 2330 1373 complevit.

2095 1397 2159 1451 ϐ.
2191 1397 2280 1451 XII
2310 1398 2548 1453 Kauzsn.
2583 1399 2741 1453 Fssn.
2771 1429 2840 1440 --
2869 1401 3051 1457 Natale
3073 1402 3384 1462 beatissima:
3424 1408 3600 1479 Agne.

2027 1489 2091 1541 tis
2132 1489 2351 1559 virginis
2399 1499 2453 1544 et
2495 1491 2766 1561 martyris,
2815 1508 2931 1560 quae
2984 1496 3138 1547 tertio
3180 1495 3390 1551 decimo
3432 1500 3603 1554 aetatis

2026 1595 2136 1633 sum
2180 1572 2339 1645 anno,
2392 1581 2441 1635 in
2493 1582 2625 1636 urbe
2672 1583 2836 1637 Roma
2889 1599 3042 1651 passa
3073 1597 3170 1642 csr.
3224 1586 3346 1641 Haec
3386 1589 3509 1645 dum
3537 1593 3605 1647 ab

2023 1672 2220 1725 scholis
2250 1673 2554 1736 revertitur,
2584 1688 2613 1727 a
2655 1674 2888 1742 prmfecti
2939 1676 3046 1730 lilio
3092 1677 3370 1734 adamatur
3398 1696 3412 1735 :
3443 1696 3601 1751 quam

2024 1777 2143 1815 cum
2175 1762 2318 1814 nullo
2350 1762 2507 1816 modo
2534 1763 2635 1818 sibi
2673 1765 2936 1819 associare
2968 1766 3240 1833 voluisset,
3280 1777 3399 1837 post
3440 1771 3604 1827 multa

2027 1863 2287 1909 tormenta
2322 1854 2372 1908 in
2402 1865 2611 1925 gutture
2635 1856 2751 1925 ejus
2793 1857 2970 1924 gladio
3019 1873 3268 1927 percussa
3306 1869 3406 1915 est.
3443 1863 3605 1918 Passa

329 1968 510 2018 suam,
541 1962 595 2006 et
626 1966 805 2005 curam
836 1953 950 2021 ejus
978 1952 1113 2021 egit;
1149 1952 1236 2020 qui
1284 1951 1370 2005 ubi
1409 1953 1698 2015 convaluit,
1731 1951 1923 2004 multos
1957 1933 2000 1991 Β
2029 1955 2111 2002 eSt
2137 1956 2310 1999 autem
2341 1947 2488 2000 beata
2519 1950 2693 2015 Agnes
2730 1948 3108 2016 sub'prml‘ecto
3158 1953 3307 2006 urbis
3355 1953 3605 2023 Simplic-

331 2046 388 2098 in
416 2044 521 2099 nde
541 2042 885 2102 confortavit.
915 2058 1011 2097 nec
1037 2059 1204 2106 mora,
1238 2044 1365 2111 ipsis
1390 2043 1799 2108 imperatoribus
1826 2059 1931 2112 ap-
2026 2037 2192 2103 riano,
2243 2037 2439 2090 vicario
2487 2037 2725 2105 ejusdem
2777 2039 2922 2093 urbis
2967 2040 3215 2109 Aspasio.
3249 2041 3303 2096 ln
3355 2042 3604 2113 lliSpania

332 2147 555 2202 parens,
583 2132 683 2187 bos
732 2142 886 2202 prout
910 2133 1055 2201 digni
1085 2143 1259 2197 erant,
1287 2133 1565 2203 corripuit.
1594 2133 1743 2189 Tunc
1773 2134 1926 2202 jussit

2024 2129 2238 2183 civitate
2281 2128 2579 2183 Tarracona
2634 2130 2807 2185 natale
2850 2140 3155 2186 sanctorum
3184 2130 3460 2189 Fructuosi
3490 2137 3602 2205 epi-

1582 2247 1805 2302 EDlTlO
1847 2244 2343 2302 BOLLANDIANA.

329 2335 517 2405 viginti
550 2335 781 2402 quinque
813 2335 967 2387 annis
1014 2335 1266 2390 Ecclesiae
1300 2344 1570 2403 praeesset,
1608 2351 1792 2401 passus
1838 2345 1920 2391 est

332 2425 649 2494 martyrium
681 2433 918 2491 tempore
946 2424 1109 2488 Decii,
1141 2436 1193 2478 et
1235 2423 1541 2479 coemeterio
1581 2425 1789 2479 Callixti
1834 2440 1922 2482 se-

331 2515 537 2585 pultus.
571 2513 769 2567 Eodem
820 2513 906 2567 die
952 2513 1012 2575 S.
1062 2522 1087 2550 ει
1116 2514 1458 2571 Sebastianus
1487 2517 1553 2571 de
1597 2517 1915 2586 Mediolano,

331 2605 426 2673 qui
458 2605 510 2657 in
538 2612 736 2658 tantum
766 2604 960 2659 cbarus
997 2616 1112 2659 erat
1157 2607 1563 2676 imperatoribus
1596 2609 1919 2665 Diocletiano

334 2706 392 2748 et
424 2695 760 2759 Maximiano,
792 2703 848 2748 nt
878 2694 1228 2764 principatum
1257 2695 1306 2751 ei
1335 2698 1518 2765 prima:
1546 2698 1781 2753 cohortis
1813 2708 1919 2753 tra-

331 2788 545 2842 derent.
575 2786 741 2853 Quem
776 2786 1134 2841 Diocletianus
1179 2788 1263 2842 ubi
1293 2787 1649 2844 Christianum
1678 2793 1915 2861 agnovit,

329 2895 434 2935 nec
457 2896 485 2931 a
512 2879 615 2933 ﬁde
638 2893 792 2948 posse
817 2881 1073 2945 revocari,
1095 2881 1252 2949 jussit
1280 2880 1427 2949 ligari
1459 2883 1509 2935 in
1536 2882 1709 2935 medio
1731 2898 1919 2951 campo

326 2971 482 3035 quasi
512 2970 719 3038 signum
749 2969 813 3023 ad
842 2971 1080 3039 sagittas,
1116 2978 1167 3023 et
1197 2969 1432 3039 sagittari
1462 2984 1491 3023 a
1516 2969 1787 3025 militibus.
1818 2971 1918 3038 Qui

327 3077 454 3116 eum
504 3060 707 3128 sagittis
758 3061 943 3128 plenus
989 3060 1138 3127 quasi
1186 3060 1381 3114 ericius
1434 3068 1621 3124 staret,
1674 3070 1919 3128 putantes

2020 2333 2174 2389 Juxta
2202 2332 2410 2386 Circum
2453 2333 2689 2387 invenies
2731 2347 2923 2401 corpus
2950 2348 3124 2388 meum
3157 2336 3394 2402 pendens
3424 2339 3473 2391 in
3499 2354 3599 2393 un—

2022 2439 2085 2476 co
2113 2441 2124 2475 :
2160 2422 2256 2476 hoc
2296 2422 2481 2477 sordes
2512 2438 2614 2476 non
2646 2425 2965 2491 tetigerunt:
2999 2435 3051 2477 et
3077 2424 3203 2478 dum
3248 2424 3441 2480 laveris
3471 2442 3593 2493 per-

2021 2511 2182 2567 duces
2212 2513 2277 2567 ad
2297 2511 2663 2580 Catacumbas,
2692 2525 2745 2569 et
2772 2514 2999 2584 sepelies
3030 2530 3115 2572 me
3142 2517 3196 2571 in
3223 2526 3426 2585 crypta,
3446 2516 3599 2586 juxta

2022 2605 2241 2674 vestigia
2278 2606 2672 2686 apostolorum.
2708 2608 2838 2673 Quae
2895 2606 3007 2675 ipsa
3060 2618 3214 2663 nocte
3258 2622 3378 2663 cum
3430 2610 3603 2663 servis

2025 2698 2243 2753 veniens
2272 2705 2435 2751 totum
2464 2698 2534 2751 ita
2562 2696 2883 2767 complevit.j
2911 2697 3111 2752 Eodem
3138 2697 3225 2753 die
3253 2707 3362 2753 nat.
3385 2708 3600 2752 sancto-

2027 2804 2143 2844 rum
2187 2801 2207 2827 ο
2239 2788 2383 2843 Marii
2428 2797 2481 2842 et
2522 2788 2739 2842 Martha:
2785 2802 2902 2843 cum
2956 2788 3076 2843 ﬁliis
3122 2790 3232 2845 suis
3276 2788 3499 2845 Audil'ax
3550 2802 3602 2844 et

2028 2877 2243 2932 Abacuc
2274 2878 2525 2930 nobilium
2575 2877 2641 2930 de
2683 2877 2917 2941 Persida,
2948 2876 3033 2944 qni
3077 2876 3139 2930 ad
3169 2878 3467 2932 orationem
3499 2894 3599 2932 ve-

2028 2975 2219 3022 nerant
2248 2966 2471 3020 ltotnam
2499 2976 2736 3034 tempore
2767 2966 2968 3020 Claudii
2998 2968 3245 3035 principis
3278 2984 3288 3020 :
3332 2983 3362 3022 e
3388 2969 3580 3037 quibus

2030 3066 2148 3127 post
2180 3059 2430 3112 toleratos
2461 3057 2643 3123 fustes,
2675 3058 2980 3125 equuleum,
3013 3060 3177 3127 ignes,
3210 3073 3431 3128 ungues,
3481 3076 3589 3113 ma-

330 3166 455 3203 eum
490 3160 756 3203 mortuum
796 3149 1059 3204 abierunt.
1106 3148 1272 3205 Nocte
1319 3160 1493 3203 autem
1525 3152 1739 3205 veniens
1769 3167 1914 3220 quae-
1940 3151 1992 3216 ο
2026 3167 2185 3206 unum
2216 3152 2575 3221 prmcisiones,
2601 3150 2802 3204 Martha
2835 3152 2886 3204 in
2916 3151 3153 3220 Nympha
3186 3163 3392 3219 necata,
3416 3157 3595 3209 caeteri

331 3241 457 3292 dam
491 3240 706 3303 mulier,
750 3238 964 3293 nomine
990 3237 1215 3304 lierene,
1251 3238 1436 3293 tollere
1474 3252 1686 3307 corpus,
1718 3240 1920 3295 invenit

332 3346 456 3385 eum
491 3330 778 3395 viventem,
809 3337 859 3381 et
886 3326 1105 3382 adduxit
1128 3327 1191 3381 ad
1217 3327 1433 3381 domum
1458 3344 1630 3391 suam,
1656 3337 1709 3383 et
1737 3344 1917 3385 curam

327 3422 448 3489 ejus
466 3420 708 3489 egit.Qni
743 3418 829 3473 ubi
848 3418 1119 3473 convaluit
1142 3417 1337 3472 multos
1358 3417 1411 3471 iu
1437 3417 1537 3471 lide
1566 3418 1910 3473 conl'ortavit:

327 3510 503 3583 [necb
534 3526 683 3567 mora
741 3510 869 3580 ipsis
919 3510 1326 3578 imperatoribus
1372 3523 1657 3577 apparens,
1702 3509 1818 3572 hos,
1859 3518 1920 3562 ut

328 3605 479 3673 digni
512 3614 683 3667 erant,
716 3603 993 3670 corripuit.
1025 3602 1172 3655 Tunc
1207 3600 1367 3670 jussit
1392 3616 1517 3656 eum
1552 3600 1912 3655 Diocletianus

330 3698 384 3749 in
415 3695 825 3763 hippodromum
872 3691 1018 3757 duci,
1048 3701 1101 3746 et
1144 3691 1379 3759 instigari
1428 3690 1597 3745 donec
1637 3690 1911 3746 deliceret.

328 3788 504 3852 Quem
535 3795 797 3838 mortuum
829 3784 879 3837 in
908 3783 1141 3838 cloacam
1175 3780 1456 3836 maximam
1490 3782 1740 3834 miserunt
1773 3798 1785 3843 ;
1819 3781 1912 3835 sed

332 3876 740 3946 illeapparuitin
756 3874 956 3931 somnis
971 3884 1167 3929 sancta:
1181 3881 1432 3927 rnatrome
1446 3870 1679 3938 Lucinae,
1695 3871 1880 3925 dicens
1897 3889 1908 3924 :

2021 3243 2291 3305 decollati,
2325 3252 2379 3296 et
2408 3250 2599 3295 caetera
2624 3251 2747 3295 sunt
2775 3242 2950 3294 omnia
2985 3244 3223 3296 incensa.

2093 3332 2179 3397 L.,
2224 3332 2284 3385 Et
2314 3330 2550 3384 membra
2577 3346 2762 3384 corum
2787 3345 2923 3385 caasa
2951 3340 3110 3399 atque
3141 3331 3378 3387 incensa.

2089 3422 2178 3476 ‘21.
2218 3452 2287 3461 —
2308 3420 2398 3475 ΧΗ
2432 3420 2563 3475 ΚΑι..
2598 3421 2777 3474 Romae
2804 3422 2863 3476 S.
2892 3420 2917 3459 ἀ
2948 3422 3165 3489 Agnetis
3195 3437 3313 3491 quae
3342 3422 3442 3476 sub
3466 3439 3595 3490 pra--

2022 3511 2161 3566 lecto
2193 3512 2335 3565 urbis
2378 3510 2689 3577 Sempronio
2720 3510 2928 3579 ignibus
2977 3510 3167 3580 injecta
3190 3551 3204 3575 ,
3250 3508 3344 3564 sed
3393 3510 3473 3567 his
3502 3528 3594 3580 per

2021 3600 2312 3655 orationem
2344 3600 2454 3669 ejus
2488 3600 2765 3654 exstinctis
2785 3643 2798 3666 ,
2830 3600 3004 3668 gladio
3034 3615 3286 3669 percussa
3312 3612 3414 3659 est.

2088 3690 2277 3745 Florus
2310 3692 2359 3743 in
2390 3694 2450 3744 Α.
2479 3692 2541 3745 Τ.
2573 3690 2656 3756 L.,
2689 3691 2808 3759 ipso
2836 3691 2919 3745 die
2948 3692 2997 3745 in
3021 3692 3268 3761 Hispania
3292 3695 3593 3751 Tarracona

2018 3781 2253 3842 civitate,
2288 3783 2459 3847 passio
2484 3790 2785 3834 sanctorum
2821 3793 2842 3818 ε
2879 3781 3154 3837 Fructuosi
3184 3784 3450 3852 episcopi,
3483 3786 3594 3837 Au-

2017 3872 2151 3939 gurii
2183 3880 2233 3924 et
2273 3871 2470 3940 Eulogii
2500 3871 2842 3927 diaconorum
2866 3915 2881 3939 ,
2931 3872 3019 3943 qui
3053 3888 3146 3944 per
3187 3874 3361 3945 ignem
3391 3876 3598 3929 confes.

1750 3961 1962 4016 SMITH
1994 3961 2222 4017 NOTAE.

332 4062 538 4123 steriis,
570 4060 635 4113 ab
661 4060 909 4127 episcopo
933 4057 1167 4114 Fabiano
1195 4070 1297 4109 non
1346 4056 1490 4124 prius
1529 4069 1649 4109 esse
1691 4055 1912 4127 permis-

332 4148 477 4194 sum,
509 4146 666 4198 quam
698 4125 918 4195 peccata
950 4143 1042 4182 sua
1070 4127 1435 4198 conﬁteretur,
1474 4134 1528 4179 et
1577 4126 1713 4178 inter
1744 4125 1913 4198 paeni-

334 4194 743 4256 tentes'staret.
792 4199 1006 4259 Euseb.,
1058 4213 1128 4261 vt,
1183 4196 1270 4249 54.
1311 4197 1463 4248 Circa
1505 4205 1710 4261 tempus
1760 4194 1912 4259 hujus

336 4273 677 4336 pnntitieatus
709 4283 893 4335 magna
940 4278 1022 4322 est
1071 4268 1205 4320 inter
1248 4275 1491 4319 auctores
1536 4265 1909 4336 discrepantia.

333 4334 432 4395 Hic
455 4341 612 4393 tradit
637 4354 758 4392 eum
782 4334 985 4391 sedisse
1011 4352 1177 4390 annos
1212 4336 1293 4400 l4,
1321 4350 1527 4388 menses
1557 4334 1642 4398 10,
1671 4335 1785 4387 dies
1819 4335 1902 4388 ll.

336 4412 431 4465 Ille
470 4409 750 4472 annoslS,
800 4408 914 4461 dies
944 4408 997 4460 4.
1045 4408 1190 4459 Alius
1237 4418 1403 4456 annos
1450 4405 1534 4467 Η,
1584 4418 1791 4457 menses
1828 4406 1908 4467 tt,

334 4482 452 4535 dies
484 4480 572 4533 1'2.
606 4484 799 4532 Auctor
830 4486 1007 4531 noster
1036 4491 1203 4529 annos
1230 4474 1322 4527 ‘25.
1355 4474 1502 4527 Alius
1533 4488 1699 4526 annos
1730 4473 1812 4526 15.
1848 4472 1913 4527 Ut

335 4562 515 4604 tamen
561 4551 614 4602 in
646 4558 786 4601 tanta
837 4562 1174 4599 numerorum
1216 4544 1609 4611 perturbatione
1639 4545 1912 4597 veritatem

334 4622 740 4685 investigemus,
788 4618 1113 4670 inveniamus
1143 4624 1393 4685 quantum
1435 4612 1686 4679 temporis
1712 4628 1742 4666 a
1771 4614 1916 4685 Caede

331 4693 392 4745 S.
444 4682 624 4744 Amari
669 4682 733 4741 ad
782 4688 944 4755 ipsius
974 4687 1028 4741 S.
1084 4682 1299 4739 Fabiani
1350 4698 1533 4755 necem
1575 4684 1913 4755 inter-gssit;

335 4758 669 4828 pronuntiari
712 4750 870 4823 igitur
887 4750 1507 4828 _possumus_annosnl_4,
1557 4752 1673 4828 dies
1702 4752 1790 4828 l7,
1825 4767 1914 4806 re-

331 4822 461 4883 vera
486 4822 855 4882 intervenisse.
887 4823 1013 4893 Pagi
1042 4842 1167 4890 ergo
1198 4825 1249 4877 in
1272 4838 1364 4876 sua
1396 4822 1746 4891 Chronologia
1777 4833 1912 4876 tem-

334 4915 438 4966 pus
483 4898 778 4953 rectissime
826 4905 1039 4966 notasse
1087 4897 1229 4949 visus
1269 4905 1369 4966 est.
1410 4893 1762 4966 Statuiteniiu
1792 4908 1912 4966 cum

330 4961 422 5023 Cl.
466 4970 752 5023 Pearsonio
779 4965 956 5020 sedem
989 4981 1203 5020 vacasse
1232 4964 1342 5017 dies
1371 4973 1514 5023 octo,
1545 4973 1602 5017 et
1629 4962 1687 5017 S.
1723 4961 1912 5016 Fabia-

336 5056 467 5093 num
496 5037 700 5093 sedisse
726 5050 889 5091 annos
918 5035 1002 5099 lxi,
1032 5036 1146 5090 dies
1176 5034 1257 5088 10.
1294 5033 1389 5087 Hic
1415 5032 1693 5087 defunctus
1717 5040 1799 5084 est
1822 5046 1911 5086 an.

335 5108 467 5175 250,
500 5108 753 5177 martyrio
782 5116 1066 5160 coronatus
1090 5106 1189 5158 sub
1214 5102 1794 5177 Decio,_qui_pm__odio
1822 5102 1915 5177 ad-

333 5173 527 5235 versus
581 5173 874 5243 Philippum
931 5177 1353 5244 persecutionem
1401 5174 1574 5244 intulit
1637 5173 1908 5244 Ecclesiae.

336 5250 513 5308 Grani
547 5262 671 5302 cum
699 5242 861 5302 edunt
886 5261 915 5297 v
934 5242 1101 5313 'Aug.,
1132 5255 1188 5298 ut
1210 5254 1351 5312 patet
1378 5258 1444 5297 ex
1472 5242 1700 5313 Menaeis.

417 5328 442 5356 ⁸
473 5319 825 5373 Sebastianus.
854 5317 951 5381 Qui
979 5309 1153 5384 legere
1193 5309 1568 5384 vultdehujus
1592 5309 1758 5384 sancti
1788 5310 1916 5384 reli-

338 5389 480 5459 quiis
505 5399 558 5443 et
584 5381 1344 5459 translationibus,__consulant
1389 5383 1489 5459 hoc
1514 5383 1629 5449 ipso
1659 5381 1745 5436 die
1787 5382 1911 5435 Bol-

338 5451 592 5523 landum;
618 5457 809 5511 colitur
834 5470 862 5509 a
892 5455 1092 5509 Graacis
1121 5470 1245 5508 xvtu
1274 5451 1520 5523 Decemb.

412 5533 437 5567 δ
477 5518 668 5584 Omnia
700 5529 836 5582 inter
875 5540 966 5579 nec
1011 5541 1155 5578 mora
1183 5534 1236 5579 et
1263 5522 1530 5590 complevit
1560 5518 1754 5575 desunt
1782 5521 1835 5575 in
1866 5519 1913 5575 Α

329 5609 391 5658 et
416 5601 474 5656 L.

412 5685 434 5712 ε
479 5669 659 5724 Marii.
690 5668 887 5740 Horum
921 5679 1144 5733 corpora
1172 5672 1298 5718 sunt
1323 5664 1538 5740 incensa
1578 5661 1913 5740 neOsepult-u-

332 5758 452 5797 ram
488 5741 763 5810 haberent.
796 5730 1033 5791 Matrona
1074 5749 1204 5789 vero
1232 5733 1476 5810 quaedam
1517 5730 1737 5810 nomine
1766 5730 1912 5810 Feli-

338 5813 476 5867 citas
507 5808 680 5880 rapuit
725 5820 947 5878 corpora
994 5819 1179 5861 eorum
1226 5801 1513 5871 semiusta,
1545 5810 1598 5857 et
1625 5801 1677 5857 in
1709 5801 1909 5869 praedio

1946 4508 1996 4569 Ι)

2019 4069 2115 4127 suo
2145 4056 2445 4127 sepelivit;
2479 4056 2735 4111 Mntham
2790 4059 2949 4111 etiam
3004 4058 3202 4113 levavit
3252 4059 3317 4113 de
3348 4072 3502 4127 puteo
3540 4071 3595 4115 et

2016 4123 2191 4189 juuxit
2238 4126 2551 4192 corporibus
2599 4127 2825 4190 sanctis,
2878 4128 2979 4178 sub
3027 4129 3113 4180 die
3145 4144 3235 4182 xm
3282 4123 3395 4183 Kal.
3434 4131 3595 4185 Febr.

2026 4192 2152 4247 Vide
2179 4209 2363 4248 eorum
2395 4206 2510 4248 acta
2541 4197 2680 4261 apud
2711 4197 2944 4248 itali-ind.
2974 4196 3148 4250 Pridie
3177 4198 3364 4251 horum
3396 4204 3600 4253 memi-

2022 4279 2148 4318 nere
2174 4266 2444 4334 Martyrol.
2482 4266 2651 4319 Battle
2685 4265 2875 4329 vulgati
2928 4276 2983 4319 et
3024 4267 3232 4320 Baronii
3255 4308 3267 4323 .
3300 4278 3354 4321 et
3382 4269 3592 4322 addita-

2023 4344 2197 4405 menta
2225 4336 2385 4388 Flori.
2424 4337 2553 4390 item
2582 4337 2636 4391 S.
2673 4336 2877 4389 Martha
2905 4352 3062 4405 supra
3110 4338 3163 4390 in
3197 4337 3590 4394 Additatneutis

2022 4402 2061 4455 F
2067 4404 2165 4457 lori
2192 4421 2276 4459 xu
2307 4406 2541 4459 Januarii
2565 4406 2873 4460 collocatur.

2090 4474 2115 4510 ἀ
2157 4476 2383 4543 Agnetis.
2418 4478 2544 4539 Quae
2569 4477 2661 4529 sub
2686 4478 2921 4545 praefecto
2944 4477 3080 4529 urbis
3123 4476 3473 4545 Symphronio
3502 4494 3597 4543 pro

2024 4560 2081 4598 eo
2103 4548 2236 4613 quod
2265 4545 2449 4599 Christi
2490 4558 2536 4600 et
2558 4548 2858 4615 virginitatis
2899 4565 2931 4601 a
2950 4563 3069 4600 nare
3109 4548 3271 4613 ﬁlium
3296 4548 3405 4615 ejus
3432 4551 3591 4598 mari-

2024 4624 2128 4666 tum
2149 4618 2377 4681 accipere
2400 4616 2635 4681 noluerit,
2662 4617 2730 4669 ad
2753 4624 2970 4683 lupanar
3008 4616 3260 4670 illusiouis
3282 4618 3447 4683 gratia
3472 4633 3592 4681 pcr-

2020 4685 2174 4737 ducta
2187 4702 2245 4737 ac
2260 4688 2535 4749 denudata,
2562 4688 2777 4749 primum
2800 4686 3002 4752 capillis
3023 4687 3127 4738 suis
3147 4694 3391 4751 contecta,
3408 4687 3591 4739 deinde

2020 4755 2207 4808 caelesti
2234 4765 2363 4809 veste
2402 4756 2619 4820 donata,
2660 4757 2825 4823 ipsum
2864 4757 3089 4822 prwfecti
3125 4756 3291 4817 ﬁlium
3328 4772 3380 4809 se
3422 4756 3591 4819 impu-

2019 4826 2220 4877 dentius
2263 4834 2579 4892 appetentem
2619 4835 2665 4878 et
2706 4827 2767 4879 ob
2808 4828 2901 4878 hoc
2937 4842 2970 4879 α
3011 4825 3215 4878 diabolo
3256 4828 3603 4894 prlefocatum.

2019 4895 2478 4966 orationis.virtutc
2516 4896 2797 4949 suscitavit.
2841 4895 2965 4949 Post
2998 4896 3105 4948 lucc
3142 4896 3339 4966 ignibus
3381 4898 3591 4966 injecta,

2019 4974 2123 5017 etc.
2156 4964 2366 5018 Notker.
2412 4966 2566 5019 Passa
2590 4976 2671 5019 eSt
2706 4966 2804 5019 sub
2834 4966 3075 5019 Gallieno
3106 4964 3446 5030 imperatore.
3480 4965 3593 5019 Mo-

2019 5034 2171 5088 lanus
2219 5034 2271 5087 in
2301 5034 2535 5089 lndiculo
2560 5046 2862 5090 sanctorum
2892 5035 3055 5101 Belgii
3083 5035 3269 5089 scribit
3296 5037 3352 5091 S.
3375 5036 3592 5103 Agnetis

2018 5106 2267 5173 reliquias
2317 5106 2367 5158 in
2403 5108 2580 5158 tumba
2612 5106 2901 5159 honoriﬁce
2930 5107 3205 5172 quiescere
3233 5103 3505 5175 Ultrajeeti
3535 5104 3589 5159 in

2018 5176 2304 5228 cathedrali
2346 5176 2602 5237 ecclesia,
2661 5191 2856 5243 easque
2906 5176 3235 5230 transtulisse
3288 5176 3588 5228 Baldricum

2017 5246 2322 5312 episcopum
2351 5260 2491 5298 anno
2519 5246 2643 5312 966,
2676 5246 2777 5299 sub
2807 5246 3036 5300 Othone.
3072 5247 3193 5301 Dies
3225 5246 3582 5300 translationis

2017 5324 2099 5369 est
2127 5330 2176 5367 tv
2205 5315 2380 5370 Nonzts
2410 5316 2760 5381 Septembris.

2091 5394 2113 5421 °
2155 5382 2447 5439 Fructuosi.
2500 5384 2569 5439 Hi
2616 5386 2779 5454 primo
2818 5386 2871 5439 in
2914 5401 3160 5439 carcerem
3201 5385 3363 5451 trusi,
3407 5383 3589 5437 deinde

2015 5456 2236 5522 ﬂammis
2274 5456 2481 5523 injecti,
2528 5457 2718 5508 exustis
2751 5456 2995 5521 uinculis,
3035 5456 3265 5508 manibus
3305 5456 3356 5506 in
3382 5454 3585 5523 modunn

2016 5521 2177 5578 crucis
2202 5521 2458 5592 expansis,
2499 5536 2697 5578 orantes
2738 5538 2789 5578 ut
2823 5535 3081 5579 urerentur
3122 5526 3464 5578 obtinuerunt.
3516 5521 3577 5576 Et

2015 5611 2136 5650 mox
2160 5612 2291 5649 unus
2329 5613 2356 5650 e
2383 5595 2654 5663 fratribus,
2699 5605 2747 5649 et
2770 5595 2879 5664 ﬁlia
2922 5594 3151 5661 prarsidis
3187 5609 3299 5663 qua:
3323 5593 3581 5653 adstabat,

2014 5666 2245 5719 viderunt
2265 5667 2461 5719 animas
2482 5674 2791 5734 sanctorum,
2810 5669 2990 5721 calum
3011 5666 3340 5721 conscendere
3372 5678 3588 5718 coronae

2018 5745 2116 5790 tas.
2159 5735 2293 5802 Ado,
2332 5738 2506 5790 Baeda.
2546 5734 2697 5807 Vulg.
