3990 6196
369 359 466 414 8i!)

1108 362 1306 417 BEDXE
1349 359 1798 416 VENEHABILIS
1833 359 1981 412 UPP.
2022 360 2195 414 PAHS
2234 359 2324 414 IV.
2366 389 2432 400 —
2472 359 2849 417 HISTOHICA.

3499 363 3602 418 8'20

1602 466 1828 522 EDITIO
1864 465 2309 522 COLONIENSIS

368 566 541 634 scopi,
586 564 775 633 Auguli
825 574 878 619 et
922 564 1123 634 Eulogii
1172 564 1538 626 diaconorum,
1578 563 1665 629 qui
1698 571 1932 627 tempore
1959 560 2011 620 Δ
2035 574 2228 628 corpus
2260 561 2376 630 eius
2404 562 2453 615 in
2482 576 2724 630 campum
2756 563 2882 617 feris
2909 572 2961 617 et
2991 564 3173 618 avibus
3194 566 3350 633 jussit
3373 572 3559 634 exponi
3585 587 3598 634 ;

370 657 594 711 Gallieni
626 656 723 710 sub
761 656 1065 727 [Ernyliano
1114 654 1357 723 praeside,
1387 654 1556 721 primo
1585 654 1636 704 in
1666 665 1931 705 carcerem

372 746 525 811 trusi,
552 746 741 800 deinde
772 746 994 799 llammis
1026 744 1223 813 iniecti,
1252 743 1452 797 exustis
1481 741 1724 805 vinculis,
1756 740 1936 794 mani-

373 835 470 891 bus
519 837 571 890 in
620 837 830 890 modum
878 835 1052 889 crucis
1101 835 1366 902 expansis,
1397 841 1609 885 orantes
1635 840 1691 884 ut
1720 845 1934 884 ureren-

376 940 481 996 tur,
526 928 887 990 obtinuerunt,
941 935 995 980 et
1040 940 1162 980 mox
1216 939 1350 977 unus
1389 938 1419 977 e
1459 922 1705 975 fratribus
1734 931 1787 975 et
1827 920 1931 973 lilia

374 1016 634 1084 prmsidis,
685 1030 802 1084 qua:
857 1014 1158 1077 assistebat,
1192 1012 1434 1066 viderunt
1481 1017 1783 1064 sanctorum
1822 1006 1937 1061 ani-

370 1122 484 1161 mas
531 1107 723 1161 cmlum
768 1105 1128 1160 conscendere
1182 1112 1479 1159 coronatas.
1531 1099 1685 1167 Apud
1739 1099 1936 1155 Trecas

368 1198 533 1252 sancti
561 1196 783 1257 Patrocli
816 1194 1087 1265 martyris.

442 1289 506 1342 A.
548 1285 617 1341 Xl
656 1286 896 1341 KALEND.
936 1286 1098 1340 Festi.
1127 1314 1189 1327 --
1213 1284 1266 1339 In
1310 1283 1576 1354 Hispaniis
1606 1282 1781 1342 natale
1810 1297 1935 1338 san-

373 1380 445 1434 cti
486 1379 743 1433 Vincentii
772 1378 977 1432 diaconi
1020 1387 1075 1431 et
1120 1376 1387 1448 martyris,
1430 1377 1517 1446 qui
1566 1392 1684 1429 cum
1730 1374 1937 1428 Valerio

372 1470 624 1537 episcOpn
657 1482 754 1521 suo
782 1483 809 1519 a
837 1468 1234 1533 Cresaraugusta
1268 1466 1479 1519 civitate
1520 1464 1813 1518 Valentiam
1844 1477 1934 1516 us.-

372 1574 473 1626 qne
501 1558 749 1627 gravibus
781 1572 947 1611 nexus
993 1558 1213 1621 catenis,
1257 1555 1477 1635 iubente
1528 1554 1776 1619 Daciano,
1809 1568 1939 1622 per-

373 1652 562 1704 ductus
587 1659 688 1711 est,
722 1651 894 1719 ibique
917 1648 1056 1703 fame
1082 1658 1137 1703 et
1163 1650 1410 1716 squalore
1438 1661 1605 1700 carcer
1621 1647 1663 1699 is
1692 1647 1778 1698 diu
1820 1659 1936 1699 ma-

371 1748 599 1806 ceratus,
629 1740 905 1794 tormentis
948 1737 1180 1806 equulei,
1221 1746 1274 1789 et
1319 1736 1630 1803 ungularum
1677 1734 1935 1789 horrenda

374 1829 695 1883 laceratione
724 1836 960 1894 vexatus,
994 1828 1152 1882 etiam
1182 1826 1399 1894 grabato
1432 1826 1602 1878 ferreo
1641 1824 1936 1878 diutissime

2036 651 2127 703 sed
2172 665 2295 703 mox
2327 666 2517 705 corvus
2561 653 2817 706 divinitus
2859 653 2922 706 ad
2952 654 3243 709 cusuodiam
3282 659 3397 723 eius
3427 658 3597 722 datm,

2035 754 2139 794 non
2167 740 2337 794 solum
2363 742 2495 794 alias
2519 755 2645 796 aves
2665 744 2901 808 arcebat,
2926 744 3018 797 sed
3043 754 3097 797 et
3121 746 3400 799 immanem
3424 747 3597 815 lupum

2035 846 2064 884 a
2088 843 2269 887 sancto
2298 848 2521 903 corpore
2552 836 2761 903 repulit.
2797 835 2948 901 Quod
2988 852 3110 889 cum
3156 838 3453 891 nuntiatum
3504 840 3600 892 Da-

2036 920 2190 975 ciano
2216 933 2379 988 esset,
2411 923 2568 991 jussit
2593 939 2715 977 eum
2746 926 2974 979 insutum
3000 929 3173 989 culeo,
3204 928 3253 980 in
3286 928 3597 996 profundum

2037 1012 2197 1063 maris
2241 1025 2361 1063 cum
2408 1012 2718 1081 gravissimo
2762 1013 2874 1067 saxi
2921 1014 3152 1083 pondere
3201 1014 3480 1083 immergi;
3508 1016 3595 1069 sed

2036 1100 2183 1169 prius
2211 1102 2401 1156 virtute
2433 1103 2523 1156 Dei
2571 1119 2734 1171 super
2762 1104 2929 1158 undas
2958 1114 3144 1158 natans
3186 1104 3252 1159 ad
3275 1104 3417 1159 littus
3453 1105 3599 1160 dela-

2040 1196 2159 1253 tus,
2211 1200 2261 1244 ct
2289 1191 2465 1245 arenis
2509 1192 2757 1247 conditus
2797 1202 2899 1258 εει,
2929 1207 3090 1262 quam
3122 1195 3348 1262 remiges
3394 1206 3597 1263 portum

2039 1287 2253 1347 tangere
2281 1282 2595 1349 p0tuissent.
2630 1281 2752 1336 Inde
2784 1298 2903 1336 cum
2932 1299 2990 1338 se
3032 1293 3244 1338 sanctus
3274 1295 3473 1355 martyr
3493 1284 3599 1339 cui-

2038 1368 2157 1422 dam
2188 1370 2331 1423 ﬁdeli
2360 1373 2480 1425 anui
2509 1372 2711 1427 Jenicae
2738 1376 3021 1427 revelasset
3044 1414 3057 1439 ,
3091 1388 3327 1431 cessante
3358 1392 3601 1443 persecu-

2039 1461 2196 1513 tionis
2225 1462 2393 1527 rabie,
2424 1477 2451 1514 a
2480 1462 2790 1517 Christianis
2820 1473 3128 1525 reverenter
3162 1468 3417 1529 sublatus,
3451 1477 3505 1521 et
3548 1468 3605 1527 in

2038 1553 2253 1607 basilica
2295 1556 2536 1610 conditus
2582 1567 2681 1612 est.
2713 1557 2765 1611 In
2816 1556 2996 1613 Galliis
3040 1560 3252 1617 civitate
3294 1560 3598 1629 Ebreduno,

2039 1654 2342 1700 sanctorum
2374 1660 2684 1718 martyrum,
2733 1647 3012 1718 Vincentii,
3046 1652 3243 1707 Orontii
3278 1664 3331 1708 et
3359 1655 3602 1711 Victoris.

2040 1734 2219 1790 Roma:
2245 1739 2309 1788 ad
2342 1740 2517 1806 Aquas
2545 1740 2753 1794 Salinas
2785 1743 2957 1795 natale
2991 1744 3155 1796 sancti
3195 1746 3455 1801 Anastasii
3485 1763 3603 1801 mo-

2040 1827 2212 1893 nacbi,
2245 1836 2298 1880 et
2328 1830 2570 1898 martyris
2598 1830 2663 1883 de
2691 1830 2928 1896 Persida,
2958 1834 3043 1900 qui
3077 1842 3193 1901 post
3234 1834 3461 1902 plurima
3493 1846 3603 1892 tor-

374 1921 656 1986 ustulatus,
684 1920 880 1974 arvina:
921 1918 1101 1987 guttis,
1136 1928 1183 1972 et
1225 1918 1514 1985 crepitante
1558 1914 1669 1968 sale
1695 1913 1933 1982 perfusus
1966 1900 2008 1960 Β
2041 1929 2213 1971 menta
2264 1919 2513 1982 carceris,
2558 1921 2838 1974 verberum
2881 1929 2935 1975 et
2982 1900 3331 1986 vinculorum,
3384 1940 3498 1990 qua!
3552 1926 3602 1983 in

370 2022 486 2079 est;
519 2022 635 2080 post
664 2011 776 2066 haec
813 2012 863 2064 in
906 2009 1230 2065 teterrimum
1261 2020 1529 2063 carcerem
1562 2015 1757 2070 trusus,
1789 2005 1935 2058 diva-

372 2102 548 2163 r-catis
574 2102 626 2155 in
661 2116 822 2163 ncrvo
849 2098 1112 2161 cruribus.
1146 2112 1306 2166 super
1335 2094 1638 2150 acutissima
1682 2104 1933 2150 testarum

370 2194 663 2262 fragmenta
694 2190 961 2261 proiectus
989 2198 1103 2254 est;
1134 2189 1219 2243 ubi
1248 2198 1400 2243 nocte
1432 2186 1518 2240 lux
1558 2187 1741 2256 ingens
1770 2201 1932 2255 appa-

370 2287 494 2352 ruit,
523 2294 573 2340 et
607 2286 802 2339 virtute
832 2283 925 2338 Dei
954 2282 1157 2337 solutus
1199 2290 1397 2351 martyr
1434 2278 1573 2341 inter
1614 2278 1853 2347 angelos,
1900 2290 1932 2332 a

367 2377 563 2447 quibus
589 2375 792 2431 visitari
832 2376 1042 2439 meruit,
1072 2372 1327 2445 hymnum
1364 2372 1607 2435 canebat,
1635 2368 1705 2423 ita
1737 2379 1791 2425 ut
1821 2369 1934 2438 ipse

367 2480 545 2531 custos
593 2467 854 2525 crederet.
902 2466 1054 2521 Mane
1101 2474 1279 2523 autem
1330 2463 1487 2529 tacto,
1534 2476 1653 2515 cum
1688 2459 1934 2530 iussisset

374 2573 495 2615 eum
539 2556 800 2623 Dacianus
846 2555 900 2621 in
931 2556 1069 2610 lecto
1115 2551 1425 2611 mollissimo
1450 2550 1715 2619 reclinari,
1746 2559 1802 2603 ut
1836 2548 1932 2602 ali-

367 2647 675 2717 quantulum
708 2658 980 2701 recreatus
1023 2645 1199 2699 acrius
1242 2644 1418 2698 denuo
1465 2649 1814 2710 torqueretur,
1847 2639 1931 2693 itt-

370 2736 687 2808 tatigabilcm
712 2734 956 2815 spiritum
985 2736 1197 2795 Christo
1225 2733 1468 2797 reddidit.
1495 2733 1643 2788 Tunc
1671 2733 1931 2792 Dacianus

2038 2009 2280 2062 Cmsarca
2315 2009 2603 2063 Palaestinae
2634 2024 2913 2079 perpessus
2939 2009 3126 2075 fuerat,
3153 2026 3179 2062 a
3206 2012 3379 2067 Persis
3404 2026 3603 2081 postre-

2038 2111 2127 2151 mo
2156 2097 2208 2150 iu
2256 2097 2469 2153 Perside
2498 2100 2658 2153 multa
2711 2114 2863 2168 pretia
2910 2099 3148 2164 ali‘ectus,
3178 2112 3334 2169 atque
3378 2104 3443 2157 ad
3484 2105 3606 2160 ulti-

2039 2203 2182 2242 mum
2212 2187 2504 2250 decollatus
2533 2199 2611 2244 est
2642 2204 2670 2242 a
2702 2205 2823 2256 rege
2846 2205 3026 2243 eorum
3057 2190 3313 2257 Chnsroe,
3343 2206 3463 2245 cum
3486 2192 3602 2246 aliis

2042 2280 2400 2349 septuaginta.
2435 2279 2692 2355 Reliquiae
2720 2280 2957 2355 corporis
2986 2280 3100 2349 ejus
3131 2281 3274 2350 prius
3303 2282 3603 2353 Hierosoly-

2041 2370 2142 2422 mis
2183 2368 2250 2422 ad
2298 2354 2673 2431 monasterium
2704 2354 2878 2435 suum,
2908 2369 3100 2424 deinde
3140 2369 3356 2424 Romam
3394 2371 3599 2432 delata,

2035 2468 2356 2522 venerantur
2384 2456 2438 2510 in
2470 2459 2795 2513 monasterio
2826 2458 2963 2512 beati
3006 2457 3149 2512 Pauli
3188 2458 3429 2528 apostoli,
3461 2460 3600 2528 quod

2033 2547 2225 2603 dicitur
2250 2548 2315 2602 ad
2346 2549 2525 2618 Aquas
2555 2547 2797 2615 Salinas;
2827 2556 2881 2603 et
2904 2548 3070 2602 sancti
3107 2548 3358 2603 Vincentii
3381 2550 3599 2619 presby-

2037 2640 2134 2693 teri
2167 2648 2220 2693 et
2250 2627 2517 2709 martyris.

2107 2729 2166 2782 Β.
2210 2727 2252 2781 Χ
2293 2728 2530 2783 Κλιεειι).
2573 2728 2736 2785 Fsaa.
2778 2758 2848 2770 —
2884 2729 3064 2787 Roma:
3111 2723 3307 2786 sancta
3350 2727 3596 2785 Emeren-

1603 2820 1829 2877 EDITIO
1872 2817 2369 2876 BOLLANDIANA.

368 2916 531 2974 sionis
555 2930 665 2975 sua:
690 2914 913 2987 gloriam
952 2923 1270 2987 acceperunt
1313 2913 1413 2969 sub
1462 2912 1747 2977 Emiliano
1791 2926 1927 2981 pra:-

371 3013 526 3076 t‘ecto,
553 3020 789 3080 tempore
816 3007 1076 3064 Valeriani
1103 3018 1156 3064 et
1186 3007 1389 3063 Galieni
1423 3009 1820 3075 imperatorum.

442 3121 525 3183 L.,
560 3122 623 3175 Et
647 3120 698 3175 in
735 3119 933 3173 Valeria
978 3119 1190 3172 civitate
1215 3119 1273 3173 S.
1304 3128 1330 3155 ι
1364 3117 1554 3172 Valerii
1598 3115 1828 3182 episcopi
1877 3124 1932 3169 et

371 3190 635 3314 martyris.
665 3188 907 3258 C.,Alibi
929 3187 1138 3255 Felicis,
1168 3187 1467 3255 Fructuosi,
1493 3187 1765 3252 Ceciliani,
1796 3186 1932 3239 Mar-

371 3271 435 3314 ua
461 3276 523 3314 is.

370 3271 523 3315 Italis.

441 3369 532 3423 2‘2.
571 3400 640 3410 —
690 3369 760 3435 XI
788 3368 921 3432 ΚΑΙ..
953 3368 1008 3424 In
1040 3367 1284 3438 Hispania
1309 3366 1335 3407 ιι
1361 3365 1617 3421 Vincentii
1646 3361 1854 3419 diaconi
1875 3372 1931 3419 et

370 3462 637 3533 martyris.
672 3461 749 3516 Ad
778 3463 954 3531 Aquas
993 3461 1197 3518 Salvias
1245 3460 1301 3517 S.
1339 3470 1361 3498 ο
1394 3456 1653 3515 Anastasii
1684 3455 1927 3512 monachi

365 3568 417 3611 et
446 3538 692 3627 martyris
720 3556 786 3615 de
813 3556 1027 3617 Persida
1067 3574 1078 3608 :
1128 3555 1216 3625 qui
1250 3563 1366 3624 post
1391 3551 1613 3622 plurima
1669 3555 1927 3607 tormenta

365 3646 622 3713 carceris,
655 3646 935 3707 verberum
985 3654 1037 3699 et
1068 3644 1391 3707 vinculorum
1412 3684 1429 3710 ,
1456 3656 1577 3712 qua:
1603 3641 1654 3696 in
1685 3641 1926 3697 Caesarea

370 3735 646 3792 Palestina:
675 3748 960 3804 perpessus
987 3731 1157 3792 fuerat
1197 3747 1228 3788 a
1260 3733 1465 3797 Persis;
1516 3741 1839 3802 postremum
1871 3732 1924 3792 in

369 3824 581 3890 Perside
610 3826 776 3878 multa
802 3840 955 3891 poena
983 3824 1233 3891 alIectus,
1266 3833 1423 3892 atque
1452 3824 1517 3878 ad
1557 3824 1797 3879 ultimum
1829 3824 1923 3884 de-

363 3913 585 3967 collatus
614 3922 689 3966 est
721 3928 750 3966 a
777 3928 898 3980 rege
922 3928 1105 3967 eorum
1143 3913 1399 3967 Cbosroe.

435 4000 622 4054 Florus
648 4000 699 4053 in
731 4004 794 4055 A.
827 4001 891 4054 '1‘.
924 4001 1015 4070 L.,
1043 4002 1099 4056 In
1134 4000 1364 4056 Valentia
1394 4002 1609 4058 civitate
1632 4002 1918 4073 Hispaniae,

366 4091 539 4157 passio
588 4090 644 4146 S.
691 4089 950 4145 Vincentii
994 4090 1205 4146 diaconi
1256 4092 1355 4147 sub
1403 4092 1633 4148 Daciano
1674 4094 1918 4163 praeside.

367 4181 516 4237 llnuc
540 4181 678 4236 enim
706 4196 901 4251 praeses
938 4183 1107 4252 primo
1136 4185 1358 4255 equnleo
1386 4185 1637 4253 suspendi
1680 4185 1839 4254 jussit
1864 4194 1921 4240 et

362 4274 702 4332 vehementer
728 4273 979 4342 torqueri.
1008 4273 1157 4329 Unde
1182 4274 1452 4343 depositus
1481 4283 1773 4345 torquetur,
1800 4282 1918 4329 tun-

361 4365 521 4431 ditur,
552 4365 859 4435 ﬂagellatur,
893 4368 1150 4435 exuritur,
1176 4377 1228 4422 et
1250 4368 1495 4423 distentis
1525 4368 1775 4423 membris
1803 4383 1917 4422 cre-

1956 3318 2004 3382 C

2038 2909 2219 2963 scebat
2248 2922 2441 2978 corpus
2467 2896 2539 2963 ad
2557 2924 2765 2979 pugnam
2793 2929 2805 2965 :
2838 2911 2933 2967 sed
2956 2911 3189 2981 Spiritus,
3218 2913 3308 2982 qui
3330 2912 3597 2968 Christum

2037 2998 2317 3052 Dominum
2347 2998 2635 3065 fatebatur,
2665 3002 2716 3054 in
2749 3002 2964 3055 victoria
2998 3003 3355 3070 permanebat.
3410 3004 3598 3059 Hacte-

2038 3107 2136 3146 nus
2168 3092 2510 3147 Atrebatense
2537 3102 2589 3148 et
2616 3094 2737 3148 ltinc
2762 3093 2825 3151 ad
2857 3094 3192 3148 Anastasium
3224 3097 3409 3150 transit
3437 3114 3449 3149 :
3494 3095 3598 3147 alia

2038 3184 2145 3238 duo
2174 3185 2301 3240 Mss.
2333 3185 2560 3253 elogium
2605 3196 2991 3256 prosequuntur
3017 3185 3097 3240 liis
3124 3186 3332 3241 verbis:
3370 3205 3388 3238 ι
3413 3187 3595 3256 Impri-

2040 3284 2254 3328 muntur
2280 3274 2529 3329 ardentes
2551 3278 2749 3344 pectori
2778 3275 3007 3343 laminas,
3038 3285 3092 3331 et
3117 3276 3429 3345 liquefactus
3457 3278 3596 3331 inter

2033 3364 2175 3430 ipsas
2204 3361 2475 3419 candentis
2506 3364 2628 3418 ferri
2659 3366 2799 3420 acies
2829 3365 3000 3435 liquor
3040 3369 3204 3434 guttis
3231 3366 3437 3419 ﬂamma
3467 3366 3596 3421 stri-

2032 3454 2189 3508 dente
2218 3456 2561 3525 respergitur.
2608 3453 2838 3510 Vulnera
2870 3456 3172 3511 vulneribus
3199 3457 3593 3524 imprimuntur,

2031 3555 2086 3600 et
2112 3560 2272 3615 supra
2306 3554 2567 3600 tormenta
2617 3546 2934 3601 desmviunt.
2979 3547 3128 3602 Sales
3175 3550 3382 3618 ignibus
3422 3550 3592 3618 sparsi

2032 3638 2417 3704 crepitantibus
2438 3637 2675 3692 minutiis
2703 3653 2797 3707 per
2819 3639 3053 3694 membra
3084 3639 3375 3694 dissiliunt:
3406 3652 3455 3696 et
3478 3641 3589 3710 iam

2033 3743 2137 3782 non
2164 3729 2228 3781 ad
2256 3738 2400 3782 artus
2429 3738 2628 3783 tantum
2650 3769 2666 3793 ,
2696 3730 2793 3784 sed
2823 3729 2888 3783 ad
2930 3732 3042 3799 ipsa
3070 3732 3271 3786 viscera
3297 3733 3592 3799 supplicio-

2026 3834 2141 3873 rum
2172 3819 2271 3873 tela
2298 3819 2589 3888 jaciuntur,
2621 3821 2762 3875 nulla
2789 3823 2899 3890 iam
2936 3825 3176 3891 corporis
3207 3835 3357 3893 parte
3386 3826 3589 3893 integra

2024 3921 2351 3968 remanente.
2384 3913 2487 3968 Sed
2517 3917 2853 3983 postmodum
2885 3916 3095 3971 clausus
3124 3932 3338 3973 carcere
3358 3929 3413 3972 et
3429 3934 3589 3987 super

2023 4003 2322 4070 congeriem
2378 4014 2627 4059 testarum
2662 4005 2975 4076 l‘ragminum
3008 4010 3195 4063 missus
3243 4007 3447 4079 jacere,
3469 4016 3585 4065 bon

2023 4094 2189 4150 multo
2219 4106 2334 4162 post
2364 4099 2520 4151 tantis
2548 4097 2763 4153 aﬂ'ecuts
2793 4101 2982 4169 pmnis,
3036 4101 3259 4156 invictus
3288 4102 3411 4169 fide,
3442 4101 3587 4159 defe-

2020 4197 2091 4240 cit
2114 4200 2354 4255 corpore.
2369 4206 2388 4237 ι

2089 4277 2150 4337 T.
2188 4276 2384 4331 Eodem
2410 4278 2493 4330 die
2526 4279 2698 4333 natale
2731 4278 2753 4316 ἀ
2784 4279 3004 4333 Victoris
3032 4289 3086 4334 et
3110 4281 3333 4336 Orontii.

2086 4369 2174 4422 25.
2215 4398 2284 4409 —
2326 4368 2371 4424 Χ
2436 4368 2567 4429 ΚΜ..
2620 4371 2801 4425 Itonia:
2848 4372 3038 4426 natalis
3083 4371 3142 4427 S.
3193 4372 3584 4429 Emerentiante

1755 4457 1956 4512 SMITH
1996 4457 2223 4511 NOTAE.

430 4556 456 4584 ⁸
502 4548 712 4604 Valerii.
738 4548 834 4602 Hic
864 4547 961 4601 fuit
985 4547 1264 4615 episcOpus
1291 4547 1706 4616 Cresaraugustaa
1731 4548 1912 4601 civita-
1944 4554 1995 4614 1)
2022 4548 2192 4611 rizim,
2227 4558 2279 4601 et
2304 4548 2598 4604 Cresaream
2632 4550 2923 4605 Palmstinm
2943 4592 2957 4615 ,
2991 4552 3074 4606 ubi
3107 4553 3156 4605 in
3187 4567 3457 4609 carcerem
3485 4556 3587 4611 da-

357 4622 446 4685 tis,
471 4620 557 4687 qui
588 4634 689 4671 una
722 4633 840 4671 cum
868 4618 922 4671 S.
952 4618 1223 4670 Vincentio
1250 4617 1474 4671 diacono
1507 4616 1793 4671 Valentiam
1823 4632 1913 4672 us-

355 4705 477 4757 que,
503 4687 720 4757 iubente
741 4688 967 4742 Daciano
990 4687 1214 4757 praeside
1234 4730 1247 4753 ,
1274 4687 1558 4757 perductus
1584 4698 1683 4752 est,
1714 4697 1767 4740 et
1793 4687 1915 4742 inde

358 4756 409 4812 in
436 4756 676 4812 exsilium
709 4762 902 4810 missus
930 4766 1029 4811 est.
1061 4756 1154 4811 Hic
1185 4774 1286 4809 non
1318 4756 1538 4810 Valeria:
1560 4799 1573 4823 ,
1598 4758 1691 4811 sed
1722 4757 1914 4811 Valen-

356 4832 441 4883 tia:
470 4840 654 4896 passus
681 4836 782 4880 est.
819 4826 1185 4895 Hieronymus,
1218 4828 1350 4896 Ado,
1387 4826 1690 4890 Hrabauus,
1719 4825 1913 4879 Notke-

357 4894 483 4961 rus,’
504 4907 557 4949 et
588 4898 741 4950 Baeda
790 4894 1041 4965 Vulgatus
1085 4894 1338 4963 postridie
1382 4912 1503 4952 eum
1534 4911 1748 4965 passum
1781 4896 1917 4951 scri-

353 4969 502 5021 bunt.

424 5034 450 5071 ι)
499 5034 767 5094 Vincentii.
802 5034 897 5089 Hic
923 5050 1040 5088 cum
1071 5033 1125 5088 S.
1155 5033 1359 5088 Valerio
1382 5048 1563 5102 passus
1586 5043 1668 5089 est
1690 5034 1787 5089 sub
1818 5033 1916 5087 im-

394 5106 510 5158 erio
538 5105 865 5158 Diocletiani.
912 5105 1010 5169 Qui
1041 5104 1107 5157 de
1132 5120 1195 5159 eo
1235 5106 1344 5157 vult
1374 5105 1521 5173 plura
1551 5104 1757 5174 legere,
1794 5106 1914 5158 Bol-

359 5175 562 5233 landum
597 5182 752 5239 petat.

425 5258 445 5283 υ
488 5242 765 5297 Anastasii.
798 5241 892 5295 Hic
920 5256 1040 5295 cum
1070 5244 1303 5297 exercitu
1346 5240 1463 5296 Suis
1500 5241 1756 5310 principis
1790 5242 1914 5298 Per-

355 5329 529 5376 sarum
575 5312 639 5374 ad
684 5312 1008 5366 obsidionem
1057 5312 1407 5367 Chalcedonis
1452 5314 1622 5378 venit;
1678 5312 1801 5365 inde
1852 5315 1905 5366 in

356 5386 628 5447 Orientem
690 5380 881 5444 rediit;
929 5383 995 5432 ab
1043 5382 1274 5435 exercitu
1325 5383 1575 5446 recessit;
1637 5382 1904 5448 Hierapoli

349 5455 609 5522 primum,
658 5466 776 5503 mox
826 5450 1201 5522 Hierosolyma:
1245 5450 1510 5504 anril‘abro
1549 5451 1899 5522 cohabitavit;

352 5520 543 5577 Christi
573 5523 729 5576 [idem
758 5520 1064 5588 complexus
1083 5560 1096 5582 ,
1132 5522 1236 5574 imo
1264 5530 1316 5573 et
1346 5521 1691 5573 monasticam
1738 5522 1896 5574 vitam

348 5590 635 5647 lndictione
664 5605 786 5655 vui,
819 5588 1040 5643 He‘raclii
1072 5604 1209 5641 anno
1240 5605 1291 5653 ιι,
1325 5589 1519 5643 Christi
1554 5589 1686 5657 6’20,
1721 5604 1899 5658 perse-

355 5663 550 5714 veravit
580 5662 631 5714 in
656 5659 971 5714 monasterio
1000 5658 1152 5710 annis
1181 5668 1409 5726 septem,
1442 5660 1562 5712 dein
1607 5661 1671 5713 ad
1704 5672 1899 5728 marty-

350 5729 483 5791 t'iuru
511 5743 763 5793 accensus
792 5729 1033 5789 discessit
1054 5742 1083 5783 e
1108 5728 1429 5787 monasterio
1454 5728 1764 5803 Diospolim,
1796 5728 1897 5786 Ca-

2020 4627 2102 4691 tus
2128 4633 2266 4670 anno
2288 4620 2410 4671 Chr.
2439 4619 2562 4683 027,
2587 4631 2637 4673 et
2663 4621 2883 4674 Heraclii
2910 4622 2991 4684 l7,
3023 4622 3312 4675 celebravit
3333 4624 3581 4691 Septem.

2021 4687 2101 4739 bri
2155 4701 2338 4741 mense
2395 4690 2728 4742 festivitatem
2781 4692 3021 4744 exaltatae
3072 4693 3169 4744 sub
3224 4687 3583 4752 Constantino

2018 4756 2203 4828 Magno
2236 4757 2521 4828 Dominicre
2554 4761 2766 4821 crucis;
2798 4760 3058 4813 abductus
3088 4761 3318 4828 denique
3364 4764 3415 4816 in
3451 4764 3582 4817 Per-

2018 4826 2184 4897 sidem
2216 4827 2466 4894 martyrio
2497 4837 2775 4897 coronatus
2801 4839 2880 4881 est
2908 4845 2991 4881 an.
3025 4831 3152 4884 Chr.
3187 4826 3311 4897 7‘28,
3348 4834 3583 4890 lieraclii

2020 4896 2225 4948 decimo
2246 4906 2452 4949 octavo.
2495 4895 2731 4949 Bolland.
2762 4899 2894 4950 Cum
2925 4902 2990 4954 70
3016 4899 3134 4953 aliis
3163 4895 3390 4953 funiculo
3416 4902 3585 4956 sulfu-

2017 4974 2164 5017 catus
2185 4973 2283 5040 est,
2309 4977 2487 5040 postea
2513 4977 2666 5040 caput
2690 4968 2735 5040 ei
2756 4967 2855 5020 εειιί
2884 4970 3155 5040 praecisum
3184 4980 3282 5024 est.
3319 4971 3581 5040 Reliquias

2016 5035 2254 5108 corporis
2286 5036 2401 5108 eius
2432 5036 2616 5108 primo
2669 5035 3045 5108 Hierosolymis
3096 5040 3159 5090 ad
3191 5035 3572 5097 monasterium

2015 5116 2187 5164 suum,
2216 5104 2403 5155 deinde
2429 5105 2646 5157 Hennam
2673 5108 2856 5158 delata:
2886 5104 3207 5161 venerantur
3233 5110 3281 5161 in
3314 5122 3583 5166 monaste-

2016 5174 2094 5245 rio
2126 5171 2359 5245 B._Panli
2388 5174 2631 5245 apostoli,
2662 5178 2798 5242 quod
2833 5177 3023 5230 dicitur
3042 5179 3109 5229 ad
3142 5182 3317 5245 Aquas
3346 5180 3581 5237 Salvias.

2014 5242 2147 5315 Atio,
2190 5239 2406 5315 Nother,
2441 5243 2591 5315 Hreda
2628 5239 2828 5313 Vulgat.
2876 5246 2931 5297 In
2965 5239 3255 5315 Meuologio
3298 5263 3328 5300 a
3362 5248 3584 5307 Canisio

2014 5311 2160 5363 edito
2192 5326 2254 5363 xv
2281 5311 2399 5365 Jan.
2434 5313 2491 5365 S.
2526 5311 2834 5368 AnastaSins
2866 5311 3184 5370 celebratur.

2081 5378 2127 5457 dm
2161 5378 2391 5434 Victoris.
2441 5381 2736 5457 H‘suardus,
2776 5383 3068 5457 Hotkerus,
3104 5386 3255 5439 Baeda
3284 5385 3535 5457 Vulgatus
3558 5434 3579 5456 ,

2011 5456 2064 5500 et
2094 5448 2385 5520 Rotnanum
2443 5450 2717 5520 Martyrol.
2772 5455 2982 5507 Baronii
3039 5456 3138 5509 hoc
3186 5457 3340 5509 modo
3384 5448 3458 5511 ile
3483 5448 3580 5517 hi5

2008 5518 2201 5596 sanctis
2223 5521 2459 5596 scribunt
2483 5539 2510 5596 _:_
2536 5518 2886 5596 Ebredtmi‘t'n
2920 5523 3087 5596 Gallia
3127 5526 3234 5579 SS.
3282 5538 3581 5596 martyrum

2018 5585 2283 5662 Vincentii,
2314 5590 2510 5662 Orontii
2551 5602 2599 5643 et
2634 5590 2862 5657 Victoris,
2886 5594 2974 5662 qui
3004 5596 3055 5646 in
3078 5585 3578 5661 persecutiouevDio-

2008 5656 2191 5729 oletaui
2217 5660 2459 5729 martyrio
2499 5663 2724 5713 coronati
2754 5656 2908 5715 suntf
2942 5656 3141 5719 Revera
3187 5674 3357 5718 tamen
3392 5667 3574 5721 Ebro-

2005 5725 2130 5782 duni
2162 5742 2265 5783 non
2296 5725 2433 5799 passi
2461 5738 2603 5797 sunt,
2653 5731 2744 5786 sed
2771 5730 3028 5789 Gerunda:
3061 5735 3109 5789 in
3141 5734 3412 5809 Hispania,
3459 5738 3571 5793 sub
