3940 6188
297 394 396 451 ‘6'}!

1440 380 1637 437 SEC‘I‘.
1678 378 1741 433 ll.
1793 408 1852 421 -
1890 375 2453 435 MARTYROLOGIA.

3466 371 3571 428 893

1570 469 1790 526 EDITIO
1825 470 2065 524 COLONI
2077 470 2288 526 ENSIS.

295 579 459 634 tianze
506 573 725 643 virginis
770 578 826 625 ct
878 568 1170 637 martyris,
1218 580 1336 637 quae
1394 573 1509 620 erat
1557 564 1885 618 collactanea
1912 569 1963 629 Α
1996 563 2088 617 Dei
2135 577 2165 615 a
2226 561 2496 626 fratribus,
2547 559 2838 626 iniunctum
2890 556 3122 610 officium
3181 553 3572 624 praedicationis

295 679 500 727 sanctae
529 666 771 737 Agnetis,
799 674 850 720 et
876 664 1001 719 dum
1031 671 1206 717 oraret
1232 660 1300 714 ad
1328 658 1629 729 sepulcrum
1660 655 1799 726 ejus,
1832 664 1891 710 ut

296 775 418 816 eam
447 775 475 812 a
504 756 779 827 gentilium
814 753 1031 808 laesione
1071 749 1401 813 defenderet,
1445 746 1670 816 lapidata
1710 754 1793 799 est
1821 743 1889 799 ab

298 852 398 905 eis.
434 850 502 902 Et
547 849 601 902 in
644 844 981 907 Mauritania,
1018 844 1235 897 civitate
1280 840 1664 906 Neocaesarcac,
1713 835 1891 892 natale

296 942 469 998 sancti
501 937 798 1003 Severiani,
832 945 885 990 et
913 934 1118 1005 Aquilae
1142 932 1321 987 uxoris
1351 932 1486 1001 ejus,
1511 930 1721 999 ignibus
1743 943 1891 983 com-

295 1034 611 1094 bustorum;
644 1031 694 1083 iu
730 1027 989 1094 Philippis
1020 1026 1159 1079 beati
1210 1025 1486 1079 Parmenze
1534 1021 1768 1084 diaconi,
1800 1019 1889 1089 qui

298 1139 436 1178 unus
467 1123 565 1178 fuit
590 1121 656 1177 de
701 1126 909 1190 septem
935 1118 1263 1173 diaconibus.
1297 1115 1402 1184 Qui
1439 1114 1662 1169 traditus
1700 1111 1891 1182 gratia:

1988 654 2140 720 plena
2187 650 2288 705 fide
2336 649 2745 717 consummavit,
2784 646 3022 717 martyrii
3052 646 3276 715 gloriam
3324 643 3571 714 adeptus,

1988 742 2245 814 Philippis
2270 746 2491 813 quievit.

2056 836 2119 890 (Σ.
2162 834 2227 888 IX
2270 834 2507 889 Kueun.
2553 834 2714 887 Festi.
2757 862 2826 871 —-
2866 829 3017 899 Apud
3066 829 3339 899 Ephesum
3395 827 3573 884 natale

1989 925 2155 979 Sancti
2187 925 2451 979 Tunothei
2476 923 2721 991 discipuli
2752 922 2888 979 beati
2918 921 3086 987 Pauli,
3109 922 3198 990 qui
3228 920 3366 991 apud
3395 922 3572 990 Ephe-

1988 1030 2104 1070 sum
2154 1033 2182 1068 a
2234 1017 2391 1071 beato
2440 1015 2681 1083 apostolo
2733 1018 3016 1083 episcopus
3072 1015 3388 1078 ordinatus,
3452 1024 3572 1084 post

1991 1109 2186 1162 multos
2218 1125 2311 1176 pro
2360 1107 2570 1162 Christo
2612 1120 2807 1176 agones
2848 1105 3126 1168 dormivit;
3175 1104 3327 1174 cujus
3372 1119 3567 1173 corpus

1543 1223 1770 1279 EDITIO
1810 1219 2317 1279 BOLLANDIANA.

294 1345 514 1416 virginis
543 1340 739 1399 Christi
778 1350 831 1395 et
861 1337 1111 1408 martyris
1156 1351 1273 1406 qua:
1300 1343 1416 1392 erat
1454 1334 1782 1389 collactanea
1809 1333 1869 1389 S.

298 1438 536 1507 Agnetis,
570 1446 619 1487 et
641 1435 763 1487 dum
782 1440 957 1485 oraret
977 1429 1043 1483 ad
1067 1428 1367 1496 sepulcrum
1391 1427 1446 1481 8.
1464 1426 1701 1494 Agnetis,
1726 1423 1877 1480 acsi-

297 1530 405 1583 mul
438 1540 651 1582 orantes
672 1542 698 1579 a
728 1526 1001 1596 gentilium
1027 1523 1242 1576 laesione
1271 1521 1612 1584 defenderet,
1645 1518 1873 1587 lapidata

294 1632 378 1678 est
407 1622 473 1675 ab
497 1621 594 1674 eis.

369 1717 457 1779 A.,
492 1713 555 1767 Et
580 1711 761 1764 Passio
790 1721 813 1746 ει
835 1708 1106 1762 Ρεδηηειιπι
1135 1708 1364 1779 diaconi,
1393 1704 1496 1779 et"
1520 1705 1755 1779 Macarii.
1782 1705 1870 1770 C.,

295 1776 499 1839 Eodem
529 1784 611 1835 die
639 1781 694 1835 S.
721 1782 928 1835 Savium
956 1778 1190 1848 virginis.
1212 1778 1278 1831 T.
1304 1782 1388 1841 l...,
1424 1777 1621 1831 Eodem
1653 1776 1741 1831 die
1772 1791 1871 1830 ua-

298 1856 417 1910 talis
443 1855 502 1910 S.
534 1852 746 1907 Macarii
778 1851 1048 1919 martyris.

365 1945 457 1999 24.
486 1974 554 1984 -—
588 1942 652 1996 IX
679 1941 809 1997 Kac.
843 1941 1025 1995 Natale
1049 1939 1106 1995 S.
1125 1937 1428 1993 eTimothei
1459 1938 1707 2005 apostoli.
1735 1937 1800 1992 Et
1822 1937 1875 1992 in

294 2035 574 2091 Antiochia
604 2035 662 2091 S.
686 2032 710 2071 ἀ
740 2033 971 2104 Babyllze
994 2041 1048 2087 et
1071 2031 1229 2086 trium
1260 2030 1619 2100 parvulorum,
1654 2027 1876 2098 Urbani,

297 2126 569 2181 Prilidiani
586 2136 639 2181 et
662 2124 920 2193 Epolonii.
958 2121 1259 2182 Eademdie
1275 2122 1331 2176 S.
1360 2120 1607 2176 eSabina:
1635 2120 1874 2189 virginis.

367 2214 560 2269 Florus
586 2213 640 2268 in
675 2215 738 2268 Α.
769 2213 832 2267 Τ.
865 2212 951 2278 L.,
986 2212 1039 2266 In
1072 2210 1352 2266 Antiochia
1380 2210 1554 2278 passio
1597 2210 1654 2266 S.
1687 2210 1882 2264 Babil:e

294 2304 554 2374 episcopi,
604 2313 659 2359 et
685 2304 844 2358 trium
899 2303 1238 2372 parvulorum
1261 2341 1276 2367 ,
1311 2300 1555 2366 Urbani,
1591 2299 1877 2354 Parilidani

296 2396 408 2473 [A.,
443 2395 729 2467 Prilidani]
756 2405 807 2451 et
841 2394 1082 2465 Epolonii
1133 2395 1234 2450 sub
1284 2393 1605 2449 Numeriano
1644 2393 1875 2462 impera-

1988 1342 2141 1389 tore:
2190 1348 2348 1403 quem
2379 1333 2671 1402 imperator
2721 1347 2815 1403 per
2844 1347 3060 1388 manum
3111 1333 3366 1391 Victorini
3409 1335 3562 1392 ducis

1987 1427 2175 1481 validis
2202 1429 2405 1481 catenis
2434 1427 2583 1498 ligari
2623 1427 2814 1496 jussit,
2867 1433 2922 1481 et
2964 1440 3059 1495 per
3099 1426 3367 1482 civitatem
3401 1428 3562 1482 trahi.

1986 1518 2109 1573 Post
2133 1519 2245 1575 hmc
2260 1518 2493 1573 Br.bilam
2523 1519 2575 1573 in
2598 1519 2823 1590 equuleo
2844 1517 3117 1587 suspendi,
3142 1526 3197 1573 et
3216 1533 3410 1588 pueros
3433 1534 3571 1589 prte-

1985 1612 2123 1680 cepit
2153 1612 2421 1666 verberari
2448 1629 2460 1665 :
2490 1628 2717 1682 quorum
2746 1610 2948 1679 primus
2972 1608 3251 1664 duodecim
3275 1624 3563 1674 annorum,

1985 1702 2247 1757 secundus
2277 1717 2492 1763 novem,
2538 1702 2727 1756 tertius
2755 1710 2962 1770 septem
2992 1698 3185 1755 fuerat.
3236 1698 3441 1754 Deinde
3468 1714 3563 1769 pa-

1988 1796 2114 1850 riter
2142 1795 2195 1848 in
2227 1794 2329 1850 fide
2354 1804 2410 1850 et
2435 1795 2631 1849 virtute
2679 1803 3083 1864 perseverantes
3106 1833 3124 1859 ,
3153 1795 3445 1863 imperator
3469 1807 3565 1847 eos

1989 1888 2163 1957 gladio
2180 1887 2336 1941 ferire
2358 1887 2535 1955 jussit.
2563 1885 2764 1941 Eodem
2790 1886 2876 1941 die
2897 1885 3094 1941 Trecas
3126 1885 3304 1954 passio
3321 1885 3379 1941 S.
3405 1882 3423 1922 ι
3456 1883 3567 1941 Sa-

1993 1978 2186 2032 viuiani
2238 1976 2505 2048 martyris.
2556 1977 2623 2031 Et
2661 1976 2923 2044 depositio
2971 1976 3031 2031 S.
3069 1975 3281 2032 Sabine
3305 1972 3326 2047 [
3350 1972 3438 2042 T.,
3468 1974 3565 2031 Sa:

1914 2076 1956 2135 B
1985 2070 2173 2124 bianze.
2213 2069 2256 2123 Ι.
2285 2109 2300 2135 ,
2332 2068 2563 2141 Saviuc]
2596 2068 2831 2139 virginis,
2864 2069 3065 2124 sororis
3096 2068 3232 2139 ejus.

2060 2185 2149 2246 A.,
2179 2183 2328 2250 Apud
2365 2182 2629 2249 Ephesum
2662 2182 2836 2236 natale
2858 2180 3197 2237 S.Timothei
3228 2180 3467 2249 episcopi
3509 2190 3565 2234 et

1988 2255 2261 2321 martyris,
2305 2252 2548 2319 discipuli
2593 2252 2733 2308 beati
2778 2252 2924 2305 Pauli
2956 2252 3204 2318 apostoli.
3239 2250 3441 2306 Eodem
3471 2250 3562 2306 die

1986 2326 2217 2405 elevatio
2258 2324 2498 2393 corporis
2537 2322 2594 2378 S.
2641 2333 2666 2371 κ
2713 2322 2954 2378 Autberti
2990 2322 3397 2378 Cameracensis
3443 2322 3561 2391 epi-

1986 2409 2159 2462 scopi.

1695 2503 1901 2561 SlllTll
1940 2506 2169 2562 NOTAE.

298 2620 513 2676 Buffino
544 2621 790 2690 prseside.
816 2630 869 2676 et
892 2631 1073 2690 postea
1103 2619 1169 2674 ab
1195 2617 1423 2673 Hactore
1450 2619 1678 2686 quodam
1711 2618 1876 2675 Ebre-

296 2694 496 2747 dunum
530 2696 768 2758 plaustro
802 2693 991 2746 avecti.
1027 2691 1089 2745 ili
1121 2705 1308 2743 omnes
1352 2690 1595 2744 decollati
1627 2698 1767 2742 sunt.

370 2771 395 2796 ἰ
441 2760 725 2817 Parmeute.
773 2760 1027 2832 Philippis
1055 2758 1464 2832 infllacedonia,
1491 2762 1577 2832 qui
1619 2760 1871 2832 fuitunus

294 2832 362 2885 de
384 2841 570 2894 septem
596 2834 771 2900 primis
795 2829 1043 2887 diaconis.
1079 2830 1177 2882 llic
1199 2831 1417 2882 traditus
1441 2831 1618 2897 gratia:
1643 2829 1736 2881 Dei
1755 2869 1769 2888 .
1794 2831 1872 2883 in-

298 2905 529 2967 iunctum
570 2902 663 2953 sibi
702 2918 735 2954 α
762 2902 1002 2969 fratribus
1045 2901 1262 2969 officium
1304 2900 1678 2964 pmdicationis
1724 2900 1872 2967 plena

296 2971 400 3039 ﬁde
448 2986 822 3036 consummans,
865 2972 954 3024 sub
994 2970 1223 3040 Trojano
1266 2970 1502 3040 martyrii
1543 2972 1759 3040 gloriam
1801 2981 1872 3023 cst

298 3038 533 3107 adeptus.
596 3042 800 3111 Baronii
846 3038 1117 3111 Martyrol.
1167 3038 1425 3093 Baronius
1472 3038 1750 3111 iu‘Nota'.
1805 3042 1871 3093 ad

297 3111 575 3181 Martyrol.
629 3110 779 3181 ait.“
811 3110 993 3165 Martii
1030 3126 1092 3163 ac
1125 3112 1320 3164 iterum
1366 3125 1442 3181 tu,
1465 3110 1585 3181 Maii
1614 3111 1873 3181 aAGrmcis

1990 2620 2142 2685 linis,
2197 2622 2422 2693 loculum
2468 2621 2678 2693 Babylae
2714 2621 3023 2693 martyris;
3075 2636 3141 2677 ex
3189 2635 3296 2693 quo
3343 2619 3556 2693 quidem

1987 2701 2225 2760 tempore
2260 2692 2451 2746 dicitur
2494 2690 2816 2746 daemonium
2865 2690 3067 2745 nullum
3115 2691 3429 2760 Oraculum,
3463 2690 3554 2744 ubi

1979 2759 2370 2823 consiteverat,
2416 2762 2666 2816 edidisse.
2718 2762 2836 2828 Quo
2883 2760 3106 2827 audito,
3137 2761 3379 2815 Julianus
3400 2759 3559 2829 jussit

1980 2846 2191 2885 sacrum
2222 2848 2416 2899 corpus
2450 2832 2572 2885 inde
2623 2831 2834 2893 efferri;
2888 2831 3064 2900 itaque
3099 2830 3389 2900 Christiani
3434 2844 3556 2885 cum

1981 2903 2274 2970 psalmodia
2294 2904 2345 2956 id
2365 2903 2415 2955 in
2440 2904 2626 2956 urbem
2644 2899 2988 2956 Antiochiam
3003 2903 3192 2956 iterum
3206 2899 3553 2955 transferunt.

2056 2978 2080 3006 °
2120 2973 2346 3027 Sabimc.
2390 2974 2553 3028 Soror
2582 2972 2697 3026 hcce
2749 2970 2846 3025 fuit
2876 2972 2936 3027 8.
2979 2970 3291 3036 Sabiniani,
3324 2971 3554 3038 parenti-

1983 3043 2080 3094 bus
2114 3052 2231 3095 nata
2263 3042 2564 3098 infl.lelibus
2592 3060 2603 3095 :
2648 3056 2768 3095 cum
2796 3050 2974 3095 autem
3020 3041 3183 3095 frater
3211 3040 3325 3110 ejus
3361 3039 3431 3094 ab
3456 3055 3555 3095 an-

1983 3114 2103 3181 gelo
2136 3115 2421 3167 instructus
2451 3128 2478 3164 a
2498 3113 2656 3165 domo
2684 3122 2900 3180 paterna
2923 3110 3230 3180 profugerit,
3265 3125 3371 3177 pre
3399 3110 3553 3165 desi-

300 3173 452 3235 hune
471 3180 746 3245 celebrari,
774 3192 830 3235 ut
851 3191 1070 3250 apparet
1095 3194 1375 3251 exieorum
1400 3179 1712 3251 Mettulogip.
1740 3180 1873 3251 Neu-
1902 3173 1948 3234 C
1983 3173 2133 3236 deria
2163 3183 2279 3251 ejus
2306 3184 2501 3237 afflicta
2530 3173 2723 3236 frustra
2755 3173 3055 3237 idolis'suis
3081 3173 3380 3235 immolavit
3404 3198 3437 3251 ;
3460 3196 3551 3236 an-

301 3261 386 3305 tro
406 3251 496 3304 die
515 3251 629 3318 ejus
648 3252 843 3305 mentio
863 3247 1081 3305 habetur
1099 3252 1149 3303 in
1166 3249 1461 3316 Menologio
1478 3252 1615 3317 quod
1634 3247 1875 3305 Canisius

296 3320 827 3374 ediditautMemcis.
853 3321 957 3375 Sed
982 3321 1031 3374 in
1066 3321 1301 3388 utrisque
1340 3334 1378 3372 tt
1406 3320 1552 3382 Maii,
1583 3322 1878 3387 iterumque

301 3392 354 3444 in
371 3390 585 3443 Maureis
605 3407 673 3443 xu
695 3390 833 3453 Maii,
852 3390 901 3445 in
924 3390 1220 3457 Menolngio
1238 3406 1287 3443 vt
1316 3389 1431 3442 Maii
1460 3407 1474 3455 ;
1508 3390 1665 3442 etiam
1696 3405 1877 3444 rursus

301 3476 463 3513 xsvtu
494 3459 619 3514 Julii
644 3461 694 3513 in
717 3460 901 3514 eodem
926 3461 1224 3529 Menologio
1243 3461 1357 3529 ejus
1380 3459 1576 3512 Natalis
1592 3458 1875 3529 invenitur.

371 3530 399 3568 δ
442 3531 679 3583 Macarii.
719 3530 993 3585 llrabanus
1024 3526 1183 3585 habet
1212 3549 1222 3582 :
1278 3528 1339 3581 In
1372 3530 1548 3582 eodem
1589 3530 1671 3581 die
1698 3526 1877 3584 Passio

298 3600 583 3653 celebratur
614 3600 718 3656 SS.
745 3612 1047 3669 martyrum,
1073 3599 1326 3653 Macltarii
1347 3608 1395 3651 et
1418 3597 1655 3669 Eugenii,
1679 3600 1766 3667 qui
1787 3599 1877 3652 sub

297 3668 513 3723 Iuliano
530 3672 706 3740 judice
727 3668 889 3723 multa
912 3681 1156 3724 tormenta
1186 3670 1319 3739 passi
1358 3668 1513 3729 sunt,
1533 3669 1627 3721 hoc
1650 3678 1741 3730 est,
1765 3684 1878 3722 cra-

299 3741 509 3792 ticulam
538 3742 778 3804 incendii,
795 3742 842 3792 in
863 3758 961 3809 qua
987 3742 1076 3810 pia:
1094 3750 1246 3809 atque
1266 3741 1431 3791 oleum
1453 3740 1716 3808 superfusa
1736 3746 1874 3807 sunt,

297 3810 389 3862 sed
417 3826 517 3862 non
540 3826 621 3863 eos
651 3811 780 3879 ignis
801 3812 971 3876 farsit;
1012 3812 1194 3865 deinde
1234 3810 1415 3879 viperis
1439 3810 1749 3879 serpentibus
1772 3817 1878 3879 tra-

299 3881 395 3930 diti
415 3889 558 3939 sunt,
586 3878 675 3932 sed
699 3880 842 3933 nullo
870 3884 1016 3933 modo
1038 3882 1100 3935 ab
1122 3882 1222 3934 illis
1253 3878 1367 3932 sunt
1389 3878 1534 3942 fieri;
1558 3888 1730 3947 postea
1753 3878 1876 3933 dra-

300 3964 479 4001 conem
506 3953 758 4015 ingentem
781 3951 1093 4004 orationibus
1115 3951 1487 4012 exstinxerunt,
1512 3950 1578 4000 ad
1599 3960 1877 4002 extremum

298 4034 414 4070 vero
458 4022 703 4087 martyrio
741 4023 970 4073 coronati
1008 4030 1144 4073 sunt.
1187 4020 1499 4073 Celebratur
1547 4020 1733 4072 horum
1764 4033 1877 4074 me-

299 4090 475 4159 moria
498 4089 549 4142 in
582 4093 771 4159 tiaran.
805 4091 1081 4159 Martyrol.
1116 4107 1180 4145 xx
1210 4089 1460 4143 Decemb.

374 4168 397 4195 ο
443 4158 706 4212 Timothei.
725 4158 855 4213 Cum
881 4158 1189 4214 idalnlatriie
1202 4159 1339 4213 diem
1360 4160 1641 4226 quemdam
1662 4158 1873 4225 festum,

298 4230 440 4293 quod
470 4234 781 4302 κᾳτᾳγὼσγιον
810 4230 1173 4302 appellabant,
1208 4228 1401 4297 Ephesi
1437 4228 1605 4297 patrio
1635 4230 1735 4302 ritu
1766 4230 1877 4297 agi-

303 4309 479 4351 tarent
513 4298 633 4352 fidei
669 4298 879 4365 hostes,
909 4301 1047 4353 idola
1078 4314 1237 4353 manu
1281 4308 1571 4367 gestantes,
1625 4310 1681 4352 et
1710 4301 1875 4354 larvis

298 4369 621 4437 quibusdam
675 4370 841 4423 induti
864 4409 879 4433 ,
923 4378 976 4423 et
1005 4370 1055 4422 in
1088 4369 1170 4423 his
1216 4372 1562 4423 deeautantes
1584 4407 1600 4431 ,
1629 4378 1790 4436 atque
1821 4371 1873 4425 in

301 4438 445 4491 viros
479 4439 805 4508 feminasque
853 4442 1113 4493 latronum
1165 4454 1316 4493 more
1363 4438 1652 4503 irruentes,
1684 4440 1744 4494 B.
1778 4439 1872 4494 Ti-

1978 3253 2145 3321 gelica
2186 3250 2315 3309 vero
2364 3256 2565 3307 visione
2610 3252 2880 3307 admonita
2924 3263 2978 3307 et
3008 3254 3120 3320 ipsa
3168 3252 3390 3320 patriam
3420 3250 3555 3321 fugit

1978 3338 2097 3376 cum
2145 3324 2297 3378 unica
2345 3323 2537 3377 ancilla
2587 3322 2943 3376 Maximiniola
2994 3324 3209 3377 fratrem
3266 3334 3550 3390 quaerens;

1977 3407 2203 3460 cumque
2229 3395 2318 3446 diu
2340 3404 2482 3448 esset
2515 3396 2844 3462 peregrinata
2888 3392 3109 3447 Romam
3140 3392 3352 3445 tandem
3382 3391 3565 3462 venit,

1980 3463 2065 3516 ubi
2100 3462 2359 3530 baptizata
2390 3473 2473 3517 est
2497 3459 2527 3516 a
2559 3459 2689 3529 papa
2724 3463 2985 3518 Eusebio:
3037 3462 3229 3516 deinde
3264 3462 3455 3517 iterum
3487 3459 3562 3516 ab

1978 3534 2166 3600 angelo
2196 3534 2395 3588 inunita
2445 3546 2500 3587 ut
2536 3533 2602 3586 ad
2634 3533 2852 3586 fratrem
2907 3532 3303 3599 profisciscatur
3347 3531 3555 3584 liaven.

1978 3617 2101 3655 nam
2127 3604 2256 3669 petit
2281 3622 2297 3670 ;
2325 3618 2553 3672 cumque
2572 3602 2860 3672 ,Trecensis
2890 3601 3116 3672 civitatis
3139 3601 3188 3672 in
3209 3608 3553 3672 conspectum

1978 3672 2231 3736 venisset,
2286 3689 2349 3727 ex
2394 3670 2620 3727 Lu‘cerio
2658 3671 2887 3736 quodam
2935 3671 3181 3738 intelligit
3229 3670 3453 3724 mortem
3498 3678 3557 3725 et

1977 3740 2278 3810 sepulcrum
2327 3740 2528 3796 fratris.
2577 3741 2694 3806 Quo
2735 3746 2969 3810 cognito.
3022 3748 3251 3810 mortem
3296 3740 3554 3807 et~lpsaa

1981 3810 2206 3865 Domino
2246 3821 2456 3880 precata
2483 3849 2498 3872 ,
2551 3814 2693 3877 pium
2738 3809 2979 3878 spiritum
3029 3809 3400 3880 emisitannos
3423 3814 3557 3880 nata

1977 3881 2067 3945 b8,
2120 3882 2207 3938 die
2235 3879 2281 3936 tv
2314 3882 2431 3938 Kal.
2479 3880 2777 3937 Februarii.
2829 3880 2955 3935 Acta
2986 3881 3102 3948 ejus
3132 3879 3270 3947 apud
3302 3879 3550 3935 Bolland.

1978 3966 2047 4005 xx
2076 3950 2195 4006 Jan.
2227 3954 2341 4020 Quo
2365 3953 2453 4006 die
2485 3955 2535 4005 in
2577 3951 2892 4022 quibusdam
2935 3949 3327 4022 martyrologiis
3354 3949 3555 4022 etrhzec

1976 4032 2030 4076 et
2052 4022 2211 4077 frater
2239 4018 2353 4092 ejus
2376 4018 2809 4078 colitur.‘Noster
2834 4033 3007 4076 tamen
3032 4018 3237 4089 auctor,
3269 4029 3323 4075 et
3349 4018 3435 4074 alii
3457 4033 3554 4074 eos

1980 4093 2363 4217 h‘odigézotlunt.
2397 4092 2604 4149 Colitur
2640 4094 2801 4148 etiam
2850 4094 2991 4162 apud
3027 4092 3289 4162 quosdam
3318 4105 3386 4145 xx
3414 4093 3551 4161 Aug.

1980 4178 2009 4217 e
2057 4179 2087 4215 ν
2189 4181 2220 4217 o
2249 4202 2263 4217 .

1977 4173 2030 4218 et
2057 4179 2087 4215 ν
2113 4173 2263 4232 Sept.

2053 4232 2073 4271 ί
2117 4229 2404 4288 Sabiniani.
2432 4234 2530 4300 Qui
2560 4243 2616 4289 et
2643 4233 2961 4290 Sabinianus
2989 4240 3043 4285 et
3085 4230 3348 4285 Sabianus
3372 4242 3426 4285 et
3452 4229 3555 4287 Fa-

1978 4302 2165 4359 bianus
2185 4313 2239 4358 et
2263 4299 2490 4360 Savinn’s
2518 4306 2717 4365 dictus.
2747 4320 2778 4359 e
2809 4302 2976 4371 patria
3000 4299 3268 4363 discessit,
3298 4300 3552 4356 veniens-

1978 4389 2082 4443 que
2113 4375 2164 4427 in
2194 4375 2455 4429 ditionem
2486 4376 2867 4429 'l‘recasseuam
2902 4371 3099 4426 multos
3146 4371 3417 4443 convertit
3428 4372 3552 4443 orni»

1980 4440 2162 4499 facula
2188 4446 2347 4515 virga:
2377 4446 2728 4501 floresceutis.
2760 4444 3141 4515 Quamobrem
3164 4440 3231 4515 ab
3262 4440 3551 4515 Aureliano

300 4509 549 4563 motbeus
577 4510 903 4583 tale-facinus
935 4508 1127 4583 intueri
1156 4524 1259 4562 non
1282 4510 1570 4583 sustinens,
1593 4508 1875 4563 stultitiam
1906 4522 1956 4581 ι)
1982 4508 2302 4583 imperator;
2331 4516 2383 4569 in
2411 4530 2682 4571 carcerem
2715 4508 2959 4580 mittitur,
2996 4512 3087 4566 ubi
3116 4511 3185 4563 48
3210 4508 3426 4572 milites,
3459 4512 3550 4583 qui

300 4594 488 4632 eorum
520 4581 793 4645 arguebat.
827 4581 995 4643 Quem
1026 4580 1146 4631 ideo
1176 4577 1317 4645 Impii
1345 4578 1572 4631 fustibus
1593 4589 1872 4634 contusum

303 4662 333 4697 e
364 4649 537 4701 medio
564 4650 914 4712 sustulerunt,
944 4650 1224 4718 imperium
1257 4649 1659 4702 administrante
1680 4647 1872 4716 Nerva,

308 4728 363 4772 ttt
391 4721 471 4789 ait,
508 4718 830 4789 Polycrates,
862 4721 978 4786 ejus
1022 4721 1148 4771 Vita:
1173 4719 1401 4789 scriptor
1449 4718 1872 4789 antiquissimus.

301 4786 475 4842 Graeci
506 4798 559 4840 et
585 4786 818 4841 nonnulli
851 4789 1155 4842 Latinorum
1186 4788 1253 4841 de
1272 4804 1336 4842 eo
1359 4799 1519 4858 agunt
1543 4786 1649 4842 χχιι
1676 4787 1875 4842 Janua-

300 4859 390 4923 rii,
423 4873 528 4925 quo
555 4858 899 4926 interemptus
927 4871 1028 4913 esu
1078 4859 1241 4925 Cujus
1267 4873 1459 4926 corpus
1488 4873 1605 4910 cum
1639 4858 1875 4927 reliquiis

305 4930 366 4983 Β.
396 4930 623 4983 Andreze
670 4937 726 4983 et
750 4929 905 4981 Luca:
946 4928 1200 4984 vicesimo
1243 4927 1532 4981 Constantii
1563 4943 1701 4981 anno
1729 4930 1874 4982 tion-

302 4999 700 5067 stantinOpolim
727 4999 1036 5052 translatum
1060 5007 1159 5052 est.
1186 4996 1467 5061 Nutkerus,
1500 4999 1653 5051 Baeda
1690 4998 1836 5067 Vulg.

375 5066 401 5103 ιι
447 5067 682 5121 Babillw.
730 5070 986 5123 Eusebius
1014 5076 1069 5122 et
1120 5070 1171 5121 in
1222 5068 1593 5121 Ecclesiastiea
1646 5066 1873 5123 llistoria

300 5138 438 5193 etin
480 5138 767 5205 Chronico,
801 5140 1156 5207 Hieronymus
1186 5152 1393 5207 quoque
1419 5138 1469 5190 in
1504 5138 1594 5191 lib.
1626 5138 1693 5191 de
1732 5139 1875 5193 Scri-

292 5226 325 5277 p
343 5220 448 5262 tor.
475 5209 700 5273 Eccles.,
725 5225 844 5277 cap.
869 5210 958 5273 54,
980 5210 1217 5262 scribunt
1243 5210 1298 5261 8.
1326 5208 1569 5277 Babylam
1592 5209 1693 5262 sub
1715 5208 1874 5263 Decio

292 5291 423 5344 post
454 5280 841 5333 confessionem
893 5280 943 5333 in
973 5294 1189 5333 carcere
1238 5278 1394 5330 vitam
1445 5281 1580 5330 hanc
1619 5293 1737 5331 cum
1768 5280 1872 5332 im-

290 5360 341 5397 m
360 5350 630 5404 ortalitate
656 5358 1032 5403 commutasse.
1063 5350 1359 5414 Scriptores
1381 5358 1554 5401 tamen
1576 5347 1692 5416 ejus
1715 5348 1873 5403 Acto-

292 5434 423 5473 rum
452 5421 650 5489 aliiqoe
673 5435 792 5473 eum
840 5420 937 5473 sub
958 5417 1280 5489 Numeriano
1330 5432 1538 5489 passum
1584 5418 1869 5489 affirmant,

294 5504 404 5545 nec
445 5486 577 5543 eum
617 5491 668 5541 in
694 5504 907 5543 carcere
935 5488 1260 5549 defunctum,
1310 5488 1403 5540 sed
1452 5498 1569 5553 post
1599 5486 1737 5541 varia
1765 5486 1873 5542 tor-

302 5572 481 5613 menta
514 5575 632 5612 cum
666 5560 832 5613 tribus
860 5561 1034 5627 pueris
1062 5560 1400 5611 decollatum.
1457 5558 1548 5610 His
1580 5562 1647 5611 ita
1674 5559 1871 5612 consti-

306 5632 456 5693 tutis,
490 5646 594 5683 non
617 5631 884 5683 immerito
909 5629 1120 5697 quidam
1159 5628 1521 5696 cogitaverunt
1551 5629 1683 5681 duos
1710 5629 1871 5686 fuisse

306 5702 532 5768 Itabylas
562 5700 860 5768 episcopos.
892 5698 1222 5755 Somn-enus
1259 5698 1309 5751 in
1335 5698 1468 5752 llist.
1502 5697 1669 5764 Ecc|.,
1696 5713 1746 5763 ν,
1781 5700 1868 5767 l8,

303 5772 480 5838 prodit
511 5769 725 5823 Gallum
757 5771 974 5821 fratrem
1007 5768 1199 5822 .luliani
1227 5768 1561 5822 transtulisse
1611 5770 1663 5823 in
1690 5769 1865 5835 Daph-

304 5855 407 5898 ucn
437 5840 749 5898 suburbium
778 5839 1092 5909 Antichite,
1125 5839 1212 5897 ubi
1240 5838 1518 5895 delubrum
1547 5848 1661 5896 erat
1705 5840 1866 5910 Apol-

1977 4581 2110 4653 jussi
2141 4596 2263 4639 sunt
2288 4601 2407 4640 eum
2436 4587 2725 4649 custodire,
2760 4588 2825 4638 ab
2852 4600 2916 4637 eo
2942 4584 3197 4653 conversi
3218 4586 3362 4642 sunt,
3392 4581 3549 4653 etab

1981 4650 2137 4708 iidem
2183 4656 2449 4711 decollati.
2485 4657 2542 4710 S.
2589 4654 2907 4710 Sabinianus
2937 4654 3049 4719 ipse
3070 4650 3307 4711 cieditur,
3339 4650 3550 4704 casside

1980 4727 2140 4794 ignita
2186 4734 2481 4793 torquetur,
2512 4726 2561 4777 in
2594 4725 2759 4793 iguito
2790 4737 3009 4794 scamno
3037 4722 3352 4794 collocatur,
3389 4721 3436 4772 vi
3466 4719 3549 4794 di-

1980 4790 2096 4847 vina
2125 4809 2156 4847 e
2180 4790 2394 4849 carcere
2429 4790 2671 4861 eripitur,
2706 4804 2945 4863 repertus
2981 4791 3206 4858 denique
3214 4793 3401 4863 capite
3430 4790 3545 4863 ple:

1978 4867 2215 4919 ctiturtx
2242 4865 2358 4919 Kal.
2401 4858 2561 4918 Febr.
2608 4863 2721 4918 Non
2766 4858 2980 4917 tantum
3032 4876 3152 4913 ut:
3210 4858 3391 4926 Febr.,
3447 4859 3542 4916 sed

1977 4938 2135 4990 etiam
2164 4950 2254 4987 vm
2286 4935 2409 4987 Jun.
2440 4932 2648 5002 colitur,
2676 4944 2732 4987 ut
2759 4935 2869 4987 vult
2898 4931 3196 5002 Saussaius.

2050 5014 2075 5052 κ
2114 5006 2357 5059 Autberti.
2395 5004 2490 5058 llic
2520 4999 2728 5057 refulsit
2758 5004 3085 5070 temporibus
3117 4999 3397 5069 Dagoberti
3448 5000 3540 5053 in-

1976 5076 2103 5147 clyti
2154 5076 2480 5147 Francorum
2533 5076 2692 5147 regis,
2724 5075 2823 5147 sub
2860 5087 2964 5147 quo
3015 5071 3286 5147 llannonia
3336 5070 3388 5147 i_n
3436 5070 3543 5147 fido

1975 5140 2175 5202 Christi
2202 5146 2362 5213 coepit
2390 5140 2818 5198 tlorerefflabuit
2846 5140 2987 5197 enim
3039 5141 3092 5195 in
3134 5155 3196 5213 ea
3226 5140 3540 5213 discipulos,

1976 5209 2320 5273 Landelinum
2342 5214 2869 5282 abbatemCrispinii,
2908 5212 3235 5282 Vincentium
3272 5209 3538 5282 Madetga-

1976 5288 2111 5343 rium
2138 5288 2409 5350 comitem,
2438 5295 2491 5339 et
2535 5280 2815 5353 conjugem
2844 5285 2959 5352 ejus
2992 5280 3537 5353 Waldetrudemullis
3594 5304 3601 5319 ε

1974 5357 2329 5426 adjunxerunt
2353 5349 2411 5410 se
2440 5355 2590 5409 multi
2620 5349 2995 5425 praedicatores
3021 5369 3087 5408 ex
3127 5353 3303 5426 Scotia
3330 5358 3384 5403 et
3410 5349 3538 5426 G_al-

1975 5419 2065 5493 lia',
2105 5435 2160 5482 et
2198 5443 2261 5481 ex
2296 5429 2408 5495 ipsa
2456 5419 2658 5479 Graecia
2702 5426 3068 5480 sanctissimus
3119 5422 3385 5495 Gislenus.
3437 5419 3538 5475 Per

1972 5491 2105 5572 (pios
2134 5491 2406 5572 Hannonis
2450 5495 2569 5550 fidei
2610 5496 2773 5572 initiis
2801 5507 2883 5572 est
2925 5497 3145 5572 imbuta.
3175 5491 3423 5572 Sepultus
3450 5498 3533 5544 est

1972 5563 2238 5623 Cameraci
2270 5576 2416 5621 extra
2446 5580 2626 5621 muros
2647 5570 2698 5620 in
2727 5567 2782 5621 8.
2820 5565 2959 5620 Petri
3005 5563 3249 5623 ecclesia,
3277 5576 3395 5629 quae
3422 5576 3536 5613 am-

1973 5638 2147 5708 pliatis
2186 5639 2448 5692 tnmnibus
2496 5653 2635 5692 nunc
2674 5647 2754 5692 est
2782 5638 2919 5708 intra
2947 5647 3161 5708 muros.
3195 5632 3371 5708 Sancti
3402 5631 3540 5708 Apt-

1972 5702 2104 5764 berti
2136 5708 2367 5763 abbatia.
2398 5708 2639 5763 Natalem
2667 5710 2825 5763 habet
2866 5705 3041 5762 Idibus
3070 5702 3394 5760 Decembris.
3423 5702 3533 5757 Mo-

1974 5780 2122 5835 lanus
2153 5780 2206 5835 in
2230 5778 2469 5836 ludiculo
2500 5780 2599 5838 SS.
2629 5778 2810 5849 Belgii.
