3990 6196
393 357 496 413 823

1164 355 1367 411 BED/E
1414 354 1867 411 VENERABILIS
1906 355 2056 409 OPP.
2104 356 2279 411 PARS
2327 357 2412 412 IV.
2452 388 2521 397 —
2562 357 2944 415 lllSTOlthA.

3556 360 3657 417 8275

1668 468 1890 523 EDITIO
1929 468 2393 524 COLONlENSIS.

390 588 510 629 cum
553 570 790 637 reliquiis
821 570 956 622 beati
992 569 1214 621 Andrere
1246 576 1298 620 et
1347 566 1502 619 Luca:
1546 566 1795 620 vicesimo
1824 564 1964 619 Con-
1994 572 2044 628 Α
2072 564 2283 620 civitate
2310 567 2482 619 natale
2509 576 2811 621 sanctorum
2862 576 3172 637 martyrum,
3222 568 3492 636 Martioni,
3544 572 3654 625 Mn-

388 662 567 717 stantii
597 676 738 715 anno
763 658 1276 725 Constantinopolim
1328 659 1640 711 translatum
1677 668 1776 711 est.
1821 656 1973 725 Apud

391 753 727 810 Antiochiam
761 754 928 807 sancti
974 751 1180 821 Babyla:
1209 751 1462 818 episcopi,
1494 751 1581 818 qui
1608 750 1974 816 persecutione

389 841 562 907 Decii,
615 853 954 911 posteaquam
1010 841 1315 909 iseqixenter
1370 841 1700 908 passionibus
1751 842 1862 895 suis
1919 850 1974 895 et

387 935 709 989 cruciatibus
755 933 1145 1002 glorilieaterat
1197 930 1506 997 Dominum,
1547 930 1797 999 gloriosa!
1848 932 1971 986 vita:

387 1028 546 1081 ﬁnem
579 1025 797 1077 sortitus
822 1033 905 1077 est
937 1023 988 1075 in
1022 1022 1268 1087 vinculis,
1316 1022 1382 1075 de
1409 1038 1512 1091 quo
1544 1022 1594 1075 in
1628 1022 1834 1076 decimo
1870 1022 1970 1078 Ec-

354 1115 697 1181 ,clesiasticae
744 1113 982 1167 ιιίειοτίίε
1031 1111 1173 1165 libro
1214 1112 1411 1179 grande
1460 1121 1702 1165 narratur
1740 1112 1969 1165 miracu-

350 1233 359 1261 λ
392 1209 523 1261 lum.
557 1207 685 1261 Nam
730 1222 848 1261 cum
880 1206 1122 1261 Julianus
1152 1206 1440 1272 imperator
1466 1204 1529 1257 ad
1568 1204 1824 1258 idolorum
1854 1204 1966 1258 cul-

386 1310 496 1355 tum
523 1316 834 1364 conversus,
862 1299 1090 1366 quodam
1116 1308 1353 1366 tempore
1384 1296 1613 1365 Daphnis
1636 1297 1687 1351 in
1717 1297 1967 1352 suhurhio

382 1391 681 1446 Antiochia:
726 1391 874 1461 juxta
924 1391 1123 1445 fontem
1175 1389 1463 1445 Castalium
1498 1392 1667 1444 litaret
1712 1391 1962 1458 Apollini,

382 1496 436 1540 et
462 1487 605 1539 nulla
635 1501 698 1540 ex
745 1487 825 1538 his
867 1502 984 1552 quzn
1024 1484 1319 1553 quaerebat,
1362 1498 1616 1551 responsa
1647 1484 1961 1551 susciperet,

386 1593 680 1645 causasque
725 1576 918 1630 silentii
959 1585 1364 1644 percontaretur
1391 1590 1419 1627 a
1450 1575 1846 1638 sacerdotibus,
1879 1590 1963 1628 re-

388 1669 709 1735 sponderunt
756 1669 1049 1733 daemones,
1099 1668 1314 1737 Babylo:
1366 1668 1616 1736 martyris
1661 1668 1962 1734 sepulcrum

378 1774 545 1828 prope
592 1761 863 1824 assistere,
913 1771 965 1814 et
1012 1760 1131 1813 ideo
1178 1774 1430 1825 responsa
1476 1774 1579 1813 non
1613 1759 1781 1813 reddi.
1816 1759 1963 1813 Tunc

378 1851 472 1904 ille
502 1850 683 1904 venire
728 1851 972 1905 Galilacos
1018 1850 1151 1918 (hoc
1195 1852 1334 1904 enim
1384 1852 1599 1904 nomine
1630 1862 1840 1903 nostros
1870 1866 1963 1919 ap-

2074 658 2230 724 sonii,
2260 658 2499 727 Eugenii,
2518 659 2820 727 Mitelli,qui
2847 660 2952 729 igni
2980 660 3154 714 traditi
3177 673 3321 726 sunt,
3345 672 3398 715 et
3422 663 3651 731 reliquiae

2074 764 2259 803 eorum
2292 750 2343 803 in
2374 752 2571 802 Axium
2603 750 2819 804 ﬂuvium
2864 751 3138 819 dispersze.
3188 752 3251 805 Et
3282 753 3455 807 natale
3494 755 3648 808 triutn

2074 842 2430 909 parvulorum,
2466 841 2678 905 Urbani,
2711 841 2959 895 Prilidani
2988 852 3040 895 et
3066 844 3348 911 Eupoloni.

2145 934 2207 987 D.
2254 934 2359 988 Vlll
2398 934 2639 989 KALEND.
2684 936 2843 989 Festi.
2872 965 2941 975 -—
2964 936 3255 989 Conversio
3279 937 3444 991 sancti
3480 936 3647 992 Pauli.

2073 1022 2271 1077 Eodem
2303 1024 2390 1078 die
2419 1023 2585 1079 sancti
2617 1021 2837 1078 Ananize
2868 1026 3007 1093 apud
3045 1026 3383 1092 Damascum,
3409 1029 3497 1095 qui
3528 1027 3650 1082 bea-

2072 1124 2179 1169 tum
2214 1115 2430 1169 Paultun
2464 1115 2769 1187 baptizavit.
2820 1118 2975 1186 Apud
3022 1116 3337 1172 Gabilonem
3380 1118 3645 1172 civitatem

2070 1210 2241 1263 sancti
2293 1208 2562 1264 Severiani
2616 1208 2890 1278 episcopi,
2944 1209 3199 1262 mirandae
3250 1209 3548 1263 sanctitatis
3597 1219 3645 1263 et

2069 1300 2329 1355 doctrina:
2354 1301 2451 1354 viri
2486 1319 2497 1353 :
2528 1302 2655 1355 item
2685 1302 2859 1355 natale
2890 1299 3127 1369 Pra'jecti
3157 1302 3509 1356 Arvernensis
3537 1300 3647 1369 epi-

2069 1394 2239 1461 sc0pi,
2264 1403 2317 1447 et
2347 1393 2521 1447 natale
2546 1394 2712 1447 sancti
2747 1391 2989 1462 Gregorii
3018 1392 3271 1463 theologi.

2142 1484 2200 1537 Ε.
2249 1483 2333 1536 V'll
2373 1482 2611 1539 Κιλικίων.
2653 1483 2916 1566 Fusa..—
2942 1483 3123 1537 Natale
3160 1482 3327 1537 sancti
3375 1482 3645 1552 l’olycarpi

2068 1572 2207 1628 beati
2254 1572 2474 1628 Joannis
2503 1574 2730 1641 apostoli
2775 1574 3045 1642 discipuli,
3080 1574 3170 1643 qui
3214 1575 3280 1627 ab
3310 1588 3376 1627 eo
3405 1572 3645 1642 Smyrna:

2067 1666 2347 1733 cpiscOpus
2392 1664 2690 1729 ordinatus,
2743 1665 2906 1717 totius
2954 1665 3091 1718 Asire
3143 1666 3386 1733 princeps
3434 1665 3645 1729 luit;et

2067 1769 2186 1826 post
2213 1757 2325 1810 dira
2352 1766 2613 1809 tormenta
2642 1756 2708 1808 ad
2748 1756 2991 1809 ultimum
3039 1758 3238 1825 positus
3268 1756 3319 1809 in
3353 1757 3531 1810 medio
3560 1771 3644 1810 ro.

2064 1864 2151 1918 go,
2182 1863 2435 1903 mucrone
2461 1848 2752 1917 perfossus,
2786 1859 2892 1902 tam
2936 1849 3110 1918 largus
3141 1847 3385 1917 profusus
3409 1859 3491 1902 est
3520 1863 3641 1901 san-

380 1942 579 2009 pellare
609 1942 797 1997 solitus
826 1942 965 2011 erat)
994 1952 1048 1996 et
1093 1940 1304 1997 auferre
1355 1943 1657 2007 sepulcrum
1710 1944 1960 2013 martyris
1996 1937 2037 1993 Β
2067 1941 2200 2009 guis,
2247 1949 2302 1993 ut
2349 1940 2520 2008 ignem
2569 1940 2952 2009 exstingueret.
3006 1941 3150 1995 Passi
3200 1950 3476 1994 suntcum
3506 1953 3571 1995 eo
3593 1950 3646 1995 et

379 2032 551 2103 jubet.
582 2032 697 2087 Mox
730 2033 891 2104 igitur
918 2034 1204 2088 Christiani
1236 2034 1612 2088 convenientes
1641 2048 1828 2102 magna
1859 2050 1952 2086 ex-

378 2126 665 2181 sultatione
711 2127 989 2193 succincti,
1033 2128 1296 2182 sustulere
1354 2142 1532 2181 arcam
1585 2126 1851 2195 martyris,
1904 2135 1959 2181 et

380 2216 669 2283 psallentes
710 2217 761 2271 in
793 2218 1007 2272 auribus
1039 2217 1245 2287 profani
1279 2217 1551 2286 principis,
1597 2232 1689 2283 per
1716 2232 1810 2271 sex
1841 2217 1957 2271 mil-

378 2307 450 2361 lia
481 2323 731 2379 passuum
758 2311 983 2364 summis
1011 2310 1231 2364 vocibus
1262 2319 1315 2363 et
1340 2324 1458 2363 cum
1492 2309 1851 2363 exsultatione
1879 2308 1958 2363 di-

378 2400 570 2455 cebant
603 2418 617 2456 :
659 2402 1061 2457 Confundantur
1090 2417 1275 2456 omnes
1298 2403 1387 2471 qui
1417 2402 1643 2457 adorant
1671 2401 1957 2470 sculptilia,

375 2500 433 2549 et
455 2493 544 2562 qui
575 2494 870 2563 gloriantur
897 2493 951 2547 in
999 2492 1299 2547 simulacris
1342 2493 1470 2547 suis.
1519 2492 1586 2546 Et
1615 2491 1956 2546 Neocmsarea

2062 2032 2147 2086 alii
2174 2033 2447 2087 duodecim
2480 2048 2545 2087 ex
2582 2033 2947 2103 Philadelphia
2983 2035 3280 2088 venientes.
3309 2033 3458 2088 Tunc
3484 2035 3644 2088 etiam

2064 2125 2428 2189 Germanicus,
2457 2126 2653 2180 athleta
2684 2126 2878 2180 Christi
2912 2126 3153 2196 insignis,
3182 2128 3413 2197 glorioso
3444 2136 3647 2195 marty-

2062 2216 2125 2269 rii
2159 2231 2326 2284 agone
2352 2218 2640 2271 translatus
2662 2227 2776 2282 est;
2807 2233 2926 2271 nam
2953 2234 3071 2271 cum
3104 2234 3130 2269 a
3158 2218 3336 2284 judice
3366 2218 3645 2273 damnatus

2062 2306 2249 2361 luisset
2294 2308 2359 2361 ad
2407 2309 2624 2374 bestias,
2677 2311 2816 2363 ultro
2859 2308 2959 2362 sibi
3010 2293 3359 2377 pneparaiam
3418 2309 3643 2363 bestiam

2062 2402 2389 2469 provocavit,
2434 2402 2736 2470 despiciens
2786 2402 3130 2470 temporalem
3182 2411 3429 2465 mortem,
3471 2409 3526 2456 et
3555 2414 3642 2455 ως

2060 2505 2244 2545 ronatn
2276 2492 2396 2545 vitae
2426 2502 2635 2545 aiterna:
2666 2492 2834 2546 veloci
2889 2490 2991 2545 line
3041 2491 3262 2560 adipisci
3304 2490 3641 2545 desiderans.

1615 2603 1838 2657 EDITIO
1881 2600 2380 2659 BOLLANDIANA.

446 2696 536 2752 25.
570 2726 637 2736 -
660 2696 771 2750 \‘lll
797 2695 934 2751 ΚΜ..
983 2696 1039 2750 S.
1075 2703 1099 2731 ⁸
1130 2694 1367 2765 Gregorii
1400 2696 1633 2765 theologi
1678 2705 1731 2751 et
1777 2699 1954 2753 natale

375 2789 434 2845 S.
464 2786 489 2825 ι)
516 2786 764 2855 Projecti.

447 2878 636 2938 Florus
660 2879 712 2932 in
730 2881 789 2931 Α.
809 2887 864 2931 et
886 2877 974 2943 T.,
1001 2876 1055 2930 ln
1079 2877 1293 2931 civitate
1319 2876 1497 2931 Mileto
1522 2876 1697 2946 passio
1717 2876 1957 2949 S.*Tyr-

377 2973 463 3038 si,
515 2971 605 3041 qui
660 2985 847 3040 passus
902 2978 985 3024 est
1039 2970 1137 3024 sub
1187 2969 1530 3037 Cumbrieio,
1584 2970 1853 3040 Sylvano,
1901 2982 1956 3027 et

376 3061 607 3127 Plaudo,
640 3061 1043 3129 proconsulibus
1068 3064 1119 3114 in
1149 3062 1361 3115 civitate
1389 3061 1653 3115 Caesarea.
1688 3061 1782 3115 Hic
1812 3063 1953 3117 enim

376 3151 607 3221 primum
634 3151 812 3219 jussus
840 3159 921 3207 est
970 3150 1176 3205 catenis
1215 3151 1281 3205 ad
1332 3166 1540 3218 poenam
1608 3152 1849 3219 extendi,
1896 3162 1954 3207 ut

373 3245 762 3313 dissiparentur
812 3242 1051 3296 membra
1091 3243 1223 3311 ejus.
1269 3240 1375 3297 Sed
1422 3243 1626 3297 catenis
1672 3243 1947 3312 disruptis,

373 3350 469 3391 vas
526 3335 793 3404 quoddam
841 3333 1047 3403 jussum
1101 3344 1181 3388 est
1232 3332 1439 3403 impleri
1490 3348 1658 3402 aqua,
1709 3335 1761 3389 in
1810 3334 1948 3404 quod

2061 2698 2287 2752 adhmsit
2318 2716 2331 2750 :
2361 2698 2500 2765 quod
2533 2698 2625 2753 ille
2666 2711 3021 2768 cognoscens,
3060 2699 3250 2752 iterum
3278 2712 3337 2752 se
3366 2698 3417 2751 itt
3446 2698 3639 2755 locello

2061 2788 2359 2854 collocavit,
2395 2788 2679 2858 taliterque
2724 2788 2984 2856 passionis
3015 2803 3124 2843 sua:
3155 2789 3445 2843 terminum
3496 2789 3637 2848 fecit.

2061 2876 2127 2930 In
2159 2878 2332 2931 iisdem
2364 2877 2489 2931 Mss.
2518 2889 2563 2932 et
2588 2880 2738 2932 simul
2759 2880 2809 2932 in
2844 2878 2933 2945 L.,
2961 2878 3161 2933 Eodem
3184 2879 3269 2934 die
3298 2881 3349 2933 in
3380 2894 3516 2947 pago
3541 2880 3639 2936 Ar-

2060 2970 2279 3023 vernico
2329 2971 2521 3023 natalis
2562 2969 2791 3039 Projecti
2823 2970 3059 3039 cpisc0pi
3108 2979 3163 3024 et
3216 2972 3465 3041 martyris
3509 2973 3635 3039 :qui

2062 3074 2211 3113 more
2239 3060 2548 3129 prephetico
2577 3060 2777 3114 electus
2803 3060 2870 3115 ab
2901 3070 3072 3128 utero,
3106 3071 3489 3130 purpurantem
3528 3073 3637 3119 sto-

2062 3149 2163 3202 lam
2188 3152 2420 3203 servavit
2450 3150 2502 3203 in
2535 3150 2821 3219 triumpho.

2128 3236 2189 3292 C.
2223 3238 2284 3292 A.
2316 3239 2379 3292 Τ.
2412 3238 2497 3301 L.,
2528 3238 2814 3294 Conversis
2845 3240 2900 3295 S.
2937 3241 3083 3296 Pauli
3107 3244 3357 3311 apostoli.

2127 3330 2220 3384 9.6.
2254 3360 2323 3370 —
2354 3330 2438 3384 νη
2485 3330 2619 3386 ΚΑΙ..
2668 3331 2851 3387 Natale
2898 3330 2955 3386 S.
2997 3329 3022 3369 δ
3058 3332 3356 3404 Polycarpi,
3398 3335 3633 3406 episcOpi

376 3435 582 3498 martyr
610 3426 861 3481 deorsum
893 3440 1184 3494 suspensus
1213 3427 1494 3494 capiteque
1535 3440 1742 3481 mersus
1772 3426 1956 3496 ﬂagel-
1985 3420 2031 3483 C
2061 3421 2300 3491 Smyrna:
2330 3441 2342 3476 :
2393 3423 2481 3493 qui
2511 3424 2611 3478 sub
2635 3424 2810 3479 Marco
2839 3426 3109 3480 Antonino
3138 3437 3191 3481 et
3221 3427 3385 3483 Lucio
3417 3429 3634 3483 Aurelio

374 3520 594 3575 laretur.
623 3517 762 3572 Vase
810 3529 985 3573 autem
1038 3519 1234 3571 virtute
1288 3518 1496 3571 Domini
1543 3518 1824 3586 dissipato,
1865 3518 1950 3573 bis

378 3610 430 3664 in
459 3624 675 3664 carcere
716 3608 1008 3663 recluditur
1037 3616 1091 3662 et
1136 3608 1200 3661 ad
1249 3608 1567 3661 audientiam
1599 3619 1901 3664 reservatur
1931 3628 1944 3664 :

375 3702 718 3771 postmodum
769 3716 898 3755 vero
944 3698 1208 3754 resuculis
1254 3698 1566 3768 ﬂagellatus,
1617 3701 1801 3755 bestiis
1845 3711 1950 3755 tra-

375 3794 537 3848 ditur.
572 3792 725 3847 Unde
754 3791 951 3845 illacsus
987 3792 1199 3857 exiens,
1227 3790 1410 3859 jussus
1450 3800 1534 3844 est
1568 3789 1677 3843 ﬁeri
1710 3792 1944 3857 locellus,

377 3883 429 3937 in
474 3898 576 3951 quo
609 3884 802 3935 mis~us
832 3881 1038 3934 medius
1082 3891 1376 3935 secaretur.
1408 3881 1514 3935 Sed
1558 3881 1662 3935 illis
1693 3882 1947 3937 deiicien-

378 3974 542 4037 tibus,
587 3973 673 4040 qui
708 3986 830 4025 eum
879 3984 1062 4025 secare
1106 3971 1381 4032 debuerat,
1413 3987 1530 4027 cum
1562 3972 1619 4024 Β.
1649 3972 1852 4041 Tyrsus
1882 3972 1950 4027 de

380 4059 569 4115 locello
612 4059 803 4127 exiret,
855 4058 1037 4114 divino
1088 4069 1215 4115 nutu
1262 4060 1545 4117 calcaneus
1594 4062 1712 4131 ejus
1762 4062 1951 4117 locello

2059 3515 2369 3580 Commodo,
2405 3517 2622 3570 sedente
2654 3517 2899 3587 Smyrnae
2933 3520 3274 3584 proconsule,
3319 3522 3632 3588 conjurante

2060 3604 2447 3677 [conjurgante]
2497 3607 2548 3661 in
2606 3622 2727 3659 cum
2773 3608 2917 3661 omni
2967 3609 3201 3678 populo,
3252 3608 3358 3679 igni
3409 3609 3631 3665 traditus

2057 3704 2155 3748 est.

2128 3785 2318 3841 Florus
2345 3787 2489 3842 addit
2518 3788 2567 3841 in
2598 3788 2723 3842 Mss.
2755 3788 3003 3855 A.T.L.,
3033 3790 3165 3843 Cum
3197 3798 3337 3844 esset
3361 3791 3629 3858 octoginta

2059 3891 2150 3931 sex
2179 3891 2457 3931 annorum.
2485 3878 2567 3945 L.,
2598 3879 2865 3949 Scriptqu
2890 3884 2939 3935 in
2974 3883 3202 3936 llistoria
3233 3880 3627 3938 Ecclesiastica.

2058 3969 2145 4034 T.,
2177 3970 2309 4025 Cum
2340 3987 2466 4038 ergo
2494 3988 2611 4027 eum
2643 3976 2843 4030 catenis
2880 3974 3041 4044 ligare
3088 3976 3306 4041 vellent,
3338 3989 3626 4032 consuetu-

2056 4062 2233 4116 dinem
2278 4063 2553 4132 legemque
2593 4074 2867 4120 servantes
2907 4066 3249 4120 :Permittite
3294 4080 3382 4120 me
3409 4067 3508 4133 sic,
3540 4067 3623 4120 in-

1759 4173 1966 4229 SMlTll
2006 4174 2235 4235 NOTAE.

464 4271 487 4299 “
522 4270 772 4339 Gregorii.
819 4272 1026 4326 Arianzi
1059 4274 1115 4328 S.
1142 4272 1427 4342 Gregorius
1475 4284 1631 4325 natus
1658 4282 1758 4334 est,
1799 4289 1944 4327 sum-

380 4358 499 4397 mus
547 4344 746 4395 amicus
777 4343 871 4395 fuit
901 4343 1076 4395 Basilii
1110 4344 1299 4406 Magni,
1334 4344 1660 4397 Sasimorum
1693 4346 1942 4411 primum,

377 4413 569 4467 deinde
595 4413 864 4473 Nazianzi,
896 4412 1123 4480 denique
1158 4413 1689 4479 Constantinopoleos
1731 4415 1942 4478 episeo-

2052 4274 2183 4326 sium
2224 4273 2425 4341 patricii
2445 4312 2460 4335 ,
2489 4288 2636 4342 quem
2660 4275 2721 4326 ob
2748 4274 3024 4342 injustitius
3052 4273 3356 4328 Arecrneusi
3387 4272 3627 4328 Ecclesiae

2054 4343 2223 4395 illatas
2257 4343 2517 4397 Ilildricus
2553 4341 2868 4397 Francorum
2898 4360 2989 4398 rea:
3020 4355 3320 4411 peremerat,
3372 4348 3620 4413 martyrio

2054 4425 2325 4467 coronatus
2366 4424 2460 4466 est.
2494 4413 2558 4466 lit
2587 4414 2817 4467 Amerini
2843 4414 2934 4466 viri
2971 4413 3082 4477 Dei,
3127 4416 3211 4480 qui
3242 4431 3356 4465 cum
3404 4422 3622 4481 prmfato

378 4499 475 4551 pus
518 4484 689 4555 laetus
718 4492 817 4555 est.
863 4482 1707 4555 constantinopolitaua_syuodo
1734 4485 1929 4555 consti-
1967 4482 2018 4543 D
2050 4481 2285 4553 Projecto
2329 4485 2569 4551 episcOpo
2613 4502 2643 4537 α
2678 4486 2968 4555 proceribus
2993 4486 3143 4539 dicta:
3171 4485 3306 4539 urbis
3337 4484 3622 4539 Arverne»-

378 4563 559 4607 tuente
588 4551 888 4606 Nectarium
916 4553 1163 4615 Augustae
1206 4552 1349 4605 urbis
1398 4553 1725 4618 episcopum,
1763 4552 1935 4607 Eccle-

375 4625 470 4676 sia:
500 4624 733 4693 regimen
785 4625 925 4675 ultro
968 4621 1232 4689 deposuit.
1282 4622 1409 4676 Cum
1463 4630 1638 4675 autem
1694 4623 1939 4690 precibus

376 4695 570 4763 obnitte
616 4701 910 4759 rogaretur,
960 4702 1016 4745 ut
1067 4693 1247 4759 patrita
1303 4693 1527 4745 antistes
1578 4707 1698 4745 esse
1755 4694 1938 4757 vellet,

376 4763 563 4815 addnci
596 4778 698 4815 nou
733 4764 901 4827 potuit
932 4772 986 4815 ut
1029 4765 1389 4831 episcopatum
1433 4764 1719 4830 acciperet,
1753 4778 1937 4817 verum

376 4832 641 4886 Eulalium
664 4832 947 4899 quemdam
968 4832 1063 4885 sibi
1088 4834 1336 4895 amicum,
1363 4831 1608 4886 Nazianzi
1632 4834 1941 4901 episeopum

378 4902 669 4956 constituit.
700 4905 813 4970 Ipse
836 4918 961 4957 vero
986 4903 1199 4956 Arianzi
1228 4903 1385 4955 vitam
1409 4903 1652 4956 monachi
1683 4905 1939 4969 exercuit,

378 4971 548 5023 donec
579 4974 642 5025 ad
676 4974 956 5040 nonaginta
984 4988 1171 5033 annos,
1204 4983 1253 5026 et
1290 4974 1427 5026 ultra
1459 4981 1616 5027 aetate
1640 4982 1938 5039 pervectus,

376 5040 681 5096 Theodosio
710 5044 971 5097 decimum
1004 5044 1215 5097 tertium
1249 5043 1453 5111 imperii
1504 5058 1696 5096 annum
1725 5054 1938 5110 agente,

375 5111 538 5165 vitam
586 5127 704 5165 eum
748 5125 916 5165 morte
962 5114 1322 5166 commutavit.
1361 5114 1487 5166 Vide
1516 5113 1683 5165 Vitam
1740 5114 1856 5179 ejus
1911 5129 1940 5167 a

376 5179 634 5248 Gregorio
664 5182 969 5252 presbytero
1018 5185 1289 5249 scriptam,
1341 5192 1393 5235 et
1442 5183 1821 5252 Hieronymmn
1876 5184 1943 5239 de

375 5253 575 5320 Script.
630 5252 771 5305 Eccl.
825 5251 882 5305 et
936 5252 1175 5306 Snidam.
1208 5253 1280 5304 De
1329 5254 1427 5305 hoc
1478 5268 1531 5305 Ix
1592 5252 1708 5305 Maii
1761 5251 1940 5319 Brda,

376 5324 667 5389 Usuardus,
705 5323 817 5375 Ado
841 5335 899 5375 ac
922 5322 1146 5389 deniqne
1192 5325 1371 5376 caueri
1414 5323 1741 5384 Latinorum,
1769 5324 1939 5377 (ἐι-ςιιοί

373 5406 548 5449 autem
583 5398 631 5447 itt
671 5392 967 5456 Menologio
1006 5408 1089 5445 xiv
1118 5392 1231 5444 Kal.
1278 5392 1458 5454 Febr.,
1486 5407 1587 5459 qua
1616 5394 1701 5447 die
1733 5394 1941 5447 exalta-

374 5466 572 5519 tionem
601 5464 840 5532 corporis
875 5462 1110 5526 Gregorii
1141 5462 1391 5525 Theologi
1417 5464 1714 5526 celebrant;
1759 5478 1942 5516 rursus

376 5547 548 5589 autem
583 5537 678 5590 hoc
701 5531 812 5597 die,
847 5534 1051 5585 scilicet
1072 5548 1162 5585 vut
1190 5531 1305 5591 Kal.
1340 5534 1517 5599 Febr.,
1545 5533 1611 5587 de
1639 5533 1826 5587 eodem
1854 5548 1942 5587 so-

375 5603 686 5660 lemniorem
718 5614 876 5673 agunt
905 5604 1065 5656 diem.

448 5672 497 5744 δν·
518 5672 767 5742 Profecti.
785 5676 883 5731 Ms.
910 5673 1332 5744 Martyrologium
1349 5676 1403 5728 S.
1426 5672 1628 5728 Gudilae
1653 5674 1937 5729 Bruxellis':

379 5740 586 5795 Civilate
624 5740 859 5797 Arvernis
900 5744 958 5799 S.
993 5740 1452 5813 l’r'ojecliepisropi
1490 5754 1536 5797 et
1567 5744 1819 5812 martyris,
1853 5747 1938 5814 qui

378 5827 409 5869 α
436 5813 723 5881 proceribus
753 5829 854 5867 sua:
880 5815 1012 5869 urbis
1041 5822 1091 5870 in
1116 5816 1357 5870 ultionem
1380 5814 1615 5871 Hectoris
1648 5814 1938 5872 Massilien-

2049 4555 2117 4607 sis
2145 4556 2424 4607 trucidatus
2450 4564 2543 4606 est.

2121 4654 2144 4685 ε
2190 4645 2354 4714 Tyrsi.
2406 4645 2460 4699 S.
2486 4646 2721 4713 Thyrsus
2754 4660 2937 4707 passus
2965 4656 3042 4701 est
3075 4655 3310 4713 tempore
3342 4646 3490 4701 Decii
3526 4651 3622 4701 im-

2047 4719 2327 4781 peratoris.
2364 4717 2496 4777 Atlo,
2534 4716 2682 4768 Baeda
2711 4716 2889 4785 Vuig.,
2910 4716 3128 4769 Notker.
3152 4718 3351 4770 Colitur
3375 4734 3475 4770 una
3502 4733 3623 4772 cum

2044 4787 2139 4841 SS.
2169 4787 2360 4839 Leucio
2391 4796 2442 4838 et
2470 4785 2724 4840 Callinico
2757 4802 2882 4840 xvttt
2912 4796 2965 4839 et
2990 4803 3148 4841 xxvut
3177 4787 3295 4841 Jan.
3326 4802 3354 4839 a
3390 4788 3618 4855 Latinis,

2044 4867 2092 4909 et
2126 4872 2154 4909 a
2187 4857 2384 4909 Graecis
2412 4870 2515 4927 VXlV
2551 4857 2797 4910 Decemb.
2830 4858 2885 4911 S.
2934 4858 3170 4927 'l‘hyrsus
3221 4871 3345 4912 vero
3396 4862 3622 4912 seorsim

2045 4934 2371 4980 memoratur
2396 4926 2513 4979 Jan.
2544 4941 2667 4978 xxv.

2115 5017 2143 5059 ἀ
2191 5017 2484 5087 Polycarpi.
2516 5036 2533 5067 ί
2568 5018 2682 5071 Fuit
2708 5019 2790 5075 hic
2812 5019 3032 5073 Joannis
3060 5018 3282 5085 apostoli
3322 5018 3620 5086 discipulus

2043 5099 2095 5144 et
2122 5089 2188 5144 ab
2215 5104 2279 5143 eo
2324 5090 2569 5156 Smyrna:
2616 5090 2898 5158 episcupus
2942 5091 3249 5153 ordinatus;
3284 5091 3444 5142 totius
3474 5092 3622 5143 Asiae

2046 5161 2289 5227 princeps
2315 5161 2429 5211 fuit.
2457 5160 2549 5229 llic
2578 5171 2793 5227 propter
2814 5158 3068 5229 quasdam
3094 5173 3256 5225 super
3283 5161 3367 5212 die
3397 5160 3623 5215 Pascha

2043 5232 2366 5299 quzestioucs
2389 5228 2487 5282 sub
2520 5228 2841 5295 imperatore
2870 5231 3135 5282 Antonino
3170 5231 3286 5292 Pio,
3325 5229 3622 5283 Ecclesium

2046 5302 2096 5352 in
2140 5301 2267 5353 urhe
2291 5312 2502 5366 regente
2534 5299 2756 5352 Aniceto
2786 5299 3002 5357 Romam
3039 5300 3203 5359 venit,
3237 5299 3325 5351 ubi
3357 5300 3623 5363 plurimos

2043 5365 2370 5425 credentium
2421 5369 2702 5422 Marcionis
2750 5381 2801 5421 et
2836 5369 3100 5421 Valentini
3149 5372 3497 5435 persuasione
3527 5371 3626 5423 de-

2043 5452 2226 5513 captos
2250 5440 2533 5513 retluxitad
2558 5438 3112 5513 ﬁtl_etn._Postea_vero,
3139 5447 3400 5513 regnante
3512 5442 3628 5493 Att-

2047 5511 2230 5567 tonino
2273 5520 2324 5563 et
2354 5510 2414 5563 L.
2460 5510 2673 5562 Aurelio
2712 5508 3007 5562 Commodo
3034 5549 3049 5571 ,
3098 5510 3316 5563 sedente
3370 5508 3624 5578 Sniyrna

2048 5581 2403 5647 proconsule,
2466 5588 2520 5633 et
2570 5578 2815 5632 universo
2873 5579 3062 5647 populo
3119 5581 3169 5631 in
3224 5578 3625 5646 amphitheatro

2043 5652 2295 5703 adversus
2315 5666 2432 5703 eum
2469 5659 2803 5717 personante,
2832 5650 2935 5717 igni
2963 5650 3186 5702 traditus
3217 5658 3319 5703 est.
3350 5666 3371 5702 ι
3427 5648 3623 5704 Hiero-

2044 5737 2253 5796 nymus.
2288 5720 2576 5776 Proconsnl
2604 5717 2700 5773 fuit
2730 5718 2909 5774 Tatius
2929 5718 3247 5791 Quadratus.
