3990 6196
321 377 425 433 8‘15

1434 373 1623 429 SEC'I‘.
1670 374 1729 425 ll.
1774 401 1837 411 —
1880 371 2438 425 lllAll'l'YiiOl.OGIA.

3456 376 3560 431 8‘26

1582 485 1808 537 liDl'I'lO
1845 482 2311 536 COLONIENSIS.

319 580 516 633 lioilem
548 578 634 630 die
664 577 838 630 natale
868 577 1033 628 sancti
1059 575 1355 642 Theogenis
1378 577 1643 643 martyris,
1678 584 1729 626 et
1759 574 1891 625 alio—
1925 578 1972 633 Α
2001 574 2123 626 dum
2160 572 2422 627 Dominica
2456 574 2726 629 nativitate
2752 576 3034 644 gloriosum
3068 581 3372 635 monasterii
3402 583 3562 651 virgi-

314 687 430 725 rum
458 685 574 724 sex.
622 670 770 737 Apud
820 668 1073 722 Bituricas
1125 671 1415 730 civitatem,
1465 672 1629 723 sancti
1673 669 1883 737 Sulpitii

312 762 547 830 episc0pi
574 770 627 814 et
655 758 997 813 confessoris.

385 850 446 905 ιν.
491 850 552 902 Vl
592 849 830 902 Kxueao.
886 849 1045 902 Fecit.
1097 878 1165 888 -—
1212 848 1394 901 Natale
1446 849 1611 902 sancti
1662 849 1884 903 Joannis

312 943 544 1012 episcopi
592 941 1194 1008 Conslantinopolitani,
1247 952 1595 1010 cognomento
1652 942 1885 1010 Chryso-

311 1033 494 1095 stomi,
537 1032 623 1098 qui
676 1030 840 1083 verbo
884 1037 1043 1096 atque
1088 1031 1331 1096 exemplo
1378 1032 1656 1098 plurimum
1689 1030 1885 1098 profuit

309 1127 626 1180 ChriStianre
655 1126 912 1193 religioni.
946 1124 1070 1178 Item
1106 1125 1241 1178 beati
1271 1124 1435 1178 Mauri
1463 1125 1667 1178 abbatis
1696 1140 1883 1178 mona-

310 1219 457 1273 sterii
492 1219 830 1272 Bobacensis.
866 1218 929 1270 Et
958 1218 1093 1284 apud
1131 1217 1402 1271 Bethleem
1433 1219 1683 1272 dormitio
1716 1220 1883 1272 beatae

312 1308 486 1362 Paulie
526 1311 711 1363 matris
764 1308 1030 1362 Eustachii
1077 1308 1290 1375 virginis
1320 1308 1533 1362 Christi.
1585 1310 1711 1375 Qua-
1760 1324 1880 1363 cum

310 1412 452 1454 esset
482 1417 511 1454 e
540 1399 869 1454 nobilissimo
898 1408 1201 1452 senatorum
1240 1415 1434 1469 genere
1457 1441 1470 1462 ,
1501 1399 1882 1454 abrenuntians

312 1491 530 1554 Saecula,
557 1502 607 1543 et
637 1491 823 1557 opibus
852 1491 960 1543 suis
993 1489 1043 1541 in
1091 1505 1348 1558 pauperes
1391 1491 1644 1558 erogatis,
1686 1490 1882 1543 Christi

311 1592 596 1635 consecuta
639 1590 720 1635 est
751 1589 1135 1648 paupertatem,
1169 1590 1220 1634 et
1258 1581 1392 1649 apud
1427 1581 1701 1648 praefatum
1734 1581 1882 1648 Oppi-

1990 665 2121 718 nalis
2148 665 2356 719 exstitit
2403 674 2591 719 mater.
2645 667 2810 734 llujus
2854 670 3010 721 vitcim
3060 669 3342 722 virtutibus
3389 672 3558 725 admi-

1989 755 2206 808 randam
2239 765 2450 807 sanctus
2482 756 2835 826 Hieronymus
2879 759 3139 821 scribens,
3178 768 3397 813 testatur
3442 778 3555 813 eain

1988 845 2145 915 longo
2174 856 2479 900 coronatam
2510 862 2629 900 esse
2670 850 2942 917 martyrio.
2978 847 3040 901 Et
3068 860 3372 903 sanctorum
3417 850 3556 917 Deli,

1988 934 2200 999 Juliani,
2238 936 2493 990 Vincentii
2524 946 2576 991 et
2610 937 2834 991 aliorum
2867 954 3036 993 xxvn.

2061 1024 2123 1077 G.
2169 1026 2208 1081 V
2252 1026 2485 1081 lineae.
2532 1026 2693 1081 Fecit.
2749 1056 2818 1067 —
2874 1028 3055 1081 Natale
3103 1041 3299 1082 sanetae
3345 1029 3563 1096 Agnetis

1989 1117 2242 1171 secundo.
2276 1119 2339 1171 Et
2370 1120 2420 1171 in
2448 1119 2660 1172 civitate
2690 1119 2989 1187 Apollonia,
3025 1120 3222 1184 Leucii,
3249 1120 3423 1189 Tyrsi,
3453 1120 3556 1174 Ca-

1991 1210 2142 1263 lenici
2173 1218 2487 1278 martyrum,
2520 1210 2605 1277 qui
2640 1220 2874 1273 tempore
2910 1209 3052 1263 Decii
3096 1212 3431 1278 imperatoris
3459 1212 3558 1265 sub

1992 1301 2303 1375 praesidibus
2350 1301 2665 1365 Cumhritio,
2719 1301 2935 1355 Silvano
2983 1310 3036 1353 et
3088 1301 3283 1368 Baudo,
3332 1300 3557 1355 diversis

1992 1403 2375 1450 tormentorum
2404 1392 2690 1461 generibus
2716 1391 3020 1446 excruciati.
3072 1392 3280 1446 Primus
3328 1402 3382 1446 et
3433 1393 3559 1447 ulti-

1992 1499 2112 1537 mus
2152 1482 2476 1536 abseissione
2521 1482 2728 1547 capitis,
2774 1482 2976 1534 medius
3013 1481 3218 1535 ccelesti
3265 1496 3392 1535 voce
3433 1496 3559 1536 evo-

1988 1586 2153 1639 catus,
2176 1576 2413 1643 spiritum
2438 1573 2664 1628 reddens
2691 1575 3001 1644 martyrium
3024 1582 3546 1639 consummaverunt,

1546 1685 1775 1740 EDlTlO
1817 1683 2313 1739 BOLLANDIANA.

309 1778 423 1848 quit
451 1795 464 1830 :
495 1778 581 1845 qni
612 1777 752 1831 enim
797 1776 924 1830 mihi
966 1776 1109 1830 dedit
1149 1776 1307 1840 velle,
1333 1774 1590 1844 largietur
1617 1784 1672 1829 et
1701 1790 1877 1844 posse,
1922 1781 1959 1836 Β

310 1879 467 1936 atque
499 1869 669 1934 ipsum
720 1866 1046 1920 tolerabilem
1080 1864 1238 1919 faciet
1270 1866 1488 1919 violenti
1541 1865 1678 1933 ignis
1726 1866 1884 1918 ardo-

309 1972 444 2014 rem.
472 1958 655 2027 ltaque
686 1958 826 2011 feiro
848 1973 969 2012 eum
1003 1973 1157 2011 nemo
1184 1956 1349 2010 vinxit
1373 1974 1384 2009 :
1406 1959 1497 2011 sed
1530 1968 1649 2025 post
1680 1968 1882 2025 tergum

310 2047 488 2118 ligatis
530 2048 792 2113 manibus,
848 2056 906 2101 ut
955 2034 1175 2104 devotus
1222 2050 1380 2114 aries,
1415 2052 1677 2119 passionis
1724 2052 1882 2106 limen

310 2139 580 2208 ingressus
611 2151 693 2194 est
720 2159 732 2193 :
763 2142 976 2208 illicque
1004 2144 1246 2196 oratione
1285 2145 1546 2211 completa
1597 2143 1885 2213 subjiciunt

308 2226 488 2298 ignem
516 2246 529 2281 :
558 2231 649 2283 sed
675 2230 883 2282 llamma
915 2230 1166 2301 martyris
1193 2233 1565 2299 corpusculum
1599 2234 1743 2287 nullo
1775 2235 1886 2288 vio-

310 2318 455 2371 labat
480 2321 750 2388 amplexu.
787 2320 951 2375 Totus
970 2336 1097 2389 ergo
1124 2323 1171 2373 in
1200 2322 1319 2389 igne
1349 2323 1658 2391 splendidus
1690 2326 1883 2390 factus,

310 2422 411 2477 pro
457 2407 627 2463 fetore
674 2411 973 2464 mirabilem
1017 2425 1083 2465 ex
1111 2426 1171 2465 se
1209 2412 1356 2466 dedit
1399 2413 1639 2468 odorem.
1672 2414 1884 2469 Jussum

310 2496 512 2551 deinde
554 2509 637 2553 est
686 2500 1079 2568 gladiunculum
1134 2512 1319 2555 sancto
1374 2504 1568 2569 pectori
1620 2504 1885 2572 injicere:

311 2602 420 2655 quo
461 2588 619 2654 facto,
656 2606 781 2644 ecce
809 2592 983 2643 subito
1034 2590 1230 2645 fluente
1277 2595 1546 2661 sanguinis
1596 2595 1768 2663 copia,
1822 2595 1888 2649 de

313 2691 540 2744 corpore
562 2679 806 2733 columba
839 2680 1122 2747 processit,
1150 2694 1212 2734 ac
1238 2681 1417 2735 statim
1441 2696 1629 2737 cruore
1654 2683 1883 2751 sopitum

311 2768 478 2821 cessit
503 2768 825 2824 incendium.

388 2860 475 2925 T.,
500 2861 694 2914 Eodem
722 2863 809 2917 die
834 2863 1108 2917 Bethleem
1132 2864 1347 2920 civitate
1370 2866 1619 2919 transitus
1642 2867 1732 2922 8.⁴ι
1749 2867 1887 2920 Pau-

314 2929 402 2995 ιω,
440 2931 546 2984 [leo
576 2933 783 2984 dicatzr.

386 3019 476 3076 27.
502 3050 569 3061 -
601 3022 661 3075 \'l
695 3022 825 3077 ΚΑΙ..
857 3023 1017 3077 Vacat
1048 3023 1222 3078 Btnda.

2063 1775 2149 1839 D.,
2178 1774 2362 1845 Natale
2391 1774 2450 1826 Β.
2482 1771 2509 1811 ι’
2538 1772 2755 1827 Joannis
2778 1785 3129 1845 cognomento
3172 1774 3506 1845 Chysostomi
3543 1793 3555 1828 :

1990 1846 2077 1911 qui
2111 1843 2288 1898 verbis
2310 1852 2462 1911 atque
2499 1845 2743 1909 exemplo
2776 1845 3055 1909 plurimmn
3087 1843 3402 1898 Cliristirtnze
3430 1860 3552 1912 pro-

1992 1915 2088 1967 fuit
2110 1915 2372 1985 religioni.
2411 1912 2473 1967 γ.
2501 1913 2584 1977 (3.,
2614 1913 2665 1985 l_n
2694 1913 2863 1985 Africa
2912 1914 3078 1985 Dativi
3127 1914 3249 1985 [V.,
3285 1915 3473 1985 Daviti]
3505 1924 3557 1968 et

1990 1981 2566 2046 Juliani,’thcentia.-,
2616 1982 2875 2045 Sectindi,
2912 1981 3182 2036 (Emilia'ni
3233 1981 3288 2039 et
3333 1981 3554 2036 aliorum

1993 2055 2242 2124 tringinta
2274 2055 2524 2124 quinque.
2559 2053 2702 2104 A.'l‘.
2734 2053 2814 2115 L.,
2848 2054 2898 2104 In
2932 2054 3103 2105 Africa
3138 2056 3312 2116 passio
3340 2054 3437 2108 SS.
3462 2055 3559 2107 Se-

1991 2123 2146 2177 cundi
2193 2133 2244 2176 et
2292 2123 2582 2175 Fortunati.
2639 2124 2701 2175 Et
2748 2125 2918 2175 natale
2966 2124 3023 2177 8.
3062 2124 3323 2176 Processi.
3379 2126 3443 2176 Et
3496 2127 3557 2178 8.

1990 2193 2209 2247 Joannis
2259 2192 2644 2261 Chrysostmni.
2690 2193 2742 2242 In
2785 2191 2842 2244 [ι.
2879 2194 3030 2246 deest
3063 2191 3369 2246 Processus.
3404 2193 3459 2247 ln
3492 2194 3556 2245 Τ.

1997 2266 2165 2330 primo
2196 2265 2311 2315 loco
2357 2264 2565 2330 ponitur
2592 2263 3001 2330 Ctirysoswmus
3030 2280 3040 2313 :
3068 2264 3159 2316 sed
3198 2279 3472 2332 perperam
3504 2264 3557 2317 in

1993 2333 2313 2403 Burgundia.

2063 2424 2153 2476 ‘28.
2181 2451 2253 2463 --
2279 2422 2312 2476 V
2346 2421 2483 2475 KAL.
2510 2420 2694 2475 Natale
2742 2420 2798 2477 S.
2829 2430 2853 2461 ο
2884 2421 3104 2491 Agnetis
3132 2422 3347 2491 virginis
3374 2423 3440 2477 de
3469 2436 3561 2477 na-

1995 2512 2216 2568 tivitate.

2064 2609 2231 2675 Aliter
2282 2605 2584 2668 T.,Romat
2632 2607 2877 2660 nativitas
2937 2607 2994 2661 S.
3050 2608 3266 2675 Agnetis
3320 2606 3562 2675 virginis.

1993 2676 2054 2729 ν.
2098 2675 2184 2737 C.,
2212 2674 2237 2713 ἀ
2266 2675 2775 2744 Perpettiae,Juliani
2834 2687 2887 2729 et
2936 2674 3159 2729 aliorum
3213 2674 3560 2746 quadraginta

1989 2758 2239 2815 qualum.
2272 2752 2358 2811 A.,
2392 2747 2445 2799 In
2474 2748 2643 2799 Africa
2681 2747 2867 2798 natalis
2902 2747 3067 2799 Dativi
3100 2757 3152 2798 et
3180 2747 3393 2798 Juliani.
3427 2748 3559 2798 Eos-

1989 2819 2106 2868 dem
2141 2817 2295 2870 habet
2327 2818 2412 2877 L.,
2446 2817 2537 2869 sed
2581 2818 2781 2877 absque
2836 2817 2951 2869 loco
2998 2818 3199 2883 agonis.
3236 2816 3321 2880 'l‘.,
3361 2816 3555 2868 Eodem

1989 2887 2077 2939 dze
2127 2886 2314 2938 natalis
2366 2886 2627 2947 Ptthliani,
2681 2886 2943 2951 Quintilli,
3002 2886 3160 2949 Fi-sti,
3209 2896 3262 2936 et
3308 2887 3560 2937 aliorum.

1991 2955 2160 3075 {ratio
2190 2966 2247 3009 et
2275 2956 2489 3009 Juliaui.
2534 2956 2597 3009 Et
2640 2956 2690 3008 in
2731 2956 3030 3024 Burgundio
3071 2956 3131 3010 8.
3165 2963 3189 2991 ⁸
3222 2954 3438 3008 Joannis
3462 2957 3560 3010 ab-

2027 3036 2148 3075 atis.

2027 3026 2148 3079 atis.

1698 3114 1897 3171 SMlTll
1937 3114 2165 3168 NOTAE.

386 3214 408 3279 fl
456 3204 661 3279 Paulae.
680 3207 803 3273 Qum
831 3207 1153 3259 nobilissima
1180 3207 1437 3271 Romana,
1466 3206 1650 3279 Rogati
1673 3207 1878 3279 etiBlm-
1907 3209 1952 3272 ρ
1983 3216 2119 3279 vetus
2144 3205 2428 3279 Itujusgdiei
2452 3207 2749 3276 inscriptio;
2779 3208 2931 3276 idque
2951 3209 3011 3262 ob
3032 3224 3144 3263 eam
3166 3224 3392 3272 causam,
3423 3226 3556 3279 quo-

312 3276 447 3329 sillu
478 3278 604 3341 lilia,
638 3278 842 3329 Toxotii
879 3292 1027 3337 uxor,
1055 3288 1275 3343 quatuor
1299 3293 1417 3330 cum
1447 3278 1698 3331 edidisset
1722 3278 1874 3341 filias,

314 3346 621 3413 Blaasillatn,
672 3345 962 3409 Paulinam,
1022 3348 1360 3400 Eustochium
1414 3349 1529 3399 sive
1567 3348 1780 3411 Juliant,
1827 3356 1882 3401 el.

316 3416 600 3477 liuflinant,
625 3428 673 3467 et
702 3418 865 3468 lilium
895 3418 1193 3479 'l‘ox0iium,
1226 3418 1376 3468 vidua
1411 3415 1599 3469 Romae
1628 3419 1754 3470 vixit
1782 3433 1879 3470 an-

316 3501 413 3539 nos
460 3490 718 3553 quinque;
770 3487 888 3539 inde
920 3496 1192 3554 peragrata
1240 3486 1421 3540 Judaza
1463 3496 1517 3539 et
1549 3485 1779 3553 Egypto
1828 3489 1876 3539 in

323 3556 591 3609 Bethleem
625 3559 890 3617 consedit;
923 3558 1005 3607 tibi
1034 3570 1261 3621 quatuor
1283 3556 1511 3608 instituit
1538 3559 1879 3620 monasteria,

314 3640 477 3677 unum
506 3628 759 3688 virorum,
797 3627 891 3677 tria
925 3628 1210 3694 virginum,
1234 3634 1288 3678 et
1328 3626 1506 3687 viginti
1553 3640 1716 3677 annos
1761 3639 1878 3678 eum

314 3697 556 3759 vixisset,
588 3695 778 3746 ibidem
825 3696 1025 3758 sepulta
1070 3705 1169 3759 est,
1200 3695 1302 3746 divi
1336 3697 1637 3762 Hieronymi
1667 3695 1752 3758 qui
1781 3694 1879 3747 Vi-

316 3774 422 3815 tam
448 3766 563 3828 ejus
601 3767 813 3829 scripsit
859 3763 1156 3816 testimonio
1184 3767 1343 3817 clara.
1377 3765 1547 3817 Omne
1579 3765 1697 3816 vita:
1750 3775 1881 3816 tem-

315 3849 413 3901 pus
450 3834 684 3899 implevit
710 3835 861 3885 annis
892 3834 1265 3902 quinquaginta
1295 3848 1409 3895 sex,
1444 3834 1709 3887 mensibus
1734 3841 1876 3898 octo,

314 3903 502 3956 diebus
532 3904 713 3971 viginti
755 3913 807 3955 et
853 3918 974 3954 uno.
1020 3905 1159 3956 Obiit
1203 3904 1261 3957 S.
1297 3903 1455 3956 Paula
1490 3903 1722 3955 llonorio
1768 3907 1879 3955 Au-

312 3983 473 4039 gusto
507 3972 567 4024 Vl
597 3984 647 4024 et
677 3973 995 4027 Aristteneto
1031 3988 1195 4033 coss.,
1235 3974 1387 4026 tertia
1436 3973 1681 4035 Sabhati;
1711 3988 1879 4026 annus

317 4044 403 4096 hic
432 4042 627 4095 Christ.
658 4041 756 4095 fuit
777 4042 899 4103 404,
924 4044 1095 4094 littera
1127 4042 1431 4096 Dominicali
1464 4044 1512 4093 itt
1543 4042 1793 4096 Januario
1816 4044 1876 4096 Ο.

316 4113 444 4165 Nata
473 4127 603 4179 ergo
628 4123 710 4167 est
750 4114 934 4180 quinto
967 4112 1082 4164 Maii
1130 4127 1219 4165 an.
1260 4111 1382 4174 547,
1415 4113 1797 4179 imperantibus
1827 4115 1878 4165 in

317 4182 466 4258 ltalia
494 4181 805 4258 Constante,
839 4183 886 4234 in
911 4183 1126 4258 Oriente
1156 4182 1484 4258 constantia.
1520 4183 1669 4233 llteda
1699 4182 1876 4250 Vu'g.,

316 4252 547 4375 ἕξιππα.
576 4252 628 4307 εἰ
660 4254 795 4317 Ado,
821 4264 873 4306 et
901 4254 1009 4318 alii,
1040 4266 1157 4306 eam
1190 4252 1241 4306 in
1283 4253 1423 4306 diem
1454 4261 1759 4321 sequentem
1788 4268 1877 4306 re-

337 4335 511 4374 erunt.

337 4335 511 4374 ετυηι.

388 4390 414 4429 δ
455 4388 692 4445 Joannis.
723 4391 819 4444 llic
850 4392 1027 4458 plures
1055 4392 1166 4445 dies
1196 4391 1353 4445 habet
1396 4388 1557 4442 variis
1605 4389 1672 4443 de
1701 4391 1880 4444 causis

317 4463 397 4514 sui
423 4463 650 4513 nominis
673 4466 1009 4515 veneratione
1036 4464 1292 4516 celebres.
1328 4461 1531 4514 Primus
1555 4470 1635 4513 est
1662 4461 1881 4514 electio-

319 4533 399 4582 nis
422 4533 485 4581 ad
510 4533 864 4598 episcopatum
890 4548 953 4584 xv
974 4532 1216 4586 Decemb.
1240 4531 1309 4584 ita
1333 4531 1528 4583 Memea
1548 4530 1872 4584 Graecorum.

317 4601 591 4654 Secundus
643 4612 722 4653 est
777 4604 1194 4655 consecrationis
1235 4616 1353 4653 xxvi
1388 4600 1566 4664 Febr.,
1612 4609 1666 4651 ut
1722 4603 1880 4654 tradit

321 4667 578 4737 Gem-gius
608 4671 988 4723 Alexandrinus
1028 4674 1075 4723 in
1098 4675 1213 4737 ejus
1246 4672 1377 4724 Vita.
1414 4670 1466 4722 In
1509 4669 1745 4722 Florario
1778 4669 1875 4725 Ms.

319 4754 351 4793 v
379 4742 497 4795 Maii
525 4756 540 4794 :
567 4738 1018 4805 Constantinopoli
1064 4742 1321 4804 depositio
1362 4742 1427 4792 ab
1473 4741 1782 4805 episc0patu
1817 4741 1875 4793 Β.

319 4809 536 4862 Joannis
558 4811 809 4876 t'piSCupi.
847 4811 1041 4863 Deinde
1073 4826 1157 4862 xix
1189 4810 1356 4863 Martii
1379 4810 1624 4862 exsilium
1655 4812 1878 4876 primunt

319 4880 436 4947 ejus
478 4889 707 4931 notatur.
746 4880 1121 4947 Metaphrastes
1164 4879 1324 4945 ipsius
1377 4880 1696 4933 revocationi
1744 4882 1879 4933 assi-

319 4961 443 5016 gnat
472 4964 565 5001 xm
599 4949 924 5001 Novembris.
951 4950 1110 5002 Juxta
1141 4949 1430 5003 Flerarium
1465 4949 1559 5001 Ms.
1590 4950 1703 5016 ejus
1743 4949 1883 5002 exsi-

324 5020 448 5071 liutn
482 5021 768 5071 secundum
820 5020 1001 5072 incidit
1032 5021 1080 5072 in
1129 5036 1191 5071 xx
1244 5018 1360 5072 Jan.
1405 5020 1547 5071 Obiit
1589 5017 1877 5071 Secundum

322 5088 522 5140 Menam
561 5103 644 5141 xw
671 5090 1016 5153 Septembris.
1058 5090 1447 5143 Celeberrimos
1479 5090 1713 5142 omnium
1762 5090 1881 5144 dies

321 5168 403 5211 est
430 5173 572 5210 xxvu
597 5157 847 5222 Januarii,
881 5175 984 5225 quo
1012 5174 1217 5211 sacrum
1248 5158 1368 5230 ejus
1398 5174 1590 5230 corpus
1622 5160 1881 5211 Constant-

324 5230 594 5294 tinOpolitn
628 5230 844 5281 relatum
875 5238 955 5281 est
992 5231 1042 5281 in
1076 5232 1326 5297 templuut
1356 5228 1449 5283 SS.
1484 5228 1877 5297 Apostolorum,

326 5307 561 5365 tempore
610 5298 778 5351 Procli
823 5299 1133 5366 patriarcha:
1182 5310 1234 5353 et
1290 5298 1570 5352 Theodosu
1621 5300 1875 5362 minoris;

323 5368 492 5422 Graeci
532 5372 583 5421 in
625 5369 936 5435 Menologio.
974 5369 1234 5422 Postridie
1280 5371 1390 5422 sive
1432 5384 1596 5421 xxvm
1643 5368 1874 5422 Januarii

320 5451 484 5491 sacrm
532 5439 612 5491 hae
660 5440 894 5505 reliquiae
946 5450 1227 5491 narrantur
1254 5454 1282 5491 a
1313 5439 1591 5491 Theodoro
1637 5439 1875 5502 Lectore,

322 5507 416 5560 lib.
443 5507 743 5572 nCollect.,
776 5510 826 5559 in
867 5508 1002 5571 line,
1046 5511 1297 5573 deposita:
1338 5511 1401 5560 ad
1443 5508 1538 5561 SS.
1572 5509 1874 5574 apostolos:

324 5588 533 5644 peracta
565 5578 763 5631 scilicet
790 5580 954 5644 pridie
976 5579 1202 5632 solemni
1242 5580 1559 5633 revectioue.
1586 5577 1818 5645 Denique
1847 5593 1877 5631 a

321 5647 521 5700 Gratcis
550 5651 598 5700 in
627 5650 835 5701 Meiiazis
865 5649 1054 5701 colitur
1077 5652 1263 5702 iterum
1305 5662 1424 5701 cum
1468 5646 1567 5702 SS.
1600 5646 1790 5701 Basilio
1827 5656 1882 5701 et

323 5716 578 5785 Gregorio
604 5717 931 5771 Nazianzeno
955 5734 1054 5772 xxx
1082 5719 1201 5772 Jan.

397 5800 418 5827 ε
442 5784 674 5856 Agnetis.
705 5788 774 5842 De
802 5788 902 5844 hac
928 5790 1042 5844 vide
1064 5790 1221 5846 etiam
1254 5803 1343 5853 xxi
1368 5786 1601 5846 Januarii
1629 5784 1755 5842 :Est
1777 5786 1883 5840 Iuec

1985 3278 2123 3329 niam
2154 3294 2251 3328 non
2285 3277 2346 3328 de
2373 3287 2546 3329 octava
2582 3279 2758 3343 primae
2788 3280 2888 3332 diei
2933 3282 3120 3345 agitur,
3164 3291 3220 3332 ut
3258 3277 3444 3333 Octava
3473 3282 3558 3334 di-

1984 3358 2129 3399 catur
2157 3362 2175 3399 :
2206 3347 2295 3400 sed
2338 3363 2451 3414 qua:
2492 3350 2574 3400 die
2622 3358 2793 3401 octavo
2826 3358 3023 3402 ostensa
3072 3358 3144 3403 est
3189 3351 3385 3402 ccclitus
3415 3352 3556 3413 visio,

1982 3419 2286 3469 celebratur.
2324 3418 2584 3470 lieeolitur
2611 3420 2743 3470 enim
2784 3419 2880 3471 hac
2937 3422 3018 3470 die
3062 3421 3326 3484 memoria,
3358 3423 3558 3485 quando

1982 3488 2276 3558 parentibus
2302 3488 2368 3539 ad
2407 3491 2694 3553 sepulcrum
2734 3491 2844 3552 ejus
2884 3490 3231 3558 vigilantibus,
3259 3490 3412 3539 choro
3436 3506 3555 3541 sun-

1983 3567 2178 3607 ctarum
2233 3557 2485 3624 virginum
2530 3559 2805 3624 apparuit;
2852 3570 2897 3610 et
2936 3557 3156 3625 gloriam
3197 3559 3560 3624 sempiternam

1982 3626 2076 3677 sibi
2107 3643 2136 3676 α
2172 3626 2275 3675 Deo
2318 3628 2557 3694 largitam
2590 3636 2794 3690 testata,
2828 3627 3089 3679 consolata
3138 3636 3208 3679 est
3250 3643 3332 3678 eos
3362 3642 3376 3677 :
3409 3637 3556 3694 prout

1983 3696 2236 3765 continent
2269 3698 2379 3763 ejus
2418 3713 2497 3747 res
2528 3706 2681 3765 gestia
2721 3713 2835 3761 qure
2876 3696 3121 3749 habentur
3168 3699 3307 3763 apud
3335 3696 3395 3751 S.
3436 3698 3559 3750 Am-

1984 3763 2221 3834 brosium.
2254 3766 2508 3817 Maronitis
2529 3763 2583 3817 in
2617 3766 2884 3834 Martyrol.

2054 3831 2080 3868 ά
2127 3833 2408 3899 Perpetua}.
2440 3834 2562 3888 llmc
2603 3851 2701 3887 una
2753 3831 2878 3888 cum
2929 3835 3132 3900 Dativo,
3163 3836 3391 3900 Jnliano,
3447 3838 3553 3889 Pu-

1984 3901 2181 3963 bliano,
2212 3905 2491 3965 Quintillo,
2524 3904 2679 3957 Festo
2704 3904 2871 3971 pridie
2895 3908 3050 3957 etiam
3081 3908 3294 3959 colitur.

2057 3981 2079 4008 ε
2120 3973 2359 4025 Joannis.
2392 3973 2489 4039 Qui
2538 3978 2699 4027 abbas
2740 3974 2833 4026 fuit
2865 3977 3170 4029 monasterii
3211 3976 3551 4029 lieomaensis

1984 4040 2035 4114 in
2067 4042 2383 4108 Lingunensi
2427 4044 2665 4114 dimcesi,
2695 4045 2847 4114 intra
2875 4045 3302 4114 jurisdietionem
3342 4045 3551 4098 Turno-

1983 4112 2122 4175 dori,
2149 4113 2286 4179 quod
2304 4113 2554 4180 oppidum
2580 4125 2659 4166 est
2679 4112 3109 4168 Gallitetjeltica:
3157 4118 3207 4168 in
3236 4115 3550 4181 Bnrgundire

1986 4190 2041 4236 et
2074 4184 2211 4235 Bria:
2235 4186 2485 4235 conlinio.
2520 4181 2678 4236 Ortus
2707 4194 2789 4236 est
2827 4188 2925 4237 sub
2958 4185 3225 4238 territorio
3249 4184 3555 4253 Lingonica:

1984 4254 2160 4315 urbis;
2213 4253 2474 4305 nobilibus
2521 4254 2827 4319 parentibus
2870 4264 3193 4317 procreatus,
3228 4264 3375 4319 patre
3406 4255 3556 4307 llila-

1986 4323 2086 4386 rio,
2138 4334 2306 4375 matre
2352 4322 2563 4387 Quieta.
2600 4328 2782 4376 Annos
2825 4324 3033 4376 circiter
3068 4324 3253 4391 viginti
3305 4333 3457 4376 natus
3501 4325 3552 4377 in

1984 4402 2184 4444 remota
2230 4401 2376 4459 parte
2406 4392 2545 4445 villic
2576 4394 2761 4445 cellam
2808 4393 3043 4446 condidit
3083 4403 3135 4446 et
3170 4393 3280 4445 Deo
3314 4393 3559 4458 vacavit;

1986 4462 2324 4514 retnotioretn
2374 4473 2546 4513 tamen
2595 4478 2863 4516 secessum
2911 4479 3153 4528 quatrens
3207 4465 3256 4514 in
3303 4463 3420 4516 loco
3463 4464 3558 4516 de-

1986 4540 2129 4584 serto
2162 4530 2377 4585 Reumai
2410 4538 2791 4587 monasterium
2833 4537 3149 4586 construxit.
3182 4534 3234 4586 In
3262 4531 3559 4590 monachos

1984 4602 2275 4654 dominium
2327 4605 2598 4668 deponens
2648 4603 2956 4655 humilitatis
3011 4619 3167 4655 causa
3214 4604 3263 4655 in
3322 4605 3549 4657 insulam

1982 4669 2322 4724 Lerineusein
2356 4673 2547 4723 latendi
2571 4674 2746 4725 studio
2775 4672 3028 4726 secessit:
3057 4675 3174 4724 istic
3200 4683 3372 4724 tamen
3399 4676 3548 4738 agni-

1984 4751 2066 4793 lus
2098 4741 2163 4791 ad
2194 4756 2319 4792 suos
2347 4752 2642 4794 revocatur.
2671 4742 2813 4794 Obiit
2844 4742 3049 4793 tandem
3078 4746 3291 4794 circiter
3322 4744 3421 4794 till
3450 4758 3550 4794 an-

1983 4824 2192 4861 norum.
2220 4810 2450 4864 (Elatem
2476 4814 2531 4861 8.
2572 4811 2790 4863 J0annis
2824 4813 2889 4862 ita
2932 4815 3189 4877 expre~sit
3218 4826 3402 4863 anetor
3432 4812 3555 4879 ejus

1982 4890 2102 4933 νιιω
2128 4897 2139 4930 :
2175 4881 2216 4930 A
2238 4890 2459 4945 tempore
2491 4879 2828 4949 Valentiniani
2861 4880 3073 4932 Ciesaris
3118 4891 3267 4949 atque
3294 4880 3557 4933 Marciani

1983 4950 2322 5017 imperatoris,
2351 4950 2437 5014 qui
2456 4961 2567 5017 post
2593 4948 2926 5001 Theodosium
2942 4948 3202 5018 juniorent
3232 4953 3543 5004 monurcltite

1986 5022 2281 5087 dignitatem
2324 5018 2557 5083 obtinuit,
2580 5036 2735 5087 usque
2770 5022 2836 5071 ad
2883 5032 3105 5085 tempore
3133 5018 3414 5073 Iustiniani
3442 5024 3545 5073 Au-

1984 5091 2117 5157 gusti
2147 5090 2439 5156 permansit.
2471 5089 2582 5152 Quo
2602 5092 2752 5141 etiam
2779 5102 3000 5157 tempore
3035 5088 3225 5143 Franci
3255 5106 3369 5142 cum
3398 5089 3547 5144 Chlo-

1984 5164 2138 5212 doveo
2194 5176 2331 5226 rege,
2377 5161 2653 5224 postposita
2682 5163 2952 5227 republica,
3007 5160 3215 5212 militari
3260 5178 3414 5212 manu
3444 5170 3551 5214 ter.

1982 5233 2147 5281 minos
2193 5228 2535 5282 Romanorum
2599 5231 2950 5298 irrumpentes,
3017 5230 3243 5283 Galliam
3302 5235 3545 5284 invasere.

1987 5301 2170 5365 Sicque
2198 5318 2351 5368 usque
2393 5303 2443 5352 in
2475 5311 2700 5365 tempora
2747 5299 3044 5352 Theoderici
3087 5304 3238 5367 regis,
3286 5302 3370 5367 qui
3410 5301 3549 5368 [ilius

1984 5371 2169 5441 (astitit
2199 5372 2400 5439 priefati
2432 5370 2702 5433 Clodovtei,
2731 5381 2776 5424 et
2817 5372 2912 5438 filii
2934 5372 3043 5441 ejus
3070 5370 3393 5441 Tlteodebcrti
3439 5386 3557 5438 pcr-

1985 5439 2205 5492 duravit.
2239 5442 2311 5494 Ex
2346 5444 2424 5494 his
2448 5444 2723 5494 conlicnur
2758 5458 2859 5493 non
2889 5438 3009 5495 ante
3036 5458 3230 5495 annum
3265 5438 3388 5503 425,
3437 5455 3546 5506 quo

1994 5509 2384 5563 Valentinianus
2432 5510 2494 5564 Ill
2544 5512 2779 5575 suscepit
2828 5514 3144 5578 imperium,
3188 5521 3368 5562 natum
3426 5522 3547 5578 esse

1984 5579 2352 5649 S.AJoanuem,
2383 5596 2479 5634 nec
2510 5592 2627 5649 post
2650 5581 2772 5643 548,
2804 5577 2914 5649 quo
2937 5585 3037 5635 vita
3062 5582 3271 5634 functus
3296 5577 3540 5632 Theode-

1987 5647 2188 5715 be'rtus,
2234 5647 2524 5705 inertuum;
2561 5650 2628 5704 Et
2674 5647 2848 5706 forsan
2892 5663 3132 5705 mortuus
3167 5658 3249 5705 est
3283 5664 3370 5708 an.
3416 5649 3539 5714 545,

1986 5719 2208 5789 adjectis
2232 5722 2432 5777 scilicet
2458 5721 2557 5776 120
2579 5736 2668 5777 an.
2700 5723 2766 5777 ad
2797 5738 2885 5777 an.
2912 5722 3034 5777 4:15.
