3990 6196
424 368 527 422 8ἒ7

1169 361 1371 417 BEDAS
1413 359 1867 415 VENEliABlLlS
1904 357 2053 413 OPP.
2098 359 2272 412 PARS
2315 356 2400 411 IV.
2442 384 2509 395 —
2554 352 2936 409 lllSTUllICA.

3561 352 3665 405 828

1705 473 1926 528 EDITIO
1965 472 2421 527 COLONIENSIS.

425 572 556 625 etin
589 568 801 623 Christo
831 568 1158 635 quieverunt.
1204 565 1351 632 Apud
1386 565 1757 618 Alexandriam
1794 566 1849 617 ll.
1883 563 1984 633 Cy-
2019 570 2061 626 Α
2090 563 2399 615 charitatem
2452 561 2699 616 Ecclesiae
2755 560 2932 621 rediit,
2990 573 3085 627 pro
3139 573 3262 624 qua,
3318 568 3373 610 et
3430 559 3482 610 in
3538 573 3658 624 qua,

427 662 489 713 ril
516 661 528 712 i
561 658 815 726 episcopi,
851 658 935 725 qui
968 656 1241 710 catholicae
1282 655 1403 708 lidei
1442 654 1874 721 praeclarissimas
1900 670 1991 708 cx-

425 752 558 805 stitit
605 758 980 818 propugnator.
1043 751 1104 802 Et
1159 749 1208 800 in
1262 748 1584 801 monasterio
1643 747 1990 802 Lcomauensi

427 840 643 894 Joannis
673 840 984 909 presbyteri,
1016 839 1108 891 viri
1143 838 1253 891 Dei.

499 935 563 987 A.
605 932 665 985 IV
707 930 941 985 KALEND.
989 929 1147 983 Fsan.
1186 960 1255 971 -ι-
1295 928 1476 982 Romae
1520 930 1691 984 natale
1722 930 1894 998 Papiae
1940 938 1994 984 et

429 1023 614 1086 Mauri,
662 1023 904 1086 militum,
957 1031 1193 1089 tempore
1241 1020 1573 1087 Diocletiani,
1618 1021 1706 1089 qui
1754 1022 1990 1076 videntes

427 1114 773 1168 constantiam
816 1114 1085 1166 Saturnini
1117 1122 1171 1164 et
1197 1110 1375 1165 Sisinii
1406 1121 1717 1181 martyrum,
1745 1114 1991 1166 conversi

426 1214 550 1258 sunt
588 1205 654 1257 ad
683 1204 862 1269 iidem,
895 1206 1180 1271 statimque
1204 1204 1411 1271 jussum
1441 1213 1522 1257 est
1561 1218 1589 1255 a
1632 1203 1879 1256 Laodicio
1906 1218 1992 1255 ur-

429 1299 510 1351 bis
557 1298 823 1364 prmiecto,
878 1305 937 1350 ut
978 1313 1038 1348 os
1085 1311 1291 1357 eorum,
1341 1296 1425 1365 qui
1468 1296 1736 1349 Christum
1775 1296 1993 1349 conlite-

429 1388 637 1451 battlttt‘,
684 1403 804 1441 cum
853 1387 1115 1455 lapidibus
1160 1387 1627 1446 contunderentur,
1656 1393 1709 1438 et
1756 1388 1993 1439 retrude-

427 1486 608 1528 rentur
640 1477 690 1529 in
721 1490 1008 1539 carcerem,
1047 1477 1131 1528 ubi
1181 1476 1425 1543 baptizati
1452 1484 1575 1529 sunt
1599 1492 1627 1529 a
1656 1475 1811 1529 beato
1862 1490 1991 1543 papa

428 1566 694 1630 Marcello,
748 1582 881 1634 quos
932 1576 1047 1635 post
1099 1567 1213 1619 dies
1258 1567 1533 1619 duodecim
1581 1567 1799 1620 eductos
1836 1566 1995 1635 jussit

426 1654 591 1706 sterni
622 1655 672 1707 in
706 1664 914 1719 terram,
951 1664 1003 1709 et
1030 1654 1256 1708 fustibus
1286 1656 1445 1717 caedi;
1476 1655 1666 1710 deinde
1698 1656 1900 1710 levatos
1930 1656 1995 1710 de

425 1754 563 1798 terra
616 1746 896 1811 plumbatis
942 1745 1110 1808 czedi,
1166 1745 1335 1798 donec
1360 1746 1707 1812 exspirarent.
1759 1745 1991 1810 Quorum

427 1848 649 1899 corpora
679 1834 931 1902 colligens
973 1842 1126 1887 nocte
1155 1833 1386 1887 Joannes
1422 1833 1720 1904 presbyter,
1751 1834 1993 1902 sepelivit

2098 664 2280 721 postea
2313 654 2517 706 illustre
2550 652 2859 721 martyrium
2902 651 3308 703 consummavit.
3358 647 3662 717 Hierosoly-

2096 744 2195 797 mis
2242 744 2530 798 beatissimi
2582 741 2816 797 Matthiae
2865 742 3123 809 episcopi,
3177 740 3244 793 de
3287 755 3393 808 quo
3440 740 3570 792 mira
3606 751 3662 794 et

2093 835 2195 891 lide
2225 839 2374 902 plena
2420 844 2564 903 gesta
2608 843 2913 899 narrantur,
2961 832 3050 897 qui
3101 833 3265 884 inulta
3318 845 3416 898 pro
3451 831 3660 884 Christo

2095 940 2395 993 perpessus,
2426 925 2612 978 ultimo
2646 924 2696 976 in
2731 938 2859 991 pace
2889 921 3048 974 vitam
3094 921 3276 986 linivit,
3323 920 3413 988 qui
3445 930 3659 973 octavus

2096 1024 2215 1084 post
2254 1015 2506 1068 Jacobmn
2554 1013 2695 1067 rexit
2745 1012 3057 1065 Ecclesiam.
3100 1011 3231 1064 ltem
3262 1011 3398 1064 beati
3432 1012 3657 1065 Alexan—

2094 1106 2194 1158 dri.
2228 1105 2323 1159 llic
2356 1104 2579 1159 Deciana
2624 1102 2990 1170 persecutione
3032 1116 3131 1169 pro
3167 1100 3501 1155 confessione
3539 1100 3660 1154 iidei

2087 1198 2301 1268 judiciis
2321 1199 2547 1263 sistitur,
2572 1208 2622 1251 et
2645 1197 2864 1251 vinculis
2891 1197 3119 1250 carceris
3146 1195 3387 1250 traditur.
3412 1195 3511 1262 Qui
3536 1210 3655 1248 cum

2092 1290 2345 1359 longaeva:
2373 1291 2546 1344 aetatis
2582 1288 2884 1343 veneranda
2913 1289 3110 1342 canitie
3139 1288 3493 1356 praefulgeret,
3522 1298 3662 1355 post-

2092 1395 2247 1447 quam
2282 1378 2588 1448 frequenter
2618 1381 2951 1448 passionibus
2989 1380 3101 1432 suis
3131 1379 3519 1447 gloriﬁcaverat
3564 1382 3662 1433 Do-

2093 1469 2317 1534 minum,
2346 1486 2466 1523 cum
2497 1472 2564 1525 de
2593 1471 2814 1525 vinculis
2844 1470 2908 1523 ad
2944 1469 3242 1533 tribunalia,
3275 1481 3321 1523 et
3358 1485 3387 1522 a
3419 1470 3660 1523 tribuna-

2094 1562 2236 1616 libus
2262 1572 2605 1617 revocaretur
2632 1563 2697 1616 ad
2726 1564 2955 1626 vincula,
2990 1562 3128 1616 inter
3164 1565 3274 1630 ipsa
3303 1563 3533 1617 vicissim
3564 1564 3657 1617 sibi

2092 1654 2465 1707 succendentia
2496 1663 2753 1708 tormenta
2801 1656 2939 1708 bono
2977 1653 3078 1707 line
3108 1656 3323 1722 quievit.
3354 1655 3409 1707 ln
3442 1654 3664 1708 Albudio

2094 1746 2421 1799 monasterio
2450 1744 2624 1799 natale
2648 1745 2972 1813 Aldegundte
3004 1744 3242 1814 virginis,
3268 1762 3385 1814 qua:
3411 1745 3662 1811 tempori-

2092 1834 2193 1889 bus
2239 1836 2518 1906 Dagoberti
2564 1838 2705 1908 regis
2752 1838 3076 1893 Francorum
3127 1855 3193 1893 ex
3254 1839 3415 1893 nobili
3470 1854 3662 1909 genere

424 1925 507 1974 via
540 1923 866 1976 Nomentana
898 1925 961 1975 ad
994 1924 1255 1992 nymphas
1285 1923 1421 1975 beati
1454 1922 1617 1987 Petri,
1650 1923 1732 1976 ubi
1767 1923 1995 1992 baptiza-
2030 1916 2071 1975 Β
2100 1928 2393 1994 progenita,
2440 1928 2758 1998 virginitatis
2804 1930 3125 1998 propositum
3165 1930 3343 1998 elegit,
3386 1930 3438 1983 in
3480 1945 3585 1998 quo
3611 1939 3663 1983 et

428 2012 531 2064 bat.
559 2011 818 2078 Scriptum
850 2022 931 2066 est
956 2013 1005 2066 in
1035 2015 1195 2082 gestis
1227 2015 1360 2066 beati
1388 2030 1535 2079 papa:
1562 2015 1789 2068 Marcelli
1817 2033 1828 2067 :
1861 2015 1989 2068 Tre-

424 2105 563 2156 veris
593 2104 850 2172 depositio
893 2105 1027 2160 beati
1078 2104 1271 2160 Valerii
1301 2107 1558 2177 episcopi,
1589 2107 1829 2177 discipuli
1867 2124 1988 2162 san-

420 2194 495 2248 cti
527 2195 660 2249 Petri
688 2196 934 2263 apostoli.

497 2287 554 2340 B.
602 2286 662 2340 Ill
700 2286 937 2341 KALEND.
980 2287 1143 2341 FEBR.
1186 2313 1252 2327 ε-
1291 2288 1442 2357 Apud
1491 2290 1823 2344 Antiochiam
1873 2304 1995 2358 pas-

423 2378 506 2431 sio
530 2378 698 2431 sancti
727 2378 1011 2448 Hippolyti,
1045 2379 1132 2446 qui
1163 2378 1347 2433 Novati
1375 2380 1661 2434 schismate
1697 2382 1994 2449 aliquantu-

429 2468 533 2521 lum
562 2468 837 2537 deceptus,
870 2483 1125 2538 operante
1154 2469 1319 2539 gratia
1357 2470 1553 2525 Christi
1606 2481 1895 2537 correctus,
1925 2471 1993 2525 ad

2097 2016 2408 2084 permansit,
2460 2018 2791 2088 smpiusque,
2845 2020 2919 2072 illi
2976 2020 3209 2088 angelica
3257 2020 3389 2073 visio
3435 2021 3663 2073 revelata

2096 2105 2212 2170 fuit,
2265 2108 2559 2162 exhortans
2605 2123 2745 2169 eam.
2793 2117 2849 2162 ut
2893 2108 2944 2162 in
2998 2110 3266 2177 ιιι-οινοδὶιο
3307 2122 3660 2177 permaneret,

2095 2199 2384 2254 novissime
2412 2214 2537 2254 vero
2563 2215 2683 2255 cum
2712 2215 2899 2269 magna
2923 2202 3164 2255 claritate
3193 2201 3424 2257 caelestis
3450 2200 3661 2257 luminis

2093 2290 2158 2345 ad
2188 2290 2344 2346 vitam
2376 2291 2634 2359 migravit.

2165 2381 2224 2434 C.
2265 2381 2414 2434 Puto.
2466 2379 2707 2435 KALEND.
2764 2380 2926 2435 Fusa.
2966 2411 3036 2422 —
3087 2382 3237 2451 Apud
3289 2381 3658 2437 Alexandriam

2098 2470 2272 2524 natale
2316 2473 2484 2526 sancti
2534 2471 2790 2525 Methraui
2824 2474 3090 2543 martyris,
3121 2488 3276 2542 quem
3317 2473 3503 2543 pagani
3546 2486 3662 2527 cor-

1644 2563 1868 2617 EDITIO
1910 2560 2409 2616 BOLLANDIANA.

493 2651 581 2705 29.
612 2679 683 2690 —
710 2650 773 2704 IV
798 2648 931 2704 Kac.
960 2651 1141 2703 Roma:
1192 2652 1367 2706 natale
1397 2651 1495 2705 SS.
1542 2651 1713 2719 Papia:
1745 2663 1798 2705 et
1826 2652 1987 2706 Mauri

428 2741 673 2803 militum,
709 2750 946 2805 tempore
978 2740 1287 2792 Diocletiani
1316 2757 1327 2791 :
1355 2741 1441 2808 qui
1475 2740 1713 2794 videntes
1745 2751 1989 2795 constan-

423 2834 547 2884 tiam
580 2831 849 2884 Saturnini
875 2840 924 2884 et
956 2831 1174 2884 Sisinnii
1225 2841 1539 2901 martyrum,
1571 2832 1812 2886 conversi
1864 2842 1990 2888 sunt

421 2923 486 2974 ad
511 2922 688 2989 tidem,
717 2922 999 2991 statimque
1022 2920 1227 2990 jussum
1253 2929 1336 2975 est
1365 2936 1394 2975 a
1428 2920 1681 2974 Laudich
1711 2921 1982 2989 priel‘ecto,

421 3019 479 3064 ut
508 3026 566 3064 os
595 3019 918 3074 sanctorum,
962 3025 1065 3079 quo
1095 3006 1366 3063 Christum
1418 3008 1824 3072 conﬁtebantur,
1860 3025 1980 3064 eum

426 3101 683 3171 lapidibus
704 3100 1136 3164 contunderetur.
1160 3111 1214 3154 et
1236 3101 1637 3155 retruderentur
1660 3101 1710 3154 in
1730 3117 1945 3156 carcere
1968 3120 1981 3154 :

423 3197 511 3250 ubi
532 3198 774 3264 baptizati
796 3207 915 3251 sunt
939 3212 967 3250 a
992 3197 1051 3251 Β.
1076 3195 1341 3250 Marcello.
1359 3197 1501 3262 Quos
1516 3206 1632 3264 post
1649 3197 1762 3251 dies
1784 3198 1985 3252 duode-

2099 2652 2221 2705 sitio
2252 2651 2309 2707 S.
2344 2662 2367 2689 ³
2398 2653 2720 2720 Aldegundis
2747 2653 2985 2721 virginis,
3016 2669 3133 2723 quae
3171 2668 3236 2709 ex
3284 2656 3527 2723 prosapia
3576 2669 3657 2708 re-

2096 2742 2201 2811 gali
2243 2743 2408 2808 edita,
2451 2744 2753 2798 suasionem
2807 2746 2989 2798 matris
3033 2759 3193 2812 super
3236 2745 3658 2808 coniunctionem

2096 2836 2266 2889 mariti
2308 2850 2584 2903 spernens,
2633 2834 2899 2890 Christum
2931 2851 3181 2904 sponsum
3206 2837 3403 2905 elegit;
3448 2836 3587 2890 unde
3610 2845 3661 2890 et

2095 2927 2208 2994 ejus
2236 2926 2583 2991 allocutione,
2608 2935 2660 2982 et
2689 2942 2829 2994 smpe
2859 2927 3089 2994 angelica
3118 2927 3309 2979 meruit
3336 2925 3557 2992 perfrui.

2166 3017 2251 3076 D..
2285 3017 2560 3069 Antiochia
2594 3017 2768 3079 passio
2798 3014 2902 3087 S.b
2931 3016 3232 3086 Hippolyti,
3280 3017 3658 3087 Hierosolymis

2091 3084 2149 3139 S.
2186 3096 2207 3124 ο
2237 3087 2488 3147 Μςιιιιιὶαι,
2530 3087 2781 3152 episcopi.
2829 3084 2888 3138 V.
2922 3087 3009 3153 (3.,
3064 3084 3133 3139 ln‘
3162 3091 3331 3140 Africa
3387 3084 3656 3152 Feliciani,

2094 3154 2318 3222 Philippi
2348 3166 2401 3207 et
2429 3156 2673 3208 aliorum.
2706 3155 2793 3221 C.,
2825 3157 3047 3209 Centum
3079 3157 3256 3223 viginti
3291 3159 3466 3210 trium.
3502 3161 3568 3210 Α.
3593 3157 3652 3211 ‘l‘.

2097 3224 2180 3287 l..,
2213 3225 2265 3277 In
2315 3226 2591 3279 Antiochia
2624 3226 2796 3293 passio
2827 3226 2882 3277 S.
2910 3225 3125 3293 Ypoliti.
3163 3227 3215 3279 In
3261 3228 3434 3281 Africa
3482 3227 3655 3281 natale

422 3289 523 3340 cim
554 3288 773 3341 eductos
799 3288 952 3356 jussit
985 3286 1146 3341 sterni
1181 3286 1234 3340 in
1263 3296 1455 3341 terram
1477 3297 1532 3341 et
1574 3286 1795 3341 fustibus
1817 3287 1983 3353 caedi;
2014 3270 2060 3331 (ἶ

421 3376 613 3432 deinde
639 3377 835 3431 levatos
856 3376 919 3431 de
946 3387 1083 3431 terra
1108 3377 1389 3442 plumbatis
1415 3378 1572 3442 caedi,
1605 3379 1777 3433 donec
1804 3380 1982 3448 exspi-

418 3477 614 3522 rarent.
669 3468 901 3533 Quorum
960 3482 1180 3532 corpora
1228 3467 1485 3536 colligens
1534 3476 1694 3524 noctu
1748 3468 1981 3524 Joannes

419 3557 716 3626 presbyter,
764 3556 1005 3624 sepelivit
1051 3558 1135 3610 via
1191 3555 1541 3625 NOnientana,
1593 3558 1658 3613 ad
1710 3559 1984 3630 Nymphas

418 3647 478 3699 Β.
517 3644 675 3710 Petri,
710 3646 794 3699 ubi
843 3646 1160 3716 baptizabat.
1207 3646 1473 3717 Scriptum
1528 3650 1580 3705 in
1634 3653 1798 3721 gestis
1844 3654 1981 3711 beati

416 3751 565 3805 papa:
592 3736 843 3791 Marcelli.

485 3825 573 3877 50.
600 3824 912 3881 -111Κη.
938 3828 1101 3883 Vacat
1130 3827 1309 3883 Baeda.

489 3915 672 3969 Florus
712 3917 763 3968 in
798 3917 865 3969 A.
894 3917 955 3970 T.
982 3917 1064 3985 L.,
1094 3919 1145 3971 in
1194 3918 1455 3975 Malbodio
1477 3927 1798 3979 monasterio
1821 3927 1984 3995 depo-

2094 3379 2211 3417 rum
2245 3375 2456 3418 centum
2484 3364 2660 3433 viginti
2693 3364 2875 3419 trium.

2159 3472 2247 3528 5i.
2273 3505 2342 3515 ——
2364 3474 2403 3529 ll
2433 3475 2568 3530 ΚΑΙ..
2606 3476 2764 3531 Vacat
2795 3477 2971 3532 Bicda.

2162 3584 2590 3660 D.,Alex_andria
2622 3586 2646 3624 ά
2679 3589 2898 3656 Mytrani
2943 3592 3210 3660 martyris.
3256 3591 3546 3647 Trientinte
3600 3595 3653 3649 S.

2090 3663 2115 3692 ο
2142 3655 2310 3726 Yigilii
2339 3656 2571 3726 episcoiii
2603 3667 2654 3710 et
2704 3655 2971 3726 martyris.
3010 3655 3096 3722 ν.;
3124 3661 3177 3713 1η
3213 3661 3536 3715 Αιθχςιηάτὶδ
3570 3681 3661 3717 na-

2093 3724 2197 3799 tale
2220 3726 2319 3780 SS.
2341 3725 2599 3799 Alibaciri
2628 3738 2707 3799 get
2733 3724 2972 3791 Joannis,
3004 3728 3233 3799 Cyriaci,
3278 3731 3451 3792 Tarsi,
3502 3732 3661 3787 Gale-

2089 3794 2181 3868 rici
2221 3805 2275 3848 et
2303 3797 2527 3868 aliorum
2553 3796 2850 3860 quindecim
2895 3794 3251 3853 sacerdomiu.
3288 3802 3347 3868 Α.
3380 3801 3446 3855 T.
3482 3802 3574 3868 L.,
3607 3805 3655 3859 In

2089 3864 2416 3935 Alexandria
2448 3866 2543 3919 SS.
2581 3868 2806 3935 'l‘yrsici,
2840 3868 3030 3931 Zmici,
3068 3867 3357 3923 Ammonis.
3395 3872 3447 3924 In
3486 3864 3657 3927 Ali-ira

2088 3934 2185 3987 SS.
2220 3933 2462 4000 \"ictori~',
2494 3933 2679 3991 Publii.
2715 3937 2797 4003 L.,
2831 3948 2884 3992 et
2918 3938 3213 4008 Polycarpi.
3254 3941 3319 3993 Et
3350 3938 3365 3977 ί
3398 3943 3660 4011 depositio

1781 4019 1865 4073 SM
1877 4020 1985 4076 lTll
2026 4024 2250 4081 NOTAE.

489 4093 884 4173 andldegundis.
921 4096 1052 4173 Qua:
1081 4096 1267 4173 l‘uit__ex
1308 4102 1456 4171 regio
1492 4118 1686 4170 genere
1715 4118 1851 4173 orta,
1884 4126 1975 4173 pa-

416 4175 497 4218 tre
520 4162 811 4235 waiberto,
836 4178 1002 4219 matre
1023 4169 1231 4222 Bertilia
1259 4188 1272 4235 ;
1303 4162 1455 4224 soror
1479 4162 1635 4227 etiam
1667 4177 1761 4228 l'uit
1787 4162 1978 4233 beatis-

418 4237 566 4287 sinite
596 4233 989 4303 Waldetrudis;
1022 4249 1074 4292 et
1106 4233 1341 4293 funda—vit
1363 4242 1680 4298 Malbodinm
1708 4262 1979 4304 monaste-

422 4305 555 4378 rium
578 4346 591 4364 ,
634 4305 772 4371 quod
803 4306 957 4378 hodie
983 4318 1064 4361 est
1107 4312 1355 4375 Oppidum
1386 4312 1694 4378 llannonize,
1727 4327 1781 4370 et
1830 4319 1879 4370 in
1913 4335 1978 4374 eo

421 4375 631 4428 celebre
658 4377 1026 4430 ranonicatmn
1055 4379 1308 4431 nobilium
1342 4382 1454 4435 sive
1484 4375 1827 4437 Dominarum
1858 4388 1979 4442 (Iol-

417 4444 637 4523 legium;
659 4445 778 4523 llufc
805 4445 1378 4523 Molanusiaindiculo
1410 4451 1506 4523 SS.
1533 4453 1721 4521 Delgii.
1761 4455 1974 4523 Sepulta

2080 4132 2193 4196 qua:
2226 4118 2293 4196 ad
2340 4135 2589 4196 sutum/im
2636 4123 2894 4196 iniuriam,
2936 4126 3296 4196 contumeliam
3336 4137 3379 4179 el
3424 4128 3660 4196 blasphe-

2082 4188 2230 4261 miam
2271 4188 2323 4261 in
2352 4188 2610 4261 Christum
2652 4192 2779 4244 nihil
2803 4194 3024 4261 facerent
3050 4196 3248 4260 reliqui.
3282 4188 3547 4252 Ubautcni
3572 4202 3655 4254 ille

2080 4256 2339 4334 minuseis
2363 4269 2433 4334 est
2461 4259 2743 4334 obsecutus,
2771 4256 2937 4334 tolum
2980 4256 3169 4330 corpus
3195 4269 3467 4320 suavissime
3498 4271 3653 4334 {usti-

2081 4325 2172 4377 bus
2220 4328 2623 4396 diverberarunt,
2678 4332 2860 4399 [aciem
2909 4325 3159 4386 arundine
3205 4348 3356 4389 acula
3392 4325 3655 4392 consciae-

2079 4404 2220 4460 runt,
2253 4399 2426 4473 oculos
2466 4401 2822 4473 confoderunt,
2854 4404 3091 4456 interiora
3122 4421 3314 4473 quoque
3350 4417 3399 4460 et
3443 4409 3655 4461 latentia

2080 4468 2307 4529 corporis
2335 4467 2445 4520 loca
2470 4469 2750 4533 laniarunt,
2794 4484 2943 4538 atque
2970 4475 3038 4525 ad
3070 4467 3304 4528 ultimum
3344 4479 3655 4532 immanitati

416 4514 1061 4610 2?£.‘l‘.‘3.".“‘§§?"‘.":..‘_'_'3‘
1081 4517 1406 4610 aliaalia:
1424 4520 1610 4610 “seu
2006 4519 2058 4579 Ι)
2081 4514 2187 4587 ιιιαὲ
2213 4538 2361 4610 quin“
2387 4514 2752 4600 νεηιιηιίαηιεεῖ
2778 4545 2829 4593 in
2848 4514 2965 4603 feni:
2986 4514 3035 4594 υῑ
3064 4514 3304 4610 liii-£11213?
3322 4514 3653 4603 εἰὶίἒΐὲῐὲὲἐὲἱ

416 4583 828 4666 Sigeberto,_vel
871 4588 1042 4666 potius
1081 4583 1410 4666 Theoderico
1458 4583 1725 4666 etodovei
1759 4596 1796 4648 ll
1848 4583 1974 4666 lilio,

412 4666 570 4718 atque
597 4654 650 4707 Β.
678 4655 879 4723 virgine
905 4655 1193 4710 A'detrude
1219 4659 1480 4712 abbatissa
1508 4701 1521 4724 ,
1556 4664 1866 4718 translatum
1900 4654 1980 4722 est

414 4738 606 4796 corpus
631 4724 745 4796 ejus
778 4726 827 4778 in
861 4726 1202 4796 municipium
1234 4728 1573 4796 Malbodium,
1609 4741 1665 4785 ut
1700 4735 1879 4789 videre
1901 4749 1979 4793 est

415 4794 469 4877 in
498 4793 610 4877 ejus
640 4794 934 4877 Vitanapud
969 4794 1206 4851 Bolland.
1260 4797 1462 4853 Floruit
1512 4793 1754 4871 tempore
1805 4806 1976 4877 Dago-

418 4863 553 4915 berti
581 4865 716 4930 regis
744 4864 1083 4917 Francorum.

485 4930 513 4968 δ
544 4930 830 5015 Hippolyti.
865 4936 1014 5016 Apud
1043 4937 1373 5016 _Anl_iorltiam
1403 4941 1571 5016 passio
1604 4942 1665 4995 Β.
1686 4944 1978 5016 _Ilippolyti

422 5003 691 5069 martyris,
734 5004 820 5068 qui
868 5003 1052 5059 Novati
1092 5008 1359 5059 schismate
1403 5003 1791 5076 aliquantulum.
1817 5003 1973 5070 ἐἰσενε-

343 5073 354 5119 l
418 5079 554 5150 plus,
589 5084 823 5150 operante
851 5078 1015 5142 gratia
1058 5076 1245 5150 Christi
1273 5073 1545 5147 correctus,
1590 5085 1655 5134 ad
1684 5088 1979 5142 rharitalem

344 5168 349 5172 ι
419 5137 663 5215 Ecclesia:
686 5137 869 5206 rediit;
885 5161 975 5211 pro
1003 5163 1098 5211 qua
1125 5158 1172 5197 et
1208 5148 1259 5200 in
1300 5166 1398 5214 qua
1421 5137 1591 5215 postca
1618 5137 1980 5210 illustrantur:

665 5216 1044 5269 consummavit.
1113 5217 1265 5270 Baeda
1313 5211 1662 5289 'Vulg.,Ado,
1725 5225 1980 5297 Usiiard.,

460 5289 631 5334 οικετ.

490 5360 512 5387 c
544 5348 795 5436 ἐιΙαΙΙιΙιεαιε.
839 5349 1207 5436 Hierosolymis
1251 5360 1555 5436 sanctissimi
1592 5361 1827 5419 Matt/lia:
1867 5369 1976 5436 epi-

416 5421 574 5501 scopi,
609 5423 670 5473 de
707 5436 803 5501 quo
827 5424 956 5501 inira
994 5434 1039 5476 el
1072 5421 1217 5489 plena
1253 5429 1354 5501 [ide
1381 5440 1521 5499 gesta
1567 5446 1862 5497 narrantur,
1893 5421 1981 5501 qui

418 5492 579 5571 multa
596 5507 696 5571 pro
717 5490 915 5545 Christo
937 5511 1217 5571 perpessus,
1247 5490 1426 5551 ultimvo
1454 5502 1653 5571 inipare
1688 5508 1836 5557 vitam
1854 5490 1981 5571 ’βίτὶ-

413 5560 510 5635 ςξι.
532 5560 643 5635 llic
672 5573 875 5635 octavus
901 5575 1013 5633 post
1036 5563 1283 5619 Jacobum
1331 5572 1462 5624 rexit
1489 5560 1788 5628 Ecclesium.
1824 5560 1979 5631 lia-da

420 5627 591 5693 Vulg"
619 5633 753 5694 Atio,
777 5645 878 5686 CIC.

428 5764 458 5779 Ἴ
489 5696 513 5731 ά
544 5698 769 5779 Mitrani.
816 5705 990 5779 Dictus
1043 5715 1115 5759 est
1157 5707 1309 5759 etiam
1358 5708 1568 5773 Maras,
1618 5730 1763 5779 quem
1802 5717 1980 5771 bellua:

420 5766 458 5817 il
480 5783 523 5817 (ε
565 5768 797 5824 Ucrianu'
826 5777 1164 5831 crudelissime
1196 5790 1400 5846 ruptum
1428 5798 1483 5834 ια
1526 5766 1686 5838 dicere
1718 5766 1975 5856 rogabant,

2083 4608 2500 4677 runtLNicephq
2530 4610 2757 4676 Callist.,
2790 4611 2922 4664 llist.
2960 4608 3125 4677 Eccl,
3161 4632 3208 4676 v,
3240 4616 3327 4669 30.

2158 4685 2180 4712 ο
2217 4675 2408 4744 Vigilii.
2455 4679 2545 4733 llic
2593 4675 2870 4746 episcopus
2900 4675 3242 4737 Tridentinus
3271 4688 3462 4740 claruit
3510 4705 3651 4742 anno

2084 4745 2206 4808 590,
2255 4752 2341 4815 qui
2394 4750 2516 4800 dum
2559 4745 2807 4817 reliquias
2843 4751 3151 4806 idololatriae
3189 4755 3397 4820 penitus
3450 4760 3651 4812 essur-

2085 4829 2207 4892 pzire
2227 4828 2526 4892 conaretur,
2551 4827 2682 4892 teste
2703 4820 3075 4889 Martyrologio
3105 4824 3473 4880 ltomanoJua.
3504 4843 3649 4892 xm,

2082 4900 2110 4936 a
2146 4884 2269 4937 feris
2296 4888 2616 4959 etAharbaris
2648 4884 2949 4943 hominibus
2979 4884 3205 4957 lapidum
3242 4896 3410 4948 imbre
3437 4884 3651 4959 percns;

2082 4968 2173 5031 sus
2207 4956 2525 5031 proAQhristi
2553 4959 2768 5031 «nurnine
2796 4956 3104 5031 martyrium
3134 4964 3367 5029 implevit
3390 4956 3488 5018 sub
3525 4982 3652 5019 con-

2086 5026 2257 5095 sulattl
2288 5026 2579 5090 Stiliconis,
2611 5030 2817 5081 scilicet
2863 5026 3001 5084 anno
3029 5032 3151 5095 400,
3184 5026 3265 5087 vel
3308 5036 3496 5089 saltem
3522 5034 3649 5091 405.

2087 5094 2515 5171 Exstatqdidem
2546 5098 2719 5171 hodie
2765 5113 2827 5171 ex
2883 5100 2997 5168 ejus
3046 5094 3295 5171 operibus
3328 5105 3536 5159 libellus
3579 5107 3652 5162 de

2084 5164 2333 5238 Martyrio
2361 5166 2575 5238 Sisinnii
2605 5178 2658 5221 et
2680 5164 2961 5238 sociorum
2990 5164 3127 5238 apud
3166 5174 3378 5227 Surium
3423 5177 3487 5226 ad
3524 5192 3651 5231 ut:

2083 5234 2229 5310 Maii.
2255 5237 2476 5310 Interim
2500 5237 2782 5310 notandum
2815 5247 2898 5291 est
2930 5234 3106 5306 plures
3132 5242 3283 5308 hujus
3322 5253 3376 5297 et
3417 5259 3650 5310 sequen-

2084 5304 2152 5355 tis
2193 5305 2372 5384 δωρειιί
2416 5306 2849 5384 Eigiliosluisse,
2900 5304 2961 5384 ac
3019 5304 3254 5384 nostrum
3303 5329 3424 5366 cum
3460 5304 3649 5384 Vigilio

2082 5377 2374 5450 praesertim
2416 5375 2689 5450 T‘apsensi.
2724 5378 2814 5450 qui
2867 5380 3123 5433 adversus
3167 5382 3462 5450 Eutychem
3510 5375 3653 5440 scri—

2083 5445 2207 5510 psit,
2239 5445 2488 5498 confundi
2537 5446 2730 5511 solere,
2777 5448 2935 5503 Cavei
2988 5450 3119 5506 Hist.
3172 5445 3334 5505 Iittér.
3372 5453 3651 5510 Usnardus

2084 5521 2258 5588 autem
2285 5524 2338 5567 et
2366 5515 2569 5588 Baronii
2595 5516 2862 5588 Martyrol.
2888 5534 3006 5571 eum
3035 5521 3308 5575 celebrant
3331 5539 3453 5577 xxvi
3474 5525 3648 5580 Junii.

2159 5581 2177 5619 ί
2211 5583 2487 5648 Depositio.
2531 5584 2709 5638 Potius
2731 5581 3052 5651 'translatio,
3083 5590 3197 5643 dies
3219 5593 3359 5645 enim
3393 5595 3652 5650 transitus

2084 5654 2335 5706 recolitur
2366 5654 2638 5721 trigesimo
2661 5656 2853 5710 Martii.
2887 5659 3125 5713 Veronus
3150 5661 3243 5713 fuit
3271 5662 3431 5715 frater
3462 5664 3520 5717 S.
3548 5665 3648 5717 Ve-

2082 5738 2225 5800 rona;
2253 5734 2273 5800 ;_
2299 5728 2534 5800 sepultus
2561 5737 2641 5800 est
2681 5726 3044 5800 inmLembeca,
3072 5732 3336 5795 quondatn
3367 5734 3563 5800 Oppido
3591 5734 3648 5788 in

2086 5793 2311 5849 conlinio
2338 5794 2627 5851 llannonia:
2649 5806 2700 5853 et
2729 5796 3042 5855 Brabantiac.
3073 5793 3181 5856 Sed
3208 5793 3549 5872 corpus'inde
3577 5806 3645 5860 ad
