3990 6196
414 351 511 408 851

1188 352 1391 410 BEDrE
1434 344 1881 400 VENERABILIS
1922 344 2072 397 UPI‘.
2119 344 2291 395 l’AllS
2335 347 2421 400 IV.
2463 374 2532 384 —
2572 347 2955 403 ιιιδτοῃιω,

3584 355 3688 408 852

1686 454 1909 510 EDITIO
1949 454 2417 516 COLONIENSIS.

489 556 549 610 Ε.
593 554 657 609 IV
708 553 842 608 Non.
898 552 1058 605 FEBR.
1098 580 1169 591 —
1208 549 1508 604 Puriﬁcatio
1554 557 1750 602 sanctae
1796 546 1989 610 Mariae,
2020 556 2071 613 Α
2104 549 2282 605 tardes
2313 566 2398 603 me
2426 551 2713 619 baptizare,
2746 550 3017 618 laciasque
3058 566 3144 607 me
3188 552 3492 623 pertingere
3534 570 3693 609 coro-

414 648 627 721 quando
676 662 794 701 cum
850 646 1050 701 infante
1096 652 1473 711 repra‘scntata
1531 652 1611 695 cst
1666 641 1717 694 in
1772 640 1993 707 templo.

420 742 570 811 Apud
628 740 927 795 Ctesaream
986 736 1279 791 beatissimi
1338 734 1567 789 Cornelii
1624 735 1994 799 centurionis,

419 850 573 902 quem
604 835 787 887 beatus
816 833 1003 886 Petrus
1034 828 1319 893 baptizavit
1352 846 1362 880 :
1394 829 1591 896 quique
1631 826 1768 895 apud
1811 825 1998 891 praefa-

420 938 526 979 tam
574 927 759 979 urbem
812 922 1098 991 episcopali
1152 920 1354 973 honore
1399 920 1737 985 sublimatus,
1777 918 1995 986 quievit.

425 1017 609 1070 Romae
652 1015 818 1068 sancti
855 1012 1142 1081 Aproniani
1183 1011 1566 1081 martyris,‘qui
1616 1011 1713 1061 sub
1755 1023 1999 1077 persecu-

422 1109 569 1161 tione
598 1106 896 1159 Maximiani
928 1102 1285 1171 imperatoris,
1310 1116 1426 1153 cum
1456 1109 1823 1166 praesentasset
1847 1113 1999 1160 as;ie-

421 1198 594 1252 etihus
624 1195 855 1249 Laodicii
892 1194 1123 1262 praefecti
1177 1194 1386 1245 beatum
1432 1191 1683 1244 Sisinium
1715 1188 1997 1241 diaconum

421 1286 666 1340 eductum
698 1286 762 1339 de
790 1298 1006 1338 carcere
1039 1284 1174 1351 (erat
1213 1282 1352 1335 enim
1397 1280 1915 1347 eommentariensis)
1947 1288 2002 1332 et

423 1380 600 1432 subito
649 1380 838 1430 factam
885 1376 1053 1428 lucem
1085 1374 1321 1437 vidisset,
1351 1388 1640 1440 vocemque
1684 1373 1880 1440 pariter
1909 1388 2002 1425 au-

424 1471 612 1533 disset,
644 1470 978 1521 tremefactus
1004 1466 1193 1521 cecidit
1239 1466 1303 1519 ad
1336 1466 1497 1534 pedes
1544 1464 1724 1520 Sisinii
1771 1464 2000 1529 diaconi,

426 1562 610 1617 dicens
641 1578 653 1612 :
685 1560 887 1629 Adjuro
919 1569 969 1614 te
1010 1574 1103 1628 per
1127 1558 1393 1613 Christum
1426 1572 1583 1628 quem
1610 1557 1905 1621 conﬁteris,
1940 1572 2005 1610 ne

2099 653 2243 694 nam.
2295 640 2462 706 Quem
2513 639 2696 693 beatus
2744 637 2972 693 Sisinius
3020 640 3368 708 baptizatum,
3407 644 3471 696 ad
3509 646 3688 699 consi—

2102 731 2371 798 gnandum
2404 744 2557 783 sacro
2579 729 2868 783 chrismate
2892 730 3143 785 Marcello
3168 747 3314 801 papae
3334 733 3542 788 obtulit.
3566 735 3681 803 Quo

2103 818 2388 887 praefectus
2435 829 2742 886 comperto,
2786 819 2946 887 jussit
2996 822 3455 889 eum-capitalem
3508 826 3686 879 subire

2102 913 2444 966 sententiain.
2465 911 2762 965 Perductus
2784 920 2867 966 est
2897 914 3073 979 itaque
3099 914 3181 967 via
3210 914 3413 969 Salaria
3440 917 3686 972 milliario

2102 1002 2356 1064 secundo,
2399 1010 2452 1055 et
2502 1011 2774 1055 truncatus
2820 1002 3009 1069 capite,
3042 1012 3247 1075 martyr
3278 1006 3550 1071 victorque
3586 1007 3683 1061 de-

2106 1097 2288 1151 cessit.
2341 1096 2645 1150 Aurelianis
2693 1094 2958 1163 depositio
3007 1096 3259 1151 Siccarize
3309 1099 3529 1168 virginis
3580 1101 3689 1156 Deo

2101 1198 2341 1244 sacratae.
2398 1189 2451 1243 In
2503 1189 2618 1242 foro
2678 1188 2978 1257 Sempronii
3023 1200 3326 1245 sanctorum
3373 1194 3671 1249 Laurentii,

2102 1278 2391 1349 Hippolyti,
2421 1288 2474 1334 et
2503 1279 2677 1334 natale
2706 1279 2875 1333 sancti
2907 1279 3203 1333 Fortunati.

2181 1371 2242 1425 F.
2297 1370 2362 1424 lll
2412 1369 2546 1423 Nos.
2590 1369 2755 1423 Fusa.
2796 1398 2867 1410 —
2917 1369 3068 1437 Apud
3117 1369 3374 1425 Sebastcn
3419 1371 3689 1426 civitatem

2109 1460 2484 1529 Cappadocia),
2534 1460 2713 1529 passio
2762 1461 2928 1513 sancti
2975 1462 3225 1530 martyris
3275 1461 3471 1515 Christi
3532 1463 3691 1518 Blasii

2113 1553 2368 1620 episcopi,
2399 1553 2487 1620 qui
2526 1553 2623 1607 sub
2666 1551 2905 1622 Agricola
2954 1555 3179 1623 praeside
3207 1558 3379 1623 capite
3411 1565 3692 1611 truncatus

1692 1649 1916 1702 EDITIO
1957 1644 2457 1700 BOLLANDIANA.

431 1746 491 1802 ι,
524 1746 609 1810 Α.,
644 1744 706 1798 Et
735 1744 912 1823 passio
1054 1742 1238 1823 lgnatil
1292 1741 1562 1823 martyris,
1594 1740 1687 1807 Τ,⁹
1722 1740 1785 1794 Et,
1816 1741 1864 1793 in
1895 1739 2004 1793 Ita-
2040 1740 2087 1798 Β
2117 1750 2220 1823 non
2266 1734 2506 1823 visurum
2553 1747 2611 1787 se
2659 1743 2908 1795 mortem,
2952 1731 3051 1786 nisi
3086 1733 3233 1802 prius
3286 1734 3488 1791 videret
3530 1736 3690 1791 Chri.

431 1832 601 1871 venna
633 1816 818 1869 natalis
845 1818 902 1868 8.
937 1813 961 1851 δ
990 1814 1228 1867 Severini
1259 1813 1512 1879 epise0pi.

498 1950 551 2002 9..
583 1980 652 1989 —
699 1949 763 2002 IV
797 1948 992 2003 Nosas.
1038 1948 1343 2017 llypapante
1394 1944 1622 2000 Domini.
1678 1945 1875 1999 Eodem
1916 1945 2003 2001 die

434 2044 620 2096 natalis
651 2042 706 2097 S.
748 2052 767 2079 ε
800 2041 1109 2110 Aproniani.

504 2186 653 2240 Adiit
688 2185 773 2245 ιτ..
811 2185 874 2235 Et
902 2183 1176 2237 Feliciani.
1219 2182 1280 2236 C.
1324 2183 1388 2234 ad
1433 2182 1571 2236 diem
1618 2186 2009 2248 prmeedcntem

436 2259 631 2309 retulit.
667 2255 750 2313 L..
772 2256 832 2307 Et
863 2254 910 2304 in
946 2254 1306 2321 Hierosolyma
1339 2255 1599 2317 depositio
1626 2253 1715 2307 ΒΑ
1741 2257 2009 2314 Simeonis

439 2327 708 2395 prophctzc
737 2344 749 2377 :
783 2326 871 2394 qui
902 2339 929 2377 a
974 2324 1173 2391 Spiritu
1204 2333 1388 2377 sancto
1432 2339 1747 2392 reSponsum
1778 2332 2003 2397 accepit,

2113 1814 2256 1859 stum
2290 1802 2515 1856 Domini.

2181 1895 2233 1950 5.
2261 1925 2329 1937 -
2352 1893 2416 1948 lll
2447 1894 2642 1949 Nonas.
2680 1894 2837 1947 Vacat
2868 1892 3042 1948 Bzeda.

2188 1988 2275 2050 D.,
2304 1988 2447 2057 Beati
2478 1993 2501 2020 θ
2528 1987 2755 2040 Celerini
2787 1988 2993 2039 diaconi
3018 1998 3071 2041 et
3090 1988 3352 2044 Celerinte
3392 1991 3526 2043 aviae
3555 1992 3690 2057 ejus.

2120 2059 2183 2112 V.
2221 2058 2281 2112 C.
2308 2056 2419 2121 8.,t
2454 2058 2608 2109 Blasii
2638 2057 2894 2123 episc0pi.
2929 2058 2980 2108 In
3007 2060 3177 2112 Alrica
3212 2060 3421 2120 Felicis,
3460 2056 3695 2123 Sinipro-

2118 2130 2213 2191 nii,
2247 2128 2537 2189 Laurentii,
2580 2126 2793 2191 Ypulili,
2852 2127 3166 2185 Felicitatis.
3202 2133 3265 2184 A.
3297 2129 3386 2194 T.,
3420 2128 3476 2183 ln
3521 2131 3601 2185 Af:
3618 2133 3690 2184 ica

2121 2199 2323 2271 Felicis
2362 2195 2769 2271 etuFelicitatis.
2832 2196 2886 2271 l_n
2937 2197 3180 2271 Seba_st_ia
3228 2201 3579 2265 Cappadocia:
3618 2202 3693 2271 [In

2124 2269 2360 2339 Sebastia
2410 2267 2753 2339 Cappadociae
2797 2266 2967 2339 aliast.
2995 2285 3025 2318 α
3056 2268 3141 2339 T.]
3176 2271 3347 2336 passio
3393 2270 3449 2323 8.
3490 2279 3514 2317 ε
3538 2266 3695 2325 Blasii

2120 2338 2357 2406 episcopi
2412 2347 2465 2391 et
2510 2337 2777 2405 martyris.
2826 2336 3081 2407 Lugduuo
3132 2336 3393 2408 depositio
3448 2339 3695 2408 Lupicini

1815 2418 2022 2476 SMITll
2061 2424 2288 2482 NOTAE.

434 2512 599 2564 uisset
626 2507 911 2561 Folliaeum
944 2504 1195 2571 praedium
1243 2503 1581 2558 Corheiensis
1619 2505 1882 2572 ecclesim,
1922 2511 2008 2565 ubi

434 2598 554 2633 t'ttnt
589 2583 762 2631 lumen
807 2579 1023 2630 cmleSIe
1064 2590 1154 2628 eas
1203 2575 1533 2637 indicaverit,
1584 2591 1639 2627 re
1689 2575 2008 2643 Berengario

438 2651 611 2701 abbati
637 2650 868 2700 tntn'iata
887 2686 898 2703 ,
935 2646 1209 2697 Corbt-iam
1241 2644 1476 2710 reliquis:
1504 2644 1693 2697 delata:
1722 2658 1860 2699 Sttnt.
1896 2650 2004 2702 Na-

438 2720 560 2771 talis
590 2718 703 2785 cjus
735 2720 784 2768 in
836 2715 1066 2767 Valliaco
1104 2714 1404 2785 celebratur
1450 2712 1695 2785 t__Fehr.,
1730 2719 2005 2773 ttanslatio

436 2804 565 2841 vero
597 2782 647 2839 iit
678 2786 953 2838 Cnrlieiam
988 2786 1118 2837 l'acta
1151 2792 1231 2836 est
1260 2799 1289 2834 v
1315 2782 1441 2836 Jun.
1474 2782 1681 2836 Vixisse
1710 2798 1831 2839 emn
1856 2799 2009 2843 sexto

437 2860 635 2911 smeulo
664 2857 783 2909 inde
804 2861 1032 2912 constat,
1062 2854 1201 2919 quod
1233 2853 1290 2907 S.
1326 2854 1588 2922 Remigio,
1621 2855 1708 2923 qui
1734 2872 1875 2911 anno
1902 2858 2008 2915 552

437 2927 689 2989 decessit,
715 2926 983 2977 familiaris
1015 2923 1130 2976 fuit.

510 2997 769 3065 'lgnatii.
823 2995 919 3060 Qui
972 2993 1317 3065 Antiochense
1366 2992 1617 3065 Ecclesiae.
1659 2994 1841 3048 tertius
1892 3010 2012 3064 post

438 3063 654 3123 Petrum
691 3066 991 3134 apostolum
1042 3064 1327 3131 episcopus
1368 3063 1570 3134 Evodio
1606 3063 2011 3123 successit.Hie

440 3139 510 3192 ob
543 3140 697 3191 iidem
727 3133 921 3189 Christi
963 3150 992 3187 e
1043 3134 1194 3201 Syria
1224 3134 1287 3185 ad
1338 3133 1521 3186 urbem
1553 3133 1771 3187 Romam
1820 3142 2011 3201 perdu-

441 3217 580 3269 ctus,
614 3217 666 3259 et
695 3206 875 3260 bestiis
912 3203 1173 3273 objectus,
1207 3203 1434 3273 palmam
1474 3204 1712 3273 martyrii
1740 3216 2012 3263 assecutus

438 3287 521 3347 est
550 3292 691 3329 attito
736 3274 1013 3347 undecimo
1051 3272 1293 3347 "l‘rajani.
1323 3272 1629 3347 Ilii-ronynt.
1662 3275 1731 3347 Ain
1774 3278 2012 3347 Catalogo

442 3346 638 3412 Script.
668 3346 811 3398 Eccl.
846 3344 899 3396 In
926 3342 1157 3393 natalitia
1184 3343 1242 3393 8.
1264 3342 1450 3412 lgnatii
1477 3342 1787 3397 celebritate
1810 3342 2012 3407 agenda

445 3411 631 3484 magna
681 3425 763 3469 est
794 3413 1036 3485 varietas.
1066 3411 1406 3485 Antiocheni,
1438 3421 1574 3485 teste
1603 3414 1809 3485 Joanne
1836 3415 2010 3485 Chry-

438 3481 701 3548 sostnmn,
733 3484 945 3537 Itomilia
978 3481 1064 3555 4:2,
1110 3484 1257 3555 des.
1304 3482 1527 3555 Ignatio,
1556 3482 1739 3555 colunt
1767 3501 1886 3538 eum
1921 3481 2013 3555 po-

442 3558 627 3609 stridie
653 3556 712 3611 S.
744 3555 966 3622 Pelagia:
1017 3552 1254 3622 virginis,
1289 3553 1440 3619 cujus
1483 3552 1737 3606 memoria
1782 3552 2014 3612 celebra-

447 3636 530 3679 tur
560 3643 607 3680 ιχ
639 3638 692 3679 et
733 3640 762 3679 ι
794 3621 953 3679 Junii.
1002 3621 1172 3689 Aliqui
1207 3622 1348 3675 diem
1392 3622 1461 3672 illi
1518 3636 1726 3675 sacrum
1776 3634 2016 3682 statuunt

445 3712 570 3749 μιν
620 3696 899 3759 Novemb,
948 3702 1038 3745 aut
1068 3707 1155 3745 xiv
1190 3689 1513 3755 Decembris,
1561 3691 1737 3757 plures
1779 3709 1883 3749 xvn
1917 3697 2017 3752 De-

444 3768 616 3820 cemb.
668 3767 771 3821 Sed
820 3764 1085 3827 praecipua
1124 3762 1466 3814 nihilominus
1514 3762 1681 3815 sancti
1727 3763 1881 3827 hujus
1924 3782 2014 3819 so-

450 3838 694 3890 letnnitas
718 3839 768 3889 in
799 3834 945 3888 Eccl.
974 3833 1209 3901 ltomana
1240 3834 1412 3899 agitur
1438 3830 1689 3885 Kalendis
1722 3833 2014 3901 Februarii,

448 3918 501 3956 ιιι
546 3916 803 3959 testantur
855 3904 991 3967 Ado,
1037 3900 1319 3964 Notkerus,
1356 3901 1648 3966 Usuardus,
1678 3901 1937 3959 Baronius
1965 3900 2019 3961 et

442 3976 528 4027 alii
559 3976 899 4028 recentiores.

518 4044 544 4081 δ
571 4044 820 4097 Severini.
860 4042 1046 4096 Melius
1085 4040 1287 4093 Severi.
1326 4039 1421 4093 llic
1468 4040 1695 4094 laniﬁcio
1731 4042 1829 4095 sibi
1861 4044 2018 4097 l'anti-

450 4114 643 4182 limque
674 4128 785 4167 sua:
814 4115 1009 4166 victmn
1038 4111 1347 4179 quaeritans,
1377 4125 1482 4182 quo
1527 4120 1763 4182 tempore
1807 4115 1856 4165 in
1888 4116 2018 4170 urbe

452 4180 707 4238 llav'cnna
762 4184 1067 4238 Marcellino
1117 4191 1325 4235 mortuo
1367 4180 1435 4233 de
1475 4181 1725 4247 episc0po
1772 4183 2018 4252 eligendo

451 4255 727 4321 agebatur,
779 4256 1059 4321 episcopus
1107 4252 1363 4304 divinitus
1407 4252 1706 4304 declaratus
1767 4264 1869 4314 est,
1919 4271 2012 4307 co-

450 4326 626 4378 lumba
658 4326 709 4377 in
740 4324 854 4392 ejus
882 4326 1055 4390 capite
1084 4322 1414 4375 considente.
1450 4322 1490 4374 E
1536 4322 1736 4373 lanario
1766 4325 2019 4378 mirabili-

451 4405 532 4448 ter
562 4411 798 4448 summus
830 4394 1000 4447 factus
1034 4392 1330 4459 theologus,
1365 4392 1414 4443 in
1438 4392 1666 4445 concilio
1706 4393 2013 4451 Sardicensi

450 4474 634 4517 contra
676 4467 901 4519 Arianos
935 4478 1030 4531 pro
1061 4462 1119 4515 8.
1164 4461 1453 4513 Athanasio
1502 4461 1706 4514 fortiter
1739 4468 2007 4531 pugnavit.

452 4535 616 4589 Senio
646 4535 857 4587 tandem
883 4532 1174 4594 confectus,
1208 4546 1326 4583 enm
1358 4531 1424 4581 de
1459 4542 1603 4583 certo
1628 4532 1713 4584 die
1742 4549 1844 4597 quo
1873 4548 2014 4589 esset

450 4608 767 4658 decesSurus
797 4606 1052 4656 divinitus
1102 4603 1297 4653 certior
1328 4600 1497 4652 factus
1542 4612 1703 4663 esset,
1735 4606 1892 4655 missa
1934 4621 2018 4659 ce-

450 4675 672 4738 lebrata,
708 4676 960 4728 universo
992 4674 1187 4741 populo
1219 4681 1501 4741 praesente,
1530 4674 1697 4723 sacris
1727 4673 1899 4727 adhuc
1930 4690 2020 4728 ve-

448 4746 616 4800 stibus
648 4748 880 4809 indutus,
915 4740 1310 4808 adsepulcrum
1344 4740 1729 4807 proﬁciscitur:
1760 4746 1845 4796 ubi
1870 4745 2019 4800 [lexis

449 4817 672 4881 genibus
701 4826 753 4867 et
796 4815 1040 4868 manibus
1086 4813 1359 4879 oculisque
1410 4811 1460 4865 itt
1492 4812 1685 4867 cmlum
1720 4814 2017 4880 subductis,

453 4896 699 4951 tanquam
737 4901 917 4951 preces
948 4883 1260 4952 suppliciter
1311 4882 1558 4945 fundens,
1606 4883 1924 4937 obdormivit
1967 4887 2018 4940 in

453 4952 701 5008 Domino.
754 4951 1069 5009 Calesinins.
1118 4951 1309 5005 llabuit
1355 4952 1413 5003 8.
1462 4952 1786 5006 Vincentiam
1834 4956 2021 5021 conju-

452 5040 592 5089 gem,
623 5036 675 5077 et
716 5025 774 5077 8.
827 5028 1185 5078 limocentiam
1236 5023 1366 5090 virg.
1415 5024 1595 5076 tiliam.
1632 5025 1777 5077 Obiit
1805 5024 2021 5080 circiter

451 5109 647 5145 annum
678 5094 870 5147 CluiSti
902 5096 1026 5149 3&0.

529 5173 551 5198 ο
580 5164 880 5231 Aproniani.
923 5163 1425 5217 Commentariensis
1447 5201 1463 5226 ,
1511 5162 1598 5228 qui
1629 5163 1801 5217 adhuc
1844 5167 2019 5233 genti-

452 5232 541 5297 lis,
570 5248 689 5283 cum
718 5237 816 5285 sub
850 5237 1216 5300 persecutione
1246 5233 1547 5285 Maximiani
1582 5244 1819 5287 sanctum
1846 5232 2020 5288 Sisin-

453 5318 597 5356 ιιιιιιιι
628 5320 657 5355 e
695 5317 909 5356 earccre
940 5306 1211 5365 educeret,
1245 5315 1299 5355 ut
1330 5304 1578 5356 Laodicio
1608 5306 1855 5366 pra-lecto
1889 5321 2021 5372 pra:-

455 5384 711 5439 sentaret,
747 5374 950 5426 caelesti
981 5375 1095 5427 luce
1125 5386 1175 5427 et
1209 5389 1335 5427 voce
1371 5377 1715 5427 Convenitur.
1740 5376 1859 5440 Quo
1882 5390 2020 5443 prtu-

455 5459 542 5497 ses
579 5455 856 5513 comperto
888 5443 1050 5511 jussit
1097 5460 1215 5495 etnn
1262 5443 1541 5510 capitalem
1585 5444 1763 5497 snbire
1812 5456 2023 5499 senten-

456 5518 604 5568 tiam.
633 5517 923 5569 Perductus
952 5513 1125 5582 itaque
1157 5515 1233 5566 via
1263 5514 1464 5566 Salaria
1493 5515 1738 5567 tnilltario
1760 5516 2018 5581 secundo,

454 5598 509 5637 et
554 5590 725 5653 capite
767 5595 1057 5648 truncatus,
1095 5598 1295 5652 martyr
1324 5585 1598 5652 victorque
1628 5585 1878 5648 decessit,
1910 5596 1963 5638 et
1992 5602 2021 5640 a

455 5653 661 5725 ._luanne
715 5657 1032 5725 presbytero
1101 5656 1150 5707 ιιι
1211 5656 1326 5725 ipso
1384 5655 1501 5725 loco
1550 5656 1808 5725 sepultus.
1870 5660 2019 5719 Atto,

462 5722 751 5787 Usuardus,
788 5722 936 5778 Bantia
988 5726 1255 5793 Vulgatus,
1290 5723 1582 5785 lirabanus,
1614 5723 1895 5790 Notkerus,
1927 5725 2022 5779 Pe-

463 5801 576 5845 trus
605 5796 668 5845 dc
695 5796 887 5861 Natal.,
917 5799 1189 5851 tiaronius.
1212 5795 1519 5851 Celebratur
1536 5798 1695 5853 etiam
1725 5810 1883 5865 supra
1912 5796 2019 5851 Ka-

2118 2516 2291 2570 lendis
2353 2512 2624 2569 Februarii
2666 2527 2768 2566 una
2821 2526 2943 2566 cum
2996 2514 3285 2569 Fortunato
3312 2523 3365 2569 et
3404 2514 3693 2571 Feliciano.

2115 2588 2202 2655 qui
2237 2586 2396 2639 hodie
2424 2586 2585 2655 etiam
2606 2586 2824 2655 colitur.

2185 2655 2210 2692 ά
2238 2656 2513 2711 Simeonis.
2556 2653 2619 2707 ΙΙΙ
2674 2653 2850 2706 Nonas
2884 2654 3103 2717 Menma,
3131 2669 3236 2723 quo
3264 2654 3422 2709 etiam
3456 2656 3546 2710 die
3567 2658 3694 2709 scri-

2118 2725 2193 2794 bit
2238 2726 2512 2778 Ferrarius
2538 2740 2657 2777 eum
2690 2723 2895 2776 Jaderze
2924 2725 2972 2776 in
3005 2724 3212 2794 Illyrico
3242 2725 3364 2777 coli.
3406 2726 3470 2778 Et
3507 2726 3691 2781 Petrus

2115 2792 2185 2848 d'e
2232 2796 2404 2848 Natal.
2460 2810 2581 2847 eum
2625 2794 2888 2858 sepultum
2936 2798 3009 2845 ait
3036 2792 3482 2863 Hierosolymis"
3516 2796 3693 2850 Nonas

2118 2865 2280 2920 Febr.
2326 2864 2560 2918 Ecclesia
2619 2866 2853 2915 ltomana
2885 2877 3011 2917 vero
3056 2865 3350 2918 secundum
3404 2868 3690 2921 Baronium

2113 2952 2231 2989 eum
2262 2945 2523 2987 memorat
2551 2949 2639 2986 \‘lll
2662 2934 2850 2987 Octob.

2189 3015 2211 3041 ε
2242 3004 2481 3058 Celei-ini.
2522 3003 2619 3070 Qui
2657 3019 2684 3055 a
2728 3003 2787 3057 S.
2819 3002 3084 3071 Cypriane
3116 3003 3166 3055 in
3215 3018 3425 3059 secessu
3481 3018 3581 3057 suo
3620 3004 3694 3057 le-

2117 3085 2253 3140 ctor,
2282 3076 2359 3127 vel
2386 3086 2441 3127 ut
2471 3076 2656 3126 volunt
2696 3073 3090 3141 Martyrologia,
3132 3074 3384 3126 diaconus
3414 3074 3693 3128 ordinatus

2041 3166 2085 3227 ρ
2117 3155 2217 3225 est.
2279 3144 2610 3227 IInterninitia
2662 3143 3049 3227 persecutionis
3102 3145 3342 3197 Deciana:
3395 3144 3690 3225 secundum

2118 3216 2395 3279 epistolam
2425 3212 2674 3283 Cypriani
2704 3212 2793 3277 54,
2828 3230 2846 3263 ι
2882 3228 2971 3279 per
3009 3214 3194 3266 decem
3231 3222 3286 3265 et
3332 3228 3521 3266 novem
3577 3215 3690 3267 dies

2116 3286 2350 3336 custodia
2379 3282 2607 3337 carceris
2633 3294 2836 3349 septus,
2862 3284 2911 3335 in
2946 3296 3112 3337 nervo
3151 3298 3212 3334 ac
3242 3283 3381 3335 ferro
3419 3282 3538 3335 fuit.
3571 3301 3588 3333 ι
3630 3285 3691 3336 Et

2119 3362 2331 3419 postea:
2373 3371 2391 3403 ι
2426 3356 2551 3407 Avia
2580 3352 2692 3419 ejus
2722 3352 2962 3405 Cclcrma
3004 3352 3113 3418 jam
3166 3353 3367 3418 pridem
3424 3354 3689 3422 martyrio

2117 3434 2370 3476 coronata
2400 3436 2500 3484 est,
2535 3424 2657 3475 item
2706 3430 2924 3485 patruus
2970 3423 3089 3491 ejus
3135 3431 3191 3475 et
3222 3423 3516 3474 avunculus
3547 3422 3685 3474 Lau-

2116 3497 2353 3547 rentinus
2378 3504 2431 3547 et
2458 3492 2723 3561 Ignatitts;
2766 3494 2897 3561 rqui
2956 3504 3011 3544 ut
3046 3492 3251 3544 videtur
3300 3500 3435 3561 ante
3477 3493 3686 3545 cladem

2121 3562 2398 3615 Decianam
2450 3560 2776 3631 marryrizati
2816 3572 2978 3625 sunt;
3010 3561 3309 3631 Cyprianus
3357 3560 3498 3613 enim
3531 3570 3686 3614 vocat

2123 3631 2472 3695 «Celerinum,
2506 3633 2569 3683 ad
2601 3632 2851 3695 temporis
2897 3632 3061 3684 nostri
3098 3633 3346 3700 praelium
3376 3631 3625 3700 primum.
3667 3648 3687 3681 ι

2116 3700 2170 3756 Si
2214 3711 2388 3755 autem
2425 3702 2518 3754 fuit
2565 3703 2650 3755 ille
2702 3702 2899 3767 primus
2928 3702 3014 3768 qui
3047 3699 3307 3754 tormenta
3339 3699 3497 3768 hujus
3526 3699 3691 3753 cladis

2120 3773 2357 3839 pertulit,
2406 3772 2477 3823 illi
2528 3786 2622 3838 per
2665 3787 2887 3834 quorum
2937 3771 3152 3839 vestigia
3203 3771 3287 3824 hic
3326 3770 3594 3840 graditur,
3640 3771 3691 3823 iu

2119 3842 2296 3910 priore
2325 3842 2500 3909 aliqua
2536 3840 2905 3907 perseeutinue
2935 3844 3071 3905 passi
3102 3848 3244 3892 sunt.

2195 3910 2213 3947 ί
2240 3906 2428 3964 Βιηεὶἰ.
2465 3906 2545 3965 An
2572 3911 2657 3963 hic
2698 3910 2766 3961 sit
2809 3910 3009 3963 Blasius
3038 3912 3299 3963 Uretauus
3326 3922 3393 3959 an
3437 3906 3694 3961 Sebaste-

2122 3995 2219 4033 nus
2248 3982 2553 4048 episcopus,
2588 3979 2852 4032 incertmn
2890 3989 2993 4032 est.
3027 3980 3083 4034 S.
3120 3981 3319 4032 Blasins
3349 3988 3529 4031 autem
3570 3980 3699 4048 Ure:

2119 4059 2273 4102 tanus
2317 4047 2598 4118 epise0pus
2645 4064 2672 4099 a
2717 4051 2774 4101 8.
2819 4050 3102 4102 Anastasio
3139 4052 3194 4102 S.
3227 4048 3412 4102 Jacobi
3460 4047 3692 4115 aposwti

2119 4119 2360 4173 Zebedwi
2410 4120 2502 4172 lilii
2552 4119 2812 4182 discipulo
2864 4122 2914 4170 in
2968 4120 3217 4183 lliSpania
3266 4126 3503 4181 creatus,
3556 4121 3695 4183 apud

2119 4192 2373 4258 oppidmn
2414 4197 2657 4242 vocatum
2688 4187 3091 4242 Centumfontes
3124 4192 3173 4241 in
3204 4186 3489 4241 Celtiberia
3516 4188 3569 4240 in
3594 4186 3699 4241 Ne-

2120 4262 2264 4311 ronis
2294 4260 2662 4327 persecutione
2687 4260 2995 4327 martyrium
3031 4272 3217 4327 passus
3245 4268 3347 4311 est.

2189 4338 2214 4376 α
2241 4326 2422 4381 Blau'i.
2465 4330 2610 4382 Passi
2641 4329 2690 4381 in
2721 4326 2986 4392 Sebastia,
3018 4332 3149 4382 urbe
3178 4326 3554 4394 Cappadociae,
3586 4326 3696 4391 vel,

2118 4409 2177 4451 ut
2209 4400 2319 4463 alii,
2353 4400 2637 4452 Armeniae.
2670 4398 2840 4451 Graeci
2863 4414 2984 4452 eum
3011 4400 3259 4451 coluntxt
3294 4395 3451 4450 Febr.
3473 4415 3487 4460 ;
3512 4413 3576 4449 xv
3595 4397 3696 4449 l’e-

2121 4469 2317 4523 bruarii
2353 4471 2464 4521 Ado
2492 4480 2543 4521 et
2570 4467 2833 4521 N‘vtkerus
2862 4507 2878 4532 ,
2915 4484 3001 4535 qui
3032 4470 3191 4521 etiam
3223 4469 3339 4535 ejus
3370 4468 3690 4519 memoriam

2123 4540 2278 4592 hodie
2311 4539 2559 4593 celebrat.
2596 4539 2966 4591 Persecutione
3015 4540 3283 4592 Sebasteze
3311 4537 3596 4597 smviente,
3638 4536 3696 4590 8.

2119 4608 2322 4661 Blasius
2353 4613 2401 4662 in
2450 4618 2624 4661 monte
2656 4610 2830 4676 Argeo
2880 4610 3050 4672 latuit,
3088 4610 3175 4661 ubi
3224 4615 3552 4676 :rgrotanles
3610 4606 3702 4658 be-

2117 4681 2245 4732 stias
2274 4680 2337 4731 ad
2373 4694 2431 4733 se
2472 4678 2788 4731 accedentes
2835 4688 3058 4730 santht.
3116 4678 3355 4742 Quodam
3402 4689 3580 4729 autem
3616 4677 3701 4728 die

2120 4761 2486 4815 persecutores
2526 4750 2915 4802 multitudinem
2963 4748 3251 4800 bestiarum
3285 4754 3409 4798 ante
3442 4760 3565 4798 eum
3598 4746 3697 4797 ad-

2119 4820 2369 4872 stantium
2420 4819 2657 4871 videntcs
2716 4819 2955 4869 nuntiant
2989 4817 3201 4883 praesidi
3254 4818 3562 4882 Agricolao,
3610 4816 3697 4879 qui

2115 4887 2275 4956 jussit
2297 4904 2415 4941 eum
2446 4888 2545 4941 sibi
2572 4890 2900 4954 praesentari.
2933 4886 3173 4952 Ingresso
3197 4895 3379 4956 autem
3411 4887 3599 4956 urbem
3633 4885 3690 4956 Β.

2122 4954 2313 5023 Blasio,
2344 4960 2657 5025 Agricolans
2686 4957 2832 5009 itlutn
2874 4958 2925 5009 in
2964 4970 3233 5009 carcerem
3265 4954 3428 5015 misit,
3457 4964 3511 5007 et
3544 4955 3700 5025 iusti-

2120 5029 2217 5081 bus
2259 5023 2490 5097 graviter
2531 5029 2661 5080 caedi
2695 5029 3011 5094 imperavit;
3056 5038 3235 5092 postea
3283 5039 3581 5093 suspensus
3614 5023 3697 5097 vir

2121 5102 2237 5165 pitts
2263 5092 2444 5152 ferreis
2470 5092 3011 5162 pectinibusraditur.
3040 5098 3169 5150 Cum
3199 5098 3359 5149 etiam
3384 5092 3603 5146 Sanctus
3624 5092 3690 5165 ad

2120 5164 2387 5221 carcerem
2416 5168 2778 5229 reduceretur,
2798 5177 3000 5233 septem
3020 5178 3214 5220 sanctae
3233 5168 3447 5219 femina:
3470 5179 3590 5216 eum
3621 5164 3702 5215 in-

2120 5249 2406 5305 sequentes
2436 5250 2609 5305 guttas
2632 5241 2899 5305 sanguinis
2932 5241 3113 5303 ejusin
3144 5238 3320 5289 linteis
3352 5235 3695 5305 colligebant,

2122 5304 2339 5376 propter
2367 5304 2505 5376 quod
2533 5317 2655 5360 sunt
2689 5304 3019 5375 prtesentatae
3054 5306 3281 5372 prmsidi,
3312 5307 3399 5374 qui
3419 5304 3578 5372 jussit
3607 5318 3698 5356 eas

2122 5379 2175 5431 in
2212 5380 2357 5446 ignea
2390 5379 2641 5430 subsellia
2669 5380 2892 5430 sedere:
2919 5379 3128 5429 intacta:
3160 5390 3332 5446 tamen
3362 5382 3696 5446 conservata:

2123 5447 2174 5501 in
2200 5444 2426 5514 equuleo
2456 5457 2580 5501 sunt
2609 5448 2815 5510 levate,
2856 5455 2910 5499 et
2949 5446 3242 5513 pectinibus
3284 5444 3473 5497 ferreis
3504 5458 3698 5497 carnes

2123 5518 2365 5585 diruptte.
2398 5518 2547 5571 Tunc
2589 5518 2692 5569 duo
2726 5518 2872 5583 pueri
2903 5516 2994 5568 [illi
3037 5517 3189 5569 unius
3216 5530 3292 5585 es
3329 5516 3441 5585 illis,
3470 5516 3537 5585 ad
3581 5528 3693 5565 ma-

2126 5583 2257 5641 trem
2311 5588 2643 5650 accedentes,
2690 5588 3030 5654 postulabant
3076 5602 3133 5639 se
3183 5583 3293 5637 ﬁeri
3322 5583 3695 5654 Christianos;

2122 5671 2257 5725 quos
2283 5673 2476 5724 praases
2503 5674 2602 5709 una
2625 5652 2744 5710 cum
2774 5657 2831 5710 8.
2868 5657 3042 5709 Blasio
3070 5656 3438 5709 incarceravit.
3466 5652 3701 5725 Sanctas

2128 5724 2251 5781 vero
2276 5728 2521 5781 mulieres
2541 5729 2626 5779 die
2643 5726 2879 5794 sequenti
2905 5727 3175 5779 mandavit
3197 5728 3245 5777 in
3268 5728 3537 5777 caminum
3562 5724 3703 5792 ignis

2126 5796 2334 5854 immitti
2361 5797 2566 5865 ull-aesar:
2590 5805 2763 5851 tamen
2795 5811 2913 5850 cum
2942 5795 3132 5853 fuerint
3160 5797 3211 5851 in
3240 5794 3429 5851 mediis
3449 5794 3704 5848 ﬂamma-
