3990 6196
387 216 493 276 855

1171 200 1372 259 BEDIE
1416 200 1867 257 VENERABILIS
1907 197 2054 253 OPP.
2100 195 2276 251 PARS
2315 196 2402 251 iV.
2428 223 2485 235 -—
2535 192 2912 250 illSTORlCA.

3541 194 3643 249 836

1654 311 1881 367 EDITIO
1920 308 2382 364 COLONIENSIS.

383 419 655 474 civitatem
688 412 1097 467 Cathanensium
1130 408 1304 477 passio
1352 413 1548 459 saneta:
1595 404 1815 471 Agathae
1861 402 1967 454 vir-
1995 414 2047 471 Α
2073 400 2369 459 doloribus,
2405 408 2461 451 ut
2490 412 2605 451 eam
2650 404 2951 451 averterent
2994 411 3024 449 a
3055 392 3289 459 Christo,
3336 410 3427 451 eas
3456 397 3650 453 iterum

383 510 521 579 ginis
568 508 667 562 sub
715 506 999 573 Quintiano
1043 501 1281 564 consule,
1319 509 1556 565 tempore
1600 492 1956 554 Diocletiani;

387 613 506 667 quae
537 605 658 666 post
696 595 877 662 alapas
904 602 957 646 et
983 604 1277 653 carcerem,
1308 596 1426 655 post
1456 584 1738 653 equuleum
1769 590 1823 636 et
1854 590 1963 635 tor-

387 690 586 753 siones,
620 694 739 753 post
767 682 1171 737 mammillarum
1222 677 1627 738 abscissionem,
1665 673 1757 727 sed
1798 687 1825 725 a
1860 672 1963 725 Do-

386 777 533 831 mino
579 775 942 836 sanationem;
996 780 1114 839 post
1156 768 1540 822 volutationem
1589 765 1639 817 in
1669 762 1883 818 testulis
1912 770 1966 816 et

386 864 748 926 carbonibus,
806 862 1013 914 tandem
1072 859 1125 912 in
1179 871 1394 911 carcere
1446 862 1808 908 consummata
1859 859 1963 904 est.

393 956 607 1010 Viennae
639 954 774 1008 beati
804 950 939 1006 Aviti
971 949 1232 1019 episc0pi,
1281 947 1431 1015 cujus
1464 944 1565 997 [ide
1608 955 1661 997 et
1708 940 1965 995 industria

384 1055 543 1113 atque
572 1040 797 1097 mirabili
829 1040 1091 1103 doctrina,
1116 1046 1353 1104 tempore
1380 1031 1680 1088 Godobardi
1712 1030 1870 1099 regis,
1901 1029 1967 1083 ab

382 1133 724 1189 infestatione
756 1131 963 1183 Arianae
987 1129 1252 1182 haereseos
1281 1125 1463 1180 Galliae
1491 1123 1722 1177 defensa:
1745 1130 1887 1185 sunt,
1915 1126 1970 1174 et

383 1233 686 1277 sanctorum
716 1220 931 1281 Felicis,
964 1217 1235 1270 Fortunati
1265 1225 1317 1269 et
1347 1213 1642 1268 Saturnini.

454 1314 516 1367 Β.
560 1313 665 1366 Vlll
705 1311 823 1365 Ιιιυε
864 1310 1027 1362 Ρειιιι.
1067 1337 1138 1346 ——
1178 1306 1361 1359 Romae
1409 1305 1490 1357 via
1541 1302 1705 1368 Appia
1758 1300 1812 1354 in
1859 1312 1970 1354 eoe-

389 1404 604 1460 miterio
633 1400 872 1471 ejusdem
904 1398 1078 1467 passio
1125 1407 1323 1450 saneta:
1370 1391 1609 1449 Sotheris
1637 1388 1877 1458 virginis.
1912 1388 1967 1442 In

394 1495 634 1548 Caesarea
667 1488 1012 1557 Cappadociae
1053 1486 1227 1540 natale
1271 1492 1467 1538 sancta:
1494 1480 1775 1535 Dorotliete
1804 1478 1967 1545 virgi-

390 1587 497 1650 nis,
539 1594 594 1639 et
639 1582 916 1651 Theophili
962 1581 1059 1634 sub
1109 1578 1322 1645 Apricio
1369 1575 1638 1644 praelecto.
1680 1573 1812 1637 Quae
1849 1582 1967 1623 cum

392 1674 759 1730 commendata
790 1682 933 1725 esset
960 1670 1168 1723 duabus
1198 1666 1490 1731 sororibus,
1526 1664 1576 1717 id
1615 1673 1716 1727 est,
1746 1660 1969 1716 Chrislte

2062 491 2324 544 convertit
2354 490 2417 543 ad
2469 488 2758 551 Christum,
2804 487 2875 541 ita
2916 497 2971 540 ut
3013 488 3064 540 in
3108 502 3297 555 cupam
3338 486 3514 542 missa:
3557 504 3676 556 per,

2066 582 2398 651 prtefeetum,
2445 582 2675 635 incensa:
2723 582 2787 633 ad
2834 580 3075 648 martyrii
3125 581 3351 647 palmam
3392 562 3676 653 pervene-g

2066 675 2190 727 rint.
2239 672 2425 726 Postea
2475 687 2602 725 vero
2636 670 2901 725 Dorothea
2947 670 3103 722 ducta
3153 669 3219 723 ad
3263 670 3434 722 locum
3466 685 3649 737 pinna.

2067 779 2204 828 rum,
2257 764 2341 816 tibi
2398 770 2451 815 et
2502 776 2654 828 passa
2709 768 2811 824 est,
2855 774 2973 812 cum
3024 773 3051 810 a
3099 758 3396 823 Theophila
3423 760 3651 828 quodam

2068 852 2387 907 scholastica
2437 849 2770 912 irrideretur,
2803 848 2941 918 quod
2989 849 3053 901 ad
3086 847 3391 915 paradisum
3430 862 3649 915 vadens,

2070 962 2100 1001 a
2129 961 2324 1014 sponso
2358 959 2456 998 suo
2483 944 2696 998 Christo
2723 957 2876 997 rosas
2902 952 2955 997 et
2984 944 3119 995 tnala
3150 943 3199 997 ei
3234 944 3509 1008 mitteret;
3535 958 3652 1010 quae

2068 1038 2242 1091 statim
2274 1036 2522 1106 promisit
2545 1050 2602 1090 se
2634 1050 2752 1088 esse
2783 1035 3086 1090 missuram.
3136 1033 3234 1089 Ubi
3266 1046 3396 1102 ergo
3438 1044 3651 1088 ventum

2068 1140 2150 1185 est
2180 1129 2242 1183 ad
2278 1129 2474 1191 locum,
2506 1128 2557 1180 in
2590 1141 2693 1194 quo
2721 1126 3008 1195 jugulanda
3052 1136 3187 1190 erat,
3228 1126 3501 1192 paulisper
3530 1143 3649 1180 ora-

2070 1222 2213 1275 tione
2239 1217 2372 1272 facta
2397 1263 2411 1287 ,
2446 1218 2667 1287 protulit
2709 1219 2940 1270 orarium
2978 1231 3153 1280 suum,
3187 1224 3241 1269 et
3270 1225 3461 1269 vocato
3489 1216 3554 1269 ad
3596 1232 3655 1272 se

2069 1309 2295 1379 quodam
2341 1307 2560 1375 puerulo
2594 1321 2852 1360 annorum
2900 1319 3017 1371 sex,
3052 1307 3193 1360 misit
3222 1307 3543 1374 TbeOphilo,
3572 1306 3654 1359 di-

2069 1414 2195 1455 cens
2226 1417 2238 1450 :
2274 1398 2365 1452 Dic
2390 1398 2459 1462 ei,
2497 1396 2765 1451 Dorotliea
2809 1397 3000 1450 ancilla
3052 1398 3165 1463 Dei,
3195 1399 3355 1452 mittit
3394 1398 3487 1452 tibi
3517 1400 3651 1453 mala

2068 1491 2135 1546 de
2165 1491 2410 1559 paradiso
2437 1488 2619 1556 sponsi
2656 1490 2734 1543 sui
2763 1486 2979 1542 Christi.
3026 1489 3074 1542 Is
3120 1490 3410 1557 accipiens,
3440 1499 3495 1543 et
3536 1505 3655 1558 gra-

2071 1584 2168 1637 tias
2196 1596 2391 1651 agens,
2434 1580 2574 1648 qnod
2621 1580 2924 1647 petitionem
2967 1578 3084 1648 ejus
3129 1580 3439 1647 implesset;
3492 1581 3656 1647 erepit

2069 1674 2169 1729 sibi
2198 1675 2384 1728 faciem
2416 1683 2645 1742 tergere,
2678 1682 2927 1740 tantaque
2959 1682 3180 1740 repente
3223 1673 3483 1727 suavitate
3534 1687 3654 1738 per-

388 1779 442 1822 et
487 1767 741 1831 Calistae,
791 1779 908 1832 quae
957 1777 986 1814 a
1029 1760 1131 1815 fide
1176 1772 1345 1827 nuper
1388 1761 1781 1826 apostatarant,
1811 1751 1965 1804 victae

2074 1763 2220 1819 fusus
2248 1770 2349 1825 est,
2380 1773 2437 1817 nt
2483 1771 2589 1816 tota
2638 1772 2815 1817 mente
2862 1771 3188 1827 mutaretur;
3237 1774 3289 1817 ct
3320 1779 3438 1818 eum
3467 1764 3651 1833 grandi

1637 1862 1866 1920 EDITIO
1908 1853 2412 1915 BOLLANDIANA.

460 1969 515 2024 6.
537 1994 607 2009 ι·-
632 1965 743 2021 Vlll
786 1966 923 2019 IDUS.
950 1963 1114 2017 Vacat
1145 1960 1320 2016 Barda.

460 2060 652 2116 Florus
695 2060 747 2113 in
778 2058 842 2112 A.
868 2058 930 2111 Τ.
956 2056 1039 2123 L.,
1073 2055 1170 2110 sed
1201 2055 1384 2107 ordine
1415 2052 1484 2106 ob
1513 2050 1568 2107 8.
1595 2048 1884 2104 Vedastum
1908 2046 1959 2100 in

394 2151 461 2209 Δ.
488 2158 710 2205 mutato.
736 2148 940 2202 Eluone
970 2142 1290 2198 monasterio
1318 2141 1582 2209 depositio
1603 2139 1658 2193 S.
1686 2147 1711 2175 ι
1740 2133 1964 2191 Ainandi

387 2239 626 2314 episcopi
684 2258 697 2292 :
755 2239 843 2307 qui
905 2237 1189 2291 multorum
1261 2232 1635 2288 miraculorum
1682 2227 1962 2282 virtutibus

389 2334 617 2404 pollens,
639 2332 775 2384 inter
800 2328 900 2383 alia
929 2327 1118 2391 fertur,
1143 2326 1280 2395 quod
1306 2338 1457 2378 reum
1480 2325 1563 2376 cui
1589 2329 1715 2375 ante
1740 2328 1963 2374 mortem

391 2438 424 2479 ιι
472 2438 617 2478 saevo
658 2421 838 2490 judice
883 2419 1047 2472 vitam
1096 2431 1199 2471 non
1248 2414 1421 2485 potuit
1472 2414 1795 2482 impetrare,
1846 2418 1966 2479 post

390 2522 615 2568 mortem
644 2525 677 2565 a
709 2510 791 2578 pio
813 2509 989 2578 judice
1015 2507 1229 2562 Christo
1258 2506 1419 2559 vitam
1452 2503 1755 2570 impetravit
1787 2513 1841 2557 et
1873 2518 1958 2555 sa-

390 2604 574 2658 lutem.
603 2600 801 2656 Eodem
823 2601 908 2654 die
928 2600 1177 2654 Atrebata
1204 2598 1417 2652 civitate
1441 2595 1704 2665 depositio
1734 2595 1791 2649 S.
1812 2594 1837 2632 δ
1856 2595 1961 2648 Ve-

2067 1967 2202 2021 dasti
2251 1966 2415 2034 cpisc.
2466 1973 2519 2018 et
2567 1963 2887 2018 confessoris
2930 1982 2941 2015 :
2995 1962 3079 2018 hic
3127 1964 3252 2018 dum
3300 1965 3649 2032 plurimorum

2070 2056 2451 2111 miraculorum
2498 2054 2664 2120 signis
2709 2054 2967 2115 rutilaret,
3000 2053 3225 2107 diversis
3254 2054 3495 2108 diversas
3548 2057 3649 2108 ini-

2071 2147 2306 2218 pertiens
2349 2145 2628 2208 sanitates,
2681 2154 2890 2214 gentem
2946 2143 3265 2198 Francorum
3318 2146 3648 2201 barbaricam

2073 2240 2137 2293 ad
2171 2238 2327 2292 fidem
2356 2236 2611 2307 paulatim
2643 2235 2905 2290 convertit
2931 2234 3271 2289 catholicam.

2146 2393 2230 2457 D.,
2272 2393 2509 2445 Ca‘sarca
2538 2388 2886 2458 Cappadocia:
2916 2387 2973 2441 S.
3003 2397 3024 2424 ο
3052 2387 3335 2443 Dorothea:
3357 2389 3572 2458 virginis
3597 2400 3651 2444 et

2067 2461 2348 2529 Theophili
2403 2459 2734 2514 scholastici.
2771 2458 2917 2529 γέ).
2942 2460 3005 2510 Α.
3032 2459 3120 2529 Ἰ),
3151 2458 3333 2513 Ruina:
3366 2460 3449 2512 via
3482 2464 3647 2525 Appia

2068 2527 2240 2601 passio
2267 2529 2292 2568 ἀ
2318 2532 2524 2587 Soteris
2553 2530 2791 2598 virginis.
2827 2528 2892 2582 Et
2920 2528 2975 2583 S.
3004 2536 3026 2563 ε
3051 2527 3332 2583 Dorotheze
3363 2531 3598 2599 virginis.

1762 2686 1964 2741 SMITII
2005 2684 2238 2743 NOTAE.

392 2799 573 2841 comes
597 2792 651 2837 et
675 2782 864 2852 conjux
896 2783 1011 2849 ejus
1039 2782 1333 2851 llamburga
1364 2779 1664 2835 coenobium
1698 2778 1748 2832 in
1783 2779 1955 2852 hono-

394 2872 505 2909 rem
542 2854 599 2909 8.
637 2849 871 2924 Dionysii
902 2863 951 2907 et
983 2866 1088 2906 tres
1116 2849 1391 2924 ecclesias
1413 2859 1854 2924 construxerant;
1903 2849 1957 2903 in

397 2926 585 2979 horum
618 2919 1110 2991 igitur'l'amulitium
1140 2922 1359 2975 intravit
1380 2920 1691 2985 Bertnlphns
1709 2935 1729 2991 ;ﬁ
1754 2919 1958 2986 ipsique

2060 2793 2270 2846 quoque
2304 2776 2551 2832 Rarisiaci
2600 2793 2686 2831 an.
2734 2775 2837 2832 666
2866 2819 2881 2843 ,
2932 2785 2982 2829 et
3030 2793 3116 2831 an.
3168 2777 3269 2832 667
3322 2780 3649 2835 translationi

2061 2852 2117 2903 S.
2149 2845 2357 2901 \‘edasti
2410 2848 2592 2900 adfuit.
2645 2848 2699 2901 lu
2730 2845 3021 2902 Eluooensi
3056 2849 3287 2918 denique
3320 2854 3649 2906 monasterio

2065 2919 2194 2971 obiit
2226 2935 2315 2971 an.
2342 2918 2465 2971 684.
2491 2919 2638 2984 Quod
2668 2919 2869 2985 prolixe
2895 2920 3143 2985 probatur
3170 2920 3308 2987 apud
3340 2922 3649 2975 Bollanduiu

394 3011 538 3055 eum,
568 2987 682 3062 ejus
710 2995 968 3063 probitate
989 2993 1218 3062 cognita,
1254 2993 1514 3063 ttnivet's:t:
1557 2990 1963 3063 ἀυιιιυιλριςιιυοτ
1988 3000 2034 3062 c
2067 3000 2249 3042 contra
2295 2989 2583 3063 Melanuiii,
2617 2987 2866 3063 Cluuium
2904 2991 3217 3054 Senensem,
3252 3001 3304 3043 et
3331 3007 3518 3045 omnes
3551 2993 3642 3061 qui

395 3058 655 3119 suerunt:
684 3058 737 3118 et
763 3080 883 3117 cum
916 3058 1136 3115 Ruinam
1189 3072 1366 3127 postea
1419 3062 1667 3119 iverunt,
1723 3058 1959 3111 ltentiaci

395 3134 636 3203 praedicti
680 3147 783 3186 una
826 3148 945 3186 cum
977 3131 1217 3203 ecclesiis
1269 3130 1531 3203 literedt-m
1571 3127 1849 3203 fecerunt,
1878 3127 1967 3203 tibi

398 3197 529 3257 obiit
574 3203 624 3254 in
655 3217 800 3269 pace.
832 3205 961 3255 Cum
995 3201 1175 3268 pirata;
1221 3200 1535 3253 maritimam
1563 3197 1785 3251 Galliam
1824 3197 1968 3269 infe-

399 3280 625 3333 starent,
655 3266 1009 3339 Erkengarius
1038 3283 1216 3323 comes
1244 3283 1437 3339 corpus
1468 3280 1707 3321 sanctum
1737 3269 1800 3319 de
1824 3266 1957 3339 Reu-

404 3343 503 3396 tica
557 3335 857 3395 Bononiani
894 3340 1177 3392 transtulit.
1226 3338 1354 3390 Cum
1408 3340 1565 3390 etiam
1612 3348 1790 3404 poSIea
1824 3335 1969 3390 Brito

404 3411 615 3480 quidam
663 3424 853 3472 corpus
901 3410 1074 3462 furtim
1102 3409 1432 3480 abstulisset,
1464 3404 1740 3480 intercepit
1770 3408 1965 3480 Arnulf

401 3476 540 3551 phus
570 3480 826 3551 Flandria:
852 3495 1028 3532 comes
1060 3496 1074 3531 :
1100 3479 1190 3551 qui
1207 3477 1552 3551 Allarlebecam
1608 3476 1966 3551 id_trausferri

403 3545 584 3621 jussit,
630 3550 976 3621 translaturus
1007 3564 1125 3601 mox
1158 3547 1513 3621 Blandiniuui,
1544 3545 1686 3621 quod
1714 3546 1967 3621 ξεί-6³ης

404 3613 523 3675 davi
573 3613 630 3674 8.
660 3619 795 3673 Petri
825 3621 1219 3672 tnonaSteriutn.
1254 3624 1379 3670 Acta
1410 3617 1524 3683 ejus
1553 3616 1687 3682 apud
1721 3613 1963 3671 Bolland.

400 3690 637 3746 Molanus
662 3691 728 3743 de
756 3689 852 3743 SS.
884 3689 1071 3752 Belgii,
1103 3688 1398 3749 Ferrarius,
1433 3686 1658 3738 GhiuLtts
1688 3686 1964 3739 Senensis.

477 3770 501 3795 ι
530 3761 765 3812 Amandi.
814 3759 914 3824 Qui
952 3762 1089 3812 circa
1136 3773 1223 3810 an.
1256 3754 1378 3817 ΞΛΜ,
1409 3756 1492 3809 die
1520 3771 1592 3808 v.1
1622 3756 1739 3808 Maii
1767 3759 1969 3809 Sereno

406 3831 782 3897 Aquitanorum
810 3829 945 3881 duce
974 3838 1025 3880 et
1055 3827 1293 3880 Amantia
1344 3835 1498 3878 natus
1518 3834 1645 3897 est;
1694 3835 1967 3893 postquam

406 3896 580 3952 autem
610 3900 828 3952 vixisset
857 3897 1179 3964 aliquantum
1212 3896 1466 3959 temporis
1516 3896 1565 3964 in
1598 3896 1724 3963 Ugia
1774 3897 1964 3958 insula,

409 3970 669 4022 Bituricus
714 3966 857 4018 venit
919 3963 985 4018 ab
1033 3965 1377 4031 Austregisilo
1426 3963 1647 4030 bet-igne
1692 3975 1969 4029 susceptus

409 4038 547 4090 circa
579 4052 665 4087 an.
690 4034 813 4094 612,
839 4034 906 4087 ibi
937 4034 1083 4086 cella:
1111 4036 1341 4087 inclusus
1363 4033 1425 4085 ad
1452 4034 1515 4085 15
1540 4047 1727 4095 annos,
1757 4034 1966 4086 tandem

411 4109 632 4161 Romani
666 4104 926 4174 proiectus
954 4115 1032 4156 est
1056 4120 1141 4156 an.
1173 4105 1296 4166 927,
1328 4103 1449 4155 dein
1493 4103 1696 4155 visione
1722 4103 1967 4174 admoni-

411 4187 495 4231 tus
523 4181 571 4229 in
603 4173 823 4229 Galliam
856 4188 1094 4227 reversus
1121 4176 1396 4243 episcopus
1421 4173 1692 4243 ordinatus
1723 4182 1803 4225 est
1830 4173 1966 4225 circa

408 4262 497 4297 an.
528 4243 652 4299 698.
704 4245 745 4297 lt
783 4245 1011 4297 secundo
1055 4240 1272 4295 Romam
1317 4258 1405 4295 an.
1448 4240 1570 4303 650,
1616 4256 1969 4309 reversusque

409 4314 643 4368 Gandavi
692 4315 943 4372 praedii-at
988 4327 1075 4364 an.
1108 4313 1230 4375 651,
1262 4313 1348 4364 ubi
1378 4313 1555 4379 plures
1586 4326 1863 4377 perpessus
1889 4320 1971 4364 est

410 4387 650 4453 injurias.
687 4370 902 4436 Fornaci
946 4387 1101 4433 etiam
1134 4370 1395 4434 mortuum
1435 4370 1694 4453 suscitans
1723 4396 1810 4453 ao.
1841 4381 1966 4446 652,
2002 4370 2050 4427 ἰ)

411 4450 726 4507 monasteria
772 4456 1177 4518 circumquaque
1226 4459 1504 4503 exstruere
1533 4451 1714 4514 cmpit.
1767 4450 1969 4518 Interea

410 4523 786 4577 incuntiueutia
832 4515 1107 4586 Dagtliit’l‘li
1157 4522 1292 4585 regis
1344 4520 1572 4585 culpata,
1621 4521 1673 4572 iu
1722 4515 1970 4572 citsiiium

409 4597 675 4662 relegatus
702 4601 785 4645 est
833 4605 919 4643 an.
942 4589 1070 4662 654.
1103 4590 1299 4643 Tamen
1330 4592 1396 4662 ab
1424 4591 1609 4662 exsilio
1655 4603 1702 4662 ag
1724 4604 1845 4662 rege
1876 4605 1969 4642 eo-

409 4658 547 4716 detn'
586 4670 881 4724 revocatus,
933 4659 1265 4728 Sigehertum
1315 4659 1429 4727 ejus
1479 4659 1641 4711 lilium
1690 4658 1971 4727 baptizavit

412 4747 500 4785 an.
526 4731 650 4784 (1-35.
680 4729 917 4785 Gandavi
950 4740 1119 4795 cwpta
1148 4730 1465 4781 monasteria
1494 4740 1613 4781 orto
1641 4744 1806 4781 annos
1837 4730 1972 4782 rexit

412 4802 481 4853 ab
535 4817 672 4854 anno
724 4799 845 4854 656.
910 4799 1104 4851 Locum
1165 4799 1450 4851 Elnoneusi
1508 4798 1825 4851 monasterio
1880 4814 1973 4850 ex-

417 4873 667 4923 struendo
714 4884 891 4936 aptum
938 4870 1237 4936 impetravit
1279 4883 1307 4920 a
1336 4881 1458 4935 rege
1502 4883 1642 4921 anno
1668 4867 1768 4922 658
1799 4877 1852 4920 et
1880 4882 1967 4921 an.

414 4939 538 5003 6H5,
587 4944 958 4993 monasterium
1010 4938 1407 4991 Marchianense
1454 4940 1729 4991 exstruxit.
1766 4938 1972 4990 Mortuo

416 5007 618 5062 Joanne
642 5019 785 5076 Aguo
810 5011 1059 5075 cpisropo
1080 5008 1414 5074 Trajectense
1442 5024 1530 5062 an.
1552 5008 1675 5071 646,
1702 5010 1759 5061 8.
1782 5009 1973 5059 Aman-

416 5080 513 5129 dus
542 5081 851 5130 substitutus
877 5094 993 5129 eam
1045 5078 1175 5130 rexit
1203 5078 1478 5129 ecclesiam
1514 5094 1605 5143 per
1650 5087 1755 5130 tres
1781 5091 1965 5140 annos,

419 5156 474 5199 et
501 5148 829 5200 eoiisecravit
860 5149 1235 5199 monasterium
1268 5148 1584 5199 Nivt-llense.
1616 5146 1716 5198 Att.
1750 5146 1872 5209 649,
1904 5150 1972 5201 ob

416 5217 544 5271 cieri
596 5216 997 5269 inohetlientiant
1046 5216 1254 5283 reliquit
1280 5216 1614 5281 Trajectuin,
1648 5218 1971 5285 prmiixdque

419 5287 805 5342 Eluonensibus
853 5286 1130 5345 Jonatuiu;
1179 5297 1231 5338 et
1278 5299 1364 5337 an.
1397 5285 1522 5349 656,
1554 5286 1769 5337 Romam
1814 5287 1971 5339 tertio

414 5358 679 5429 profectus
707 5366 809 5411 est.
858 5357 1320 5429 Reversns‘tatueu
1353 5356 1516 5407 Roma
1548 5372 1634 5429 an.
1668 5356 1970 5429 oblatjirea

413 5424 502 5480 an.
536 5425 661 5491 655,
691 5428 976 5479 oratorium
1012 5428 1067 5476 8.
1094 5424 1280 5477 Gilleni
1320 5426 1665 5477 consecravit.
1704 5424 1970 5477 Dedicavit

415 5498 705 5551 Ecclesiatn
759 5495 1192 5561 Aultterpieust'tn
1248 5495 1385 5546 circa
1433 5495 1664 5547 ambiit).
1725 5496 1971 5546 Abanno

412 5564 539 5628 665,
591 5567 855 5619 Vascones
905 5564 1167 5625 instruxit,
1198 5567 1568 5615 monasterium
1615 5564 1969 5616 attlilicavitin

414 5648 543 5703 agro
588 5636 871 5703 Burboniu,
916 5636 1054 5688 aliud
1086 5634 1273 5698 Nanto,
1303 5634 1438 5701 apud
1483 5634 1779 5700 Rustciius;
1827 5634 1966 5687 aliud

2068 3074 2189 3112 eum
2223 3074 2310 3111 an.
2342 3057 2439 3111 661
2475 3060 2672 3111 obiisse
2701 3059 2907 3111 volunt.

2141 3127 2167 3165 δ
2202 3126 2432 3182 Vedasti.
2466 3128 2559 3181 llic
2587 3126 2948 3181 Cblodovt-um
2979 3142 3155 3196 regem
3188 3128 3253 3183 ad
3288 3131 3444 3184 tidem
3474 3132 3648 3186 susci-

2068 3197 2313 3267 piendam
2366 3198 2641 3261 animavit,
2673 3212 2791 3252 eum
2835 3197 2963 3251 circi
3014 3199 3197 3251 oculos
3227 3202 3418 3254 virtute
3449 3202 3647 3255 Christi

2068 3266 2387 3339 aperuisset.
2420 3266 2548 3321 Cum
2576 3278 2750 3339 autem
2785 3270 2839 3322 8.
2868 3268 3139 3335 Remigius
3175 3270 3421 3324 eumdem
3470 3287 3646 3339 regem

2068 3338 2411 3402 baptizasset,
2454 3340 2509 3392 8.
2547 3338 2830 3392 Vedastnni
2880 3338 3283 3392 Atrebatensem
3335 3341 3646 3407 episeopum

2068 3408 2422 3471 consecravit,
2450 3408 2538 3477 qui
2572 3409 2638 3461 ibi
2666 3408 2815 3460 bonis
2843 3408 3027 3461 avibus
3059 3409 3399 3475 Evangelium
3453 3413 3647 3477 praedi-

2069 3479 2228 3544 cavit,
2259 3478 2652 3545 Ecclesiamque
2685 3479 2733 3531 iu
2763 3483 3017 3530 honorem
3049 3477 3138 3529 Dei
3171 3490 3224 3531 et
3251 3481 3306 3531 R.
3336 3481 3513 3531 Maria:
3548 3482 3650 3532 tir-

2069 3550 2205 3618 ginis
2248 3552 2541 3603 construxit
2577 3564 2590 3609 ;
2626 3558 2674 3601 et
2706 3562 2825 3600 cum
2870 3550 3227 3611 episcopatum
3271 3551 3644 3603 administras—

2068 3630 2149 3671 set
2178 3636 2267 3673 an.
2295 3618 2384 3677 40,
2418 3619 2550 3671 obiit
2578 3619 2713 3670 circa
2756 3633 2843 3669 an.
2874 3618 2995 3679 576,
3031 3626 3085 3668 ut
3113 3620 3293 3670 volunt
3324 3619 3563 3673 bioianus
3596 3630 3648 3674 et

2069 3688 2293 3743 Chinius
2324 3689 2605 3751 Senensis;
2642 3702 2728 3740 an.
2760 3688 2881 3749 Siti,
2918 3698 2967 3736 ιιι
3005 3689 3203 3740 mavult
3230 3690 3536 3742 Rollandus.

2142 3768 2165 3795 ε
2200 3759 2486 3812 Dorotlit'w.
2532 3760 2657 3824 Qua:
2700 3772 2818 3809 cuni
2867 3756 3069 3808 duabus
3110 3760 3381 3811 sororibus
3419 3758 3647 3812 Christa:

2069 3836 2121 3881 et
2149 3827 2397 3893 Callistze,
2427 3842 2545 3897 qua:
2576 3842 2603 3879 a
2638 3826 2737 3878 [ide
2760 3836 3139 3893 apostatarum,
3171 3831 3536 3881 commendata
3560 3846 3644 3882 es-

2070 3908 2181 3961 set,
2231 3909 2285 3951 ut
2312 3913 2427 3951 eam
2460 3905 2764 3950 averterent
2808 3912 2835 3947 a
2868 3898 3109 3962 Christo,
3153 3913 3242 3950 eas
3293 3899 3483 3950 iterum
3512 3914 3644 3952 eon-

2071 3971 2225 4020 vertit
2256 3970 2319 4019 ad
2351 3968 2646 4029 Christum,
2695 3968 2761 4017 ita
2794 3978 2847 4017 ut
2879 3967 2929 4017 in
2964 3980 3148 4032 cupam
3180 3971 3352 4019 missa:
3384 3983 3474 4033 per
3506 3985 3643 4033 pri-

2070 4036 2264 4089 fectum
2299 4038 2568 4105 Apricium
2621 4036 2852 4088 incensa:
2905 4046 3045 4087 sunt.
3104 4037 3288 4089 Postea
3320 4054 3439 4090 vero
3475 4042 3642 4091 Doro-

2074 4107 2189 4158 tliea
2216 4107 2366 4159 ducta
2396 4107 2459 4157 ad
2490 4107 2658 4158 locutu
2689 4120 2983 4171 poenarum,
3015 4106 3098 4158 tibi
3131 4115 3183 4157 et
3214 4122 3364 4174 paSSa
3395 4118 3493 4171 est,
3521 4124 3640 4161 cum

2069 4190 2098 4227 a
2126 4175 2421 4245 Theophilo
2463 4179 2691 4242 quodam
2724 4176 3044 4245 scbolastieo
3093 4176 3452 4241 tia-rideretur,
3498 4182 3638 4245 quod

2070 4260 2098 4296 a
2130 4244 2339 4298 Clirtsto
2385 4254 2437 4297 ct
2465 4260 2615 4314 poma
2664 4256 2711 4297 et
2755 4260 2901 4297 rosas
2948 4243 3195 4297 ﬂorentes
3242 4248 3340 4299 sibi
3382 4243 3641 4312 mitteret,

2076 4314 2173 4368 hoc
2196 4315 2350 4367 citius
2376 4314 2695 4381 impetravit.
2720 4314 2866 4378 Quod
2895 4329 3011 4365 cuin
3056 4315 3270 4367 vidisset
3296 4318 3588 4382 'l'bcophilu
3626 4360 3643 4383 ,

2076 4400 2195 4458 mox
2223 4387 2504 4458 Chnstuni
2531 4386 2803 4458 confessus
2832 4394 2912 4436 est
2939 4399 3118 4458 verum
3156 4385 3339 4449 Deum,
3367 4400 3418 4439 et
3446 4398 3646 4458 marty~

2072 4456 2257 4506 rizavit
2283 4459 2380 4508 sub
2409 4456 2593 4508 eodem
2623 4455 2887 4522 prtet'ecto,
2920 4456 3089 4521 capite
3122 4458 3325 4519 plexus.
3371 4455 3644 4512 Rabauus.

2071 4522 2332 4578 Dorothea
2380 4538 2598 4578 emensa
2650 4541 2697 4575 ιιι
2745 4533 2969 4595 catasta,
3003 4528 3333 4592 lampadibus
3386 4530 3645 4595 ustulata,

2073 4595 2243 4661 capite
2276 4597 2445 4660 plexa.
2478 4595 2676 4647 Omnes
2708 4594 2842 4659 passi
2871 4604 2993 4644 sunt
3020 4597 3117 4647 sub
3155 4596 3504 4650 Diocletiano.

2145 4663 2168 4699 ά
2202 4662 2414 4717 Soreris.
2444 4664 2687 4719 Graviter
2717 4673 2769 4714 et
2796 4664 3093 4717 diutissime
3130 4668 3297 4733 alapis
3328 4683 3488 4731 czcsa,
3517 4683 3644 4722 cum

2071 4741 2266 4785 cmtcra
2314 4749 2522 4801 quoque
2566 4747 2836 4800 ptenarum
2866 4748 3056 4801 genera
3087 4736 3318 4799 vicisset,
3348 4740 3647 4793 novissime

2071 4802 2245 4873 gladio
2275 4804 2582 4873 tnartyiiutn
2629 4814 3038 4873 CUIISUIIlItlaVIl.
3091 4806 3264 4871 Αιίιιιιι
3313 4810 3646 4860 recentiores

2071 4886 2185 4924 eam
2218 4872 2269 4925 in
2301 4872 2515 4926 Oriente
2547 4887 2751 4939 passam
2786 4872 3025 4934 tradunt;
3051 4876 3142 4927 sed
3172 4878 3290 4939 quia
3320 4879 3646 4931 vetustiores

2073 4941 2256 4993 Romae
2298 4954 2603 4995 coronatam
2650 4953 2899 5009 martyrio
2928 4944 3127 5005 dictint.
3160 4957 3213 4999 et
3244 4944 3301 4998 S.
3328 4948 3645 5001 Ambrosius

2073 5012 2124 5063 in
2151 5012 2284 5064 libro
2314 5027 2369 5066 ιιι
2394 5016 2460 5065 de
2489 5012 2809 5080 Virginibus,
2844 5013 2928 5084 ubi
2958 5023 3071 5066 acta
3102 5015 3219 5084 ejus
3242 5016 3488 5079 explicat,
3519 5033 3643 5070 eam

2075 5091 2343 5147 parentem
2383 5091 2668 5152 martyrem
2702 5083 2950 5152 appellat,
2982 5084 3030 5135 id
3062 5083 3140 5137 est
3167 5092 3469 5152 cognatam,
3501 5102 3646 5138 cou-

2072 5160 2174 5202 stat
2207 5167 2321 5203 eam
2371 5152 2547 5204 Italam
2594 5151 2777 5203 fuisse.
2824 5151 3029 5205 Colitur
3077 5151 3311 5207 etiain’x
3340 5155 3641 5210 Februarii.

2074 5219 2230 5273 Passa
2260 5231 2341 5273 est
2369 5223 2467 5275 sub
2498 5221 2656 5273 Diocl-
2683 5226 2821 5273 tiano
2848 5237 2987 5275 anno
3013 5222 3134 5275 504.

2149 5293 2171 5319 θ
2206 5290 2488 5343 Damt/tete.
2538 5290 2709 5342 Nobili
2760 5303 2888 5343 Ol'ltB
2935 5294 3125 5345 familia
3184 5293 3235 5347 in
3288 5293 3635 5359 Alevandria,

2073 5374 2190 5425 quae
2238 5375 2265 5411 a
2305 5360 2589 5413 Maximino
2618 5361 2828 5412 Galerio
2877 5375 2970 5427 pro
3020 5363 3274 5417 adulterio
3328 5366 3641 5431 impetitur,

2072 5440 2285 5501 accepta
2338 5441 2514 5501 autem
2578 5432 2851 5491 dilatione,
2922 5433 3219 5501 timensque
3285 5435 3638 5500 virginitatem

2072 5498 2335 5562 amittere,
2384 5499 2519 5551 clam
2571 5513 2728 5552 nocte
2778 5500 2997 5568 aufugit,
3046 5511 3100 5554 et
3132 5498 3383 5557 't-reiuuui
3428 5514 3640 5569 petens,

2074 5570 2240 5690 tlt'iulto
2273 5578 2508 5693 tempiodre
2542 5574 2646 5623 Deo
2680 5584 2873 5624 vacans
2918 5576 2968 5624 in
3016 5586 3143 5643 paxe
3173 5576 3387 5643 quievit.
3441 5574 3642 5629 Euseb.

2125 5647 2231 5693 ist..
2266 5654 2375 5693 \‘lll.
2469 5675 2484 5692 .
2824 5666 2829 5671 ·

2125 5647 2231 5705 ist.,
2266 5654 2375 5706 \‘lll,
2400 5647 2484 5693 Η.
2824 5666 2829 5671 ·
