3940 6188
266 280 365 334 857

1378 255 1572 313 SECT.
1616 253 1675 307 ll.
1717 280 1785 290 —
1824 243 2385 303 MARTYROLOGIA.

3424 231 3524 285 838

1528 364 1756 422 EDITIO
1794 356 2258 416 COLONIENSIS.

273 479 635 538 exsultatione
660 484 713 530 et
741 474 883 528 clara
914 481 1040 523 voce
1086 464 1278 532 srepius

272 580 477 633 dictum
522 584 714 626 nomen
765 562 972 619 Domini
1024 558 1126 613 mei
1172 554 1297 611 Jesu
1341 552 1562 613 Christi,
1612 548 1679 601 ob
1723 546 1858 599 hanc

274 660 669 721 confessionem
715 669 836 709 mox
885 660 937 705 et
982 651 1093 718 ipse
1133 654 1331 703 tentus,
1376 654 1436 694 ac
1479 649 1766 704 suspensus
1805 633 1855 686 in

1323 459 1647 529 replicaret:
1678 454 1846 508 Beue-
1878 458 1927 513 Α
1955 446 2214 515 episcopi,
2267 452 2321 501 et
2358 441 2482 498 Julii
2531 452 2701 507 papa).
2749 436 2901 503 Apud
2943 435 3243 490 Armeniam
3275 434 3531 488 minorem

1961 536 2138 590 natale
2166 542 2469 587 sanctorum
2506 528 2735 599 Dionysii
2764 566 2779 589 ,
2817 525 3093 580 [Επιιὶιίθηί
3125 534 3178 577 et
3208 524 3529 579 Sebastiani.

1960 631 2113 702 Apud
2144 629 2515 685 Alexandriam
2558 625 2734 679 natale
2773 633 2969 677 sanct.e
2999 621 3239 675 Coiutba:
3269 621 3534 690 martyris.

272 710 699 821 Equidem—tanta
741 710 1054 798 crudelitaie
1091 745 1259 790 tortus
1299 739 1401 797 est,
1448 738 1503 783 ut
1543 740 1727 780 omnes
1758 723 1882 778 cir-o
1963 725 2109 779 llanc
2152 721 2338 792 pagani
2384 730 2681 786 correptam
2714 716 2777 769 ad
2823 715 2962 768 idola
3005 714 3382 779 perducentes,
3412 710 3539 764 ado-

280 818 609 899 cumstantes
640 837 1039 892 horrescerent,
1065 825 1350 881 novissime
1373 835 1510 875 eteso
1531 818 1701 887 capite
1724 830 1858 870 mar-

288 935 479 1008 lyrium
528 924 935 985 consummavit.
966 919 1117 989 Apud
1148 921 1446 971 Arvernam
1476 911 1660 964 urbem
1694 905 1863 960 natale

281 1001 459 1080 sancti
503 1017 769 1076 Anatholti
799 1014 1064 1083 martyris.
1088 1010 1144 1063 In
1178 1008 1344 1063 Gallia
1379 1006 1589 1059 civitate
1612 1001 1863 1063 Aderato,

285 1111 555 1182 depositio
579 1107 748 1163 sancti
785 1104 997 1157 Vedasti
1025 1098 1257 1168 episcOpi
1287 1106 1340 1150 et
1365 1093 1699 1149 confessoris.
1725 1090 1788 1144 Et
1815 1090 1865 1142 in

287 1180 478 1257 Ellone
507 1195 832 1253 mOnasterio
861 1191 1121 1259 depositio
1151 1188 1317 1241 sancti
1361 1184 1586 1239 Amandi
1629 1180 1863 1248 episcopi

290 1303 348 1348 et
394 1287 736 1345 confessoris.
788 1285 969 1337 Romae
1018 1279 1183 1333 Zotici
1212 1318 1226 1340 ,
1276 1276 1490 1337 Iretnci,
1550 1272 1772 1326 .lacincti
1819 1278 1872 1324 et

292 1380 549 1440 Amantii.
601 1379 655 1432 In
704 1377 922 1431 Oriente
959 1383 1154 1426 sancta:
1192 1367 1431 1425 Sotberis
1472 1364 1709 1434 virginis,
1756 1377 1872 1433 qua:

295 1475 533 1546 graviter
560 1478 614 1524 et
643 1465 937 1523 diutissime
959 1464 1124 1531 alapis
1153 1477 1312 1521 etesa,
1364 1475 1480 1513 cum
1508 1468 1717 1512 centum
1743 1471 1874 1523 quo-

295 1582 425 1637 que,
477 1576 753 1634 poenarum
798 1573 991 1628 genera
1050 1555 1282 1618 vicisset,
1334 1551 1509 1622 gladio
1564 1549 1873 1618 martyrium

302 1653 713 1711 consummavit.

370 1745 436 1801 C.
478 1744 565 1798 Vll
609 1743 724 1795 lous
763 1739 927 1792 Plan.
960 1765 1030 1776 ——
1076 1735 1131 1788 ln
1180 1731 1463 1787 Britanniis
1507 1730 1722 1784 civitate
1760 1728 1871 1781 Au-

1963 830 2083 870 rare
2122 813 2402 881 cogebant.
2458 812 2585 876 Qum
2637 823 2754 862 cum
2812 807 2899 859 illa
2953 819 3209 861 cxecrans
3251 811 3539 866 recusaret,

1971 903 2179 958 vincula
2216 903 2438 970 pedibus
2467 900 2582 969 ejus
2615 898 2963 958 iuneclcutes,
3017 907 3063 950 et
3119 912 3211 964 per
3240 896 3433 961 plateas
3464 902 3543 947 ιι)-

1967 993 2071 1048 tius
2098 992 2321 1047 civitatis
2350 1007 2464 1045 eam
2498 991 2786 1051 trahentes,
2841 986 3110 1041 horrendo
3140 985 3400 1055 supplicio
3426 983 3540 1039 dis-

1968 1092 2298 1151 cerpserunt.
2338 1082 2401 1134 Et
2439 1088 2633 1133 sanctae
2666 1079 2875 1131 Helena:
2898 1078 3113 1147 reginae.

2046 1174 2108 1227 E.
2144 1173 2183 1227 V
2241 1172 2359 1226 locs
2401 1171 2563 1225 Fenn.
2596 1198 2668 1209 —
2698 1170 2752 1221 In
2796 1169 3111 1222 Alexandria
3158 1176 3355 1243 sanctae
3386 1169 3549 1235 Apol-

1975 1265 2131 1320 lonia:
2166 1264 2405 1334 virginis,
2436 1262 2517 1315 cui
2546 1270 2915 1329 persecutores
2954 1275 3138 1313 omnes
3163 1262 3384 1328 primum
3415 1261 3548 1315 den-

1976 1368 2058 1413 tes
2080 1363 2429 1412 excusserunt
2454 1372 2467 1417 ;
2496 1352 2689 1407 deinde
2710 1361 3019 1406 constructo
3036 1362 3098 1405 ac
3118 1365 3372 1405 succenso
3400 1367 3547 1420 rogo,

1977 1462 2096 1499 eum
2126 1446 2580 1500 comminareutur
2610 1442 2782 1494 vivam
2821 1454 2881 1493 se
2920 1454 3037 1493 eam
3074 1440 3419 1502 incensuros,
3451 1440 3550 1492 nisi

1978 1555 2096 1595 cum
2122 1538 2201 1592 eis
2225 1538 2383 1604 impia
2415 1535 2572 1589 verba
2603 1534 2882 1601 proterret.
2912 1534 2983 1584 At
3012 1531 3096 1584 illa
3127 1538 3185 1584 ιιι
3216 1545 3400 1597 rogum
3425 1530 3556 1583 vidit

1981 1645 2097 1684 esse
2127 1642 2466 1689 succensum,
2492 1624 2758 1693 paululum
2784 1624 2905 1689 quid
2932 1621 3068 1675 intra
3099 1623 3441 1688 semetipsam
3466 1621 3559 1673 de-

1987 1723 2242 1785 liberans,
2278 1730 2496 1787 repente
2524 1717 2590 1771 de
2620 1714 2866 1771 manibus
2898 1713 3182 1781 impiorum
3218 1711 3476 1779 prorupit,
3506 1720 3561 1765 et

302 1847 457 1908 gusta
500 1833 675 1888 natale
704 1827 872 1884 sancti
916 1826 1105 1896 Auguli
1136 1822 1369 1891 episc0pi
1411 1831 1464 1875 et
1514 1821 1791 1888 martyris;
1825 1827 1879 1871 et
1910 1818 1962 1877 B‘
1984 1814 2033 1868 iu
2064 1813 2236 1883 ignem
2268 1826 2423 1879 quem
2456 1816 2801 1876 paraverant,
2847 1816 3037 1872 Sponte
3066 1803 3363 1873 prosilivit;
3407 1804 3475 1857 ita
3505 1815 3561 1856 ut

307 1927 480 1981 sancti
513 1924 761 1994 Moysetis
789 1913 1110 1973 venerabilis
1141 1913 1397 1982 episcopi,
1440 1913 1527 1982 qui
1558 1912 1729 1981 primo
1762 1912 1881 1979 qui-

304 2020 425 2071 dem
456 2016 507 2069 iu
548 2029 731 2069 eremo
780 2012 1072 2064 solitariam
1120 2008 1278 2060 vitam
1321 2006 1555 2069 ducens,
1600 2003 1801 2057 meritis
1832 2010 1887 2056 et

305 2105 591 2161 virtutibus
630 2118 693 2157 ac
738 2102 905 2170 signis
951 2114 1069 2168 quae
1111 2097 1338 2151 faciebat
1386 2112 1479 2165 per
1522 2095 1667 2149 illum
1720 2094 1883 2156 Deus,

307 2198 590 2269 magniﬁce
618 2195 881 2258 innotuit,
924 2192 1013 2263 qui
1047 2190 1384 2260 postmodum
1418 2198 1629 2257 petente
1671 2186 1878 2241 Mauvia

306 2292 699 2345 Saracenorum
730 2285 911 2355 regina
934 2325 951 2351 ,
991 2282 1273 2351 episcopus
1304 2279 1474 2350 gentis
1510 2278 1647 2332 illius
1679 2276 1846 2330 factus
1870 2319 1885 2341 ,

309 2383 435 2437 fidei
476 2379 757 2435 catholicae
811 2373 1096 2430 custodivit
1144 2374 1453 2426 intemerata
1496 2370 1794 2429 consortia,
1839 2375 1893 2421 et

306 2481 526 2541 gentem
554 2469 637 2525 cui
667 2468 821 2523 datus
860 2466 1035 2520 fuerat
1066 2463 1347 2534 episcopus
1368 2505 1383 2527 ,
1423 2476 1485 2516 ex
1528 2460 1711 2530 grandi
1740 2467 1893 2529 parte

313 2562 381 2615 ad
414 2561 571 2615 (idem
603 2557 798 2613 Christi
827 2555 1105 2617 convertit,
1133 2552 1314 2621 sicque
1342 2553 1392 2604 in
1426 2565 1552 2619 pace
1577 2549 1796 2619 quievit.

386 2653 452 2707 D.
500 2649 564 2705 Vl
619 2649 738 2705 lous
788 2647 954 2703 FEBR.
988 2676 1054 2686 -—
1087 2645 1270 2699 Romae
1314 2644 1487 2697 natale
1533 2642 1699 2696 sancti
1741 2636 1890 2693 Pauli

1994 1914 2419 1974 perterrercntur
2445 1901 2606 1954 etiam
2638 1899 2735 1967 ipsi
2766 1898 3096 1952 crudelitatis
3125 1907 3388 1959 auctores,
3421 1897 3563 1956 quod

1997 1993 2292 2062 promptior
2320 1992 2534 2044 inventa
2565 1999 2646 2041 est
2674 1988 2737 2041 ad
2767 2000 2990 2040 mortem
3025 1986 3237 2050 femina,
3266 2002 3421 2055 quam
3449 2002 3566 2058 per-

1989 2093 2203 2137 secutor
2228 2081 2290 2133 ad
2320 2096 2550 2149 positam.
2576 2081 2750 2133 Suevo
2772 2079 2909 2147 apud
2934 2078 3161 2147 Cyprum
3194 2077 3367 2132 natale
3391 2078 3564 2133 sancti

1993 2171 2307 2236 Alexandri,
2337 2170 2624 2225 Ammouii.
2653 2168 2781 2223 ltetu
2806 2168 3106 2236 Ammonis,
3136 2176 3194 2222 et
3220 2167 3442 2222 aliorum
3476 2168 3569 2221 tti-

1990 2262 2132 2332 ginta
2163 2270 2305 2314 octo.

2067 2352 2124 2406 F.
2157 2351 2222 2406 IV
2252 2352 2367 2405 Inus
2394 2348 2556 2403 Fenn.
2583 2376 2652 2387 —
2674 2346 2726 2402 lu
2750 2345 3038 2414 Campania
3063 2347 3236 2402 natale
3261 2347 3427 2401 sancti
3457 2346 3570 2417 Syl-

1998 2444 2137 2498 viani
2166 2440 2397 2511 episcopi
2426 2449 2478 2495 et
2500 2439 2843 2495 eonfessmis.
2872 2438 2926 2491 In
2953 2438 3225 2493 Bethleem
3248 2439 3460 2493 civitate
3479 2440 3571 2493 Ju-

1998 2534 2127 2588 dzeaa
2148 2575 2163 2600 ,
2197 2533 2296 2586 sub
2328 2531 2533 2586 llerode
2572 2544 2697 2598 rege
2728 2530 2903 2597 passio
2933 2528 3101 2582 sancti
3167 2529 3393 2582 Andrere
3433 2544 3572 2593 apo-

1999 2625 2145 2679 stoli.
2174 2620 2453 2679 Sanctonis
2482 2620 2697 2675 civitate
2726 2619 2986 2688 depositio
3016 2620 3183 2673 sancti
3213 2617 3431 2687 Trojani
3460 2620 3573 2687 epi-

1565 2747 1789 2803 EDITIO
1831 2734 2333 2799 BOLLANDIANA.

387 2848 609 2907 7.—\'ll
645 2849 786 2904 lous.
816 2846 1101 2902 Britanniis
1127 2845 1179 2901 in
1204 2844 1435 2915 Augusta
1464 2843 1641 2898 natale
1670 2841 1887 2909 ‘Augu-

319 2943 389 2997 sti
422 2937 656 3009 episcopi
698 2947 751 2993 ct
776 2937 1043 3009 martyris.

393 3050 607 3104 Addunt
637 3048 700 3100 V.
730 3056 786 3102 et
812 3047 898 3112 C.,
939 3045 1252 3116 interposito
1279 3054 1561 3107 conemate,
1592 3044 1657 3097 Et
1687 3050 1891 3111 marty-

318 3122 395 3173 ris
448 3118 697 3202 Anatolii.
730 3118 796 3172 A.
817 3118 881 3173 Τ.
914 3117 1001 3183 L.,
1029 3119 1091 3171 Et
1119 3126 1421 3171 sanctorum
1450 3116 1669 3169 Statiani
1717 3124 1771 3167 et
1796 3116 1890 3169 Sa-

322 3199 545 3245 turnini.
1018 3233 1025 3245 .

392 3299 450 3354 8.
472 3328 541 3339 —
564 3297 629 3353 Vl
678 3299 815 3352 lous.
846 3295 1007 3352 Vacat
1036 3294 1212 3350 Bmda.

400 3412 540 3485 D.,Ab
562 3412 1129 3485 Dionysii,.A§niiliat_i_i,
1156 3422 1211 3485 et
1232 3410 1893 3485 Sebastiani._Al_eitandria

322 3484 379 3538 S.
431 3494 452 3521 ε
480 3480 713 3553 (Σογηιςιί
756 3483 1019 3553 martyris.
1058 3483 1117 3535 ν.
1166 3483 1249 3545 (1.,
1301 3480 1643 3553 Natales}!
1679 3484 1895 3553 Iuventii

325 3552 465 3677 ι’.οη
496 3550 784 3623 venantii]
838 3550 1069 3631 episcopi
1126 3561 1179 3604 et
1225 3552 1565 3631 confessoris.
1604 3550 1666 3632 ν..
1718 3550 1779 3604 C.

376 3661 392 3676 .
446 3624 531 3677 L..
586 3622 767 3676 Roma:
816 3623 1075 3677 depositio
1122 3622 1177 3675 S.
1233 3621 1376 3674 Pauli
1424 3635 1674 3677 εοιεευιη.
1730 3622 1895 3676 Lucii.

376 3661 392 3676 .
446 3624 531 3689 L.,
586 3621 782 3676 Romae
816 3623 1075 3689 depositio
1122 3622 1177 3675 S.
1233 3621 1376 3674 Pauli
1424 3624 1674 3686 episcopi.
1730 3621 1897 3676 Lucii.

327 3693 414 3761 0.,
449 3694 515 3747 Et
543 3693 691 3759 alibi,
732 3692 857 3747 Luci
904 3703 958 3746 et
1001 3691 1258 3759 depositio
1311 3691 1551 3745 Tltuznzn.
1585 3694 1647 3745 Α.
1698 3692 1758 3744 Τ.
1812 3689 1899 3753 L.,

1925 3151 1971 3214 C

2003 2831 2069 2885 Et
2090 2829 2214 2885 Julii
2244 2842 2414 2898 papae.
2437 2827 2492 2881 In
2515 2827 2761 2881 Armenia
2792 2826 2890 2883 SS.
2918 2826 3151 2896 Dionysii
3181 2834 3233 2881 et
3255 2825 3575 2883 Sebasﬁani.

2070 2942 2123 2997 9.
2147 2971 2215 2982 —
2240 2940 2277 2994 V
2309 2940 2445 2995 Inus.
2481 2940 2644 2994 Vacat
2676 2940 2850 2996 Ba'tla.

2073 3053 2160 3117 D.,
2178 3051 2509 3121 Alexandria!
2531 3051 2585 3104 S.
2606 3061 2628 3088 ο
2643 3052 2933 3121 Apollonia:
2951 3052 3187 3120 virginis.
3204 3053 3267 3107 V.
3293 3051 3352 3109 C.
3366 3054 3577 3121 ,N.tt:tlc

2003 3121 2336 3176 AleXaudria:
2368 3119 2475 3191 [!J.,
2510 3120 2821 3245 Alexandri]l
2846 3133 2897 3175 et
2928 3119 3150 3175 aliorum
3187 3119 3397 3187 triginta
3431 3136 3575 3178 octo.

2007 3192 2092 3245 V..
2117 3191 2384 3245 Depositio
2403 3189 2421 3228 ί
2442 3191 2678 3243 Thomze.
2706 3189 2766 3243 Α.
2822 3193 2853 3243 ’.
2882 3192 2962 3245 L..
2989 3193 3163 3244 Sueno
3182 3194 3319 3245 apud
3348 3196 3575 3245 Cvnrum

2007 3192 2092 3257 V.,
2117 3189 2384 3264 Depositio
2403 3189 2678 3264 liburnae.
2706 3189 2766 3243 Α.
2793 3189 2853 3245 Τ.
2882 3192 3163 3264 L.,Sueno
3182 3194 3319 3262 apud
3348 3196 3578 3264 Cyprum

2004 3261 2178 3315 natale
2207 3260 2513 3325 Alexandri,
2552 3261 2823 3313 Ammonis
2869 3272 2923 3315 et
2973 3260 3319 3331 Didymi.‘l..,
3355 3260 3581 3319 meo..-

2004 3332 2209 3385 tauella:
2241 3331 2563 3383 monasterio
2592 3331 2850 3397 depositio
2887 3334 2941 3383 ὃ,
2972 3341 2995 3378 ts
3019 3333 3263 3386 Ansberti
3313 3335 3582 3398 archiepi-

2003 3403 2148 3467 scopi
2172 3400 2631 3465 Rothomagensis.
2650 3399 2735 3461 (3.,
2760 3401 3057 3455 Eodem-die
3075 3404 3351 3457 aedificatio
3368 3403 3463 3458 B.h
3481 3406 3582 3458 lle-

2005 3471 2197 3524 nedicti
2229 3469 2454 3534 abbatis,
2483 3481 2534 3521 et
2564 3469 2621 3523 S.
2655 3468 2668 3505 ί
2706 3470 2858 3524 Sena:
2889 3472 3125 3539 Virginis.

2078 3600 2164 3654 10.
2189 3600 2346 3655 -ιγ
2378 3600 2515 3654 Inus.
2566 3598 2747 3654 Romae
2776 3600 2874 3656 SS.
2913 3602 2926 3650 i
2961 3600 3149 3667 Zotici,
3185 3601 3392 3670 lrcnaai,
3434 3603 3579 3676 llya-

2010 3691 2175 3745 cintlti
2205 3702 2257 3746 et
2284 3689 2537 3745 Amantii.

1713 3802 1919 3857 SMITH
1957 3800 2181 3857 NOTAE}.

405 3922 429 3946 "
464 3917 702 3984 Augusti.
753 3916 896 3969 Passi
952 3930 1054 3968 non
1108 3914 1204 3967 sub
1237 3913 1416 3976 Decio,
1464 3913 1901 3984 ntvultGhiuius

332 3988 608 4054 Senensis,
656 3986 747 4039 sed
802 3985 972 4050 potius
1022 3985 1119 4035 sub
1168 3984 1523 4054 Diocletiano;
1578 3998 1696 4035 nam
1743 3988 1785 4036 si
1836 3983 1900 4037 ad

337 4053 626 4111 Derianatu
687 4056 890 4107 cladem
953 4056 1209 4106 referatur
1267 4053 1422 4116 hujus
1484 4054 1819 4121 martyrium.
1872 4070 1900 4107 τι

331 4126 605 4179 corumoni
655 4130 968 4189 scriptorum
1020 4124 1436 4175 Britannicarum
1503 4138 1765 4175 consensu
1813 4124 1895 4175 di-

336 4198 479 4247 scedi
532 4208 747 4247 necesse
777 4207 876 4255 ρει,
908 4192 992 4258 qui
1026 4192 1250 4259 primum
1294 4194 1530 4244 omnium
1560 4192 1818 4245 Albanum
1851 4195 1900 4245 in

337 4268 608 4318 Brutantta
645 4279 737 4324 pro
766 4262 976 4315 Christo
1006 4263 1311 4327 sanguinem
1347 4262 1542 4314 ludis“:
1575 4265 1778 4314 statuit.

411 4332 437 4371 δ
476 4332 727 4401 Dionysii.
760 4331 814 4384 lu
846 4331 1091 4401 Armenia
1126 4334 1323 4384 minore
1352 4332 1488 4399 passi
1515 4343 1637 4384 sunt
1664 4333 1758 4386 SS.
1790 4333 1902 4384 Dio-

340 4404 543 4474 nysius,
584 4400 947 4474 Sebastianus,
978 4400 1308 4474 lEntiliautts.

413 4490 433 4511 ι·
468 4471 694 4538 Cognita.
729 4471 800 4524 De
827 4471 1023 4540 Cuyuta
1057 4474 1134 4522 vel
1161 4471 1349 4534 Quinta
1380 4468 1491 4524 haec
1522 4469 1681 4522 habet
1707 4470 1905 4523 Euseb.

341 4544 477 4598 llist.
498 4542 743 4605 Eccl.,vt,
761 4543 818 4593 Η
847 4559 857 4591 ;
884 4541 1008 4592 Post
1031 4542 1134 4593 [nec
1148 4542 1343 4604 ﬁdelem
1365 4542 1634 4607 quamdam
1654 4540 1909 4593 mulierem

343 4615 585 4678 Quintam
611 4629 675 4665 no
697 4614 832 4675 nine,
861 4611 925 4660 ad
957 4611 1075 4661 idoli
1113 4610 1353 4676 templum
1378 4611 1673 4676 perductam
1695 4612 1911 4662 adorare

338 4684 471 4735 illud
501 4689 794 4752 coegerunt.
818 4680 969 4752 Quod
993 4696 1104 4752 eum
1145 4679 1233 4730 illa
1254 4693 1567 4731 aversaretnr
1591 4689 1738 4747 atque
1772 4696 1913 4732 exse-

340 4750 887 4814 craretur,'constrictis
910 4750 1113 4814 pedibus
1135 4765 1242 4800 eam
1266 4765 1354 4815 per
1374 4752 1524 4801 totius
1545 4750 1758 4801 cititatis
1783 4754 1913 4802 viros

340 4837 524 4891 aspero
549 4821 688 4873 silice
710 4828 987 4872 constratas
1014 4821 1280 4883 rapientes,
1304 4821 1440 4891 satis
1469 4822 1672 4891 Διιιὶξίιηι
1706 4821 1915 4871 molari-

343 4888 457 4955 bus,
485 4892 663 4961 ﬂagris
695 4891 901 4956 insuper
924 4892 1267 4961 rverberanlea
1292 4890 1356 4939 ad
1397 4888 1692 4941 suburbiuin
1734 4890 1910 4941 itideut

342 4958 621 5023 abducunt,
646 4961 808 5025 ibique
828 4960 1080 5027 lapidibus
1103 4958 1429 5025 inter/icium.

417 5031 445 5065 τί
475 5028 709 5082 Iuventii.
747 5026 920 5081 Potius
949 5029 1200 5085 Juventii,
1234 5030 1369 5093 apud
1399 5028 1637 5079 Ticinum
1686 5027 1737 5079 in
1771 5026 1915 5081 Itala

344 5099 604 5169 episcopi.
649 5100 694 5153 Is
722 5100 789 5151 ab
819 5098 975 5151 Herm
996 5114 1161 5165 igot'a,
1193 5098 1449 5163 discipulo
1480 5097 1516 5151 S
1562 5097 1729 5169 Marci
1752 5112 1916 5149 evan-

344 5167 569 5238 gelista,
618 5170 685 5223 ad
731 5184 846 5222 eam
894 5169 1074 5238 urbem
1118 5183 1226 5238 nua
1263 5181 1380 5219 cum
1433 5169 1489 5219 S.
1519 5169 1652 5234 Syro
1685 5167 1916 5220 directus

347 5237 453 5301 est,
483 5249 538 5291 et
563 5240 722 5292 ambo
753 5240 859 5291 illic
885 5237 1079 5289 L’btisti
1112 5237 1450 5304 Evangelxum
1486 5238 1831 5302 praedicantes
1864 5247 1916 5289 et

352 5309 561 5377 magnis
587 5309 867 5361 virtutibus
917 5317 1257 5361 coruscantes
1303 5307 1459 5359 etiam
1512 5306 1709 5357 vit-iuas
1760 5308 1916 5359 urch

348 5380 547 5431 divmis
576 5378 821 5445 operibus
852 5378 1201 5436 iiillsll'ﬂrllttl,
1232 5387 1281 5428 et
1312 5380 1540 5442 glorioso
1571 5378 1669 5427 line
1699 5377 1912 5442 qttievc-

349 5458 476 5501 runt
504 5452 554 5500 in
585 5463 729 5513 pace.
758 5445 829 5498 De
861 5451 958 5499 hoc
993 5447 1259 5500 l'suardus
1291 5461 1357 5498 χιι
1392 5446 1737 5511 Septembris.

428 5526 452 5554 ⁸
498 5519 803 5585 Apolloniw.
855 5516 927 5568 De
981 5517 1075 5567 hae
1123 5518 1400 5585 Dionysius
1453 5532 1501 5567 tu
1550 5516 1738 5567 Euseb.
1771 5514 1915 5568 Eccl.

351 5588 487 5641 llist.
520 5603 593 5646 vt.
625 5587 712 5649 41,
762 5588 838 5636 sic
884 5586 1232 5638 scribit:Sed
1277 5596 1323 5637 et
1371 5585 1726 5638 admirandam
1773 5585 1917 5638 illaut

348 5666 602 5728 proret'tw
628 5657 792 5711 atatis
820 5656 1058 5723 virginem
1084 5658 1397 5723 Apolloniam
1441 5667 1555 5709 tunc
1590 5660 1918 5723 comprehen-

2005 3915 2204 3968 derunt.
2239 3913 2305 3966 Et
2344 3912 2583 3966 maxillas
2615 3914 2817 3982 quidem
2851 3916 2966 3984 ejus
3005 3915 3343 3977 verberantes.
3379 3932 3584 3977 cunctos

2006 3986 2051 4037 ri
2064 3986 2242 4061 dentes
2263 3986 2858 4061 excu_sserunt.__._lccenso
2882 3996 3048 4061 autem
3073 4001 3214 4040 extra
3242 3990 3413 4042 urbem
3437 4009 3578 4061 roga,

2008 4056 2329 4131 minabantur
2348 4056 2512 4106 vivam
2536 4070 2592 4131 se.
2610 4055 2751 4106 illam
2770 4057 3160 4131 ‘cornbusturos,
3189 4061 3288 4111 nisi
3317 4076 3429 4112 cum
3461 4055 3585 4131 ipsis

2007 4125 2160 4192 impia
2185 4124 2331 4196 verba
2354 4125 2720 4196 pronuntiaret.
2748 4125 2808 4176 At
2835 4126 3146 4196 illaveniam
3170 4128 3432 4194 deprecari
3454 4124 3581 4196 pau-

2008 4195 2161 4266 lisper
2199 4195 2322 4255 visa,
2361 4201 2512 4260 atque
2547 4195 2745 4266 interim
2785 4195 3016 4266 dimissa,
3057 4197 3285 4249 celeriter
3326 4200 3379 4250 in
3418 4202 3583 4266 ignem

2009 4264 2186 4315 insiliat
2221 4273 2266 4316 et
2288 4264 2652 4330 conﬂagravit,
2693 4263 2967 4331 imperante
2993 4265 3162 4318 Decio.

2091 4332 2107 4370 ί
2142 4332 2367 4387 Thamar.
2401 4332 2672 4400 Depositio
2702 4333 2921 4386 ’l‘tiomae
2959 4336 3119 4388 etiam
3152 4335 3319 4403 pridie
3348 4338 3588 4393 celebra-

1942 4402 1993 4461 D
2020 4414 2117 4456 tur.

2084 4482 2108 4519 8
2140 4472 2397 4525 Anaberti.
2429 4472 2697 4526 Procreati
2752 4488 2778 4524 a
2810 4483 2955 4537 patre
2985 4474 3188 4529 Sivvino
3220 4476 3269 4529 iit
3319 4491 3451 4543 pago
3487 4478 3590 4530 \‘e-

2012 4543 2330 4613 liocastino.‘
2368 4543 2441 4595 Ex
2492 4544 2812 4596 Fontauella:
2870 4549 3194 4599 monasterio
3241 4549 3376 4613 quod
3429 4549 3586 4599 situm

2012 4624 2093 4666 est
2124 4613 2176 4665 in
2209 4611 2475 4665 territorio
2500 4613 2906 4676 Rothotnageusi
2939 4615 3001 4665 ad
3026 4611 3350 4679 Sequanam,
3385 4631 3589 4669 assmu-

2016 4693 2135 4749 pltts
2163 4689 2243 4735 est
2273 4693 2387 4746 post
2434 4683 2489 4734 S.
2519 4685 2827 4735 Audoenutu
2882 4685 2933 4734 in
2964 4686 3269 4750 episcopum
3302 4684 3592 4737 llotbonia-

2015 4766 2253 4819 genscm.
2287 4752 2495 4802 Delatus
2525 4752 2662 4817 apud
2697 4754 2986 4818 principem
3024 4754 3284 4818 l’ipinum,
3321 4758 3590 4807 humiliter

2014 4823 2176 4872 subiit
2206 4821 2378 4873 exsilii
2410 4836 2701 4872 terumuaiu
2738 4826 2785 4872 in
2818 4823 3125 4876 Altomoute
3156 4823 3445 4876 llanuoui.c
3479 4843 3589 4875 mo-

2017 4891 2265 4943 nasterio.
2329 4888 2424 4942 Ubi
2471 4891 2630 4941 e:iaui
2685 4894 2869 4942 mortis
2914 4896 3093 4956 quiete
3146 4893 3420 4947 dormivit.
3470 4895 3594 4947 l’o~t

2019 4969 2242 5012 mortem
2276 4974 2402 5011 vero
2436 4959 2581 5025 petiit
2629 4962 2815 5012 referri
2852 4960 3238 5014 Foutnuellzim.
3274 4963 3423 5016 Unde
3454 4966 3594 5016 liab-

2017 5031 2242 5102 dulphus
2287 5031 2454 5102 abbas
2476 5031 2783 5102 Alttutoutis
2830 5046 3038 5102 summo
3071 5037 3269 5102 hutnore
3313 5048 3502 5102 corpus
3532 5051 3596 5087 eo

2018 5099 2222 5152 detulit.
2276 5098 2423 5163 Quod
2471 5099 2661 5150 factum
2690 5114 2763 5152 es:
2796 5115 2943 5151 anno
2978 5101 3101 5153 69$.

2094 5165 2121 5204 ιι
2154 5167 2433 5242 Benedicti.
2484 5168 2622 5242 Nihil
2675 5172 2741 5242 de
2793 5171 2890 5221 hoc
2943 5171 2994 5222 in
3042 5171 3157 5225 aliis
3189 5172 3595 5242 Martyrologiis.

2023 5238 2098 5291 De
2129 5253 2194 5291 eo
2219 5239 2412 5290 dicitur
2447 5252 2530 5288 ut
2564 5237 2752 5289 Martii.

2105 5306 2117 5344 ί
2165 5308 2335 5360 Senrr.
2390 5307 2673 5359 Bollaudus
2719 5307 2941 5368 dubitat,
2989 5323 3056 5361 an
3112 5310 3223 5364 haec
3268 5312 3335 5365 sit
3366 5311 3420 5365 S.
3452 5310 3599 5365 Xena

2022 5378 2135 5431 sive
2166 5378 2411 5440 Eusebia,
2449 5381 2592 5443 virgo
2625 5378 2881 5439 llotttaua,
2915 5379 3129 5448 Mylttsm
3178 5381 3229 5433 itt
3260 5381 3410 5433 Caria
3459 5395 3601 5435 mor-

2025 5458 2144 5507 tua;
2185 5462 2249 5496 an
2283 5450 2502 5506 Seruna,
2538 5463 2687 5509 cupis
2714 5452 2781 5497 ad
2813 5448 2975 5499 Melas
3007 5449 3181 5501 altatae
3211 5451 3303 5502 reli
3327 5452 3468 5512 iuize.

2096 5517 2110 5566 i
2151 5515 2338 5568 Zotici.
2372 5515 2604 5583 Tempus
2637 5518 2874 5585 martyrii
2908 5519 3102 5570 indicat
3124 5520 3444 5583 Galesiuius,
3474 5519 3607 5573 scri-

2026 5587 2156 5639 bens
2177 5588 2281 5709 ltios
2323 5589 2374 5637 in
2410 5586 2634 5638 Deciana
2668 5599 3036 5655 persecutione
3070 5602 3165 5656 pro
3194 5589 3415 5642 Christo
3448 5604 3605 5645 iteca-

2028 5668 2106 5709 tos
2141 5672 2170 5707 o
2196 5670 2356 5709 uisse.

2028 5668 2106 5711 108
2141 5668 2356 5709 01111836.
