3940 6188
315 307 412 361 ειι

1409 304 1596 362 SECT.
1639 304 1706 361 II.
1747 335 1816 347 --
1856 300 2407 360 MARTYRULOGIA.

3440 307 3548 365 84‘!

1557 415 1788 472 EDITIO
1827 414 2286 471 COLONIENSIS.

309 511 373 564 ad
405 523 558 563 suam
588 507 871 564 ecclesiam
904 507 1219 563 Interamna:
1249 509 1417 575 urbis,
1448 520 1604 564 noctu
1635 508 1878 577 sepelie-
1902 515 1949 569 Α
1979 508 2129 577 tyris.
2159 508 2259 572 Qui
2303 521 2421 562 cum
2480 506 2697 562 haberet
2746 507 2907 561 tilium
2959 505 3288 562 Cerimonem
3335 511 3548 565 nomine

306 613 451 656 runt.
483 600 583 655 Ubi
612 615 731 653 cum
763 601 1083 668 quntidianis
1115 601 1308 671 vigiliis
1340 601 1667 662 incubarent,
1700 600 1881 654 tentia

306 690 599 761 gentilibus
652 690 909 743 custodia:
953 700 1076 744 sunt
1106 692 1279 744 traditi
1324 691 1588 745 consulari
1628 690 1879 756 Leontio;

306 796 442 850 quos
471 781 561 834 ille
584 780 745 849 jussit
773 780 945 834 noctis
993 781 1168 835 medio
1220 782 1330 835 suis
1372 782 1719 835 tribunalibus
1746 795 1881 849 prae-

307 872 529 935 sentari,
570 880 623 923 et
680 884 798 923 cum
840 884 869 923 a
913 871 1013 923 fide
1056 871 1317 930 revocari.
1366 885 1463 924 nec
1506 871 1878 925 blandimentis

311 975 409 1014 nec
440 959 600 1013 minis
633 968 866 1023 possent,
894 958 1051 1026 jussit
1078 960 1249 1026 capite
1275 960 1425 1022 caedi,
1457 962 1545 1029 qui
1590 976 1692 1013 non
1724 960 1880 1028 longe

307 1059 436 1105 sunt
481 1064 511 1103 a
541 1063 765 1117 corpore
794 1050 963 1102 sancti
1008 1049 1269 1102 Valentini
1311 1052 1523 1118 sepulti.
1572 1050 1766 1103 Eodem
1794 1049 1880 1103 die

311 1151 617 1194 sanctorum
671 1150 964 1208 martyrum
1020 1137 1236 1205 Vitalis,
1275 1139 1518 1192 Feliculm
1548 1151 1600 1193 et
1628 1140 1877 1195 Zenonis.

313 1231 468 1298 Apud
499 1228 873 1283 Alexandriam
900 1238 1203 1281 sanctorum
1233 1229 1399 1291 Bassi,
1430 1230 1663 1291 AntOnii,
1697 1229 1880 1283 Prom-

308 1319 415 1383 lici,
445 1319 535 1388 qui
581 1318 817 1372 immersi
849 1327 971 1371 sunt
1010 1318 1165 1371 mari.
1217 1317 1347 1371 Item
1398 1316 1627 1371 Cirinnis
1662 1320 1880 1389 presby-

311 1408 431 1473 teri,
464 1408 692 1471 Moseos,
728 1407 963 1459 Bassiani
995 1406 1230 1469 lectoris,
1258 1406 1549 1475 Agathonis
1578 1410 1873 1472 exorcistae,

306 1498 394 1565 qui
428 1510 617 1550 omnes
658 1494 762 1563 igni
792 1495 1055 1549 combuSIi
1086 1504 1226 1549 sunt.
1285 1496 1411 1548 Item
1452 1494 1715 1565 Dionysii,
1744 1494 1876 1549 Am-

307 1590 471 1642 monii
498 1588 897 1643 decullatnrum.

380 1677 445 1731 D.
472 1676 562 1731 XV
589 1674 723 1731 Κιι..
747 1676 966 1730 Μιιιτιι.
989 1703 1058 1716 -
1080 1674 1260 1729 Romae
1282 1676 1446 1732 sancti
1467 1675 1714 1731 Cratonis
1739 1691 1880 1730 mar-

1981 600 2377 664 scholasticum,
2407 600 2492 667 qui
2525 599 2851 653 incideratin
2892 600 3257 667 aegritudinem
3288 602 3543 667 gravissi-

1985 704 2146 753 mam,
2169 704 2394 758 eumqne
2416 689 2568 743 beato
2595 687 2871 742 Valentino
2895 689 3145 758 episc0po
3166 690 3229 742 ad
3252 693 3544 745 sanandum

1982 778 2280 843 obtulisset,
2313 779 2413 833 sub
2444 778 2530 832 tali
2558 779 2865 834 conditione
2886 822 2900 847 ,
2929 789 2984 832 ut
3013 780 3056 833 si
3090 794 3219 847 puer
3246 792 3547 845 sanaretur,

1983 870 2096 939 ipse
2122 884 2242 924 cum
2273 871 2415 923 omni
2446 870 2605 924 domo
2633 886 2727 925 sua
2777 873 2927 924 tieret
2956 871 3276 926 christianos
3296 914 3310 938 ,
3361 884 3550 928 sanato

1986 975 2169 1029 puero,
2203 961 2344 1029 quod
2378 962 2719 1026 promiserat,
2752 961 3024 1029 implevit;
3056 972 3213 1029 atque
3236 977 3356 1017 cum
3385 979 3548 1018 uxore

1981 1060 2037 1105 et
2064 1050 2308 1104 universa
2339 1050 2499 1105 domo
2523 1051 2841 1119 baptizatus,
2868 1069 2971 1105 non
3005 1054 3189 1107 multis
3216 1065 3333 1122 post
3362 1054 3547 1109 diebus

1981 1139 2238 1208 martyrio
2262 1150 2347 1193 est
2374 1150 2791 1194 consummatus.
2827 1141 2882 1193 ln
2914 1140 3094 1195 Galliis
3119 1143 3328 1198 civitate
3359 1143 3545 1197 \‘asio-

1982 1242 2164 1290 nense,
2193 1227 2461 1294 depositio
2491 1226 2723 1293 Quinidii
2751 1228 3008 1295 cpiscopi,
3060 1230 3210 1299 cujus
3242 1240 3461 1285 mortem
3492 1231 3544 1285 iu

1979 1324 2265 1383 conspectu
2298 1315 2504 1368 Domini
2538 1314 2825 1383 pretiosam
2858 1316 3107 1369 miracula
3133 1319 3317 1372 crebra
3350 1329 3547 1373 testan-

1982 1414 2085 1459 tur.
2110 1406 2165 1458 lu
2194 1405 2473 1458 Antiochia
2504 1404 2676 1458 natale
2706 1405 2875 1459 sancti
2906 1404 3100 1473 Jnseph
3125 1407 3224 1460 diai
3245 1408 3352 1471 oni,
3376 1406 3546 1461 Zeno-

1981 1498 2084 1552 nis.
2112 1497 2440 1562 lnteramnac,
2464 1495 2640 1551 natale
2668 1507 2866 1551 sanctae
2891 1497 3085 1565 Agapa:
3107 1498 3347 1568 virginis,
3369 1500 3547 1552 Satur-

1983 1588 2095 1644 nini
2116 1596 2171 1643 et
2191 1588 2440 1641 Castulaz.
2461 1586 2516 1641 In
2534 1587 2747 1643 civitate
2772 1587 2956 1644 Prcxia
2980 1596 3284 1643 sanctorum
3309 1589 3545 1645 Faustini

1982 1685 2038 1733 et
2063 1677 2240 1731 lenita:
2265 1687 2578 1748 martyrum.

1537 1764 1762 1820 sumo
1804 1736 2300 1821 BOLLANDlANA.

317 1864 341 1892 ⁸
371 1856 670 1928 presbyteri
724 1855 903 1909 Ilomze
950 1855 1080 1923 :qui
1140 1864 1255 1924 post
1292 1854 1459 1908 multa
1508 1855 1787 1907 sanitatum
1831 1863 1885 1909 ct
1917 1861 1959 1920 Β
1988 1862 2223 1924 possent,
2270 1853 2426 1922 jussit
2471 1853 2643 1924 capite
2687 1853 2857 1906 ca‘di:
2900 1854 2988 1922 qui
3020 1869 3123 1907 non
3163 1854 3316 1924 longe
3346 1867 3467 1908 sunt
3513 1871 3543 1909 a

310 1950 571 2004 doctrinm
594 1947 813 2019 insignia
842 1945 1065 1999 fustibus
1085 1960 1275 2011 caesus,
1298 1956 1350 1999 et
1371 1945 1448 1999 sic
1475 1945 1766 1999 decollatus
1790 1954 1872 1999 est

309 2040 409 2092 sub
457 2036 685 2092 Claudio
717 2036 944 2089 Caesare.
991 2034 1183 2088 Eodem
1216 2035 1299 2088 die
1324 2034 1495 2088 natale
1517 2034 1572 2089 8.
1606 2033 1871 2089 Valentini

312 2125 726 2183 Interamnensis
765 2123 790 2162 δ
837 2126 1106 2194 episcopi:
1139 2125 1226 2194 qui
1274 2132 1449 2179 tentus
1490 2139 1519 2178 a
1565 2126 1778 2194 paganis
1810 2141 1872 2180 ac

317 2217 479 2286 virgis
496 2232 686 2280 cmsus,
703 2223 756 2270 et
778 2224 895 2285 post
912 2215 1207 2268 diuturnam
1228 2213 1422 2269 σπάθαι
1444 2214 1694 2268 custodiae
1718 2230 1871 2269 man-

307 2310 537 2378 cipatus,
567 2322 684 2362 cum
728 2308 964 2375 superari
998 2322 1100 2359 non
1130 2315 1328 2374 posset,
1376 2305 1561 2359 mediae
1593 2308 1765 2360 noetis
1804 2307 1874 2360 si-

311 2395 480 2451 lentio
509 2394 708 2466 cjectus
739 2395 806 2448 de
831 2409 1045 2449 carcere
1068 2394 1357 2448 decollatus
1380 2404 1480 2457 est,
1503 2396 1655 2462 jussu
1680 2395 1871 2448 furiosi

313 2491 541 2548 Placidii
573 2492 716 2546 urbis
744 2492 1000 2562 prafecti.
1032 2492 1145 2546 Iluc
1176 2506 1341 2562 usque
1386 2495 1448 2544 Α.
1492 2492 1638 2546 Tunc
1669 2493 1872 2548 Procu-

318 2585 424 2653 Ius,
457 2584 652 2657 Elybus
700 2583 791 2656 [0.
825 2583 887 2637 T.
914 2583 976 2637 L.
999 2624 1015 2652 ,
1046 2581 1253 2654 Esibus]
1292 2593 1345 2640 et
1376 2584 1683 2653 Apollonius
1712 2588 1873 2640 disci-

310 2676 425 2744 puli
472 2676 608 2743 ejus,
640 2675 1015 2730 transferentes
1059 2688 1252 2743 corpus
1291 2675 1355 2729 ad
1389 2689 1536 2730 suam
1591 2675 1872 2731 ecclesiam

309 2766 732 2822 Interamnanam
764 2767 970 2831 urbem,
1022 2776 1177 2820 noctu
1206 2767 1535 2835 sepelierunt
1580 2785 1593 2820 :
1626 2767 1715 2821 ubi
1744 2782 1867 2822 cum

310 2854 636 2927 quatidianis
668 2858 858 2928 vigiliis
909 2858 1242 2921 incubarent,
1297 2858 1426 2912 tenti
1475 2872 1502 2910 a
1550 2858 1872 2927 gentilibus,

306 2948 571 3003 custodia:
600 2959 722 3003 sunt
769 2947 946 3003 traditi
990 2946 1267 3003 Consulari
1316 2946 1556 3003 Leontio.
1607 2948 1752 3015 Quos
1785 2950 1876 3004 ille

308 3039 469 3109 jussit
498 3040 672 3095 medio
703 3041 872 3093 noctis
903 3038 1011 3094 suis
1038 3039 1387 3094 tribunalibus
1418 3040 1723 3107 prtesentari
1756 3058 1768 3093 :
1822 3049 1876 3095 et

309 3147 435 3189 eum
480 3147 511 3186 a
550 3132 652 3187 ﬁde
697 3133 939 3187 revocari
1004 3146 1100 3186 nec
1150 3131 1522 3187 blandimentis
1568 3147 1665 3187 nec
1716 3131 1874 3188 minis

1979 1957 2205 2013 corpore
2228 1944 2286 1999 8.
2319 1943 2579 1997 Valentini
2611 1943 2825 2011 sepulti.

2048 2079 2112 2129 A.
2144 2076 2205 2130 T.
2241 2075 2322 2141 L.,
2347 2076 2542 2129 Eodem
2574 2074 2657 2128 die
2686 2076 2857 2129 natale
2882 2074 2976 2129 SS.
3012 2084 3035 2112 ο
3062 2075 3266 2141 Vitalis,
3293 2075 3537 2130 Felicula:

1976 2154 2029 2200 et
2061 2145 2308 2200 Zenonis.
2356 2145 2440 2215 L.,
2484 2146 2537 2197 In
2585 2145 2899 2198 Alexandria
2935 2148 2962 2188 ἀ
3004 2143 3273 2213 Bassiani,
3303 2146 3536 2215 Orionis,

1977 2216 2291 2286 Agathonis,
2320 2214 2407 2281 qui
2437 2217 2554 2282 igne
2580 2215 2839 2268 combusti
2866 2225 3008 2268 sunt.

2051 2322 2137 2377 I5.
2170 2352 2237 2363 -—
2265 2320 2355 2377 XV
2394 2321 2531 2378 KAL.
2566 2320 2728 2376 Vacat
2764 2322 2940 2377 Baeda.

2049 2433 2234 2488 Florus
2262 2434 2312 2487 in
2346 2434 2406 2488 A.
2438 2433 2502 2487 Τ.
2532 2433 2621 2500 L.,
2657 2433 2915 2488 Bituricas
2957 2432 3221 2501 depositio
3253 2434 3315 2490 8.
3352 2446 3373 2472 ο
3421 2438 3530 2490 Λιι-

1979 2504 2230 2571 stregisili
2257 2504 2491 2571 episcopi
2517 2515 2571 2557 et
2615 2506 2934 2559 confessoris
2962 2520 2977 2557 :
3007 2508 3096 2574 qui
3142 2504 3196 2559 in
3246 2504 3340 2561 Dei
3374 2507 3528 2561 rebus

1978 2575 2286 2640 tnaguilicus
2315 2584 2474 2639 atque
2500 2574 2713 2641 insignis
2740 2574 2859 2627 fuit.

2052 2644 2137 2709 D.,
2172 2646 2350 2695 Itonia:
2380 2644 2438 2695 8.
2472 2643 2484 2676 ί
2505 2644 2745 2697 Cratonis
2766 2644 3031 2711 martyris.
3058 2644 3207 2711 Apud
3237 2644 3531 2700 Sebastiam

1981 2715 2156 2780 passio
2186 2714 2245 2768 8.
2276 2721 2299 2759 3
2333 2712 2494 2765 Blavii
2521 2712 2777 2780 episc0pi.
2810 2712 2875 2765 ν.
2905 2713 2991 2779 C.,
3023 2712 3334 2767 Interamnae
3356 2718 3529 2769 natale

1981 2782 2035 2837 S.
2069 2778 2097 2819 δ
2129 2784 2319 2849 Agapae
2343 2778 2579 2850 virginis,
2611 2778 2902 2850 Saturnini,
2935 2778 3183 2846 Castalii,
3219 2784 3408 2851 Magni.
3436 2782 3525 2851 γ..

1981 2851 2035 2905 In
2069 2851 2342 2905 Antiochia
2372 2852 2565 2917 Josepb
2604 2852 2813 2905 Diaconi
2842 2867 2891 2905 et
2926 2851 3165 2916 Romani,
3200 2855 3369 2914 Lucii,
3425 2854 3530 2907 llos

1979 2922 2106 2990 gati.
2137 2922 2194 2991 C.
2228 2920 2447 2975 Lucium
2482 2922 2961 2975 lnteramnensibus
2990 2922 3176 2991 jungit.
3224 2926 3288 2976 A.
3315 2922 3404 2987 T.,
3434 2922 3529 2977 ad-

1980 2994 2112 3044 dunt
2156 2990 2212 3046 S.
2246 2993 2437 3059 Agapze
2467 2992 2639 3045 socios
2669 3002 2924 3059 martyres
2952 2990 3118 3044 XXX.
3149 2991 3237 3057 'I‘.,
3272 2993 3339 3045 Et
3363 2992 3527 3060 depo-

1984 3062 2105 3115 sitio
2156 3062 2213 3117 S.
2261 3062 2459 3116 Salviui
2504 3061 2743 3129 episcopi
2788 3072 2841 3115 et
2884 3062 3223 3116 confessoris.
3281 3063 3397 3130 Ipso
3439 3065 3529 3117 die

1982 3133 2158 3201 passio
2206 3133 2262 3187 8.
2302 3130 2318 3168 ί
2354 3131 2610 3186 Desiderii
2651 3130 2883 3201 episcopi
2913 3142 2966 3187 et
3013 3133 3281 3203 martyris.
3329 3134 3524 3191 Eodem

1683 3238 1890 3296 SMI'I‘II
1930 3238 2159 3296 NOTAE.

384 3345 403 3365 ⁸
432 3332 742 3414 Presbyteri.
776 3329 943 3414 Quem
972 3330 1188 3414 Claudio
1216 3330 1447 3386 secundo
1475 3331 1792 3414 imperatore
1816 3333 1866 3386 in
1894 3352 1940 3414 ε

299 3406 699 3477 amphitheatro
744 3402 844 3477 sibi
894 3410 1265 3477 praesentarium
1307 3414 1543 3477 rogante,
1594 3418 1689 3477 cu_r
1733 3403 1866 3477 Deos

301 3470 410 3531 non
457 3475 741 3534 adoraret;
788 3472 877 3525 ille
907 3470 1103 3523 Christi
1156 3470 1311 3524 fidem
1358 3471 1538 3523 multis
1571 3473 1862 3526 rationibus

301 3547 551 3615 probavit
568 3543 631 3615 in
665 3549 886 3615 tantum,
920 3550 978 3593 ut
1007 3541 1494 3615 iiuperantoripsum
1510 3542 1573 3594 de
1602 3541 1861 3615 sapientia

299 3608 720 3670 commendaret.
756 3610 948 3664 Verum
998 3610 1124 3664 dum
1176 3608 1528 3678 Calphurnius
1582 3608 1861 3678 prmfectus

298 3686 507 3739 diceret
546 3682 922 3749 imperatorem
956 3680 1253 3742 seductum,
1294 3679 1505 3749 tradidit
1542 3694 1663 3733 eum
1707 3680 1861 3733 Aste-

299 3757 383 3811 rio
415 3748 638 3823 principi
665 3761 726 3823 _ut
756 3750 808 3801 in
838 3748 1233 3823 domnmsuam
1279 3748 1564 3802 adductum
1611 3749 1676 3823 ad
1727 3750 1861 3803 Deo-

298 3817 430 3879 rum'
451 3817 710 3877 sacriﬁcia
739 3819 1008 3872 suaderet.
1034 3817 1166 3871 Cum
1194 3826 1367 3872 autem
1396 3828 1610 3873 sanctus
1636 3819 1853 3872 domum

303 3890 559 3963 principis
584 3891 854 3953 intrasset,
886 3888 1043 3941 filiam
1085 3887 1201 3954 ejus
1235 3889 1543 3963 adoptivain
1574 3903 1765 3963 cmcam
1800 3890 1861 3963 il-

300 3956 603 4022 luminavit,
633 3969 685 4012 et
715 3972 836 4011 mox
866 3972 988 4027 eum
1020 3972 1137 4011 cum
1165 3957 1278 4027 suis
1306 3956 1568 4027 convertit
1605 3957 1861 4027 ct’bapti-

301 4033 463 4087 zavit.
496 4030 611 4096 Quo
635 4026 876 4097 cognitu,
895 4024 1145 4097 Claudius
1167 4026 1230 4079 ad
1250 4026 1513 4097 civitatem
1541 4027 1739 4081 Ostiam
1761 4024 1860 4081 As-

301 4104 493 4155 terium
522 4095 577 4152 et
603 4095 815 4150 omnem
857 4095 1106 4149 familiam
1151 4095 1317 4149 occidi
1361 4095 1546 4165 jussit;
1578 4098 1632 4151 8.
1682 4106 1857 4151 autem

302 4171 641 4229 Valentinum
675 4166 901 4219 fustibus
930 4166 1083 4229 caedi,
1110 4173 1165 4219 et
1193 4168 1274 4218 via
1305 4166 1554 4219 Flaminia
1586 4166 1858 4220 decollari.

295 4238 464 4309 tinjus
493 4250 687 4309 corpus
713 4250 744 4288 a
771 4236 998 4309 quadam
1027 4243 1264 4309 matrona
1292 4234 1559 4309 savinella
1591 4236 1857 4309 incudem

296 4303 415 4365 loco
462 4306 727 4374 sepultum
754 4303 854 4374 est.
888 4305 1076 4374 Petrus
1099 4304 1165 4358 de
1194 4303 1363 4357 Natal.
1385 4331 1459 4344 —
1479 4305 1739 4374 Claudius
1770 4322 1857 4360 re--

298 4393 462 4449 gnare
492 4372 771 4449 ciepitan.
797 4373 925 4437 268,
954 4372 1165 4449 circjter
1191 4373 1331 4449 diem
1363 4389 1415 4449 rx
1443 4372 1775 4449 ΔΚιιΙζΑρι..
1806 4386 1860 4430 et

298 4443 535 4518 regnavit
562 4443 627 4500 ad
661 4444 865 4498 Initium
883 4456 983 4518 _an.
1019 4444 1154 4518 270;
1183 4445 1358 4518 obitus
1388 4444 1627 4518 igitu_r_§.
1663 4443 1857 4498 Valen-

302 4512 396 4571 tin'i
440 4517 745 4572 necessario
774 4514 1126 4568 conferendas
1155 4522 1240 4566 est
1270 4514 1321 4565 in
1368 4512 1453 4565 au.
1506 4512 1649 4575 269;
1684 4529 1857 4583 neque

295 4590 437 4643 enim
472 4600 654 4640 mense
697 4584 988 4638 Februario
1034 4583 1159 4636 anni
1189 4585 1460 4651 sequentis
1509 4583 1563 4636 in
1593 4583 1725 4637 vivns
1756 4588 1858 4639 luit

292 4658 570 4713 Claudius.

364 4726 393 4765 ³
425 4725 687 4792 Episcopi.
737 4721 975 4780 Ordinati
1021 4720 1252 4793 episc0pi
1282 4736 1310 4774 a
1341 4720 1398 4776 S.
1436 4721 1705 4776 Feliciano
1732 4723 1848 4789 epi-
1887 4733 1933 4793 ι)

291 4811 458 4865 scopo
473 4790 742 4864 ‘Fagi'nate
774 4795 1033 4865 permissu
1060 4790 1495 4865 Victorispapaz;
1527 4794 1605 4846 vel
1627 4795 1725 4849 sub
1743 4798 1849 4848 Au.

296 4861 504 4922 reliano
531 4861 612 4918 vel
649 4861 869 4918 Claudio
897 4862 1058 4931 passi.
1094 4861 1334 4914 Bolland.

366 4950 389 4976 ε
422 4933 629 4989 Vitatis.
664 4934 929 4988 Usuardus
956 4941 1010 4986 et
1036 4931 1151 4984 Ado
1179 4933 1357 4984 lionwe
1391 4933 1485 4985 hos
1512 4944 1694 5000 passos
1721 4933 1853 4986 scri-

294 5007 447 5061 bunt.
503 5002 767 5059 Notkerus
814 5008 974 5056 etiam
1021 5002 1157 5053 viain
1204 5002 1541 5055 Ardealiltaut
1597 5002 1852 5069 adjungit.

296 5077 523 5130 Cbinius
551 5075 602 5128 in
646 5073 898 5141 Catnlogn
934 5082 1237 5141 sanctorum
1269 5068 1491 5141 Yitalcm
1539 5068 1693 5125 vocat
1740 5068 1857 5139 pre-

291 5150 592 5216 shyterum,
637 5153 691 5198 et
721 5140 1131 5198 Wandelbertus
1175 5140 1232 5195 8.
1266 5140 1553 5195 Feliculam
1601 5143 1855 5211 virginem

289 5218 545 5270 celebrat.

370 5283 398 5323 δ
424 5282 681 5337 Bassiani.
733 5280 1016 5336 Bassianus
1046 5280 1211 5335 lector
1256 5278 1382 5344 fuit;
1414 5278 1596 5344 Orion,
1628 5280 1709 5335 vel
1753 5281 1857 5351 Cy-

289 5356 429 5420 rion,
464 5356 773 5423 presbyter;
802 5353 1006 5423 Agatho
1034 5351 1318 5423 exorcista.

367 5419 763 5493 ‘Auureéisili.
819 5419 971 5489 Apud
1024 5421 1208 5493 urbem
1265 5419 1641 5493 Bituricensem
1702 5424 1871 5493 patre

288 5492 541 5549 Caudino
591 5490 678 5547 hic
731 5500 885 5546 natus
934 5500 1035 5550 est,
1084 5490 1394 5543 adolescens
1445 5490 1573 5542 vixit
1621 5490 1674 5543 in
1728 5491 1849 5544 aula

285 5562 603 5619 Cuntramni
662 5563 823 5631 regis,
857 5570 1035 5628 postea
1079 5574 1107 5611 a
1143 5558 1464 5631 B.Aunario
1514 5560 1847 5631 Autissiodu-

286 5638 431 5689 rensi
461 5628 1016 5702 episcopo'ordinatus
1039 5641 1115 5682 est
1145 5629 1534 5702 subdiaconus;
1558 5630 1625 5682 ab
1656 5628 1843 5702 dilbe-

283 5720 380 5761 rco
435 5698 774 5773 Lugdunensi
824 5701 1075 5768 episcopo
1137 5698 1411 5769 prcsbjter
1463 5711 1517 5755 et
1568 5702 1732 5755 abbas
1778 5700 1836 5754 Β.

572 5803 841 5864 Γιτιιοι..
890 5798 1103 5859 XCIV.

1973 3332 2182 3387 Nicetii.
2233 3330 2455 3397 Deinde,
2486 3338 2695 3403 mortuo
2734 3331 3026 3398 Apollinari
3058 3332 3369 3387 Bituricansi
3413 3334 3526 3403 epi-

1970 3417 2154 3470 scopo,
2181 3406 2230 3455 in
2256 3403 2370 3470 ejus
2397 3410 2566 3455 locum
2586 3402 2835 3457 suffectus
2862 3412 2965 3465 est,
2993 3414 3046 3457 et
3090 3419 3206 3457 eam
3237 3404 3524 3460 Ecclesiam

1966 3472 2247 3526 duodecim
2278 3473 2429 3525 annis
2452 3472 2858 3525 adtniuist-ravit.
2882 3473 3026 3525 Ubiit
3050 3474 3257 3525 tandem
3282 3490 3369 3527 an.
3395 3473 3520 3530 6.57.

1963 3544 2095 3594 Acta
2141 3541 2277 3609 apud
2326 3540 2536 3594 Snrinm
2586 3551 2715 3595 tom.
2769 3540 2853 3596 Ill.
2900 3542 3123 3596 Ghinius
3148 3542 3420 3596 Senensis.
3453 3570 3526 3585 --

1966 3611 2258 3674 Usuardus,
2295 3609 2580 3672 Notkerus,
2638 3611 2912 3675 Duronius,
2947 3612 3129 3663 l’etrus
3152 3612 3218 3663 de
3247 3611 3523 3669 Natalibns

1960 3690 2015 3734 et
2046 3682 2298 3747 pleraque
2323 3681 2690 3748 Martyrologia
2723 3681 2877 3747 hujus
2905 3681 3285 3747 depositionem
3309 3696 3520 3736 memo-

1962 3758 2083 3803 rant
2112 3764 2203 3803 xm
2234 3749 2350 3803 Kal.
2383 3749 2543 3803 Junii.
2578 3749 2859 3802 Saus~atus
2891 3750 2955 3819 iur
2986 3750 3356 3819 Illartyrulngio
3403 3767 3512 3807 non

1960 3820 2364 3884 depositionem,
2400 3819 2491 3872 sed
2524 3819 2911 3871 ordinationem
2947 3818 3103 3872 hodie
3124 3818 3387 3875 celebrat.

2035 3887 2055 3928 ί
2084 3887 2338 3943 Cratonis.
2378 3889 2463 3943 Vir
2494 3888 2858 3959 Atheniensis,
2890 3898 3067 3942 orator
3094 3886 3300 3959 Romae,
3343 3891 3521 3959 lingua

1961 3958 2146 4013 Latina
2191 3970 2244 4013 et
2284 3959 2468 4013 Grmca
2518 3959 2716 4015 clarus.
2773 3958 2874 4023 Qui
2932 3974 3046 4011 cum
3098 3958 3300 4012 haberet
3356 3958 3522 4023 ﬁlium

1960 4029 2339 4083 Chwremanem
2365 4030 2595 4092 nomine,
2620 4029 3021 4099 _7qui_‘inriderat
3050 4029 3108 4099 in_
3146 4031 3519 4099 (egritudinem,

1958 4101 2026 4151 ad
2046 4115 2257 4168 euntque
2296 4100 2582 4152 sanandum
2610 4096 2674 4150 B.
2720 4095 3049 4151 Valentinum
3081 4095 3521 4168 Interamnement

1958 4182 2227 4230 euocasset,
2254 4170 2513 4238 eidemque
2541 4168 2705 4235 ipsum
2757 4170 2845 4218 sub
2874 4170 2961 4220 tali
2990 4167 3281 4221 conditione
3303 4168 3521 4222 obtulis-

1955 4250 2049 4301 set,
2075 4251 2127 4290 ut
2172 4239 2217 4290 ai
2266 4255 2389 4304 puer
2418 4248 2711 4302 sanaretur,
2751 4239 2781 4294 ἱ,
2805 4254 2857 4290 se
2885 4251 3003 4289 cum
3051 4238 3189 4289 omni
3237 4241 3389 4290 domo
3427 4254 3521 4291 sua

1958 4309 2094 4376 ﬁeret
2126 4307 2448 4362 Christianus
2469 4348 2482 4372 ,
2514 4317 2693 4360 sanato
2728 4322 2905 4376 puero,
2929 4305 3065 4374 quod
3109 4309 3405 4376 promiserat
3425 4308 3519 4360 im-

1958 4375 2106 4445 plevit
2133 4394 2151 4431 :
2181 4388 2327 4447 atque
2354 4395 2467 4431 cum
2499 4393 2653 4430 uxore
2692 4375 2736 4429 et
2765 4376 2997 4428 uitii-orsa
3027 4382 3176 4429 domo
3207 4375 3517 4447 baptizatus,

1958 4464 2055 4518 non
2086 4459 2195 4517 post
2226 4446 2409 4501 multo:
2435 4449 2542 4518 dies
2572 4447 2812 4518 martyrio
2833 4455 3206 4499 consummatus
3230 4455 3325 4499 est.
3359 4446 3515 4501 Baeda

1960 4516 2136 4585 Vulg},
2171 4518 2307 4584 Atio,
2339 4517 2553 4571 Nozker.

2026 4595 2051 4633 ε
2083 4586 2267 4639 Bluvii.
2319 4588 2518 4641 Forsan
2547 4586 2632 4641 hic
2673 4585 2813 4642 idem
2844 4596 2927 4641 est
2952 4601 3070 4640 cum
3113 4584 3170 4640 S.
3205 4584 3381 4638 Blasio
3417 4584 3506 4653 qui

1956 4658 2148 4710 Cultlttl‘
2178 4672 2235 4709 ιιι
2267 4656 2420 4711 Febr.

2032 4724 2059 4763 ιτ
2091 4729 2298 4795 Agapa’.
2328 4728 2455 4780 Acut
2481 4724 2598 4794 ejus
2624 4738 2699 4778 sne
2727 4725 2945 4793 exponit
2978 4723 3248 4795 Ferrarius
3275 4723 3327 4777 in
3352 4722 3507 4778 Cata-

1963 4797 2081 4865 lugo
2112 4792 2210 4866 88.
2244 4795 2399 4848 Italia:
2424 4792 2664 4866 :Agtpes
2681 4792 2816 4866 virgo
2842 4796 3024 4866 nabilia
3055 4792 3363 4846 Interamna:
3385 4805 3505 4847 nam

1960 4863 2051 4919 sub
2087 4863 2352 4918 Valentino
2378 4863 2613 4931 episcbpo
2642 4863 2924 4917 Interdum.
2958 4865 3134 4931 ﬂoruit
3157 4880 3175 4927 ;
3200 4880 3301 4915 una
3323 4880 3385 4917 ea:
3411 4881 3509 4915 nu-

1962 4951 2100 4989 mero
2128 4951 2322 4996 eorum,
2354 4948 2467 4999 qum
2495 4950 2557 4987 ea:
2578 4938 2799 5004 zjusdem
2820 4934 2879 4987 S.
2916 4932 3174 5004 Valentini
3200 4934 3515 5004 institutione

1960 5007 2033 5057 uti
2063 5004 2305 5057 manialcs
2337 5002 2609 5072 degebant;
2630 5004 2756 5055 Cum
2800 5012 2967 5056 auum
3002 5002 3267 5055 [dolorum
3296 5003 3512 5055 cultores

1955 5073 2011 5127 in
2061 5073 2373 5127 Christianos
2422 5076 2666 5140 furerent,
2714 5072 3118 5142 Intet'mnanae
3165 5074 3511 5142 eoaimaxime

1962 5155 2371 5214 persequerentur
2402 5153 2510 5209 post
2542 5144 2765 5214 magistri
2798 5154 3005 5195 mortem
3034 5153 3078 5195 et
3108 5144 3214 5210 ipsa
3258 5141 3513 5196 Interam-

1965 5230 2092 5267 mna:
2115 5212 2494 5282 comprehensa,
2525 5230 2635 5265 cum
2664 5216 2715 5265 in
2731 5212 2914 5266 Christi
2942 5215 3254 5279 confessione
3280 5214 3511 5265 immobi-

1962 5286 2023 5354 lis
2057 5285 2358 5354 persisteret,
2401 5284 2572 5349 gladio
2600 5284 2969 5354 animadversa,
3004 5283 3285 5354 virginitati
3316 5296 3512 5350 marty-

1960 5353 2026 5405 rii
2053 5353 2275 5421 palmam
2323 5354 2558 5420 adjunzit
2600 5369 2663 5405 xv
2706 5350 2832 5405 Κιιι.
2878 5350 3275 5423 Ματιιιξϐιιίιιι
3324 5367 3510 5416 corpus

1959 5424 2011 5475 in
2040 5439 2096 5474 eo
2124 5425 2235 5474 loco
2261 5424 2346 5489 qui
2370 5424 2674 5476 lnterturres
2713 5423 2894 5475 dicitur
2920 5423 3181 5475 conditum
3202 5433 3293 5476 σοι,

2039 5496 2051 5528 ι
2094 5493 2364 5546 Desidet-ii.
2411 5492 2625 5546 Videtur
2657 5493 2741 5545 hic
2767 5493 3049 5561 episcopus
3084 5490 3399 5561 Viennensis
3427 5490 3509 5561 itt-

1955 5562 2156 5624 dicari,
2209 5564 2298 5629 qui
2340 5575 2499 5628 supra
2543 5562 2734 5616 colitur
2792 5559 2841 5614 it
2884 5563 3037 5616 Febr.
3095 5561 3256 5628 Cujus
3309 5559 3511 5611 Natalis

1953 5643 2113 5688 etiam
2148 5635 2280 5689 intra
2302 5632 2601 5693 celebratur
2629 5647 2749 5687 χχιιι
2776 5632 2914 5687 Maii.

3008 5790 3085 5848 ΞΠ
