3990 6196
400 280 505 335 845

1176 277 1378 335 ΒΕΒΑΞ
1420 275 1869 332 VENERABILIS
1906 275 2055 330 OPP.
2098 274 2269 329 PARS
2309 276 2394 330 IV.
2434 304 2504 314 —
2541 274 2919 332 IIISTOHICA.

3530 274 3638 330 ΕΜ

1649 388 1874 451 EDITIO
1912 387 2377 444 COLONIENSIS.

479 480 541 533 Ε.
584 478 695 533 XIV
752 476 889 532 ΚΑΙ..
941 478 1152 533 Μλιιτιι.
1185 479 1464 534 —l\'atale
1512 481 1682 534 sancti
1733 478 1965 535 Onesimi

2086 489 2286 533 avocata
2334 487 2566 533 rotarum
2598 487 2854 533 tormenta
2878 521 2892 546 ,
2928 478 3169 533 flammas
3209 479 3404 547 ignium
3424 522 3441 545 ,
3472 482 3637 541 ollam

409 571 656 638 aposwli,
688 569 754 623 de
783 582 889 637 quo
923 570 978 622 Β.
1012 570 1283 636 apostolus
1326 568 1519 623 Paulus
1569 569 1861 624 Philemoni
1891 569 1967 626 fa-

414 660 643 713 tniliares
678 660 876 712 litteras
910 660 1091 711 mittit.
1124 659 1290 722 Quem
1323 659 1502 713 beatus
1530 659 1668 714 idem
1700 660 1969 730 apostolus

409 752 713 819 episcopum
762 750 1049 812 ordinans,
1110 749 1601 820 prmdicationisque
1648 751 1865 806 verbum
1919 752 1967 807 ei

411 847 766 910 committens,
798 843 931 912 apud
958 842 1301 911 Ephesiorum
1326 843 1592 898 civitatem
1619 845 1851 915 reliquit,
1883 846 1966 899 cui

405 938 683 1006 episcOpus
723 946 840 1007 post
892 936 1096 988 beatum
1137 934 1475 989 Timotheum
1504 944 1557 990 et
1596 939 1707 1004 ipse
1752 938 1967 990 resedit.

404 1028 499 1082 llic
529 1029 747 1081 Romam
781 1028 1082 1094 perductus,
1127 1034 1284 1094 atque
1328 1026 1395 1080 ibi
1441 1044 1535 1096 per
1573 1028 1729 1083 fidem
1775 1030 1969 1084 Christi

408 1119 689 1187 lapidatus,
737 1118 972 1186 sepultus
1020 1127 1102 1172 est
1146 1117 1344 1172 Christi
1379 1128 1579 1189 martyr
1615 1120 1841 1187 primum
1875 1121 1967 1183 ibi,

411 1210 535 1267 inde
560 1210 624 1264 ad
658 1209 795 1276 loca,
830 1212 915 1262 ubi
950 1207 1118 1263 fuerat
1148 1209 1421 1263 ordinatus
1447 1209 1749 1277 episcopus,
1779 1224 1972 1275 corpus

406 1302 523 1370 cjus
555 1301 784 1354 delatum
816 1308 915 1353 est.
952 1300 1013 1352 Et
1040 1299 1091 1352 in
1120 1300 1301 1353 Cumis
1331 1300 1504 1353 natale
1529 1312 1725 1354 sancta:
1751 1300 1973 1356 Iuliana

410 1392 645 1461 virginis,
677 1408 793 1459 qua:
825 1400 1059 1457 tempore
1088 1389 1383 1443 Maximiani
1432 1389 1769 1458 imperatoris
1800 1391 1972 1459 primo

412 1497 443 1537 a
491 1496 589 1537 suo
631 1491 780 1550 patre
827 1480 1073 1534 Africano
1119 1495 1275 1547 carsa,
1330 1490 1383 1535 et
1430 1481 1664 1551 graviter
1714 1482 1970 1547 cruciata,

413 1574 606 1629 deinde
628 1582 721 1627 eta
749 1572 994 1640 pra'fecto
1015 1572 1242 1635 Eleusio,
1260 1587 1411 1638 quem
1430 1585 1682 1640 sponsum
1697 1573 1969 1639 habuerat,

412 1666 551 1721 nuda
584 1665 743 1735 virgis
764 1681 920 1728 cmsa,
945 1674 995 1719 et
1024 1679 1051 1717 a
1081 1664 1282 1731 capillis
1304 1678 1558 1731 suspensa
1588 1673 1687 1728 est,
1720 1674 1771 1719 et
1803 1666 1974 1732 plum-

412 1762 479 1811 bo
511 1756 683 1809 soluto
713 1755 885 1823 capite
916 1753 1144 1822 perfusa,
1187 1761 1239 1807 et
1268 1768 1477 1806 rursum
1510 1752 1559 1805 in
1589 1767 1857 1807 carcerem
1889 1766 1973 1805 re-

2068 570 2358 623 ferventem
2395 569 2690 636 superavit,
2730 582 2792 622 ac
2823 564 3174 623 decollatione
3216 571 3403 638 capitis
3437 582 3642 643 marty-

2067 661 2203 713 rium
2235 660 2643 712 consummavit.
2676 659 2806 725 Qua:
2837 674 2989 727 passa
3035 668 3119 715 est
3160 662 3370 729 quidem
3401 663 3452 716 in
3484 665 3643 720 Nico-

2068 751 2263 815 media,
2294 751 2387 804 sed
2438 762 2553 819 post
2603 766 2830 820 paucam
2864 760 3073 818 tempus
3106 752 3214 806 Deo
3243 752 3559 821 disponente
3589 760 3641 810 in

2067 842 2409 911 Campaniam
2444 844 2717 897 translata.
2760 843 2911 911 Apud
2941 842 3227 913 Egyptum
3268 843 3486 913 Iuliani,
3518 862 3641 901 cum

2068 929 2185 985 aliis
2216 947 2435 985 numero
2463 934 2694 1001 quinque
2723 932 2973 986 millibus.

2150 1022 2211 1076 F.
2249 1023 2357 1078 XIII
2390 1023 2521 1077 ΚΑι..
2551 1022 2770 1077 MART".
2804 1052 2871 1062 —
2897 1023 2953 1076 In
2987 1022 3273 1094 Babylonia
3307 1025 3485 1081 natale
3504 1026 3646 1081 Poli-

2068 1115 2279 1173 ehronii
2311 1114 2543 1183 episcOpi
2574 1113 2814 1181 ejusdem
2846 1112 3093 1178 civitatis,
3126 1114 3214 1183 qui
3246 1127 3506 1184 praesente
3539 1117 3645 1171 De-

2069 1207 2154 1261 cio
2185 1214 2549 1274 persecutore,
2582 1217 2678 1255 ore
2709 1202 2973 1270 lpidibus
2994 1218 3155 1271 0:250,
3186 1206 3431 1260 manibus
3458 1218 3650 1261 exten-

2072 1299 2179 1361 sis,
2234 1294 2420 1348 oculos
2468 1293 2534 1348 ad
2589 1295 2783 1348 caelum
2833 1294 3084 1359 elevans,
3142 1296 3321 1351 emisit
3372 1298 3643 1367 spiritum.

2073 1389 2341 1457 Scriptum
2378 1395 2457 1439 est
2487 1386 2538 1440 in
2572 1386 2821 1454 passione
2846 1387 3013 1440 sancti
3045 1388 3332 1443 Laurentii.

2140 1478 2205 1533 G.
2241 1478 2329 1531 XII
2359 1475 2490 1529 Kac.
2517 1475 2737 1531 Man'rn.
2761 1505 2829 1515 —
2856 1476 3235 1542 Hierosolymis
3261 1478 3399 1533 beati
3422 1478 3650 1549 Symeo-

2074 1571 2157 1625 nis
2185 1569 2419 1638 episc0pi
2473 1576 2527 1622 et
2574 1570 2858 1638 martyris,
2904 1569 2993 1636 qui
3052 1569 3274 1624 traditur
3322 1573 3648 1640 prepinquus

2073 1664 2366 1719 Salvatoris
2398 1663 2689 1718 secundum
2722 1676 2937 1719 carnem
2993 1663 3191 1730 fuisse;
3222 1676 3434 1721 constat
3464 1676 3644 1721 tamen

2076 1756 2197 1822 quia
2225 1755 2508 1823 Cleophas,
2539 1754 2689 1823 cujus
2738 1753 2877 1808 filius
2924 1756 3025 1809 iste
3064 1755 3181 1818 fuit,
3222 1756 3385 1811 Irater
3411 1767 3527 1811 erat
3551 1757 3645 1811 Jo-

404 1856 583 1914 ccpta,
634 1845 720 1899 ubi
765 1843 933 1914 palam
971 1859 1088 1897 cum
1133 1841 1343 1897 diabolo
1383 1843 1642 1907 conﬂixit,
1691 1854 1744 1897 et
1787 1857 1970 1897 rursus
2001 1845 2226 1914 Bseph.
2284 1846 2481 1899 Eodem
2515 1845 2601 1899 die
2649 1856 2953 1899 sanctorum
2984 1856 3271 1917 martyrum
3317 1847 3547 1915 Claudii,
3586 1859 3644 1905 et

934 1972 987 2030 ες,
1648 1951 1873 2007 sumo
1911 1952 2410 2008 BOLLANDIANA.

415 2073 500 2126 die
530 2071 579 2123 in
612 2067 887 2123 Antiochia
936 2065 1125 2119 natalis
1174 2063 1269 2118 SS.
1322 2062 1523 2132 .Iosippi
1569 2072 1622 2117 et
1654 2063 1850 2118 Rufini.
1880 2064 1964 2132 L.,

416 2145 535 2209 Ipso
565 2139 653 2194 die
678 2140 773 2209 SS.
803 2135 1093 2209 u_.loannis,
1125 2135 1295 2209 Magni
1326 2144 1377 2209 et
1403 2133 1877 2209 Josephi_dia_co_ni.

482 2212 546 2264 A.
583 2209 701 2274 Ipso
728 2208 811 2262 die
840 2205 1132 2259 Tarveunze
1160 2206 1392 2258 civitatis
1422 2204 1684 2272 depositio
1715 2204 1774 2257 Β.
1804 2203 1830 2242 ιι
1857 2205 1963 2259 Sil-

415 2282 520 2335 vini
571 2276 1085 2350 ejusdemcivitatis
1138 2274 1537 2350 episcopi._l_lic
1590 2275 1714 2350 dum
1748 2275 1797 2328 in
1840 2290 1963 2350 cor-

412 2366 540 2415 pore
565 2344 695 2403 vixit
728 2347 907 2402 multis
938 2346 1312 2400 miraculorum
1355 2344 1548 2415 effulsit
1580 2344 1744 2413 signis
1766 2364 1777 2397 :
1802 2347 1963 2411 ct,'ut

411 2412 547 2477 liber
600 2418 729 2472 Vitae
778 2419 892 2484 ejus
920 2416 1174 2475 elucitlat,
1208 2427 1426 2481 inagna:
1466 2412 1797 2484 abstinentia:
1828 2416 1961 2479 fuit;

410 2494 593 2546 volens
621 2483 819 2543 talenta
845 2487 942 2539 sibi
970 2487 1252 2539 commissa
1282 2498 1400 2536 cum
1433 2487 1609 2537 usuris
1639 2485 1755 2537 sine
1778 2483 1963 2538 fraude

410 2577 508 2617 suo
536 2560 757 2614 reddere
784 2556 1041 2611 Creatori.
1072 2555 1258 2609 Postea
1288 2553 1355 2607 de
1395 2553 1627 2621 [Egypto
1672 2555 1736 2609 ad
1771 2563 1965 2607 terram

414 2628 781 2700 promissionis
828 2638 1081 2700 vocatus,
1139 2638 1257 2700 cum
1291 2622 1421 2700 "Deo
1455 2624 1625 2700 _v_ivi_t,
1688 2624 1967 2700 possidens

413 2691 600 2771 gaudia
634 2708 898 2768 pcrpetuae
946 2694 1231 2749 felicitatis.
1282 2694 1409 2760 Quae
1454 2691 1594 2747 Fl0ri
1638 2693 1833 2762 styluui
1882 2707 1968 2746 sa-

444 2773 576 2824 iunt.

399 2787 655 2911 p‘uinti.—
678 2853 791 2909 XIV
830 2851 961 2909 Kac.
986 2852 1042 2909 8.
1066 2862 1087 2890 ε
1109 2850 1341 2906 Onesimi
1364 2852 1607 2920 apostoli.
1626 2852 1689 2905 Et
1712 2852 1761 2906 in
1791 2853 1974 2909 Cumis

402 2951 591 3007 rnatale
621 2948 679 3005 S.
724 2947 749 2986 ἀ
778 2946 999 3002 Iuliana:
1030 2943 1246 3014 virginis
1289 2960 1301 2996 :
1353 2958 1470 3012 qua:
1520 2952 1762 3013 tempore
1807 2944 1974 2999 Maxi-

404 3041 571 3096 rtniani
602 3038 934 3107 imperatoris
966 3033 1133 3104 primo
1153 3048 1183 3087 a
1204 3048 1301 3088 suo
1317 3044 1463 3101 patre
1480 3033 1730 3090 Africano
1760 3048 1898 3089 caesa
1922 3045 1977 3090 et

396 3134 642 3202 graviter
682 3130 910 3183 cruciata
943 3142 971 3179 a
1022 3124 1274 3195 praefecto
1324 3124 1532 3179 Eolcsio
1574 3124 1684 3197 [L.,
1714 3125 1927 3182 Eleusio
1951 3166 1969 3194 ,

418 3222 576 3286 liab.,
615 3217 870 3289 Eulesioj,
901 3231 1057 3281 quem
1092 3229 1343 3283 sponsum
1378 3215 1658 3280 habuerat,
1691 3216 1827 3271 nuda
1863 3218 1969 3271 vir—

414 3316 496 3386 gis
525 3327 664 3368 cmsa
692 3321 744 3366 et
772 3326 799 3362 a
835 3308 1046 3376 capillis
1086 3320 1375 3375 suspensa,
1403 3315 1458 3360 et
1504 3307 1721 3375 plumbo
1747 3308 1918 3362 soluto
1948 3324 1977 3362 a

420 3406 592 3475 capite
623 3401 831 3473 perfusa
863 3398 1165 3470 (fluensque
1195 3397 1307 3464 A.),
1335 3405 1390 3451 et
1418 3411 1625 3451 rursum
1685 3400 1736 3451 in
1767 3412 1982 3455 carcere

414 3507 657 3565 recepta,
690 3495 777 3550 ubi
804 3493 980 3563 palam
1011 3505 1130 3544 cum
1158 3488 1370 3545 diabolo
1397 3488 1655 3555 conﬂixit,
1681 3500 1735 3546 et
1774 3506 1982 3546 rursum

2071 2075 2286 2120 evocata
2307 2104 2321 2129 ,
2354 2076 2586 2120 rotarum
2634 2074 2919 2129 tormenta,
2952 2065 3193 2121 ﬂammas
3223 2068 3445 2137 ignium,
3475 2070 3637 2125 ollam

2071 2155 2361 2210 ferventem
2394 2156 2686 2225 superavit,
2718 2169 2780 2209 ac
2809 2155 3164 2211 decollatione
3189 2158 3376 2224 capitis
3427 2172 3627 2230 marty-

2069 2246 2211 2300 rium
2236 2247 2645 2301 consummavit.
2676 2249 2806 2313 Quaa
2853 2261 3006 2317 passa
3038 2258 3119 2301 est
3144 2248 3355 2317 quidem
3388 2252 3438 2303 in
3483 2250 3637 2305 Nico-

2070 2338 2272 2402 media;
2303 2337 2395 2391 sed
2426 2347 2545 2407 post
2576 2353 2799 2404 paucum
2842 2349 3052 2407 tempus
3083 2338 3190 2394 Deo
3217 2338 3536 2409 disponente
3580 2342 3636 2396 in

2068 2423 2412 2494 Campaniam
2445 2427 2725 2482 translata.

2145 2536 2207 2590 V.
2237 2536 2489 2609 C.,_Alibi
2537 2537 3116 2609 fbiaximaslttnellaa.
3162 2548 3216 2593 et
3261 2538 3640 2609 quinquaginta

2074 2617 2315 2677 quatuor.
2342 2607 2425 2671 L.,
2454 2607 2515 2660 Et
2536 2607 2798 2676 depositio
2834 2606 2851 2645 ‘
2886 2607 3124 2662 'l‘etrardi
3150 2611 3405 2676 episcOpi.

2148 2695 2236 2750 17.
2258 2725 2328 2735 -
2348 2695 2463 2750 XIII
2500 2695 2633 2750 KAL.
2661 2696 2714 2750 In
2758 2696 3044 2766 Babylonia
3071 2697 3244 2750 natale
3286 2705 3308 2743 8
3336 2697 3639 2753 Polocronii

2078 2785 2310 2857 episcopi
2334 2787 2573 2857 ejusdem
2596 2787 2857 2842 civitatis:
2885 2787 2972 2856 qui
2999 2798 3259 2856 praesente
3286 2788 3443 2842 Decio
3467 2804 3643 2858 perse-

2078 2890 2265 2933 cutore
2291 2894 2351 2932 os
2382 2878 2639 2944 lapidibus
2683 2894 2874 2943 orsus,
2918 2880 3161 2931 manibus
3188 2879 3425 2932 extensis
3457 2881 3641 2933 oculos

2080 2972 2145 3026 ad
2175 2970 2366 3026 caelum
2394 2971 2626 3040 elevans,
2654 2972 2830 3025 emisit
2852 2971 3117 3039 spiritum.
3147 2972 3407 3041 Scriptum
3438 2974 3486 3027 in
3516 2972 3647 3027 Pas-

2081 3061 2231 3117 sione
2260 3061 2344 3134 [Τ.
2367 3063 2489 3116 add.
2517 3061 2673 3134 ejus].
2706 3064 2761 3117 S.
2787 3063 3077 3118 Laurentii.

2156 3173 2238 3237 L.,
2273 3174 2392 3243 Ipso
2442 3174 2527 3228 die
2572 3176 2667 3230 SS.
2715 3172 2743 3212 ιι
2773 3176 2975 3229 Donatii
3018 3174 3357 3241 Serundiani,
3384 3177 3557 3239 Casti,
3587 3184 3649 3231 et.

2084 3244 2334 3316 Marcelli.
2367 3245 2431 3300 V.
2456 3246 2543 3316 C.,
2577 3246 2771 3299 Eodem
2800 3245 2887 3299 die
2914 3246 2972 3299 8.
3006 3245 3019 3283 ί
3053 3245 3283 3300 FauStini
3309 3256 3552 3316 martyris
3591 3262 3641 3300 et

2079 3315 2301 3394 aliorum
2332 3315 2675 3384 quadraginta
2717 3328 2963 3383 quatuor,
2989 3330 3211 3385 quorum
3241 3315 3456 3371 nomina
3501 3317 3639 3373 Deus

2082 3394 2199 3438 SCII.

2162 3495 2244 3550 I8.
2266 3526 2335 3535 —
2366 3494 2453 3550 XII
2482 3494 2614 3550 KAL.
2641 3494 2802 3549 Vacat
2834 3495 3008 3550 Baeda.

1788 3582 1993 3641 SMITII
2030 3586 2257 3643 NOTAE.

499 3693 522 3718 ιι
552 3684 786 3738 Joannis.
835 3681 934 3736 SS.
966 3681 1198 3736 Joannes
1228 3686 1283 3733 et
1328 3678 1544 3748 Magnus
1575 3692 1677 3733 una
1706 3694 1824 3733 cum
1877 3680 1977 3736 SS.

416 3756 592 3810 Lucio
622 3765 674 3807 et
714 3754 943 3819 Rogato,
974 3752 1063 3819 qui
1093 3751 1191 3803 hoc
1222 3750 1335 3818 ipso
1374 3760 1638 3803 commate
1675 3764 1837 3814 supra
1885 3766 1981 3805 no-

423 3837 625 3888 tantur,
655 3840 771 3877 cum
803 3826 859 3878 S.
894 3825 1069 3888 Agape
1094 3820 1294 3887 virgine
1322 3820 1635 3873 Interamna:
1656 3821 1816 3888 occisi
1835 3832 1977 3876 sunt.

414 3897 685 3949 Coluntur
714 3895 870 3947 etiam
902 3906 1007 3945 xvu
1032 3889 1326 3945 Februarii.
1358 3889 1639 3944 Ferrarius
1661 3887 1984 3961 inCatalogo

430 3965 528 4020 SS.
564 3962 745 4016 Italirc.
1488 3972 1518 4007 δ

498 4032 524 4071 ιι
558 4031 762 4086 Silv‘ini.
797 4030 876 4083 Ab
904 4028 1019 4083 aliis
1043 4027 1363 4091 Tolosanus,
1396 4028 1461 4081 ab
1482 4028 1600 4082 aliis
1623 4027 1979 4086 Tervanensis

427 4103 599 4159 dictus
643 4101 940 4167 episcOpus.
981 4099 1034 4153 In
1066 4098 1283 4153 Morinis
1333 4097 1576 4152 miranda
1615 4096 1803 4152 enituit
1852 4101 1979 4155 reli-

422 4176 609 4244 gione.
640 4170 889 4244 Prosapja
920 4170 1082 4244 nobili
1113 4168 1325 4244 claruit.
1350 4167 1565 4244 Florttit
1591 4183 1801 4244 quoque
1833 4177 1974 4244 tem-

435 4237 563 4311 pore
593 4243 786 4307 prioris
811 4241 985 4295 Caroli
1018 4238 1161 4311 regis
1186 4237 1550 4311 etChilderici
1582 4240 1697 4306 ejus
1717 4237 1979 4311 principis

434 4308 782 4381 perseverans
814 4325 979 4378 usque
1011 4312 1073 4362 a.l
1108 4308 1835 4381 VincjacunrbellumLquod
1882 4325 1981 4379 ge-

426 4378 570 4437 stum
602 4391 685 4434 est
710 4381 848 4434 inter
873 4381 1117 4433 Carolum
1146 4391 1195 4431 et
1228 4378 1603 4446 Bagenfridum
1654 4378 1977 4433 Francorum

2086 3683 2149 3737 ad
2184 3683 2299 3738 loca
2342 3682 2430 3737 ubi
2463 3681 2635 3735 funerat
2664 3681 2940 3735 ordinatus
2969 3680 3255 3751 episcopus
3306 3694 3501 3748 corpus
3530 3679 3651 3751 ejus

2090 3753 2347 3806 delatum.
2380 3752 2533 3806 Breda
2558 3752 2737 3820 Vulg.,
2775 3751 2973 3806 Usuard
3006 3790 3021 3815 ,
3045 3749 3394 3804 Notlter.—S.
3418 3749 3653 3808 Onesimi

2091 3823 2342 3890 Ephesini
2369 3824 2603 3891 episcOpi
2628 3819 2951 3876 mentionem
2985 3822 3110 3875 facit
3132 3819 3190 3874 S.
3223 3821 3455 3891 lgnatius
3480 3821 3530 3875 in
3554 3837 3651 3877 sua

2088 3896 2152 3947 ad
2184 3893 2441 3960 Ephesios
2471 3892 2714 3960 epistola.

2185 3909 2441 4014 ornesros
2471 3909 2714 3960 eptswta.

2159 3960 2183 4000 ἀ
2253 3964 2455 4016 aliam.
2490 3963 2615 4016 Post
2670 3975 2894 4029 paucum
2949 3969 3125 4013 autem
3161 3968 3368 4026 tempus
3396 3975 3559 4027 quam
3586 3960 3648 4016 S.

2082 4032 2289 4087 Juliana
2322 4032 2577 4086 decollata
2622 4040 2725 4099 est,
2759 4031 2999 4099 mundam
3035 4031 3228 4084 mulier
3258 4031 3527 4096 Sephonia
3560 4046 3652 4084 se—

2084 4104 2255 4157 natrix
2304 4104 2572 4155 transiens
2622 4116 2714 4167 per
2741 4101 3007 4154 civitatem
3060 4099 3555 4163 Nicomediensem,
3598 4110 3658 4153 et

2081 4173 2300 4226 veniens
2330 4173 2395 4225 ad
2428 4172 2612 4225 urbem
2647 4172 2889 4232 Romam,
2927 4170 3043 4223 tulit
3072 4185 3267 4238 corpus
3305 4171 3366 4222 Β.
3392 4168 3655 4235 Julianm;

2088 4243 2181 4295 sed
2214 4250 2539 4311 exsurgente
2582 4248 2900 4311 tempeState
2930 4240 3123 4301 valida,
3148 4240 3280 4292 abiit
3307 4240 3460 4311 navis
3486 4255 3655 4311 usque

2081 4312 2145 4364 ad
2193 4313 2324 4365 lines
2352 4309 2678 4377 Campaniae.
2736 4309 2909 4364 Posita
2960 4318 3041 4362 est
3091 4318 3269 4362 autem
3322 4310 3381 4362 Β.
3435 4309 3648 4363 Iuliana

2088 4396 2252 4449 prope
2286 4382 2612 4437 territorium
2659 4381 3032 4434 Puteolanum.
3062 4380 3347 4433 Translata
3376 4388 3461 4431 est
3496 4382 3660 4432 etiam

435 4425 962 4519 regemTActavapud
992 4425 1333 4503 Bollandum?
1351 4448 1573 4519 Quidam
1596 4463 1715 4502 eum
1740 4450 1979 4503 referunt
2009 4425 2057 4484 Ῐ)
2086 4425 2267 4519 δοξῖέξι
2300 4425 2597 4515 Cumas-fet
2626 4425 2679 4504 in
2724 4451 2784 4504 Β.
2836 4450 3049 4504 Maximi
3103 4449 3330 4504 ecclesia
3371 4449 3659 4503 collocata.

434 4516 540 4578 ni.
569 4522 726 4577 Febr.
754 4516 905 4585 Quod
936 4531 1302 4587 perseverasse
1331 4519 1396 4571 ad
1424 4516 1737 4587 ,Vinciacum
1780 4519 1977 4572 bellum

432 4596 661 4651 dicatur,
691 4592 779 4644 alii
826 4586 966 4643 anno
1012 4588 1138 4653 715,
1168 4602 1274 4656 quo
1324 4586 1375 4641 id
1422 4586 1621 4641 bellum
1669 4591 1852 4656 coepit,
1887 4590 1978 4643 alii

435 4678 577 4717 anno
624 4663 745 4725 7l7,
790 4676 894 4729 quo
940 4659 1177 4713 Vinciaci
1223 4658 1565 4729 commissum
1599 4658 1835 4726 praelium
1878 4669 1979 4721 est,

432 4736 539 4786 vita
565 4727 1157 4786 functumexistimant.
1188 4727 1291 4783 Sed
1324 4742 1493 4796 neque
1524 4727 1625 4781 hoc
1667 4743 1837 4797 neque
1887 4729 1978 4783 illo

432 4818 577 4856 anno
608 4804 816 4856 functus
846 4809 949 4864 est,
980 4801 1022 4853 si
1052 4809 1109 4851 ut
1134 4809 1247 4851 acta
1293 4797 1407 4867 ejus
1439 4806 1644 4860 notant,
1690 4799 1822 4867 obiit
1852 4798 1982 4852 hora

441 4870 743 4937 vespertina
775 4869 877 4926 diei
900 4870 1066 4925 sancti
1091 4868 1323 4925 Sabbati.
1349 4868 1478 4920 Nam
1501 4867 1543 4921 si
1577 4866 1754 4930 hodie,
1781 4869 1984 4923 scilicet

442 4957 511 4998 xv
537 4941 715 5007 Febr.,
740 4941 988 5007 decessit,
1013 4939 1293 4994 dicendum
1315 4948 1395 4992 est
1418 4952 1537 4992 eum
1568 4952 1707 4991 anno
1730 4938 1853 5005 7l6,
1883 4954 1986 5004 quo

445 5028 511 5066 xv
540 5011 696 5066 Febr.
728 5010 1015 5068 Sabbatum
1049 5021 1196 5073 erat;
1228 5008 1271 5062 si
1300 5023 1405 5061 xvii
1452 5008 1744 5070 Februarii,
1792 5020 1847 5061 ut
1889 5009 1985 5061 ali-

435 5082 532 5150 qui
560 5083 821 5148 scribunt,
851 5080 1131 5150 dicendum
1161 5088 1242 5150 est
1270 5094 1358 5150 an.
1391 5077 1516 5144 720,
1549 5092 1653 5146 quo
1679 5078 1812 5132 obiit
1840 5076 1987 5133 Chil-

448 5148 675 5217 pericus,
725 5160 778 5204 et
829 5166 935 5204 xvn
989 5149 1147 5203 Febr.
1202 5148 1487 5203 Sabbatum
1530 5158 1665 5212 erat,
1720 5156 1987 5204 mortuum

438 5236 582 5276 esse.
615 5219 754 5273 Ohiit
781 5218 831 5272 in
863 5220 1077 5273 Alciaco
1109 5218 1306 5280 fuitque
1335 5218 1404 5270 ibi
1435 5219 1690 5281 sepultus.

516 5296 538 5325 °
574 5288 817 5343 Onesimi.
846 5290 944 5342 Pro
970 5303 1075 5355 quo
1110 5291 1167 5341 Β.
1199 5288 1392 5341 Paulus
1432 5288 1719 5340 l'hilemoni
1755 5287 1985 5343 familia-

444 5375 533 5415 res
568 5361 772 5415 litteras
821 5358 999 5412 mittit.
1032 5359 1198 5426 Quem
1228 5358 1364 5427 idem
1399 5356 1456 5409 Β.
1488 5359 1751 5425 aposmlus
1778 5360 1989 5427 episco-

448 5446 571 5500 pum
599 5429 853 5500 ordinans
879 5428 1033 5500 eique
1059 5425 1465 5500 'przedicationis
1496 5429 1714 5500 verbum
1745 5425 1992 5500 commit-

446 5497 588 5565 iens,
619 5500 757 5568 apud
807 5498 1158 5568 Ephesiorum
1187 5497 1454 5568 civitatem
1486 5497 1727 5565 reliquit;
1761 5498 1843 5568 cui
1874 5499 1992 5568 epis

446 5585 639 5634 secpus
656 5566 785 5637 post
836 5569 895 5621 Β.
946 5567 1304 5637 Timotheum,
1352 5572 1407 5621 et
1443 5566 1555 5637 ipse
1600 5566 1861 5637 praesedit.
1891 5567 1989 5633 Qui

448 5634 679 5715 riemanr
722 5637 1213 5715 pe-rductus,“atque
1257 5636 1326 5687 ibi
1362 5650 1455 5703 pro
1487 5634 1589 5715 fide
1614 5636 1812 5715 Christi
1858 5636 1991 5715 lapi-

446 5710 623 5772 datus,
642 5704 882 5777 sepultus
912 5718 993 5763 est
1019 5704 1213 5763 Christi
1241 5714 1439 5775 martyr
1467 5706 1692 5774 primum
1724 5707 1793 5760 ibi
1820 5722 1831 5760 :
1866 5706 1989 5762 inde

2083 4522 2213 4575 Acta
2245 4524 2382 4589 apud
2419 4521 2660 4575 liolland.

2155 4602 2178 4628 ο
2210 4591 2468 4646 Maxime.
2503 4592 2593 4643 the
2626 4605 2791 4653 passa:
2821 4600 2942 4644 sunt
2988 4590 3039 4643 in
3085 4588 3262 4641 Africa
3307 4602 3430 4642 cum
3478 4588 3661 4642 multis

2081 4660 2224 4742 aliis,
2246 4678 2470 4732 quorum
2502 4662 2714 4715 nomina
2744 4660 2862 4733 lege
2889 4662 2941 4714 in
2972 4659 3347 4728 Martyrologio
3377 4658 3434 4712 8.
3471 4660 3658 4714 Hiero-

2083 4745 2468 4873 nygui‘etrardi.
2495 4799 2928 4873 Abﬂieropymo
2941 4799 3179 4873 ATetrakdii
3204 4799 3352 4854 dicti.
3370 4798 3661 4873 nullaulla:

2083 4870 2305 4939 conjicit
2343 4874 2430 4925 hic
2473 4871 2694 4937 intelligi
2738 4867 3045 4933 Teir-adium
3096 4870 3507 4923 Bituricensem.
3541 4867 3661 4921 Fuit

2085 4940 2137 4994 in
2168 4940 2335 4994 Gallia
2360 4941 2580 4995 illustris
2611 4940 2979 4994 'l‘etradiorum
3009 4939 3225 4992 famiiia.

2164 5019 2188 5056 8
2224 5008 2539 5064 Polocronii.
2570 5010 2873 5065 Secundum
2906 5013 3145 5063 Adonem
3175 5018 3227 5062 et
3273 5006 3564 5062 Notkerum
3602 5014 3657 5059 el

2078 5072 2373 5142 Balylonia:
2403 5092 2457 5135 et
2488 5081 2850 5147 Ctesiphontis
2889 5080 3152 5149 episcopi.
3185 5078 3390 5147 Corpus
3421 5080 3541 5144 ejus
3571 5091 3657 5129 se-

2087 5150 2289 5216 pultum
2319 5158 2400 5203 est
2430 5160 2555 5205 ante
2586 5164 2765 5204 muros
2799 5148 2961 5219 portae
2991 5148 3325 5219 Babyloniae;
3361 5163 3553 5217 passus
3579 5156 3666 5200 est

2091 5219 2229 5273 circa
2257 5235 2449 5272 annum
2477 5219 2601 5272 251.

2164 5285 2189 5324 ιι
2222 5288 2431 5343 Donati.
2463 5290 2557 5343 llic
2583 5298 2637 5343 et
2662 5289 3029 5344 Secundianus
3059 5302 3163 5343 non
3207 5288 3367 5341 iidem
3396 5300 3520 5341 cum
3556 5284 3664 5339 Do-

2090 5366 2214 5411 nato
2243 5369 2297 5412 et.
2334 5361 2673 5413 Secundiano
2701 5359 3200 5423 Concmdiensibus,
3232 5360 3324 5425 qui
3365 5359 3525 5410 etiam
3562 5357 3664 5407 hoc

2090 5428 2176 5481 die
2204 5428 2466 5483 coluntur.
2497 5429 2623 5495 Quae
2652 5432 2795 5483 enim
2827 5430 2890 5482 ad
2924 5439 3153 5497 tempus,
3200 5430 3372 5481 locum
3400 5436 3455 5480 et
3493 5439 3667 5497 genus

2093 5499 2329 5568 martyrii
2365 5513 2469 5569 quo
2509 5494 2564 5552 bi
2623 5501 2765 5569 passi
2812 5509 2935 5553 sunt
2992 5494 3274 5569 spectant,
3318 5498 3530 5566 penitus
3580 5494 3670 5548 Ia-

2096 5576 2225 5621 lem.

2170 5636 2486 5717 '“Fauatini.
2527 5638 2883 5717 Baroniushin
2931 5638 3308 5713 Martyrologio
3355 5643 3494 5693 hunc
3542 5649 3679 5691 cum

2092 5710 2251 5764 sociis
2282 5713 2463 5763 tionis:
2486 5723 2676 5776 passos
2708 5710 2918 5767 scribit.
