3990 6196
314 195 417 251 817

1058 191 1261 246 BENE
1302 190 1754 245 VENERABILIS
1790 189 1935 242 OPP.
1983 187 2157 243 PARS
2196 187 2281 240 IV.
2322 214 2391 227 -ι-
2429 184 2811 241 HISTORICA.

3468 183 3574 242 848

1560 304 1788 358 EDITIO
1825 301 2295 358 COLONIENSIS.

315 400 562 458 fessionis
589 413 699 453 suae
728 411 978 453 coronam
1022 411 1051 449 a
1078 395 1293 450 Christo
1318 394 1417 450 sibi
1450 406 1684 465 paratam
1715 395 1887 465 perci-
1916 402 1967 457 Α
1992 403 2166 448 torum
2214 393 2478 454 Seroneti,
2525 388 2817 460 Antigonii,
2871 387 3069 457 Rutuli,
3107 388 3262 469 .Libi.
3314 390 3434 459 Ipso
3485 390 3575 449 die

316 506 443 561 pere
478 500 806 545 meruerunt.

392 584 454 636 D.
500 579 605 634 VIII
639 579 771 633 ΚΜ..
799 578 1015 632 MART".
1039 606 1109 617 ——
1131 576 1390 632 Cathedra
1419 576 1586 629 sancti
1616 575 1774 642 Petri,
1801 577 1890 644 qui

316 673 455 725 sedit
491 669 629 739 apud
662 669 1025 730 Antiochiam,
1074 667 1161 720 ubi
1190 675 1243 719 et
1274 665 1501 733 primum
1529 666 1893 734 cognominati

323 770 447 816 sunt
476 760 719 828 discipuli
763 757 1068 811 Christiani.
1110 756 1263 824 Apud
1316 756 1691 809 Alexandriam
1735 756 1892 809 Abilii

317 854 575 922 episcopi,
624 853 713 920 qui
766 858 883 919 post
941 849 998 900 Β.
1031 846 1264 900 Marcum
1296 845 1559 900 secundus
1588 846 1898 915 episcopus,

318 944 568 999 tredecim
595 955 761 995 annos
796 938 1150 994 sacerdotium
1188 935 1533 990 ministravit.
1575 936 1629 989 In
1668 935 1894 1002 Ierapoli

316 1036 484 1089 sancti
526 1033 705 1102 Papia:
747 1029 1005 1099 episcOpi,
1053 1027 1311 1081 auditoris
1380 1026 1599 1081 Joannis
1644 1028 1889 1094 apostoli.

309 1127 536 1181 'Viennze
563 1123 729 1177 sancti
764 1120 993 1175 Pascasii
1023 1120 1255 1186 episcopi
1296 1126 1349 1171 et
1378 1117 1726 1170 confessoris.
1761 1118 1891 1171 Item

317 1218 454 1273 beati
511 1211 793 1270 Aristionis
828 1254 842 1277 ,
912 1213 999 1278 qui
1057 1209 1156 1261 fuit
1210 1224 1344 1261 unus
1395 1208 1461 1261 de
1506 1208 1575 1261 7:2
1625 1208 1894 1274 discipulis

315 1307 533 1362 Christi.
587 1305 641 1357 In
670 1301 979 1356 Nicomedia
1010 1299 1187 1352 natale
1216 1307 1412 1351 sanctze
1442 1296 1618 1351 Teclae
1644 1299 1891 1366 virginis,

314 1399 591 1467 discipula:
612 1396 777 1450 sancti
812 1392 955 1446 Pauli
980 1389 1223 1458 apostoli,
1256 1406 1373 1459 qua:
1404 1391 1503 1444 sub
1529 1390 1737 1445 Nerone
1764 1391 1893 1457 imp.

322 1506 420 1562 pro
446 1488 646 1542 Christi
682 1485 895 1539 nomine
924 1484 1031 1553 igni
1059 1490 1142 1536 est
1179 1482 1390 1547 tradita,
1421 1484 1514 1537 sed
1539 1496 1643 1536 non
1670 1491 1851 1536 exusta
1878 1498 1892 1536 :

318 1592 500 1651 postea
525 1578 867 1649 serpentibus
894 1584 1053 1643 atque
1080 1574 1263 1627 bestiis
1284 1574 1554 1641 deputata,
1580 1573 1672 1627 sed
1698 1588 1726 1626 a
1750 1573 1895 1627 nullo

316 1684 501 1725 eorum
531 1678 613 1723 est
641 1670 764 1720 laesa
790 1682 805 1729 ;
839 1666 902 1717 ad
934 1673 1232 1718 extremum
1262 1676 1388 1716 vero
1427 1662 1477 1715 in
1506 1661 1749 1716 Seleucia
1774 1675 1892 1715 cum

1995 484 2162 537 sancti
2193 482 2472 552 Polycarpi
2509 482 2805 551 presbyteri
2837 490 2891 535 et
2937 481 3280 547 confessoris,
3326 482 3415 553 qui
3454 498 3574 539 cum

1998 576 2152 628 beato
2180 573 2492 628 Sebastiano
2524 572 2783 640 plurimos
2814 571 2879 625 ad
2911 571 3069 626 Iidem
3100 571 3299 626 Christi
3339 588 3576 628 conver-

2002 664 2082 729 tit,
2116 674 2275 731 atque
2302 666 2367 716 ad
2396 662 2636 733 martyrii
2678 662 2903 732 gloriam
2936 663 3264 716 cohortando
3308 664 3574 733 perduxit.

1998 754 2148 824 Apud
2197 753 2447 809 Sirmium
2488 755 2663 807 natale
2710 752 2879 807 sancti
2929 752 3122 824 Syreni
3171 753 3436 816 monachi,
3488 756 3575 824 qui

2001 852 2236 911 tempore
2284 842 2584 896 Maximiani
2615 841 2986 909 imperatoris,
3034 856 3155 895 cum
3208 856 3347 895 unus
3385 856 3449 896 ex
3478 843 3571 895 do-

1998 936 2233 991 mesticis
2260 938 2375 1002 ejus
2406 949 2646 1002 uxorem,
2669 934 2799 987 hora
2828 934 3116 1002 incongrua
3145 934 3196 987 in
3219 932 3397 1001 horto,
3419 950 3575 1001 quem

1997 1026 2110 1095 ipse
2138 1027 2236 1080 sibi
2255 1026 2553 1093 excolebat,
2579 1025 3028 1088 deambulantem,
3052 1028 3227 1080 acrius
3255 1025 3576 1093 increpando

1997 1116 2298 1185 repulisset,
2318 1117 2535 1182 jubente
2564 1116 2883 1169 Maximiano
2912 1124 3106 1179 tentus,
3140 1124 3190 1169 et
3218 1114 3575 1169 Christianum

1998 1221 2059 1260 se
2084 1221 2201 1260 esse
2229 1208 2523 1273 confessus,
2554 1207 2727 1275 capite
2757 1220 2928 1259 caesus
2954 1215 3054 1259 est.
3082 1206 3209 1260 Item
3233 1208 3459 1261 aliorum
3488 1207 3573 1270 62,

2000 1298 2092 1366 qui
2147 1297 2341 1352 ibidem
2392 1298 2533 1367 passi
2575 1305 2717 1351 sunt.
2780 1297 2849 1351 Et
2902 1297 3075 1366 vigilia
3120 1298 3290 1353 sancti
3346 1299 3576 1355 Matthiae

1997 1390 2246 1459 apostoli.

2069 1482 2129 1536 F.
2160 1481 2225 1536 VI
2252 1481 2385 1537 ΚΑῐ..
2414 1482 2627 1537 MART".
2655 1510 2726 1525 —-
2757 1482 2939 1537 Natale
2966 1481 3133 1536 sancti
3162 1478 3395 1535 Matthiae
3447 1495 3574 1549 apo-

1998 1574 2143 1643 stoli,
2171 1575 2258 1643 qui
2290 1576 2355 1628 de
2378 1576 2714 1645 septuaginta
2738 1575 3011 1642 discipulis
3036 1590 3132 1643 pro
3157 1573 3291 1628 Juda
3318 1575 3573 1629 traditore

2000 1665 2067 1718 ab
2105 1665 2359 1732 apostolis
2397 1666 2631 1732 electus,
2681 1673 2826 1719 sorte
2855 1667 2905 1718 in
2933 1665 3291 1734 apostolatum
3320 1666 3573 1734 subroga-

314 1760 631 1832 virginitatis
700 1756 953 1826 martyrio
1006 1763 1167 1823 atque
1225 1753 1478 1807 virtutum
1539 1753 1741 1807 honore
1800 1768 1893 1819 per
1919 1794 1967 1853 Β
2003 1765 2105 1822 tus,
2135 1755 2186 1809 in
2212 1755 2393 1812 Judrea
2420 1755 2615 1810 Christi
2645 1755 2992 1826 Evangelium
3023 1756 3353 1823 praedicavit.
3389 1756 3453 1809 Et
3490 1758 3572 1809 in-

318 1866 560 1905 somnum
590 1850 737 1918 pacis
767 1844 1009 1915 migravit
1032 1845 1097 1897 ad
1138 1844 1441 1898 Dominum.
1484 1842 1665 1897 Romae
1692 1844 1771 1897 via
1799 1842 1893 1897 Ti-

309 1944 525 1998 burtina
557 1941 619 1995 ad
666 1949 907 1995 sanctum
940 1936 1282 1991 Laurentium
1322 1936 1492 1990 natale
1523 1946 1718 1990 sanctae
1746 1936 1887 1991 Con-

304 2032 534 2093 cordiae,
566 2046 722 2100 quam
757 2028 981 2083 Deciana
1012 2027 1308 2095 persecutio
1338 2024 1634 2079 trucidavit.

388 2123 450 2176 Ε.
484 2120 569 2174 VII
622 2119 760 2174 ΚΜ..
790 2117 1006 2172 ΜΑιιτιι.
1037 2146 1103 2155 —
1135 2115 1190 2169 In
1222 2114 1506 2170 Pannoniis
1536 2114 1709 2169 natale
1734 2129 1891 2169 sanc-

1998 1846 2175 1900 ventio
2214 1847 2403 1915 capitis
2452 1844 2828 1914 praecursoris,
2885 1856 3122 1914 tempore
3154 1845 3402 1899 Marciani
3428 1845 3573 1914 prin-

1996 1935 2162 2004 cipis,
2219 1936 2431 2005 quando
2480 1936 2619 1990 idem
2670 1950 2966 2004 prwcursor
3044 1936 3251 1990 duobus
3300 1937 3571 1991 monachis

1999 2027 2252 2081 assistens
2279 2028 2549 2096 praecepit,
2578 2035 2635 2081 ut
2660 2026 2725 2081 ad
2759 2027 2981 2081 Ilerodis
3012 2027 3279 2097 quondam
3309 2028 3450 2097 regis
3476 2028 3573 2081 ha-

2000 2115 2286 2172 bitaculum
2317 2119 2664 2186 accedentes,
2702 2127 2862 2189 caput
2894 2134 3047 2174 suum
3094 2118 3165 2173 ibi
3202 2121 3569 2189 requirerent,

1566 2207 1794 2262 EDITIO
1834 2206 2325 2263 BOLLANDIANA.

325 2298 846 2373 Véi‘Oli,Secundini,
874 2300 1101 2363 Servuli,
1127 2299 1319 2373 Siricii,
1354 2296 1686 2373 F_elicis.__C.,_
1703 2299 1884 2373 Satur-

319 2380 449 2433 nini.
475 2368 539 2429 A.
562 2375 625 2427 Τ.
652 2373 736 2437 L.,
762 2374 817 2426 In
836 2368 1022 2426 Africa
1050 2372 1222 2423 natale
1244 2371 1340 2423 88.
1372 2368 1621 2432 Secundi,
1655 2370 1885 2433 Servuli,

316 2447 534 2508 Juliani,
566 2443 857 2505 Saturnini,
890 2440 1082 2497 Felicis
1124 2450 1180 2494 et
1207 2440 1431 2493 aliorum
1479 2437 1884 2507 septemdecim.

319 2518 528 2573 Primus
557 2515 704 2567 deest
732 2514 781 2565 in
815 2512 874 2565 L.

391 2590 481 2648 A.,
513 2585 681 2651 primo
704 2584 839 2634 loco.
875 2579 1145 2651 Nobiliaco
1171 2579 1491 2651 monasterio
1512 2577 1775 2651 dedicatio
1797 2592 1887 2632 ec-

314 2647 494 2710 clesia:
516 2647 584 2707 ⁷8.
616 2660 638 2686 ⁸
671 2650 877 2704 Vedasti
904 2650 1133 2714 episcopi
1160 2658 1213 2701 et
1241 2647 1561 2702 confessoris
1588 2664 1599 2699 :
1633 2663 1750 2716 qua:
1780 2663 1876 2715 per

323 2722 697 2779 revelationem
735 2719 1026 2788 angelicam
1055 2718 1115 2771 Β.
1150 2719 1382 2773 Auherto
1411 2719 1660 2787 episcopo
1706 2719 1880 2773 mani-

318 2798 507 2850 festata
535 2800 636 2847 est.

386 2887 477 2941 22.
500 2916 570 2930 -
591 2882 703 2938 VIII
732 2882 863 2937 KAL.
909 2880 1058 2951 Apud
1101 2879 1127 2918 δ
1158 2879 1490 2936 Antiochiam
1517 2876 1780 2934 Cathedra
1823 2879 1882 2937 S-

318 2978 480 3033 Petri.

2079 2300 2161 2366 D.,
2194 2302 2342 2370 Apud
2373 2301 2619 2355 Sirmium
2656 2306 2675 2345 ι
2702 2301 2893 2373 Sinerii
2922 2301 3184 2367 monachi,
3215 2313 3270 2358 et
3296 2303 3570 2373 sexaginta

1994 2371 2220 2444 duorum
2270 2373 2669 2444 tnartyrum.‘V.
2701 2371 2785 2439 C.,
2818 2373 2873 2426 In
2921 2375 3041 2427 Asia
3088 2382 3111 2419 Β
3154 2371 3567 2444 Ρςξιγεθτρῖειν-

1990 2442 2142 2514 scopi
2172 2443 2440 2514 carnalis
2459 2442 2739 2514 duodecim
2755 2455 2811 2514 _et
2838 2444 2895 2496 S.
2924 2444 3129 2496 IIerotis
3153 2441 3271 2514 [ν.’,
3300 2444 3558 2514 Eloritisl.

1993 2512 2058 2564 A.
2096 2511 2161 2564 'l‘.
2190 2511 2272 2576 L.,
2302 2511 2556 2566 Nativitas
2597 2512 2656 2566 S.
2695 2510 2720 2548 ιι
2745 2512 2963 2567 Joannis
2992 2510 3347 2577 evangelista.
3378 2513 3445 2567 Δ.
3477 2510 3568 2579 Τζ,

1995 2580 2237 2650 Smyrnae
2268 2583 2438 2635 natale
2467 2595 2767 2635 sanetorum
2794 2585 2862 2637 de
2891 2582 3120 2649 antiquis
3147 2584 3327 2635 Ilurcii
3351 2595 3404 2635 et
3431 2582 3564 2636 Car-

1996 2650 2167 2723 pbori.
2207 2651 2270 2704 Τ.
2300 2650 2625 2717 interponit:
2664 2651 2860 2707 Eodem
2909 2652 2993 2723 die
3023 2653 3211 2723 natalis
3238 2653 3296 2708 8.
3344 2651 3361 2690 ί
3401 2654 3563 2723 I’uly-

1994 2720 2136 2789 carpi
2195 2724 2484 2789 presbyteri
2512 2730 2567 2775 et
2605 2723 2942 2775 confessoris.
2978 2722 3062 2785 L.,
3096 2723 3155 2774 Et
3203 2722 3255 2776 in
3289 2723 3303 2773 l
3350 2720 3564 2777 Panno-

1994 2790 2116 2872 niis.
2139 2791 2238 2845 SS.
2286 2792 2558 2860 Antigoni,
2592 2792 2800 2858 Rutuli,
2836 2793 2990 2859 Libii,
3040 2792 3351 2848 Uminandri
3377 2806 3432 2849 et
3461 2793 3560 2847 Ze-

1994 2874 2167 2914 IIOIIIS.

2060 2951 2151 3007 2i.
2176 2981 2243 2993 —-
2275 2952 2336 3007 VI
2369 2952 2498 3006 ΚΑΙ..
2527 2951 2550 2989 ιε
2578 2952 2813 3010 Iuventio
2850 2954 3039 3023 capitis
3066 2953 3284 3011 Joannis
3337 2969 3565 3024 przecur‘

391 3068 545 3121 anan
578 3066 638 3118 v.
669 3076 721 3118 et
761 3063 844 3126 c.,
894 3063 956 3115 Et
1003 3061 1322 3134 S.A'I‘heclae.
1367 3059 1539 3134 4.11.,
1571 3058 1877 3134 _Nico_media
1909 3068 1958 3134 α
1992 3044 2431 3134 sori§._etjlalale
2459 3045 2518 3134 S-
2549 3044 2779 3101 Matthiae
2804 3047 3054 3116 apostoli.

320 3137 492 3193 natale
521 3137 579 3190 S.
609 3138 629 3165 θ
658 3134 868 3186 'Iheclze
896 3132 1133 3200 virginis,
1175 3130 1446 3200 discipula:
1477 3131 1533 3185 S.
1567 3130 1715 3183 Pauli
1744 3145 1901 3198 apo--

314 3207 457 3261 stoli.
492 3207 673 3258 Romae
718 3205 797 3255 via
854 3199 1125 3254 Tiburtina
1177 3201 1242 3253 ad
1287 3200 1344 3254 8.
1382 3199 1721 3253 Laurentium
1776 3216 1871 3253 na—

317 3279 418 3332 tale
445 3275 504 3331 S.
538 3273 560 3311 d
593 3271 919 3327 Concordiae.
952 3270 1006 3322 In
1053 3271 1246 3323 Sirmio
1295 3272 1463 3324 natale
1494 3270 1551 3325 S.
1587 3278 1609 3307 ο
1639 3267 1874 3335 Serente,

315 3362 432 3417 qua}
484 3357 720 3417 tempore
778 3339 1046 3417 Maximini
1103 3341 1341 3417 plexione
1397 3339 1593 3417 capitis
1640 3341 1874 3417 Suscepit

316 3408 644 3498 titarlyriutb.
679 3413 877 3467 Eadem
926 3411 1185 3465 habentur
1227 3412 1280 3464 in
1310 3411 1395 3478 L.,
1425 3412 1517 3466 sed
1548 3411 1697 3465 abest
1739 3408 1877 3464 Con-

302 3487 515 3541 cordia.

313 3654 339 3665 μ
378 3578 469 3630 25.
488 3605 554 3615 -
579 3574 666 3630 VII
689 3573 820 3629 KAL.
847 3572 1011 3627 Vacat
1038 3572 1217 3627 dea.

2052 3131 2213 3186 Addit
2244 3132 2430 3188 Florus
2458 3133 2512 3189 in
2543 3137 2606 3188 A.
2633 3134 2699 3190 T.
2725 3134 2811 3200 L.,
2836 3136 2936 3202 Qui
2960 3149 3025 3189 ex
3056 3134 3325 3205 discipulis
3347 3144 3553 3205 septua—

1984 3223 2127 3297 ginta
2175 3237 2319 3281 sorte
2367 3228 2567 3281 electus
2614 3242 2708 3295 pro
2735 3226 2870 3281 Juda
2912 3226 3156 3283 Scarioth
3200 3228 3550 3301 duodecimus

1986 3318 2125 3372 inter
2153 3317 2418 3386 apostolos
2446 3317 2763 3388 subrogatus
2790 3326 2892 3372 est.

2061 3408 2259 3465 Similia
2308 3408 2465 3475 habet
2494 3408 2552 3461 V.
2583 3418 2636 3461 et
2678 3407 2944 3477 subjungit
2971 3425 2983 3460 :
3016 3408 3161 3462 solus
3188 3407 3305 3461 sine
3332 3421 3533 3476 cogno-

1992 3489 2189 3543 mento,
2221 3479 2304 3532 cui
2334 3478 2489 3531 datur
2522 3477 2783 3545 Evangelii
2825 3478 3125 3544 prsdicatio
3153 3479 3204 3531 in
3233 3478 3437 3531 Iudaea.
3476 3485 3543 3532 Α.

1989 3550 2078 3616 'I‘.,
2106 3549 2161 3602 In
2200 3547 2504 3605 Nicomedia
2547 3549 2732 3603 natalis
2776 3546 2996 3603 Luciani
3033 3549 3347 3619 presbyteri.
3383 3549 3465 3614 L.,
3497 3548 3561 3603 Et

1713 3663 1918 3719 SMITII
1956 3661 2179 3720 NOTE.

368 3767 408 3794 -ι
448 3758 675 3814 Vedasti.
702 3758 757 3813 8.
787 3759 1051 3811 Auhertus
1079 3756 1280 3810 visione
1308 3755 1545 3823 angelica
1575 3755 1881 3812 admonitus

303 3830 584 3882 -transtulit
612 3829 669 3881 S.
700 3827 909 3880 Vedasti
943 3827 1190 3894 reliquias
1218 3825 1270 3879 in
1318 3825 1649 3879 Nobiliacum
1695 3825 1879 3879 civita-

319 3909 635 3962 Iern,quam
672 3896 742 3949 ob
786 3910 996 3948 causam
1044 3898 1094 3948 in
1148 3894 1399 3947 honorem
1448 3896 1505 3948 8.
1548 3895 1755 3947 Vedasti
1804 3896 1876 3949 ibi

310 3968 549 4020 dedicata
575 3975 658 4019 est
683 3964 939 4018 Ecclesia.
969 3964 1097 4019 Vide
1126 3964 1433 4017 Bollandum
1461 3965 1511 4018 in
1545 3964 1657 4017 Vita
1681 3964 1738 4020 S.
1768 3963 1876 4019 Ve-

309 4036 469 4090 dasti.

383 4106 408 4143 δ
436 4103 731 4159 Antiochiae.
750 4103 846 4158 Ubi
873 4103 1008 4157 sedit
1027 4104 1057 4157 7
1072 4100 1535 4159 annos.Catltedra
1555 4103 1670 4173 ejus
1694 4103 1879 4159 Romae

319 4176 617 4231 celebratur
640 4191 704 4229 xv
728 4173 848 4229 Kal.
874 4173 1032 4228 Febr.
1060 4174 1190 4227 Vide
1218 4188 1395 4240 supra.

387 4257 408 4285 ο
445 4246 662 4300 Theclw.
689 4245 810 4299 Ilaec
839 4244 1031 4297 colitur
1060 4244 1191 4313 inira
1220 4242 1291 4297 25
1313 4243 1675 4313 Septembris;
1711 4243 1875 4298 Ilodie

312 4289 846 4371 tante-nul‘Vvic'oniedias
879 4327 1028 4383 passa
1060 4312 1255 4366 dicitur
1282 4331 1296 4367 :
1329 4289 1421 4368 illo
1448 4328 1572 4368 vero
1599 4289 1684 4367 die
1713 4313 1875 4368 Iconii
1903 4289 1956 4349 Ῐ)

308 4388 360 4440 iu
390 4388 454 4441 Lv
465 4386 669 4441 cannia.

379 4403 753 4509 figigfdiw.
784 4454 948 4518 Quam
982 4450 1204 4504 Deciana
1246 4451 1544 4517 persecutio
1573 4450 1875 4507 trucidavit.

316 4525 467 4578 [bella
504 4526 680 4595 Vulg.,
710 4525 979 4589 Rabanus,
1004 4520 1301 4587 Notkerus;
1330 4521 1395 4574 de
1438 4520 1537 4575 hac
1582 4521 1700 4575 vide
1741 4521 1875 4577 intra

310 4598 375 4649 13
399 4600 532 4650 Aug.

382 4637 660 4719 v"§2r'enw.
690 4663 832 4729 Ilaec,
862 4671 918 4715 ut
947 4659 1169 4721 videtur,
1202 4659 1385 4715 eadem
1417 4668 1499 4714 est
1526 4674 1644 4714 cum
1667 4659 1874 4716 Sinerio

307 4736 386 4786 vel
421 4734 632 4796 Sireno,
660 4734 746 4801 qui
778 4732 911 4787 infra
940 4732 1027 4785 die
1054 4731 1295 4801 sequenti
1322 4731 1534 4786 colitur.

382 4803 399 4840 τ
438 4804 645 4859 Sinerii.
669 4800 799 4857 Cum
831 4804 942 4870 ipse
962 4802 1061 4855 sibi
1092 4800 1300 4854 hortum
1331 4801 1623 4863 excoleret,
1653 4809 1705 4853 et
1735 4815 1870 4854 unus

304 4888 370 4926 cx
390 4871 700 4926 domesticis
732 4873 1062 4939 imperatoris
1093 4871 1392 4924 Maximiani
1416 4872 1617 4925 amicus
1649 4870 1866 4924 intimus

306 4952 477 5004 esset;
511 4943 735 5009 quadam
762 4944 847 4996 die
885 4956 1101 4995 uxorem
1132 4940 1272 4994 illius
1301 4941 1356 4995 in
1401 4941 1556 4995 horto
1599 4955 1697 4994 suo
1739 4940 1869 4993 hora

308 5014 599 5080 incongrua
620 5012 1041 5065 deambulantem
1065 5014 1265 5080 reperit
1289 5028 1302 5064 :
1334 5024 1559 5079 eamque
1581 5009 1776 5080 acriter
1798 5009 1867 5064 de

306 5079 639 5133 immodestia
687 5080 998 5148 increpavit,
1034 5089 1088 5132 et
1117 5078 1235 5134 cum
1279 5080 1642 5146 indignatione
1681 5078 1863 5147 ejecit.

304 5152 431 5217 Quae
478 5152 589 5202 viro
624 5163 730 5219 suo
774 5150 840 5203 de
880 5150 1088 5219 Sereno
1127 5151 1513 5219 conqueritur:
1552 5149 1637 5215 qui
1693 5149 1864 5203 verbis

303 5220 544 5289 conjugis
572 5217 649 5289 ad
681 5218 1001 5271 iracundiam
1033 5228 1221 5281 motus,
1249 5217 1315 5274 'S.
1349 5218 1605 5272 Serenum
1638 5219 1866 5289 impera-

305 5286 413 5341 tori
434 5286 503 5343 uii
528 5288 882 5342 Christianum
906 5298 1140 5341 accusat.
1168 5289 1361 5356 Sicque
1383 5289 1615 5342 Serenus
1638 5286 1861 5356 jnbente

302 5360 623 5426 imperatore
650 5368 824 5412 tentus
847 5366 900 5410 et
925 5372 984 5411 se
1009 5358 1361 5412 Chrisdanum
1383 5359 1655 5412 confessus
1683 5357 1861 5426 capite

300 5442 469 5482 caesus
495 5440 595 5483 est.
628 5428 768 5482 Petr.
792 5426 858 5482 de
881 5426 1175 5482 Natalihus.
1288 5427 1293 5433 ’
1898 5494 1901 5495 ν

370 5508 394 5544 ε
429 5496 703 5568 l’olycarpi
732 5497 972 5565 episcopi.
1001 5495 1099 5568 Qui
1132 5496 1228 5568 hoc
1250 5496 1333 5550 die
1363 5496 1616 5567 martyrio
1642 5509 1861 5568 corona-

300 5574 383 5618 tus
412 5564 620 5630 dicitur,
651 5564 946 5634 coliturque
988 5580 1017 5618 a
1048 5566 1263 5627 Crmcis,
1298 5577 1352 5618 ut
1382 5564 1525 5633 patet
1553 5581 1614 5618 ex
1647 5564 1857 5619 Menzeis

294 5648 351 5691 et
376 5637 685 5705 Menologio.
714 5636 997 5708 Iuscriptus
1031 5637 1194 5693 ctiam
1222 5635 1608 5707 Martyrologiis
1638 5635 1692 5692 S.
1728 5636 1850 5691 Ilie-

1993 3760 2226 3827 ronymi,
2272 3757 2505 3823 Rabani,
2551 3756 2800 3814 Galesinii
2827 3766 2881 3814 et
2905 3758 3042 3825 aliis,
3074 3758 3165 3814 sed
3195 3758 3260 3813 de
3292 3759 3389 3813 hoc
3438 3760 3557 3816 vide

1985 3842 2140 3895 supra
2169 3843 2285 3882 xxvi
2312 3829 2574 3883 Januarii.

2055 3897 2081 3935 ιι
2104 3896 2348 4021 l{unum}.
2377 3900 2452 3955 De
2486 3899 2639 3970 hujus
2670 3899 2824 3953 natali
2857 3898 3121 3969 agendum
3150 3899 3250 3953 erit
3276 3915 3419 3954 xxvn
3454 3900 3555 3955 De-

2055 3985 2096 4021 m
2141 3985 2234 4021 ris.

1984 3981 2234 4023 (2611101⁸18.

2057 4037 2070 4075 ί
2110 4038 2405 4108 Polycarpi.
2438 4037 2702 4093 Notkerus
2734 4039 2927 4093 habet:
2960 4036 3144 4093 Romae
3172 4038 3227 4092 8.
3274 4037 3552 4108 Polycarpi

1983 4107 2314 4179 presbyteria
2348 4109 2500 4161 Brcda
2545 4109 2724 4179 Vulg.,
2756 4108 2887 4173 Ado,
2932 4108 3231 4179 Usuardus,
3268 4107 3553 4176 nosterque

1980 4186 2165 4232 auctor
2187 4176 2549 4248 confessorem
2578 4176 2797 4244 vocant;
2831 4178 3102 4246 probabile
3131 4190 3211 4234 est
3242 4179 3404 4248 igitur
3429 4196 3551 4235 eum

1979 4248 2119 4301 sicca
2151 4258 2317 4301 morte
2358 4246 2683 4305 defunctum.
2721 4250 2829 4301 lloc
2860 4259 3064 4302 certum
3094 4259 3196 4315 est,
3229 4246 3350 4303 cum
3392 4250 3542 4316 jussu

1986 4319 2293 4387 lliocletéani
2340 4318 2681 4371 Chromatius
2719 4318 2998 4384 przelectus
3029 4319 3079 4372 in
3112 4319 3360 4373 exsilium
3405 4320 3543 4387 apud

1977 4385 2316 4456 Campaniam
2346 4402 2463 4441 cum
2506 4388 2689 4443 multis
2717 4387 3030 4442 Christianis
3077 4390 3394 4454 mitteretur,
3442 4385 3541 4444 Po-

1975 4458 2246 4526 lycarpum
2279 4469 2469 4525 sponte
2504 4473 2683 4513 secum
2716 4459 2962 4511 exsilium
2993 4458 3251 4521 subiisse;
3284 4460 3425 4527 quod
3462 4469 3544 4512 ta-

1974 4541 2096 4597 men
2127 4527 2175 4581 ei
2210 4541 2389 4594 postea
2419 4528 2609 4582 accidit
2641 4529 2844 4595 penitus
2875 4527 3135 4597 ignotum.
3167 4529 3537 4597 Martyrologia

1974 4596 2025 4667 in
2059 4598 2159 4650 hoc
2184 4599 2538 4667 consentiunt,
2566 4613 2685 4651 eum
2711 4598 2906 4651 scilicet
2929 4612 3048 4651 cum
3078 4596 3393 4653 Sebastiano
3424 4599 3544 4667 plu-

1972 4665 2136 4739 rimos
2165 4666 2228 4739 ad
2260 4667 2413 4719 Iidem
2432 4666 2638 4739 Christi
2679 4669 3023 4733 convertisse,
3056 4678 3214 4737 atque
3241 4669 3304 4720 ad
3338 4665 3537 4739 mai-1y.

1975 4735 2037 4788 rii
2066 4736 2283 4803 gloriam
2318 4737 2645 4800 perduxisse.

2050 4806 2065 4854 i
2110 4805 2413 4859 Pannoniis.
2441 4807 2615 4859 Sirmii
2643 4807 2846 4861 scilicet
2872 4807 2969 4860 hos
3002 4821 3184 4874 passos
3224 4804 3423 4860 indicat
3450 4822 3538 4860 ve-

1973 4874 2318 4947 tustissimum
2349 4876 2772 4947 Martyrologium
2802 4877 3098 4931 Romanum
3129 4879 3239 4931 sive
3269 4878 3327 4929 8.
3356 4877 3537 4931 ΙΙᾶει-υο

1971 4946 2139 5013 nymi.
2192 4944 2494 4998 Bollandus.

2044 5012 2066 5051 ιι
2097 5013 2345 5067 Iuventio.
2382 5014 2549 5070 Hodie
2589 5014 2880 5070 secundum
2910 5016 3188 5069 Baronium
3218 5011 3399 5081 prima
3438 5027 3533 5066 ca-

1968 5082 2089 5149 pitis
2140 5086 2197 5137 S.
2239 5083 2456 5138 Joannis
2508 5085 2740 5139 inventio
2789 5085 2921 5140 facta
2974 5086 3212 5139 traditur.
3270 5085 3427 5139 Baeda
3478 5085 3532 5139 in

1964 5152 2228 5207 Chronico
2255 5155 2354 5206 sub
2385 5155 2619 5222 principe
2646 5154 2900 5208 Martiano
2929 5155 3041 5208 hzec
3072 5156 3227 5208 habet
3253 5172 3266 5207 :
3294 5155 3529 5212 Joannes

1967 5224 2197 5288 Baptista
2246 5233 2404 5292 caput
2431 5240 2584 5276 suum
2628 5225 2833 5277 duobus
2879 5228 3149 5279 monachis
3192 5225 3534 5277 orientalibus

1962 5294 2050 5361 qui
2083 5297 2148 5345 oh
2176 5296 2465 5346 orationem
2497 5302 2748 5348 venerant
2778 5293 3216 5363 Hierosolymam,
3245 5294 3397 5359 juxta
3430 5296 3533 5343 Ile-

1962 5363 2104 5415 rodis
2127 5363 2390 5431 quondam
2417 5363 2555 5431 regis
2583 5363 2941 5417 habitaculum
2966 5366 3187 5427 revelat,
3211 5363 3352 5431 quod
3381 5364 3530 5413 dein-

1961 5446 2086 5498 ceps
2132 5430 2363 5484 Emisatn
2398 5430 2683 5487 nummos:
2726 5434 2910 5501 urbem
2959 5430 3239 5501 perlatum,
3267 5440 3325 5485 et
3370 5433 3528 5497 digno

1962 5501 2163 5555 honore
2212 5504 2410 5557 cultum
2439 5512 2540 5558 est.
2574 5501 2657 5558 De.
2676 5501 2983 5559 inventione
3013 5503 3205 5559 iterum
3237 5503 3529 5556 dicendum

1967 5586 2087 5625 xxix
2125 5571 2365 5642 Augusti.
