3990 6196
405 435 505 494 869

1494 443 1682 499 SECT.
1715 442 1790 529 _u.
1836 470 1905 484 -η
1942 444 2494 499 MARTYROIDCIA‘.

3541 450 3643 505 5‘50

1648 554 1875 609 EDI'I‘IO
1914 554 2377 610 COLONIENSIS.

405 655 457 701 et
483 645 755 700 inventum
785 644 944 714 digno
971 646 1171 699 honore
1201 645 1585 707 reconderem;
1628 651 1765 715 quod
1797 648 1863 699 ab
1889 647 1964 700 εἰς
1994 653 2043 708 Α
2073 647 2277 714 Donati,
2305 647 2437 701 Justi
2463 690 2475 709 ,
2522 645 2699 700 Rutuli
2725 688 2737 710 ,
2776 646 3027 708 "ereum,
3072 645 3314 712 Pisionis,
3351 648 3636 719 Pamphili,

407 744 680 790 inventum
712 743 766 788 et
793 745 1152 805 assumptum,
1186 736 1279 789 sed
1313 750 1419 789 non
1462 736 1627 789 multo
1663 745 1785 802 post
1823 736 1975 803 culpa

409 824 620 880 incuriae
648 824 931 893 perditum,
958 826 1221 893 perlatum
1253 836 1335 881 est
1366 826 1639 880 Emessam
1670 826 1737 879 ab
1761 825 1898 889 aliis,
1926 832 1979 876 et

407 917 461 971 in
486 918 709 987 quodam
740 932 899 985 specu
932 918 983 972 in
1016 934 1144 972 urna
1185 920 1285 973 sub
1327 927 1465 972 terra
1512 932 1815 983 nonpaueo
1847 925 1973 970 tem-

408 1023 539 1076 pore
566 1006 865 1076 ignobiliter
899 1007 1230 1061 reconditam
1276 1017 1397 1072 est;
1440 1008 1610 1061 donec
1652 1006 1825 1061 denuo
1861 1020 1981 1060 sese

408 1112 667 1165 suumque
715 1106 870 1162 caput
910 1096 1145 1150 ostendit
1187 1096 1433 1152 Marcello
1474 1096 1686 1149 cuidam
1734 1094 1980 1164 religioso

408 1186 737 1257 presbytero,
763 1187 887 1242 dum
914 1187 966 1241 in
996 1202 1060 1241 eo
1089 1200 1252 1255 specu
1283 1188 1568 1242 habitaret.
1610 1187 1686 1241 Ex
1717 1202 1822 1256 quo
1849 1198 1978 1240 tem-

409 1294 539 1348 pore
568 1280 724 1345 cmpit
758 1278 809 1332 in
836 1277 1022 1333 eadem
1055 1278 1270 1332 civitate
1302 1279 1362 1332 Β.
1386 1278 1738 1332 Prmcursoris
1759 1278 1985 1331 decolla-

410 1370 487 1423 tio
517 1369 631 1434 ipso
658 1368 743 1423 die
781 1383 887 1438 quo
927 1376 1087 1436 caput
1115 1369 1389 1423 inventum
1435 1368 1548 1422 sive
1595 1367 1857 1422 elevatum
1903 1377 1985 1423 est

410 1457 690 1513 celebrari.
719 1458 869 1526 Apttd
892 1457 1190 1512 Caesaream
1210 1456 1559 1527 Cappadociae
1584 1457 1756 1512 natale
1778 1458 1835 1511 Β.
1862 1458 1984 1513 Ser-

416 1548 489 1619 gii
518 1548 797 1618 martyris,
826 1550 976 1619 cujus
1002 1562 1150 1621 gesta
1181 1550 1432 1619 praeclara
1464 1548 1746 1604 habentur.

485 1640 552 1696 G.
584 1639 623 1694 V
657 1640 792 1697 ΚΑΙ..
823 1642 1129 1697 ΜΑιιτιι.-
1150 1642 1302 1711 Apud
1325 1641 1609 1712 [Egyptum
1640 1640 1814 1695 natale
1833 1654 1986 1695 sanc-

411 1741 585 1786 torum
623 1732 901 1799 Victorini,
939 1734 1189 1798 Vieloris,
1222 1733 1471 1798 Nicofori,
1498 1732 1794 1797 Claudiani,
1829 1731 1985 1786 Dios-

412 1824 552 1888 cori,
596 1822 936 1891 Serapionis,
975 1833 1029 1879 et
1058 1824 1234 1894 Papiae
1271 1825 1371 1879 sub
1399 1823 1750 1888 Numeriano,
1795 1831 1987 1890 agente

409 1911 609 1966 Sabino
644 1911 803 1966 duce.
847 1911 1081 1978 Quorum
1123 1913 1325 1982 primus
1379 1913 1430 1966 in
1473 1912 1633 1982 pilam
1681 1926 1751 1966 ex
1795 1912 1984 1966 robore

2078 736 2315 791 Nestoris
2344 748 2394 790 et
2415 737 2607 801 Castae,
2640 746 2691 792 et
2713 745 2906 791 sancta:
2936 737 3236 807 Walpurgm
3261 738 3499 809 virginis.

2151 828 2214 880 A.
2242 827 2305 880 IV
2333 827 2463 881 KAL.
2490 827 2700 881 MART".
2732 856 2799 865 —
2833 826 2889 880 In
2918 826 3127 881 civitate
3153 828 3352 897 Pergen
3381 830 3639 902 Pamphy-

2080 914 2189 975 Iiaz,
2225 915 2399 970 natale
2422 916 2589 970 sancti
2618 913 2853 969 Nestoris
2882 916 3151 983 episcopi,
3183 919 3269 985 qui
3312 918 3409 973 sub
3449 936 3635 989 perse~

2080 1004 2306 1059 cutiooe-
2341 1005 2490 1059 Decii
2519 1018 2640 1057 cum
2669 1004 2757 1058 die
2785 1012 3052 1074 noctuque
3080 1008 3307 1062 orationi
3346 1010 3637 1075 insisteret,

2083 1095 2357 1162 postulans
2385 1106 2439 1150 ut
2467 1111 2599 1165 grex
2635 1098 2835 1153 Christi
2855 1100 3251 1165 custodiretur;
3284 1104 3642 1171 comprehen-

2080 1199 2172 1239 sus
2211 1200 2241 1239 a
2272 1186 2497 1253 quodam
2529 1185 2813 1242 Irenarcbo
2860 1189 3096 1257 principe
3133 1192 3384 1257 civitatis,
3429 1193 3645 1247 oblatus

2083 1282 2167 1327 est
2197 1274 2408 1341 ρι’ωείἀί
2437 1274 2685 1329 Pallioni.
2734 1276 2801 1331 Et
2828 1291 2947 1331 cum
2975 1295 3166 1335 nomen
3197 1281 3393 1336 Christi
3422 1282 3646 1337 confite-

2084 1373 2250 1427 retur,
2280 1364 2411 1420 deos
2440 1366 2672 1435 gentium
2702 1367 2962 1422 daemonia
2987 1381 3327 1440 memoraret,
3356 1373 3536 1442 jussus
3562 1385 3647 1428 est

2083 1466 2114 1506 a
2160 1454 2385 1520 praeside
2423 1456 2793 1512 crudelissime
2836 1460 3101 1528 torqueri;
3136 1477 3337 1530 praeses
3368 1479 3495 1519 vero
3525 1472 3642 1518 stu-

2087 1558 2216 1612 pens
2245 1559 2404 1616 super
2427 1545 2763 1601 tolerantiam
2790 1549 2905 1617 ejus
2934 1550 3065 1605 dixit
3103 1550 3151 1605 ei
3180 1568 3196 1604 :
3236 1553 3327 1608 Vis
3370 1555 3643 1608 nobiscum

2084 1649 2222 1700 esse,
2252 1644 2343 1689 aut
2366 1650 2487 1689 cum
2515 1634 2731 1693 Christo
2764 1640 2891 1694 tuo?
2929 1641 3023 1695 Cui
3064 1650 3280 1698 sanctus
3309 1643 3502 1699 Nestor
3529 1657 3647 1697 eum

2085 1727 2277 1795 gaudio
2305 1742 2494 1795 magno
2522 1731 2795 1799 respondit
2845 1733 3028 1787 dicens
3058 1751 3071 1787 :
3106 1732 3237 1788 Cum
3277 1733 3489 1789 Christo
3528 1750 3648 1790 meo

2086 1824 2139 1869 et
2167 1831 2331 1880 eram,
2360 1827 2414 1872 et
2456 1833 2596 1883 sum,
2624 1830 2678 1874 et
2715 1835 2829 1875 ero.
2860 1821 3004 1876 Tunc
3036 1838 3231 1887 praeses
3269 1824 3486 1878 dictavit
3514 1839 3643 1878 sen-

2088 1907 2327 1973 tentiam,
2359 1916 2412 1960 ut
2455 1908 2544 1976 qui
2575 1909 2842 1963 Christum
2890 1912 3199 1966 crucifixum
3230 1912 3503 1977 fateretur,
3543 1923 3649 1970 tau-

411 2018 622 2072 cavam,
652 2013 707 2058 et
733 2005 964 2074 undique
991 2006 1415 2060 circumforatam
1442 2005 1655 2071 missus,
1680 2019 1740 2058 ac
1764 2018 1858 2071 per
1876 2003 1982 2057 siu-
2016 1992 2062 2051 Β
2092 2010 2250 2063 quam
2302 1997 2527 2053 devotus
2584 1999 2695 2053 Deo
2750 2015 2847 2052 suo
2876 2042 2891 2064 ,
2937 2001 3221 2056 crucifixus
3275 2004 3568 2058 solveretur
3619 2023 3645 2055 ει

412 2093 532 2163 gula
562 2092 817 2147 foramina
861 2093 1160 2149 diutissime
1197 2104 1597 2164 transpuoctus,
1629 2104 1683 2149 et
1730 2109 1850 2149 cum
1907 2094 1986 2149 ni-

412 2182 774 2251 miussanguis
790 2182 847 2237 ef
848 2185 1053 2249 flueret,
1068 2184 1290 2238 eductus
1306 2201 1336 2238 e
1356 2185 1481 2254 pila,
1498 2184 1669 2253 capite
1690 2198 1858 2238 cassus
1878 2192 1984 2239 est.

413 2271 691 2328 Secundus
718 2272 960 2327 manibus
998 2287 1060 2328 ac
1099 2275 1317 2343 pedibus
1340 2274 1646 2342 amputatis,
1668 2273 1718 2327 in
1739 2273 1981 2328 eamdem

414 2365 572 2432 pilam
600 2364 814 2432 missus,
864 2364 1058 2433 prioris
1097 2373 1357 2418 tormenta
1393 2364 1675 2429 sustinuit,
1709 2373 1762 2419 et
1805 2365 1983 2418 novis-

414 2454 549 2509 sime
574 2454 747 2524 gladio
776 2468 948 2509 cresus
973 2464 1075 2508 est.
1109 2454 1321 2509 Tertius
1369 2470 1489 2509 cum
1539 2454 1678 2510 ultro
1727 2454 1779 2508 in
1823 2454 1981 2522 pilam

414 2542 932 2613 fuissetingressus,
986 2543 1289 2614 indignatus
1328 2544 1489 2615 judex
1527 2545 1682 2612 jussit
1710 2558 1829 2598 eum
1863 2544 1986 2599 inde

414 2635 652 2704 produci,
694 2646 746 2690 et
781 2649 944 2704 super
981 2636 1288 2690 craticulam
1328 2637 1512 2704 prunis
1539 2635 1862 2691 substratam
1893 2636 1987 2688 ali-

414 2727 728 2797 quantisper
755 2729 925 2785 assari
967 2737 1022 2783 et
1059 2730 1269 2784 inverti.
1302 2729 1537 2799 Cumque
1565 2727 1619 2784 in
1652 2728 1988 2785 confessione

417 2817 742 2887 persisteret,
784 2821 1023 2875 sublatus
1055 2819 1178 2875 inde
1216 2822 1513 2875 minutatim
1540 2820 1712 2890 gladio
1739 2819 1989 2875 concisus

416 2910 661 2973 spiritum
693 2912 942 2967 reddidit.
975 2913 1315 2982 Reliquorum
1341 2923 1567 2983 quatuor
1596 2914 1913 2969 Claudianus
1933 2922 1988 2967 et

418 2999 724 3070 Dioscorus,
754 3003 985 3058 flammis
1021 3004 1246 3072 incensi,
1299 3004 1553 3074 Serapion
1585 3015 1637 3059 et
1666 3006 1852 3075 Papias
1880 3004 1991 3073 gla-

416 3090 508 3145 dio
547 3094 896 3148 consummati
939 3103 1082 3148 sunt.
1142 3094 1197 3147 In
1240 3094 1417 3149 Africa
1462 3095 1636 3149 natale
1683 3104 1988 3149 sanctorum

2089 2083 2216 2137 vita.
2256 2084 2349 2140 Ille
2378 2087 2575 2155 gratias
2616 2103 2778 2157 agens
2811 2088 2940 2154 Deo,
2986 2105 3106 2143 cum
3144 2091 3251 2159 jam
3292 2092 3479 2146 afﬁxus
3505 2101 3650 2147 esset

2086 2176 2354 2245 patibulo,
2394 2177 2617 2233 docebat
2667 2181 2914 2248 populum
2942 2183 3292 2237 christianum
3341 2194 3394 2237 ut
3442 2184 3494 2237 in
3545 2184 3646 2238 file

2089 2265 2457 2333 persiSIerent.
2510 2266 2633 2322 Post
2665 2267 2779 2323 lucc
2823 2278 3006 2338 petens
3036 2287 3219 2326 omnes
3268 2281 3323 2326 ut
3351 2288 3517 2341 genua
3548 2274 3646 2327 fle-

2086 2364 2292 2411 ctentes
2344 2371 2463 2411 cum
2508 2372 2573 2412 eo
2621 2368 2878 2423 orarent,
2933 2360 3141 2427 expleta
3197 2363 3474 2427 oratione,
3525 2378 3645 2417 cum

2086 2443 2344 2500 dixissent
2363 2460 2549 2500 omnes
2570 2448 2759 2513 Amen,
2793 2450 3308 2518 reddiditspiritum.
3334 2454 3528 2507 Eodem
3561 2456 3648 2509 die

2090 2537 2148 2591 Β.
2173 2537 2479 2603 Alexandri,
2499 2539 2870 2596 Alexandrinae
2896 2543 3124 2597 civitatis
3151 2545 3403 2611 episcopi,
3436 2544 3655 2615 gloriosi

2087 2628 2250 2693 senis,
2276 2630 2361 2697 qui
2389 2638 2506 2698 post
2528 2630 2738 2683 beatum
2769 2632 3005 2697 Petrum,
3050 2634 3261 2687 Arrium
3289 2636 3651 2703 presbyterum

2087 2734 2265 2786 suum,
2291 2721 2534 2775 bteretica
2562 2723 2832 2790 impietate
2853 2724 3217 2791 depravatum,
3246 2737 3300 2780 et
3321 2727 3491 2780 divina
3516 2728 3655 2781 veri.

2092 2818 2198 2864 tate
2244 2811 2607 2878 coniunctum,
2632 2812 2699 2867 de
2727 2813 2960 2869 Ecclesia
2990 2815 3163 2884 ejecit.
3198 2817 3322 2871 Item
3352 2828 3653 2874 sanctorum

2088 2901 2338 2968 Theonis,
2371 2902 2561 2970 Opion,
2591 2903 2753 2972 Justi,
2796 2906 3004 2974 Donati,
3036 2907 3298 2975 Ampliati,
3325 2908 3542 2976 Ingenii.

2159 2991 2218 3044 Β.
2268 2991 2332 3045 111
2373 2991 2613 3048 ΚΑιεΝι).
2660 2996 2878 3049 MART".
2934 3027 3004 3039 —-
3056 2999 3208 3067 Apud
3243 2999 3568 3069 Hispaniam,
3603 3001 3651 3054 in

2090 3079 2300 3135 civitate
2343 3080 2569 3150 Hispali,
2604 3084 2779 3139 natale
2806 3088 2986 3153 sancti
3022 3087 3246 3143 Leandri
3276 3091 3548 3160 episcopi,
3580 3090 3646 3143 ad

1646 3203 1868 3259 EDITIO
1906 3193 2383 3255 BOLLANDIANA

420 3293 603 3346 Romae
646 3296 702 3350 S.
732 3295 1008 3351 Primitivi.
1037 3295 1126 3362 νη
1147 3295 1450 3350 Primitivaz.
1484 3294 1570 3359 C.,
1600 3295 1782 3348 Romae
1807 3294 1980 3347 natale
2010 3291 2058 3354 C

423 3365 481 3418 S.
514 3365 814 3419 Primitivaa.

489 3464 721 3519 εὕρ-Ἴ
750 3465 882 3519 ΚΑΙ..
912 3466 1073 3519 Vacat
1104 3466 1279 3520 Bazda.

494 3553 579 3619 D.,
605 3556 751 3622 Apud
781 3556 1063 3625 Egyptum
1089 3566 1114 3594 ⁸
1139 3557 1667 3621 Victorini,Victoris,
1691 3553 1971 3625 Nicephori

423 3632 477 3695 et
501 3626 723 3681 aliorum
754 3640 1064 3695 martyrum.
1092 3626 1154 3681 V.
1182 3628 1267 3691 C.,
1288 3626 1340 3678 lu
1372 3627 1545 3680 Africa
1576 3625 1781 3686 Donati,
1810 3624 1977 3695 Iusti,

424 3693 675 3781 Herenei,
705 3693 915 3781 Ingenui
948 3696 1367 3781 Ingenuae],
1399 3705 1453 3750 et
1499 3693 1981 3781 aliarurr‘n'qtri‘adra:

423 3764 564 3834 ginta
590 3766 837 3834 quinque.
869 3764 1021 3819 Α.Ἷ“.
1051 3764 1216 3827 [ιηίιη
1247 3764 1415 3818 Africa
1449 3764 1759 3834 natalis_SS.
1795 3764 1979 3834 Dona_ti

422 3842 478 3885 et
498 3833 651 3888 Justi.
687 3832 746 3887 ln'
769 3835 1055 3901 Pampltilia
1088 3836 1274 3888 natalis
1303 3834 1540 3887 Nestoris
1571 3844 1624 3887 et
1644 3832 1670 3871 δ
1695 3834 1889 3887 Castae.
1920 3832 1984 3884 Et

422 3902 684 3974 depositio
712 3905 769 3958 S.
805 3906 1072 3974 Eugeniic.
1113 3906 1277 3960 Abest
1304 3903 1417 3958 haec
1445 3918 1474 3957 a
1503 3903 1588 3969 L.,
1618 3912 1672 3958 et
1700 3918 1797 3973 pro
1824 3902 1983 3956 Casta

424 3968 604 4028 Castus
634 3974 842 4045 legitur.

2158 3284 2250 3340 26.
2280 3314 2349 3325 -—
2376 3284 2437 3339 IV
2469 3284 2600 3341 ΚΑι..
2630 3286 2794 3343 Vacat
2820 3287 2996 3346 Baeda.

2160 3376 2247 3439 D.,
2282 3375 2483 3449 Pergen
2514 3377 2818 3449 Pamphiliac
2860 3381 2921 3435 Β.
2957 3387 2979 3414 θ
3011 3378 3244 3435 Nestoris
3279 3382 3532 3449 episcopi.
3584 3381 3647 3436 V.

2085 3446 2170 3508 C.,
2202 3447 2374 3499 natale
2528 3445 2554 3483 ά
2587 3445 2869 3503 Alexandri
2896 3492 2908 3512 ,
2937 3450 3191 3502 Nestoris.
3238 3445 3326 3511 V.,
3359 3445 3650 3504 Fortunati.

2090 3514 2157 3569 ν.
2182 3516 2265 3586 C.,
2292 3515 2599 3586 Etali_nrum
2624 3518 2804 3586 viginti
2826 3534 2940 3572 sex.
2973 3521 3033 3572 Α.
3054 3519 3115 3572 Τ.
3145 3519 3227 3581 L.,
3254 3518 3308 3571 In
3333 3520 3647 3573 Alexandria

2087 3584 2273 3706 ngtallis
2432 3584 2622 3641 Felicis
2666 3584 2719 3641 et
2764 3587 3081 3657 Alexandri,
3121 3588 3376 3641 Nestoris.
3425 3588 3650 3644 Ultimus

2089 3667 2118 3706 a
2161 3668 2216 3706 es
2268 3668 2295 3706 a
2373 3694 2385 3706 .

2089 3667 2239 3707 aDeSl
2268 3668 2295 3706 a
2325 3667 2385 3708 ι..

2159 3744 2249 3797 27.
2279 3772 2348 3785 --
2380 3744 2442 3798 III
2478 3745 2612 3800 ΚΑΙ..
2645 3746 2805 3801 Vacat
2838 3746 3014 3803 Baeda.

2164 3832 2250 3911 D.,
2287 3833 2433 3911 Apud
2458 3836 2837 3911 Alexandriam
2868 3837 3129 3911 fJulianrc
3150 3842 3437 3911 Amartyris.
3476 3840 3537 3896 V.
3565 3839 3649 3906 C.,

2098 3900 2117 3939 ί
2150 3903 2455 3980 Alexandri,
2490 3906 2838 3980 Abundantii,
2862 3908 3118 3980 Januarii,
3148 3900 3379 3980 Dionysii
3418 3920 3471 3964 et
3519 3900 3652 3963 alio;

2093 3987 2208 4025 rum
2234 3974 2412 4041 viginti
2442 3986 2683 4043 quatuor.
2712 3980 2773 4031 Α.
2800 3978 2863 4034 Τ.
2890 3978 2974 4043 L.,
3004 3982 3180 4034 ltomre
3206 3974 3525 4036 via'Aurelia
3556 3997 3647 4035 ua-

1801 4082 2007 4141 SMITII
2046 4082 2274 4141 NOT/E.

500 4186 526 4216 ⁸
560 4177 832 4234 Victorini.
865 4178 923 4231 Ili
953 4193 1140 4233 omnes
1181 4180 1467 4235 secundum
1513 4179 1711 4233 Menrca
1740 4187 1795 4231 et
1822 4178 1984 4233 Galeo

426 4248 622 4300 sinium
651 4246 816 4301 Grzeci
841 4248 923 4301 vel
950 4249 1205 4303 Corinthii
1234 4251 1375 4303 cives
1399 4248 1564 4313 fuere,
1589 4259 1642 4302 et
1663 4247 1725 4301 ad
1749 4247 1983 4302 Tertium

426 4319 794 4386 proconsulem
837 4316 1073 4370 Corinthi
1131 4319 1390 4372 consulari
1445 4319 1664 4385 imperio
1720 4317 1981 4371 Graeciam

426 4387 530 4441 sub
560 4386 715 4440 Decio
747 4386 1199 4441 administrantem
1245 4387 1477 4451 adducti,
1507 4396 1559 4439 et
1588 4387 1765 4441 emissi
1794 4401 1857 4439 ex
1885 4388 1986 4439 Co-

424 4455 637 4513 rintho:
666 4456 801 4521 quod
853 4456 1027 4508 forsan
1074 4457 1172 4510 sub
1218 4457 1376 4509 Decio
1405 4457 1660 4523 contigit;
1693 4470 1813 4508 cum
1850 4470 1983 4509 vero

427 4526 575 4579 fuere
601 4526 810 4578 exsules
853 4526 904 4578 in
937 4527 1184 4595 Egypto,
1212 4527 1279 4579 ad
1313 4537 1549 4589 tempora
1588 4540 1754 4591 usque
1791 4526 1981 4577 Nume-

2092 4178 2318 4259 cundum
2337 4185 3003 4259 correctionemjlollandi,
3025 4187 3257 4259 episcopi
3282 4188 3611 4257 Magydensis
3638 4233 3651 4254 ,

2092 4251 2304 4324 quisuh
2333 4255 2696 4316 persecutione
2722 4256 2862 4309 Decii
2887 4271 3006 4309 cum
3032 4256 3121 4308 die
3152 4251 3414 4324 noctuque
3443 4251 3647 4311 oratio;

2096 4317 2147 4369 ni
2179 4318 2466 4395 insisteret,
2499 4326 2773 4395 postulans
2800 4337 2849 4378 ut
2878 4341 3007 4395 grex
3037 4324 3229 4379 Christi
3268 4317 3643 4395 custodiretur,

2093 4394 2510 4464 comprehensus
2560 4394 2625 4447 ab
2682 4394 2995 4459 Irenarclto,
3054 4405 3108 4449 et
3162 4394 3369 4464 praesidi
3427 4397 3649 4452 Pollioni

2094 4461 2436 4515 transmisstis
2463 4502 2479 4526 ,
2511 4464 2738 4527 equulen
2765 4465 3131 4518 crudelissime
3164 4461 3343 4520 tortus
3383 4477 3486 4521 est.
3519 4465 3653 4521 Exin

2092 4528 2265 4603 {trucis
2279 4532 2564 4603 suspendio
2582 4534 3027 4599 victormigravit.
3049 4535 3201 4587 Bmda
3219 4537 3379 4603 vulg.,
3395 4536 3645 4599 Usuard,

426 4595 579 4675 {iani
598 4594 705 4647 illic
732 4591 1286 4675 supe'r‘stites',agente
1326 4595 1526 4675 §abiiio
1555 4595 1710 4675 duce,
1740 4608 1874 4674 unus
1922 4609 1986 4647 ex
2012 4591 2064 4649 D
2091 4593 2333 4675 Notlter_._
2351 4591 2528 4675 Pridie
2553 4605 2712 4655 etiam
2725 4591 2934 4675 _coli'tur
2961 4621 2988 4657 a
3014 4604 3237 4669 Latinis,
3263 4591 3475 4675 efa'pud
3503 4591 3652 4660 Grai;

426 4664 495 4717 iis
522 4663 701 4717 Victor
732 4663 783 4715 in
826 4665 980 4729 pilam
1026 4668 1255 4733 undique
1298 4663 1722 4717 circumforatam
1775 4664 1986 4729 missus,

429 4746 497 4802 ac
548 4747 643 4800 per
693 4734 897 4802 singula
948 4732 1202 4787 foramina
1253 4732 1547 4787 diutissime
1596 4741 1991 4800 transpunctus,

427 4801 649 4855 eductus
676 4804 743 4856 de
787 4801 908 4867 pila,
954 4805 1126 4871 capite
1156 4819 1323 4857 czesus
1366 4812 1468 4856 cst.
1502 4803 1652 4856 Alter
1691 4818 1871 4855 eorum
1908 4803 1995 4854 Vi-

424 4872 667 4925 ctorinus
697 4873 941 4925 manibus
985 4884 1037 4925 et
1081 4874 1297 4940 pedibus
1345 4877 1625 4937 amputatis
1670 4872 1719 4925 in
1749 4872 1989 4925 eamdem

426 4940 591 5008 pilam
614 4942 808 4994 missus
832 4942 1018 5009 prioris
1044 4952 1301 4995 tormenta
1324 4942 1599 5007 sustinuit,
1624 4951 1673 4996 et
1702 4942 1993 4995 novissime

431 5010 611 5075 gladio
636 5025 803 5063 caesus
831 5021 930 5064 est.
967 5011 1293 5078 NlCCpllOl‘llS
1323 5014 1481 5064 etiam
1512 5026 1630 5064 cum
1665 5012 1806 5064 ultro
1834 5013 1882 5064 in
1918 5011 1984 5079 pi-

430 5080 537 5131 lam
589 5079 770 5132 fuisset
811 5081 1098 5146 ingressus,
1133 5081 1433 5145 indignatus
1458 5081 1624 5147 judex
1667 5081 1826 5147 jussit
1868 5096 1988 5133 eum

430 5148 559 5201 inde
591 5149 822 5215 produci,
851 5158 903 5201 et
929 5166 1086 5217 supra
1116 5151 1420 5205 craticulam
1455 5152 1635 5217 prunis
1672 5152 1991 5204 substratam

422 5218 694 5287 'perassari
727 5228 781 5270 et
810 5219 1021 5282 inverti,
1052 5221 1259 5272 tandem
1304 5222 1597 5271 minutatim
1646 5219 1821 5287 gladio
1868 5235 1995 5273 cnn-

431 5288 560 5338 ridi.
606 5286 841 5350 Quatuor
886 5296 1059 5342 autem
1106 5291 1193 5343 alii
1240 5288 1555 5343 Claudianus
1604 5298 1659 5341 et
1712 5290 1995 5343 Dioscorus

430 5355 659 5425 flatnmis
692 5355 912 5425 incensi,
939 5358 1192 5423 Serapion
1226 5368 1280 5412 et
1324 5358 1505 5422 Papias
1533 5358 1706 5419 gladio
1734 5360 1991 5425 perempti

430 5433 573 5478 sunt.
593 5423 762 5494 _Bazda
784 5427 959 5494 vulg.,
987 5425 1237 5493 Usuard.,
1262 5426 1479 5482 Notker.
1505 5426 1674 5481 Graeci
1700 5423 1749 5480 iri
1775 5423 1994 5483 Menaeis

432 5508 554 5546 xxxi
582 5491 814 5547 Januarii
840 5491 933 5548 eos
956 5496 1152 5551 colunt.

502 5560 529 5635 ξ)
557 5560 747 5617 Castae.
776 5562 872 5616 SS.
891 5565 1044 5619 Casta
1072 5576 1123 5618 et
1148 5566 1337 5619 Nestor
1357 5566 1405 5618 in
1429 5565 1799 5635 Martyrologio
1826 5565 1993 5621 Baeda:

430 5632 1011 5702 vulgatormartyribus
1060 5635 1241 5697 Afris,
1290 5636 1379 5702 qui
1429 5636 1529 5689 ltoc
1564 5632 1658 5690 'die
1711 5632 1990 5702 coluntur,

429 5710 554 5754 sunt
579 5701 763 5775 additi.
796 5701 899 5757 Sed
930 5705 998 5759 de
1024 5703 1245 5760 Nestore
1272 5708 1430 5759 etiam
1462 5704 1681 5760 seorsim
1712 5708 1886 5775 agitur
1906 5701 2003 5762 die

470 5788 690 5822 ῬΠΙΙΘΙΙῑΙ.

470 5788 485 5806 .
530 5788 540 5821 ι
676 5809 690 5822 _

426 5780 815 5897 .mqlfilts'toris.
860 5843 1100 5915 Episcopi
1149 5844 1283 5914 apud
1335 5844 1685 5911 Mandis,vcl
1706 5850 1876 5917 potius
1903 5865 1988 5904 se-

2096 4678 2185 4717 cos
2215 4668 2263 4718 in
2289 4668 2499 4721 Menaeis
2529 4687 2689 4725 xxviii
2724 4672 3013 4726 Februarii.

2167 4732 2193 4771 ιι
2224 4736 2519 4815 Αιείτᾳηάνί.
2554 4741 2752 4815 lteliqui
2780 4743 2828 4793 hi
2856 4744 2904 4795 in
2926 4742 3237 4810 quibusdam
3263 4744 3655 4815 Martyrologiis

2096 4803 2409 4859 Alexandria
2448 4809 2582 4873 passi
2614 4803 2875 4863 dicuntur.

2172 4883 2194 4908 ο
2225 4873 2469 4949 Julienw.
2500 4878 2678 4949 Potius
2708 4880 2895 4933 Juliani
2916 4921 2929 4939 ,
2958 4882 3053 4935 viri
3097 4882 3340 4949 podagra:
3386 4883 3656 4937 doloribus

2097 4945 2507 5021 co_nstricti_,_qui
2538 4964 2636 4999 una
2669 4950 3026 5021 cumrduohus
3058 4945 3175 5005 aliis
3205 4945 3290 5020 qui
3335 4954 3504 5021 ipsum
3531 4969 3654 5019 por-

2099 5014 2276 5093 tabant
2320 5016 2573 5093 adductuﬂs
2623 5028 2723 5093 est.
2771 5020 2985 5093 IlurunL
3014 5023 3148 5075 alter
3193 5014 3369 5075 statim
3418 5014 3648 5093 negavit.

2100 5083 2249 5159 Alter
2277 5087 2488 5159 nomine
2521 5084 2753 5159 Cronion
2778 5128 2793 5151 ,
2827 5090 2913 5155 qui
2947 5088 3126 5143 Eunus
3156 5083 3650 5159 cngntitititiaﬁatttr,

2095 5154 2305 5230 et_ipse
2350 5155 2588 5230 Julianus
2616 5154 2907 5230 Christutu_
2930 5160 3190 5223 confessi,
3226 5154 3322 5230 per
3353 5154 3652 5216 universam

2097 5223 2279 5296 urbem
2304 5225 2520 5296 camelis
2552 5225 3051 5296 insidentes,ﬂagris
3081 5223 3331 5284 sublimes
3364 5232 3646 5293 verberati,

2099 5295 2307 5346 tandem
2357 5294 2729 5347 ardentissimo
2773 5296 2912 5362 igtte,
2944 5294 3259 5352 circumfusa
3297 5300 3653 5364 multitudine,

2097 5366 2415 5437 consumpti
2438 5374 2589 5437 sunt.
2635 5364 2868 5434 Dionysii
2900 5367 3052 5434 epist.
3088 5368 3223 5437 apud
3257 5370 3481 5435 Euseb.,
3512 5369 3650 5423 Hist.

2100 5432 2265 5492 Eccl.,
2292 5448 2363 5496 vi,
2391 5434 2480 5486 41.

2171 5498 2191 5538 π
2224 5503 2517 5573 Alexandri.
2547 5502 2859 5568 Galesinius,
2897 5506 3175 5570 Baronius,
3209 5517 3261 5560 et
3285 5506 3578 5573 Ferrarius,
3601 5507 3671 5561 in,

2097 5570 2343 5637 Catalogo
2371 5581 2674 5626 sanctorum
2716 5574 2897 5637 Italiae,
2935 5578 3102 5630 locum
3130 5578 3313 5630 horum
3344 5570 3650 5630 certaminis

2096 5639 2317 5717 Romam
2346 5643 2662 5717 ascripsere.
2688 5644 2790 5717 sed
2820 5646 3006 5699 melius
3034 5647 3089 5699 S.
3121 5648 3423 5717 Hieronymi
3459 5647 3651 5717 Marty-

2096 5709 2220 5775 rol.,
2251 5710 2398 5763 Baeda
2431 5713 2599 5781 vulg.,
2625 5715 2895 5771 Ilrabanus
2925 5717 3132 5769 Maurus
3157 5731 3247 5770 eos
3267 5709 3667 5773 Thessalonica

2097 5793 2280 5848 passos
2308 5782 2534 5838 tradunt.
