3990 6196
338 362 435 416 851

1081 351 1282 405 ΒΕῡᾸΞ
1323 347 1770 403 \‘ENERABILIS
1791 346 1940 401 OPP.
1974 344 2149 400 PARS
2180 344 2265 398 iV.
2299 371 2365 384 -—
2405 339 2784 397 HISTORICA.

3388 345 3398 355 ‘
3480 330 3585 390 852

1575 456 1797 514 EDITlO
1834 438 2301 512 COLONIENSIS.

340 577 496 630 quem
558 559 742 612 beatus
782 555 1068 624 Gregorius
1115 552 1279 606 libros
1323 549 1599 603 Moralium
1647 548 1896 615 scripsit,
1936 556 1976 614 Α
2008 546 2320 617 Lugdunum
2350 545 2519 599 sancti
2548 542 2858 596 Baldimeris
2875 540 2969 595 viri
2989 539 3102 595 Dei.
3132 539 3186 593 In
3202 537 3582 630 Thessalonica

336 656 489 720 cujus
538 649 915 720 prcedicatione
945 655 999 700 et
1038 644 1296 698 industria
1342 652 1450 697 tota
1502 640 1902 710 Visigothorum

332 759 466 813 gens
492 743 559 797 ab
590 741 809 795 Arriana
852 738 1124 805 impietate
1150 748 1409 789 conversa
1436 741 1540 786 est.
1583 731 1783 786 Eodem
1814 730 1903 784 die

333 835 389 891 in
436 830 756 890 Alexandria
807 829 980 885 natale
1034 827 1201 881 sancti
1250 825 1445 881 Juliani
1490 822 1763 894 martyris.
1807 824 1905 887 Qui

333 942 454 980 cum
509 926 578 979 ita
634 924 862 992 podagra
914 928 1058 975 esset
1102 916 1450 981 constrictus,
1494 927 1550 968 ut
1599 930 1770 984 neque
1830 915 1909 967 in-

329 1018 525 1071 cedere
564 1030 734 1082 neque
775 1022 919 1068 stare
969 1020 1170 1081 posset,
1228 1010 1281 1064 in
1327 1008 1512 1062 sellula
1555 1004 1720 1074 judici
1749 1003 1910 1058 oﬁ'er-

332 1116 436 1171 tnr,
464 1124 584 1164 cum
610 1109 690 1161 his
730 1107 819 1176 qui
855 1122 975 1160 eum
1026 1104 1337 1172 portabant,
1374 1114 1597 1169 quorum
1645 1113 1779 1151 unus
1819 1111 1908 1152 ne-

330 1201 497 1271 gavit,
528 1201 664 1254 alter
697 1199 908 1252 nomine
936 1197 1134 1261 Eunus,
1165 1208 1283 1247 cum
1313 1190 1522 1245 Juliano
1543 1203 1669 1243 sene
1696 1189 1748 1242 in
1773 1201 1905 1241 con-

332 1290 567 1345 fessione
596 1288 791 1343 Christi
832 1288 1101 1354 perdurat.
1133 1283 1339 1351 Quique
1362 1280 1582 1350 jubente
1606 1278 1787 1348 judice
1815 1290 1904 1330 ca-

331 1381 487 1435 melis
519 1381 774 1447 impositi,
819 1389 873 1432 et
904 1393 998 1446 per
1037 1386 1198 1430 totam
1225 1373 1571 1429 circumducti
1605 1372 1819 1435 urbem,
1850 1377 1905 1425 et

329 1469 508 1537 ﬂagris
555 1468 677 1521 hinc
722 1467 844 1521 inde
887 1468 1218 1535 inspectante
1270 1462 1465 1531 populo
1518 1460 1703 1516 laniati
1753 1467 1899 1524 sunt,

334 1574 609 1628 usquequo
654 1561 811 1613 tinem
850 1558 978 1627 ipsis
1016 1555 1326 1612 verberibus
1354 1553 1693 1608 sortirentur.
1735 1549 1891 1618 Apud

2009 636 2185 691 natale
2215 634 2526 701 Alexandri,
2577 631 2906 702 Androgoni,
2936 630 3278 685 Abundantii.
3316 629 3372 682 In
3406 626 3579 683 Africa

2009 725 2267 797 Dionysii,
2293 733 2348 781 et
2373 724 2596 778 aliorum
2630 723 2811 792 viginti
2837 730 3089 791 quatuor.

2077 820 2140 873 C.
2190 819 2339 872 Pam.
2396 816 2533 870 Kac.
2587 816 2800 869 Mser".
2830 842 2903 856 --
2935 813 2992 867 In
3042 813 3321 868 territorio
3374 811 3577 882 Lugdu-

2011 909 2161 964 nensi
2192 908 2324 963 locis
2355 906 2648 961 virentibus
2678 905 2815 958 beati
2847 903 3071 957 Romani
3095 903 3324 967 abbatis,
3358 902 3448 970 qni
3474 904 3578 970 pri-

2013 1017 2131 1056 mus
2157 1001 2265 1056 illic
2294 1001 2455 1053 vitam
2484 998 2813 1053 eremiticam
2844 996 3032 1061 duxit,
3060 1002 3117 1049 et
3144 994 3329 1048 multis
3360 994 3574 1047 virtuti-

2011 1097 2108 1150 bus
2154 1109 2218 1149 ac
2269 1093 2540 1148 miraculis
2569 1092 2765 1155 clarus,
2812 1089 3161 1160 plurimorum
3206 1096 3391 1157 postea
3438 1097 3581 1157 pater

2008 1190 2208 1245 exstitit
2241 1188 2644 1242 monachorum.
2692 1185 3012 1240 Venerabile
3042 1199 3235 1254 corpus
3274 1184 3393 1252 ejus
3440 1184 3578 1252 posi-

2010 1291 2121 1334 tum
2148 1287 2229 1335 est
2259 1281 2310 1333 in
2340 1276 2536 1333 ﬁnibus
2573 1278 2974 1331 Vesontionum.
3014 1276 3070 1330 ln
3101 1274 3422 1331 Alexandria
3452 1290 3577 1327 san-

2006 1356 2213 1426 ctorum
2275 1378 2567 1440 martyrum
2620 1367 2894 1436 Cerealis,
2947 1366 3168 1436 Populi,
3210 1365 3368 1434 Gaii,
3421 1364 3577 1420 Sera-

2008 1476 2198 1531 pit-ms.

1600 1643 1823 1699 EDITIO
1863 1639 2361 1696 BOLLANDIANA.

337 1746 460 1801 talis
483 1748 541 1802 S.
574 1758 599 1785 ι
635 1747 827 1801 Felicis
853 1745 1086 1813 episcopi
1116 1753 1169 1797 et
1198 1741 1471 1813 martyris.
1504 1739 1908 1813 Sin_y_rrta_Asi_:e

332 1818 523 1871 natalis
568 1818 662 1872 SS.
715 1806 1279 1878 Serviliatti,'Daciatti
1326 1806 1378 1866 ἐι
1428 1806 1676 1866 Leandri.
1722 1809 1808 1875 T.,
1839 1806 1907 1862 ΕΙ.

334 1888 612 1941 translatio
639 1887 694 1942 S.
724 1885 750 1923 ι’
785 1886 1027 1956 Rngnulli
1062 1883 1331 1952 martyris.

396 1976 488 2030 28.
512 2007 582 2016 —
608 1977 648 2031 ll
676 1977 811 2032 ΚΑΙ..
841 1976 1008 2029 Vacat
1039 1975 1217 2028 Baeda.

405 2070 489 2134 D.,
527 2070 846 2124 Alexandria
882 2079 903 2106 ο
927 2067 1147 2123 Metrani
1173 2063 1421 2136 martyris
1455 2071 1509 2115 et
1549 2061 1797 2115 aliorum.
1836 2056 1903 2113 V.

2024 1737 2108 1799 C.,
2137 1735 2330 1790 natalis
2377 1732 2474 1789 SS.
2505 1730 2733 1794 Celeris,
2789 1728 3000 1800 Pupilli,
3052 1729 3391 1796 Serapionis,
3424 1727 3577 1800 Iusti.

2020 1804 2108 1869 V.,
2136 1805 2376 1859 Candidi.
2407 1800 2806 1863 C.,Clandiani.
2841 1798 2927 1857 Ᾰ..
2962 1800 3014 1853 In
3046 1801 3363 1854 Alexandria
3396 1798 3582 1869 natalis

2012 1868 2109 1931 SS.
2163 1874 2417 1942 Dionysii,
2460 1871 2754 1942 Claudiani,
2801 1879 2855 1923 et
2901 1870 3204 1942 Theupbili.
3258 1869 3323 1924 Τ.
3360 1869 3469 1942 _[_..,
3502 1868 3579 1942 “in

2010 1938 2331 1999 Alexandria
2366 1942 2559 1996 natalis
2587 1941 2684 1995 SS.
2716 1941 3047 2004 Serapionis.
3077 1940 3280 1994 Celeris
3300 1982 3314 2003 ,
3349 1938 3577 1994 Claudii.

2012 2016 2172 2070 Addit
2195 2014 2283 2081 'l‘.,
2308 2012 2584 2077 Victorini,
2614 2011 2909 2075 Saturnini,
2933 2012 3214 2064 Alexandri
3240 2019 3295 2065 et
3329 2009 3579 2063 Victoris.

1794 2169 1934 2225 liTH
1976 2167 2206 2225 ΝΟΤίΕ.

1794 2196 1795 2199 η
1976 2169 2206 2225 ΝΟΤίΕ.

403 2282 427 2308 α
461 2228 671 2326 Felii-is.
698 2273 874 2338 Papa},
902 2286 979 2325 sc.
1033 2270 1089 2324 Si
1122 2281 1296 2324 antem
1339 2268 1408 2323 sit
1453 2267 1605 2322 Felix
1655 2169 1977 2331 Prisnhtiisrle
2009 2269 2166 2313 sexto
2198 2257 2316 2338 lial.
2341 2257 2505 2338 Junii,
2539 2257 2632 2338 sed
2661 2258 2712 2310 in
2735 2257 3069 2338 Atrebatensi
3116 2256 3385 2338 Breviario
3425 2258 3585 2338 poni-

325 2343 522 2397 colitur
551 2344 682 2395 infra
715 2337 814 2395 xxx
848 2342 964 2396 Maii
995 2342 1077 2402 ;si
1101 2340 1390 2404 secundus,
1423 2354 1545 2391 xxix
1567 2337 1708 2390 Julii.

403 2410 430 2449 δ
463 2411 725 2482 Ragnu‘ﬁ.
772 2413 893 2465 Sive
935 2411 1246 2482 Rannlpbi,
1283 2409 1449 2482 patris
1604 2403 1899 2471 Hadnlphi,

324 2477 562 2550 episcopi
617 2482 1006 2535 Atrebatensis.
1066 2481 1159 2534 llic
1202 2477 1563 2534 ab'Usuardo
1609 2485 1895 2529 annotatur

2012 2339 2097 2383 tur
2122 2331 2309 2396 quimo
2359 2331 2537 2381 Iduum
2574 2328 2914 2382 Novembris.
2948 2329 3184 2382 Molauus
3209 2369 3223 2395 ,
3256 2329 3305 2381 in
3349 2328 3583 2383 iudiculo

2013 2410 2317 2454 sanctorum
2346 2398 2533 2467 Belgii.

2082 2476 2107 2507 ο
2144 2469 2385 2523 Metrani.
2416 2466 2488 2523 De
2516 2468 2615 2523 hoc
2647 2467 2764 2521 vide
2794 2482 2973 2536 supra,
3005 2484 3128 2522 xxxt
3157 2466 3414 2524 Januarii.

1692 2707 1781 2785 M
1796 2704 2074 2786 ARTI
2090 2702 2251 2783 US.

1599 2877 1827 2937 EDITIO
1865 2879 2330 2935 COLONIENSIS.

946 3000 989 3052 Μ
1003 2996 1269 3053 ARTIUS.

697 3091 861 3143 "abet
888 3091 992 3141 dies
1019 3104 1168 3153 χχχι,
1205 3087 1399 3141 Lunam
1430 3103 1554 3141 xxx.

327 3187 332 3195 '
402 3182 465 3236 Ι).
505 3180 637 3235 ΚΜ..
688 3181 910 3233 illam".
952 3210 1022 3220 -—
1068 3178 1368 3247 Audegavis
1416 3176 1678 3243 depositio
1736 3177 1909 3231 sancti

327 3271 515 3326 Albani
546 3271 803 3338 episcopi.
838 3269 1017 3323 Roma:
1047 3276 1350 3323 sanctorum
1387 3274 1679 3330 martyrum
1708 3267 1909 3321 ducen-

329 3370 502 3417 torum
545 3362 838 3429 sexaginta,
890 3359 1213 3428 temporibus
1254 3358 1478 3423 Claudii,
1533 3359 1621 3427 qni
1678 3359 1763 3412 via
1811 3356 1909 3413 Sa-

332 3450 463 3504 laria
488 3466 703 3505 arenam
734 3449 993 3504 fodientes
1020 3448 1251 3502 damnati
1283 3457 1405 3501 sunt
1449 3462 1544 3516 pro
1570 3447 1773 3501 Christi
1805 3462 1903 3500 no-

327 3541 477 3595 mine
505 3558 517 3592 :
551 3554 683 3610 quos
707 3540 863 3610 jussit
889 3539 1161 3606 Claudius,
1189 3547 1245 3593 ut
1273 3537 1324 3593 in
1360 3537 1537 3609 ﬁglina
1572 3537 1699 3591 foris
1723 3552 1905 3592 muros

2039 3008 2126 3045 nm
2154 2991 2323 3046 Jovini
2352 3002 2405 3045 et
2437 2990 2648 3053 Basilei,
2679 2990 2769 3061 qui
2796 3007 2933 3061 passr
2962 3001 3089 3048 sunt
3121 2992 3220 3047 sub
3250 2993 3498 3049 Gallieno
3519 3002 3578 3050 et

2014 3082 2291 3137 Valeriano
2322 3084 2750 3151 imperatoribus,
2778 3093 2831 3137 et.
2854 3083 3112 3152 Simplicii
3143 3098 3311 3153 papae,
3334 3085 3422 3153 qui
3446 3086 3586 3139 sedit

2011 3189 2178 3229 annos
2223 3173 2551 3243 quindecim.
2608 3176 2705 3230 ilic
2745 3176 2998 3229 Acacium
3043 3176 3585 3244 Constantinopolita-

2014 3281 2139 3319 num
2162 3266 2560 3334 cpiscopum,et
2576 3266 2793 3321 Petrum
2811 3267 3223 3320 Alexandrinum
3249 3267 3582 3335 episcOpum,

2017 3353 2396 3423 Eutychianos,
2414 3356 2701 3411 damnavit.
2725 3355 2923 3411 Eodem
2937 3356 3019 3411 die
3034 3366 3323 3427 martyrum
3345 3356 3588 3425 plurimo-

2012 3463 2131 3502 rum
2161 3447 2262 3504 sub
2292 3449 2594 3504 Alexandro
2626 3451 2949 3517 imperatore
2981 3464 3290 3518 passorum,
3336 3463 3471 3516 quos
3499 3449 3585 3504 diu

2013 3540 2271 3595 cruciatos
2299 3538 2491 3608 impius
2519 3540 2823 3595 Alexander
2852 3539 3064 3608 capitali
3093 3540 3354 3593 sententia
3387 3540 3439 3593 in
3480 3553 3578 3595 ex-

329 3631 555 3686 Salarize
603 3632 961 3699 mitterentur,
1002 3639 1057 3686 et
1085 3645 1152 3687 eo
1201 3630 1318 3684 loco
1348 3628 1539 3684 inclusi
1581 3629 1634 3683 in
1674 3628 1901 3685 civitatis
1932 3639 1979 3703 ο
2013 3640 2182 3686 tremo
2207 3630 2496 3686 damnavit.
2527 3631 2583 3686 In
2612 3632 2853 3687 Caesarea
2884 3632 3230 3701 Cappadocia:
3270 3631 3428 3687 Luca;
3470 3632 3584 3700 epi-

328 3718 749 3787 amphitbeatro,
798 3722 1027 3773 militum
1060 3719 1265 3790 sagittis
1304 3718 1750 3774 interficerentur.
1798 3718 1904 3773 Eo-

324 3808 447 3862 dem
490 3811 577 3864 die
617 3811 877 3879 depositio
904 3812 1069 3865 sancti
1106 3811 1359 3866 Suitberti
1391 3811 1628 3879 episcopi
1671 3821 1726 3866 et
1764 3826 1897 3865 con-

323 3900 567 3955 fessoris.

394 3988 457 4043 E.
501 3987 567 4048 Vl
598 3988 728 4044 Non.
774 3991 995 4045 MART".
1045 4024 1115 4035 --
1148 3992 1329 4047 Romae
1358 3995 1436 4047 via
1464 3993 1646 4046 Latina
1679 4000 1898 4046 saneto-

2009 3723 2157 3792 scopi
2192 3741 2203 3775 :
2236 3722 2290 3777 in
2323 3722 2481 3777 Portu
2514 3723 2773 3787 Romano,
2800 3721 2969 3789 Pauli,
3012 3721 3349 3792 Secundolaa,
3377 3722 3573 3777 Janua-

2010 3815 2121 3879 riae,
2153 3824 2206 3868 et
2232 3827 2539 3869 sanctorum
2571 3814 2751 3884 Lorgi,
2786 3814 2965 3883 Ilerin
2993 3822 3048 3868 et
3075 3813 3348 3867 Absaloni.

2080 3902 2139 3956 F.
2185 3903 2223 3955 V
2256 3903 2388 3957 Non.
2423 3903 2636 3957 MART".
2685 3930 2758 3944 —-
2804 3901 2986 3957 Natale
3035 3912 3341 3957 sanctorum
3384 3910 3584 3973 marty-

2007 4007 2126 4046 rum
2154 3992 2430 4047 Emitherii
2456 4002 2511 4048 et
2539 3992 2823 4063 Cclidonii,
2854 3992 2943 4063 qui
2969 3993 3195 4063 primum
3224 3994 3362 4062 apud
3394 3995 3589 4065 Legio—

1578 4102 1801 4157 EDITIO
1843 4100 2339 4156 BOLLANDIANA.

392 4192 446 4247 l.
475 4222 542 4232 —
568 4191 859 4248 KALENDIS.
883 4192 1048 4249 Vacat
1082 4192 1257 4247 Bmda.

395 4280 483 4345 D.,
520 4289 545 4317 ἰ
576 4281 889 4335 Sanctorum
917 4281 1266 4336 ducentorum
1310 4284 1607 4349 sexaginta,
1641 4284 1727 4349 qui
1764 4293 1896 4336 tem-

323 4350 540 4417 poribus
583 4352 786 4405 Claudii
822 4353 957 4418 passi
990 4361 1131 4404 sunt.
1165 4352 1228 4404 V.
1259 4354 1342 4417 (2.,
1370 4352 1554 4406 Natale
1574 4353 1669 4407 SS.
1704 4352 1728 4389 δ
1765 4353 1901 4407 Leo-

323 4422 428 4488 nis,
487 4420 708 4482 Donati,
757 4420 1139 4485 Habundantii,
1190 4420 1414 4475 Nicet'ori
1449 4432 1502 4475 et
1539 4424 1764 4477 aliorum
1802 4438 1897 4475 no-

322 4505 464 4560 vem.
501 4492 565 4545 A.
596 4489 659 4544 Τ.
688 4490 775 4556 L.,
800 4490 855 4545 In
887 4489 1060 4543 Africa
1092 4492 1270 4560 passio
1292 4491 1347 4544 S.
1376 4491 1570 4545 Leonis
1598 4502 1651 4545 et
1683 4491 1893 4546 Donati.

322 4559 389 4614 Et
420 4560 472 4613 in
496 4561 798 4629 Andegavis
824 4561 1039 4614 civitate
1069 4561 1327 4627 depositio
1353 4560 1409 4614 S.
1441 4573 1461 4599 ο
1489 4562 1665 4615 Albini
1691 4563 1899 4629 episco-

326 4632 416 4695 pi,
467 4630 619 4698 cujus
667 4629 837 4684 Vitam
891 4630 1214 4683 Fortunatus
1261 4633 1539 4700 presbyter
1580 4633 1899 4700 conscripsit

323 4709 590 4766 comptam
644 4700 934 4753 miraculis.
986 4701 1151 4754 Abest
1203 4700 1305 4753 hoc
1356 4702 1599 4755 ultimum
1646 4717 1675 4754 a
1729 4703 1813 4767 L.,
1845 4710 1901 4757 et

324 4769 495 4837 primo
523 4768 639 4823 loco
667 4772 879 4838 ponitur
908 4788 921 4823 :
960 4770 1229 4839 Depositio
1270 4772 1296 4812 ά
1327 4770 1494 4842 Moysi
1526 4770 1757 4827 hominis
1780 4772 1892 4827 Dei.

398 4858 452 4912 2.
482 4889 551 4901 -—
584 4859 642 4914 Vl
671 4860 869 4917 Nosas.
899 4859 1063 4915 Vacat
1090 4859 1273 4916 Baeda.

1932 4866 1986 4928 D

2082 4215 2125 4269 D
2196 4215 2753 4288 Rommﬂloviniani
2780 4226 2836 4273 et
2886 4219 3074 4273 Basilei
3127 4229 3183 4275 et
3231 4222 3587 4288 plurimorum

2009 4296 2320 4361 martyrum.
2445 4286 2611 4361 C.,_ln
2640 4288 2883 4361 Caesarea
2915 4285 3265 4361 cappadocizc
3289 4292 3446 4346 Luca:
3472 4294 3589 4361 epi-

2008 4355 2153 4423 seopi
2178 4400 2191 4421 ,
2226 4356 2505 4412 Pritnitivi.
2533 4358 2714 4411 Romae
2744 4358 2928 4421 Pauli,
2956 4355 3214 4414 Janttarii.
3250 4362 3338 4425 V.,
3368 4355 3586 4420 Marini.

2010 4425 2404 4501 C.,-Antigon_i,
2423 4427 2690 4501 _Jattuarii.
2716 4432 2781 4501 A_.
2814 4429 2893 4501 Τ,Δ
2912 4430 2997 4501 L.,
3021 4431 3084 4501 iln
3114 4430 3354 4501 Caesarea
3386 4433 3589 4501 Cappa-

2007 4493 2176 4569 docia;
2205 4498 2391 4569 nataﬁs
2420 4498 2574 4569 Luc5e
2606 4496 2717 4569 [A.,
2751 4498 2919 4569 Lucii]
2949 4500 3184 4567 episcopi
3215 4543 3230 4566 ,
3261 4493 3591 4558 Januarii'et

2012 4562 2292 4618 Primitivi.
2326 4566 2414 4632 T.,
2446 4562 2634 4621 eodem
2673 4568 2781 4629 die,
2811 4568 2864 4621 in
2896 4562 3052 4634 portu
3082 4562 3323 4625 Romano
3343 4614 3359 4635 ,
3392 4574 3445 4626 in
3473 4587 3592 4627 cm-

2012 4636 2234 4714 meterio
2260 4636 2445 4703 Pauli,
2481 4638 2674 4692 natalis
2718 4638 3033 4694 Secundolze
3072 4649 3130 4695 et
3164 4639 3433 4699 Januaria:
3477 4644 3590 4698 vir-

2008 4718 2207 4771 gtntnu.

2080 4816 2131 4869 5.
2162 4847 2230 4856 —
2265 4816 2301 4870 V
2333 4817 2529 4874 Nonas.
2565 4818 2725 4875 Vacat
2757 4820 2937 4880 Baeda.

1714 4974 1915 5032 SMITH
1955 4975 2183 5031 ΝΟΤιΕ.

398 5071 423 5099 ⁸
455 5061 777 5118 Sanctorum.
805 5066 904 5133 Qui
935 5080 1150 5122 arenam
1191 5066 1455 5123 fodientes
1498 5068 1730 5123 damnati
1777 5070 1893 5123 lue-

323 5142 444 5205 rant
491 5147 585 5201 pro
616 5135 833 5189 nomine
864 5136 1099 5199 Christi,
1133 5153 1265 5198 quos
1292 5138 1547 5192 Claudius
1579 5140 1631 5191 in
1680 5140 1892 5205 ﬁgulina

324 5203 470 5257 foras
500 5218 678 5257 muros
710 5214 872 5271 pertae
900 5205 1120 5261 Salaria:
1142 5205 1267 5261 fecit
1294 5208 1489 5261 includi
1514 5220 1566 5262 et
1590 5209 1640 5261 in
1664 5203 1894 5265 civitatis

323 5273 713 5346 amphitheatro
736 5276 939 5346 sagittis
978 5276 1136 5346 jussit
1181 5275 1429 5333 interﬁci.
1463 5277 1666 5346 Sepulti
1712 5290 1835 5334 sunt
1863 5296 1892 5333 a

324 5344 490 5420 alario
515 5355 571 5420 et
600 5343 802 5420 Martha
833 5354 885 5399 et
900 5343 1205 5420 _‘S.’Joanne
1255 5343 1568 5420 presbytero
1615 5350 1679 5420 in
1708 5359 1896 5420 crypta

323 5414 410 5487 via
429 5414 646 5487 Salaria
686 5416 834 5481 juxta
862 5415 1060 5487 clivum
1090 5414 1432 5487 Cucumeris.
1454 5419 1592 5483 Ade,
1638 5414 1892 5487 Usua'rd.,

325 5481 544 5536 Notker.
577 5488 704 5537 Acta
736 5486 872 5551 apud
908 5484 1146 5540 Bolland.
1580 5481 1587 5483 “
1796 5536 1803 5541 .

361 5550 659 5631 .brLeom's:
691 5550 961 5631 Quaedam
986 5569 1117 5631 mss.
1146 5554 1515 5631 iiartyrologia
1564 5573 1594 5612 a
1636 5558 1894 5615 Bollando

327 5622 486 5694 citata
510 5622 893 5694 eos_in__Alrica
924 5625 1244 5694 Carthagine
1271 5622 1460 5693 passos
1483 5637 1686 5683 notant.

371 5694 431 5769 ,ἦ
455 5688 656 5769 Albi-ni.-
678 5689 776 5769 Hic
804 5693 862 5769 in
910 5688 1154 5748 \‘enetica
1179 5688 1651 5769 regioneOceano
1683 5699 1893 5754 Britan-

332 5759 435 5815 nici
466 5760 658 5813 contini
694 5759 939 5816 nobiliter
967 5775 1150 5832 natus,
1178 5765 1230 5819 in
1263 5759 1613 5828 Ciueilaccusi
1644 5773 1890 5826 cmnobio

1999 5070 2302 5146 canonieus,
2335 5080 2515 5140 postea
2545 5074 2709 5128 abbas
2740 5073 2927 5135 factus.
2954 5074 3145 5129 deinde
3168 5074 3586 5146 Andegavensis

1998 5141 2281 5212 episcopus
2328 5151 2540 5196 creatus
2579 5153 2688 5207 est,
2720 5159 2782 5197 ac
2810 5146 3022 5199 tandem
3052 5160 3172 5199 cum
3203 5141 3582 5212 episcorialem

1997 5210 2306 5283 dignitatem
2340 5214 2453 5279 plus
2484 5213 2667 5282 viginti
2708 5215 2861 5267 annis
2889 5226 3071 5269 sancte
3111 5210 3580 5283 administrasset,

2000 5280 2476 5351 Aurelianensique
2506 5280 2734 5336 concilio
2761 5284 2919 5337 tertio
2942 5285 3289 5349 interfuisset,
3316 5280 3590 5351 octuage—l

2000 5301 2476 5351 aurenanenstque
2506 5301 2734 5336 conemo
2761 5301 2919 5337 terno
2942 5301 3289 5349 tnternnsset,
3316 5301 3471 5338 octua
3514 5303 3590 5341 e-

2000 5355 2154 5421 nario
2198 5351 2369 5420 major
2414 5352 2660 5421 migravit
2704 5353 2757 5407 in
2803 5356 2996 5409 coelum
3028 5355 3167 5409 circa
3215 5369 3414 5410 annum
3443 5301 3591 5419 5&0.

2000 5418 2223 5473 Ghinius
2250 5418 2525 5476 Senensis.

2070 5489 2097 5527 ά
2132 5488 2321 5560 Moysi.
2358 5491 2453 5545 llic
2480 5493 2669 5547 iterum
2697 5492 2885 5547 colitur
2916 5509 2971 5547 tv
2992 5492 3268 5560 Septemb.

2073 5568 2097 5595 ο
2128 5559 2408 5616 Joviuiam'.
2455 5562 2512 5616 lli
2558 5563 2695 5629 passi
2724 5574 2845 5617 sunt
2869 5565 2949 5617 via
2981 5559 3163 5619 Latina
3203 5565 3302 5619 sub
3333 5563 3602 5624 Gallieno

1996 5639 2049 5703 et
2078 5628 2360 5703 Valeriano
2384 5628 2807 5703 imperatoribus.
2837 5633 2991 5687 Baeda
3015 5638 3181 5703 vutg.,
3211 5637 3346 5695 Ado.
3376 5633 3605 5691 Usttar-

1994 5698 2115 5824 gos.
2135 5698 2539 5840 Ι-ὲῐϐἓξὲεἰηῖυε
2580 5701 2727 5759 addit
2758 5704 2927 5759 securi
2977 5698 3276 5776 percussos,
3304 5703 3488 5761 Petrus
3514 5707 3608 5763 de

2044 5786 2072 5823 a
2099 5785 2127 5825 a
2158 5806 2172 5825 .
2250 5785 2277 5824 a
2318 5786 2331 5822 ι
2376 5807 2405 5824 ..

2044 5785 2172 5825 alal.
2195 5785 2405 5825 πιααιο..
