3990 6196
396 357 501 415 855

1496 354 1694 412 SECT.
1734 353 1799 409 ll.
1837 384 1905 393 —
1944 350 2516 409 MARTYROLOGIA.

3551 354 3657 410 8:15
3672 362 3677 367 “

1679 462 1905 519 EDITIO
1942 462 2405 519 (ZOLONIENSIS.

395 581 619 624 nensem
646 561 867 621 Galatia:
894 561 1162 616 civitatem
1190 557 1405 621 milites,
1435 570 1755 625 exsurgen‘e
1787 570 1970 624 peise-
2003 562 2049 616 Α
2074 560 2234 623 cepit,
2278 565 2334 609 ut
2381 555 2490 609 duo
2534 553 2830 624 presbyteri
2877 562 2932 608 et
2974 561 3081 608 tres
3108 553 3312 609 diaconi
3342 597 3357 620 ,
3412 558 3463 611 itt
3510 560 3663 616 ontni

396 657 628 714 cutionis
676 652 927 724 procella,
983 667 1078 719 pro
1126 650 1462 705 confessione
1504 649 1736 703 nominis
1777 646 1974 702 Cltristi

401 748 643 821 plurimis
692 744 872 800 amicti
905 744 1205 806 tormentis,
1255 741 1602 797 Callacurrim
1646 755 1813 809 usque
1854 755 1976 808 per-

398 840 568 905 ducti,
601 849 758 908 alque
780 836 847 890 ibi
874 834 1132 905 martyrio
1159 833 1402 888 coronati
1435 842 1597 897 sunt;
1630 846 1860 899 cumque
1889 845 1980 883 ca-

399 932 510 1001 pita
540 931 755 983 lictores
784 927 1103 991 inciderent,
1136 926 1449 979 miraculum
1483 924 1693 993 pepulis
1722 936 1979 991 magnum

403 1021 666 1091 apparuit.
721 1019 852 1074 Nam
906 1019 1063 1073 unius
1111 1018 1323 1081 anulus,
1364 1018 1707 1084 orariumque
1757 1013 1980 1067 alterius

403 1114 548 1167 nube
575 1120 902 1178 susceptum,
934 1116 990 1163 et
1018 1109 1069 1162 in
1109 1108 1277 1162 caelos
1309 1115 1552 1160 evectum
1583 1116 1683 1160 est.
1721 1104 1983 1159 Viderunt

404 1205 523 1259 haec
551 1217 738 1258 omnes
759 1200 849 1271 qui
874 1201 1123 1265 aderant,
1151 1208 1206 1255 et
1235 1214 1514 1267 usquequo
1536 1199 1678 1253 acies
1702 1198 1981 1253 oculorum

402 1294 686 1349 intendere
718 1292 910 1363 potuit,
941 1290 1200 1361 fulgorem
1234 1292 1373 1357 auri,
1407 1290 1803 1359 candoremque
1827 1289 1981 1343 lintei

402 1391 626 1446 attonito
646 1388 1002 1459 sequebantur
1031 1386 1243 1441 intuitu.
1277 1387 1483 1441 Scribit
1514 1386 1628 1439 haec
1658 1383 1982 1438 Aurelianus

403 1483 674 1547 Clemens,
724 1480 777 1535 in
830 1480 966 1534 libro
1013 1477 1422 1534 Coronatorum.
1482 1475 1633 1543 Apud
1680 1473 1982 1529 Caesaream

405 1572 699 1629 Palastinte
742 1578 1047 1625 sanctorum
1096 1578 1411 1638 martyuum,
1469 1567 1648 1621 militis
1703 1565 1897 1620 Marini
1934 1574 1988 1618 et

406 1665 603 1720 Asterii
634 1663 917 1726 senatoris,
971 1661 1068 1715 sub
1100 1660 1473 1728 persecutione
1505 1656 1794 1711 Valeriani.
1838 1654 1987 1709 Scri-

417 1766 563 1826 ptum
592 1763 675 1809 est
704 1754 754 1809 in
790 1752 1018 1808 llistoria
1048 1751 1433 1806 ecclesiastica.
1468 1749 1531 1803 Et
1562 1750 1735 1803 nata'e
1764 1760 1986 1803 sancto-

410 1862 530 1902 rum
579 1844 786 1909 Felicis,
838 1842 1058 1905 Lucioli,
1112 1840 1411 1903 Fortunati,
1464 1839 1692 1905 Marciae,
1737 1839 1981 1906 llerodis,

2080 643 2199 698 loco
2226 643 2535 713 episcopum
2567 659 2671 698 non
2695 644 3260 712 desererent,propter
3292 646 3652 703 testimonium

2079 735 2520 792 ecclesiasticum.
2563 736 2703 790 item.
2739 736 2925 789 Roma:
2978 738 3063 790 via
3118 737 3285 807 Appia
3345 750 3657 795 sanctorum

2081 840 2371 899 martyrum
2402 838 2807 899 nongentarum,
2838 828 2927 896 qui
2959 839 3082 883 sunt
3111 831 3269 898 positi
3311 831 3364 885 in
3392 843 3651 887 emineta-

2081 922 2161 977 rio
2188 924 2253 977 ad
2278 932 2515 977 sanctam
2546 921 2835 977 Caeciliam.
2872 921 3072 977 Eodem
3099 923 3187 977 die
3219 925 3391 978 sancti
3423 924 3540 980 Caii
3565 926 3659 979 Pa-

2082 1014 2254 1082 latini,
2279 1017 2331 1069 in
2364 1031 2510 1070 mare
2535 1016 2716 1069 mersi.
2761 1015 2943 1070 Romae
2976 1017 3240 1085 depositio
3263 1016 3391 1071 Julii
3422 1018 3662 1088 episcopi

2081 1117 2136 1163 et
2164 1108 2487 1174 Nicomedis,
2519 1118 2573 1163 et
2592 1110 2772 1178 passio
2796 1119 3103 1166 sanctorum
3127 1110 3348 1164 Adriani
3379 1126 3499 1165 cum
3538 1112 3660 1166 aliis

2084 1214 2309 1253 numero
2340 1200 2553 1268 triginta
2587 1200 2774 1254 tribus.

2154 1289 2218 1342 A.
2255 1288 2315 1343 lll
2350 1290 2481 1344 Non.
2532 1291 2751 1345 MART".
2786 1319 2858 1330 —
2886 1289 3039 1359 Apud
3088 1291 3431 1348 Antiochiam
3478 1297 3663 1363 passio

2086 1382 2253 1434 sancti
2306 1382 2495 1435 Phocis
2526 1383 2776 1451 martyris
2806 1423 2824 1448 ,
2854 1384 2943 1451 qtti
2980 1394 3098 1450 post
3140 1385 3333 1437 multas
3353 1425 3367 1449 ,
3399 1401 3537 1454 quas
3559 1402 3659 1456 pro

2087 1472 2302 1528 nomine
2330 1471 2698 1538 Redemptoris
2726 1481 2803 1526 est
2839 1486 3045 1539 passus,
3077 1472 3316 1539 injurias,
3338 1475 3562 1542 qualiter
3590 1476 3660 1529 de

2088 1564 2304 1631 antiquo
2339 1564 2431 1617 illo
2459 1572 2708 1632 serpente
2756 1564 3180 1630 triumphaverit,
3230 1565 3389 1619 holie
3450 1580 3677 1635 quoque.

2091 1655 2297 1723 populis
2327 1654 2651 1707 declaratur.
2701 1653 2942 1722 Denique
2983 1656 3028 1707 si
3070 1653 3123 1707 itt
3155 1656 3459 1723 quempiam
3493 1658 3667 1712 locum

2090 1748 2306 1799 coluber
2332 1758 2566 1798 morsum
2596 1744 2884 1813 stringens,
2914 1758 3117 1797 venena
3141 1744 3430 1811 diil‘ndcrit,
3455 1759 3669 1801 ciuem-

2093 1836 2181 1905 plo
2203 1838 2290 1905 qui
2325 1848 2605 1904 percussus
2633 1844 2752 1900 est,
2795 1845 2851 1888 ut
2884 1834 3103 1902 januam
3148 1837 3384 1890 Basilica:
3421 1840 3672 1908 martyris

414 1936 720 2006 Antigouii,
776 1933 1044 1999 Januarii,
1100 1931 1360 1998 Tutellae,
1410 1930 1633 1986 Gabiani
1658 1971 1673 1995 ,
1725 1931 1984 1998 Quirinii;
2022 1910 2063 1968 Β
2093 1930 2319 1983 credens
2349 1926 2625 1995 attigerit,
2658 1936 2913 1980 evacuata
2944 1927 3139 1980 virtute
3179 1926 3370 1981 veneni
3410 1928 3673 1981 salvator.

415 2032 541 2085 item
574 2028 788 2091 Felicis,
822 2026 1076 2092 Floriani,
1110 2025 1317 2079 Donati.

485 2121 546 2175 (ἶ.
576 2121 637 2174 lV
667 2118 800 2173 Non.
834 2118 1050 2172 MART".
1075 2146 1148 2157 —
1176 2115 1363 2171 Natale
1390 2117 1557 2170 sancti
1586 2116 1738 2171 Lucii
1768 2132 1917 2186 papae
1938 2126 1992 2171 et

412 2212 684 2281 martyris,
715 2209 803 2277 qui
834 2208 1207 2278 persecutione
1258 2208 1521 2261 Valeriani
1552 2217 1609 2263 et
1641 2208 1874 2274 Galieni,
1922 2210 1991 2263 ob

415 2302 571 2356 [idem
595 2301 789 2355 Christi
812 2299 1009 2354 exsilio
1037 2299 1321 2368 relegatus,
1350 2310 1403 2353 et
1436 2299 1773 2367 postmodum
1805 2300 1990 2355 divino

417 2401 547 2446 nutu
576 2390 642 2443 ad
694 2389 988 2444 Ecclesiam
1037 2403 1187 2443 suam
1217 2389 1392 2443 redire
1441 2390 1752 2458 permissus,
1788 2400 1990 2459 marty-

413 2500 549 2536 rtutn
586 2484 773 2553 capitis
827 2480 1234 2538 obtruncatione
1280 2482 1614 2549 complevit;
1654 2483 1853 2551 positus
1899 2493 1986 2538 est

416 2576 502 2627 via
545 2574 709 2643 Appia
734 2574 800 2628 ad
835 2583 1076 2628 sanctum
1119 2574 1348 2628 Sixtum.
1401 2572 1552 2628 Sedit
1588 2583 1766 2629 autem
1796 2576 1847 2629 in
1876 2575 1987 2644 cpi-

411 2674 628 2732 scopatu
658 2679 826 2719 annos
854 2673 979 2732 tres,
1014 2678 1225 2719 menses
1256 2673 1382 2728 tres,
1413 2664 1529 2719 dies
1553 2674 1681 2719 tres.
1715 2665 1810 2720 Hic
1842 2681 1983 2731 prte-

2095 2017 2224 2071 ltetn
2276 2017 2392 2084 ipso
2422 2016 2510 2069 die
2548 2015 2718 2069 sancti
2771 2015 2985 2070 Eusebii
3037 2016 3281 2081 Palatini,
3331 2026 3384 2071 et
3436 2017 3669 2073 aliorum

2095 2124 2290 2165 novem
2323 2120 2636 2179 martyrum.

2168 2200 2228 2256 Β.
2275 2201 2421 2253 Pnto.
2464 2198 2597 2254 Non.
2640 2199 2857 2254 MART".
2886 2229 2956 2239 —
2984 2199 3309 2255 Nicomedia:
3343 2202 3518 2256 natale
3547 2216 3672 2255 san-

2096 2305 2301 2347 etorunt
2340 2292 2564 2347 Victoris
2589 2300 2640 2346 et
2672 2290 2947 2358 Victorini,
2979 2292 3067 2362 qui
3101 2307 3193 2361 per
3225 2293 3512 2346 triennium
3551 2309 3670 2348 cunt

2098 2384 2389 2440 Claudiano
2435 2391 2489 2435 et
2539 2383 2696 2436 Bassa
2728 2398 2891 2436 uxore
2921 2398 3012 2435 sua
3045 2383 3329 2437 tormentis
3360 2383 3573 2449 alllicti,
3613 2395 3670 2436 et

2094 2480 2286 2536 retrusi
2321 2479 2371 2531 in
2400 2491 2689 2539 carcerem,
2716 2477 2913 2530 ibidem
2942 2478 3064 2530 vita:
3093 2491 3205 2530 sua:
3231 2491 3447 2530 cursum
3473 2477 3667 2544 imple-

2092 2580 2302 2627 verunt.
2336 2570 2402 2625 Et
2426 2568 2690 2635 depositio
2710 2569 2875 2621 sancti
2909 2567 3140 2633 Qttiriaci
3173 2569 3493 2638 presbyteri.

2161 2662 2221 2716 (Σ.
2261 2661 2397 2714 Non.
2438 2660 2656 2713 MART".
2682 2688 2749 2697 -—
2782 2660 2834 2712 lu
2864 2660 3193 2723 Mauritania,
3223 2661 3437 2716 civitate
3461 2660 3671 2717 Tubun-

1663 2753 1888 2809 EDlTlO
1927 2749 2427 2807 BOLLANDIANA.

486 2844 572 2909 D.,
602 2845 699 2899 SS.
732 2845 1068 2915 {Emytherii
1096 2857 1147 2898 et
1176 2845 1450 2899 Celedonii
1475 2855 1525 2899 et
1548 2844 1817 2915 Calagurri
1849 2862 1991 2900 mar-

414 2923 609 2986 tyrum.
638 2915 697 2968 γ.
731 2914 804 2986 (Ξ.
846 2914 1007 2986 Ᾱξῐζ
1028 2917 1112 2979 ι..,
1139 2915 1352 2979 Felicis,
1375 2916 1535 2978 Jttsti,
1562 2914 1862 2970 Fortunali.
1899 2917 1986 2985 V.,

416 2983 651 3057 Ilarcim,
673 2984 958 3057 Antigoni,
982 2985 1238 3057 Januarii.
1272 2986 1335 3038 Τ.
1365 2987 1623 3055 praeponit
1646 2987 1817 3041 locum
1860 2983 1987 3057 ago?

414 3060 499 3110 nis
526 3072 540 3107 :
578 3056 629 3108 ln
656 3052 831 3108 Africa
858 3055 1033 3108 natale
1062 3055 1184 3119 $8.,
1207 3065 1313 3109 etc.

488 3146 546 3201 4.
572 3174 644 3187 -—
673 3145 736 3201 ιν
766 3146 965 3202 Nonas.
995 3145 1158 3200 Vacat
1188 3146 1365 3201 Bteda.

484 3236 619 3303 1).,5
645 3235 786 3290 Lucii
821 3251 968 3305 papae
994 3247 1049 3310 et
1075 3240 1321 3310 martyris
1342 3245 1398 3310 et
1412 3238 1642 3310 aliorum
1667 3247 1690 3274 ε
1711 3238 1986 3310 octingen-

415 3317 591 3361 torum
640 3315 951 3376 martyrum.
1003 3307 1061 3359 V.
1119 3306 1226 3369 C.,'
1254 3307 1455 3361 Natalis
1504 3317 1795 3375 martyrum
1836 3306 1983 3363 o'ctoo

412 3380 556 3501 ginta
584 3378 764 3431 decem
793 3376 896 3448 [C.,
929 3376 1138 3447 ncccx].
1188 3377 1372 3431 Romre
1420 3379 1680 3444 depositio
1719 3379 1842 3433 Julii
1873 3378 1981 3450 [0.7,

448 3448 606 3500 uliaoi
645 3449 653 3501 I
694 3447 947 3501 enisconi.
996 3457 1051 3501 et
1095 3449 1318 3501 aliorum
1350 3448 1531 3501 viginti
1568 3457 1793 3501 sentem.
1822 3452 1886 3501 A.
1914 3450 1978 3501 Τ.

448 3448 606 3500 uliaui
638 3449 654 3519 J
694 3447 947 3519 episcopi,
996 3457 1051 3503 et
1095 3449 1318 3519 aliorum
1350 3448 1531 3516 viginti
1568 3457 1793 3517 septem.
1822 3447 1891 3503 AI
1914 3450 1978 3505 Τ.

416 3517 505 3580 1....
535 3517 714 3571 Roma:
748 3518 1008 3589 depositio
1036 3517 1161 3572 Julii
1195 3520 1453 3588 episcOpi,
1484 3520 1702 3573 Sisinnii
1744 3530 1797 3574 et
1826 3518 1979 3589 Gagi.

417 3589 487 3640 Et
517 3589 597 3640 via
627 3588 794 3661 Appia
826 3590 999 3661 natale
1028 3598 1348 3661 sanctorum
1382 3599 1669 3661 martyrum
1710 3588 1984 3659 octingen-

420 3668 615 3709 torum.
651 3657 709 3711 L.
768 3666 942 3711 tamen
977 3659 1073 3713 hos
1100 3658 1377 3727 conjttngit
1408 3657 1670 3726 prioribus
1696 3668 1749 3711 et
1785 3657 1981 3728 pariter

417 3742 607 3781 omnes
633 3728 683 3780 itt
712 3731 1018 3782 ctemeterio
1049 3729 1131 3781 via
1162 3729 1329 3797 Appia
1360 3729 1602 3781 collocat.
1628 3729 1693 3783 A.
1719 3729 1808 3793 T.,
1833 3729 1986 3783 Nico-

418 3798 607 3869 mediae
633 3812 805 3864 passio
830 3799 885 3852 S.
913 3797 1185 3869 {lAdriani
1214 3813 1336 3853 cum
1365 3798 1485 3853 aliis
1511 3799 1693 3869 viginti
1737 3801 1905 3855 tribus
1935 3810 1989 3854 et

419 3865 639 3922 Natalia:
669 3869 851 3921 uxoris
881 3868 1017 3935 ejus.

489 3956 545 4010 5.
577 3984 633 3995 —
656 3956 720 4011 lll
752 3954 883 4011 Non.
910 3955 1074 4010 Vacat
1106 3957 1280 4012 Baeda.

494 4047 580 4122 _D.,
610 4049 889 4122 Antiochia
923 4049 983 4105 S.
1008 4052 1228 4107 *Phocae
1260 4052 1525 4122 martyris,
1560 4051 1694 4122 etS.
1731 4053 1749 4089 ί
1780 4052 1988 4106 Eusebii

418 4118 657 4191 Palatini,
689 4130 742 4191 et
770 4121 991 4191 aliorum
1019 4132 1140 4176 octo
1168 4118 1479 4191 martyrum.
1516 4122 1574 4175 V.
1605 4121 1693 4185 C.,
1729 4122 1783 4176 in
1808 4122 1986 4176 Africa

416 4187 659 4244 Adriani.
693 4189 747 4245 In
778 4190 1056 4246 Antiochia
1080 4194 1252 4262 passio
1276 4187 1336 4248 ς.
1365 4191 1538 4247 Focate.
1563 4193 1648 4259 C.,
1674 4194 1738 4247 Et
1760 4194 1983 4246 aliorum

2095 2861 2185 2898 an.
2222 2845 2286 2898 A.
2316 2844 2381 2897 Τ.
2412 2842 2494 2909 L.,
2528 2841 2711 2897 Natale
2733 2841 2831 2897 SS.
2865 2842 3103 2907 Adriani,
3137 2843 3340 2897 Rustici
3366 2886 3379 2905 .
3422 2844 3675 2911 Victoris,

2097 2925 2149 2970 et
2204 2914 2436 2968 Eusebii.
2471 2913 2529 2967 L.
2577 2914 2849 2979 prremittit
2897 2914 3105 2967 locum:
3140 2916 3190 2967 lit
3239 2914 3537 2969 Antiochia.
3598 2917 3665 2970 A.

2097 2984 2465 3055 deesthictior.
2492 2987 2553 3037 A.
2584 2984 2668 3055 T.,
2689 2982 2981 3055 Antiochia:
3005 2985 3178 3051 passio
3202 2986 3256 3039 S.
3286 2984 3439 3039 Focaa
3460 2996 3484 3030 κ
3510 2986 3669 3055 virgi-

2094 3057 2196 3109 nis.
2230 3054 2317 3117 T.,
2351 3054 2549 3107 Eodem
2600 3052 2702 3115 die,
2750 3053 2801 3106 in
2834 3052 2997 3108 Gallia
3027 3055 3242 3109 civitate
3271 3052 3668 3122 Suessimtettsi,

2091 3126 2356 3195 depositio
2388 3125 2444 3180 S.
2475 3122 2502 3160 ιι
2537 3124 2838 3178 Drautionis
2865 3124 3120 3192 episc0pi.

2169 3219 2223 3272 6.
2252 3216 2384 3271 -ιι
2414 3214 2547 3271 NoN.
2582 3215 2744 3269 Vacat
2773 3215 2948 3269 Baeda.

2163 3308 2227 3362 D.
2277 3309 2342 3362 A.
2376 3308 2437 3360 'l‘.
2468 3306 2551 3370 L.,
2585 3304 2886 3359 Nicomedia
2919 3306 3143 3362 Victoris
3173 3315 3226 3361 et
3254 3306 3526 3363 Victorini.
3558 3309 3669 3365 Ad-

2084 3379 2162 3433 dit
2190 3380 2251 3432 D.
2288 3395 2302 3429 :
2334 3378 2423 3446 qui
2455 3379 2505 3430 itt
2530 3391 2741 3431 carcere
2770 3378 2963 3447 mortui
2986 3386 3136 3447 sunt.
3164 3380 3228 3430 A.
3266 3377 3352 3441 T.,
3400 3380 3465 3432 Et
3500 3382 3668 3447 depo-

2084 3450 2209 3502 sitio
2258 3450 2315 3503 S.
2360 3446 2657 3502 Claudiani.
2687 3447 2776 3510 T.,
2806 3446 2874 3500 Et
2915 3448 2929 3482 ί
2976 3446 3191 3501 Diodori
3222 3456 3275 3502 et
3305 3446 3579 3503 Mercurii.
3605 3451 3666 3504 L.

2083 3518 2428 3571 Claudiattunt
2452 3528 2504 3571 et
2538 3517 2855 3570 Mercurium
2902 3518 3075 3585 jungit
3111 3518 3320 3570 duobus
3352 3520 3556 3585 primis.
3594 3520 3653 3572 ν.

2083 3589 2143 3643 C.
2178 3590 2383 3656 plenius
2412 3598 2465 3641 et
2494 3586 2797 3640 distinctius
2844 3587 2911 3639 de
2956 3587 3037 3639 his
3063 3604 3076 3637 :
3106 3585 3162 3639 In
3218 3587 3522 3642 Nicomedia
3567 3589 3661 3643 Vi-

2084 3659 2273 3723 cturis,
2299 3656 2582 3723 Victorini,
2610 3657 2698 3724 qui
2732 3672 2826 3721 per
2865 3656 3150 3709 triennium
3203 3656 3253 3707 itt
3301 3659 3673 3723 persecutione

2100 3729 2236 3796 apud
2254 3728 2528 3796 Apamiam
2556 3728 2822 3781 civitatem
2849 3725 3337 3786 Bithinieeexhibiti
3368 3743 3487 3781 cum
3510 3728 3669 3783 Clau-

2098 3799 2257 3853 diano
2289 3810 2341 3867 et
2368 3798 2529 3849 Bassa
2564 3811 2727 3867 uxore
2748 3797 2864 3864 ejus
2890 3837 2906 3861 ,
2940 3812 3027 3865 qui
3068 3812 3129 3849 ex
3167 3797 3318 3850 laicis
3356 3798 3483 3851 tenti
3515 3808 3675 3867 atque

2100 3866 2377 3921 tormentis
2406 3868 2583 3919 multis
2604 3866 2782 3919 alilicti
2806 3878 2858 3920 et
2892 3869 3081 3919 retrusi
3111 3868 3163 3920 in
3189 3883 3453 3922 carcerem
3478 3869 3673 3924 ibidem

2100 3938 2220 3991 vita:
2249 3952 2358 3991 suae
2384 3951 2597 3990 cursum
2627 3936 3001 4004 impleverunt.
3030 3937 3166 4002 Quid
3197 3940 3238 3989 si
3263 3937 3399 3992 forte
3426 3940 3539 3993 inec
3563 3940 3669 3994 sint

2103 4008 2273 4061 Bzedre
2303 4009 2355 4060 itt
2384 4007 2500 4060 aliis
2528 4006 2651 4059 Mss.
2699 4016 2900 4061 temere
2924 4008 3158 4061 omissa?
3191 4007 3281 4062 Sic
3311 4010 3516 4065 videtur
3554 4011 3672 4066 Atio

2104 4078 2363 4143 reperisse
2392 4086 2444 4130 et
2471 4076 2874 4144 transcripsisse
2896 4076 3177 4132 Notkerus.

2166 4167 2218 4219 7.
2242 4194 2316 4208 -——
2336 4166 2515 4220 NONIS.
2548 4165 2702 4234 Apud
2728 4166 3102 4235 Carthaginem
3139 4168 3151 4216 i
3193 4166 3467 4237 Perpetua!
3489 4177 3546 4224 et
3576 4169 3675 4227 Fe-

1834 4281 2038 4336 SMITH
2077 4280 2306 4336 NOTAE.

489 4377 519 4408 ι
549 4368 850 4440 Emytherii.
880 4372 1007 4427 Haec
1034 4371 1295 4428 sententia
1326 4371 1426 4426 hoc
1468 4371 1625 4425 modo
1650 4372 1980 4426 emendanda

414 4449 499 4533 gat
527 4456 541 4492 :
570 4440 860 4533 Calagurri,
884 4447 1114 4533 civitate,
1144 4456 1245 4509 sc.,
1280 4441 1573 4533 va$c0ttttltt
1613 4443 1851 4522 antiqua,
1875 4442 1973 4533 SS;
2007 4473 2055 4533 ο

417 4509 715 4582 ξηιγιιιθηὶ
742 4526 794 4565 et
822 4511 1095 4567 Celedonii
1124 4522 1437 4582 martyrum.
1463 4512 1561 4577 Qui
1586 4509 1811 4582 primum
1835 4513 1973 4579 apud

419 4578 803 4649 Legottiensem
848 4583 1068 4637 Galatia:
1117 4578 1385 4635 civitatem
1438 4578 1669 4643 milites,
1722 4578 1981 4649 ﬂagrante

417 4650 819 4719 persecutione,
854 4668 948 4720 pro
976 4653 1312 4706 confessione
1342 4652 1571 4705 nominis
1600 4651 1795 4704 Christi
1832 4650 1982 4704 llam-

427 4720 533 4771 mis
555 4723 862 4797 angulisque
884 4723 1080 4797 vexati,
1104 4722 1507 4797 etCalagurritn
1532 4735 1697 4797 usque
1720 4723 1979 4789 perducti,

416 4790 673 4858 martyrio
701 4792 936 4844 coronati
964 4802 1106 4845 sunt.
1138 4791 1294 4845 Baeda
1328 4792 1495 4858 vulg.,
1528 4800 1581 4843 et
1610 4790 1721 4843 alii.

491 4856 517 4895 δ
549 4844 714 4912 Lucii.
741 4862 838 4926 Qui
863 4844 1021 4915 nocte
1038 4867 1105 4915 ab
1128 4844 1333 4925 Adone,
1368 4844 1520 4914 nil-tia
1544 4862 1707 4927 vulg.,
1743 4859 1983 4915 Usuardo

414 4938 471 4981 et
502 4927 757 5008 Notkero,
783 4932 1099 4987 celebratur.
1138 4931 1340 4986 Colitur
1380 4932 1541 4985 etiam
1575 4932 1709 4983 intra
1743 4946 1844 4984 xxv
1877 4932 1985 4985 Au-

457 5011 579 5052 USII.

524 5012 533 5046 I
563 5036 579 5049 .

414 5012 517 5098 8υὲ
544 5014 982 5138 lOctingtmtorum.
1032 5074 1112 5126 Ab
1154 5072 1272 5124 aliis
1317 5071 1607 5137 octingenti
1654 5069 1872 5132 decem,
1903 5070 1986 5124 vel

417 5140 704 5211 nongenti,
735 5144 819 5211 vel
838 5144 1087 5211 nongenti
1117 5142 1301 5196 decem
1334 5150 1701 5194 numerantur.
1725 5140 1824 5205 Qui
1847 5142 1986 5206 passi

417 5218 546 5280 sunt
571 5208 753 5280 Roma:
778 5210 859 5263 via
892 5208 1083 5280 Appia,
1108 5223 1160 5265 et
1184 5212 1336 5279 positi
1367 5221 1491 5263 sunt
1510 5210 1562 5263 in
1586 5212 1899 5263 cmmeterio
1918 5212 1985 5262 ad

417 5276 797 5398 fihuecdiam.
827 5276 991 5347 Ade,
1021 5276 1269 5345 Notlter.,
1317 5282 1576 5334 Baronius
1602 5319 1617 5345 ,
1667 5290 1722 5332 et
1772 5281 1985 5347 plttrinti

477 5363 530 5398 n.

494 5414 520 5452 ά
544 5418 789 5491 ῥάνὶαηξ.
823 5420 1143 5478 Solemnitas
1185 5420 1300 5491 ejus
1339 5423 1497 5474 etiam
1522 5418 1825 5475 celebratur
1855 5418 1989 5475 intra

419 5499 512 5539 Vill
539 5486 888 5556 Septembris.

496 5561 521 5589 °
551 5554 762 5611 Phorm.
795 5560 964 5615 Verba
986 5562 1375 5617 Usuardisunt:
1405 5559 1503 5623 Qui
1525 5568 1637 5627 post
1658 5559 1846 5612 multas
1866 5575 1991 5627 quas

414 5629 741 5700 pronomine
768 5628 1114 5699 Redemptoris
1135 5643 1206 5684 est
1230 5647 1406 5700 passus
1429 5631 1668 5698 injurias,
1692 5630 1908 5692 qualiier
1929 5633 1993 5682 de

416 5697 626 5769 antiquo
652 5699 742 5749 illo
763 5697 987 5768 serpente
1008 5697 1407 5769 triumphaverit,
1436 5697 1579 5753 hodie
1602 5716 1797 5767 quoque
1818 5716 1978 5767 papu-

418 5769 483 5818 lis
514 5767 825 5821 declaratur.

2167 4370 2184 4409 ί
2224 4370 2446 4442 Eusebii.
2488 4370 2541 4423 In
2574 4370 2746 4425 Africa
2774 4372 2825 4424 hi
2861 4379 3122 4439 martyres
3153 4372 3296 4442 passi
3325 4380 3473 4427 sunt.

2153 4451 2178 4488 s
2224 4441 2465 4510 Virginis.
2500 4443 2694 4497 Errore
2724 4457 2792 4496 ex
2846 4441 3212 4497 terminatione
3244 4444 3387 4498 vocis
3435 4446 3493 4497 in
3534 4458 3664 4502 casu

2082 4513 2315 4585 genitivo
2336 4522 2546 4585 exorto.

2155 4582 2182 4617 ¹ι
2210 4582 2529 4636 Draulionis.
2566 4581 2656 4638 Vel
2690 4582 2915 4638 Drausii.
2950 4584 3048 4649 Qui
3096 4584 3358 4638 nobilibus
3410 4583 3651 4648 parenti-

2082 4654 2179 4707 bus
2226 4662 2378 4706 natus
2426 4663 2546 4717 est,
2593 4663 2770 4718 patre,
2804 4669 2908 4717 sc.,
2945 4654 3279 4708 Leudotnaro
3301 4662 3357 4708 et
3396 4653 3654 4708 llacltildc

2083 4732 2288 4776 matre:
2319 4723 2375 4775 S.
2402 4722 2651 4777 Anterico
2678 4725 2929 4791 episcopo
2958 4725 3331 4779 Suessiouensi
3376 4722 3646 4777 instruen-

2084 4791 2458 4863 dustraditur,
2496 4792 2597 4846 sub
2638 4794 2790 4863 cujus
2835 4808 3144 4848 successore
3175 4796 3448 4848 Uettoleuo
3479 4793 3533 4845 lit
3566 4808 3653 4846 ar-

2084 4861 2451 4932 chidiaconus,
2480 4877 2585 4929 quo
2627 4861 2763 4915 ultro
2804 4865 3136 4932 relinquente
3159 4866 3527 4932 episcopatum
3556 4864 3654 4919 eli-

2085 4930 2225 5000 gitur
2253 4932 2369 4999 ipse
2396 4932 2447 4984 in
2479 4932 2806 5000 episcopum,
2834 4930 3065 4987 loco'cui
3098 4930 3411 4990 vocabulum
3445 4935 3648 4988 ltotun-

2086 4999 2180 5054 das
2228 5002 2453 5054 inditum
2502 5012 2612 5063 est,
2664 4999 2758 5069 pro
2800 5004 2924 5057 viris
2971 5004 3199 5056 exstruit
3250 5009 3657 5068 monasterium,

2089 5079 2270 5138 postea
2301 5072 2440 5123 aliud
2474 5088 2569 5139 pro
2596 5071 2887 5140 virginibus
2930 5082 3080 5126 curat
3114 5075 3181 5127 ab
3214 5073 3447 5127 Ehroino
3490 5074 3652 5128 nobili

2089 5139 2357 5205 azdtlicari,
2378 5140 2595 5210 jttvante
2624 5139 2888 5195 Letttt'utle
2912 5149 3024 5211 ejus
3045 5159 3231 5207 uxore,
3255 5148 3481 5213 denique
3512 5160 3658 5197 inor-

2092 5219 2213 5263 tuus
2256 5222 2338 5282 est
2382 5214 2524 5265 circa
2567 5226 2762 5266 annum
2810 5215 2948 5277 680,
2995 5223 3048 5267 et
3093 5216 3333 5282 sepultus
3366 5217 3416 5269 itt
3450 5214 3673 5268 basilica

2090 5281 2608 5335 sanctimonialium.

2170 5349 2458 5472 ξὺρίοάυνὶ.
2492 5351 2755 5407 Nutkerus
2804 5352 2899 5408 hos
2945 5352 3183 5424 Nicopoli
3220 5362 3477 5422 martyres
3504 5352 3671 5407 fuisse

2170 5436 2199 5472 Ἰ
2243 5431 2300 5472 ιι.

2092 5431 2300 5475 scribit.

2169 5489 2182 5539 i
2224 5489 2509 5558 Perpetem.
2555 5490 2679 5545 Hac
2714 5507 2834 5547 cum
2865 5492 3026 5548 sociis
3055 5508 3214 5561 passa
3245 5501 3327 5546 est
3377 5492 3675 5547 secundum

2096 5560 2408 5614 Bollandont
2442 5576 2580 5616 anno
2605 5564 2736 5627 205,
2763 5563 2893 5618 Geta
2925 5560 3136 5618 Caesare
3159 5572 3212 5617 et
3235 5563 3472 5630 Septimo
3496 5562 3662 5616 Plau-

2096 5640 2245 5704 tiano
2266 5645 2409 5686 coss.
2440 5632 2595 5686 Βίηύά
2631 5635 2793 5704 vulg.,
2818 5636 2932 5687 Ado
2953 5675 2965 5698 ,
2999 5634 3301 5696 Usuardus,
3334 5631 3594 5704 Notkerus
3620 5642 3673 5685 et

2096 5701 2183 5751 alii
2233 5716 2327 5753 eos
2370 5705 2682 5771 ntartyrium
2722 5701 2922 5758 iecisse
2973 5703 3211 5756 scribunt
3253 5703 3303 5756 in
3355 5702 3671 5756 Mauritania

2100 5771 2309 5824 civitate
2367 5770 2867 5831 Tuburbitanorum.
2925 5774 3030 5828 Sed
3087 5774 3188 5829 hoc
3246 5773 3415 5843 ipsum
3474 5775 3667 5843 probat
