3990 6196
408 348 516 404 855

1150 350 1348 404 [38sz
1392 351 1836 407 VENERABlLlS
1872 352 2021 406 OPP.
2064 352 2239 408 PARS
2279 352 2363 407 IV.
2404 380 2474 393 --
2513 351 2891 409 lllSTORiCA.

3546 354 3653 410 856

1663 462 1889 517 EDITIO
1928 459 2386 517 COLONIENSIS.

405 550 706 606 binatorttm
738 555 915 622 passio
944 562 1248 609 sanctorum
1274 564 1565 623 martyrum
1599 555 1876 625 Perpetua:
1914 564 1967 611 et
1995 557 2043 613 Α
2072 561 2339 622 stagnum,
2370 554 2457 609 ubi
2488 555 2605 623 gelu
2649 557 2937 610 constricta
2981 570 3201 626 corpora
3245 574 3429 614 eorum
3486 571 3645 617 nocte

406 643 718 709 Felicitatis,
751 655 806 699 et
834 660 953 698 cum
980 647 1058 699 eis
1089 644 1356 711 Revocati,
1382 646 1656 699 Saturnini
1684 656 1737 699 et
1762 646 1974 701 Secun-

402 735 533 799 doli,
582 750 806 804 quorum
859 737 1074 791 ultimus
1125 736 1178 789 iu
1226 751 1442 789 carcere
1492 736 1727 805 quievit,
1783 737 1973 805 reliqui

398 841 587 882 Omnes
616 829 679 882 ad
710 830 903 883 bestias
945 828 1117 881 traditi
1150 836 1302 893 sunt,
1336 830 1436 883 sub
1465 829 1665 884 Severo
1714 829 1971 899 print-ipe,

398 922 486 974 die
516 922 701 975 natalis
725 921 862 989 ejus.
891 922 1129 989 Qumqne
1160 922 1285 975 dum
1317 922 1492 976 adhuc
1536 932 1881 976 servarentur
1919 924 1970 977 in

397 1028 634 1074 carcere.
679 1022 732 1067 et
766 1012 1015 1067 Felicitas
1046 1013 1353 1082 parturirct,
1395 1014 1631 1066 omnium
1665 1022 1970 1067 sanctorum

394 1104 813 1158 commilitonum
867 1103 1110 1171 precibus
1162 1104 1500 1170 impetratum
1549 1111 1651 1167 est,
1684 1112 1742 1156 ut
1784 1108 1973 1156 octavo

394 1206 584 1247 mense
627 1201 865 1261 pareret.
906 1192 1021 1245 Jam
1067 1206 1194 1245 vero
1234 1191 1509 1259 Perpetua:
1548 1192 1687 1245 inter
1715 1192 1816 1245 alia
1844 1207 1972 1246 con-

390 1296 599 1335 cessum
627 1292 729 1348 est,
764 1293 819 1335 ut
843 1281 959 1350 ejus
983 1298 1134 1336 mens
1159 1283 1551 1352 quodammodo
1580 1294 1912 1339 averteretur
1940 1300 1969 1337 a

387 1386 631 1441 corpore,
660 1375 710 1426 in
741 1387 850 1441 quo
871 1387 1043 1425 vaccae
1071 1373 1325 1439 impetum
1352 1373 1587 1442 pertulit,
1616 1372 1687 1427 ita
1715 1384 1771 1427 ut
1792 1374 1968 1430 adhuc

389 1462 623 1516 futurum
667 1472 1022 1529 exapectaret,
1076 1462 1216 1531 quod
1270 1464 1323 1517 in
1373 1478 1433 1519 se
1473 1463 1582 1533 jam
1611 1474 1818 1533 gestum
1849 1479 1969 1521 esse

396 1555 652 1608 nesciret.

465 1649 525 1703 Ι).
569 1647 679 1701 \‘lll
713 1647 832 1702 lous
864 1645 1083 1701 Manut.
1128 1675 1197 1687 —
1236 1648 1388 1717 Apud
1415 1647 1789 1717 Carthaginem
1843 1663 1967 1703 san-

388 1752 457 1798 rtt
506 1742 751 1797 POnIiani
798 1739 1045 1805 diaconi,
1102 1739 1241 1794 beati
1280 1739 1532 1811 Cypriani
1574 1741 1833 1809 episcopi,
1874 1742 1963 1810 qui

388 1849 563 1903 usque
589 1833 652 1887 ad
682 1834 821 1887 diem
856 1831 1118 1898 passionis
1146 1846 1262 1899 epis
1291 1847 1409 1885 cum
1438 1832 1555 1900 ipso
1583 1833 1832 1885 exsilium
1863 1848 1965 1885 su-

2077 644 2564 713 disrumpcbantur,
2596 657 2650 700 et
2692 655 2849 701 mane
2892 649 3126 702 crurium
3161 648 3418 706 fractione
3447 664 3644 724 marty-

2077 737 2210 789 rium
2235 748 2757 791 consummaverunt.
2794 737 2993 792 Deinde
3026 754 3251 806 corpora
3280 756 3464 795 eorum
3497 758 3641 797 com-

2076 825 2246 890 busta,
2269 834 2323 880 et
2348 826 2399 879 in
2429 826 2643 880 [luvium
2669 827 2903 896 proiecta
2926 837 3049 882 sunt
3077 847 3089 881 :
3114 830 3206 883 sed
3230 832 3408 885 divina
3431 832 3643 901 dispen-

2084 920 2292 973 satione
2318 917 2554 988 reliquia:
2585 933 2764 972 eorum
2804 931 2925 972 sunt
2952 920 3169 989 integrae
3199 934 3446 991 repertae,
3471 935 3524 979 et
3551 928 3645 978 bo-

2076 1024 2206 1064 nore
2236 1010 2397 1079 digno
2430 1011 2678 1065 conditae.
2729 1010 2891 1066 Erant
2936 1023 3113 1065 autem
3170 1014 3463 1070 nobiliores
3508 1016 3645 1073 inter

2074 1115 2168 1155 eos
2195 1102 2416 1168 Quirion
2442 1112 2496 1157 et
2522 1102 2794 1156 Candidus
2823 1121 2834 1155 :
2866 1104 3081 1156 nomina
3118 1104 3367 1169 aliorum,
3398 1106 3652 1160 Domitia-

2076 1208 2193 1253 nus,
2227 1193 2513 1255 Eunoicus.
2543 1192 2794 1257 Sisinius,
2840 1192 3099 1260 Eraclius,
3133 1195 3455 1255 Alexander.
3488 1195 3648 1250 Joan-

2076 1298 2193 1348 nes,
2223 1282 2491 1347 G'andius,
2526 1284 3088 1348 Atlmnasiusﬂalens,
3122 1286 3400 1354 Helianus,
3428 1288 3649 1354 Melinu,

2074 1374 2306 1441 Beditas,
2336 1375 2618 1440 Acbacius,
2647 1375 2924 1440 .lnbianus,
2958 1375 3156 1441 Halius,
3186 1378 3512 1445 Tbeodolus,
3544 1378 3651 1449 Cy-

2072 1466 2244 1531 rillns,
2293 1465 2525 1531 Flavius,
2566 1466 2908 1530 Severianus,
2957 1466 3163 1532 Cirion,
3199 1468 3463 1535 Valerius,
3502 1469 3648 1523 Catu-

2070 1559 2219 1621 dion,
2274 1557 2565 1623 Sacerdnn,
2626 1559 2871 1628 Priscus,
2934 1561 3242 1628 Euthicius,
3295 1562 3645 1633 Smaragdus,

2071 1648 2422 1715 Pliilocimon,
2455 1649 2650 1713 Altius,
2681 1652 2965 1715 Micallius,
3014 1652 3439 1721 Lisymmacbus.
3473 1655 3637 1710 Dom-

2072 1756 2190 1805 nus,
2221 1740 2569 1810 Theophilus,
2604 1742 2846 1808 Xantius,
2877 1744 3098 1813 Aggius,
3130 1744 3407 1813 Leontius,
3441 1747 3643 1814 lsitius,

2071 1831 2255 1898 Gaius,
2286 1833 2608 1901 Gorgonius.

383 1926 589 1990 stinuit,
615 1933 668 1979 et
692 1924 962 1992 egregium
986 1921 1378 1975 vnlnmenVitte
1411 1923 1575 1990 ipsius
1604 1931 1657 1976 et
1689 1922 1958 1977 Passionis
1989 1909 2036 1968 Β
2136 1926 2197 1979 F.
2242 1926 2323 1981 Vl.
2358 1928 2477 1983 lous
2504 1928 2721 1985 ΜΑιιτιι.
2755 1960 2823 1970 -
2860 1930 3045 1988 Natale
3083 1942 3385 1990 sanctorum
3438 1945 3638 2008 marty-

384 2015 619 2082 reliqnit,
660 2023 819 2082 atque
859 2011 1136 2067 Dominum
1168 2014 1219 2065 in
1250 2011 1587 2079 passionibus
1617 2012 1727 2066 suis
1755 2012 1957 2080 glorili-

382 2120 514 2159 cans
552 2118 803 2158 coronam
832 2103 954 2156 vitae.
1001 2102 1313 2170 promeruit.
1358 2102 1413 2155 ln
1451 2102 1757 2157 Nicomedia
1792 2102 1957 2168 Quin-

382 2196 478 2251 tuli
509 2193 744 2265 episcopi
772 2204 825 2248 et
862 2193 1167 2263 Capitolini.
1204 2194 1261 2248 ln
1310 2194 1482 2249 Africa
1522 2194 1731 2263 Rogati,
1782 2196 1951 2264 Berm,

381 2287 617 2350 Hertnm,
668 2284 981 2351 Felicitatis,
1032 2285 1253 2353 Orbani,
1296 2286 1485 2356 Cyrilli
1536 2286 1793 2356 episcopi,
1833 2286 1955 2356 Syl-

382 2378 507 2432 vani
528 2386 583 2432 et
610 2376 845 2431 Mamilli.

457 2469 520 2525 Ε.
568 2471 653 2526 Vll
706 2469 825 2527 Iw;
853 2471 1070 2525 Mum.
1101 2500 1168 2509 --
1199 2468 1253 2521 ln
1285 2467 1509 2523 Sebaste
1541 2469 1802 2523 Armenia:
1850 2470 1955 2523 mi-

378 2563 529 2615 noris
555 2564 900 2632 quadraginta
931 2563 1157 2616 militum
1181 2569 1421 2627 tempore
1447 2559 1633 2613 Licinii
1662 2562 1825 2629 regis,
1852 2561 1952 2615 sub

374 2650 602 2718 preside
630 2652 927 2721 Agricolao,
958 2652 1047 2719 qui
1079 2659 1197 2718 post
1226 2650 1433 2704 vincula
1469 2660 1523 2704 et
1550 2663 1791 2704 carceres
1830 2667 1954 2705 cre-

373 2741 662 2809 berrimos,
696 2752 813 2812 post
842 2757 1009 2797 caesas
1042 2742 1303 2810 lapidibus
1345 2740 1528 2809 facies,
1556 2742 1703 2795 missi
1745 2754 1869 2797 sunt
1897 2746 1949 2800 in

2067 2032 2186 2071 rum
2211 2018 2499 2073 Alexandri
2542 2029 2595 2074 et
2624 2021 2737 2076 Gaii
2784 2022 2851 2077 de
2899 2025 3173 2092 Eumenia,
3198 2027 3284 2093 qui
3322 2028 3462 2095 apud
3492 2031 3634 2095 Apa-

2064 2107 2224 2161 miam
2247 2109 2622 2177 persecutione
2650 2112 2899 2166 Antonini
2934 2113 3076 2176 Veri,
3102 2118 3356 2187 martyrio
3385 2121 3628 2175 coronati

2060 2208 2205 2263 sunt.
2225 2209 2282 2254 ut
2304 2201 2491 2256 scribit
2510 2202 2831 2271 Apollinaris
2857 2206 3388 2280 llierosolymitanus,
3413 2213 3467 2266 in
3489 2214 3629 2269 libro

2060 2292 2345 2348 adversum
2373 2293 2752 2366 Catapbrygas.
2786 2298 2839 2351 In
2876 2299 3088 2353 Persida
3120 2302 3295 2357 natale
3322 2316 3625 2360 sanctorum

2062 2396 2352 2455 martyrum
2380 2401 2605 2440 numero
2629 2386 2697 2439 42
2747 2387 2801 2441 In
2830 2389 2991 2444 Bobio
3018 2393 3193 2448 natale
3212 2394 3403 2449 Attala:
3424 2398 3634 2453 abbatis

2055 2486 2109 2530 et
2135 2477 2366 2531 confess.
2398 2477 2450 2531 In
2477 2479 2755 2533 Antioch-ia
2790 2481 2981 2549 Agapm
3010 2484 3318 2551 virginis,et
3344 2487 3615 2544 Marianae:

2059 2567 2323 2638 Smyrna,
2355 2569 2601 2625 Pltronis.
2664 2571 2717 2625 In
2762 2572 3067 2629 Nicomedia
3099 2576 3346 2647 Palatini,
3380 2580 3632 2638 Firmiani

2064 2671 2117 2714 et
2149 2660 2374 2715 Rustici.

2132 2750 2195 2803 G.
2243 2750 2278 2805 V
2332 2751 2452 2809 lous
2497 2752 2713 2806 illam“.
2756 2783 2823 2794 --
2880 2755 3031 2824 Apud
3078 2756 3326 2815 Nisenam
3364 2760 3633 2821 civitatem

1638 2836 1863 2890 EDITlO
1902 2840 2375 2898 BOLLANDIANA
2388 2886 2401 2899 .

373 2927 607 2996 licitatis,
653 2946 771 3000 quae
800 2930 985 2984 bestiis
1012 2936 1136 2984 sunt
1166 2929 1430 2997 deputata:
1452 2927 1550 2981 sub
1578 2927 1778 2983 Severo
1803 2929 1951 2997 prin-

370 3017 512 3088 cipe,
541 3028 595 3074 et
623 3034 741 3073 cum
774 3019 1024 3075 Felicitas
1048 3020 1334 3087 parturirct
1366 3018 1415 3071 in
1446 3033 1681 3085 carcere,
1707 3021 1946 3074 omnium

370 3110 601 3163 militum
630 3110 716 3178 qui
749 3110 903 3164 simul
938 3108 1275 3179 patiebantur
1306 3108 1552 3177 precibus
1602 3109 1946 3176 impetratum

370 3208 489 3265 est,
540 3211 595 3252 ut
635 3208 823 3254 octavo
857 3214 1040 3253 mense
1081 3207 1311 3267 pareret.
1343 3197 1459 3252 Jam
1502 3214 1629 3253 vero
1671 3199 1947 3267 Perpetua:

369 3290 511 3345 inter
537 3289 636 3344 alia
665 3305 978 3345 concessum
1012 3297 1118 3353 est,
1153 3299 1208 3342 ut
1237 3290 1352 3356 ejus
1375 3303 1524 3343 mens
1552 3290 1945 3355 quodammodo

366 3388 702 3436 averteretur
727 3396 756 3434 a
788 3396 1009 3450 corpore
1036 3427 1050 3448 ,
1086 3383 1135 3435 in
1167 3396 1274 3451 quo
1305 3396 1479 3435 vaccae
1526 3382 1779 3449 impetum
1823 3399 1944 3450 pcr-

365 3471 524 3537 tulit,
558 3472 628 3525 ita
656 3481 714 3525 ιιι
754 3472 926 3526 adhuc
967 3470 1197 3525 futurum
1229 3478 1560 3541 exspeCIarct
1586 3511 1601 3534 ,
1631 3471 1769 3540 quod
1806 3472 1855 3525 in
1887 3487 1947 3527 se

362 3560 473 3630 jam
500 3570 705 3630 gestum
732 3576 853 3616 esse
883 3562 1131 3616 nesciret.
1346 3550 1351 3555 ’

442 3653 530 3721 L.,
557 3663 613 3706 et
640 3652 701 3708 S.
729 3653 964 3707 Cassiani
997 3653 1250 3721 episc0pi.

350 3766 354 3777 ι
436 3741 492 3797 8.
523 3774 590 3786 —-
622 3744 730 3798 Vlll
763 3742 899 3798 ibus.
933 3742 1094 3796 Vacztt
1126 3743 1299 3796 Bmda.

437 3834 527 3901 D.,
572 3834 892 3903 Carthagine
925 3832 949 3860 ⁸
982 3832 1224 3887 Pontiani
1268 3831 1475 3903 diaconi
1523 3840 1576 3885 et
1623 3831 1759 3903 beati
1787 3831 1811 3870 δ
1842 3834 1941 3903 Gy-

365 3907 536 3975 priaui
574 3902 885 3975 martyris:
919 3903 980 3956 V.
1031 3903 1127 3975 _C.,
1166 3902 1501 3975 “Nicomedia
1549 3902 1799 3975 Quintilli;
1832 3902 1943 3975 epi-

366 3971 538 4042 scopi.
570 3973 623 4028 In
653 3971 827 4027 Africa
857 3973 1063 4040 Rogati,
1090 3971 1299 4042 Felicis,
1336 3972 1642 4025 Felicitatis.
1671 3975 1736 4026 A.
1760 3973 1821 4025 Τ.
1855 3974 1941 4035 L.,

364 4043 424 4097 In
455 4040 629 4096 Alrica
662 4043 851 4094 natalis
882 4052 1182 4096 sanctorqu
1229 4040 1447 4104 Rogati.
1485 4042 1704 4104 Felicis,
1743 4043 1938 4097 Urbani

363 4122 420 4167 et
445 4112 910 4195 Cyrilliﬂepiscopi:
939 4112 1000 4165 Τ.
1028 4112 1113 4177 L.,
1144 4112 1195 4164 ln
1227 4110 1530 4166 Nicomedia
1559 4112 1795 4177 Quintilli
1825 4114 1939 4182 epi-

362 4181 510 4253 scopi
539 4192 592 4237 et
621 4181 926 4250 Capitolini.

434 4276 489 4331 9.
511 4304 583 4317 —
603 4273 692 4329 νη
725 4274 799 4327 Ιυ.
822 4273 877 4327 1η
905 4273 1125 4329 Sebaste
1156 4273 1205 4327 in
1234 4274 1479 4327 Armenia
1511 4273 1736 4333 minore,
1762 4277 1783 4303 ο
1809 4288 1942 4342 qna-

350 4368 604 4439 draginta
658 4367 923 4429 militum,
974 4374 1214 4434 tempore
1261 4365 1445 4419 Licinii
1479 4366 1637 4433 regis,
1671 4364 1771 4417 sub
1803 4379 1938 4429 prae-

365 4461 482 4517 side
510 4459 806 4531 Agricolao,
837 4458 924 4529 qni
950 4466 1070 4527 post
1101 4457 1305 4511 vincula
1329 4466 1381 4511 et
1407 4471 1649 4510 carceres
1680 4456 1941 4510 creberri-

2059 2950 2196 2999 mos,
2255 2947 2373 3004 post
2424 2952 2589 2991 ctesas
2649 2938 2913 3007 lapidibus
2966 2941 3148 3009 facies,
3202 2946 3348 3000 missi
3400 2958 3524 3002 sunt
3577 2950 3629 3004 in

2055 3031 2334 3093 stagnum;
2381 3028 2468 3079 ubi
2519 3029 2637 3096 gelu
2669 3031 2956 3083 constricta
2989 3045 3211 3100 corpora
3252 3048 3436 3089 eorum
3477 3049 3633 3093 noctu

2053 3116 2544 3184 disrumpebantnr,
2568 3127 2622 3171 et
2649 3132 2805 3172 mane
2830 3119 3143 3191 crnrifragio
3166 3126 3479 3194 martyrium
3507 3142 3634 3182 con-

2051 3216 2402 3259 summarunt.
2452 3207 2653 3263 Deinde
2693 3224 2917 3279 corpora
2948 3227 3132 3266 eorum
3172 3216 3450 3272 combusta
3488 3228 3538 3273 et
3581 3222 3635 3275 in

2053 3298 2246 3353 ﬂumen
2294 3299 2550 3368 projecta,
2598 3300 2691 3354 sed
2735 3302 3131 3368 dispensatione
3168 3305 3347 3360 divina
3396 3309 3634 3376 reliquis:

2051 3404 2232 3444 eorum
2263 3400 2385 3443 sunt
2428 3392 2650 3459 integrae
2692 3402 2919 3459 reperta:
2941 3433 2955 3457 ,
2998 3403 3052 3447 et
3077 3394 3238 3465 digno
3270 3396 3474 3452 honore
3501 3414 3627 3455 con-

2049 3481 2195 3536 ditae.
2244 3482 2407 3536 Erant
2448 3492 2625 3537 autem
2666 3482 2957 3538 nobiliores
3002 3484 3139 3540 inter
3182 3500 3275 3542 eos
3318 3487 3543 3555 Quirlon
3580 3500 3634 3546 et

2049 3574 2338 3628 Candidus.

2124 3687 2210 3743 10.
2255 3716 2313 3727 -
2342 3686 2407 3742 Ἦ
2439 3686 2578 3743 lous.
2612 3686 2775 3742 Vacat
2802 3686 2978 3743 Bazda.

2120 3801 2206 3866 1).,
2242 3803 2458 3865 Apamia
2490 3801 2775 3855 Alexandri
2802 3813 2854 3856 et
2880 3801 2905 3838 δ
2934 3801 3048 3856 Gaii
3076 3802 3141 3857 de
3171 3804 3451 3859 Eumenia.
3492 3806 3621 3861 Per-

2046 3874 2159 3926 side
2189 3872 2529 3941 quadraginta
2562 3872 2786 3941 dttorutn
2818 3883 3125 3941 martyrum.
3164 3875 3224 3928 V.
3253 3874 3340 3939 C.,
3377 3877 3431 3929 In
3462 3878 3615 3931 Nicea

2047 3943 2293 4013 Gorgonii
2324 3940 2443 4013 μᾶ,
2472 3940 2739 4009 Golgotti],
2772 3940 3011 4010 Palatini,
3049 3942 3230 3998 Firmi.
3261 3944 3319 3997 V.
3345 3946 3407 3998 C.
3466 3951 3528 4000 A.
3553 3947 3617 4003 Τ.

2046 4013 2132 4076 L.,
2169 4012 2220 4064 In
2253 4012 2529 4065 Antiochia
2560 4014 2750 4077 Agapa:
2781 4012 3014 4074 virginis.
3048 4013 3109 4065 T.
3142 4013 3182 4066 L
3206 4054 3221 4076 ,
3254 4015 3316 4067 Et
3343 4014 3617 4072 Mariane.

2048 4088 2111 4136 A.
2143 4082 2229 4139 T..
2272 4081 2328 4133 In
2361 4083 2384 4111 θ
2416 4080 2699 4134 Antiochia
2728 4081 2916 4135 natalis
2954 4083 3050 4135 SS.
3084 4083 3335 4136 Firmiaui
3374 4095 3425 4139 et
3468 4086 3622 4139 Pala-

2047 4153 2161 4275 t‘iynil.
2294 4151 2379 4217 L.,
2412 4151 2478 4203 Et
2504 4152 2555 4203 in
2588 4151 2905 4205 Alexandria
2934 4153 3119 4206 natalis
3145 4154 3241 4208 SS.
3273 4152 3291 4191 ί
3322 4153 3549 4211 Candidi
3571 4166 3625 4212 et

2095 4242 2120 4273 a
2147 4238 2263 4275 erit.

2095 4238 2263 4275 alerll.

2124 4336 2209 4390 ll.
2239 4364 2311 4376 —
2340 4334 2383 4389 ν
2414 4334 2551 4389 lous.
2581 4334 2745 4389 Vacat
2777 4335 2948 4390 Baeda.

2122 4451 2213 4516 1).,
2243 4460 2267 4498 ε
2298 4450 2554 4505 Sebastcn
2579 4447 2843 4501 Armeniae
2872 4446 3090 4501 minoris
3112 4447 3459 4517 quadraginta
3485 4463 3625 4506 mar-

1775 4568 1977 4623 SMITH
2017 4564 2240 4622 NOTA‘J.

362 4662 794 4734 Martyrologium
827 4661 1001 4715 Baeda:
1029 4661 1243 4716 nomine
1287 4660 1792 4734 vnlgoinsignitnm
1826 4676 1928 4734 non
1961 4663 2011 4720 D
2062 4658 2133 4734 ﬂ"
2176 4657 2445 4734 Cypriani.
2474 4654 2597 4734 _Qni
2635 4654 2927 4734 occasione
2954 4653 3145 4734 forsan
3188 4653 3247 4709 S.
3289 4654 3473 4734 lfontii
3509 4658 3625 4723 ejus

363 4731 797 4802 che'genuiunm
847 4734 1017 4785 Baeda:
1058 4734 1251 4802 letum.
1295 4735 1418 4799 qnia
1452 4732 1562 4800 ipse
1587 4734 1637 4783 in
1665 4731 1933 4802 Chronico

363 4806 464 4858 sub
508 4801 709 4858 Severo
758 4818 850 4856 eos
890 4803 1026 4871 apud
1066 4801 1441 4871 Carthaginem
1494 4815 1680 4869 passos
1728 4801 1931 4855 scribit.

362 4875 757 4941 Quamplurima
810 4888 1018 4939 quoque
1058 4876 1267 4939 antiqua
1319 4872 1689 4940 Martyrologia
1731 4887 1832 4924 ms.
1883 4882 1936 4927 et

363 4958 616 4997 excusum
648 4944 919 5013 Martyrol.
957 4942 1153 4996 Rabani
1186 4943 1372 5003 Mauri,
1399 4943 1718 5013 Carthagini?
1744 4942 1936 5013 suifra-

361 5025 580 5078 gantur;
609 5024 662 5065 et
688 5011 871 5068 Victor
903 5013 1151 5074 Vitensis,
1195 5014 1286 5066 lib.
1313 5027 1326 5065 l
1362 5011 1751 5065 Pcrsccntionis
1789 5012 1932 5065 Van-

364 5084 571 5145 dalicae,
600 5083 828 5150 loquitur
857 5084 922 5135 de
951 5084 1165 5136 basilica
1192 5084 1427 5149 majore,
1452 5082 1538 5133 ubi
1570 5096 1794 5147 corpora
1826 5082 1925 5136 SS.

366 5163 659 5221 martyrum
712 5153 985 5219 Perpetute
1033 5162 1087 5206 et
1133 5151 1424 5207 Felicitatis
1455 5162 1594 5203 sunt.
1629 5152 1774 5204 Passi
1806 5160 1930 5204 sunt

361 5238 484 5277 cum
514 5220 593 5277 eis
636 5220 879 5282 Saturus,
916 5223 1273 5290 Saturninus,’
1305 5223 1622 5285 Rcvocatus,
1655 5221 1931 5275 Secundo-

365 5295 468 5348 lns.
500 5296 733 5358 Quorum
769 5291 984 5344 ultimus
1009 5292 1059 5344 in
1092 5307 1307 5346 carcere
1329 5292 1557 5357 quievit;
1592 5292 1783 5358 reliqui
1817 5306 1933 5344 om-

362 5380 458 5419 nes
484 5371 609 5416 sunt
638 5361 820 5416 bestiis
849 5362 1045 5413 traditi.
1072 5366 1198 5415 Acta
1223 5364 1360 5424 apud
1396 5361 1731 5415 liollandnm.

431 5444 457 5471 ⁸
497 5432 758 5489 Pontiani.
792 5432 915 5486 Sive
956 5430 1156 5491 l’ontii.
1199 5432 1407 5485 diaconi
1451 5431 1506 5483 Β.
1538 5431 1783 5500 Cypriani
1816 5429 1929 5497 epi—

360 5507 528 5570 scopi.
558 5504 655 5571 Qui
700 5517 865 5570 usque
905 5500 969 5552 ad
1020 5502 1279 5568 passionis
1322 5516 1431 5554 suae
1472 5502 1612 5553 diem
1655 5516 1773 5554 cum
1814 5502 1933 5571 ipso

361 5569 613 5628 exsilium
654 5569 943 5636 sustinens,
984 5573 1251 5639 egregium
1279 5573 1527 5624 volumen
1565 5571 1692 5623 Vitae
1715 5579 1769 5624 et
1812 5569 1935 5623 Pas-

362 5646 526 5697 sionis
553 5646 667 5711 cjns
694 5643 924 5707 reliquit.
970 5647 1139 5705 Atque
1172 5640 1452 5694 Dominum
1493 5656 1705 5707 semper
1734 5640 1786 5692 in
1816 5655 1937 5705 pas-

364 5714 600 5767 sionibus
640 5716 751 5767 suis
789 5713 1113 5779 gloriticans,
1160 5726 1412 5766 coronam
1458 5713 1575 5765 vitce
1622 5712 1912 5781 promeruit

368 5784 518 5841 Baeda
550 5785 711 5850 vulg.,
741 5781 991 5850 Usuartl.,
1029 5783 1160 5836 Ado.

2042 4729 2251 4781 diaconi
2272 4729 2358 4792 qui
2384 4726 2539 4777 hodie
2566 4726 2775 4785 colitur,
2807 4725 3111 4777 inscribitur
3132 4726 3402 4779 nonnullis
3428 4727 3625 4793 Marty-

2041 4798 2279 4868 rologiis.
2305 4797 2377 4868 De
2398 4796 2487 4868 illo
2511 4804 2684 4868 tantm
2708 4794 2978 4868 agendum
2994 4794 3123 4868 infra
3152 4810 3236 4847 xtv
3260 4794 3619 4868 Se_t_ttetnbr_is.

2113 4876 2133 4901 ε
2164 4863 2552 4933 Ὧιιαάναρὶηια.
2588 4864 2887 4918 Secundum
2917 4864 3270 4917 additamenta
3307 4863 3450 4917 Flori
3486 4866 3621 4919 infra

2038 4942 2208 5004 posita
2242 4939 2477 4989 Adonem
2503 4974 2518 4997 ,
2546 4934 2818 4986 liabannm
2849 4943 2901 4985 et
2932 4933 3254 4996 Notkerum,
3286 4934 3538 5004 coluntur
3569 4951 3622 4989 st

2038 5003 2236 5062 Martii.
2281 5005 2564 5059 Bollandns
2606 5005 2794 5065 etiam,
2830 5019 2856 5055 κ
2889 5004 3090 5065 Martii,
3140 5005 3296 5057 habet
3328 5023 3339 5057 :
3376 5003 3536 5058 Nunc
3563 5022 3627 5058 ex

2036 5094 2087 5132 ιχ
2126 5078 2332 5136 Martii.
2379 5076 2438 5126 ob
2472 5077 2653 5142 festum
2681 5074 2870 5137 duplex
2914 5073 2973 5129 S.
3017 5071 3307 5127 Franciscw
3345 5074 3615 5135 Romamn

2035 5149 2328 5200 solemnitas
2375 5147 2556 5197 horum
2605 5153 2884 5212 martyrum
2929 5153 3003 5196 est
3049 5145 3103 5196 in
3150 5155 3436 5212 sequentem
3487 5146 3625 5199 diem

2036 5218 2305 5271 translata.

2106 5286 2147 5352 ἀ,
2177 5285 2314 5338 Gaii.
2364 5284 2437 5336 De
2485 5281 2564 5352 bis
2611 5282 2931 5349 martyribus
2975 5281 3236 5336 Eusebius
3283 5283 3519 5352 loquitur
3563 5285 3617 5337 in

2040 5345 2173 5409 llist.
2209 5356 2378 5419 Eccl.,
2409 5368 2456 5415 ν,
2488 5345 3443 5424 16.SecundumLatinaMartyroL,
3475 5355 3615 5421 apud

2038 5426 2312 5493 Apamiam
2344 5421 2709 5492 persecutione
2740 5422 2990 5476 Antonini
3021 5421 3143 5476 Veri
3172 5421 3426 5494 martyrio
3455 5439 3621 5479 coro-

2040 5498 2146 5551 nati
2180 5505 2323 5547 sunt.

2116 5574 2140 5601 ε
2182 5564 2449 5617 Antiochia
2478 5561 2685 5614 natalis.
2720 5560 2933 5614 Rectius
2958 5559 3155 5616 Nicaea.

2117 5632 2136 5672 ί
2179 5633 2416 5688 Candidi.
2449 5632 2524 5686 De
2552 5632 2633 5683 Itis
2664 5631 2931 5697 postridie.

2121 5715 2144 5752 tt
2188 5704 2449 5759 Scbastcn.
2484 5705 2556 5756 De
2588 5703 2670 5755 his
2694 5701 2947 5756 militibus
2977 5704 3094 5758 vide
3121 5718 3298 5772 supra,
3333 5718 3388 5758 ιι
3423 5700 3623 5760 Martii.
