3940 6188
246 351 349 407 857

1362 351 1554 409 SECT.
1597 352 1664 406 II.
1701 382 1770 393 ——
1809 355 2374 412 MARTYROLOGIA.

3402 356 3506 411 858

1535 466 1759 519 EDITIO
1798 469 2259 524 COLONIENSIS.

247 550 418 604 sancti
448 550 691 619 Gregorii
733 550 996 620 episcopi,
1044 551 1221 607 fratris
1259 552 1399 607 beati
1435 553 1611 608 Basilii
1641 556 1825 609 Cacsa-
1855 565 1903 619 Α
1940 573 2064 611 num
2096 561 2376 613 hmreticos
2402 559 2670 614 damnavit
2703 574 2718 613 :
2749 569 2803 615 et
2832 561 3127 624 constituit,
3156 571 3211 616 ut
3244 563 3331 631 qui
3353 574 3509 619 natus

249 643 480 706 rieusis,
527 642 628 696 viri
683 642 1015 707 doctissimi,
1067 652 1123 698 et
1173 644 1474 713 eloquentia
1522 646 1826 701 clarissimi.

1934 648 2119 702 fuisset
2162 649 2228 703 de
2257 649 2573 715 Christiana,
2611 667 2705 717 per
2747 652 3067 719 baptismum
3110 665 3507 721 renasceretur,

249 738 405 804 Apud
435 737 786 790 Barcinonam
817 736 1022 790 Patiaui
1049 739 1315 805 episcopi,
1348 747 1455 790 tam
1486 739 1626 802 vita,
1671 753 1826 807 quam
1931 742 2070 807 quod
2123 739 2362 808 Pelagius
2408 742 2712 795 damnabat.
2758 744 2908 812 Apud
2954 745 3324 801 Nicomediam
3366 747 3510 801 beati

247 842 504 881 sermone
532 827 707 892 clari;
755 829 843 894 qui
888 828 1089 894 Optima
1134 837 1412 882 senectute
1452 839 1693 881 mortuus
1723 836 1828 893 est,

253 917 545 973 Theodosii
568 918 823 987 principis
844 929 1109 989 tempore.
1163 920 1218 973 In
1255 919 1597 985 Alexandria,
1632 918 1825 985 Eracli,

248 1010 480 1077 Zosimi,
517 1009 828 1064 Alexandri.

320 1105 390 1157 Δ.
431 1102 497 1157 IV
561 1100 679 1156 lous
732 1101 951 1156 MART".
994 1128 1069 1144 --
1131 1101 1319 1155 Romae
1375 1101 1541 1157 sancti
1584 1100 1830 1170 Gregorii

248 1208 424 1265 papa),
446 1195 536 1263 qui
567 1194 619 1246 in
652 1193 768 1262 lege
797 1194 888 1246 Dei
911 1192 1364 1247 Iuculentissimus
1389 1193 1574 1246 doctor
1594 1192 1829 1256 exstitit,

246 1294 305 1341 et
354 1294 568 1355 gentem
599 1285 894 1353 Anglorum
938 1299 1032 1353 per
1080 1284 1429 1353 Augustinum
1479 1292 1535 1337 et
1576 1283 1828 1337 Mellitum

246 1386 411 1445 atque
438 1374 722 1441 Joannem,
740 1389 928 1430 servos
957 1374 1074 1440 Dei,
1106 1375 1169 1427 ad
1201 1374 1358 1429 fidem
1382 1374 1577 1428 Christi
1607 1388 1833 1428 conver-

246 1468 334 1533 tit,
365 1467 457 1537 qui
503 1466 645 1521 sedit
691 1465 761 1520 ibi
793 1480 963 1519 annos
993 1465 1271 1531 tredecim,
1316 1480 1530 1520 menses
1563 1480 1680 1530 sex,
1719 1464 1833 1519 dies

247 1558 462 1612 decem.
516 1557 613 1612 Hic
664 1556 1030 1625 augmentavit
1099 1558 1151 1609 in
1210 1556 1513 1623 precatione
1562 1555 1829 1609 Canonis:

251 1666 273 1701 ι
307 1649 540 1717 Diesque
587 1658 800 1703 nostros
828 1649 881 1703 in
915 1658 1001 1703 tua
1033 1663 1160 1718 pace
1188 1648 1463 1717 dispone.»
1501 1648 1705 1704 Eodem
1747 1649 1835 1705 die

244 1740 391 1796 beati
440 1739 733 1794 Innocentii
768 1754 953 1809 papae,
1004 1739 1094 1807 qui
1145 1740 1285 1793 rexit
1322 1739 1616 1793 Ecclesiam
1662 1754 1835 1795 annos

244 1833 576 1901 quindecim,
602 1845 818 1887 menses
842 1832 996 1896 duos,
1023 1831 1139 1885 dies
1168 1830 1354 1900 viginti
1383 1847 1565 1885 unum.
1595 1832 1690 1885 Hic
1713 1846 1837 1886 con-

1935 829 2073 883 Petri
2103 831 2349 901 martyris
2376 833 2476 885 sub
2507 832 2856 900 Diocletiano,
2886 850 2952 888 eo
2974 837 3113 905 quod
3140 838 3205 891 de
3231 838 3510 892 immensis

1934 920 2178 990 martyris
2204 923 2370 975 sancti
2394 922 2575 976 Nomm
2603 926 2877 994 suppliciis
2906 938 3241 995 causaretur,
3273 930 3507 997 appendi

1928 1010 2107 1080 jussus
2132 1022 2235 1079 est,
2266 1022 2319 1066 et
2343 1013 2520 1081 flagris
2543 1023 2708 1069 totum
2743 1030 2937 1082 corpus
2965 1019 3173 1078 laniari.
3202 1029 3257 1073 et
3287 1020 3511 1075 visceri-

1936 1100 2030 1154 bus
2058 1099 2167 1169 jam
2220 1103 2356 1170 pelle
2396 1104 2624 1168 nudatis,
2667 1106 3000 1172 perfunditur
3040 1118 3195 1163 aceto
3247 1120 3304 1165 et
3346 1111 3459 1165 sale
3494 1129 3507 1164 :

1933 1191 2221 1245 novissime
2250 1192 2301 1244 iu
2333 1193 2583 1247 craticula
2616 1197 2796 1262 prunis
2823 1198 3171 1251 subterstrata
3202 1200 3360 1253 vitam
3389 1201 3511 1254 fini-

1934 1287 2027 1339 vit.
2068 1286 2197 1339 Item
2238 1285 2559 1341 Nicomediae
2582 1288 2755 1342 natale
2783 1302 3089 1343 sanctorum
3115 1292 3316 1362 Egdoni
3351 1308 3504 1359 pres-

1934 1377 2125 1448 byteri,
2156 1387 2210 1431 et
2239 1379 2463 1431 aliorum
2491 1388 2718 1448 septem,
2753 1379 2840 1447 qui
2868 1380 3057 1434 diebus
3086 1382 3307 1450 singulis
3335 1380 3501 1436 sulfu-

1933 1471 2037 1523 cati
2084 1481 2228 1533 sunt,
2264 1479 2319 1523 ut
2367 1472 2580 1524 caeteris
2623 1480 2796 1525 metus
2839 1472 3187 1540 incuteretur,
3234 1483 3288 1528 et
3334 1473 3511 1542 passio

1934 1562 2102 1615 sancti
2135 1560 2474 1614 Maximiliani
2505 1562 2778 1630 martyris.

2010 1649 2067 1701 Β.
2110 1648 2173 1702 111
2214 1648 2328 1702 lous
2383 1649 2598 1702 Man'ru.
2641 1678 2710 1689 —
2760 1648 2909 1717 Apttd
2940 1649 3302 1704 Nicomediam
3336 1652 3513 1707 natale

1934 1749 2239 1791 sanctorum
2274 1737 2566 1790 Macedonii
2602 1738 2938 1808 presbyteri,
2970 1749 3021 1793 et
3056 1740 3296 1795 Patriciae
3326 1744 3510 1797 uxoris

1936 1829 2077 1895 ejus.
2112 1838 2166 1882 et
2197 1828 2319 1882 tiliae
2361 1829 2636 1884 Modesttc.
2667 1831 2718 1883 In
2744 1830 2917 1884 Nicaea
2946 1832 3160 1887 civitate
3192 1835 3363 1887 natale
3391 1848 3516 1887 san-

243 1926 499 1981 stitutum
522 1925 648 1982 fecit
673 1925 739 1980 de
768 1924 1027 1990 Ecclesia,
1059 1933 1113 1978 et
1137 1924 1405 1992 Pelagium
1433 1933 1590 1994 atque
1611 1924 1830 1980 Celesti-
1864 1921 1907 1979 B
1934 1932 2139 1976 ctorunt
2192 1934 2480 1995 martyrum
2533 1924 2776 1979 Teusette
2804 1965 2821 1990 ,
2868 1933 2922 1979 et
2970 1924 3155 1980 ilorris
3204 1926 3297 1979 ﬁlii
3351 1927 3468 1996 ejus
3496 1945 3511 1983 :

1540 2031 1770 2087 EDITIO
1811 2034 2187 2088 BOLLANDIA
2200 2035 2310 2091 NA.

246 2133 446 2196 tyrumi
470 2124 569 2178 sub
608 2121 829 2196 Licinio.
875 2121 1069 2196 V._C.,
1101 2122 1829 2196 Gartliagine_Eraclii,on-

243 2191 392 2249 simi.
433 2195 488 2248 In
517 2203 544 2231 ι
588 2194 904 2248 Alexandra
933 2191 1094 2259 Gagi,
1137 2194 1376 2247 Candidi.
1412 2193 1498 2260 C.,
1533 2195 1596 2247 Et
1623 2195 1711 2247 alii
1740 2212 1825 2248 xv.

242 2271 312 2321 Δ.
340 2265 406 2318 Τ.
442 2267 526 2331 L.,
556 2264 608 2317 In
633 2264 936 2317 Nicomedia
970 2263 1067 2317 88.
1097 2261 1123 2299 ι)
1156 2263 1427 2331 Gorgonii,
1464 2264 1676 2327 Eraclii,
1705 2266 1830 2319 Ale-

245 2334 479 2397 Xandri;
511 2334 604 2388 sed
636 2336 784 2386 deest
812 2339 860 2385 in
893 2332 951 2386 L.
986 2335 1130 2387 locus
1159 2336 1364 2398 agonis.
1401 2335 1487 2396 T..
1523 2335 1576 2387 Itt
1605 2335 1826 2386 Cartha-

244 2407 373 2475 gine
402 2404 619 2457 Zosimi.
656 2404 708 2457 lu
743 2406 1059 2475 Alexandria
1093 2407 1263 2456 nalale
1291 2406 1385 2459 88.
1416 2405 1656 2467 Candidi,
1691 2404 1829 2457 Mar-

244 2474 421 2538 itiaui,
464 2475 691 2540 Quirilli.
740 2475 822 2535 L.,
869 2475 923 2526 ltt
955 2474 1272 2542 Carthagine
1311 2475 1537 2538 Zosimi,
1571 2476 1823 2539 Candidi,

244 2545 529 2606 Martiani,
582 2545 808 2611 Quirilli.
864 2545 954 2609 A.,
1006 2543 1060 2596 Itt
1112 2560 1246 2613 pago
1298 2547 1535 2599 Atrebati
1567 2546 1829 2613 depositio

243 2614 303 2669 S.
341 2618 363 2644 θ
402 2615 715 2668 Vittdiciani.

318 2703 407 2758 12.
439 2732 509 2743 —
536 2702 599 2757 IV
633 2703 710 2757 In.
735 2702 1006 2773 Depositio
1046 2703 1102 2759 S.
1135 2704 1161 2744 ἀ
1201 2702 1440 2771 Gregorii
1473 2718 1620 2773 papa:
1660 2704 1830 2761 beata;

244 2809 541 2850 memoriae.

319 2891 532 2955 Florus,
577 2889 631 2944 in
684 2891 747 2944 A.
797 2890 858 2944 Τ.
911 2889 968 2943 L.
1020 2907 1033 2942 :
1080 2890 1143 2944 Et
1192 2890 1243 2942 in
1297 2889 1598 2945 Nicomedia
1650 2892 1824 2960 passio

248 2981 452 3036 ‘Pioni
485 2981 803 3051 presbyteri,
851 2980 940 3048 qui
992 2994 1177 3049 passus
1225 2990 1307 3035 est
1352 2982 1453 3036 sub
1502 2981 1826 3038 Proconsule

1937 2128 2080 2181 Asia:
2111 2126 2256 2181 Julio
2290 2126 2476 2180 Proclo
2513 2134 2567 2179 et
2606 2127 2952 2192 Quintiliano,
2982 2130 3068 2197 qui
3112 2137 3231 2197 post
3269 2144 3515 2186 carceres

1933 2228 1984 2271 et
2011 2219 2250 2285 corporis
2281 2218 2717 2272 dilacerationem
2747 2220 2987 2276 confixus
3035 2221 3198 2289 ligno,
3242 2235 3363 2276 cum
3406 2222 3516 2278 Me-

1934 2308 2153 2362 trodoro
2182 2312 2495 2377 presbytero
2527 2310 2631 2377 igni
2665 2310 2889 2365 traditus
2915 2320 3015 2366 est.

2004 2438 2181 2516 V._C..
2214 2438 2533 2493 Nicomedia:
2560 2439 2762 2516 Egdoni
2804 2440 2908 2511 [C.,
2943 2442 3169 2516 Agdoni]
3212 2447 3508 2516 presbyteri

1933 2518 1985 2563 et
2014 2510 2239 2562 aliorum
2282 2520 2483 2575 septem
2515 2510 2890 2563 suffocaturqu
2923 2512 3107 2565 diebus
3148 2510 3389 2580 singulis:
3420 2517 3509 2575 (3.,

1930 2588 1988 2650 ut
2014 2580 2130 2631 aliis
2153 2580 2449 2650 videntibus
2479 2581 2634 2632 timor
2667 2581 3011 2634 iucuteretur.
3042 2583 3220 2635 Romae
3246 2586 3512 2650 depositio

1938 2647 1958 2687 τ
1984 2647 2273 2703 Innocentii
2295 2650 2555 2717 episcopi,
2580 2650 2666 2718 qui
2690 2653 2847 2704 etiam
2873 2652 3175 2706 nominatur
3198 2656 3246 2706 in
3272 2647 3335 2707 AL
3361 2655 3424 2708 Τ.
3450 2656 3510 2708 1..

2002 2786 2089 2839 15.
2113 2814 2181 2826 --
2208 2784 2270 2839 Ill
2301 2784 2370 2838 lo.
2403 2784 2456 2838 In
2485 2784 2783 2839 Nicomedia
2818 2787 3004 2841 natalis
3047 2786 3336 2843 Macedonii
3368 2807 3513 2857 pres-

1930 2878 2121 2949 byteri,
2162 2879 2224 2930 Et
2252 2877 2490 2931 Patriciae
2522 2879 2701 2931 uxoris
2728 2879 2863 2946 ejus,
2897 2889 2950 2933 et
2979 2880 3100 2934 Iilize
3133 2880 3312 2934 Modus
3335 2898 3401 2935 te.

2006 2982 2068 3034 A.
2100 2980 2163 3033 Τ.
2198 2979 2282 3042 L.,
2312 2987 2367 3032 et
2392 2977 2451 3032 8.
2484 2988 2508 3026 5
2540 2978 2791 3033 Eulrasia:
2819 2980 3051 3049 virginis.

1665 3074 1864 3129 SMITH
1907 3073 2127 3128 Ntl'l‘jE.

318 3174 346 3203 ⁸
387 3165 733 3235 Alexandria.
764 3164 822 3217 lli
868 3181 1053 3219 omnes
1098 3181 1265 3234 usque
1313 3166 1376 3220 ad
1408 3165 1647 3219 ultimum
1701 3167 1829 3232 Qui-
1857 3165 1901 3225 C
1936 3168 2017 3221 nia
2040 3166 2148 3220 fere
2168 3164 2536 3235 Martyrologia
2563 3163 2717 3235 hujus
2740 3164 2966 3217 natalem
2989 3165 3260 3220 celebrant
3284 3167 3441 3221 Febr.
3465 3184 3504 3233 t,

243 3238 444 3296 rillum.
462 3248 685 3305 excepto
710 3234 1000 3303 Gorgonio,
1026 3237 1172 3304 juxta
1205 3237 1633 3304 Martyrologium
1662 3252 1826 3289 excu-

243 3323 367 3362 sum
397 3307 724 3377 Hieronymi,
758 3321 808 3358 et
838 3308 1052 3377 antiqua
1079 3322 1208 3361 mss.
1239 3308 1611 3377 lliarterIOgia
1643 3322 1830 3376 quam-

244 3380 475 3447 plurima
502 3374 989 3447 Carthagineipassi
1026 3375 1295 3447 dicuntur.

315 3446 343 3484 δ
384 3446 657 3518 Gargonii.
711 3448 767 3501 8.
816 3446 1117 3518 Gorgonius
1166 3457 1367 3518 martyr
1410 3445 1828 3518 Nicomediensis

242 3518 345 3572 sub
380 3514 729 3579 Diocletiano,
761 3514 968 3568 Sttltbdt
1009 3518 1231 3569 solemni
1265 3514 1441 3571 ol'ticio
1491 3518 1539 3569 in
1589 3516 1827 3570 Ecclesia

244 3587 510 3642 Miuden-i
532 3588 629 3637 hoc
647 3588 734 3638 die
752 3586 851 3637 coli
872 3587 940 3638 ob
958 3587 1237 3638 adventum
1266 3586 1604 3655 reliquiarum
1625 3587 1741 3653 ejus
1762 3587 1828 3639 ad

243 3659 387 3713 illam
427 3657 741 3710 Ecclesiam.
795 3656 867 3707 De
895 3671 957 3707 eo
988 3666 1173 3724 agetur
1199 3660 1357 3710 etiam
1394 3673 1443 3711 ιχ
1475 3656 1827 3711 Septembris.

317 3730 342 3758 °
393 3727 705 3779 Vindicinni.
738 3726 851 3778 Nati
883 3726 1180 3778 Bellet-ttrtii
1212 3728 1351 3781 circa
1378 3743 1467 3780 au.
1502 3726 1629 3785 6'20,
1662 3736 1715 3778 ct
1743 3727 1828 3778 itt-

241 3799 432 3853 structi
460 3813 488 3849 a
520 3797 614 3851 SS.
652 3796 820 3864 Eligio
846 3806 899 3849 et
930 3797 1210 3861 Autberto,
1244 3814 1350 3860 quo
1374 3798 1623 3848 deluncto
1656 3796 1707 3848 in
1738 3812 1824 3850 se-

241 3869 365 3925 dem
410 3867 803 3936 episcopalem,
845 3865 1077 3923 scilzcet.
1123 3868 1527 3920 Atrebatensetn
1577 3865 1829 3921 suffectus

240 3949 348 3993 est.
389 3935 685 3991 Ecclesiatu
719 3935 811 3989 Dei
842 3936 1112 4003 genitricis
1143 3939 1544 3990 Atreliatensem
1577 3950 1641 3988 ex
1673 3939 1829 3990 rebus

242 4009 513 4077 propriis,
563 4023 662 4060 nua
714 4020 1008 4077 cumrege
1055 4006 1417 4069 Tlteodorico,
1466 4007 1831 4077 augmentavit

240 4079 406 4142 vittis,
433 4078 698 4140 ecclesiis,
729 4076 904 4138 terris,
933 4076 1275 4146 molendinis,
1307 4079 1531 4146 aliisque
1557 4076 1826 4130 ευὺμίάίἱε.

238 4147 297 4203 lu
332 4149 455 4203 villa
502 4148 795 4201 Ilunolcurt
834 4146 977 4199 sedis
1008 4144 1591 4209 Cameracensis,‘cum
1636 4149 1830 4212 pretio-

236 4219 459 4272 sissimo
494 4228 728 4286 martyre
768 4214 1078 4279 Lotnberto,
1112 4221 1491 4269 monasterium
1533 4217 1832 4270 construxit

240 4290 307 4341 ad
345 4287 559 4341 laudem
592 4287 681 4339 Dei
710 4297 762 4339 et
788 4287 1186 4338 venerationem
1219 4288 1276 4342 8.
1310 4288 1481 4350 Petri,
1516 4288 1690 4351 ibique
1720 4287 1830 4340 cle—

239 4358 381 4411 ricos
409 4366 466 4410 et
506 4357 936 4411 sanctimoniales
965 4356 1258 4408 constituit.
1303 4356 1542 4423 Migravit
1584 4358 1647 4406 ad
1675 4357 1831 4408 Chri-

238 4442 381 4480 Stttm
417 4428 469 4481 in
506 4427 763 4480 Bruxellis
790 4440 898 4479 sua:
926 4427 1173 4479 dimeesis
1202 4428 1499 4490 territorio;
1529 4437 1581 4479 et
1611 4426 1826 4492 sepeliri

1933 3252 2050 3290 eum
2094 3236 2151 3290 S.
2184 3234 2451 3305 Dionysio,
2483 3235 2569 3301 qui
2604 3249 2668 3287 eo
2708 3234 2823 3301 ipso
2853 3236 2938 3286 die
2970 3251 3127 3302 supra
3161 3248 3507 3292 memoratur.

1933 3309 2100 3359 Graeci
2141 3321 2267 3359 vero
2300 3304 2349 3358 xt
2390 3304 2558 3357 Martii
2591 3318 2713 3357 eum
2745 3306 2944 3357 Colunt.
2992 3307 3368 3360 I’ersecutione
3401 3309 3509 3360 An-

1935 3377 2100 3430 tonini
2135 3377 2286 3440 Veri,
2332 3376 2412 3428 vel
2464 3375 2650 3427 saltem
2705 3375 2877 3438 Decii,
2933 3385 3050 3442 post
3096 3377 3504 3444 insuperabileut

1933 3448 2337 3514 responsionum
2385 3446 2737 3497 constantiam
2788 3454 2841 3497 et
2887 3447 3189 3513 squalorem
3241 3446 3507 3507 carceris,

1933 3518 2021 3569 tibi
2050 3518 2245 3568 multos
2276 3514 2500 3568 fratrum
2536 3515 2601 3564 ad
2634 3515 2944 3582 martyrium
2978 3515 3088 3567 suis
3116 3516 3472 3568 exhortationi
3492 3545 3505 3555 -

1933 3586 2033 3638 bus
2065 3584 2334 3639 roboravit
2365 3603 2377 3636 :
2413 3582 2477 3636 ad
2509 3582 2751 3636 ultimum
2780 3583 3101 3637 cruciatibus
3132 3586 3311 3637 multis
3343 3599 3506 3637 vexa—

1932 3664 2039 3714 tus.
2083 3655 2249 3708 clavis
2289 3654 2551 3717 confixus,
2597 3662 2651 3705 et
2692 3653 2899 3706 ardenti
2949 3668 3078 3720 rogo
3118 3654 3511 3718 superpositus,

1930 3724 2143 3778 beatum
2192 3738 2287 3790 pro
2315 3724 2529 3776 Christo
2571 3724 2792 3777 sortitus
2834 3734 2917 3776 est
2965 3723 3142 3775 linem.
3190 3723 3335 3776 Passi
3385 3731 3510 3776 sunt

1930 3810 2050 3849 cum
2081 3808 2147 3847 eo
2173 3802 2226 3847 et
2256 3794 2342 3845 alii
2374 3793 2698 3862 quindecim.
2730 3793 2882 3845 Baeda
2913 3794 3079 3859 ναις..
3114 3794 3247 3855 Ado,
3285 3792 3502 3847 Notker.

2006 3862 2025 3903 ί
2072 3863 2381 3916 Innocentii.
2412 3864 2509 3928 Qui
2542 3862 2724 3914 habuit
2751 3863 2973 3916 comites
3002 3864 3292 3917 secundum
3324 3863 3508 3915 Hiero-

1933 3935 2079 4005 nymi
2111 3933 2543 4005 Martyrologium
2580 3932 2772 4005 Rasum
2801 3934 3105 4005 episcopum
3133 3943 3186 3986 et
3211 3932 3508 4005 .Iuliauum.

1932 4002 2007 4059 De
2052 4005 2134 4057 bis
2181 4002 2462 4073 Bollandus
2493 4004 2570 4056 sic
2598 4002 2784 4055 scribit
2817 4020 2829 4055 :
2870 4002 2966 4054 Hic
2983 4006 3099 4073 jam
3129 4015 3351 4056 movetur
3381 4004 3513 4070 (li/Ii-

1930 4076 2097 4128 cultas
2144 4076 2208 4128 de
2254 4072 2391 4127 hisce
2436 4075 2644 4136 sanctis,
2694 4075 2776 4124 ubi
2808 4072 2997 4142 ftltl’llll
3040 4077 3282 4142 ρρὶεοορὶ,
3317 4091 3376 4124 ac
3414 4090 3514 4140 quo

1930 4162 2109 4214 genere
2137 4147 2315 4197 mortis
2344 4144 2550 4196 sublati.
2577 4142 2782 4197 Scimus
2809 4143 2869 4195 S.
2901 4141 3255 4214 Innocentium
3288 4160 3318 4195 α
3352 4155 3514 4207 poste.

1930 4211 2149 4268 rioribus
2175 4215 2421 4266 creditum
2452 4214 2605 4279 fuisse
2631 4214 2919 4279 pontificem
2948 4211 3237 4263 Romanum
3259 4255 3271 4273 ,
3320 4223 3365 4265 et
3392 4228 3509 4263 era—

1929 4303 2042 4339 snm
2074 4286 2131 4340 S.
2168 4284 2379 4336 Rasum.
2426 4283 2666 4336 Mortuus
2688 4294 2760 4334 est
2803 4282 3127 4335 Innocentius
3152 4284 3345 4351 primus
3373 4297 3512 4335 anno

1930 4358 2055 4420 417,
2097 4357 2179 4409 die
2217 4369 2380 4408 xxvnt
2427 4354 2581 4408 Julii.
2630 4351 2758 4422 Ejus
2804 4368 2984 4421 corpus
3028 4353 3329 4422 translatum
3370 4361 3441 4422 est
3481 4369 3512 4403 a

1933 4428 2113 4494 Sergio
2142 4425 2200 4479 ll
2234 4426 2491 4490 pontiﬁce,
2519 4425 2604 4491 qui
2635 4420 2830 4476 creatus
2855 4420 2927 4474 εει
2953 4439 3084 4475 anno
3111 4420 3236 4474 8H.
3260 4449 3330 4494 έ-
3358 4420 3510 4494 Nihil

239 4498 408 4570 elegit
429 4498 490 4570 in
522 4507 701 4570 monte
826 4496 999 4570 Eligti,
1032 4510 1097 4549 eo
1125 4498 1277 4570 quod
1298 4498 1355 4570 ll.
1386 4497 1604 4570 Eligius,
1636 4496 1718 4570 cui
1751 4492 1831 4546 fa-
1862 4516 1905 4570 D
1934 4492 2071 4570 certi,
2097 4512 2364 4563 possumus
2395 4497 2723 4570 concludere,
2750 4494 3040 4570 inducimur
3079 4502 3245 4570 tamen
3286 4492 3510 4570 inn/mna

238 4568 438 4621 miliari
470 4583 565 4620 usu
592 4567 888 4618 dileCtionis
916 4566 1221 4628 ittltmserat,
1248 4566 1317 4618 ibi
1343 4566 1682 4620 habitationis
1714 4581 1825 4621 sua:

237 4638 444 4692 fecerat
474 4638 851 4690 tlivt-rsorium.
880 4636 971 4687 Est
990 4638 1221 4699 abhatia,
1248 4636 1451 4689 distans
1482 4637 1626 4688 horae
1655 4638 1827 4703 spzitio

237 4710 310 4760 ab
337 4708 620 4766 Atrebato,
650 4706 701 4759 in
733 4721 832 4774 qua
860 4708 1092 4758 elevatus
1116 4716 1197 4757 est
1224 4721 1317 4772 per
1346 4708 1650 4759 l’ulliertuttt
1684 4707 1830 4758 deci-

236 4793 391 4832 mum
415 4777 655 4845 quintum
685 4779 732 4828 in
759 4776 1032 4842 episcopio
1059 4791 1445 4828 successorem.
1476 4777 1737 4836 Molanus,
1763 4776 1829 4829 de

235 4849 446 4902 sanctis
469 4847 650 4915 Belgii.
673 4845 885 4901 Sedisse
908 4861 1027 4899 eum
1052 4847 1205 4899 anuis
1228 4860 1319 4897 sex
1345 4856 1399 4897 et
1417 4846 1648 4914 triginta,
1671 4858 1827 4913 atque

237 4932 273 4974 e
303 4922 413 4971 vita
471 4916 785 4970 discessisse
824 4932 963 4968 anno
993 4916 1116 4975 712.
1167 4916 1325 4968 tradit
1368 4918 1730 4972 (lolveuerius.
1776 4917 1827 4968 in

236 4992 386 5041 notis
413 4988 480 5041 ad
508 4994 668 5055 caput
695 4988 764 5038 26
792 4986 884 5039 lib.
916 5001 930 5037 ι
963 4986 1212 5038 ()ltronici
1243 4986 1502 5042 Balderici
1532 4988 1599 5039 de
1622 4987 1831 5055 episco-

240 5060 330 5128 pis
356 5058 832 5128 Cameracensilius
861 5065 915 5109 et
942 5056 1403 5128 Atrebatensibus.

316 5130 344 5170 ἀ
380 5127 639 5197 Gregorii.
673 5127 747 5180 De
772 5127 873 5178 hoc
898 5140 1202 5179 sermonem
1247 5126 1487 5180 latiorem
1523 5126 1675 5180 Baeda
1707 5126 1833 5180 facit

238 5200 295 5255 in
329 5199 467 5253 Ilist.
514 5198 684 5259 Eccl.,
716 5212 787 5261 tt,
818 5198 871 5259 1,
910 5199 994 5249 ubi
1025 5198 1183 5248 etiam
1218 5197 1399 5249 videas
1428 5211 1531 5265 qua
1574 5213 1636 5249 ex
1668 5210 1827 5249 causa

236 5268 549 5323 admonitus
571 5278 673 5320 tam
695 5270 935 5321 sedulam
957 5282 1081 5333 erga
1102 5267 1326 5318 salutem
1353 5267 1830 5334 Allglll-SIXilﬂlCiB

278 5342 423 5393 entis
460 5352 643 5392 curam
688 5337 935 5407 gesserit.
985 5337 1051 5390 Et
1090 5352 1119 5407 a
1167 5337 1341 5403 capite
1388 5336 1461 5389 25
1508 5338 1628 5389 libri
1675 5336 1826 5404 pritui

307 5412 389 5463 :cl.
423 5409 557 5463 I‘Iist.
584 5423 752 5474 usque
776 5407 841 5460 ad
866 5415 1026 5475 caput
1048 5406 1290 5459 ultimum
1320 5408 1496 5475 legere
1520 5417 1603 5461 est
1625 5416 1825 5474 quanta

236 5480 508 5536 industria
556 5489 608 5532 et
652 5478 844 5546 quibus
885 5477 1149 5531 methodis
1178 5479 1503 5543 Augustinus
1543 5478 1609 5529 ad
1654 5491 1751 5529 nos
1796 5490 1827 5529 a

235 5552 304 5608 S.
340 5548 601 5617 Gregorio
627 5550 820 5601 missus
851 5549 1145 5615 apostolus,
1179 5549 1415 5601 nostram
1452 5548 1588 5600 hanc
1615 5558 1827 5609 gentem

235 5624 512 5677 convertit
540 5620 603 5671 ad
639 5619 817 5673 tidem.
849 5617 1126 5672 Ordinatio
1155 5618 1311 5685 hujus
1338 5618 1638 5672 celebratur
1665 5618 1825 5676 tnl'ra.

238 5707 367 5748 nix
403 5689 594 5743 Martii.

322 5767 344 5792 θ
384 5759 562 5816 l’ioni.
594 5760 708 5814 Non
734 5758 1087 5824 Nicomediat,
1123 5758 1216 5814 sed
1240 5758 1481 5827 Smyrnae
1506 5756 1668 5827 passi.
1704 5756 1827 5811 0m-

1934 4560 2245 4637 0pinionem,
2270 4567 2407 4633 quod
2435 4567 2488 4618 lti
2517 4567 2617 4617 duo
2642 4564 2865 4637 episcopi
2890 4562 3217 4637 Innocentius
3253 4570 3300 4613 ct
3344 4560 3512 4637 Rnsus

1930 4633 2149 4691 vixerint
2176 4647 2399 4700 tempore
2429 4636 2793 4705 persecutionis
2811 4673 2826 4698 ,
2864 4643 2910 4684 et
2935 4633 3390 4705 alit-indeflomam
3418 4635 3512 4681 ad-

1930 4711 2175 4769 venerint,
2206 4709 2372 4773 illique
2402 4702 2491 4757 aut
2520 4718 2692 4757 sancte
2716 4706 2766 4755 in
2796 4719 2919 4770 pace
2945 4702 3241 4769 quieverint,
3264 4712 3351 4753 aut
3378 4716 3511 4773 mar-7

1934 4782 2066 4845 tyrio
2096 4780 2243 4829 etiam
2272 4771 2372 4827 sint
2401 4776 2653 4838 coronati,
2686 4784 2771 4824 aut
2799 4774 2976 4824 saltem
3004 4785 3221 4845 corpora
3250 4787 3441 4845 eorum,
3466 4771 3512 4823 si

1932 4842 2054 4900 alibi
2074 4849 2174 4899 sint
2200 4847 2353 4912 passi,
2385 4844 2596 4896 Romam
2623 4846 2788 4898 delata
2819 4852 2936 4893 tunc
2967 4853 3028 4912 et_
3041 4843 3267 4912 dcposita
3294 4842 3506 4908 fuerint.

2005 4926 2031 4963 ε
2074 4910 2348 4984 Eufrusiw.
2395 4914 2541 4966 Filia:
2582 4915 2829 4981 Antigoni
2855 4912 2956 4984 viri
2999 4910 3261 4965 Senatorii
3304 4912 3513 4984 ctii'lu-

1933 4980 2271 5055 prasinusub
2288 4985 2590 5037 Theodosio
2614 4980 2764 5050 imp.,
2786 4980 2935 5055 cujus
2957 4992 3071 5033 erat
3092 4983 3509 5055 consﬁtnguitiea;

1934 5050 2151 5111 inortuo
2181 5066 2356 5108 autem
2392 5056 2676 5122 Antigono,
2710 5064 2878 5104 mater
2912 5054 3173 5122 Eupraxia
3205 5050 3510 5104 Theodosio

1933 5128 2077 5181 illam
2116 5120 2538 5189 commendavit,
2579 5126 2663 5192 qui
2706 5123 2973 5177 senatorio
3011 5120 3219 5175 cuidam
3264 5122 3511 5192 virode-

1931 5197 2165 5261 spondit.
2203 5196 2289 5247 Illa
2324 5210 2450 5247 Vt‘l‘D
2481 5191 2759 5246 disci-dens
2788 5208 2908 5245 cum
2953 5205 3155 5253 matre,
3198 5200 3253 5245 et
3283 5192 3331 5244 iu
3364 5191 3507 5243 The-

1932 5268 2139 5321 baidem
2186 5265 2398 5333 Aigypti
2448 5265 2702 5331 profecta,
2748 5263 2798 5315 in
2846 5264 3223 5315 monasterium
3270 5264 3505 5329 ingressa

1932 5348 2014 5391 est
2060 5338 2110 5390 in
2161 5352 2267 5403 quo
2306 5344 2458 5388 erant
2499 5333 2758 5397 virgines;
2810 5342 2924 5387 erat
2965 5344 3140 5385 autem
3190 5345 3313 5385 tunc
3362 5336 3508 5399 virgo

1930 5408 2199 5460 sexdecim
2248 5420 2529 5458 annorum.
2581 5403 2801 5471 Pmpter
2854 5404 3205 5458 excellentem
3258 5406 3507 5454 virtutem

1931 5480 2083 5531 beata
2134 5476 2372 5531 Euri-asia
2424 5474 2793 5526 miraculorum
2843 5476 3065 5543 gratiam
3114 5471 3351 5543 accepit,
3402 5484 3508 5536 qua

1932 5550 2128 5601 multos
2158 5562 2185 5598 a
2218 5547 2374 5599 variis
2403 5544 2744 5613 languoribus
2776 5542 3038 5607 liberavit,
3068 5553 3120 5595 ct
3148 5543 3256 5609 ipsa
3291 5542 3500 5613 beatum

1934 5619 2095 5671 linem
2138 5626 2377 5671 assecuta
2407 5610 2516 5679 est,
2554 5614 2761 5681 triginta
2804 5628 2973 5665 annos
3003 5622 3143 5666 nata.
3187 5614 3317 5666 Acta
3363 5610 3507 5679 apud

1936 5688 2175 5744 Bolland.
2210 5687 2256 5744 A
2282 5686 2482 5741 Grmcis
2508 5684 2698 5740 Colitur
2729 5700 2829 5739 xxv
2856 5682 2999 5739 Julii.
