3990 6196
1216 328 1417 385 BEDE
1460 322 1906 383 VENERABILIS
1942 323 2092 379 OPP.
2135 324 2308 379 PARS
2344 323 2428 377 IV.
2468 352 2541 365 —
2577 320 2956 377 lllSTORlCA.

3616 318 3725 375 εσυ

1739 436 1962 491 EDITIO
1999 415 2450 489 COLONIENSIS.

476 536 795 597 Theodorze,
818 534 1230 607 Nymphodorus,
1250 533 1455 595 Marem,
1478 530 1717 594 Arabiae,
1739 529 1830 599 qui
1856 542 2045 582 omnes
2072 532 2116 586 A
2150 542 2456 594 percussum
2493 540 2749 595 corporea
2779 527 3043 594 e-ecitate,
3073 534 3192 596 post
3221 527 3533 597 martyrium
3559 543 3719 583 suum

483 631 590 698 igni
623 629 798 682 traditi
827 638 969 683 sunt.
1001 624 1123 681 Julii
1152 625 1383 694 episcopi
1416 623 1776 679 Alexandriae.

548 722 611 775 C.
652 721 801 776 Pam.
849 720 966 774 Inus
1017 719 1233 776 MART".
1264 746 1335 759 -—
1375 716 1553 769 Romae
1596 715 1769 767 natale
1813 712 2043 782 quadra-

480 810 621 877 ginta
657 822 858 877 septem
896 818 1214 879 martyrum,
1256 805 1344 876 qui
1385 804 1633 872 baptizati
1666 814 1788 857 sunt
1825 818 1852 854 a
1883 803 2042 856 Petro

481 900 741 965 apostolo,
783 913 901 951 cum
948 906 1215 951 teneretur
1240 896 1378 949 idem
1409 896 1678 961 apostolus
1719 894 1771 948 in
1800 893 2042 948 custodia

481 989 742 1053 Mamerti,
760 1004 876 1042 cum
891 988 1196 1057 coapostolo
1213 1002 1309 1042 suo
1323 983 1504 1051 Pauio,
1520 987 1603 1040 ubi
1624 1000 1810 1041 novem
1831 998 2041 1038 menses

479 1078 679 1132 detenti
726 1086 874 1141 sunt;
916 1078 1005 1146 qui
1037 1092 1223 1132 omnes
1255 1078 1355 1131 sub
1383 1076 1721 1132 devotissima
1764 1076 1883 1130 ﬁdei
1914 1090 2043 1131 con-

480 1165 712 1220 fessione
728 1166 1029 1221 Neroniano
1049 1168 1222 1236 gladio
1244 1167 1544 1237 consumpti
1567 1178 1709 1221 sunt.
1738 1167 1792 1219 lu
1821 1166 2044 1221 Cartha-

484 1255 607 1325 gine
652 1266 951 1311 sanctorum
997 1257 1210 1321 Donati,
1246 1257 1469 1323 Ell'rosi,
1504 1257 1762 1311 Frumini.
1795 1256 1851 1311 In
1880 1256 2041 1311 Nico-

480 1346 652 1399 media
685 1348 860 1401 natale
891 1346 1199 1402 Felicissimi
1228 1357 1281 1400 et
1313 1348 1603 1402 Frontinaz.

551 1438 612 1491 D.
658 1438 773 1491 lous
816 1438 1031 1492 Mumt.
1078 1467 1148 1479 —
1192 1438 1247 1492 ln
1279 1437 1610 1507 Cappadocia
1649 1438 1826 1506 passio
1874 1437 2042 1491 sancti

479 1525 701 1596 Longini
752 1530 1017 1597 martyris,
1061 1528 1126 1582 de
1180 1542 1286 1597 quo
1335 1534 1386 1581 in
1430 1526 1606 1581 libello
1646 1527 1886 1595 martyrii
1931 1526 2046 1594 ejus

478 1626 743 1683 narratur,
792 1617 930 1685 quod
970 1617 1252 1686 aliquando
1297 1618 1531 1671 militans
1577 1616 1677 1670 sub
1729 1616 2047 1671 centurione

479 1703 741 1771 Romano,
775 1707 826 1761 in
869 1706 1111 1776 passione
1144 1706 1347 1761 Domini
1393 1707 1525 1760 latus
1565 1706 1683 1774 ejus
1711 1720 1830 1759 cum
1864 1705 2045 1759 lancea

480 1798 532 1850 in
573 1812 728 1853 cruce
781 1799 1090 1866 aperuerit,
1136 1807 1191 1851 et
1228 1800 1341 1851 viso
1389 1807 1543 1851 terra:
1575 1806 1719 1851 motu
1774 1805 1829 1851 et
1883 1797 2047 1866 signis

2142 615 2481 670 illuminavit.
2528 617 2679 683 Apud
2726 616 3155 672 Thessalonicam
3208 620 3486 674 civitatem
3539 621 3715 675 natale

2143 716 2341 761 sancta:
2373 706 2627 761 Matrona:
2673 726 2685 760 :
2727 723 2845 776 quae
2872 722 2992 762 cum
3018 718 3166 763 esset
3202 709 3393 764 ancilla
3435 710 3709 776 cujusdam

2145 799 2367 865 Jndtnai,
2413 813 2465 853 et
2513 800 2718 854 occulte
2746 800 3015 854 Christum
3052 802 3254 864 colens,
3297 801 3632 869 deprehensa
3683 818 3710 853 a

2142 888 2356 945 domina
2384 907 2502 956 sua,
2532 899 2586 945 et
2610 906 2777 960 usque
2798 892 2864 946 ad
2888 903 3116 948 mortem
3144 908 3303 959 ctesa,
3338 894 3713 962 incorruptum

2141 981 2383 1049 spiritum
2412 980 2662 1035 reddidit.

2213 1073 2274 1127 E.
2294 1071 2452 1127 XVII.
2476 1072 2609 1129 ΚΜ..
2632 1074 2886 1129 Arma.—
2904 1075 3084 1129 Romae
3100 1075 3272 1132 natale
3285 1078 3452 1132 sancti
3475 1078 3709 1147 Cyriari,

2143 1163 2231 1233 qui
2275 1172 2392 1229 post
2433 1164 2642 1235 longam
2673 1167 2903 1220 carceris
2944 1170 3373 1232 macerationem,
3411 1185 3566 1239 quam
3608 1172 3714 1225 sub

2142 1253 2460 1307 Maximiano
2492 1257 2735 1321 pertulit,
2769 1271 2889 1310 cum
2928 1255 3124 1312 Sisinio
3153 1257 3480 1314 condiacmio
3518 1275 3618 1314 suo
3656 1271 3713 1315 et

2142 1344 2434 1414 Smaragdo
2453 1357 2504 1399 et
2521 1346 2708 1414 Largo,
2740 1355 2859 1413 post
2881 1346 3039 1401 multa
3060 1345 3196 1401 facta
3215 1349 3488 1411 miracula,
3517 1349 3568 1401 in
3591 1349 3711 1418 qui-

2145 1433 2245 1488 bus
2277 1436 2435 1487 etiam
2459 1434 2616 1488 tiliam
2636 1436 2943 1490 Diocletiani
2972 1437 3263 1491 Artemium
3292 1438 3455 1503 ipsius
3474 1449 3660 1507 rogatu
3684 1454 3713 1492 a

2144 1522 2410 1578 daemonio
2438 1525 2640 1578 curavit
2660 1539 2721 1577 ac
2748 1524 3033 1591 baptizavit
3066 1542 3078 1577 :
3106 1525 3268 1579 tiliam
3290 1540 3498 1594 quoque
3528 1526 3707 1592 Sapo-

2146 1612 2220 1667 ris
2251 1613 2388 1683 regis
2417 1614 2701 1669 Persarum
2730 1615 2958 1680 Jobiam,
2991 1616 3182 1669 missus
3212 1617 3299 1669 illo
3320 1630 3351 1669 a
3379 1615 3710 1670 Diocletiano

2145 1717 2243 1774 pro
2268 1703 2369 1757 hoc
2390 1718 2541 1774 atque
2569 1720 2598 1758 a
2628 1704 2891 1760 daemonio
2918 1705 3160 1760 liberavit
3187 1720 3250 1760 ac
3279 1704 3564 1774 baptizavit
3586 1720 3713 1762 cum

2150 1797 2264 1864 ipso
2312 1812 2435 1867 rege
2463 1806 2519 1853 et
2546 1800 2662 1853 aliis
2688 1799 3089 1871 quadringentis
3130 1800 3341 1870 triginta
3375 1818 3388 1855 :
3419 1811 3473 1856 et
3500 1802 3717 1857 rediens

478 1903 595 1955 qua:
634 1864 828 1942 ﬁebant
852 1931 868 1955 ,
920 1864 1204 1941 crediderit
1231 1889 1281 1941 in
1307 1888 1576 1941 Christum
1613 1928 1628 1952 ,
1673 1864 2040 1957 pmnitcntiatn
2076 1864 2119 1925 Β
2148 1864 2523 1958 Romam—post
2568 1864 2791 1945 mortem
2845 1864 3175 1959 Diocletiani,
3201 1864 3392 1946 Vtentus
3445 1900 3529 1948 est
3571 1893 3712 1945 inter

478 1991 640 2043 agens
688 1977 754 2031 de
801 1979 1050 2045 operibus
1082 1978 1347 2045 pristinis;
1390 1988 1569 2046 postea
1625 1981 1921 2035 monachus
1949 1980 2037 2033 fa-

479 2078 627 2132 ctus,
659 2082 753 2136 per
782 2068 996 2138 triginta
1028 2076 1080 2122 et
1128 2079 1249 2122 octo
1275 2083 1441 2123 annos
1467 2067 1677 2124 Christo
1700 2067 2042 2135 militaverit,

481 2158 673 2213 multos
699 2172 1014 2214 convertens
1045 2161 1109 2213 ad
1138 2160 1290 2214 ﬁdem
1320 2160 1412 2216 Dei
1443 2178 1457 2215 :
1493 2161 1556 2215 ad
1583 2171 1886 2216 extremum
1916 2178 2046 2218 vero

480 2251 789 2321 martyrium
820 2254 1098 2322 complevit
1126 2255 1175 2308 iu
1199 2255 1531 2324 Cappadocia
1555 2257 1654 2311 sub
1676 2256 1894 2311 Octavio
1919 2274 2047 2325 prte-

479 2340 613 2409 side,
646 2357 801 2412 quem
827 2353 1038 2412 propter
1065 2343 1427 2399 inﬁdelitatem
1459 2360 1607 2400 suam
1636 2344 1818 2399 divino
1842 2345 2041 2412 iudicio

2146 1982 2281 2036 alios
2306 1981 2638 2036 Christianos
2659 1998 2687 2035 a
2717 1983 2825 2036 lilio
2844 1982 2960 2051 ejus
2985 1983 3319 2050 Maximiano,
3359 1993 3413 2037 et
3440 1986 3490 2036 in
3521 1996 3706 2037 custo-

2146 2072 2287 2127 diam
2334 2072 2551 2139 missus,
2600 2088 2665 2127 eo
2707 2073 2847 2143 quod
2887 2088 3125 2128 sororem
3163 2089 3313 2128 suam
3353 2073 3711 2129 Christianam

2149 2161 2378 2220 fecisset.
2437 2164 2635 2221 Deinde
2665 2166 2932 2235 pra-cepit,
2961 2174 3020 2219 ut
3064 2166 3186 2220 inde
3223 2167 3308 2220 die
3346 2167 3711 2234 processionis

2149 2240 2263 2314 sua:
2300 2260 2471 2313 nudus
2505 2261 2708 2314 catenis
2735 2260 3016 2329 obligatus,
3049 2268 3170 2312 ante
3201 2259 3419 2313 rhedam
3460 2260 3578 2326 ejus
3603 2270 3713 2311 tra—

2149 2348 2385 2403 heretnr.
2420 2349 2484 2403 Et
2513 2361 2632 2419 post
2661 2352 2761 2404 hoc
2786 2349 3007 2405 eductus
3038 2350 3103 2404 de
3126 2364 3363 2415 carcere,
3393 2363 3512 2403 cum
3547 2349 3715 2401 ‘sociis

1710 2436 1933 2491 EDITIO
1972 2436 2474 2495 BOLLANDIANA.

552 2528 636 2581 Μ.
667 2555 735 2566 -
764 2526 807 2580 11
838 2525 910 2580 la.
947 2526 1105 2580 Vacat
1137 2525 1310 2579 Baeda.

552 2620 637 2683 D.,
671 2618 850 2670 Romae
878 2628 1164 2687 martyrum
1192 2613 1535 2683 quadraginta
1567 2622 1769 2687 septem
1797 2615 2039 2687 _mili_tnm

479 2705 509 2744 a
544 2691 599 2740 lt.
642 2690 795 2740 Petro
825 2682 1064 2753 apostolo
1088 2694 1113 2721 ⁸
1154 2682 1551 2752 baptizaturum.
1578 2684 1651 2753 Υ.
1680 2682 1763 2747 C.,
1795 2683 1849 2737 In
1891 2685 2047 2739 Nico-

483 2759 649 2812 media
682 2756 1020 2815 Felicissimi,
1057 2756 1242 2827 Dativi,
1278 2755 1542 2827 Frontina:
1575 2752 1685 2825 [B.,
1718 2754 2040 2827 Frontianaz]

484 2826 681 2882 Pionis.
727 2826 829 2879 Sed
875 2836 1169 2891 postremos
1213 2826 1345 2876 duos
1387 2825 1444 2877 C.
1490 2824 1752 2877 connectit
1792 2824 2039 2880 Modestaé

482 2898 566 2950 die
597 2897 932 2966 praecedenti.
966 2898 1028 2966 A_.
1060 2893 1231 2966 '_l'.,_ln
1260 2894 1571 2966 Alexandria
1605 2894 1779 2966 passio
1808 2894 1866 2966 S.
1899 2895 2037 2949 Petri

484 2962 752 3037 martyris.
796 2962 946 3037 ᾖ..)
974 2963 1197 3037 Eufrosii
1224 2974 1277 3018 et
1305 2963 1593 3037 Frunimij.
1614 2967 1679 3017 Et
1792 2974 1817 3002 ο
1847 2965 2040 3037 Leonis

484 3033 651 3108 papae}
681 3036 767 3108 11,
796 3034 1261 3108 lnﬂTliessalonica
1297 3034 1500 3108 natalis
1527 3035 1625 3090 SS.
1658 3033 1942 3108 Alexandri
1969 3043 2042 3108 et
2065 3043 2114 3108 ο

486 3103 729 3168 Etifrusii,
764 3116 815 3160 et
841 3106 895 3159 8.
934 3103 1207 3158 Fruniniii.
1244 3103 1327 3166 L.,
1357 3103 1409 3157 In
1442 3103 1756 3157 Alexandria
1788 3104 1885 3159 SS.
1922 3105 2045 3158 Ale-

482 3178 664 3229 x:mdri
720 3186 771 3228 et
827 3174 1077 3227 Eufrasii.
1136 3173 1217 3237 B.,
1264 3174 1403 3241 quod
1460 3174 1733 3240 hucusque
1790 3174 2045 3228 habemus

482 3246 790 3308 ampliatum
822 3243 912 3296 :ln
964 3243 1138 3298 Africa
1186 3241 1493 3309 Alexandri,
1546 3243 1714 3298 Petri.
1764 3245 2048 3299 Antiochia

484 3319 509 3357 ὁ
538 3315 789 3368 Nitnedia:
836 3313 1032 3367 Pionis.

554 3422 641 3478 15.
670 3454 740 3465 -
769 3423 957 3475 Iolaus.
990 3421 1148 3475 Vacat
1178 3421 1352 3476 Bmda.

555 3514 643 3586 D_.,
686 3513 1064 3586 Thessalonica
1106 3514 1638 3586 {hlatronmancillte
1673 3524 1730 3586 et
1759 3516 2045 3586 imartyris.

485 3584 544 3640 Β.
573 3584 659 3651 C.,
693 3584 744 3636 In
773 3583 1099 3650 Cappadocia
1128 3583 1185 3636 S.
1223 3580 1242 3619 τ
1279 3584 1518 3650 Lungini.
1572 3587 1625 3638 Β.
1658 3584 1718 3637 C.
1757 3585 1839 3649 V.,
1876 3580 1933 3636 1ιῖ
1959 3586 2049 3638 Ni-

483 3657 717 3708 comedia
760 3652 886 3707 Luci
915 3653 1167 3722 episcOpi.
1203 3653 1266 3708 V.
1296 3653 1381 3717 (3.,
1414 3656 1730 3722 Carthagine
1772 3655 1831 3709 S.
1860 3655 2045 3709 Jacobi

487 3725 664 3777 fratris
715 3724 937 3776 Domini.
997 3725 1079 3787 Β..
1129 3724 1447 3791 Carthagine
1500 3725 1681 3784 Pauli,
1734 3724 2046 3789 Salvatoris,

489 3794 804 3856 Alexandri,
850 3793 1157 3862 Theophili,
1200 3793 1415 3855 Octavi,
1449 3793 1721 3847 Theodoli.
1768 3797 1829 3847 A.
1864 3794 1924 3847 Τ.
1959 3794 2046 3858 1,..

484 3864 815 3930 Jerosolyma
857 3865 1025 3915 natale
1066 3863 1160 3917 SS.
1196 3874 1220 3909 ις
1262 3864 1445 3917 Jacobi
1475 3864 1696 3930 apostoli
1735 3875 1787 3918 et
1825 3863 1851 3899 h
1893 3863 2048 3917 Lucan

491 3936 848 3999 evangelistge.
878 3931 931 3983 lit
960 3932 1261 3985 Nicomedia
1293 3934 1480 3985 natalis
1505 3936 1558 3986 8.
1585 3933 1707 3986 Luci
1737 3934 1967 3997 episc0pi
1996 3943 2049 3987 et

490 3998 755 4068 martyris.
783 3998 837 4052 ln
869 4004 931 4053 A.
965 4004 1242 4054 recentiori
1275 4016 1428 4055 manu
1458 4012 1749 4057 correctum
1780 4003 2049 4057 eratzLu-

486 4071 642 4123 ciani.
669 4068 755 4125 C..
777 4069 841 4121 Et
870 4071 1043 4125 vigilia
1073 4070 1128 4123 S.
1167 4069 1182 4107 ί
1215 4071 1438 4125 Cvriaci.

521 4085 642 4122 tam.
669 4085 755 4133 la},
777 4085 841 4121 ιιι
870 4085 1043 4137 vrgina
1073 4085 1128 4123 δ.
1167 4085 1182 4107 λ
1215 4085 1438 4140 υγιτιθοι.

558 4162 644 4217 16.
673 4192 741 4202 -
769 4161 907 4217 XVII
958 4161 1091 4217 KAL.
1127 4167 1258 4218 Aen.
1293 4162 1473 4218 Roma:
1500 4166 1688 4221 natalis
1729 4165 1787 4220 8.
1818 4163 2046 4235 Cyriaci,

486 4255 574 4323 qni
617 4265 731 4323 post
757 4257 981 4326 longam
1013 4261 1243 4312 carceris
1282 4258 1722 4323 macerationem,
1753 4274 1910 4328 quam
1950 4261 2048 4314 sub

488 4346 801 4401 Maximiano
854 4350 1086 4419 pertulit,
1141 4364 1262 4404 cum
1307 4350 1539 4405 Sisinnio
1582 4351 1808 4407 diacono
1851 4367 1948 4405 suo
1994 4361 2048 4407 et

2151 2530 2437 2597 Smaragdo
2481 2539 2534 2585 et
2575 2530 2766 2601 Largo,
2813 2540 2928 2599 post
2968 2532 3130 2585 multa
3174 2531 3305 2584 facta
3352 2531 3622 2594 miracula,
3660 2534 3711 2584 in

2146 2623 2341 2691 quibus
2379 2621 2539 2675 tiliam
2587 2623 2891 2677 Diocletiani
2939 2622 3226 2677 Artemium
3271 2622 3431 2689 ipsius
3473 2633 3653 2690 rogatu
3683 2639 3712 2675 a

2146 2711 2409 2766 daemonio
2436 2712 2637 2765 curavit
2672 2722 2726 2766 et
2767 2711 3049 2779 baptizavit
3076 2709 3379 2780 (ﬂuctuque
3409 2709 3522 2779 A.),
3554 2711 3711 2763 tiliam

2144 2815 2355 2870 quoque
2383 2801 2598 2869 Saporis
2625 2801 2764 2871 regis
2794 2801 3071 2855 Persarum
3099 2799 3301 2855 Jobiam
3320 2838 3336 2861 ,
3369 2801 3559 2853 missus
3590 2801 3716 2855 illuc

2144 2904 2173 2942 a
2204 2889 2529 2945 Diocletiano
2560 2904 2655 2957 pro
2682 2891 2801 2955 hoc,
2833 2904 2983 2958 teque
3021 2904 3049 2942 a
3092 2889 3354 2942 dicmonio
3383 2889 3626 2943 liberavit
3652 2904 3716 2944 ac

2146 2982 2447 3053 baptizavit,
2480 2997 2597 3037 cum
2641 2982 2756 3051 ipso
2794 2997 2919 3052 rege
2953 2993 3005 3035 et
3030 2983 3147 3035 aliis
3183 2982 3581 3052 quadringentis
3623 2982 3715 3035 tri-

2146 3075 2288 3142 ginta
2320 3073 2618 3143 (Hucusquc
2641 3073 2699 3128 S.
2722 3072 2948 3142 Cyriaci,
2966 3082 3014 3127 et
3036 3074 3202 3140 deﬁci:
3230 3088 3385 3143 usque
3413 3087 3539 3128 xvnt
3562 3071 3713 3140 Julii)

2149 3164 2358 3219 rediens
2388 3163 2609 3218 Romam
2640 3175 2757 3231 post
2796 3170 3020 3217 mortem
3054 3162 3398 3229 Diocletiani,
3429 3172 3604 3217 tentus
3632 3173 3716 3217 est

2147 3256 2288 3310 inter
2314 3256 2447 3311 alios
2470 3255 2800 3311 Christianos
2840 3270 2868 3309 a
2897 3255 3005 3309 lilio
3030 3255 3146 3324 ejus
3186 3256 3529 3321 Maximiano,
3569 3267 3625 3312 et
3664 3257 3717 3311 in

2147 3346 2438 3401 custodiam
2482 3348 2697 3413 missus,
2729 3360 2794 3400 eo
2821 3347 2962 3416 quod
3005 3360 3241 3401 sororem
3284 3362 3433 3400 suam
3459 3346 3717 3401 Christia—

2148 3452 2269 3490 nam
2318 3437 2547 3493 fecisset.
2592 3436 2791 3492 Deinde
2837 3438 3087 3506 prmcepit
3131 3448 3185 3491 ut
3229 3437 3314 3492 die
3362 3439 3717 3503 processionis

2148 3542 2258 3581 sua:
2288 3530 2480 3595 nudus,
2511 3529 2713 3582 catenis
2744 3528 3025 3598 obligatus,
3062 3537 3183 3584 ante
3212 3528 3433 3583 rhedam
3461 3529 3578 3598 ejus
3611 3539 3715 3584 tra-

2149 3618 2396 3685 heretur;
2426 3630 2480 3674 et
2509 3629 2624 3688 post
2652 3621 2764 3675 hch
2791 3620 3010 3674 eductus
3039 3628 3120 3675 est
3144 3636 3172 3674 e
3200 3635 3442 3687 carcere,
3472 3636 3592 3675 cum
3626 3638 3713 3675 so-

2148 3713 2245 3766 ciis
2276 3711 2446 3780 Largo
2487 3720 2543 3765 et
2579 3711 2869 3781 Smaragdo
2895 3720 2947 3765 et
2975 3712 3370 3778 Cresceniiauo,
3401 3726 3493 3779 per
3522 3712 3715 3779 Carpa-

2149 3810 2283 3863 sium
2310 3808 2560 3861 vicarium
2581 3847 2597 3872 ,
2638 3816 2689 3861 et
2718 3807 2834 3875 pice
2858 3806 3080 3875 cliquata
3109 3815 3264 3873 caput
3289 3805 3402 3873 ejus
3446 3804 3716 3873 perfusum

2148 3908 2252 3955 est.
2304 3900 2484 3953 Denuo
2509 3898 2574 3952 de
2606 3912 2818 3952 carcere
2860 3897 2912 3949 in
2942 3906 3139 3951 catasta
3168 3905 3431 3961 extentus,
3458 3904 3716 3947 attractus

2150 3989 2347 4051 nervis,
2383 3997 2445 4043 et
2484 3986 2708 4041 fustibus
2753 3999 2942 4050 caesus,
2990 3994 3106 4053 post
3152 3984 3248 4039 hoc
3283 3984 3502 4053 jubente
3552 3985 3718 4037 Maxi-

2151 4077 2329 4131 miano
2358 4079 2532 4145 capite
2562 4084 2833 4130 truncatus
2859 4084 2970 4139 est,
2998 4090 3115 4131 cum
3148 4073 3318 4144 Largo
3347 4084 3400 4129 et
3426 4074 3718 4143 Smaragdo

2150 4177 2203 4224 et
2226 4168 2346 4221 aliis
2367 4168 2571 4236 viginti.
2598 4167 2938 4235 Scriptum'in
2964 4168 3126 4236 gestis
3149 4166 3377 4222 Marcelli
3406 4180 3573 4233 papa.
3601 4165 3716 4233 Ipso

2150 4268 2393 4327 tempore
2413 4256 2761 4314 Maximianus
2789 4256 3051 4313 interiecit
3076 4272 3319 4313 sororem
3348 4271 3495 4311 suam
3522 4257 3715 4311 Arthe-

2152 4367 2331 4405 tinam.

1850 4442 2055 4497 SMITH
2095 4441 2319 4496 NOTAE.

558 4537 583 4565 ἰ
625 4527 1025 4597 Baptizatorum.
1054 4529 1183 4584 Cum
1203 4569 1217 4594 ,
1252 4544 1352 4593 sc.,
1387 4537 1654 4584 teneretur
1685 4531 1741 4586 S.
1777 4532 1960 4585 Petrus
1990 4535 2041 4585 in
2074 4537 2125 4596 1)
2149 4529 2457 4584 orationibus
2484 4530 2704 4598 quotidie
2731 4528 2993 4581 ecclesiam
3028 4530 3399 4598 frequentaret,
3433 4544 3464 4579 a
3503 4527 3716 4580 Domina

486 4601 721 4653 custodia
763 4599 1054 4653 Mamertini
1082 4615 1200 4655 cum
1246 4600 1551 4667 coapostolo
1589 4616 1686 4653 suo
1730 4602 1909 4667 Paulo,
1957 4602 2043 4655 ubi

487 4685 676 4721 novem
710 4684 918 4723 menses
948 4669 997 4722 in
1042 4670 1264 4723 vinculis
1288 4669 1489 4723 detenti
1532 4680 1673 4722 sunt.
1720 4670 1818 4736 Qui
1859 4686 2045 4726 omnes

486 4740 587 4791 sub
624 4739 959 4811 devotissima
990 4740 1118 4811 Alidei
1163 4737 1496 4811 confessione
1535 4738 1834 4794 Neroniano
1872 4741 2045 4811 gladio

485 4808 783 4873 consumpti
813 4816 953 4861 sunt.
985 4809 1138 4862 Baeda
1167 4809 1329 4876 vnlg.,
1357 4808 1495 4872 Ado,
1522 4818 1627 4862 etc.

566 4879 588 4913 ιδ
630 4877 877 4945 Eufrosii.
907 4877 1315 4941 Tliessaliitiicm,
1346 4892 1448 4930 non
1475 4893 1598 4930 vero
1623 4878 1674 4930 in
1706 4877 2042 4947 Alexandria,

490 4947 577 4998 uhi
606 4958 784 5012 postea
819 4948 869 5000 in
897 4951 995 5000 hoc
1025 4958 1286 5002 commate
1314 4949 1452 5017 passi
1481 4960 1859 5014 memorantur,
1893 4963 2048 5005 coro-

488 5018 593 5070 nati
626 5027 746 5087 sunt
774 5018 1043 5087 martyrio.

565 5097 586 5155 ς
630 5084 828 5155 Leonis.
864 5084 938 5140 De
968 5087 1144 5140 Leone
1174 5100 1303 5155 papa
1335 5085 1451 5139 vide
1480 5085 1635 5148 infra,
1665 5102 1715 5141 ιι
1744 5086 1961 5150 Aprilis.

562 5154 588 5191 ⁴
632 5154 905 5225 Niniediw.
945 5156 1000 5209 In
1040 5157 1093 5210 S.
1131 5154 1436 5225 Hieronymi
1470 5157 1861 5225 Martyrologio,
1885 5157 2047 5212 Nico-

441 5280 448 5306 1
489 5225 686 5278 media.
737 5223 792 5300 ln
840 5224 938 5305 hac
964 5223 1364 5306 adjunctavocc
1408 5223 1671 5305 luereinus
1712 5223 1880 5306 dubii,
1920 5243 2045 5281 num

493 5310 681 5348 nomen
697 5296 821 5365 ~sive
849 5294 939 5365 viri
965 5296 1077 5347 sive
1106 5294 1336 5359 fantium,
1368 5299 1611 5365 martyris
1643 5296 1933 5349 Antiochia:
1962 5312 2047 5351 as-

489 5363 803 5417 sumendum
831 5362 919 5421 sit.
946 5365 1081 5432 quod
1110 5367 1236 5417 satis
1256 5373 1474 5432 apparet
1500 5362 1797 5431 probabile;
1831 5382 1894 5419 an
1922 5382 2047 5420 vero

491 5435 616 5487 illud
650 5433 990 5502 rejiciendum
1010 5473 1024 5495 ,
1064 5443 1307 5500 tanquam
1338 5434 1549 5502 aliunde
1580 5449 1673 5500 per
1700 5448 1936 5488 errorem
1966 5437 2045 5489 ill-

485 5501 724 5567 sertuin;
770 5502 941 5556 Martii
973 5503 1111 5573 enim
1139 5504 1222 5555 die
1250 5501 1560 5556 duodecimo
1592 5503 1805 5559 Picuius
1832 5506 2044 5573 quidam

485 5573 803 5626 Nicomediae
835 5587 1018 5639 passus
1047 5572 1232 5625 fertur.

560 5645 584 5672 °
626 5642 895 5695 Ma'ronw.
946 5641 1073 5707 Qui:
1112 5643 1207 5712 fuit
1249 5640 1440 5712 quciila
1484 5640 1742 5693 Plautillu:
1780 5644 2049 5712 cujusdam

487 5707 713 5778 Juda'a,
744 5727 856 5780 qua:
884 5729 996 5766 cum
1026 5707 1215 5766 occulte
1240 5710 1497 5763 Christum
1524 5712 1741 5781 coleret,
1773 5723 1817 5765 ct
1837 5707 2046 5781 'furtivis

2148 4616 2242 4653 sua
2281 4601 2589 4666 deprehensa
2625 4608 2672 4651 ct
2713 4600 3057 4669 multipliciter
3095 4600 3319 4669 a;]licttt,A
3342 4598 3720 4669 novissimam-

2146 4671 2301 4723 bttstis
2335 4670 2551 4737 fustibus
2582 4686 2734 4735 usque
2765 4670 2831 4721 ad
2864 4666 3072 4722 mortem
3104 4685 3163 4721 cu
3176 4685 3253 4723 sa.
3290 4666 3590 4722 Romanum
3624 4668 3721 4721 Ba-

2146 4739 2281 4793 rouii
2315 4739 2607 4808 Martyrol.,
2642 4739 2779 4803 Ado,
2807 4750 2909 4791 etc.

2224 4828 2241 4868 ί
2268 4829 2501 4901 Longini.
2524 4830 2766 4895 Quicum
2793 4830 2843 4883 in
2872 4831 3115 4898 passione
3138 4830 3341 4884 Domini
3366 4829 3563 4901 lancea
3579 4828 3718 4883 latus

2148 4900 2264 4967 ejus
2295 4897 2531 4967 aperuit,
2569 4901 2687 4953 viso
2716 4897 2883 4954 terra?
2903 4909 3044 4953 motu
3072 4908 3125 4953 et
3147 4901 3311 4968 signis
3338 4914 3456 4964 quae
3481 4897 3675 4951 ﬂebant
3701 4939 3718 4958 ,

2149 4972 2372 5024 credidit
2399 4970 2449 5023 in
2480 4970 2767 5031 Christum,
2815 4981 2868 5021 et
2919 4984 3009 5034 per
3053 4985 3250 5023 xxxviii
3295 4983 3464 5022 annos
3500 4968 3717 5020 (λιι-1510

2153 5041 2406 5103 militans,
2439 5040 2733 5107 multosque
2769 5038 2835 5093 ad
2867 5038 3020 5107 ﬁdem
3055 5040 3249 5093 Christi
3280 5047 3617 5095 convertens,
3655 5037 3718 5087 ad

2152 5119 2448 5163 extremum
2479 5109 2529 5162 in
2558 5108 2886 5176 Cappadocia
2930 5106 3029 5162 sub
3055 5108 3271 5161 Octavio
3310 5108 3536 5175 praeside
3571 5121 3716 5158 mar-

2155 5180 2344 5247 tyrium
2370 5179 2770 5232 consummavit.
2800 5177 2953 5231 Bieda
2984 5181 3145 5244 vulg.,
3175 5177 3389 5231 Noalter.

2224 5265 2251 5303 8
2289 5255 2487 5311 Jacobi.
2520 5256 2617 5310 llic
2642 5258 2774 5311 inira
2802 5256 3012 5321 colitur,
3041 5272 3056 5309 t
3084 5255 3223 5309 Maii.

2223 5323 2249 5363 ιι
2290 5326 2460 5379 Luae.
2506 5326 2667 5395 llujus
2706 5327 2881 5380 natale
2904 5328 3204 5381 celebratur
3230 5339 3354 5379 xvnt
3384 5323 3574 5395 Octob.
3608 5323 3721 5375 llo-

2153 5396 2239 5450 die
2262 5412 2387 5450 vero
2413 5398 2528 5460 ejus
2554 5394 2817 5450 ordinatio
2843 5397 3134 5451 secundum
3160 5395 3255 5451 Ms.
3291 5394 3659 5449 Tamlacteuse
3686 5407 3721 5444 δ

2153 5466 2405 5520 Bollando
2431 5466 2666 5520 citatum.

2157 5628 2193 5679 Α
2229 5554 2247 5594 ί
2292 5556 2508 5638 Cy'riaci.
2556 5554 2719 5625 Cujus
2768 5557 3021 5612 memoria
3069 5558 3256 5613 iterum
3301 5553 3600 5610 celebratur
3630 5568 3721 5609 viti

2205 5639 2392 5679 "1!th.
3428 5666 3433 5670 .

2205 5639 2392 5695 μευ-ιι.
3428 5666 3433 5670 .
