  <div class='ocr_page' id='page_1' title='image "/cluster/home/n/w/nwhite01/storage/ocr_20150623/94/hvd.32044054759659/436.png"; bbox 0 0 3940 6188; ppageno 0'>
   <div class='ocr_carea' id='block_1_1' title="bbox 276 295 382 353">
    <p class='ocr_par' dir='ltr' id='par_1_1' title="bbox 276 295 382 353">
     <span class='ocr_line' id='line_1_1' title="bbox 276 295 382 353; baseline 0 -1"><span class='ocrx_word' id='word_1_1' title='bbox 276 295 382 353; x_wconf 82' lang='grc'><strong>861</strong></span> 
     </span>
    </p>
   </div>
   <div class='ocr_carea' id='block_1_2' title="bbox 1398 300 2420 362">
    <p class='ocr_par' dir='ltr' id='par_1_2' title="bbox 1398 300 2420 362">
     <span class='ocr_line' id='line_1_2' title="bbox 1398 300 2420 362; baseline 0.003 -5"><span class='ocrx_word' id='word_1_2' title='bbox 1398 300 1587 357; x_wconf 82' lang='lat' dir='ltr'><strong>SECT.</strong></span> <span class='ocrx_word' id='word_1_3' title='bbox 1634 301 1697 356; x_wconf 85' lang='lat' dir='ltr'><strong>ll.</strong></span> <span class='ocrx_word' id='word_1_4' title='bbox 1737 330 1807 341; x_wconf 96' lang='lat'><strong>—</strong></span> <span class='ocrx_word' id='word_1_5' title='bbox 1845 301 2420 362; x_wconf 69' lang='lat' dir='ltr'><strong>MARTYROLOGIA.</strong></span> 
     </span>
    </p>
   </div>
   <div class='ocr_carea' id='block_1_3' title="bbox 3431 311 3535 368">
    <p class='ocr_par' dir='ltr' id='par_1_3' title="bbox 3431 311 3535 368">
     <span class='ocr_line' id='line_1_3' title="bbox 3431 311 3535 368; baseline 0 0"><span class='ocrx_word' id='word_1_6' title='bbox 3431 311 3535 368; x_wconf 72' lang='lat'><strong>862</strong></span> 
     </span>
    </p>
   </div>
   <div class='ocr_carea' id='block_1_4' title="bbox 1308 417 2242 485">
    <p class='ocr_par' dir='ltr' id='par_1_4' title="bbox 1308 417 2242 485">
     <span class='ocr_line' id='line_1_4' title="bbox 1308 417 2242 485; baseline -0.001 -12"><span class='ocrx_word' id='word_1_7' title='bbox 1308 482 1311 485; x_wconf 8' lang='grc' dir='ltr'>ἰ</span> <span class='ocrx_word' id='word_1_8' title='bbox 1509 418 1735 473; x_wconf 80' lang='lat' dir='ltr'><strong>EDITIO</strong></span> <span class='ocrx_word' id='word_1_9' title='bbox 1770 417 2242 474; x_wconf 79' lang='lat' dir='ltr'><strong>COLUNIENSIS.</strong></span> 
     </span>
    </p>
   </div>
   <div class='ocr_carea' id='block_1_5' title="bbox 276 528 3530 611">
    <p class='ocr_par' dir='ltr' id='par_1_5' title="bbox 276 528 3530 611">
     <span class='ocr_line' id='line_1_5' title="bbox 276 528 3530 611; baseline 0.004 -27"><span class='ocrx_word' id='word_1_10' title='bbox 276 532 445 601; x_wconf 85' lang='lat' dir='ltr'><strong>Largo</strong></span> <span class='ocrx_word' id='word_1_11' title='bbox 475 541 528 584; x_wconf 86' lang='lat' dir='ltr'><strong>et</strong></span> <span class='ocrx_word' id='word_1_12' title='bbox 569 528 860 597; x_wconf 78' lang='lat' dir='ltr'><strong>Smaragdo</strong></span> <span class='ocrx_word' id='word_1_13' title='bbox 889 539 940 583; x_wconf 90' lang='lat' dir='ltr'><strong>et</strong></span> <span class='ocrx_word' id='word_1_14' title='bbox 971 528 1368 596; x_wconf 86' lang='lat' dir='ltr'><strong>Crescentiano,</strong></span> <span class='ocrx_word' id='word_1_15' title='bbox 1402 546 1495 597; x_wconf 90' lang='lat' dir='ltr'><strong>per</strong></span> <span class='ocrx_word' id='word_1_16' title='bbox 1532 531 1843 598; x_wconf 87' lang='lat' dir='ltr'><strong>Carpasium</strong></span> <span class='ocrx_word' id='word_1_17' title='bbox 1880 537 1923 589; x_wconf 80' lang='grc' dir='ltr'>Α</span> <span class='ocrx_word' id='word_1_18' title='bbox 1954 530 2189 598; x_wconf 82' lang='lat' dir='ltr'><strong>undique</strong></span> <span class='ocrx_word' id='word_1_19' title='bbox 2217 533 2541 588; x_wconf 85' lang='lat' dir='ltr'><strong>concludens</strong></span> <span class='ocrx_word' id='word_1_20' title='bbox 2571 535 2768 589; x_wconf 81' lang='lat' dir='ltr'><strong>ostium</strong></span> <span class='ocrx_word' id='word_1_21' title='bbox 2808 535 2977 589; x_wconf 83' lang='lat' dir='ltr'><strong>furori</strong></span> <span class='ocrx_word' id='word_1_22' title='bbox 3012 538 3237 603; x_wconf 74' lang='lat' dir='ltr'><strong>restitit,</strong></span> <span class='ocrx_word' id='word_1_23' title='bbox 3275 540 3338 592; x_wconf 85' lang='lat' dir='ltr'><strong>ad</strong></span> <span class='ocrx_word' id='word_1_24' title='bbox 3369 555 3530 611; x_wconf 89' lang='lat' dir='ltr'><strong>quam</strong></span> 
     </span>
    </p>
   </div>
   <div class='ocr_carea' id='block_1_6' title="bbox 272 622 1847 691">
    <p class='ocr_par' dir='ltr' id='par_1_6' title="bbox 272 622 1847 691">
     <span class='ocr_line' id='line_1_6' title="bbox 272 622 1847 691; baseline -0.002 -13"><span class='ocrx_word' id='word_1_25' title='bbox 272 623 528 678; x_wconf 78' lang='lat' dir='ltr'><strong>vicarium</strong></span> <span class='ocrx_word' id='word_1_26' title='bbox 561 626 677 691; x_wconf 86' lang='lat' dir='ltr'><strong>pice</strong></span> <span class='ocrx_word' id='word_1_27' title='bbox 705 622 959 691; x_wconf 89' lang='lat' dir='ltr'><strong>reliquata</strong></span> <span class='ocrx_word' id='word_1_28' title='bbox 1010 632 1171 689; x_wconf 87' lang='lat' dir='ltr'><strong>caput</strong></span> <span class='ocrx_word' id='word_1_29' title='bbox 1201 623 1315 689; x_wconf 85' lang='lat' dir='ltr'><strong>ejus</strong></span> <span class='ocrx_word' id='word_1_30' title='bbox 1345 622 1613 688; x_wconf 88' lang='lat' dir='ltr'><strong>perfusum</strong></span> <span class='ocrx_word' id='word_1_31' title='bbox 1644 635 1757 686; x_wconf 89' lang='lat' dir='ltr'><strong>est;</strong></span> <span class='ocrx_word' id='word_1_32' title='bbox 1789 632 1847 677; x_wconf 90' lang='lat' dir='ltr'><strong>et</strong></span> 
     </span>
    </p>
   </div>
   <div class='ocr_carea' id='block_1_7' title="bbox 272 714 1843 783">
    <p class='ocr_par' dir='ltr' id='par_1_7' title="bbox 272 714 1843 783">
     <span class='ocr_line' id='line_1_7' title="bbox 272 714 1843 783; baseline 0 -14"><span class='ocrx_word' id='word_1_33' title='bbox 272 732 483 769; x_wconf 85' lang='lat' dir='ltr'><strong>rursum</strong></span> <span class='ocrx_word' id='word_1_34' title='bbox 525 724 642 781; x_wconf 91' lang='lat' dir='ltr'><strong>post</strong></span> <span class='ocrx_word' id='word_1_35' title='bbox 667 714 782 768; x_wconf 83' lang='lat' dir='ltr'><strong>dies</strong></span> <span class='ocrx_word' id='word_1_36' title='bbox 808 726 1033 783; x_wconf 85' lang='lat' dir='ltr'><strong>quatuor</strong></span> <span class='ocrx_word' id='word_1_37' title='bbox 1056 716 1276 768; x_wconf 90' lang='lat' dir='ltr'><strong>eductus</strong></span> <span class='ocrx_word' id='word_1_38' title='bbox 1305 714 1478 769; x_wconf 90' lang='lat' dir='ltr'><strong>denuo</strong></span> <span class='ocrx_word' id='word_1_39' title='bbox 1514 715 1580 768; x_wconf 91' lang='lat' dir='ltr'><strong>de</strong></span> <span class='ocrx_word' id='word_1_40' title='bbox 1600 731 1843 779; x_wconf 80' lang='lat' dir='ltr'><strong>carcere,</strong></span> 
     </span>
    </p>
   </div>
   <div class='ocr_carea' id='block_1_8' title="bbox 270 808 1839 871">
    <p class='ocr_par' dir='ltr' id='par_1_8' title="bbox 270 808 1839 871">
     <span class='ocr_line' id='line_1_8' title="bbox 270 808 1839 871; baseline 0 -10"><span class='ocrx_word' id='word_1_41' title='bbox 270 808 323 861; x_wconf 90' lang='lat' dir='ltr'><strong>iu</strong></span> <span class='ocrx_word' id='word_1_42' title='bbox 353 815 554 861; x_wconf 78' lang='lat' dir='ltr'><strong>catasta</strong></span> <span class='ocrx_word' id='word_1_43' title='bbox 585 816 836 861; x_wconf 76' lang='lat' dir='ltr'><strong>extentus</strong></span> <span class='ocrx_word' id='word_1_44' title='bbox 862 822 927 862; x_wconf 89' lang='lat' dir='ltr'><strong>ac</strong></span> <span class='ocrx_word' id='word_1_45' title='bbox 958 817 1175 871; x_wconf 81' lang='lat' dir='ltr'><strong>tractus,</strong></span> <span class='ocrx_word' id='word_1_46' title='bbox 1201 809 1383 863; x_wconf 86' lang='lat' dir='ltr'><strong>nervis</strong></span> <span class='ocrx_word' id='word_1_47' title='bbox 1410 818 1463 864; x_wconf 92' lang='lat' dir='ltr'><strong>et</strong></span> <span class='ocrx_word' id='word_1_48' title='bbox 1494 809 1716 862; x_wconf 86' lang='lat' dir='ltr'><strong>fustibus</strong></span> <span class='ocrx_word' id='word_1_49' title='bbox 1736 824 1839 863; x_wconf 68' lang='lat' dir='ltr'><strong>ca:-</strong></span> 
     </span>
    </p>
   </div>
   <div class='ocr_carea' id='block_1_9' title="bbox 270 896 1837 966">
    <p class='ocr_par' dir='ltr' id='par_1_9' title="bbox 270 896 1837 966">
     <span class='ocr_line' id='line_1_9' title="bbox 270 896 1837 966; baseline 0.001 -15"><span class='ocrx_word' id='word_1_50' title='bbox 270 910 383 960; x_wconf 88' lang='lat' dir='ltr'><strong>sus,</strong></span> <span class='ocrx_word' id='word_1_51' title='bbox 430 905 549 962; x_wconf 88' lang='lat' dir='ltr'><strong>post</strong></span> <span class='ocrx_word' id='word_1_52' title='bbox 594 896 710 949; x_wconf 88' lang='lat' dir='ltr'><strong>dies</strong></span> <span class='ocrx_word' id='word_1_53' title='bbox 762 896 980 964; x_wconf 83' lang='lat' dir='ltr'><strong>aliquot,</strong></span> <span class='ocrx_word' id='word_1_54' title='bbox 1007 896 1223 963; x_wconf 74' lang='lat' dir='ltr'><strong>jubente</strong></span> <span class='ocrx_word' id='word_1_55' title='bbox 1278 898 1619 962; x_wconf 77' lang='lat' dir='ltr'><strong>Maximiano,</strong></span> <span class='ocrx_word' id='word_1_56' title='bbox 1663 898 1837 966; x_wconf 88' lang='lat' dir='ltr'><strong>capite</strong></span> 
     </span>
    </p>
   </div>
   <div class='ocr_carea' id='block_1_10' title="bbox 270 987 1831 1058">
    <p class='ocr_par' dir='ltr' id='par_1_10' title="bbox 270 987 1831 1058">
     <span class='ocr_line' id='line_1_10' title="bbox 270 987 1831 1058; baseline 0.003 -17"><span class='ocrx_word' id='word_1_57' title='bbox 270 997 545 1041; x_wconf 89' lang='lat' dir='ltr'><strong>truncatus</strong></span> <span class='ocrx_word' id='word_1_58' title='bbox 571 994 675 1051; x_wconf 88' lang='lat' dir='ltr'><strong>est,</strong></span> <span class='ocrx_word' id='word_1_59' title='bbox 704 1002 824 1041; x_wconf 90' lang='lat' dir='ltr'><strong>cum</strong></span> <span class='ocrx_word' id='word_1_60' title='bbox 865 987 1037 1053; x_wconf 78' lang='lat' dir='ltr'><strong>Largo</strong></span> <span class='ocrx_word' id='word_1_61' title='bbox 1075 998 1127 1042; x_wconf 91' lang='lat' dir='ltr'><strong>et</strong></span> <span class='ocrx_word' id='word_1_62' title='bbox 1157 989 1470 1058; x_wconf 82' lang='lat' dir='ltr'><strong>Smaragdo,</strong></span> <span class='ocrx_word' id='word_1_63' title='bbox 1502 998 1557 1044; x_wconf 91' lang='lat' dir='ltr'><strong>et</strong></span> <span class='ocrx_word' id='word_1_64' title='bbox 1585 990 1702 1043; x_wconf 75' lang='lat' dir='ltr'><strong>aliis</strong></span> <span class='ocrx_word' id='word_1_65' title='bbox 1750 990 1831 1045; x_wconf 88' lang='lat' dir='ltr'><strong>vi-</strong></span> 
     </span>
    </p>
   </div>
   <div class='ocr_carea' id='block_1_11' title="bbox 265 1077 1838 1149">
    <p class='ocr_par' dir='ltr' id='par_1_11' title="bbox 265 1077 1838 1149">
     <span class='ocr_line' id='line_1_11' title="bbox 265 1077 1838 1149; baseline 0.001 -17"><span class='ocrx_word' id='word_1_66' title='bbox 265 1079 421 1148; x_wconf 88' lang='lat' dir='ltr'><strong>ginti.</strong></span> <span class='ocrx_word' id='word_1_67' title='bbox 471 1078 741 1147; x_wconf 88' lang='lat' dir='ltr'><strong>Scriptum</strong></span> <span class='ocrx_word' id='word_1_68' title='bbox 766 1086 851 1131; x_wconf 90' lang='lat' dir='ltr'><strong>est</strong></span> <span class='ocrx_word' id='word_1_69' title='bbox 880 1077 931 1132; x_wconf 93' lang='lat' dir='ltr'><strong>in</strong></span> <span class='ocrx_word' id='word_1_70' title='bbox 960 1079 1123 1149; x_wconf 79' lang='lat' dir='ltr'><strong>gestis</strong></span> <span class='ocrx_word' id='word_1_71' title='bbox 1151 1078 1380 1134; x_wconf 83' lang='lat' dir='ltr'><strong>Marcelli</strong></span> <span class='ocrx_word' id='word_1_72' title='bbox 1412 1094 1581 1149; x_wconf 66' lang='lat' dir='ltr'><strong>papae.</strong></span> <span class='ocrx_word' id='word_1_73' title='bbox 1616 1079 1838 1134; x_wconf 77' lang='lat' dir='ltr'><strong>Vienna:</strong></span> 
     </span>
    </p>
   </div>
   <div class='ocr_carea' id='block_1_12' title="bbox 265 1166 896 1236">
    <p class='ocr_par' dir='ltr' id='par_1_12' title="bbox 265 1166 896 1236">
     <span class='ocr_line' id='line_1_12' title="bbox 265 1166 896 1236; baseline -0.006 -13"><span class='ocrx_word' id='word_1_74' title='bbox 265 1168 438 1223; x_wconf 83' lang='lat' dir='ltr'><strong>sancti</strong></span> <span class='ocrx_word' id='word_1_75' title='bbox 468 1166 601 1223; x_wconf 91' lang='lat' dir='ltr'><strong>lsicii</strong></span> <span class='ocrx_word' id='word_1_76' title='bbox 634 1166 896 1236; x_wconf 85' lang='lat' dir='ltr'><strong>episcopi.</strong></span> 
     </span>
    </p>
   </div>
   <div class='ocr_carea' id='block_1_13' title="bbox 340 1255 1835 1313">
    <p class='ocr_par' dir='ltr' id='par_1_13' title="bbox 340 1255 1835 1313">
     <span class='ocr_line' id='line_1_13' title="bbox 340 1255 1835 1313; baseline -0.001 -1"><span class='ocrx_word' id='word_1_77' title='bbox 340 1258 403 1313; x_wconf 68' lang='grc' dir='ltr'><strong>Ρ.</strong></span> <span class='ocrx_word' id='word_1_78' title='bbox 447 1257 559 1311; x_wconf 75' lang='lat' dir='ltr'><strong>XVI</strong></span> <span class='ocrx_word' id='word_1_79' title='bbox 588 1257 721 1313; x_wconf 68' lang='grc' dir='ltr'><strong>ΚΑΙ..</strong></span> <span class='ocrx_word' id='word_1_80' title='bbox 746 1258 932 1312; x_wconf 73' lang='lat' dir='ltr'><strong>APRIL.</strong></span> <span class='ocrx_word' id='word_1_81' title='bbox 956 1288 1024 1299; x_wconf 93' lang='lat'><strong><em>—</em></strong></span> <span class='ocrx_word' id='word_1_82' title='bbox 1052 1255 1108 1313; x_wconf 86' lang='lat' dir='ltr'><strong>In</strong></span> <span class='ocrx_word' id='word_1_83' title='bbox 1135 1257 1310 1313; x_wconf 88' lang='lat' dir='ltr'><strong>Scotia</strong></span> <span class='ocrx_word' id='word_1_84' title='bbox 1338 1258 1511 1312; x_wconf 79' lang='lat' dir='ltr'><strong>natale</strong></span> <span class='ocrx_word' id='word_1_85' title='bbox 1538 1259 1705 1313; x_wconf 87' lang='lat' dir='ltr'><strong>sancti</strong></span> <span class='ocrx_word' id='word_1_86' title='bbox 1734 1258 1835 1311; x_wconf 81' lang='lat' dir='ltr'><strong>Pa-</strong></span> 
     </span>
    </p>
   </div>
   <div class='ocr_carea' id='block_1_14' title="bbox 266 1348 1830 1418">
    <p class='ocr_par' dir='ltr' id='par_1_14' title="bbox 266 1348 1830 1418">
     <span class='ocr_line' id='line_1_14' title="bbox 266 1348 1830 1418; baseline 0 -15"><span class='ocrx_word' id='word_1_87' title='bbox 266 1349 403 1403; x_wconf 91' lang='lat' dir='ltr'><strong>tricii</strong></span> <span class='ocrx_word' id='word_1_88' title='bbox 436 1349 668 1417; x_wconf 84' lang='lat' dir='ltr'><strong>episcopi</strong></span> <span class='ocrx_word' id='word_1_89' title='bbox 693 1361 746 1403; x_wconf 92' lang='lat' dir='ltr'><strong>et</strong></span> <span class='ocrx_word' id='word_1_90' title='bbox 770 1348 1214 1418; x_wconf 83' lang='lat' dir='ltr'><strong>confessoris,qni</strong></span> <span class='ocrx_word' id='word_1_91' title='bbox 1244 1348 1441 1418; x_wconf 87' lang='lat' dir='ltr'><strong>primus</strong></span> <span class='ocrx_word' id='word_1_92' title='bbox 1462 1349 1656 1403; x_wconf 87' lang='lat' dir='ltr'><strong>ibidem</strong></span> <span class='ocrx_word' id='word_1_93' title='bbox 1679 1348 1830 1403; x_wconf 85' lang='lat' dir='ltr'><strong>Chri-</strong></span> 
     </span>
    </p>
   </div>
   <div class='ocr_carea' id='block_1_15' title="bbox 262 1438 1828 1510">
    <p class='ocr_par' dir='ltr' id='par_1_15' title="bbox 262 1438 1828 1510">
     <span class='ocr_line' id='line_1_15' title="bbox 262 1438 1828 1510; baseline 0 -17"><span class='ocrx_word' id='word_1_94' title='bbox 262 1451 406 1493; x_wconf 79' lang='lat' dir='ltr'><strong>stum</strong></span> <span class='ocrx_word' id='word_1_95' title='bbox 458 1440 864 1510; x_wconf 82' lang='lat' dir='ltr'><strong>Evangelizavit.</strong></span> <span class='ocrx_word' id='word_1_96' title='bbox 919 1440 1114 1495; x_wconf 84' lang='lat' dir='ltr'><strong>Eodem</strong></span> <span class='ocrx_word' id='word_1_97' title='bbox 1162 1440 1249 1496; x_wconf 90' lang='lat' dir='ltr'><strong>die</strong></span> <span class='ocrx_word' id='word_1_98' title='bbox 1296 1451 1494 1495; x_wconf 69' lang='lat' dir='ltr'><strong>sancta:</strong></span> <span class='ocrx_word' id='word_1_99' title='bbox 1548 1438 1828 1496; x_wconf 88' lang='lat' dir='ltr'><strong>Gertrudis</strong></span> 
     </span>
    </p>
   </div>
   <div class='ocr_carea' id='block_1_16' title="bbox 265 1532 1826 1601">
    <p class='ocr_par' dir='ltr' id='par_1_16' title="bbox 265 1532 1826 1601">
     <span class='ocr_line' id='line_1_16' title="bbox 265 1532 1826 1601; baseline 0.001 -17"><span class='ocrx_word' id='word_1_100' title='bbox 265 1532 509 1601; x_wconf 83' lang='lat' dir='ltr'><strong>virginis,</strong></span> <span class='ocrx_word' id='word_1_101' title='bbox 540 1542 594 1587; x_wconf 90' lang='lat' dir='ltr'><strong>et</strong></span> <span class='ocrx_word' id='word_1_102' title='bbox 623 1534 795 1587; x_wconf 82' lang='lat' dir='ltr'><strong>natale</strong></span> <span class='ocrx_word' id='word_1_103' title='bbox 824 1532 1001 1586; x_wconf 67' lang='lat' dir='ltr'><strong>Maria:</strong></span> <span class='ocrx_word' id='word_1_104' title='bbox 1029 1532 1299 1601; x_wconf 82' lang='lat' dir='ltr'><strong>martyris.</strong></span> <span class='ocrx_word' id='word_1_105' title='bbox 1331 1532 1455 1588; x_wconf 59' lang='lat' dir='ltr'><strong>Hinc</strong></span> <span class='ocrx_word' id='word_1_106' title='bbox 1474 1547 1684 1601; x_wconf 89' lang='lat' dir='ltr'><strong>quoque</strong></span> <span class='ocrx_word' id='word_1_107' title='bbox 1706 1547 1826 1585; x_wconf 89' lang='lat' dir='ltr'><strong>cum</strong></span> 
     </span>
    </p>
   </div>
   <div class='ocr_carea' id='block_1_17' title="bbox 261 1622 1820 1694">
    <p class='ocr_par' dir='ltr' id='par_1_17' title="bbox 261 1622 1820 1694">
     <span class='ocr_line' id='line_1_17' title="bbox 261 1622 1820 1694; baseline -0.001 -17"><span class='ocrx_word' id='word_1_108' title='bbox 261 1632 410 1677; x_wconf 76' lang='lat' dir='ltr'><strong>esset</strong></span> <span class='ocrx_word' id='word_1_109' title='bbox 438 1624 627 1677; x_wconf 83' lang='lat' dir='ltr'><strong>ancilla</strong></span> <span class='ocrx_word' id='word_1_110' title='bbox 651 1622 924 1691; x_wconf 83' lang='lat' dir='ltr'><strong>cujusdam</strong></span> <span class='ocrx_word' id='word_1_111' title='bbox 950 1624 1167 1677; x_wconf 89' lang='lat' dir='ltr'><strong>Tertulii</strong></span> <span class='ocrx_word' id='word_1_112' title='bbox 1202 1623 1438 1694; x_wconf 62' lang='lat' dir='ltr'><strong>praeclari</strong></span> <span class='ocrx_word' id='word_1_113' title='bbox 1472 1623 1593 1687; x_wconf 88' lang='lat' dir='ltr'><strong>viri,</strong></span> <span class='ocrx_word' id='word_1_114' title='bbox 1624 1631 1678 1677; x_wconf 90' lang='lat' dir='ltr'><strong>et</strong></span> <span class='ocrx_word' id='word_1_115' title='bbox 1708 1623 1820 1676; x_wconf 84' lang='lat' dir='ltr'><strong>nol-</strong></span> 
     </span>
    </p>
   </div>
   <div class='ocr_carea' id='block_1_18' title="bbox 263 1713 1830 1785">
    <p class='ocr_par' dir='ltr' id='par_1_18' title="bbox 263 1713 1830 1785">
     <span class='ocr_line' id='line_1_18' title="bbox 263 1713 1830 1785; baseline -0.002 -17"><span class='ocrx_word' id='word_1_116' title='bbox 263 1714 339 1768; x_wconf 90' lang='lat' dir='ltr'><strong>let</strong></span> <span class='ocrx_word' id='word_1_117' title='bbox 369 1717 423 1768; x_wconf 90' lang='lat' dir='ltr'><strong>in</strong></span> <span class='ocrx_word' id='word_1_118' title='bbox 458 1716 619 1769; x_wconf 87' lang='lat' dir='ltr'><strong>natali</strong></span> <span class='ocrx_word' id='word_1_119' title='bbox 652 1716 740 1769; x_wconf 91' lang='lat' dir='ltr'><strong>lilii</strong></span> <span class='ocrx_word' id='word_1_120' title='bbox 780 1715 899 1785; x_wconf 84' lang='lat' dir='ltr'><strong>ejus</strong></span> <span class='ocrx_word' id='word_1_121' title='bbox 932 1714 1165 1781; x_wconf 86' lang='lat' dir='ltr'><strong>prandiis</strong></span> <span class='ocrx_word' id='word_1_122' title='bbox 1191 1713 1392 1767; x_wconf 89' lang='lat' dir='ltr'><strong>domini</strong></span> <span class='ocrx_word' id='word_1_123' title='bbox 1424 1714 1504 1767; x_wconf 93' lang='lat' dir='ltr'><strong>sui</strong></span> <span class='ocrx_word' id='word_1_124' title='bbox 1546 1713 1830 1780; x_wconf 86' lang='lat' dir='ltr'><strong>interesse,</strong></span> 
     </span>
    </p>
   </div>
   <div class='ocr_carea' id='block_1_19' title="bbox 260 1802 1828 1875">
    <p class='ocr_par' dir='ltr' id='par_1_19' title="bbox 260 1802 1828 1875">
     <span class='ocr_line' id='line_1_19' title="bbox 260 1802 1828 1875; baseline -0.003 -15"><span class='ocrx_word' id='word_1_125' title='bbox 260 1806 357 1860; x_wconf 85' lang='lat' dir='ltr'><strong>sed</strong></span> <span class='ocrx_word' id='word_1_126' title='bbox 390 1808 558 1875; x_wconf 80' lang='lat' dir='ltr'><strong>magis</strong></span> <span class='ocrx_word' id='word_1_127' title='bbox 588 1806 1010 1860; x_wconf 83' lang='lat' dir='ltr'><strong>Christianorum</strong></span> <span class='ocrx_word' id='word_1_128' title='bbox 1034 1820 1182 1859; x_wconf 89' lang='lat' dir='ltr'><strong>more</strong></span> <span class='ocrx_word' id='word_1_129' title='bbox 1199 1805 1415 1873; x_wconf 86' lang='lat' dir='ltr'><strong>jejuniis</strong></span> <span class='ocrx_word' id='word_1_130' title='bbox 1440 1818 1654 1871; x_wconf 79' lang='lat' dir='ltr'><strong>Operam</strong></span> <span class='ocrx_word' id='word_1_131' title='bbox 1679 1802 1828 1871; x_wconf 89' lang='lat' dir='ltr'><strong>dare,</strong></span> 
     </span>
    </p>
   </div>
   <div class='ocr_carea' id='block_1_20' title="bbox 1952 624 3527 701">
    <p class='ocr_par' dir='ltr' id='par_1_20' title="bbox 1952 624 3527 701">
     <span class='ocr_line' id='line_1_20' title="bbox 1952 624 3527 701; baseline 0.01 -26"><span class='ocrx_word' id='word_1_132' title='bbox 1952 624 2178 690; x_wconf 87' lang='lat' dir='ltr'><strong>populus</strong></span> <span class='ocrx_word' id='word_1_133' title='bbox 2220 640 2567 691; x_wconf 88' lang='lat' dir='ltr'><strong>concurrens,</strong></span> <span class='ocrx_word' id='word_1_134' title='bbox 2600 642 2721 683; x_wconf 91' lang='lat' dir='ltr'><strong>cum</strong></span> <span class='ocrx_word' id='word_1_135' title='bbox 2773 630 2937 683; x_wconf 82' lang='lat' dir='ltr'><strong>vellet</strong></span> <span class='ocrx_word' id='word_1_136' title='bbox 2978 632 3269 685; x_wconf 88' lang='lat' dir='ltr'><strong>secundum</strong></span> <span class='ocrx_word' id='word_1_137' title='bbox 3312 624 3527 701; x_wconf 85' lang='lat' dir='ltr'><strong>jussum</strong></span> 
     </span>
    </p>
   </div>
   <div class='ocr_carea' id='block_1_21' title="bbox 1951 712 3521 785">
    <p class='ocr_par' dir='ltr' id='par_1_21' title="bbox 1951 712 3521 785">
     <span class='ocr_line' id='line_1_21' title="bbox 1951 712 3521 785; baseline 0.009 -22"><span class='ocrx_word' id='word_1_138' title='bbox 1951 712 2204 780; x_wconf 84' lang='lat' dir='ltr'><strong>principis</strong></span> <span class='ocrx_word' id='word_1_139' title='bbox 2236 715 2405 781; x_wconf 89' lang='lat' dir='ltr'><strong>ipsum</strong></span> <span class='ocrx_word' id='word_1_140' title='bbox 2435 717 2662 784; x_wconf 90' lang='lat' dir='ltr'><strong>lapidem</strong></span> <span class='ocrx_word' id='word_1_141' title='bbox 2692 718 2995 785; x_wconf 89' lang='lat' dir='ltr'><strong>destruere,</strong></span> <span class='ocrx_word' id='word_1_142' title='bbox 3033 720 3258 775; x_wconf 83' lang='lat' dir='ltr'><strong>fulmine</strong></span> <span class='ocrx_word' id='word_1_143' title='bbox 3283 736 3346 776; x_wconf 84' lang='lat' dir='ltr'><strong>ac</strong></span> <span class='ocrx_word' id='word_1_144' title='bbox 3380 723 3521 777; x_wconf 83' lang='lat' dir='ltr'><strong>toni-</strong></span> 
     </span>
    </p>
   </div>
   <div class='ocr_carea' id='block_1_22' title="bbox 1949 803 3519 880">
    <p class='ocr_par' dir='ltr' id='par_1_22' title="bbox 1949 803 3519 880">
     <span class='ocr_line' id='line_1_22' title="bbox 1949 803 3519 880; baseline 0.01 -27"><span class='ocrx_word' id='word_1_145' title='bbox 1949 809 2031 854; x_wconf 89' lang='lat' dir='ltr'><strong>tru</strong></span> <span class='ocrx_word' id='word_1_146' title='bbox 2078 803 2288 857; x_wconf 64' lang='lat' dir='ltr'><strong>caelitus</strong></span> <span class='ocrx_word' id='word_1_147' title='bbox 2319 807 2532 872; x_wconf 89' lang='lat' dir='ltr'><strong>emisso,</strong></span> <span class='ocrx_word' id='word_1_148' title='bbox 2585 809 2795 875; x_wconf 84' lang='lat' dir='ltr'><strong>plurimi</strong></span> <span class='ocrx_word' id='word_1_149' title='bbox 2845 825 3030 864; x_wconf 89' lang='lat' dir='ltr'><strong>eorum</strong></span> <span class='ocrx_word' id='word_1_150' title='bbox 3081 811 3420 880; x_wconf 83' lang='lat' dir='ltr'><strong>interierunt,</strong></span> <span class='ocrx_word' id='word_1_151' title='bbox 3451 814 3519 869; x_wconf 89' lang='lat' dir='ltr'><strong>ita</strong></span> 
     </span>
    </p>
   </div>
   <div class='ocr_carea' id='block_1_23' title="bbox 1946 889 3528 969">
    <p class='ocr_par' dir='ltr' id='par_1_23' title="bbox 1946 889 3528 969">
     <span class='ocr_line' id='line_1_23' title="bbox 1946 889 3528 969; baseline 0.012 -29"><span class='ocrx_word' id='word_1_152' title='bbox 1946 901 2004 941; x_wconf 89' lang='lat' dir='ltr'><strong>ut</strong></span> <span class='ocrx_word' id='word_1_153' title='bbox 2030 889 2136 944; x_wconf 92' lang='lat' dir='ltr'><strong>duo</strong></span> <span class='ocrx_word' id='word_1_154' title='bbox 2180 893 2342 946; x_wconf 88' lang='lat' dir='ltr'><strong>millia</strong></span> <span class='ocrx_word' id='word_1_155' title='bbox 2374 905 2430 948; x_wconf 89' lang='lat' dir='ltr'><strong>et</strong></span> <span class='ocrx_word' id='word_1_156' title='bbox 2482 898 2798 965; x_wconf 82' lang='lat' dir='ltr'><strong>septingenti</strong></span> <span class='ocrx_word' id='word_1_157' title='bbox 2830 914 2897 953; x_wconf 84' lang='lat' dir='ltr'><strong>ex</strong></span> <span class='ocrx_word' id='word_1_158' title='bbox 2956 902 3083 968; x_wconf 90' lang='lat' dir='ltr'><strong>ipsis</strong></span> <span class='ocrx_word' id='word_1_159' title='bbox 3115 901 3298 956; x_wconf 89' lang='lat' dir='ltr'><strong>divino</strong></span> <span class='ocrx_word' id='word_1_160' title='bbox 3326 903 3528 969; x_wconf 90' lang='lat' dir='ltr'><strong>judicio</strong></span> 
     </span>
    </p>
   </div>
   <div class='ocr_carea' id='block_1_24' title="bbox 1943 981 3522 1056">
    <p class='ocr_par' dir='ltr' id='par_1_24' title="bbox 1943 981 3522 1056">
     <span class='ocr_line' id='line_1_24' title="bbox 1943 981 3522 1056; baseline 0.009 -25"><span class='ocrx_word' id='word_1_161' title='bbox 1943 981 2184 1035; x_wconf 81' lang='lat' dir='ltr'><strong>exstincti</strong></span> <span class='ocrx_word' id='word_1_162' title='bbox 2226 982 2450 1048; x_wconf 79' lang='lat' dir='ltr'><strong>fuerint;</strong></span> <span class='ocrx_word' id='word_1_163' title='bbox 2484 986 2634 1052; x_wconf 81' lang='lat' dir='ltr'><strong>pauci</strong></span> <span class='ocrx_word' id='word_1_164' title='bbox 2679 1003 2805 1040; x_wconf 89' lang='lat' dir='ltr'><strong>vero</strong></span> <span class='ocrx_word' id='word_1_165' title='bbox 2830 988 2918 1053; x_wconf 85' lang='lat' dir='ltr'><strong>qui</strong></span> <span class='ocrx_word' id='word_1_166' title='bbox 2953 1001 3348 1056; x_wconf 84' lang='lat' dir='ltr'><strong>remanserant,</strong></span> <span class='ocrx_word' id='word_1_167' title='bbox 3391 1008 3522 1046; x_wconf 86' lang='lat' dir='ltr'><strong>con-</strong></span> 
     </span>
    </p>
   </div>
   <div class='ocr_carea' id='block_1_25' title="bbox 1944 1073 3523 1153">
    <p class='ocr_par' dir='ltr' id='par_1_25' title="bbox 1944 1073 3523 1153">
     <span class='ocr_line' id='line_1_25' title="bbox 1944 1073 3523 1153; baseline 0.009 -29"><span class='ocrx_word' id='word_1_168' title='bbox 1944 1073 2079 1126; x_wconf 81' lang='lat' dir='ltr'><strong>versi</strong></span> <span class='ocrx_word' id='word_1_169' title='bbox 2123 1074 2188 1127; x_wconf 88' lang='lat' dir='ltr'><strong>ad</strong></span> <span class='ocrx_word' id='word_1_170' title='bbox 2230 1074 2555 1142; x_wconf 87' lang='lat' dir='ltr'><strong>Dominum,</strong></span> <span class='ocrx_word' id='word_1_171' title='bbox 2611 1078 2663 1132; x_wconf 92' lang='lat' dir='ltr'><strong>in</strong></span> <span class='ocrx_word' id='word_1_172' title='bbox 2718 1078 3023 1135; x_wconf 84' lang='lat' dir='ltr'><strong>Christiana</strong></span> <span class='ocrx_word' id='word_1_173' title='bbox 3080 1084 3344 1152; x_wconf 78' lang='lat' dir='ltr'><strong>religione</strong></span> <span class='ocrx_word' id='word_1_174' title='bbox 3400 1098 3523 1153; x_wconf 88' lang='lat' dir='ltr'><strong>per-</strong></span> 
     </span>
    </p>
   </div>
   <div class='ocr_carea' id='block_1_26' title="bbox 1942 1172 2272 1215">
    <p class='ocr_par' dir='ltr' id='par_1_26' title="bbox 1942 1172 2272 1215">
     <span class='ocr_line' id='line_1_26' title="bbox 1942 1172 2272 1215; baseline 0.009 -3"><span class='ocrx_word' id='word_1_175' title='bbox 1942 1172 2272 1215; x_wconf 86' lang='lat' dir='ltr'><strong>manserunt.</strong></span> 
     </span>
    </p>
   </div>
   <div class='ocr_carea' id='block_1_27' title="bbox 2010 1251 3515 1315">
    <p class='ocr_par' dir='ltr' id='par_1_27' title="bbox 2010 1251 3515 1315">
     <span class='ocr_line' id='line_1_27' title="bbox 2010 1251 3515 1315; baseline 0.005 -7"><span class='ocrx_word' id='word_1_176' title='bbox 2010 1253 2074 1308; x_wconf 88' lang='lat' dir='ltr'><strong>G.</strong></span> <span class='ocrx_word' id='word_1_177' title='bbox 2107 1251 2195 1305; x_wconf 82' lang='lat' dir='ltr'><strong>XV</strong></span> <span class='ocrx_word' id='word_1_178' title='bbox 2235 1253 2368 1308; x_wconf 70' lang='lat' dir='ltr'><strong>KAL.</strong></span> <span class='ocrx_word' id='word_1_179' title='bbox 2410 1254 2593 1308; x_wconf 70' lang='lat' dir='ltr'><strong>Apum.</strong></span> <span class='ocrx_word' id='word_1_180' title='bbox 2650 1282 2718 1294; x_wconf 87' lang='lat'><strong>-—-</strong></span> <span class='ocrx_word' id='word_1_181' title='bbox 2762 1254 2947 1311; x_wconf 73' lang='lat' dir='ltr'><strong>Natale</strong></span> <span class='ocrx_word' id='word_1_182' title='bbox 2998 1259 3164 1312; x_wconf 87' lang='lat' dir='ltr'><strong>sancti</strong></span> <span class='ocrx_word' id='word_1_183' title='bbox 3220 1260 3515 1315; x_wconf 79' lang='lat' dir='ltr'><strong>Alexandri</strong></span> 
     </span>
    </p>
   </div>
   <div class='ocr_carea' id='block_1_28' title="bbox 1940 1346 3517 1420">
    <p class='ocr_par' dir='ltr' id='par_1_28' title="bbox 1940 1346 3517 1420">
     <span class='ocr_line' id='line_1_28' title="bbox 1940 1346 3517 1420; baseline 0.004 -19"><span class='ocrx_word' id='word_1_184' title='bbox 1940 1347 2201 1414; x_wconf 88' lang='lat' dir='ltr'><strong>episcopi,</strong></span> <span class='ocrx_word' id='word_1_185' title='bbox 2245 1348 2336 1413; x_wconf 86' lang='lat' dir='ltr'><strong>qui</strong></span> <span class='ocrx_word' id='word_1_186' title='bbox 2386 1346 2455 1401; x_wconf 90' lang='lat' dir='ltr'><strong>de</strong></span> <span class='ocrx_word' id='word_1_187' title='bbox 2502 1347 2835 1417; x_wconf 77' lang='lat' dir='ltr'><strong>Cappadocia</strong></span> <span class='ocrx_word' id='word_1_188' title='bbox 2881 1350 3094 1405; x_wconf 85' lang='lat' dir='ltr'><strong>civitate</strong></span> <span class='ocrx_word' id='word_1_189' title='bbox 3142 1365 3234 1405; x_wconf 88' lang='lat' dir='ltr'><strong>sua</strong></span> <span class='ocrx_word' id='word_1_190' title='bbox 3275 1353 3517 1420; x_wconf 83' lang='lat' dir='ltr'><strong>veniens,</strong></span> 
     </span>
    </p>
   </div>
   <div class='ocr_carea' id='block_1_29' title="bbox 1936 1437 3510 1511">
    <p class='ocr_par' dir='ltr' id='par_1_29' title="bbox 1936 1437 3510 1511">
     <span class='ocr_line' id='line_1_29' title="bbox 1936 1437 3510 1511; baseline 0.003 -21"><span class='ocrx_word' id='word_1_191' title='bbox 1936 1451 2056 1490; x_wconf 90' lang='lat' dir='ltr'><strong>cum</strong></span> <span class='ocrx_word' id='word_1_192' title='bbox 2089 1437 2355 1491; x_wconf 69' lang='lat' dir='ltr'><strong>desiderio</strong></span> <span class='ocrx_word' id='word_1_193' title='bbox 2377 1445 2685 1490; x_wconf 84' lang='lat' dir='ltr'><strong>sanctorum</strong></span> <span class='ocrx_word' id='word_1_194' title='bbox 2716 1438 2950 1493; x_wconf 87' lang='lat' dir='ltr'><strong>locorum</strong></span> <span class='ocrx_word' id='word_1_195' title='bbox 2980 1438 3364 1511; x_wconf 85' lang='lat' dir='ltr'><strong>Jerosolymam</strong></span> <span class='ocrx_word' id='word_1_196' title='bbox 3385 1456 3510 1511; x_wconf 89' lang='lat' dir='ltr'><strong>per-</strong></span> 
     </span>
    </p>
   </div>
   <div class='ocr_carea' id='block_1_30' title="bbox 1936 1528 3511 1602">
    <p class='ocr_par' dir='ltr' id='par_1_30' title="bbox 1936 1528 3511 1602">
     <span class='ocr_line' id='line_1_30' title="bbox 1936 1528 3511 1602; baseline 0.005 -21"><span class='ocrx_word' id='word_1_197' title='bbox 1936 1538 2103 1596; x_wconf 88' lang='lat' dir='ltr'><strong>geret,</strong></span> <span class='ocrx_word' id='word_1_198' title='bbox 2133 1537 2187 1581; x_wconf 91' lang='lat' dir='ltr'><strong>et</strong></span> <span class='ocrx_word' id='word_1_199' title='bbox 2214 1528 2487 1582; x_wconf 79' lang='lat' dir='ltr'><strong>Narcissus</strong></span> <span class='ocrx_word' id='word_1_200' title='bbox 2512 1532 2791 1599; x_wconf 90' lang='lat' dir='ltr'><strong>cpiscopus</strong></span> <span class='ocrx_word' id='word_1_201' title='bbox 2813 1532 3051 1601; x_wconf 84' lang='lat' dir='ltr'><strong>ejusdem</strong></span> <span class='ocrx_word' id='word_1_202' title='bbox 3085 1534 3253 1599; x_wconf 87' lang='lat' dir='ltr'><strong>urbis,</strong></span> <span class='ocrx_word' id='word_1_203' title='bbox 3283 1535 3393 1602; x_wconf 89' lang='lat' dir='ltr'><strong>jam</strong></span> <span class='ocrx_word' id='word_1_204' title='bbox 3423 1549 3511 1588; x_wconf 87' lang='lat' dir='ltr'><strong>se-</strong></span> 
     </span>
    </p>
   </div>
   <div class='ocr_carea' id='block_1_31' title="bbox 1937 1619 3519 1690">
    <p class='ocr_par' dir='ltr' id='par_1_31' title="bbox 1937 1619 3519 1690">
     <span class='ocr_line' id='line_1_31' title="bbox 1937 1619 3519 1690; baseline 0.004 -17"><span class='ocrx_word' id='word_1_205' title='bbox 1937 1635 2037 1674; x_wconf 87' lang='lat' dir='ltr'><strong>nex</strong></span> <span class='ocrx_word' id='word_1_206' title='bbox 2083 1628 2286 1688; x_wconf 86' lang='lat' dir='ltr'><strong>regeret</strong></span> <span class='ocrx_word' id='word_1_207' title='bbox 2319 1619 2632 1687; x_wconf 84' lang='lat' dir='ltr'><strong>Ecclesiam,</strong></span> <span class='ocrx_word' id='word_1_208' title='bbox 2668 1623 2767 1690; x_wconf 87' lang='lat' dir='ltr'><strong>ipsi</strong></span> <span class='ocrx_word' id='word_1_209' title='bbox 2816 1623 3066 1678; x_wconf 84' lang='lat' dir='ltr'><strong>Narcisso</strong></span> <span class='ocrx_word' id='word_1_210' title='bbox 3109 1633 3163 1678; x_wconf 92' lang='lat' dir='ltr'><strong>et</strong></span> <span class='ocrx_word' id='word_1_211' title='bbox 3205 1625 3385 1679; x_wconf 88' lang='lat' dir='ltr'><strong>multis</strong></span> <span class='ocrx_word' id='word_1_212' title='bbox 3408 1626 3519 1679; x_wconf 86' lang='lat' dir='ltr'><strong>cle-</strong></span> 
     </span>
    </p>
   </div>
   <div class='ocr_carea' id='block_1_32' title="bbox 1936 1711 3513 1779">
    <p class='ocr_par' dir='ltr' id='par_1_32' title="bbox 1936 1711 3513 1779">
     <span class='ocr_line' id='line_1_32' title="bbox 1936 1711 3513 1779; baseline 0.005 -15"><span class='ocrx_word' id='word_1_213' title='bbox 1936 1711 2059 1765; x_wconf 86' lang='lat' dir='ltr'><strong>ricis</strong></span> <span class='ocrx_word' id='word_1_214' title='bbox 2088 1714 2202 1779; x_wconf 87' lang='lat' dir='ltr'><strong>ejus</strong></span> <span class='ocrx_word' id='word_1_215' title='bbox 2232 1715 2519 1768; x_wconf 89' lang='lat' dir='ltr'><strong>revelatum</strong></span> <span class='ocrx_word' id='word_1_216' title='bbox 2556 1724 2639 1769; x_wconf 83' lang='lat' dir='ltr'><strong>est</strong></span> <span class='ocrx_word' id='word_1_217' title='bbox 2666 1716 2869 1769; x_wconf 89' lang='lat' dir='ltr'><strong>:altera</strong></span> <span class='ocrx_word' id='word_1_218' title='bbox 2911 1716 2998 1770; x_wconf 70' lang='lat' dir='ltr'><strong>dLe</strong></span> <span class='ocrx_word' id='word_1_219' title='bbox 3031 1730 3184 1770; x_wconf 91' lang='lat' dir='ltr'><strong>mane</strong></span> <span class='ocrx_word' id='word_1_220' title='bbox 3220 1716 3418 1771; x_wconf 75' lang='lat' dir='ltr'><strong>intrare</strong></span> <span class='ocrx_word' id='word_1_221' title='bbox 3445 1717 3513 1772; x_wconf 89' lang='lat' dir='ltr'><strong>ad</strong></span> 
     </span>
    </p>
   </div>
   <div class='ocr_carea' id='block_1_33' title="bbox 1935 1801 3511 1875">
    <p class='ocr_par' dir='ltr' id='par_1_33' title="bbox 1935 1801 3511 1875">
     <span class='ocr_line' id='line_1_33' title="bbox 1935 1801 3511 1875; baseline 0.005 -21"><span class='ocrx_word' id='word_1_222' title='bbox 1935 1801 2261 1870; x_wconf 67' lang='lat' dir='ltr'><strong>epi&lt;cnpum,</strong></span> <span class='ocrx_word' id='word_1_223' title='bbox 2315 1805 2401 1873; x_wconf 91' lang='lat' dir='ltr'><strong>qui</strong></span> <span class='ocrx_word' id='word_1_224' title='bbox 2436 1804 2649 1875; x_wconf 81' lang='lat' dir='ltr'><strong>adjutor</strong></span> <span class='ocrx_word' id='word_1_225' title='bbox 2691 1807 3035 1861; x_wconf 81' lang='lat' dir='ltr'><strong>sacerdotalis</strong></span> <span class='ocrx_word' id='word_1_226' title='bbox 3075 1808 3349 1861; x_wconf 74' lang='lat' dir='ltr'><strong>cathedra:</strong></span> <span class='ocrx_word' id='word_1_227' title='bbox 3390 1822 3511 1862; x_wconf 90' lang='lat' dir='ltr'><strong>esse</strong></span> 
     </span>
    </p>
   </div>
   <div class='ocr_carea' id='block_1_34' title="bbox 261 1869 3512 1968">
    <p class='ocr_par' dir='ltr' id='par_1_34' title="bbox 261 1869 3512 1968">
     <span class='ocr_line' id='line_1_34' title="bbox 261 1869 3512 1968; baseline -0.002 -16"><span class='ocrx_word' id='word_1_228' title='bbox 261 1869 787 1968; x_wconf 45' lang='lat' dir='ltr'><strong>flagellisvatrocibus</strong></span> <span class='ocrx_word' id='word_1_229' title='bbox 812 1898 878 1952; x_wconf 90' lang='lat' dir='ltr'><strong>ab</strong></span> <span class='ocrx_word' id='word_1_230' title='bbox 899 1898 1089 1953; x_wconf 90' lang='lat' dir='ltr'><strong>eodem</strong></span> <span class='ocrx_word' id='word_1_231' title='bbox 1118 1869 1335 1950; x_wconf 82' lang='lat' dir='ltr'><strong>domino</strong></span> <span class='ocrx_word' id='word_1_232' title='bbox 1357 1912 1456 1950; x_wconf 91' lang='lat' dir='ltr'><strong>suo</strong></span> <span class='ocrx_word' id='word_1_233' title='bbox 1477 1869 1705 1949; x_wconf 76' lang='lat' dir='ltr'><strong>lacerata</strong></span> <span class='ocrx_word' id='word_1_234' title='bbox 1730 1869 1832 1948; x_wconf 72' lang='lat' dir='ltr'><strong>est.</strong></span> <span class='ocrx_word' id='word_1_235' title='bbox 1869 1869 1913 1929; x_wconf 76' lang='grc' dir='ltr'><strong><em>Β</em></strong></span> <span class='ocrx_word' id='word_1_236' title='bbox 1943 1869 2179 1948; x_wconf 83' lang='lat' dir='ltr'><strong>deberet.</strong></span> <span class='ocrx_word' id='word_1_237' title='bbox 2215 1869 2394 1962; x_wconf 82' lang='lat' dir='ltr'><strong>Itaque</strong></span> <span class='ocrx_word' id='word_1_238' title='bbox 2437 1869 2595 1949; x_wconf 33' lang='lat' dir='ltr'><strong>revita</strong></span> <span class='ocrx_word' id='word_1_239' title='bbox 2627 1896 2915 1965; x_wconf 86' lang='lat' dir='ltr'><strong>completa,</strong></span> <span class='ocrx_word' id='word_1_240' title='bbox 2946 1905 3002 1949; x_wconf 93' lang='lat' dir='ltr'><strong>ut</strong></span> <span class='ocrx_word' id='word_1_241' title='bbox 3046 1898 3293 1963; x_wconf 83' lang='lat' dir='ltr'><strong>praedicta</strong></span> <span class='ocrx_word' id='word_1_242' title='bbox 3325 1897 3512 1957; x_wconf 84' lang='lat' dir='ltr'><strong>fuerat,</strong></span> 
     </span>
    </p>
   </div>
   <div class='ocr_carea' id='block_1_35' title="bbox 262 1984 1836 2059">
    <p class='ocr_par' dir='ltr' id='par_1_35' title="bbox 262 1984 1836 2059">
     <span class='ocr_line' id='line_1_35' title="bbox 262 1984 1836 2059; baseline -0.005 -15"><span class='ocrx_word' id='word_1_243' title='bbox 262 1990 369 2044; x_wconf 88' lang='lat' dir='ltr'><strong>Sed</strong></span> <span class='ocrx_word' id='word_1_244' title='bbox 405 2005 525 2043; x_wconf 89' lang='lat' dir='ltr'><strong>cum</strong></span> <span class='ocrx_word' id='word_1_245' title='bbox 578 2006 685 2044; x_wconf 92' lang='lat' dir='ltr'><strong>non</strong></span> <span class='ocrx_word' id='word_1_246' title='bbox 718 1998 896 2058; x_wconf 89' lang='lat' dir='ltr'><strong>posset</strong></span> <span class='ocrx_word' id='word_1_247' title='bbox 928 2004 1023 2059; x_wconf 91' lang='lat' dir='ltr'><strong>per</strong></span> <span class='ocrx_word' id='word_1_248' title='bbox 1062 1988 1163 2041; x_wconf 91' lang='lat' dir='ltr'><strong>hoc</strong></span> <span class='ocrx_word' id='word_1_249' title='bbox 1210 1991 1279 2040; x_wconf 87' lang='lat' dir='ltr'><strong>ab</strong></span> <span class='ocrx_word' id='word_1_250' title='bbox 1332 1986 1578 2040; x_wconf 87' lang='lat' dir='ltr'><strong>instantia</strong></span> <span class='ocrx_word' id='word_1_251' title='bbox 1633 1984 1836 2038; x_wconf 87' lang='lat' dir='ltr'><strong>servitii</strong></span> 
     </span>
    </p>
   </div>
   <div class='ocr_carea' id='block_1_36' title="bbox 262 2077 1837 2146">
    <p class='ocr_par' dir='ltr' id='par_1_36' title="bbox 262 2077 1837 2146">
     <span class='ocr_line' id='line_1_36' title="bbox 262 2077 1837 2146; baseline -0.001 -13"><span class='ocrx_word' id='word_1_252' title='bbox 262 2079 486 2146; x_wconf 84' lang='lat' dir='ltr'><strong>Christi,</strong></span> <span class='ocrx_word' id='word_1_253' title='bbox 520 2080 585 2133; x_wconf 89' lang='lat' dir='ltr'><strong>ad</strong></span> <span class='ocrx_word' id='word_1_254' title='bbox 612 2080 874 2134; x_wconf 91' lang='lat' dir='ltr'><strong>idolorum</strong></span> <span class='ocrx_word' id='word_1_255' title='bbox 905 2080 1105 2133; x_wconf 92' lang='lat' dir='ltr'><strong>cultum</strong></span> <span class='ocrx_word' id='word_1_256' title='bbox 1137 2078 1400 2144; x_wconf 87' lang='lat' dir='ltr'><strong>revocari,</strong></span> <span class='ocrx_word' id='word_1_257' title='bbox 1428 2078 1592 2144; x_wconf 91' lang='lat' dir='ltr'><strong>judici</strong></span> <span class='ocrx_word' id='word_1_258' title='bbox 1628 2077 1837 2145; x_wconf 90' lang='lat' dir='ltr'><strong>publico</strong></span> 
     </span>
    </p>
   </div>
   <div class='ocr_carea' id='block_1_37' title="bbox 261 2168 1833 2240">
    <p class='ocr_par' dir='ltr' id='par_1_37' title="bbox 261 2168 1833 2240">
     <span class='ocr_line' id='line_1_37' title="bbox 261 2168 1833 2240; baseline -0.002 -18"><span class='ocrx_word' id='word_1_259' title='bbox 261 2170 330 2222; x_wconf 84' lang='lat' dir='ltr'><strong>ad</strong></span> <span class='ocrx_word' id='word_1_260' title='bbox 377 2171 697 2240; x_wconf 89' lang='lat' dir='ltr'><strong>puniendum</strong></span> <span class='ocrx_word' id='word_1_261' title='bbox 750 2169 938 2223; x_wconf 88' lang='lat' dir='ltr'><strong>tradita</strong></span> <span class='ocrx_word' id='word_1_262' title='bbox 968 2180 1071 2223; x_wconf 89' lang='lat' dir='ltr'><strong>est.</strong></span> <span class='ocrx_word' id='word_1_263' title='bbox 1110 2168 1209 2224; x_wconf 86' lang='lat' dir='ltr'><strong>Ubi</strong></span> <span class='ocrx_word' id='word_1_264' title='bbox 1242 2168 1364 2222; x_wconf 91' lang='lat' dir='ltr'><strong>dum</strong></span> <span class='ocrx_word' id='word_1_265' title='bbox 1404 2169 1686 2221; x_wconf 80' lang='lat' dir='ltr'><strong>carnifices</strong></span> <span class='ocrx_word' id='word_1_266' title='bbox 1716 2180 1833 2219; x_wconf 88' lang='lat' dir='ltr'><strong>eam</strong></span> 
     </span>
    </p>
   </div>
   <div class='ocr_carea' id='block_1_38' title="bbox 262 2258 1832 2329">
    <p class='ocr_par' dir='ltr' id='par_1_38' title="bbox 262 2258 1832 2329">
     <span class='ocr_line' id='line_1_38' title="bbox 262 2258 1832 2329; baseline 0.001 -18"><span class='ocrx_word' id='word_1_267' title='bbox 262 2260 515 2314; x_wconf 86' lang='lat' dir='ltr'><strong>incendio</strong></span> <span class='ocrx_word' id='word_1_268' title='bbox 546 2260 753 2314; x_wconf 83' lang='lat' dir='ltr'><strong>tradere</strong></span> <span class='ocrx_word' id='word_1_269' title='bbox 801 2261 1138 2324; x_wconf 78' lang='lat' dir='ltr'><strong>voluissent,</strong></span> <span class='ocrx_word' id='word_1_270' title='bbox 1175 2267 1391 2328; x_wconf 81' lang='lat' dir='ltr'><strong>propter</strong></span> <span class='ocrx_word' id='word_1_271' title='bbox 1435 2272 1621 2329; x_wconf 85' lang='lat' dir='ltr'><strong>preces</strong></span> <span class='ocrx_word' id='word_1_272' title='bbox 1654 2258 1832 2327; x_wconf 89' lang='lat' dir='ltr'><strong>populi</strong></span> 
     </span>
    </p>
   </div>
   <div class='ocr_carea' id='block_1_39' title="bbox 257 2350 1833 2417">
    <p class='ocr_par' dir='ltr' id='par_1_39' title="bbox 257 2350 1833 2417">
     <span class='ocr_line' id='line_1_39' title="bbox 257 2350 1833 2417; baseline -0.001 -11"><span class='ocrx_word' id='word_1_273' title='bbox 257 2352 403 2406; x_wconf 76' lang='lat' dir='ltr'><strong>data:</strong></span> <span class='ocrx_word' id='word_1_274' title='bbox 457 2362 580 2405; x_wconf 89' lang='lat' dir='ltr'><strong>sunt</strong></span> <span class='ocrx_word' id='word_1_275' title='bbox 623 2352 670 2407; x_wconf 92' lang='lat' dir='ltr'><strong>ei</strong></span> <span class='ocrx_word' id='word_1_276' title='bbox 710 2352 935 2406; x_wconf 74' lang='lat' dir='ltr'><strong>induciae</strong></span> <span class='ocrx_word' id='word_1_277' title='bbox 982 2352 1139 2406; x_wconf 89' lang='lat' dir='ltr'><strong>trium</strong></span> <span class='ocrx_word' id='word_1_278' title='bbox 1188 2351 1417 2407; x_wconf 90' lang='lat' dir='ltr'><strong>dierum.</strong></span> <span class='ocrx_word' id='word_1_279' title='bbox 1462 2350 1660 2405; x_wconf 84' lang='lat' dir='ltr'><strong>Triduo</strong></span> <span class='ocrx_word' id='word_1_280' title='bbox 1707 2364 1833 2417; x_wconf 54' lang='lat' dir='ltr'><strong>ergo</strong></span> 
     </span>
    </p>
   </div>
   <div class='ocr_carea' id='block_1_40' title="bbox 257 2439 1834 2512">
    <p class='ocr_par' dir='ltr' id='par_1_40' title="bbox 257 2439 1834 2512">
     <span class='ocr_line' id='line_1_40' title="bbox 257 2439 1834 2512; baseline -0.003 -15"><span class='ocrx_word' id='word_1_281' title='bbox 257 2441 555 2511; x_wconf 89' lang='lat' dir='ltr'><strong>completo,</strong></span> <span class='ocrx_word' id='word_1_282' title='bbox 602 2457 723 2511; x_wconf 88' lang='lat' dir='ltr'><strong>cum</strong></span> <span class='ocrx_word' id='word_1_283' title='bbox 777 2442 968 2497; x_wconf 88' lang='lat' dir='ltr'><strong>iterum</strong></span> <span class='ocrx_word' id='word_1_284' title='bbox 1010 2441 1183 2512; x_wconf 91' lang='lat' dir='ltr'><strong>puniri</strong></span> <span class='ocrx_word' id='word_1_285' title='bbox 1234 2441 1474 2505; x_wconf 89' lang='lat' dir='ltr'><strong>deberet,</strong></span> <span class='ocrx_word' id='word_1_286' title='bbox 1516 2439 1834 2495; x_wconf 82' lang='lat' dir='ltr'><strong>mirabiliter</strong></span> 
     </span>
    </p>
   </div>
   <div class='ocr_carea' id='block_1_41' title="bbox 260 2531 1831 2602">
    <p class='ocr_par' dir='ltr' id='par_1_41' title="bbox 260 2531 1831 2602">
     <span class='ocr_line' id='line_1_41' title="bbox 260 2531 1831 2602; baseline -0.002 -16"><span class='ocrx_word' id='word_1_287' title='bbox 260 2532 475 2587; x_wconf 82' lang='lat' dir='ltr'><strong>Domini</strong></span> <span class='ocrx_word' id='word_1_288' title='bbox 507 2533 864 2587; x_wconf 78' lang='lat' dir='ltr'><strong>misericordia</strong></span> <span class='ocrx_word' id='word_1_289' title='bbox 894 2543 1072 2602; x_wconf 84' lang='lat' dir='ltr'><strong>erepta</strong></span> <span class='ocrx_word' id='word_1_290' title='bbox 1104 2540 1204 2588; x_wconf 87' lang='lat' dir='ltr'><strong>est.</strong></span> <span class='ocrx_word' id='word_1_291' title='bbox 1230 2532 1360 2587; x_wconf 87' lang='lat' dir='ltr'><strong>Nam</strong></span> <span class='ocrx_word' id='word_1_292' title='bbox 1389 2547 1505 2586; x_wconf 90' lang='lat' dir='ltr'><strong>cum</strong></span> <span class='ocrx_word' id='word_1_293' title='bbox 1537 2531 1831 2586; x_wconf 88' lang='lat' dir='ltr'><strong>orationem</strong></span> 
     </span>
    </p>
   </div>
   <div class='ocr_carea' id='block_1_42' title="bbox 261 2622 1834 2693">
    <p class='ocr_par' dir='ltr' id='par_1_42' title="bbox 261 2622 1834 2693">
     <span class='ocr_line' id='line_1_42' title="bbox 261 2622 1834 2693; baseline -0.003 -16"><span class='ocrx_word' id='word_1_294' title='bbox 261 2622 491 2679; x_wconf 76' lang='lat' dir='ltr'><strong>fudisset</strong></span> <span class='ocrx_word' id='word_1_295' title='bbox 517 2623 582 2677; x_wconf 90' lang='lat' dir='ltr'><strong>ad</strong></span> <span class='ocrx_word' id='word_1_296' title='bbox 612 2624 912 2689; x_wconf 87' lang='lat' dir='ltr'><strong>Dominum,</strong></span> <span class='ocrx_word' id='word_1_297' title='bbox 945 2634 1092 2691; x_wconf 90' lang='lat' dir='ltr'><strong>petra</strong></span> <span class='ocrx_word' id='word_1_298' title='bbox 1139 2623 1343 2693; x_wconf 87' lang='lat' dir='ltr'><strong>ingens,</strong></span> <span class='ocrx_word' id='word_1_299' title='bbox 1377 2637 1494 2692; x_wconf 70' lang='lat' dir='ltr'><strong>quite</strong></span> <span class='ocrx_word' id='word_1_300' title='bbox 1550 2631 1673 2675; x_wconf 90' lang='lat' dir='ltr'><strong>ante</strong></span> <span class='ocrx_word' id='word_1_301' title='bbox 1716 2634 1834 2673; x_wconf 90' lang='lat' dir='ltr'><strong>eam</strong></span> 
     </span>
    </p>
   </div>
   <div class='ocr_carea' id='block_1_43' title="bbox 258 2714 1835 2788">
    <p class='ocr_par' dir='ltr' id='par_1_43' title="bbox 258 2714 1835 2788">
     <span class='ocr_line' id='line_1_43' title="bbox 258 2714 1835 2788; baseline 0 -20"><span class='ocrx_word' id='word_1_302' title='bbox 258 2714 459 2782; x_wconf 81' lang='lat' dir='ltr'><strong>fuerat,</strong></span> <span class='ocrx_word' id='word_1_303' title='bbox 504 2732 599 2788; x_wconf 69' lang='lat' dir='ltr'><strong>per</strong></span> <span class='ocrx_word' id='word_1_304' title='bbox 626 2717 858 2772; x_wconf 87' lang='lat' dir='ltr'><strong>medium</strong></span> <span class='ocrx_word' id='word_1_305' title='bbox 892 2717 1057 2773; x_wconf 87' lang='lat' dir='ltr'><strong>scissa</strong></span> <span class='ocrx_word' id='word_1_306' title='bbox 1082 2718 1226 2773; x_wconf 89' lang='lat' dir='ltr'><strong>illam</strong></span> <span class='ocrx_word' id='word_1_307' title='bbox 1258 2717 1312 2771; x_wconf 92' lang='lat' dir='ltr'><strong>in</strong></span> <span class='ocrx_word' id='word_1_308' title='bbox 1340 2732 1398 2773; x_wconf 85' lang='lat' dir='ltr'><strong>se</strong></span> <span class='ocrx_word' id='word_1_309' title='bbox 1437 2716 1746 2787; x_wconf 88' lang='lat' dir='ltr'><strong>recipiebat,</strong></span> <span class='ocrx_word' id='word_1_310' title='bbox 1780 2721 1835 2768; x_wconf 91' lang='lat' dir='ltr'><strong>et</strong></span> 
     </span>
    </p>
   </div>
   <div class='ocr_carea' id='block_1_44' title="bbox 1943 1984 3515 2055">
    <p class='ocr_par' dir='ltr' id='par_1_44' title="bbox 1943 1984 3515 2055">
     <span class='ocr_line' id='line_1_44' title="bbox 1943 1984 3515 2055; baseline 0.003 -19"><span class='ocrx_word' id='word_1_311' title='bbox 1943 1984 2150 2037; x_wconf 90' lang='lat' dir='ltr'><strong>cunctis</strong></span> <span class='ocrx_word' id='word_1_312' title='bbox 2197 1984 2248 2037; x_wconf 94' lang='lat' dir='ltr'><strong>in</strong></span> <span class='ocrx_word' id='word_1_313' title='bbox 2282 1984 2561 2038; x_wconf 77' lang='lat' dir='ltr'><strong>P..l:nstina</strong></span> <span class='ocrx_word' id='word_1_314' title='bbox 2591 1986 2641 2039; x_wconf 90' lang='lat' dir='ltr'><strong>in</strong></span> <span class='ocrx_word' id='word_1_315' title='bbox 2673 2001 2830 2039; x_wconf 90' lang='lat' dir='ltr'><strong>unum</strong></span> <span class='ocrx_word' id='word_1_316' title='bbox 2857 1986 3211 2055; x_wconf 79' lang='lat' dir='ltr'><strong>congregatis,</strong></span> <span class='ocrx_word' id='word_1_317' title='bbox 3243 1984 3515 2040; x_wconf 84' lang='lat' dir='ltr'><strong>adnitente</strong></span> 
     </span>
    </p>
   </div>
   <div class='ocr_carea' id='block_1_45' title="bbox 1951 2076 3511 2146">
    <p class='ocr_par' dir='ltr' id='par_1_45' title="bbox 1951 2076 3511 2146">
     <span class='ocr_line' id='line_1_45' title="bbox 1951 2076 3511 2146; baseline 0.003 -21"><span class='ocrx_word' id='word_1_318' title='bbox 1951 2076 2034 2127; x_wconf 81' lang='lat' dir='ltr'><strong>vel</strong></span> <span class='ocrx_word' id='word_1_319' title='bbox 2059 2076 2287 2129; x_wconf 78' lang='lat' dir='ltr'><strong>maxime</strong></span> <span class='ocrx_word' id='word_1_320' title='bbox 2317 2076 2579 2141; x_wconf 82' lang='lat' dir='ltr'><strong>Narcisso,</strong></span> <span class='ocrx_word' id='word_1_321' title='bbox 2597 2077 3085 2146; x_wconf 74' lang='lat' dir='ltr'><strong>Hierosolymitanze</strong></span> <span class='ocrx_word' id='word_1_322' title='bbox 3114 2076 3365 2131; x_wconf 67' lang='lat' dir='ltr'><strong>Ecclesia:</strong></span> <span class='ocrx_word' id='word_1_323' title='bbox 3393 2091 3511 2129; x_wconf 90' lang='lat' dir='ltr'><strong>cum</strong></span> 
     </span>
    </p>
   </div>
   <div class='ocr_carea' id='block_1_46' title="bbox 1945 2164 3529 2235">
    <p class='ocr_par' dir='ltr' id='par_1_46' title="bbox 1945 2164 3529 2235">
     <span class='ocr_line' id='line_1_46' title="bbox 1945 2164 3529 2235; baseline 0 -17"><span class='ocrx_word' id='word_1_324' title='bbox 1945 2178 2010 2218; x_wconf 90' lang='lat' dir='ltr'><strong>eo</strong></span> <span class='ocrx_word' id='word_1_325' title='bbox 2039 2165 2452 2233; x_wconf 86' lang='lat' dir='ltr'><strong>gubernaculum</strong></span> <span class='ocrx_word' id='word_1_326' title='bbox 2486 2169 2720 2235; x_wconf 86' lang='lat' dir='ltr'><strong>suscepit</strong></span> <span class='ocrx_word' id='word_1_327' title='bbox 2751 2184 2765 2218; x_wconf 87' lang='lat'><strong>:</strong></span> <span class='ocrx_word' id='word_1_328' title='bbox 2797 2166 2989 2235; x_wconf 90' lang='lat' dir='ltr'><strong>quique</strong></span> <span class='ocrx_word' id='word_1_329' title='bbox 3012 2166 3383 2234; x_wconf 89' lang='lat' dir='ltr'><strong>persecutione</strong></span> <span class='ocrx_word' id='word_1_330' title='bbox 3409 2164 3529 2235; x_wconf 32' lang='lat' dir='ltr'><strong>De-,</strong></span> 
     </span>
    </p>
   </div>
   <div class='ocr_carea' id='block_1_47' title="bbox 1939 2256 3504 2325">
    <p class='ocr_par' dir='ltr' id='par_1_47' title="bbox 1939 2256 3504 2325">
     <span class='ocr_line' id='line_1_47' title="bbox 1939 2256 3504 2325; baseline -0.002 -15"><span class='ocrx_word' id='word_1_331' title='bbox 1939 2256 2007 2310; x_wconf 91' lang='lat' dir='ltr'><strong>cii</strong></span> <span class='ocrx_word' id='word_1_332' title='bbox 2030 2271 2146 2310; x_wconf 91' lang='lat' dir='ltr'><strong>cum</strong></span> <span class='ocrx_word' id='word_1_333' title='bbox 2191 2257 2301 2324; x_wconf 72' lang='lat' dir='ltr'><strong>jam</strong></span> <span class='ocrx_word' id='word_1_334' title='bbox 2330 2257 2580 2325; x_wconf 63' lang='lat' dir='ltr'><strong>longaeva:</strong></span> <span class='ocrx_word' id='word_1_335' title='bbox 2609 2256 2779 2309; x_wconf 65' lang='lat' dir='ltr'><strong>aetatis</strong></span> <span class='ocrx_word' id='word_1_336' title='bbox 2811 2256 3105 2310; x_wconf 82' lang='lat' dir='ltr'><strong>veneranda</strong></span> <span class='ocrx_word' id='word_1_337' title='bbox 3137 2257 3329 2311; x_wconf 64' lang='lat' dir='ltr'><strong>canitie</strong></span> <span class='ocrx_word' id='word_1_338' title='bbox 3368 2269 3504 2321; x_wconf 70' lang='lat' dir='ltr'><strong>prae-</strong></span> 
     </span>
    </p>
   </div>
   <div class='ocr_carea' id='block_1_48' title="bbox 1940 2345 3511 2415">
    <p class='ocr_par' dir='ltr' id='par_1_48' title="bbox 1940 2345 3511 2415">
     <span class='ocr_line' id='line_1_48' title="bbox 1940 2345 3511 2415; baseline -0.004 -14"><span class='ocrx_word' id='word_1_339' title='bbox 1940 2348 2181 2415; x_wconf 84' lang='lat' dir='ltr'><strong>fulgeret,</strong></span> <span class='ocrx_word' id='word_1_340' title='bbox 2230 2347 2420 2401; x_wconf 90' lang='lat' dir='ltr'><strong>ductus</strong></span> <span class='ocrx_word' id='word_1_341' title='bbox 2470 2347 2787 2412; x_wconf 61' lang='lat' dir='ltr'><strong>Ctesaream,</strong></span> <span class='ocrx_word' id='word_1_342' title='bbox 2838 2356 2890 2400; x_wconf 89' lang='lat' dir='ltr'><strong>et</strong></span> <span class='ocrx_word' id='word_1_343' title='bbox 2918 2347 3127 2401; x_wconf 89' lang='lat' dir='ltr'><strong>clausus</strong></span> <span class='ocrx_word' id='word_1_344' title='bbox 3167 2359 3403 2404; x_wconf 87' lang='lat' dir='ltr'><strong>carcere.</strong></span> <span class='ocrx_word' id='word_1_345' title='bbox 3441 2345 3511 2398; x_wconf 89' lang='lat' dir='ltr'><strong>ob</strong></span> 
     </span>
    </p>
   </div>
   <div class='ocr_carea' id='block_1_49' title="bbox 1942 2436 3508 2507">
    <p class='ocr_par' dir='ltr' id='par_1_49' title="bbox 1942 2436 3508 2507">
     <span class='ocr_line' id='line_1_49' title="bbox 1942 2436 3508 2507; baseline -0.003 -14"><span class='ocrx_word' id='word_1_346' title='bbox 1942 2436 2334 2493; x_wconf 78' lang='lat' dir='ltr'><strong>confessionem</strong></span> <span class='ocrx_word' id='word_1_347' title='bbox 2390 2436 2589 2492; x_wconf 85' lang='lat' dir='ltr'><strong>Christi</strong></span> <span class='ocrx_word' id='word_1_348' title='bbox 2651 2439 2907 2507; x_wconf 89' lang='lat' dir='ltr'><strong>martyrio</strong></span> <span class='ocrx_word' id='word_1_349' title='bbox 2958 2448 3241 2490; x_wconf 86' lang='lat' dir='ltr'><strong>coronatus</strong></span> <span class='ocrx_word' id='word_1_350' title='bbox 3293 2445 3394 2491; x_wconf 88' lang='lat' dir='ltr'><strong>est.</strong></span> <span class='ocrx_word' id='word_1_351' title='bbox 3453 2436 3508 2488; x_wconf 92' lang='lat' dir='ltr'><strong>In</strong></span> 
     </span>
    </p>
   </div>
   <div class='ocr_carea' id='block_1_50' title="bbox 1941 2525 3510 2595">
    <p class='ocr_par' dir='ltr' id='par_1_50' title="bbox 1941 2525 3510 2595">
     <span class='ocr_line' id='line_1_50' title="bbox 1941 2525 3510 2595; baseline -0.002 -13"><span class='ocrx_word' id='word_1_352' title='bbox 1941 2526 2265 2582; x_wconf 82' lang='lat' dir='ltr'><strong>Alexandria</strong></span> <span class='ocrx_word' id='word_1_353' title='bbox 2308 2530 2482 2582; x_wconf 81' lang='lat' dir='ltr'><strong>natale</strong></span> <span class='ocrx_word' id='word_1_354' title='bbox 2507 2527 2775 2594; x_wconf 88' lang='lat' dir='ltr'><strong>Colestici,</strong></span> <span class='ocrx_word' id='word_1_355' title='bbox 2806 2538 2860 2585; x_wconf 90' lang='lat' dir='ltr'><strong>et</strong></span> <span class='ocrx_word' id='word_1_356' title='bbox 2888 2530 2937 2582; x_wconf 92' lang='lat' dir='ltr'><strong>in</strong></span> <span class='ocrx_word' id='word_1_357' title='bbox 2978 2527 3284 2583; x_wconf 78' lang='lat' dir='ltr'><strong>Nicomedia</strong></span> <span class='ocrx_word' id='word_1_358' title='bbox 3314 2525 3510 2595; x_wconf 84' lang='lat' dir='ltr'><strong>Aprilis</strong></span> 
     </span>
    </p>
   </div>
   <div class='ocr_carea' id='block_1_51' title="bbox 1942 2617 2260 2673">
    <p class='ocr_par' dir='ltr' id='par_1_51' title="bbox 1942 2617 2260 2673">
     <span class='ocr_line' id='line_1_51' title="bbox 1942 2617 2260 2673; baseline -0.006 -1"><span class='ocrx_word' id='word_1_359' title='bbox 1942 2627 1997 2673; x_wconf 90' lang='lat' dir='ltr'><strong>et</strong></span> <span class='ocrx_word' id='word_1_360' title='bbox 2026 2617 2260 2671; x_wconf 76' lang='lat' dir='ltr'><strong>Cervoli.</strong></span> 
     </span>
    </p>
   </div>
   <div class='ocr_carea' id='block_1_52' title="bbox 2010 2702 3515 2778">
    <p class='ocr_par' dir='ltr' id='par_1_52' title="bbox 2010 2702 3515 2778">
     <span class='ocr_line' id='line_1_52' title="bbox 2010 2702 3515 2778; baseline -0.001 -18"><span class='ocrx_word' id='word_1_361' title='bbox 2010 2707 2074 2760; x_wconf 84' lang='lat' dir='ltr'><strong>A.</strong></span> <span class='ocrx_word' id='word_1_362' title='bbox 2106 2706 2217 2761; x_wconf 80' lang='lat' dir='ltr'><strong>XIV</strong></span> <span class='ocrx_word' id='word_1_363' title='bbox 2244 2706 2376 2761; x_wconf 67' lang='lat' dir='ltr'><strong>Kac.</strong></span> <span class='ocrx_word' id='word_1_364' title='bbox 2409 2709 2593 2764; x_wconf 78' lang='lat' dir='ltr'><strong>Arntt.</strong></span> <span class='ocrx_word' id='word_1_365' title='bbox 2616 2736 2688 2749; x_wconf 92' lang='lat'><strong>--</strong></span> <span class='ocrx_word' id='word_1_366' title='bbox 2716 2706 2771 2762; x_wconf 91' lang='lat' dir='ltr'><strong>In</strong></span> <span class='ocrx_word' id='word_1_367' title='bbox 2791 2706 3062 2778; x_wconf 88' lang='lat' dir='ltr'><strong>Spolitana</strong></span> <span class='ocrx_word' id='word_1_368' title='bbox 3093 2705 3306 2761; x_wconf 84' lang='lat' dir='ltr'><strong>civitate</strong></span> <span class='ocrx_word' id='word_1_369' title='bbox 3335 2702 3515 2758; x_wconf 86' lang='lat' dir='ltr'><strong>natale</strong></span> 
     </span>
    </p>
   </div>
   <div class='ocr_carea' id='block_1_53' title="bbox 1494 2816 2261 2882">
    <p class='ocr_par' dir='ltr' id='par_1_53' title="bbox 1494 2816 2261 2882">
     <span class='ocr_line' id='line_1_53' title="bbox 1494 2816 2261 2882; baseline -0.008 -1"><span class='ocrx_word' id='word_1_370' title='bbox 1494 2816 1717 2882; x_wconf 73' lang='lat' dir='ltr'><strong>serito</strong></span> <span class='ocrx_word' id='word_1_371' title='bbox 1757 2821 2261 2880; x_wconf 78' lang='lat' dir='ltr'><strong>BOLLANDIANA.</strong></span> 
     </span>
    </p>
   </div>
   <div class='ocr_carea' id='block_1_54' title="bbox 259 2938 1837 3080">
    <p class='ocr_par' dir='ltr' id='par_1_54' title="bbox 259 2938 1837 3080">
     <span class='ocr_line' id='line_1_54' title="bbox 259 2938 1837 3080; baseline -0.005 -83"><span class='ocrx_word' id='word_1_372' title='bbox 259 3013 306 3080; x_wconf 72' lang='lat' dir='ltr'><strong>Q</strong></span> <span class='ocrx_word' id='word_1_373' title='bbox 335 2942 421 3025; x_wconf 42' lang='lat' dir='ltr'><strong>Ii...</strong></span> <span class='ocrx_word' id='word_1_374' title='bbox 442 2940 496 2996; x_wconf 87' lang='lat' dir='ltr'><strong>In</strong></span> <span class='ocrx_word' id='word_1_375' title='bbox 520 2940 824 2999; x_wconf 73' lang='lat' dir='ltr'><strong>Nicomedia</strong></span> <span class='ocrx_word' id='word_1_376' title='bbox 841 2939 1097 3010; x_wconf 83' lang='lat' dir='ltr'><strong>Castoris,</strong></span> <span class='ocrx_word' id='word_1_377' title='bbox 1116 2939 1374 3011; x_wconf 82' lang='lat' dir='ltr'><strong>Dionysii,</strong></span> <span class='ocrx_word' id='word_1_378' title='bbox 1411 2938 1606 3009; x_wconf 85' lang='lat' dir='ltr'><strong>Nonni,</strong></span> <span class='ocrx_word' id='word_1_379' title='bbox 1626 2939 1837 3006; x_wconf 87' lang='lat' dir='ltr'><strong>Sereni,</strong></span> 
     </span>
     <span class='ocr_line' id='line_1_55' title="bbox 310 3029 542 3067; baseline 0.004 -3"><span class='ocrx_word' id='word_1_380' title='bbox 310 3029 542 3067; x_wconf 68' lang='lat' dir='ltr'><strong>lllrlaCIB.</strong></span> 
     </span>
    </p>
   </div>
   <div class='ocr_carea' id='block_1_55' title="bbox 310 3029 542 3067">
    <p class='ocr_par' dir='ltr' id='par_1_55' title="bbox 310 3029 542 3067">
     <span class='ocr_line' id='line_1_56' title="bbox 310 3029 542 3067; baseline 0.004 -3"><span class='ocrx_word' id='word_1_381' title='bbox 310 3029 542 3067; x_wconf 59' lang='grc' dir='ltr'><strong>ωηερε.</strong></span> 
     </span>
    </p>
   </div>
   <div class='ocr_carea' id='block_1_56' title="bbox 336 3100 1837 3158">
    <p class='ocr_par' dir='ltr' id='par_1_56' title="bbox 336 3100 1837 3158">
     <span class='ocr_line' id='line_1_57' title="bbox 336 3100 1837 3158; baseline -0.001 -1"><span class='ocrx_word' id='word_1_382' title='bbox 336 3105 427 3158; x_wconf 84' lang='grc'><strong>17.</strong></span> <span class='ocrx_word' id='word_1_383' title='bbox 453 3134 522 3143; x_wconf 88' lang='grc'><strong><em>-</em></strong></span> <span class='ocrx_word' id='word_1_384' title='bbox 567 3101 679 3157; x_wconf 84' lang='lat' dir='ltr'><strong>XVI</strong></span> <span class='ocrx_word' id='word_1_385' title='bbox 710 3102 846 3157; x_wconf 78' lang='grc' dir='ltr'><strong>ΚΑι..</strong></span> <span class='ocrx_word' id='word_1_386' title='bbox 898 3103 952 3156; x_wconf 90' lang='lat' dir='ltr'><strong>In</strong></span> <span class='ocrx_word' id='word_1_387' title='bbox 980 3101 1158 3157; x_wconf 87' lang='lat' dir='ltr'><strong>Scotia</strong></span> <span class='ocrx_word' id='word_1_388' title='bbox 1188 3101 1248 3158; x_wconf 90' lang='lat' dir='ltr'><strong>S.</strong></span> <span class='ocrx_word' id='word_1_389' title='bbox 1277 3111 1302 3138; x_wconf 75' lang='grc'><strong><em>⁸</em></strong></span> <span class='ocrx_word' id='word_1_390' title='bbox 1332 3100 1543 3154; x_wconf 87' lang='lat' dir='ltr'><strong>Patricii</strong></span> <span class='ocrx_word' id='word_1_391' title='bbox 1566 3100 1837 3156; x_wconf 88' lang='lat' dir='ltr'><strong>confesso-</strong></span> 
     </span>
    </p>
   </div>
   <div class='ocr_carea' id='block_1_57' title="bbox 270 3188 1586 3259">
    <p class='ocr_par' dir='ltr' id='par_1_57' title="bbox 270 3188 1586 3259">
     <span class='ocr_line' id='line_1_58' title="bbox 270 3188 1586 3259; baseline -0.001 -14"><span class='ocrx_word' id='word_1_392' title='bbox 270 3192 366 3245; x_wconf 84' lang='lat' dir='ltr'><strong>ris.</strong></span> <span class='ocrx_word' id='word_1_393' title='bbox 402 3193 600 3245; x_wconf 86' lang='lat' dir='ltr'><strong>Eodem</strong></span> <span class='ocrx_word' id='word_1_394' title='bbox 628 3191 717 3244; x_wconf 75' lang='lat' dir='ltr'><strong>dTe</strong></span> <span class='ocrx_word' id='word_1_395' title='bbox 744 3191 919 3244; x_wconf 92' lang='lat' dir='ltr'><strong>obitus</strong></span> <span class='ocrx_word' id='word_1_396' title='bbox 948 3190 1007 3245; x_wconf 92' lang='lat' dir='ltr'><strong>S.</strong></span> <span class='ocrx_word' id='word_1_397' title='bbox 1036 3189 1319 3245; x_wconf 83' lang='lat' dir='ltr'><strong>Gertrudis</strong></span> <span class='ocrx_word' id='word_1_398' title='bbox 1347 3188 1586 3259; x_wconf 79' lang='lat' dir='ltr'><strong>virginis.</strong></span> 
     </span>
    </p>
   </div>
   <div class='ocr_carea' id='block_1_58' title="bbox 337 3277 1835 3345">
    <p class='ocr_par' dir='ltr' id='par_1_58' title="bbox 337 3277 1835 3345">
     <span class='ocr_line' id='line_1_59' title="bbox 337 3277 1835 3345; baseline -0.001 -11"><span class='ocrx_word' id='word_1_399' title='bbox 337 3279 394 3334; x_wconf 88' lang='lat' dir='ltr'><strong>In</strong></span> <span class='ocrx_word' id='word_1_400' title='bbox 428 3279 648 3333; x_wconf 80' lang='lat' dir='ltr'><strong>Rabano</strong></span> <span class='ocrx_word' id='word_1_401' title='bbox 677 3281 827 3331; x_wconf 85' lang='lat' dir='ltr'><strong>deest</strong></span> <span class='ocrx_word' id='word_1_402' title='bbox 853 3279 877 3316; x_wconf 72' lang='grc' dir='ltr'>δ</span> <span class='ocrx_word' id='word_1_403' title='bbox 909 3279 1206 3333; x_wconf 84' lang='lat' dir='ltr'><strong>Gertrudis.</strong></span> <span class='ocrx_word' id='word_1_404' title='bbox 1249 3277 1302 3331; x_wconf 91' lang='lat' dir='ltr'><strong>In</strong></span> <span class='ocrx_word' id='word_1_405' title='bbox 1337 3280 1394 3331; x_wconf 81' lang='grc' dir='ltr'><strong>Β.</strong></span> <span class='ocrx_word' id='word_1_406' title='bbox 1427 3278 1638 3345; x_wconf 88' lang='lat' dir='ltr'><strong>ponitur</strong></span> <span class='ocrx_word' id='word_1_407' title='bbox 1667 3278 1717 3331; x_wconf 92' lang='lat' dir='ltr'><strong>in</strong></span> <span class='ocrx_word' id='word_1_408' title='bbox 1746 3278 1835 3332; x_wconf 84' lang='lat' dir='ltr'><strong>Ni-</strong></span> 
     </span>
    </p>
   </div>
   <div class='ocr_carea' id='block_1_59' title="bbox 264 3347 1831 3414">
    <p class='ocr_par' dir='ltr' id='par_1_59' title="bbox 264 3347 1831 3414">
     <span class='ocr_line' id='line_1_60' title="bbox 264 3347 1831 3414; baseline 0.001 -14"><span class='ocrx_word' id='word_1_409' title='bbox 264 3350 428 3400; x_wconf 88' lang='lat' dir='ltr'><strong>viala.</strong></span> <span class='ocrx_word' id='word_1_410' title='bbox 484 3349 681 3402; x_wconf 86' lang='lat' dir='ltr'><strong>Deinde</strong></span> <span class='ocrx_word' id='word_1_411' title='bbox 711 3347 895 3402; x_wconf 69' lang='lat' dir='ltr'><strong>Roma:</strong></span> <span class='ocrx_word' id='word_1_412' title='bbox 924 3359 946 3387; x_wconf 77' lang='grc' dir='ltr'><strong><em>ο</em></strong></span> <span class='ocrx_word' id='word_1_413' title='bbox 982 3349 1267 3402; x_wconf 74' lang='lat' dir='ltr'><strong>Alexandri</strong></span> <span class='ocrx_word' id='word_1_414' title='bbox 1291 3349 1521 3414; x_wconf 75' lang='lat' dir='ltr'><strong>episcopi</strong></span> <span class='ocrx_word' id='word_1_415' title='bbox 1564 3358 1617 3400; x_wconf 90' lang='lat' dir='ltr'><strong>et</strong></span> <span class='ocrx_word' id='word_1_416' title='bbox 1646 3349 1831 3402; x_wconf 83' lang='lat' dir='ltr'><strong>Theo-</strong></span> 
     </span>
    </p>
   </div>
   <div class='ocr_carea' id='block_1_60' title="bbox 263 3415 1719 3488">
    <p class='ocr_par' dir='ltr' id='par_1_60' title="bbox 263 3415 1719 3488">
     <span class='ocr_line' id='line_1_61' title="bbox 263 3415 1719 3488; baseline 0.001 -17"><span class='ocrx_word' id='word_1_417' title='bbox 263 3418 371 3471; x_wconf 91' lang='lat' dir='ltr'><strong>doli</strong></span> <span class='ocrx_word' id='word_1_418' title='bbox 401 3418 502 3471; x_wconf 80' lang='lat' dir='ltr'><strong>dia:</strong></span> <span class='ocrx_word' id='word_1_419' title='bbox 527 3418 636 3472; x_wconf 89' lang='lat' dir='ltr'><strong>eni.</strong></span> <span class='ocrx_word' id='word_1_420' title='bbox 675 3419 758 3481; x_wconf 68' lang='lat' dir='ltr'><strong>IL,</strong></span> <span class='ocrx_word' id='word_1_421' title='bbox 786 3418 1131 3488; x_wconf 79' lang='lat' dir='ltr'><strong>Jerosolymae</strong></span> <span class='ocrx_word' id='word_1_422' title='bbox 1154 3415 1178 3454; x_wconf 75' lang='grc' dir='ltr'>ἀ</span> <span class='ocrx_word' id='word_1_423' title='bbox 1208 3416 1436 3485; x_wconf 85' lang='lat' dir='ltr'><strong>Quiriaci</strong></span> <span class='ocrx_word' id='word_1_424' title='bbox 1463 3416 1719 3486; x_wconf 85' lang='lat' dir='ltr'><strong>episc0pi.</strong></span> 
     </span>
    </p>
   </div>
   <div class='ocr_carea' id='block_1_61' title="bbox 338 3507 1199 3564">
    <p class='ocr_par' dir='ltr' id='par_1_61' title="bbox 338 3507 1199 3564">
     <span class='ocr_line' id='line_1_62' title="bbox 338 3507 1199 3564; baseline -0.003 0"><span class='ocrx_word' id='word_1_425' title='bbox 338 3508 426 3564; x_wconf 87' lang='grc'><strong>18.</strong></span> <span class='ocrx_word' id='word_1_426' title='bbox 450 3537 518 3549; x_wconf 86' lang='lat'><strong>--</strong></span> <span class='ocrx_word' id='word_1_427' title='bbox 546 3507 635 3563; x_wconf 74' lang='lat' dir='ltr'><strong>XV</strong></span> <span class='ocrx_word' id='word_1_428' title='bbox 666 3508 799 3564; x_wconf 76' lang='grc' dir='ltr'><strong>ΚΑι.</strong></span> <span class='ocrx_word' id='word_1_429' title='bbox 834 3508 995 3563; x_wconf 87' lang='lat' dir='ltr'><strong>Vacat</strong></span> <span class='ocrx_word' id='word_1_430' title='bbox 1022 3509 1199 3562; x_wconf 76' lang='lat' dir='ltr'><strong>Bmda.</strong></span> 
     </span>
    </p>
   </div>
   <div class='ocr_carea' id='block_1_62' title="bbox 1945 2935 3502 3005">
    <p class='ocr_par' dir='ltr' id='par_1_62' title="bbox 1945 2935 3502 3005">
     <span class='ocr_line' id='line_1_63' title="bbox 1945 2935 3502 3005; baseline 0.005 -20"><span class='ocrx_word' id='word_1_431' title='bbox 1945 2936 2348 3005; x_wconf 72' lang='lat' dir='ltr'><strong>rosolymitanm</strong></span> <span class='ocrx_word' id='word_1_432' title='bbox 2378 2935 2629 2991; x_wconf 66' lang='lat' dir='ltr'><strong>Ecclesiae</strong></span> <span class='ocrx_word' id='word_1_433' title='bbox 2676 2936 3089 3004; x_wconf 85' lang='lat' dir='ltr'><strong>gubernaculum</strong></span> <span class='ocrx_word' id='word_1_434' title='bbox 3124 2938 3380 3005; x_wconf 84' lang='lat' dir='ltr'><strong>suscepit.</strong></span> <span class='ocrx_word' id='word_1_435' title='bbox 3443 2937 3502 2993; x_wconf 85' lang='lat' dir='ltr'><strong>V.</strong></span> 
     </span>
    </p>
   </div>
   <div class='ocr_carea' id='block_1_63' title="bbox 1941 3003 3511 3071">
    <p class='ocr_par' dir='ltr' id='par_1_63' title="bbox 1941 3003 3511 3071">
     <span class='ocr_line' id='line_1_64' title="bbox 1941 3003 3511 3071; baseline 0.001 -14"><span class='ocrx_word' id='word_1_436' title='bbox 1941 3004 2001 3057; x_wconf 83' lang='grc' dir='ltr'><strong>Β.</strong></span> <span class='ocrx_word' id='word_1_437' title='bbox 2026 3003 2113 3070; x_wconf 76' lang='lat' dir='ltr'><strong>T.,</strong></span> <span class='ocrx_word' id='word_1_438' title='bbox 2144 3003 2199 3057; x_wconf 84' lang='lat' dir='ltr'><strong>In</strong></span> <span class='ocrx_word' id='word_1_439' title='bbox 2228 3005 2538 3059; x_wconf 76' lang='lat' dir='ltr'><strong>Alexandria</strong></span> <span class='ocrx_word' id='word_1_440' title='bbox 2563 3003 2757 3071; x_wconf 75' lang='lat' dir='ltr'><strong>Collegi</strong></span> <span class='ocrx_word' id='word_1_441' title='bbox 2789 3005 2805 3042; x_wconf 72' lang='grc' dir='ltr'>ί</span> <span class='ocrx_word' id='word_1_442' title='bbox 2829 3006 3061 3060; x_wconf 76' lang='lat' dir='ltr'><strong>diaetmi.</strong></span> <span class='ocrx_word' id='word_1_443' title='bbox 3096 3004 3156 3058; x_wconf 86' lang='lat' dir='ltr'><strong>V.</strong></span> <span class='ocrx_word' id='word_1_444' title='bbox 3187 3007 3271 3067; x_wconf 79' lang='grc' dir='ltr'><strong>Β..</strong></span> <span class='ocrx_word' id='word_1_445' title='bbox 3300 3006 3511 3070; x_wconf 72' lang='lat' dir='ltr'><strong>Rogati,</strong></span> 
     </span>
    </p>
   </div>
   <div class='ocr_carea' id='block_1_64' title="bbox 1939 3071 3502 3143">
    <p class='ocr_par' dir='ltr' id='par_1_64' title="bbox 1939 3071 3502 3143">
     <span class='ocr_line' id='line_1_65' title="bbox 1939 3071 3502 3143; baseline 0.003 -15"><span class='ocrx_word' id='word_1_446' title='bbox 1939 3071 2137 3128; x_wconf 83' lang='lat' dir='ltr'><strong>Saturi.</strong></span> <span class='ocrx_word' id='word_1_447' title='bbox 2194 3075 2373 3128; x_wconf 74' lang='lat' dir='ltr'><strong>Romae</strong></span> <span class='ocrx_word' id='word_1_448' title='bbox 2399 3084 2423 3122; x_wconf 73' lang='grc' dir='ltr'><strong><em>κ</em></strong></span> <span class='ocrx_word' id='word_1_449' title='bbox 2474 3076 2726 3143; x_wconf 84' lang='lat' dir='ltr'><strong>Pigmenii</strong></span> <span class='ocrx_word' id='word_1_450' title='bbox 2753 3077 3067 3143; x_wconf 79' lang='lat' dir='ltr'><strong>presbyteri.</strong></span> <span class='ocrx_word' id='word_1_451' title='bbox 3128 3079 3190 3130; x_wconf 86' lang='lat' dir='ltr'><strong>A.</strong></span> <span class='ocrx_word' id='word_1_452' title='bbox 3219 3076 3282 3129; x_wconf 88' lang='grc' dir='ltr'><strong>Τ.</strong></span> <span class='ocrx_word' id='word_1_453' title='bbox 3318 3074 3356 3130; x_wconf 84' lang='lat' dir='ltr'><strong>L</strong></span> <span class='ocrx_word' id='word_1_454' title='bbox 3387 3117 3400 3136; x_wconf 85' lang='lat'><em>.</em></span> <span class='ocrx_word' id='word_1_455' title='bbox 3448 3079 3502 3132; x_wconf 91' lang='lat' dir='ltr'><strong>lu</strong></span> 
     </span>
    </p>
   </div>
   <div class='ocr_carea' id='block_1_65' title="bbox 1939 3145 3499 3213">
    <p class='ocr_par' dir='ltr' id='par_1_65' title="bbox 1939 3145 3499 3213">
     <span class='ocr_line' id='line_1_66' title="bbox 1939 3145 3499 3213; baseline 0.001 -17"><span class='ocrx_word' id='word_1_456' title='bbox 1939 3145 2222 3211; x_wconf 85' lang='lat' dir='ltr'><strong>Campania</strong></span> <span class='ocrx_word' id='word_1_457' title='bbox 2258 3146 2446 3198; x_wconf 90' lang='lat' dir='ltr'><strong>natalis</strong></span> <span class='ocrx_word' id='word_1_458' title='bbox 2472 3146 2566 3199; x_wconf 81' lang='lat' dir='ltr'><strong>SS.</strong></span> <span class='ocrx_word' id='word_1_459' title='bbox 2605 3147 2813 3213; x_wconf 76' lang='lat' dir='ltr'><strong>Rogati,</strong></span> <span class='ocrx_word' id='word_1_460' title='bbox 2852 3145 3098 3213; x_wconf 84' lang='lat' dir='ltr'><strong>Victoris.</strong></span> <span class='ocrx_word' id='word_1_461' title='bbox 3150 3146 3214 3199; x_wconf 84' lang='lat' dir='ltr'><strong>A.</strong></span> <span class='ocrx_word' id='word_1_462' title='bbox 3240 3146 3304 3199; x_wconf 90' lang='lat' dir='ltr'><strong>T.</strong></span> <span class='ocrx_word' id='word_1_463' title='bbox 3334 3158 3385 3200; x_wconf 89' lang='lat' dir='ltr'><strong>et</strong></span> <span class='ocrx_word' id='word_1_464' title='bbox 3413 3147 3499 3210; x_wconf 81' lang='lat'><strong>8.,</strong></span> 
     </span>
    </p>
   </div>
   <div class='ocr_carea' id='block_1_66' title="bbox 1938 3212 3500 3281">
    <p class='ocr_par' dir='ltr' id='par_1_66' title="bbox 1938 3212 3500 3281">
     <span class='ocr_line' id='line_1_67' title="bbox 1938 3212 3500 3281; baseline 0.003 -15"><span class='ocrx_word' id='word_1_465' title='bbox 1938 3213 2174 3269; x_wconf 81' lang='lat' dir='ltr'><strong>Luciani.</strong></span> <span class='ocrx_word' id='word_1_466' title='bbox 2208 3215 2269 3268; x_wconf 89' lang='lat' dir='ltr'><strong>T.</strong></span> <span class='ocrx_word' id='word_1_467' title='bbox 2304 3215 2387 3281; x_wconf 88' lang='lat' dir='ltr'><strong>L.,</strong></span> <span class='ocrx_word' id='word_1_468' title='bbox 2418 3214 2483 3267; x_wconf 86' lang='lat' dir='ltr'><strong>Et</strong></span> <span class='ocrx_word' id='word_1_469' title='bbox 2514 3212 2707 3269; x_wconf 60' lang='lat' dir='ltr'><strong>Mauri.</strong></span> <span class='ocrx_word' id='word_1_470' title='bbox 2752 3216 2834 3277; x_wconf 88' lang='lat' dir='ltr'><strong>L.,</strong></span> <span class='ocrx_word' id='word_1_471' title='bbox 2880 3216 2944 3267; x_wconf 86' lang='lat' dir='ltr'><strong>Et</strong></span> <span class='ocrx_word' id='word_1_472' title='bbox 2981 3212 3274 3270; x_wconf 83' lang='lat' dir='ltr'><strong>Saturnini.</strong></span> <span class='ocrx_word' id='word_1_473' title='bbox 3330 3217 3412 3278; x_wconf 79' lang='lat' dir='ltr'><strong>D.,</strong></span> <span class='ocrx_word' id='word_1_474' title='bbox 3443 3218 3500 3270; x_wconf 89' lang='lat' dir='ltr'><strong>ln</strong></span> 
     </span>
    </p>
   </div>
   <div class='ocr_carea' id='block_1_67' title="bbox 1945 3284 3501 3351">
    <p class='ocr_par' dir='ltr' id='par_1_67' title="bbox 1945 3284 3501 3351">
     <span class='ocr_line' id='line_1_68' title="bbox 1945 3284 3501 3351; baseline 0.001 -14"><span class='ocrx_word' id='word_1_475' title='bbox 1945 3284 2250 3338; x_wconf 88' lang='lat' dir='ltr'><strong>Nicomedia</strong></span> <span class='ocrx_word' id='word_1_476' title='bbox 2284 3285 2549 3350; x_wconf 89' lang='lat' dir='ltr'><strong>Apurilis,</strong></span> <span class='ocrx_word' id='word_1_477' title='bbox 2596 3284 2822 3339; x_wconf 88' lang='lat' dir='ltr'><strong>Servuli.</strong></span> <span class='ocrx_word' id='word_1_478' title='bbox 2887 3286 2939 3337; x_wconf 85' lang='grc' dir='ltr'><strong>Ιη</strong></span> <span class='ocrx_word' id='word_1_479' title='bbox 2970 3287 3252 3351; x_wconf 79' lang='lat' dir='ltr'><strong>Campania</strong></span> <span class='ocrx_word' id='word_1_480' title='bbox 3299 3287 3501 3350; x_wconf 84' lang='lat' dir='ltr'><strong>Quinti,</strong></span> 
     </span>
    </p>
   </div>
   <div class='ocr_carea' id='block_1_68' title="bbox 1939 3353 3501 3477">
    <p class='ocr_par' dir='ltr' id='par_1_68' title="bbox 1939 3353 3501 3477">
     <span class='ocr_line' id='line_1_69' title="bbox 1939 3353 3501 3415; baseline 0.002 -9"><span class='ocrx_word' id='word_1_481' title='bbox 1939 3353 2180 3415; x_wconf 84' lang='lat' dir='ltr'><strong>Luciani,</strong></span> <span class='ocrx_word' id='word_1_482' title='bbox 2214 3355 2439 3410; x_wconf 82' lang='lat' dir='ltr'><strong>Victoris</strong></span> <span class='ocrx_word' id='word_1_483' title='bbox 2478 3362 2534 3409; x_wconf 86' lang='lat' dir='ltr'><strong>et</strong></span> <span class='ocrx_word' id='word_1_484' title='bbox 2577 3355 2766 3410; x_wconf 79' lang='lat' dir='ltr'><strong>Mauri.</strong></span> <span class='ocrx_word' id='word_1_485' title='bbox 2825 3355 2881 3408; x_wconf 91' lang='lat' dir='ltr'><strong>lu</strong></span> <span class='ocrx_word' id='word_1_486' title='bbox 2913 3356 3223 3409; x_wconf 76' lang='lat' dir='ltr'><strong>Mauritania</strong></span> <span class='ocrx_word' id='word_1_487' title='bbox 3255 3355 3501 3410; x_wconf 82' lang='lat' dir='ltr'><strong>Curren:i</strong></span> 
     </span>
     <span class='ocr_line' id='line_1_70' title="bbox 1939 3421 2351 3477; baseline 0 0"><span class='ocrx_word' id='word_1_488' title='bbox 1939 3432 1987 3477; x_wconf 86' lang='lat' dir='ltr'><strong>et</strong></span> <span class='ocrx_word' id='word_1_489' title='bbox 2011 3421 2037 3458; x_wconf 69' lang='grc' dir='ltr'>δ</span> <span class='ocrx_word' id='word_1_490' title='bbox 2066 3423 2351 3477; x_wconf 86' lang='lat' dir='ltr'><strong>Timothei.</strong></span> 
     </span>
    </p>
   </div>
   <div class='ocr_carea' id='block_1_69' title="bbox 1935 3425 2351 3479">
    <p class='ocr_par' dir='ltr' id='par_1_69' title="bbox 1935 3425 2351 3479">
     <span class='ocr_line' id='line_1_71' title="bbox 1935 3425 2351 3479; baseline 0.005 -2"><span class='ocrx_word' id='word_1_491' title='bbox 1935 3432 1987 3477; x_wconf 87' lang='lat' dir='ltr'><strong>et</strong></span> <span class='ocrx_word' id='word_1_492' title='bbox 2011 3425 2037 3458; x_wconf 68' lang='grc' dir='ltr'>δ</span> <span class='ocrx_word' id='word_1_493' title='bbox 2066 3425 2351 3479; x_wconf 87' lang='lat' dir='ltr'><strong>Timothei.</strong></span> 
     </span>
    </p>
   </div>
   <div class='ocr_carea' id='block_1_70' title="bbox 2008 3512 2888 3569">
    <p class='ocr_par' dir='ltr' id='par_1_70' title="bbox 2008 3512 2888 3569">
     <span class='ocr_line' id='line_1_72' title="bbox 2008 3512 2888 3569; baseline 0.002 -4"><span class='ocrx_word' id='word_1_494' title='bbox 2008 3512 2090 3566; x_wconf 86' lang='lat' dir='ltr'><strong>I9.</strong></span> <span class='ocrx_word' id='word_1_495' title='bbox 2116 3543 2183 3553; x_wconf 89' lang='lat'><strong>—</strong></span> <span class='ocrx_word' id='word_1_496' title='bbox 2204 3512 2322 3568; x_wconf 77' lang='lat' dir='ltr'><strong>XIV</strong></span> <span class='ocrx_word' id='word_1_497' title='bbox 2355 3514 2491 3569; x_wconf 77' lang='grc' dir='ltr'><strong>ΚΑι..</strong></span> <span class='ocrx_word' id='word_1_498' title='bbox 2525 3514 2685 3568; x_wconf 83' lang='lat' dir='ltr'><strong>Vacat</strong></span> <span class='ocrx_word' id='word_1_499' title='bbox 2714 3513 2888 3567; x_wconf 71' lang='lat' dir='ltr'><strong>Bmda.</strong></span> 
     </span>
    </p>
   </div>
   <div class='ocr_carea' id='block_1_71' title="bbox 339 3591 3495 3672">
    <p class='ocr_par' dir='ltr' id='par_1_71' title="bbox 339 3591 3495 3672">
     <span class='ocr_line' id='line_1_73' title="bbox 339 3591 3495 3672; baseline -0 -15"><span class='ocrx_word' id='word_1_500' title='bbox 339 3602 429 3668; x_wconf 91' lang='lat' dir='ltr'><strong>D.,</strong></span> <span class='ocrx_word' id='word_1_501' title='bbox 459 3601 513 3659; x_wconf 89' lang='lat' dir='ltr'><strong>S.</strong></span> <span class='ocrx_word' id='word_1_502' title='bbox 543 3606 567 3635; x_wconf 71' lang='grc' dir='ltr'><strong>ε</strong></span> <span class='ocrx_word' id='word_1_503' title='bbox 598 3602 880 3659; x_wconf 76' lang='lat' dir='ltr'><strong>Alexandri</strong></span> <span class='ocrx_word' id='word_1_504' title='bbox 905 3602 1159 3671; x_wconf 68' lang='lat' dir='ltr'><strong>epfscopi,</strong></span> <span class='ocrx_word' id='word_1_505' title='bbox 1191 3602 1277 3672; x_wconf 88' lang='lat' dir='ltr'><strong>qui</strong></span> <span class='ocrx_word' id='word_1_506' title='bbox 1308 3616 1425 3656; x_wconf 90' lang='lat' dir='ltr'><strong>cum</strong></span> <span class='ocrx_word' id='word_1_507' title='bbox 1456 3600 1702 3656; x_wconf 88' lang='lat' dir='ltr'><strong>Narcisso</strong></span> <span class='ocrx_word' id='word_1_508' title='bbox 1730 3600 1823 3656; x_wconf 83' lang='lat' dir='ltr'><strong>Je-</strong></span> <span class='ocrx_word' id='word_1_509' title='bbox 1858 3591 1903 3652; x_wconf 91' lang='lat' dir='ltr'><strong>C</strong></span> <span class='ocrx_word' id='word_1_510' title='bbox 2010 3603 2094 3668; x_wconf 91' lang='lat' dir='ltr'><strong>D.,</strong></span> <span class='ocrx_word' id='word_1_511' title='bbox 2128 3604 2414 3661; x_wconf 81' lang='lat' dir='ltr'><strong>Pararense</strong></span> <span class='ocrx_word' id='word_1_512' title='bbox 2440 3605 2650 3660; x_wconf 85' lang='lat' dir='ltr'><strong>civitate</strong></span> <span class='ocrx_word' id='word_1_513' title='bbox 2678 3604 2737 3659; x_wconf 92' lang='lat' dir='ltr'><strong>S.</strong></span> <span class='ocrx_word' id='word_1_514' title='bbox 2773 3602 2786 3641; x_wconf 75' lang='grc' dir='ltr'><strong>ί</strong></span> <span class='ocrx_word' id='word_1_515' title='bbox 2814 3602 3034 3660; x_wconf 82' lang='lat' dir='ltr'><strong>Joannis</strong></span> <span class='ocrx_word' id='word_1_516' title='bbox 3068 3618 3270 3672; x_wconf 77' lang='lat' dir='ltr'><strong>magna:</strong></span> <span class='ocrx_word' id='word_1_517' title='bbox 3298 3603 3495 3656; x_wconf 88' lang='lat' dir='ltr'><strong>sancti-</strong></span> 
     </span>
    </p>
   </div>
   <div class='ocr_carea' id='block_1_72' title="bbox 1635 3710 2102 3768">
    <p class='ocr_par' dir='ltr' id='par_1_72' title="bbox 1635 3710 2102 3768">
     <span class='ocr_line' id='line_1_74' title="bbox 1635 3710 2102 3768; baseline 0.006 -3"><span class='ocrx_word' id='word_1_518' title='bbox 1635 3710 1837 3766; x_wconf 78' lang='lat' dir='ltr'><strong>SMITH</strong></span> <span class='ocrx_word' id='word_1_519' title='bbox 1878 3712 2102 3768; x_wconf 60' lang='lat' dir='ltr'><strong>NOTAE.</strong></span> 
     </span>
    </p>
   </div>
   <div class='ocr_carea' id='block_1_73' title="bbox 335 3819 1827 3887">
    <p class='ocr_par' dir='ltr' id='par_1_73' title="bbox 335 3819 1827 3887">
     <span class='ocr_line' id='line_1_75' title="bbox 335 3819 1827 3887; baseline -0.002 -10"><span class='ocrx_word' id='word_1_520' title='bbox 335 3829 365 3857; x_wconf 80' lang='grc'><strong>⁸</strong></span> <span class='ocrx_word' id='word_1_521' title='bbox 393 3822 631 3878; x_wconf 76' lang='lat' dir='ltr'><strong>Patricii.</strong></span> <span class='ocrx_word' id='word_1_522' title='bbox 672 3820 727 3876; x_wconf 84' lang='lat' dir='ltr'><strong>In</strong></span> <span class='ocrx_word' id='word_1_523' title='bbox 755 3820 940 3884; x_wconf 85' lang='lat' dir='ltr'><strong>scotia,</strong></span> <span class='ocrx_word' id='word_1_524' title='bbox 972 3819 1023 3873; x_wconf 89' lang='lat' dir='ltr'><strong>id</strong></span> <span class='ocrx_word' id='word_1_525' title='bbox 1056 3828 1155 3885; x_wconf 86' lang='lat' dir='ltr'><strong>est,</strong></span> <span class='ocrx_word' id='word_1_526' title='bbox 1188 3819 1467 3884; x_wconf 82' lang='lat' dir='ltr'><strong>Hibernia;</strong></span> <span class='ocrx_word' id='word_1_527' title='bbox 1499 3820 1586 3887; x_wconf 90' lang='lat' dir='ltr'><strong>qui</strong></span> <span class='ocrx_word' id='word_1_528' title='bbox 1617 3836 1681 3874; x_wconf 78' lang='lat' dir='ltr'><strong>ex</strong></span> <span class='ocrx_word' id='word_1_529' title='bbox 1714 3822 1827 3875; x_wconf 84' lang='lat' dir='ltr'><strong>Bri-</strong></span> 
     </span>
    </p>
   </div>
   <div class='ocr_carea' id='block_1_74' title="bbox 264 3891 1826 3960">
    <p class='ocr_par' dir='ltr' id='par_1_74' title="bbox 264 3891 1826 3960">
     <span class='ocr_line' id='line_1_76' title="bbox 264 3891 1826 3960; baseline -0.002 -11"><span class='ocrx_word' id='word_1_530' title='bbox 264 3896 446 3950; x_wconf 85' lang='lat' dir='ltr'><strong>tannia</strong></span> <span class='ocrx_word' id='word_1_531' title='bbox 476 3909 504 3946; x_wconf 87' lang='lat' dir='ltr'><strong>a</strong></span> <span class='ocrx_word' id='word_1_532' title='bbox 538 3894 722 3960; x_wconf 87' lang='lat' dir='ltr'><strong>piratis</strong></span> <span class='ocrx_word' id='word_1_533' title='bbox 750 3902 936 3958; x_wconf 88' lang='lat' dir='ltr'><strong>captus</strong></span> <span class='ocrx_word' id='word_1_534' title='bbox 962 3906 1082 3943; x_wconf 90' lang='lat' dir='ltr'><strong>cum</strong></span> <span class='ocrx_word' id='word_1_535' title='bbox 1116 3891 1233 3942; x_wconf 86' lang='lat' dir='ltr'><strong>aliis</strong></span> <span class='ocrx_word' id='word_1_536' title='bbox 1263 3905 1322 3941; x_wconf 89' lang='lat' dir='ltr'><strong>ac</strong></span> <span class='ocrx_word' id='word_1_537' title='bbox 1350 3892 1706 3957; x_wconf 87' lang='lat' dir='ltr'><strong>venundatus,</strong></span> <span class='ocrx_word' id='word_1_538' title='bbox 1731 3892 1826 3946; x_wconf 86' lang='lat' dir='ltr'><strong>sed</strong></span> 
     </span>
    </p>
   </div>
   <div class='ocr_carea' id='block_1_75' title="bbox 263 3960 1829 4033">
    <p class='ocr_par' dir='ltr' id='par_1_75' title="bbox 263 3960 1829 4033">
     <span class='ocr_line' id='line_1_77' title="bbox 263 3960 1829 4033; baseline -0.003 -16"><span class='ocrx_word' id='word_1_539' title='bbox 263 3966 439 4033; x_wconf 90' lang='lat' dir='ltr'><strong>pretio</strong></span> <span class='ocrx_word' id='word_1_540' title='bbox 470 3964 795 4033; x_wconf 66' lang='lat' dir='ltr'><strong>redemptus,</strong></span> <span class='ocrx_word' id='word_1_541' title='bbox 829 3962 1110 4033; x_wconf 84' lang='lat' dir='ltr'><strong>aliquando</strong></span> <span class='ocrx_word' id='word_1_542' title='bbox 1139 3961 1358 4033; x_wconf 76' lang='lat' dir='ltr'><strong>Romam</strong></span> <span class='ocrx_word' id='word_1_543' title='bbox 1391 3960 1628 4033; x_wconf 81' lang='lat' dir='ltr'><strong>veniens,</strong></span> <span class='ocrx_word' id='word_1_544' title='bbox 1658 3969 1712 4013; x_wconf 90' lang='lat' dir='ltr'><strong>et</strong></span> <span class='ocrx_word' id='word_1_545' title='bbox 1738 3976 1829 4016; x_wconf 86' lang='lat' dir='ltr'><strong>ca-</strong></span> 
     </span>
    </p>
   </div>
   <div class='ocr_carea' id='block_1_76' title="bbox 262 4030 1830 4095">
    <p class='ocr_par' dir='ltr' id='par_1_76' title="bbox 262 4030 1830 4095">
     <span class='ocr_line' id='line_1_78' title="bbox 262 4030 1830 4095; baseline -0.001 -7"><span class='ocrx_word' id='word_1_546' title='bbox 262 4030 457 4088; x_wconf 81' lang='lat' dir='ltr'><strong>nonice</strong></span> <span class='ocrx_word' id='word_1_547' title='bbox 477 4030 682 4095; x_wconf 76' lang='lat' dir='ltr'><strong>vivens,</strong></span> <span class='ocrx_word' id='word_1_548' title='bbox 706 4032 897 4086; x_wconf 88' lang='lat' dir='ltr'><strong>litteris</strong></span> <span class='ocrx_word' id='word_1_549' title='bbox 923 4032 1229 4094; x_wconf 70' lang='lat' dir='ltr'><strong>insrructus,</strong></span> <span class='ocrx_word' id='word_1_550' title='bbox 1254 4044 1281 4081; x_wconf 91' lang='lat' dir='ltr'><strong>a</strong></span> <span class='ocrx_word' id='word_1_551' title='bbox 1305 4030 1598 4083; x_wconf 79' lang='lat' dir='ltr'><strong>Ctelestino</strong></span> <span class='ocrx_word' id='word_1_552' title='bbox 1620 4044 1830 4086; x_wconf 89' lang='lat' dir='ltr'><strong>summo</strong></span> 
     </span>
    </p>
   </div>
   <div class='ocr_carea' id='block_1_77' title="bbox 261 4099 1829 4170">
    <p class='ocr_par' dir='ltr' id='par_1_77' title="bbox 261 4099 1829 4170">
     <span class='ocr_line' id='line_1_79' title="bbox 261 4099 1829 4170; baseline 0.001 -17"><span class='ocrx_word' id='word_1_553' title='bbox 261 4103 518 4170; x_wconf 79' lang='lat' dir='ltr'><strong>pontifice</strong></span> <span class='ocrx_word' id='word_1_554' title='bbox 546 4104 771 4165; x_wconf 85' lang='lat' dir='ltr'><strong>missus,</strong></span> <span class='ocrx_word' id='word_1_555' title='bbox 820 4110 936 4167; x_wconf 86' lang='lat' dir='ltr'><strong>post</strong></span> <span class='ocrx_word' id='word_1_556' title='bbox 978 4099 1270 4170; x_wconf 78' lang='lat' dir='ltr'><strong>Palladium</strong></span> <span class='ocrx_word' id='word_1_557' title='bbox 1301 4099 1470 4153; x_wconf 89' lang='lat' dir='ltr'><strong>Scotis</strong></span> <span class='ocrx_word' id='word_1_558' title='bbox 1502 4099 1829 4170; x_wconf 85' lang='lat' dir='ltr'><strong>etllibernis</strong></span> 
     </span>
    </p>
   </div>
   <div class='ocr_carea' id='block_1_78' title="bbox 262 4169 1827 4240">
    <p class='ocr_par' dir='ltr' id='par_1_78' title="bbox 262 4169 1827 4240">
     <span class='ocr_line' id='line_1_80' title="bbox 262 4169 1827 4240; baseline 0.001 -17"><span class='ocrx_word' id='word_1_559' title='bbox 262 4169 467 4240; x_wconf 84' lang='lat' dir='ltr'><strong>primus</strong></span> <span class='ocrx_word' id='word_1_560' title='bbox 509 4171 779 4225; x_wconf 88' lang='lat' dir='ltr'><strong>Christum</strong></span> <span class='ocrx_word' id='word_1_561' title='bbox 831 4169 1176 4238; x_wconf 61' lang='lat' dir='ltr'><strong>praedicavit,</strong></span> <span class='ocrx_word' id='word_1_562' title='bbox 1238 4177 1509 4238; x_wconf 78' lang='lat' dir='ltr'><strong>totamque</strong></span> <span class='ocrx_word' id='word_1_563' title='bbox 1560 4169 1827 4224; x_wconf 64' lang='lat' dir='ltr'><strong>Hibernia!</strong></span> 
     </span>
    </p>
   </div>
   <div class='ocr_carea' id='block_1_79' title="bbox 261 4239 1823 4305">
    <p class='ocr_par' dir='ltr' id='par_1_79' title="bbox 261 4239 1823 4305">
     <span class='ocr_line' id='line_1_81' title="bbox 261 4239 1823 4305; baseline -0.003 -8"><span class='ocrx_word' id='word_1_564' title='bbox 261 4239 489 4297; x_wconf 87' lang='lat' dir='ltr'><strong>insulam</strong></span> <span class='ocrx_word' id='word_1_565' title='bbox 540 4241 604 4294; x_wconf 89' lang='lat' dir='ltr'><strong>ad</strong></span> <span class='ocrx_word' id='word_1_566' title='bbox 657 4240 809 4295; x_wconf 82' lang='lat' dir='ltr'><strong>fidem</strong></span> <span class='ocrx_word' id='word_1_567' title='bbox 860 4239 1086 4292; x_wconf 80' lang='lat' dir='ltr'><strong>reduxit.</strong></span> <span class='ocrx_word' id='word_1_568' title='bbox 1146 4240 1427 4305; x_wconf 72' lang='lat' dir='ltr'><strong>I‘OStquam</strong></span> <span class='ocrx_word' id='word_1_569' title='bbox 1459 4254 1589 4292; x_wconf 91' lang='lat' dir='ltr'><strong>vero</strong></span> <span class='ocrx_word' id='word_1_570' title='bbox 1629 4240 1823 4294; x_wconf 90' lang='lat' dir='ltr'><strong>ibidem</strong></span> 
     </span>
    </p>
   </div>
   <div class='ocr_carea' id='block_1_80' title="bbox 261 4309 1827 4380">
    <p class='ocr_par' dir='ltr' id='par_1_80' title="bbox 261 4309 1827 4380">
     <span class='ocr_line' id='line_1_82' title="bbox 261 4309 1827 4380; baseline -0.003 -14"><span class='ocrx_word' id='word_1_571' title='bbox 261 4312 624 4380; x_wconf 70' lang='lat' dir='ltr'><strong>epist-epatum</strong></span> <span class='ocrx_word' id='word_1_572' title='bbox 654 4326 747 4377; x_wconf 85' lang='lat' dir='ltr'><strong>per</strong></span> <span class='ocrx_word' id='word_1_573' title='bbox 767 4322 933 4380; x_wconf 85' lang='lat' dir='ltr'><strong>annos</strong></span> <span class='ocrx_word' id='word_1_574' title='bbox 960 4309 1328 4378; x_wconf 83' lang='lat' dir='ltr'><strong>quadraginta,</strong></span> <span class='ocrx_word' id='word_1_575' title='bbox 1359 4323 1387 4360; x_wconf 88' lang='lat' dir='ltr'><strong>a</strong></span> <span class='ocrx_word' id='word_1_576' title='bbox 1419 4309 1674 4380; x_wconf 79' lang='lat' dir='ltr'><strong>missione</strong></span> <span class='ocrx_word' id='word_1_577' title='bbox 1700 4324 1827 4363; x_wconf 90' lang='lat' dir='ltr'><strong>vero</strong></span> 
     </span>
    </p>
   </div>
   <div class='ocr_carea' id='block_1_81' title="bbox 259 4379 1825 4450">
    <p class='ocr_par' dir='ltr' id='par_1_81' title="bbox 259 4379 1825 4450">
     <span class='ocr_line' id='line_1_83' title="bbox 259 4379 1825 4450; baseline -0.002 -14"><span class='ocrx_word' id='word_1_578' title='bbox 259 4379 557 4450; x_wconf 79' lang='lat' dir='ltr'><strong>sexaginta,</strong></span> <span class='ocrx_word' id='word_1_579' title='bbox 581 4383 782 4448; x_wconf 88' lang='lat' dir='ltr'><strong>optime</strong></span> <span class='ocrx_word' id='word_1_580' title='bbox 809 4379 1253 4450; x_wconf 79' lang='lat' dir='ltr'><strong>administrasset,</strong></span> <span class='ocrx_word' id='word_1_581' title='bbox 1279 4390 1476 4450; x_wconf 84' lang='lat' dir='ltr'><strong>annum</strong></span> <span class='ocrx_word' id='word_1_582' title='bbox 1509 4379 1611 4450; x_wconf 61' lang='lat' dir='ltr'><strong>I2}</strong></span> <span class='ocrx_word' id='word_1_583' title='bbox 1638 4394 1825 4450; x_wconf 83' lang='lat' dir='ltr'><strong>agens,</strong></span> 
     </span>
    </p>
   </div>
   <div class='ocr_carea' id='block_1_82' title="bbox 258 4446 1822 4571">
    <p class='ocr_par' dir='ltr' id='par_1_82' title="bbox 258 4446 1822 4571">
     <span class='ocr_line' id='line_1_84' title="bbox 258 4446 1822 4571; baseline -0.001 -66"><span class='ocrx_word' id='word_1_584' title='bbox 258 4446 743 4571; x_wconf 48' lang='lat' dir='ltr'><strong>clarus‘griiiraeulis</strong></span> <span class='ocrx_word' id='word_1_585' title='bbox 781 4457 835 4503; x_wconf 92' lang='lat' dir='ltr'><strong>et</strong></span> <span class='ocrx_word' id='word_1_586' title='bbox 873 4447 1156 4503; x_wconf 84' lang='lat' dir='ltr'><strong>virtutibus</strong></span> <span class='ocrx_word' id='word_1_587' title='bbox 1187 4448 1433 4516; x_wconf 84' lang='lat' dir='ltr'><strong>migravit</strong></span> <span class='ocrx_word' id='word_1_588' title='bbox 1459 4448 1525 4501; x_wconf 92' lang='lat' dir='ltr'><strong>ad</strong></span> <span class='ocrx_word' id='word_1_589' title='bbox 1552 4446 1822 4504; x_wconf 85' lang='lat' dir='ltr'><strong>Christum</strong></span> 
     </span>
     <span class='ocr_line' id='line_1_85' title="bbox 258 4536 553 4571; baseline 0 0"><span class='ocrx_word' id='word_1_590' title='bbox 258 4536 400 4571; x_wconf 84' lang='lat' dir='ltr'><strong>anno</strong></span> <span class='ocrx_word' id='word_1_591' title='bbox 538 4559 553 4571; x_wconf 86' lang='lat'><strong>.</strong></span> 
     </span>
    </p>
   </div>
   <div class='ocr_carea' id='block_1_83' title="bbox 257 4520 553 4574">
    <p class='ocr_par' dir='ltr' id='par_1_83' title="bbox 257 4520 553 4574">
     <span class='ocr_line' id='line_1_86' title="bbox 257 4520 553 4574; baseline -0.003 0"><span class='ocrx_word' id='word_1_592' title='bbox 257 4536 400 4574; x_wconf 84' lang='lat' dir='ltr'><strong>anno</strong></span> <span class='ocrx_word' id='word_1_593' title='bbox 429 4520 553 4573; x_wconf 78' lang='grc'><strong>491.</strong></span> 
     </span>
    </p>
   </div>
   <div class='ocr_carea' id='block_1_84' title="bbox 332 4586 1823 4659">
    <p class='ocr_par' dir='ltr' id='par_1_84' title="bbox 332 4586 1823 4659">
     <span class='ocr_line' id='line_1_87' title="bbox 332 4586 1823 4659; baseline 0.005 -20"><span class='ocrx_word' id='word_1_594' title='bbox 332 4590 358 4629; x_wconf 75' lang='grc' dir='ltr'>δ</span> <span class='ocrx_word' id='word_1_595' title='bbox 393 4589 684 4647; x_wconf 81' lang='lat' dir='ltr'><strong>Germtdis.</strong></span> <span class='ocrx_word' id='word_1_596' title='bbox 727 4586 996 4659; x_wconf 71' lang='lat' dir='ltr'><strong>Nivigella:</strong></span> <span class='ocrx_word' id='word_1_597' title='bbox 1027 4588 1078 4641; x_wconf 94' lang='lat' dir='ltr'><strong>in</strong></span> <span class='ocrx_word' id='word_1_598' title='bbox 1110 4586 1415 4642; x_wconf 81' lang='lat' dir='ltr'><strong>Brabantia.</strong></span> <span class='ocrx_word' id='word_1_599' title='bbox 1467 4586 1543 4642; x_wconf 89' lang='lat' dir='ltr'><strong>De</strong></span> <span class='ocrx_word' id='word_1_600' title='bbox 1574 4587 1673 4643; x_wconf 88' lang='lat' dir='ltr'><strong>hac</strong></span> <span class='ocrx_word' id='word_1_601' title='bbox 1702 4588 1823 4646; x_wconf 85' lang='lat' dir='ltr'><strong>vide</strong></span> 
     </span>
    </p>
   </div>
   <div class='ocr_carea' id='block_1_85' title="bbox 260 4661 623 4716">
    <p class='ocr_par' dir='ltr' id='par_1_85' title="bbox 260 4661 623 4716">
     <span class='ocr_line' id='line_1_88' title="bbox 260 4661 623 4716; baseline -0.014 0"><span class='ocrx_word' id='word_1_602' title='bbox 260 4678 294 4716; x_wconf 84' lang='lat' dir='ltr'><strong>x</strong></span> <span class='ocrx_word' id='word_1_603' title='bbox 330 4661 623 4714; x_wconf 85' lang='lat' dir='ltr'><strong>Februarii.</strong></span> 
     </span>
    </p>
   </div>
   <div class='ocr_carea' id='block_1_86' title="bbox 333 4726 1320 4783">
    <p class='ocr_par' dir='ltr' id='par_1_86' title="bbox 333 4726 1320 4783">
     <span class='ocr_line' id='line_1_89' title="bbox 333 4726 1320 4783; baseline -0.001 -1"><span class='ocrx_word' id='word_1_604' title='bbox 333 4740 358 4770; x_wconf 69' lang='grc' dir='ltr'><strong>α</strong></span> <span class='ocrx_word' id='word_1_605' title='bbox 396 4729 696 4782; x_wconf 73' lang='lat' dir='ltr'><strong>Alexandri.</strong></span> <span class='ocrx_word' id='word_1_606' title='bbox 729 4727 804 4783; x_wconf 85' lang='lat' dir='ltr'><strong>De</strong></span> <span class='ocrx_word' id='word_1_607' title='bbox 836 4727 919 4781; x_wconf 84' lang='lat' dir='ltr'><strong>his</strong></span> <span class='ocrx_word' id='word_1_608' title='bbox 946 4726 1064 4779; x_wconf 87' lang='lat' dir='ltr'><strong>vide</strong></span> <span class='ocrx_word' id='word_1_609' title='bbox 1093 4742 1150 4781; x_wconf 84' lang='grc' dir='ltr'>ιιι</span> <span class='ocrx_word' id='word_1_610' title='bbox 1181 4727 1320 4781; x_wconf 85' lang='lat' dir='ltr'><strong>Maii.</strong></span> 
     </span>
    </p>
   </div>
   <div class='ocr_carea' id='block_1_87' title="bbox 328 4796 1820 4865">
    <p class='ocr_par' dir='ltr' id='par_1_87' title="bbox 328 4796 1820 4865">
     <span class='ocr_line' id='line_1_90' title="bbox 328 4796 1820 4865; baseline -0.001 -14"><span class='ocrx_word' id='word_1_611' title='bbox 328 4798 354 4836; x_wconf 70' lang='grc' dir='ltr'><strong><em>ἀ</em></strong></span> <span class='ocrx_word' id='word_1_612' title='bbox 394 4799 645 4865; x_wconf 81' lang='lat' dir='ltr'><strong>Quiriaci.</strong></span> <span class='ocrx_word' id='word_1_613' title='bbox 698 4798 771 4851; x_wconf 86' lang='lat' dir='ltr'><strong>De</strong></span> <span class='ocrx_word' id='word_1_614' title='bbox 821 4799 919 4851; x_wconf 86' lang='lat' dir='ltr'><strong>hoc</strong></span> <span class='ocrx_word' id='word_1_615' title='bbox 962 4798 1112 4850; x_wconf 62' lang='lat' dir='ltr'><strong>Baeda</strong></span> <span class='ocrx_word' id='word_1_616' title='bbox 1158 4800 1326 4865; x_wconf 89' lang='lat' dir='ltr'><strong>vulg.,</strong></span> <span class='ocrx_word' id='word_1_617' title='bbox 1374 4796 1617 4860; x_wconf 88' lang='lat' dir='ltr'><strong>Usuard,</strong></span> <span class='ocrx_word' id='word_1_618' title='bbox 1667 4797 1820 4863; x_wconf 81' lang='lat' dir='ltr'><strong>Ado,</strong></span> 
     </span>
    </p>
   </div>
   <div class='ocr_carea' id='block_1_88' title="bbox 254 4866 1823 4935">
    <p class='ocr_par' dir='ltr' id='par_1_88' title="bbox 254 4866 1823 4935">
     <span class='ocr_line' id='line_1_91' title="bbox 254 4866 1823 4935; baseline -0.001 -10"><span class='ocrx_word' id='word_1_619' title='bbox 254 4868 526 4925; x_wconf 78' lang='lat' dir='ltr'><strong>Notkerus</strong></span> <span class='ocrx_word' id='word_1_620' title='bbox 545 4883 596 4921; x_wconf 86' lang='lat' dir='ltr'><strong>tv</strong></span> <span class='ocrx_word' id='word_1_621' title='bbox 621 4869 759 4921; x_wconf 82' lang='lat' dir='ltr'><strong>Maii.</strong></span> <span class='ocrx_word' id='word_1_622' title='bbox 788 4867 1155 4935; x_wconf 86' lang='lat' dir='ltr'><strong>Cognomento</strong></span> <span class='ocrx_word' id='word_1_623' title='bbox 1175 4867 1348 4931; x_wconf 70' lang='lat' dir='ltr'><strong>Judze,</strong></span> <span class='ocrx_word' id='word_1_624' title='bbox 1372 4868 1459 4935; x_wconf 91' lang='lat' dir='ltr'><strong>qui</strong></span> <span class='ocrx_word' id='word_1_625' title='bbox 1482 4882 1599 4920; x_wconf 91' lang='lat' dir='ltr'><strong>cum</strong></span> <span class='ocrx_word' id='word_1_626' title='bbox 1624 4866 1823 4923; x_wconf 84' lang='lat' dir='ltr'><strong>Helena</strong></span> 
     </span>
    </p>
   </div>
   <div class='ocr_carea' id='block_1_89' title="bbox 254 4936 1817 5003">
    <p class='ocr_par' dir='ltr' id='par_1_89' title="bbox 254 4936 1817 5003">
     <span class='ocr_line' id='line_1_92' title="bbox 254 4936 1817 5003; baseline -0.001 -10"><span class='ocrx_word' id='word_1_627' title='bbox 254 4955 474 4993; x_wconf 85' lang='lat' dir='ltr'><strong>crucem</strong></span> <span class='ocrx_word' id='word_1_628' title='bbox 507 4938 825 4991; x_wconf 88' lang='lat' dir='ltr'><strong>dominicam</strong></span> <span class='ocrx_word' id='word_1_629' title='bbox 855 4936 1086 5000; x_wconf 89' lang='lat' dir='ltr'><strong>invenit;</strong></span> <span class='ocrx_word' id='word_1_630' title='bbox 1121 4947 1174 4990; x_wconf 90' lang='lat' dir='ltr'><strong>et</strong></span> <span class='ocrx_word' id='word_1_631' title='bbox 1203 4947 1385 5002; x_wconf 87' lang='lat' dir='ltr'><strong>postea</strong></span> <span class='ocrx_word' id='word_1_632' title='bbox 1419 4937 1731 5003; x_wconf 81' lang='lat' dir='ltr'><strong>baptizatus,</strong></span> <span class='ocrx_word' id='word_1_633' title='bbox 1764 4948 1817 4991; x_wconf 90' lang='lat' dir='ltr'><strong>et</strong></span> 
     </span>
    </p>
   </div>
   <div class='ocr_carea' id='block_1_90' title="bbox 257 5005 1820 5075">
    <p class='ocr_par' dir='ltr' id='par_1_90' title="bbox 257 5005 1820 5075">
     <span class='ocr_line' id='line_1_93' title="bbox 257 5005 1820 5075; baseline 0 -16"><span class='ocrx_word' id='word_1_634' title='bbox 257 5012 545 5074; x_wconf 77' lang='lat' dir='ltr'><strong>Quiriacus</strong></span> <span class='ocrx_word' id='word_1_635' title='bbox 575 5015 821 5069; x_wconf 85' lang='lat' dir='ltr'><strong>vocatus,</strong></span> <span class='ocrx_word' id='word_1_636' title='bbox 863 5008 1139 5075; x_wconf 88' lang='lat' dir='ltr'><strong>episcopus</strong></span> <span class='ocrx_word' id='word_1_637' title='bbox 1176 5006 1630 5075; x_wconf 84' lang='lat' dir='ltr'><strong>Jerosolymorum</strong></span> <span class='ocrx_word' id='word_1_638' title='bbox 1662 5005 1820 5059; x_wconf 90' lang='lat' dir='ltr'><strong>ordi-</strong></span> 
     </span>
    </p>
   </div>
   <div class='ocr_carea' id='block_1_91' title="bbox 1937 3823 3498 3898">
    <p class='ocr_par' dir='ltr' id='par_1_91' title="bbox 1937 3823 3498 3898">
     <span class='ocr_line' id='line_1_94' title="bbox 1937 3823 3498 3898; baseline 0.004 -22"><span class='ocrx_word' id='word_1_639' title='bbox 1937 3823 2297 3898; x_wconf 76' lang='lat' dir='ltr'><strong>Iransloditur.</strong></span> <span class='ocrx_word' id='word_1_640' title='bbox 2352 3825 2492 3898; x_wconf 78' lang='lat' dir='ltr'><strong>Petr.</strong></span> <span class='ocrx_word' id='word_1_641' title='bbox 2524 3825 2591 3881; x_wconf 91' lang='lat' dir='ltr'><strong>de</strong></span> <span class='ocrx_word' id='word_1_642' title='bbox 2620 3824 2789 3881; x_wconf 71' lang='lat' dir='ltr'><strong>Nata].</strong></span> <span class='ocrx_word' id='word_1_643' title='bbox 2826 3827 3106 3898; x_wconf 76' lang='lat' dir='ltr'><strong>Baronius,</strong></span> <span class='ocrx_word' id='word_1_644' title='bbox 3139 3827 3192 3880; x_wconf 91' lang='lat' dir='ltr'><strong>in</strong></span> <span class='ocrx_word' id='word_1_645' title='bbox 3228 3828 3498 3898; x_wconf 75' lang='lat' dir='ltr'><strong>Martyro-</strong></span> 
     </span>
    </p>
   </div>
   <div class='ocr_carea' id='block_1_92' title="bbox 1934 3892 3487 3968">
    <p class='ocr_par' dir='ltr' id='par_1_92' title="bbox 1934 3892 3487 3968">
     <span class='ocr_line' id='line_1_95' title="bbox 1934 3892 3487 3968; baseline 0.002 -22"><span class='ocrx_word' id='word_1_646' title='bbox 1934 3892 2092 3959; x_wconf 76' lang='lat' dir='ltr'><strong>logiu,</strong></span> <span class='ocrx_word' id='word_1_647' title='bbox 2126 3896 2309 3947; x_wconf 90' lang='lat' dir='ltr'><strong>scribit</strong></span> <span class='ocrx_word' id='word_1_648' title='bbox 2357 3897 2494 3950; x_wconf 87' lang='lat' dir='ltr'><strong>hunc</strong></span> <span class='ocrx_word' id='word_1_649' title='bbox 2540 3913 2642 3951; x_wconf 90' lang='lat' dir='ltr'><strong>non</strong></span> <span class='ocrx_word' id='word_1_650' title='bbox 2685 3898 2847 3951; x_wconf 87' lang='lat' dir='ltr'><strong>fuisse</strong></span> <span class='ocrx_word' id='word_1_651' title='bbox 2872 3897 3181 3968; x_wconf 88' lang='lat' dir='ltr'><strong>episcopum</strong></span> <span class='ocrx_word' id='word_1_652' title='bbox 3215 3892 3487 3968; x_wconf 66' lang='lat' dir='ltr'><strong>Jerosnly-</strong></span> 
     </span>
    </p>
   </div>
   <div class='ocr_carea' id='block_1_93' title="bbox 1933 3967 3491 4036">
    <p class='ocr_par' dir='ltr' id='par_1_93' title="bbox 1933 3967 3491 4036">
     <span class='ocr_line' id='line_1_96' title="bbox 1933 3967 3491 4036; baseline 0.003 -21"><span class='ocrx_word' id='word_1_653' title='bbox 1933 3977 2139 4036; x_wconf 80' lang='lat' dir='ltr'><strong>morum</strong></span> <span class='ocrx_word' id='word_1_654' title='bbox 2161 4004 2173 4024; x_wconf 85' lang='lat'><strong>,</strong></span> <span class='ocrx_word' id='word_1_655' title='bbox 2220 3980 2284 4036; x_wconf 83' lang='lat' dir='ltr'><strong>eo</strong></span> <span class='ocrx_word' id='word_1_656' title='bbox 2314 3967 2454 4036; x_wconf 87' lang='lat' dir='ltr'><strong>enim</strong></span> <span class='ocrx_word' id='word_1_657' title='bbox 2487 3976 2721 4033; x_wconf 85' lang='lat' dir='ltr'><strong>tempore</strong></span> <span class='ocrx_word' id='word_1_658' title='bbox 2751 3968 2808 4021; x_wconf 88' lang='lat' dir='ltr'><strong>S.</strong></span> <span class='ocrx_word' id='word_1_659' title='bbox 2838 3967 3067 4036; x_wconf 80' lang='lat' dir='ltr'><strong>Cyrillus</strong></span> <span class='ocrx_word' id='word_1_660' title='bbox 3099 3967 3203 4020; x_wconf 92' lang='lat' dir='ltr'><strong>illie</strong></span> <span class='ocrx_word' id='word_1_661' title='bbox 3232 3970 3491 4032; x_wconf 78' lang='lat' dir='ltr'><strong>sedebat,</strong></span> 
     </span>
    </p>
   </div>
   <div class='ocr_carea' id='block_1_94' title="bbox 1931 4033 3493 4103">
    <p class='ocr_par' dir='ltr' id='par_1_94' title="bbox 1931 4033 3493 4103">
     <span class='ocr_line' id='line_1_97' title="bbox 1931 4033 3493 4103; baseline 0.004 -18"><span class='ocrx_word' id='word_1_662' title='bbox 1931 4033 2021 4099; x_wconf 86' lang='lat' dir='ltr'><strong>qui</strong></span> <span class='ocrx_word' id='word_1_663' title='bbox 2065 4035 2358 4099; x_wconf 80' lang='lat' dir='ltr'><strong>supervixit</strong></span> <span class='ocrx_word' id='word_1_664' title='bbox 2398 4050 2562 4101; x_wconf 85' lang='lat' dir='ltr'><strong>usque</strong></span> <span class='ocrx_word' id='word_1_665' title='bbox 2608 4038 2671 4089; x_wconf 90' lang='lat' dir='ltr'><strong>ad</strong></span> <span class='ocrx_word' id='word_1_666' title='bbox 2707 4033 2992 4091; x_wconf 79' lang='lat' dir='ltr'><strong>Theodosii</strong></span> <span class='ocrx_word' id='word_1_667' title='bbox 3023 4046 3296 4103; x_wconf 87' lang='lat' dir='ltr'><strong>tempora;</strong></span> <span class='ocrx_word' id='word_1_668' title='bbox 3351 4038 3493 4092; x_wconf 84' lang='lat' dir='ltr'><strong>hunc</strong></span> 
     </span>
    </p>
   </div>
   <div class='ocr_carea' id='block_1_95' title="bbox 1931 4103 3446 4174">
    <p class='ocr_par' dir='ltr' id='par_1_95' title="bbox 1931 4103 3446 4174">
     <span class='ocr_line' id='line_1_98' title="bbox 1931 4103 3446 4174; baseline 0.005 -20"><span class='ocrx_word' id='word_1_669' title='bbox 1931 4117 2057 4156; x_wconf 82' lang='lat' dir='ltr'><strong>vero</strong></span> <span class='ocrx_word' id='word_1_670' title='bbox 2085 4103 2150 4155; x_wconf 77' lang='lat' dir='ltr'><strong>de</strong></span> <span class='ocrx_word' id='word_1_671' title='bbox 2177 4119 2281 4169; x_wconf 87' lang='lat' dir='ltr'><strong>quo</strong></span> <span class='ocrx_word' id='word_1_672' title='bbox 2308 4104 2481 4171; x_wconf 78' lang='lat' dir='ltr'><strong>agitur</strong></span> <span class='ocrx_word' id='word_1_673' title='bbox 2511 4104 2671 4174; x_wconf 84' lang='lat' dir='ltr'><strong>fuisse</strong></span> <span class='ocrx_word' id='word_1_674' title='bbox 2697 4108 3003 4174; x_wconf 89' lang='lat' dir='ltr'><strong>episcopum</strong></span> <span class='ocrx_word' id='word_1_675' title='bbox 3034 4109 3446 4161; x_wconf 88' lang='lat' dir='ltr'><strong>Anconitanum.</strong></span> 
     </span>
    </p>
   </div>
   <div class='ocr_carea' id='block_1_96' title="bbox 2004 4173 3481 4239">
    <p class='ocr_par' dir='ltr' id='par_1_96' title="bbox 2004 4173 3481 4239">
     <span class='ocr_line' id='line_1_99' title="bbox 2004 4173 3481 4239; baseline 0.005 -16"><span class='ocrx_word' id='word_1_676' title='bbox 2004 4181 2027 4209; x_wconf 78' lang='grc'><strong><em>⁸</em></strong></span> <span class='ocrx_word' id='word_1_677' title='bbox 2069 4174 2369 4226; x_wconf 74' lang='lat' dir='ltr'><strong>Alexandri.</strong></span> <span class='ocrx_word' id='word_1_678' title='bbox 2427 4173 2527 4239; x_wconf 85' lang='lat' dir='ltr'><strong>Qui</strong></span> <span class='ocrx_word' id='word_1_679' title='bbox 2576 4173 3131 4229; x_wconf 16' lang='lat' dir='ltr'><strong>secundum’Eusehii</strong></span> <span class='ocrx_word' id='word_1_680' title='bbox 3182 4176 3481 4231; x_wconf 74' lang='lat' dir='ltr'><strong>Clll&#39;Ollif&#39;I)&quot;</strong></span> 
     </span>
    </p>
   </div>
   <div class='ocr_carea' id='block_1_97' title="bbox 1930 4241 3487 4310">
    <p class='ocr_par' dir='ltr' id='par_1_97' title="bbox 1930 4241 3487 4310">
     <span class='ocr_line' id='line_1_100' title="bbox 1930 4241 3487 4310; baseline 0.004 -16"><span class='ocrx_word' id='word_1_681' title='bbox 1930 4254 2070 4294; x_wconf 86' lang='lat' dir='ltr'><strong>anno</strong></span> <span class='ocrx_word' id='word_1_682' title='bbox 2094 4241 2272 4296; x_wconf 74' lang='lat' dir='ltr'><strong>Severi</strong></span> <span class='ocrx_word' id='word_1_683' title='bbox 2307 4244 2639 4310; x_wconf 84' lang='lat' dir='ltr'><strong>imperatoris</strong></span> <span class='ocrx_word' id='word_1_684' title='bbox 2672 4245 2757 4307; x_wconf 77' lang='grc'><strong>12,</strong></span> <span class='ocrx_word' id='word_1_685' title='bbox 2788 4242 2985 4297; x_wconf 90' lang='lat' dir='ltr'><strong>Christi</strong></span> <span class='ocrx_word' id='word_1_686' title='bbox 3015 4243 3144 4307; x_wconf 71' lang='lat'><strong>205,</strong></span> <span class='ocrx_word' id='word_1_687' title='bbox 3184 4248 3252 4297; x_wconf 87' lang='lat' dir='ltr'><strong>ob</strong></span> <span class='ocrx_word' id='word_1_688' title='bbox 3274 4246 3487 4300; x_wconf 79' lang='lat' dir='ltr'><strong>confes-</strong></span> 
     </span>
    </p>
   </div>
   <div class='ocr_carea' id='block_1_98' title="bbox 1929 4311 3481 4381">
    <p class='ocr_par' dir='ltr' id='par_1_98' title="bbox 1929 4311 3481 4381">
     <span class='ocr_line' id='line_1_101' title="bbox 1929 4311 3481 4381; baseline 0.003 -17"><span class='ocrx_word' id='word_1_689' title='bbox 1929 4312 2131 4365; x_wconf 88' lang='lat' dir='ltr'><strong>sionem</strong></span> <span class='ocrx_word' id='word_1_690' title='bbox 2168 4311 2421 4366; x_wconf 77' lang='lat' dir='ltr'><strong>Dominici</strong></span> <span class='ocrx_word' id='word_1_691' title='bbox 2455 4313 2681 4367; x_wconf 90' lang='lat' dir='ltr'><strong>nominis</strong></span> <span class='ocrx_word' id='word_1_692' title='bbox 2710 4314 2931 4381; x_wconf 83' lang='lat' dir='ltr'><strong>insignis</strong></span> <span class='ocrx_word' id='word_1_693' title='bbox 2963 4314 3274 4367; x_wconf 84' lang='lat' dir='ltr'><strong>habebatur.</strong></span> <span class='ocrx_word' id='word_1_694' title='bbox 3326 4316 3481 4368; x_wconf 79' lang='lat' dir='ltr'><strong>Auno</strong></span> 
     </span>
    </p>
   </div>
   <div class='ocr_carea' id='block_1_99' title="bbox 1931 4381 3476 4447">
    <p class='ocr_par' dir='ltr' id='par_1_99' title="bbox 1931 4381 3476 4447">
     <span class='ocr_line' id='line_1_102' title="bbox 1931 4381 3476 4447; baseline 0 -14"><span class='ocrx_word' id='word_1_695' title='bbox 1931 4381 2217 4435; x_wconf 56' lang='lat' dir='ltr'><strong>Caracallre</strong></span> <span class='ocrx_word' id='word_1_696' title='bbox 2242 4381 2309 4446; x_wconf 74' lang='grc'><strong>2,</strong></span> <span class='ocrx_word' id='word_1_697' title='bbox 2350 4382 2549 4436; x_wconf 88' lang='lat' dir='ltr'><strong>Christi</strong></span> <span class='ocrx_word' id='word_1_698' title='bbox 2579 4383 2687 4438; x_wconf 74' lang='grc'><strong>215</strong></span> <span class='ocrx_word' id='word_1_699' title='bbox 2710 4423 2725 4447; x_wconf 84' lang='grc'>,</span> <span class='ocrx_word' id='word_1_700' title='bbox 2773 4385 3047 4436; x_wconf 87' lang='lat' dir='ltr'><strong>ordinatus</strong></span> <span class='ocrx_word' id='word_1_701' title='bbox 3075 4393 3154 4435; x_wconf 88' lang='lat' dir='ltr'><strong>est</strong></span> <span class='ocrx_word' id='word_1_702' title='bbox 3181 4384 3355 4437; x_wconf 89' lang='lat' dir='ltr'><strong>adhuc</strong></span> <span class='ocrx_word' id='word_1_703' title='bbox 3397 4390 3476 4433; x_wconf 86' lang='lat' dir='ltr'><strong>vi—</strong></span> 
     </span>
    </p>
   </div>
   <div class='ocr_carea' id='block_1_100' title="bbox 1930 4452 3476 4519">
    <p class='ocr_par' dir='ltr' id='par_1_100' title="bbox 1930 4452 3476 4519">
     <span class='ocr_line' id='line_1_103' title="bbox 1930 4452 3476 4519; baseline 0.003 -18"><span class='ocrx_word' id='word_1_704' title='bbox 1930 4461 2085 4505; x_wconf 90' lang='lat' dir='ltr'><strong>vente</strong></span> <span class='ocrx_word' id='word_1_705' title='bbox 2113 4452 2359 4507; x_wconf 82' lang='lat' dir='ltr'><strong>Narcisso</strong></span> <span class='ocrx_word' id='word_1_706' title='bbox 2402 4462 2557 4507; x_wconf 66' lang='lat' dir='ltr'><strong>aetate</strong></span> <span class='ocrx_word' id='word_1_707' title='bbox 2600 4454 2842 4508; x_wconf 86' lang='lat' dir='ltr'><strong>confecto</strong></span> <span class='ocrx_word' id='word_1_708' title='bbox 2877 4452 3330 4519; x_wconf 56' lang='lat' dir='ltr'><strong>Jerosiilymornm</strong></span> <span class='ocrx_word' id='word_1_709' title='bbox 3363 4453 3476 4516; x_wconf 82' lang='lat' dir='ltr'><strong>epi-</strong></span> 
     </span>
    </p>
   </div>
   <div class='ocr_carea' id='block_1_101' title="bbox 1927 4522 3477 4589">
    <p class='ocr_par' dir='ltr' id='par_1_101' title="bbox 1927 4522 3477 4589">
     <span class='ocr_line' id='line_1_104' title="bbox 1927 4522 3477 4589; baseline 0 -17"><span class='ocrx_word' id='word_1_710' title='bbox 1927 4534 2141 4589; x_wconf 87' lang='lat' dir='ltr'><strong>scopus.</strong></span> <span class='ocrx_word' id='word_1_711' title='bbox 2199 4522 2380 4576; x_wconf 89' lang='lat' dir='ltr'><strong>Diviuo</strong></span> <span class='ocrx_word' id='word_1_712' title='bbox 2410 4524 2553 4577; x_wconf 90' lang='lat' dir='ltr'><strong>enim</strong></span> <span class='ocrx_word' id='word_1_713' title='bbox 2584 4524 2883 4578; x_wconf 89' lang='lat' dir='ltr'><strong>admonitus</strong></span> <span class='ocrx_word' id='word_1_714' title='bbox 2909 4523 3124 4578; x_wconf 86' lang='lat' dir='ltr'><strong>oraculo</strong></span> <span class='ocrx_word' id='word_1_715' title='bbox 3160 4522 3477 4583; x_wconf 75' lang='lat' dir='ltr'><strong>Alexander,</strong></span> 
     </span>
    </p>
   </div>
   <div class='ocr_carea' id='block_1_102' title="bbox 1927 4591 3483 4662">
    <p class='ocr_par' dir='ltr' id='par_1_102' title="bbox 1927 4591 3483 4662">
     <span class='ocr_line' id='line_1_105' title="bbox 1927 4591 3483 4662; baseline 0 -19"><span class='ocrx_word' id='word_1_716' title='bbox 1927 4604 2046 4662; x_wconf 86' lang='lat' dir='ltr'><strong>cum</strong></span> <span class='ocrx_word' id='word_1_717' title='bbox 2072 4607 2133 4644; x_wconf 83' lang='lat' dir='ltr'><strong>ex</strong></span> <span class='ocrx_word' id='word_1_718' title='bbox 2158 4591 2511 4659; x_wconf 77' lang='lat' dir='ltr'><strong>Cappadocia,</strong></span> <span class='ocrx_word' id='word_1_719' title='bbox 2542 4593 2595 4646; x_wconf 92' lang='lat' dir='ltr'><strong>in</strong></span> <span class='ocrx_word' id='word_1_720' title='bbox 2618 4610 2719 4662; x_wconf 87' lang='lat' dir='ltr'><strong>qua</strong></span> <span class='ocrx_word' id='word_1_721' title='bbox 2749 4596 2974 4662; x_wconf 90' lang='lat' dir='ltr'><strong>primum</strong></span> <span class='ocrx_word' id='word_1_722' title='bbox 3002 4592 3285 4662; x_wconf 78' lang='lat' dir='ltr'><strong>episcopus</strong></span> <span class='ocrx_word' id='word_1_723' title='bbox 3313 4592 3483 4662; x_wconf 83' lang='lat' dir='ltr'><strong>fuerat</strong></span> 
     </span>
    </p>
   </div>
   <div class='ocr_carea' id='block_1_103' title="bbox 1927 4659 3485 4731">
    <p class='ocr_par' dir='ltr' id='par_1_103' title="bbox 1927 4659 3485 4731">
     <span class='ocr_line' id='line_1_106' title="bbox 1927 4659 3485 4731; baseline -0.003 -18"><span class='ocrx_word' id='word_1_724' title='bbox 1927 4660 2234 4731; x_wconf 77' lang='lat' dir='ltr'><strong>ordinatus,</strong></span> <span class='ocrx_word' id='word_1_725' title='bbox 2276 4659 2665 4731; x_wconf 85' lang='lat' dir='ltr'><strong>Jerosolymam</strong></span> <span class='ocrx_word' id='word_1_726' title='bbox 2699 4659 2961 4727; x_wconf 79' lang='lat' dir='ltr'><strong>profectus</strong></span> <span class='ocrx_word' id='word_1_727' title='bbox 2993 4668 3163 4719; x_wconf 85' lang='lat' dir='ltr'><strong>esset,</strong></span> <span class='ocrx_word' id='word_1_728' title='bbox 3197 4659 3387 4713; x_wconf 85' lang='lat' dir='ltr'><strong>fratres</strong></span> <span class='ocrx_word' id='word_1_729' title='bbox 3418 4660 3485 4731; x_wconf 40' lang='lat' dir='ltr'><strong>ils</strong></span> 
     </span>
    </p>
   </div>
   <div class='ocr_carea' id='block_1_104' title="bbox 1927 4728 3483 4796">
    <p class='ocr_par' dir='ltr' id='par_1_104' title="bbox 1927 4728 3483 4796">
     <span class='ocr_line' id='line_1_107' title="bbox 1927 4728 3483 4796; baseline 0.001 -16"><span class='ocrx_word' id='word_1_730' title='bbox 1927 4728 2027 4783; x_wconf 91' lang='lat' dir='ltr'><strong>lius</strong></span> <span class='ocrx_word' id='word_1_731' title='bbox 2056 4730 2304 4784; x_wconf 65' lang='lat' dir='ltr'><strong>Ecclesiae</strong></span> <span class='ocrx_word' id='word_1_732' title='bbox 2329 4728 2709 4785; x_wconf 85' lang='lat' dir='ltr'><strong>humanissime</strong></span> <span class='ocrx_word' id='word_1_733' title='bbox 2733 4747 2853 4785; x_wconf 89' lang='lat' dir='ltr'><strong>eum</strong></span> <span class='ocrx_word' id='word_1_734' title='bbox 2884 4730 3257 4796; x_wconf 75' lang='lat' dir='ltr'><strong>suscipientes,</strong></span> <span class='ocrx_word' id='word_1_735' title='bbox 3290 4730 3483 4782; x_wconf 84' lang='lat' dir='ltr'><strong>reverti</strong></span> 
     </span>
    </p>
   </div>
   <div class='ocr_carea' id='block_1_105' title="bbox 1929 4798 3481 4867">
    <p class='ocr_par' dir='ltr' id='par_1_105' title="bbox 1929 4798 3481 4867">
     <span class='ocr_line' id='line_1_108' title="bbox 1929 4798 3481 4867; baseline 0 -17"><span class='ocrx_word' id='word_1_736' title='bbox 1929 4799 2163 4863; x_wconf 55' lang='lat' dir='ltr'><strong>posthac</strong></span> <span class='ocrx_word' id='word_1_737' title='bbox 2192 4801 2242 4853; x_wconf 93' lang='lat' dir='ltr'><strong>in</strong></span> <span class='ocrx_word' id='word_1_738' title='bbox 2275 4802 2495 4867; x_wconf 89' lang='lat' dir='ltr'><strong>patriam</strong></span> <span class='ocrx_word' id='word_1_739' title='bbox 2525 4817 2627 4855; x_wconf 88' lang='lat' dir='ltr'><strong>non</strong></span> <span class='ocrx_word' id='word_1_740' title='bbox 2656 4803 2912 4865; x_wconf 88' lang='lat' dir='ltr'><strong>siverunt,</strong></span> <span class='ocrx_word' id='word_1_741' title='bbox 2942 4812 3044 4853; x_wconf 86' lang='lat' dir='ltr'><strong>etc.</strong></span> <span class='ocrx_word' id='word_1_742' title='bbox 3092 4798 3309 4864; x_wconf 84' lang='lat' dir='ltr'><strong>Euseb.,</strong></span> <span class='ocrx_word' id='word_1_743' title='bbox 3345 4798 3481 4852; x_wconf 91' lang='lat' dir='ltr'><strong>IIist.</strong></span> 
     </span>
    </p>
   </div>
   <div class='ocr_carea' id='block_1_106' title="bbox 1929 4867 3482 4935">
    <p class='ocr_par' dir='ltr' id='par_1_106' title="bbox 1929 4867 3482 4935">
     <span class='ocr_line' id='line_1_109' title="bbox 1929 4867 3482 4935; baseline 0.001 -15"><span class='ocrx_word' id='word_1_744' title='bbox 1929 4867 2095 4930; x_wconf 86' lang='lat' dir='ltr'><strong>Eccl.,</strong></span> <span class='ocrx_word' id='word_1_745' title='bbox 2122 4884 2192 4932; x_wconf 83' lang='lat' dir='ltr'><strong>vi,</strong></span> <span class='ocrx_word' id='word_1_746' title='bbox 2224 4870 2308 4923; x_wconf 85' lang='lat' dir='ltr'><strong>II.</strong></span> <span class='ocrx_word' id='word_1_747' title='bbox 2344 4872 2435 4924; x_wconf 90' lang='lat' dir='ltr'><strong>llic</strong></span> <span class='ocrx_word' id='word_1_748' title='bbox 2462 4885 2579 4923; x_wconf 92' lang='lat' dir='ltr'><strong>cum</strong></span> <span class='ocrx_word' id='word_1_749' title='bbox 2612 4871 2917 4924; x_wconf 86' lang='lat' dir='ltr'><strong>Theoctisto</strong></span> <span class='ocrx_word' id='word_1_750' title='bbox 2944 4871 3201 4923; x_wconf 70' lang='lat' dir='ltr'><strong>Cresarete</strong></span> <span class='ocrx_word' id='word_1_751' title='bbox 3231 4870 3482 4935; x_wconf 89' lang='lat' dir='ltr'><strong>episcopo</strong></span> 
     </span>
    </p>
   </div>
   <div class='ocr_carea' id='block_1_107' title="bbox 1926 4938 3479 5007">
    <p class='ocr_par' dir='ltr' id='par_1_107' title="bbox 1926 4938 3479 5007">
     <span class='ocr_line' id='line_1_110' title="bbox 1926 4938 3479 5007; baseline -0.001 -17"><span class='ocrx_word' id='word_1_752' title='bbox 1926 4938 2207 5006; x_wconf 88' lang='lat' dir='ltr'><strong>Origenem</strong></span> <span class='ocrx_word' id='word_1_753' title='bbox 2240 4940 2601 5007; x_wconf 84' lang='lat' dir='ltr'><strong>presbyterum</strong></span> <span class='ocrx_word' id='word_1_754' title='bbox 2627 4940 2906 4993; x_wconf 87' lang='lat' dir='ltr'><strong>ordinavit.</strong></span> <span class='ocrx_word' id='word_1_755' title='bbox 2943 4940 3246 5007; x_wconf 89' lang='lat' dir='ltr'><strong>llieronym.</strong></span> <span class='ocrx_word' id='word_1_756' title='bbox 3272 4939 3339 4991; x_wconf 92' lang='lat' dir='ltr'><strong>de</strong></span> <span class='ocrx_word' id='word_1_757' title='bbox 3359 4940 3479 4989; x_wconf 83' lang='lat' dir='ltr'><strong>Uri-</strong></span> 
     </span>
    </p>
   </div>
   <div class='ocr_carea' id='block_1_108' title="bbox 1926 5006 3480 5076">
    <p class='ocr_par' dir='ltr' id='par_1_108' title="bbox 1926 5006 3480 5076">
     <span class='ocr_line' id='line_1_111' title="bbox 1926 5006 3480 5076; baseline 0.001 -17"><span class='ocrx_word' id='word_1_758' title='bbox 1926 5021 2062 5074; x_wconf 89' lang='lat' dir='ltr'><strong>gene</strong></span> <span class='ocrx_word' id='word_1_759' title='bbox 2108 5022 2269 5076; x_wconf 86' lang='lat' dir='ltr'><strong>agens</strong></span> <span class='ocrx_word' id='word_1_760' title='bbox 2316 5010 2451 5062; x_wconf 91' lang='lat' dir='ltr'><strong>inter</strong></span> <span class='ocrx_word' id='word_1_761' title='bbox 2479 5023 2604 5063; x_wconf 89' lang='lat' dir='ltr'><strong>suos</strong></span> <span class='ocrx_word' id='word_1_762' title='bbox 2650 5012 2846 5076; x_wconf 87' lang='lat' dir='ltr'><strong>Script.</strong></span> <span class='ocrx_word' id='word_1_763' title='bbox 2893 5010 3035 5063; x_wconf 83' lang='lat' dir='ltr'><strong>Eccl.</strong></span> <span class='ocrx_word' id='word_1_764' title='bbox 3089 5006 3291 5061; x_wconf 92' lang='lat' dir='ltr'><strong>Dicitur</strong></span> <span class='ocrx_word' id='word_1_765' title='bbox 3320 5006 3480 5061; x_wconf 87' lang='lat' dir='ltr'><strong>etiam</strong></span> 
     </span>
    </p>
   </div>
   <div class='ocr_carea' id='block_1_109' title="bbox 256 5074 3485 5146">
    <p class='ocr_par' dir='ltr' id='par_1_109' title="bbox 256 5074 3485 5146">
     <span class='ocr_line' id='line_1_112' title="bbox 256 5074 3485 5146; baseline -0 -15"><span class='ocrx_word' id='word_1_766' title='bbox 256 5090 414 5132; x_wconf 84' lang='lat' dir='ltr'><strong>natus</strong></span> <span class='ocrx_word' id='word_1_767' title='bbox 446 5087 547 5130; x_wconf 90' lang='lat' dir='ltr'><strong>est.</strong></span> <span class='ocrx_word' id='word_1_768' title='bbox 592 5077 722 5130; x_wconf 90' lang='lat' dir='ltr'><strong>Cum</strong></span> <span class='ocrx_word' id='word_1_769' title='bbox 750 5086 925 5129; x_wconf 90' lang='lat' dir='ltr'><strong>autem</strong></span> <span class='ocrx_word' id='word_1_770' title='bbox 951 5074 1190 5146; x_wconf 82' lang='lat' dir='ltr'><strong>Julianus</strong></span> <span class='ocrx_word' id='word_1_771' title='bbox 1220 5076 1346 5142; x_wconf 89' lang='lat' dir='ltr'><strong>imp.</strong></span> <span class='ocrx_word' id='word_1_772' title='bbox 1381 5074 1447 5127; x_wconf 81' lang='lat' dir='ltr'><strong>ad</strong></span> <span class='ocrx_word' id='word_1_773' title='bbox 1478 5076 1667 5146; x_wconf 78' lang='lat' dir='ltr'><strong>I’ersas</strong></span> <span class='ocrx_word' id='word_1_774' title='bbox 1698 5091 1819 5142; x_wconf 82' lang='lat' dir='ltr'><strong>per-</strong></span> <span class='ocrx_word' id='word_1_775' title='bbox 1855 5087 1903 5146; x_wconf 83' lang='grc' dir='ltr'><strong>ι)</strong></span> <span class='ocrx_word' id='word_1_776' title='bbox 1930 5074 2229 5131; x_wconf 79' lang='lat' dir='ltr'><strong>Alexander</strong></span> <span class='ocrx_word' id='word_1_777' title='bbox 2253 5076 2323 5132; x_wconf 82' lang='lat' dir='ltr'><strong>ab</strong></span> <span class='ocrx_word' id='word_1_778' title='bbox 2352 5079 2605 5143; x_wconf 87' lang='lat' dir='ltr'><strong>Eusebio,</strong></span> <span class='ocrx_word' id='word_1_779' title='bbox 2625 5095 2698 5141; x_wconf 81' lang='lat' dir='ltr'><strong>vi,</strong></span> <span class='ocrx_word' id='word_1_780' title='bbox 2729 5074 2822 5143; x_wconf 70' lang='lat'><strong>20,</strong></span> <span class='ocrx_word' id='word_1_781' title='bbox 2855 5078 3229 5146; x_wconf 81' lang='lat' dir='ltr'><strong>bibliothecam</strong></span> <span class='ocrx_word' id='word_1_782' title='bbox 3268 5078 3485 5130; x_wconf 86' lang='lat' dir='ltr'><strong>Jeroso-</strong></span> 
     </span>
    </p>
   </div>
   <div class='ocr_carea' id='block_1_110' title="bbox 256 5144 1815 5213">
    <p class='ocr_par' dir='ltr' id='par_1_110' title="bbox 256 5144 1815 5213">
     <span class='ocr_line' id='line_1_113' title="bbox 256 5144 1815 5213; baseline -0.001 -15"><span class='ocrx_word' id='word_1_783' title='bbox 256 5158 438 5213; x_wconf 80' lang='lat' dir='ltr'><strong>geret,</strong></span> <span class='ocrx_word' id='word_1_784' title='bbox 471 5148 688 5200; x_wconf 83' lang='lat' dir='ltr'><strong>veniens</strong></span> <span class='ocrx_word' id='word_1_785' title='bbox 716 5146 1010 5200; x_wconf 83' lang='lat' dir='ltr'><strong>Jerusalem</strong></span> <span class='ocrx_word' id='word_1_786' title='bbox 1040 5145 1338 5209; x_wconf 86' lang='lat' dir='ltr'><strong>Qniriacum</strong></span> <span class='ocrx_word' id='word_1_787' title='bbox 1370 5146 1434 5196; x_wconf 89' lang='lat' dir='ltr'><strong>ad</strong></span> <span class='ocrx_word' id='word_1_788' title='bbox 1466 5144 1687 5197; x_wconf 87' lang='lat' dir='ltr'><strong>deorum</strong></span> <span class='ocrx_word' id='word_1_789' title='bbox 1727 5158 1815 5197; x_wconf 82' lang='lat' dir='ltr'><strong>sa-</strong></span> 
     </span>
    </p>
   </div>
   <div class='ocr_carea' id='block_1_111' title="bbox 256 5213 1816 5282">
    <p class='ocr_par' dir='ltr' id='par_1_111' title="bbox 256 5213 1816 5282">
     <span class='ocr_line' id='line_1_114' title="bbox 256 5213 1816 5282; baseline -0.001 -13"><span class='ocrx_word' id='word_1_790' title='bbox 256 5218 455 5270; x_wconf 84' lang='lat' dir='ltr'><strong>crificia</strong></span> <span class='ocrx_word' id='word_1_791' title='bbox 490 5218 745 5269; x_wconf 87' lang='lat' dir='ltr'><strong>invitavit.</strong></span> <span class='ocrx_word' id='word_1_792' title='bbox 778 5216 927 5282; x_wconf 86' lang='lat' dir='ltr'><strong>Quod</strong></span> <span class='ocrx_word' id='word_1_793' title='bbox 955 5229 1074 5267; x_wconf 92' lang='lat' dir='ltr'><strong>cum</strong></span> <span class='ocrx_word' id='word_1_794' title='bbox 1105 5221 1373 5276; x_wconf 87' lang='lat' dir='ltr'><strong>renueret,</strong></span> <span class='ocrx_word' id='word_1_795' title='bbox 1397 5214 1673 5282; x_wconf 77' lang='lat' dir='ltr'><strong>dexteram</strong></span> <span class='ocrx_word' id='word_1_796' title='bbox 1698 5213 1816 5282; x_wconf 85' lang='lat' dir='ltr'><strong>ejus</strong></span> 
     </span>
    </p>
   </div>
   <div class='ocr_carea' id='block_1_112' title="bbox 257 5281 1815 5354">
    <p class='ocr_par' dir='ltr' id='par_1_112' title="bbox 257 5281 1815 5354">
     <span class='ocr_line' id='line_1_115' title="bbox 257 5281 1815 5354; baseline -0.001 -16"><span class='ocrx_word' id='word_1_797' title='bbox 257 5288 499 5339; x_wconf 81' lang='lat' dir='ltr'><strong>abscindi</strong></span> <span class='ocrx_word' id='word_1_798' title='bbox 550 5286 693 5340; x_wconf 86' lang='lat' dir='ltr'><strong>fecit.</strong></span> <span class='ocrx_word' id='word_1_799' title='bbox 744 5281 893 5340; x_wconf 86' lang='lat' dir='ltr'><strong>Tunc</strong></span> <span class='ocrx_word' id='word_1_800' title='bbox 943 5285 1215 5354; x_wconf 89' lang='lat' dir='ltr'><strong>plumbum</strong></span> <span class='ocrx_word' id='word_1_801' title='bbox 1270 5281 1609 5354; x_wconf 81' lang='lat' dir='ltr'><strong>liquefactum</strong></span> <span class='ocrx_word' id='word_1_802' title='bbox 1658 5281 1815 5337; x_wconf 44' lang='lat' dir='ltr'><strong>in&#39;os</strong></span> 
     </span>
    </p>
   </div>
   <div class='ocr_carea' id='block_1_113' title="bbox 257 5352 1815 5425">
    <p class='ocr_par' dir='ltr' id='par_1_113' title="bbox 257 5352 1815 5425">
     <span class='ocr_line' id='line_1_116' title="bbox 257 5352 1815 5425; baseline -0.002 -16"><span class='ocrx_word' id='word_1_803' title='bbox 257 5360 377 5423; x_wconf 84' lang='lat' dir='ltr'><strong>ejus</strong></span> <span class='ocrx_word' id='word_1_804' title='bbox 427 5356 629 5410; x_wconf 83' lang='lat' dir='ltr'><strong>infundi</strong></span> <span class='ocrx_word' id='word_1_805' title='bbox 674 5356 851 5425; x_wconf 89' lang='lat' dir='ltr'><strong>jussit.</strong></span> <span class='ocrx_word' id='word_1_806' title='bbox 918 5352 1115 5409; x_wconf 80' lang='lat' dir='ltr'><strong>Deinde</strong></span> <span class='ocrx_word' id='word_1_807' title='bbox 1155 5366 1315 5421; x_wconf 88' lang='lat' dir='ltr'><strong>super</strong></span> <span class='ocrx_word' id='word_1_808' title='bbox 1352 5352 1543 5425; x_wconf 80' lang='lat' dir='ltr'><strong>lectum</strong></span> <span class='ocrx_word' id='word_1_809' title='bbox 1585 5353 1815 5425; x_wconf 77' lang='lat' dir='ltr'><strong>ferreum</strong></span> 
     </span>
    </p>
   </div>
   <div class='ocr_carea' id='block_1_114' title="bbox 258 5421 1817 5487">
    <p class='ocr_par' dir='ltr' id='par_1_114' title="bbox 258 5421 1817 5487">
     <span class='ocr_line' id='line_1_117' title="bbox 258 5421 1817 5487; baseline -0.001 -10"><span class='ocrx_word' id='word_1_810' title='bbox 258 5421 447 5480; x_wconf 79' lang='lat' dir='ltr'><strong>ventre</strong></span> <span class='ocrx_word' id='word_1_811' title='bbox 473 5421 720 5481; x_wconf 82' lang='lat' dir='ltr'><strong>deorsum</strong></span> <span class='ocrx_word' id='word_1_812' title='bbox 747 5425 991 5487; x_wconf 78' lang='lat' dir='ltr'><strong>extendi,</strong></span> <span class='ocrx_word' id='word_1_813' title='bbox 1021 5432 1076 5477; x_wconf 91' lang='lat' dir='ltr'><strong>et</strong></span> <span class='ocrx_word' id='word_1_814' title='bbox 1097 5425 1355 5477; x_wconf 83' lang='lat' dir='ltr'><strong>carbones</strong></span> <span class='ocrx_word' id='word_1_815' title='bbox 1384 5421 1692 5487; x_wconf 81' lang='lat' dir='ltr'><strong>sublerponi</strong></span> <span class='ocrx_word' id='word_1_816' title='bbox 1709 5460 1725 5484; x_wconf 90' lang='lat'><strong>,</strong></span> <span class='ocrx_word' id='word_1_817' title='bbox 1753 5437 1817 5476; x_wconf 86' lang='lat' dir='ltr'><strong>ac</strong></span> 
     </span>
    </p>
   </div>
   <div class='ocr_carea' id='block_1_115' title="bbox 257 5491 1816 5563">
    <p class='ocr_par' dir='ltr' id='par_1_115' title="bbox 257 5491 1816 5563">
     <span class='ocr_line' id='line_1_118' title="bbox 257 5491 1816 5563; baseline -0.003 -15"><span class='ocrx_word' id='word_1_818' title='bbox 257 5498 426 5550; x_wconf 84' lang='lat' dir='ltr'><strong>salem</strong></span> <span class='ocrx_word' id='word_1_819' title='bbox 455 5504 510 5549; x_wconf 91' lang='lat' dir='ltr'><strong>et</strong></span> <span class='ocrx_word' id='word_1_820' title='bbox 536 5498 744 5563; x_wconf 80' lang='lat' dir='ltr'><strong>adipem</strong></span> <span class='ocrx_word' id='word_1_821' title='bbox 777 5495 1003 5562; x_wconf 89' lang='lat' dir='ltr'><strong>aspergi,</strong></span> <span class='ocrx_word' id='word_1_822' title='bbox 1033 5492 1485 5563; x_wconf 10' lang='lat' dir='ltr'><strong>dorsumiqunque</strong></span> <span class='ocrx_word' id='word_1_823' title='bbox 1514 5491 1631 5557; x_wconf 87' lang='lat' dir='ltr'><strong>ejus</strong></span> <span class='ocrx_word' id='word_1_824' title='bbox 1658 5492 1816 5563; x_wconf 62' lang='lat' dir='ltr'><strong>virgis</strong></span> 
     </span>
    </p>
   </div>
   <div class='ocr_carea' id='block_1_116' title="bbox 256 5560 1813 5634">
    <p class='ocr_par' dir='ltr' id='par_1_116' title="bbox 256 5560 1813 5634">
     <span class='ocr_line' id='line_1_119' title="bbox 256 5560 1813 5634; baseline -0.001 -18"><span class='ocrx_word' id='word_1_825' title='bbox 256 5567 425 5629; x_wconf 58' lang='lat' dir='ltr'><strong>cadi,</strong></span> <span class='ocrx_word' id='word_1_826' title='bbox 466 5560 659 5619; x_wconf 79' lang='lat' dir='ltr'><strong>deinde</strong></span> <span class='ocrx_word' id='word_1_827' title='bbox 681 5564 868 5634; x_wconf 85' lang='lat' dir='ltr'><strong>jactari</strong></span> <span class='ocrx_word' id='word_1_828' title='bbox 903 5560 953 5615; x_wconf 82' lang='lat' dir='ltr'><strong>in</strong></span> <span class='ocrx_word' id='word_1_829' title='bbox 986 5565 1195 5634; x_wconf 82' lang='lat' dir='ltr'><strong>foveam</strong></span> <span class='ocrx_word' id='word_1_830' title='bbox 1221 5560 1813 5634; x_wconf 26' lang='lat' dir='ltr'><strong>plenam‘serpentibus.</strong></span> 
     </span>
    </p>
   </div>
   <div class='ocr_carea' id='block_1_117' title="bbox 258 5629 1813 5703">
    <p class='ocr_par' dir='ltr' id='par_1_117' title="bbox 258 5629 1813 5703">
     <span class='ocr_line' id='line_1_120' title="bbox 258 5629 1813 5703; baseline -0.002 -16"><span class='ocrx_word' id='word_1_831' title='bbox 258 5635 364 5690; x_wconf 81' lang='lat' dir='ltr'><strong>Sed</strong></span> <span class='ocrx_word' id='word_1_832' title='bbox 399 5644 575 5688; x_wconf 76' lang='lat' dir='ltr'><strong>mruen</strong></span> <span class='ocrx_word' id='word_1_833' title='bbox 606 5629 878 5703; x_wconf 66' lang='lat' dir='ltr'><strong>serpentes</strong></span> <span class='ocrx_word' id='word_1_834' title='bbox 906 5647 1091 5703; x_wconf 83' lang='lat' dir='ltr'><strong>omnes</strong></span> <span class='ocrx_word' id='word_1_835' title='bbox 1118 5630 1294 5703; x_wconf 88' lang='lat' dir='ltr'><strong>subito</strong></span> <span class='ocrx_word' id='word_1_836' title='bbox 1322 5629 1588 5703; x_wconf 80' lang='lat' dir='ltr'><strong>exstincti.</strong></span> <span class='ocrx_word' id='word_1_837' title='bbox 1627 5631 1813 5703; x_wconf 69' lang='lat' dir='ltr'><strong>Postea</strong></span> 
     </span>
    </p>
   </div>
   <div class='ocr_carea' id='block_1_118' title="bbox 260 5701 1814 5772">
    <p class='ocr_par' dir='ltr' id='par_1_118' title="bbox 260 5701 1814 5772">
     <span class='ocr_line' id='line_1_121' title="bbox 260 5701 1814 5772; baseline -0.002 -14"><span class='ocrx_word' id='word_1_838' title='bbox 260 5706 538 5772; x_wconf 78' lang='lat' dir='ltr'><strong>Quiriacus</strong></span> <span class='ocrx_word' id='word_1_839' title='bbox 560 5705 611 5759; x_wconf 90' lang='lat' dir='ltr'><strong>in</strong></span> <span class='ocrx_word' id='word_1_840' title='bbox 635 5701 807 5761; x_wconf 77' lang='lat' dir='ltr'><strong>oleum</strong></span> <span class='ocrx_word' id='word_1_841' title='bbox 828 5702 1051 5758; x_wconf 86' lang='lat' dir='ltr'><strong>calidum</strong></span> <span class='ocrx_word' id='word_1_842' title='bbox 1077 5702 1387 5767; x_wconf 89' lang='lat' dir='ltr'><strong>immittitur,</strong></span> <span class='ocrx_word' id='word_1_843' title='bbox 1411 5702 1619 5755; x_wconf 81' lang='lat' dir='ltr'><strong>tandem</strong></span> <span class='ocrx_word' id='word_1_844' title='bbox 1643 5701 1814 5770; x_wconf 72' lang='lat' dir='ltr'><strong>gladio</strong></span> 
     </span>
    </p>
   </div>
   <div class='ocr_carea' id='block_1_119' title="bbox 1932 5145 3480 5214">
    <p class='ocr_par' dir='ltr' id='par_1_119' title="bbox 1932 5145 3480 5214">
     <span class='ocr_line' id='line_1_122' title="bbox 1932 5145 3480 5214; baseline 0 -17"><span class='ocrx_word' id='word_1_845' title='bbox 1932 5146 2089 5213; x_wconf 86' lang='lat' dir='ltr'><strong>Iymis</strong></span> <span class='ocrx_word' id='word_1_846' title='bbox 2128 5148 2472 5201; x_wconf 87' lang='lat' dir='ltr'><strong>exstruxisse.</strong></span> <span class='ocrx_word' id='word_1_847' title='bbox 2528 5150 2676 5214; x_wconf 89' lang='lat' dir='ltr'><strong>Apud</strong></span> <span class='ocrx_word' id='word_1_848' title='bbox 2705 5147 3002 5202; x_wconf 68' lang='lat' dir='ltr'><strong>Caesaream</strong></span> <span class='ocrx_word' id='word_1_849' title='bbox 3045 5145 3339 5199; x_wconf 66' lang='lat' dir='ltr'><strong>Palussﬁrue</strong></span> <span class='ocrx_word' id='word_1_850' title='bbox 3380 5150 3480 5199; x_wconf 90' lang='lat' dir='ltr'><strong>sub</strong></span> 
     </span>
    </p>
   </div>
   <div class='ocr_carea' id='block_1_120' title="bbox 1928 5214 3478 5286">
    <p class='ocr_par' dir='ltr' id='par_1_120' title="bbox 1928 5214 3478 5286">
     <span class='ocr_line' id='line_1_123' title="bbox 1928 5214 3478 5286; baseline 0.001 -20"><span class='ocrx_word' id='word_1_851' title='bbox 1928 5214 2084 5268; x_wconf 85' lang='lat' dir='ltr'><strong>Decio</strong></span> <span class='ocrx_word' id='word_1_852' title='bbox 2106 5219 2155 5268; x_wconf 93' lang='lat' dir='ltr'><strong>in</strong></span> <span class='ocrx_word' id='word_1_853' title='bbox 2178 5231 2445 5271; x_wconf 86' lang='lat' dir='ltr'><strong>carcerem</strong></span> <span class='ocrx_word' id='word_1_854' title='bbox 2470 5219 2738 5286; x_wconf 88' lang='lat' dir='ltr'><strong>conjectus</strong></span> <span class='ocrx_word' id='word_1_855' title='bbox 2757 5220 2984 5273; x_wconf 82' lang='lat' dir='ltr'><strong>secunda</strong></span> <span class='ocrx_word' id='word_1_856' title='bbox 3008 5216 3341 5273; x_wconf 56' lang='lat' dir='ltr'><strong>confessione</strong></span> <span class='ocrx_word' id='word_1_857' title='bbox 3367 5232 3478 5267; x_wconf 81' lang='lat' dir='ltr'><strong>nn-</strong></span> 
     </span>
    </p>
   </div>
   <div class='ocr_carea' id='block_1_121' title="bbox 1919 5286 3473 5355">
    <p class='ocr_par' dir='ltr' id='par_1_121' title="bbox 1919 5286 3473 5355">
     <span class='ocr_line' id='line_1_124' title="bbox 1919 5286 3473 5355; baseline -0.008 -4"><span class='ocrx_word' id='word_1_858' title='bbox 1919 5297 2075 5355; x_wconf 51' lang='lat' dir='ltr'><strong>Silam</strong></span> <span class='ocrx_word' id='word_1_859' title='bbox 2104 5286 2327 5352; x_wconf 80' lang='lat' dir='ltr'><strong>gloriam</strong></span> <span class='ocrx_word' id='word_1_860' title='bbox 2356 5289 2552 5355; x_wconf 88' lang='lat' dir='ltr'><strong>retulit,</strong></span> <span class='ocrx_word' id='word_1_861' title='bbox 2578 5298 2630 5341; x_wconf 87' lang='lat' dir='ltr'><strong>et</strong></span> <span class='ocrx_word' id='word_1_862' title='bbox 2662 5288 2870 5344; x_wconf 84' lang='lat' dir='ltr'><strong>tandem</strong></span> <span class='ocrx_word' id='word_1_863' title='bbox 2903 5290 2952 5343; x_wconf 90' lang='lat' dir='ltr'><strong>in</strong></span> <span class='ocrx_word' id='word_1_864' title='bbox 2982 5288 3218 5341; x_wconf 84' lang='lat' dir='ltr'><strong>custodia</strong></span> <span class='ocrx_word' id='word_1_865' title='bbox 3242 5286 3473 5338; x_wconf 74' lang='lat' dir='ltr'><strong>animum</strong></span> 
     </span>
    </p>
   </div>
   <div class='ocr_carea' id='block_1_122' title="bbox 1918 5353 2674 5422">
    <p class='ocr_par' dir='ltr' id='par_1_122' title="bbox 1918 5353 2674 5422">
     <span class='ocr_line' id='line_1_125' title="bbox 1918 5353 2674 5422; baseline 0.007 -16"><span class='ocrx_word' id='word_1_866' title='bbox 1918 5353 2204 5422; x_wconf 78' lang='lat' dir='ltr'><strong>exhalavit.</strong></span> <span class='ocrx_word' id='word_1_867' title='bbox 2244 5358 2463 5419; x_wconf 86' lang='lat' dir='ltr'><strong>Euseh.,</strong></span> <span class='ocrx_word' id='word_1_868' title='bbox 2490 5353 2560 5422; x_wconf 72' lang='lat' dir='ltr'><strong>vi,</strong></span> <span class='ocrx_word' id='word_1_869' title='bbox 2586 5358 2674 5411; x_wconf 77' lang='lat'><strong>39.</strong></span> 
     </span>
    </p>
   </div>
   <div class='ocr_carea' id='block_1_123' title="bbox 1993 5419 3477 5496">
    <p class='ocr_par' dir='ltr' id='par_1_123' title="bbox 1993 5419 3477 5496">
     <span class='ocr_line' id='line_1_126' title="bbox 1993 5419 3477 5496; baseline -0.015 -1"><span class='ocrx_word' id='word_1_870' title='bbox 1993 5419 2011 5459; x_wconf 61' lang='grc' dir='ltr'>ί</span> <span class='ocrx_word' id='word_1_871' title='bbox 2045 5422 2257 5496; x_wconf 48' lang='lat' dir='ltr'><strong>adlegi.</strong></span> <span class='ocrx_word' id='word_1_872' title='bbox 2285 5419 2617 5481; x_wconf 26' lang='lat' dir='ltr'><strong>Coluntur’lii</strong></span> <span class='ocrx_word' id='word_1_873' title='bbox 2650 5425 2817 5496; x_wconf 91' lang='lat' dir='ltr'><strong>pridie</strong></span> <span class='ocrx_word' id='word_1_874' title='bbox 2847 5427 2899 5481; x_wconf 89' lang='lat' dir='ltr'><strong>in</strong></span> <span class='ocrx_word' id='word_1_875' title='bbox 2931 5426 3246 5496; x_wconf 82' lang='lat' dir='ltr'><strong>quibusdam</strong></span> <span class='ocrx_word' id='word_1_876' title='bbox 3276 5423 3477 5493; x_wconf 73' lang='lat' dir='ltr'><strong>Marty-</strong></span> 
     </span>
    </p>
   </div>
   <div class='ocr_carea' id='block_1_124' title="bbox 1917 5491 2697 5559">
    <p class='ocr_par' dir='ltr' id='par_1_124' title="bbox 1917 5491 2697 5559">
     <span class='ocr_line' id='line_1_127' title="bbox 1917 5491 2697 5559; baseline 0.004 -13"><span class='ocrx_word' id='word_1_877' title='bbox 1917 5491 2132 5559; x_wconf 84' lang='lat' dir='ltr'><strong>rologiis</strong></span> <span class='ocrx_word' id='word_1_878' title='bbox 2159 5509 2187 5545; x_wconf 88' lang='lat' dir='ltr'><strong>a</strong></span> <span class='ocrx_word' id='word_1_879' title='bbox 2221 5496 2259 5547; x_wconf 84' lang='grc' dir='ltr'>Β</span> <span class='ocrx_word' id='word_1_880' title='bbox 2280 5497 2475 5549; x_wconf 72' lang='grc' dir='ltr'><strong>ιΙΙτιιιάο</strong></span> <span class='ocrx_word' id='word_1_881' title='bbox 2500 5491 2697 5550; x_wconf 74' lang='lat' dir='ltr'><strong>citatis.</strong></span> 
     </span>
    </p>
   </div>
   <div class='ocr_carea' id='block_1_125' title="bbox 1990 5560 3328 5635">
    <p class='ocr_par' dir='ltr' id='par_1_125' title="bbox 1990 5560 3328 5635">
     <span class='ocr_line' id='line_1_128' title="bbox 1990 5560 3328 5635; baseline -0.001 -21"><span class='ocrx_word' id='word_1_882' title='bbox 1990 5570 2015 5635; x_wconf 66' lang='lat' dir='ltr'><strong>tl</strong></span> <span class='ocrx_word' id='word_1_883' title='bbox 2048 5560 2321 5635; x_wconf 53' lang='lat' dir='ltr'><strong>gignieriii.</strong></span> <span class='ocrx_word' id='word_1_884' title='bbox 2358 5565 2431 5618; x_wconf 89' lang='lat' dir='ltr'><strong>De</strong></span> <span class='ocrx_word' id='word_1_885' title='bbox 2458 5566 2512 5619; x_wconf 89' lang='lat' dir='ltr'><strong>S.</strong></span> <span class='ocrx_word' id='word_1_886' title='bbox 2543 5565 2809 5635; x_wconf 69' lang='lat' dir='ltr'><strong>l’igmenio</strong></span> <span class='ocrx_word' id='word_1_887' title='bbox 2839 5565 2957 5618; x_wconf 87' lang='lat' dir='ltr'><strong>vide</strong></span> <span class='ocrx_word' id='word_1_888' title='bbox 2987 5580 3106 5616; x_wconf 69' lang='lat' dir='ltr'><strong>XXIV</strong></span> <span class='ocrx_word' id='word_1_889' title='bbox 3138 5563 3328 5635; x_wconf 64' lang='lat' dir='ltr'><strong>Marti.</strong></span> 
     </span>
    </p>
   </div>
   <div class='ocr_carea' id='block_1_126' title="bbox 1996 5631 3472 5701">
    <p class='ocr_par' dir='ltr' id='par_1_126' title="bbox 1996 5631 3472 5701">
     <span class='ocr_line' id='line_1_129' title="bbox 1996 5631 3472 5701; baseline 0 -18"><span class='ocrx_word' id='word_1_890' title='bbox 1996 5632 2020 5701; x_wconf 51' lang='lat'><strong>&#39;3</strong></span> <span class='ocrx_word' id='word_1_891' title='bbox 2052 5631 2318 5687; x_wconf 79' lang='lat' dir='ltr'><strong>Timothei.</strong></span> <span class='ocrx_word' id='word_1_892' title='bbox 2355 5635 2448 5688; x_wconf 87' lang='lat' dir='ltr'><strong>llic</strong></span> <span class='ocrx_word' id='word_1_893' title='bbox 2478 5631 2669 5690; x_wconf 75' lang='lat' dir='ltr'><strong>colitur</strong></span> <span class='ocrx_word' id='word_1_894' title='bbox 2700 5636 2945 5701; x_wconf 87' lang='lat' dir='ltr'><strong>postridie</strong></span> <span class='ocrx_word' id='word_1_895' title='bbox 2975 5638 3023 5685; x_wconf 89' lang='lat' dir='ltr'><strong>in</strong></span> <span class='ocrx_word' id='word_1_896' title='bbox 3058 5634 3206 5686; x_wconf 74' lang='lat' dir='ltr'><strong>Bzedi</strong></span> <span class='ocrx_word' id='word_1_897' title='bbox 3239 5632 3472 5698; x_wconf 84' lang='lat' dir='ltr'><strong>vulgato.</strong></span> 
     </span>
    </p>
   </div>
   <div class='ocr_carea' id='block_1_127' title="bbox 2002 5699 3480 5774">
    <p class='ocr_par' dir='ltr' id='par_1_127' title="bbox 2002 5699 3480 5774">
     <span class='ocr_line' id='line_1_130' title="bbox 2002 5699 3480 5774; baseline 0.001 -20"><span class='ocrx_word' id='word_1_898' title='bbox 2002 5699 2013 5737; x_wconf 78' lang='grc' dir='ltr'><strong>ί</strong></span> <span class='ocrx_word' id='word_1_899' title='bbox 2048 5702 2281 5757; x_wconf 81' lang='lat' dir='ltr'><strong>Joannis.</strong></span> <span class='ocrx_word' id='word_1_900' title='bbox 2342 5705 2537 5774; x_wconf 60' lang='lat' dir='ltr'><strong>Magnae</strong></span> <span class='ocrx_word' id='word_1_901' title='bbox 2570 5699 2859 5760; x_wconf 71' lang='lat' dir='ltr'><strong>sanctitatis</strong></span> <span class='ocrx_word' id='word_1_902' title='bbox 2900 5706 3031 5770; x_wconf 83' lang='lat' dir='ltr'><strong>viri,</strong></span> <span class='ocrx_word' id='word_1_903' title='bbox 3083 5704 3169 5774; x_wconf 86' lang='lat' dir='ltr'><strong>qui</strong></span> <span class='ocrx_word' id='word_1_904' title='bbox 3212 5706 3277 5759; x_wconf 85' lang='lat' dir='ltr'><strong>de</strong></span> <span class='ocrx_word' id='word_1_905' title='bbox 3329 5706 3480 5771; x_wconf 63' lang='lat' dir='ltr'><strong>Sjria</strong></span> 
     </span>
    </p>
   </div>
  </div>
