3990 6196
225 283 333 342 865

1351 280 1539 335 SECT.
1580 280 1643 334 II.
1684 308 1753 319 —
1790 277 2357 333 ΜιιιιτῖιιυωϐιΑ.

3364 286 3468 344 866

1481 398 1709 452 EDITIO
1746 396 2208 451 COLONIENSIS.

293 492 356 548 Β.
390 492 433 548 Χ
473 492 606 548 Kac.
639 492 825 547 APRIL.
863 516 935 532 -—
959 489 1014 543 In
1055 487 1230 543 Africa
1263 499 1564 543 sanctorum
1594 495 1794 558 marty-
1820 490 1874 548 Α
1898 486 2131 556 spicit-ns
2159 484 2509 555 Pigmenium,
2544 485 2722 541 vocari
2754 501 2876 542 eum
2921 488 3191 558 praecepit,
3223 490 3465 563 dixitque

227 607 337 646 rum
368 587 675 651 Victor-iani,
718 583 1006 639 Frumentii
1046 592 1099 637 et
1128 582 1348 636 alterius
1391 581 1703 643 Frumentii,
1736 588 1791 635 et

227 683 445 737 duorum
490 692 887 750 germanorum,
918 676 1006 744 qui
1036 691 1221 729 omnes
1254 676 1625 744 persecutione
1652 672 1791 728 Van-

226 774 392 828 dalica
437 774 547 827 sub
568 771 833 824 Huuerico
861 783 985 836 rege
1022 768 1340 821 Arianorum
1386 765 1526 833 apud
1554 765 1787 819 Africam

226 878 318 932 pro
344 862 642 915 constantia
684 859 962 911 catholica:
1000 857 1348 911 confessionis
1380 855 1790 909 immanissimis

227 954 496 1022 suppliciis
517 949 826 1015 excruciati,
857 950 1066 1018 egregie
1096 948 1333 1002 coronati
1355 956 1495 1001 sunt.
1524 948 1578 1001 In
1608 946 1789 1001 Africa

227 1044 399 1098 natale
428 1041 643 1104 Felicis,
678 1050 731 1093 et
759 1036 979 1092 aliorum
1009 1038 1212 1105 viginti.

296 1135 358 1189 F.
383 1133 451 1189 IX
477 1131 608 1186 Κλι..
640 1135 823 1186 APRIL.
856 1161 927 1172 -—
954 1131 1134 1184 Romae
1157 1130 1327 1184 sancti
1372 1130 1631 1198 Pigmenii
1666 1144 1791 1197 pre-

223 1225 445 1294 sbyteri.
478 1223 571 1277 Hic
596 1219 859 1276 Julianum
882 1229 1173 1289 apostatam
1204 1228 1259 1274 et
1306 1219 1523 1288 impium
1554 1235 1601 1299 Aa
1631 1234 1794 1287 puero

227 1314 473 1379 nutrivit,
521 1323 575 1368 et
605 1314 794 1367 litteris
822 1314 979 1367 etiam
1004 1313 1164 1366 sacris
1189 1312 1437 1367 erudivit.
1487 1313 1589 1367 Sed
1622 1314 1796 1367 factus

226 1409 537 1471 imperator,
566 1406 826 1460 culturam
858 1405 1063 1471 pietatis
1105 1412 1384 1473 postquam
1435 1406 1669 1473 reliquit,
1704 1421 1799 1459 au-

226 1500 342 1554 dito
369 1499 507 1568 quod
553 1512 770 1564 corpora
801 1505 1104 1550 sanctorum
1155 1506 1467 1561 martvrum,
1498 1498 1585 1565 qui
1617 1496 1684 1549 ab
1731 1510 1798 1551 eo

229 1592 577 1654 necabantur,
621 1588 757 1641 idem
785 1587 1087 1655 Pigmenius
1124 1587 1394 1654 sepeliret,
1428 1586 1695 1639 mandavit
1719 1587 1797 1640 ei:

232 1698 254 1731 ι
291 1679 456 1748 Perge
502 1694 604 1748 quo
633 1676 881 1739 volueris,
914 1676 998 1729 hic
1027 1676 1166 1729 enim
1217 1690 1322 1728 non
1354 1676 1671 1729 mercabitur
1698 1677 1802 1729 vita

233 1779 534 1835 tua,tamen
562 1767 788 1822 servitiis
813 1768 913 1821 tuis
942 1766 1126 1831 reddo,
1161 1782 1263 1820 non
1293 1767 1439 1821 tibi.»
1467 1768 1615 1821 Tunc
1644 1783 1800 1821 sanc-

1896 577 1943 631 ei
1970 594 1982 628 :
2017 594 2035 626 ι
2059 575 2237 629 Gloria
2262 576 2360 629 diis
2382 575 2690 644 deabusque
2717 578 2868 642 meis,
2895 578 3018 646 quia
3050 588 3100 632 te
3131 580 3303 634 video.
3340 584 3466 639 iCui

1898 669 1982 721 vir
2032 667 2122 721 Dei
2153 668 2293 721 illico
2324 667 2600 738 respondit
2630 685 2641 718 :
2681 686 2697 718 ι
2729 667 2906 723 Gloria
2940 670 3163 723 Domino
3190 688 3307 725 meo
3337 675 3465 729 Jesu

1895 757 2103 811 Christo
2128 758 2416 812 Nazaramo
2440 758 2717 822 crucifixo,
2745 759 2867 827 quia
2894 767 2945 813 te
2985 775 3088 812 non
3131 761 3301 817 video.
3331 782 3349 815 ι
3388 765 3469 820 Ad

1896 849 2031 901 hanc
2063 864 2247 903 vocem
2282 850 2446 902 iratus
2468 849 2710 902 Julianus
2759 848 2923 916 jussit
2970 866 3090 904 eum
3123 867 3216 919 per
3248 863 3465 921 pontem

1896 938 1948 992 in
1993 938 2222 992 Tiberim
2267 940 2613 1008 praecipitari.
2647 939 2807 1009 Cujus
2857 956 3052 1010 corpus
3095 943 3370 999 inventum
3412 956 3471 1001 et

1897 1032 2202 1098 collectum,
2233 1035 2499 1101 sepultum
2528 1042 2610 1087 est
2643 1036 2693 1087 in
2724 1037 3032 1089 cmmcterio
3064 1035 3325 1102 Pontiani,
3360 1054 3469 1093 non

1898 1120 2053 1190 longe
2080 1136 2109 1174 a
2154 1123 2350 1176 sanctis
2378 1122 2565 1176 Abdon
2608 1132 2664 1177 et
2708 1122 2909 1178 Senne.
2947 1124 3010 1177 Et
3048 1126 3223 1179 natale
3258 1142 3473 1183 sancto-

1899 1226 2014 1265 rum
2047 1211 2282 1266 Seleucis
2310 1224 2361 1266 et
2388 1211 2575 1281 Agabi.

1978 1321 2043 1376 (Ξ.
2089 1321 2197 1375 VIII
2258 1323 2388 1376 ΚΑΙ..
2452 1326 2635 1377 APRIL.
2691 1352 2757 1366 -ι
2800 1325 2950 1392 Αριιά
3006 1325 3271 1379 civitatem
3330 1327 3475 1382 Gali-

1901 1412 2013 1466 laete
2054 1414 2313 1467 Nazareth
2348 1416 2687 1468 annunciatio
2738 1417 3049 1481 Dominica;
3106 1427 3160 1470 ct
3201 1419 3472 1488 Jerosoly‘

1903 1521 2003 1558 ma:
2028 1505 2116 1558 ubi
2145 1507 2395 1559 Dominus
2447 1516 2627 1560 noster
2655 1507 2896 1563 Christus
2938 1508 3228 1562 cruciﬁxus
3268 1521 3369 1563 est.
3405 1510 3475 1565 Et

1902 1596 1955 1651 in
1978 1596 2284 1651 Nicomedia
2326 1598 2499 1651 natale
2546 1598 2688 1652 Dula:
2728 1600 2932 1652 ancillae
2962 1597 3236 1667 cujusdam
3285 1600 3471 1655 militis

1906 1686 2117 1755 pagani,
2149 1702 2266 1755 quae
2312 1702 2404 1755 pro
2432 1687 2672 1741 castitate
2698 1690 2872 1742 occisa
2902 1698 3001 1741 est.
3052 1690 3236 1741 Romae
3282 1688 3473 1753 Cirini,

1908 1777 1996 1845 qui
2046 1778 2353 1830 interfectus
2398 1792 2425 1830 a
2450 1776 2668 1831 Claudio
2712 1789 2765 1832 et
2797 1779 2847 1831 in
2881 1778 3387 1847 Tiberimjactatus,
3421 1781 3475 1835 in

232 1870 319 1914 tus
378 1860 680 1928 Pigmeuius
729 1858 782 1913 in
826 1858 1091 1910 Persidem
1149 1857 1410 1925 perrexit;
1469 1858 1555 1911 ubi
1611 1858 1806 1912 demo-
1834 1846 1877 1904 Β
1910 1865 2076 1919 insula
2130 1865 2373 1919 Licaonia
2420 1869 2686 1933 inventus,
2716 1876 2769 1920 et
2808 1867 2861 1920 in
2890 1846 3192 1921 caimeterio
3234 1868 3475 1922 Pontiani

228 1959 377 2002 ratus
409 1963 579 2002 annos
608 1960 854 2015 quatuor,
912 1947 1080 2000 factus
1108 1958 1190 2001 est
1219 1963 1423 2012 orcus;
1464 1948 1587 2001 inde
1615 1963 1803 2003 mone-

230 2048 322 2093 tur
372 2037 673 2107 Pigmenius
726 2038 1029 2101 insomnis,
1084 2046 1139 2089 ut
1170 2045 1524 2091 reverteretur
1551 2038 1801 2091 Romam.

230 2128 474 2196 Cumque
502 2139 618 2198 post
663 2142 874 2182 menses
916 2138 1140 2197 quatuor
1168 2142 1434 2193 reversus,
1466 2128 1656 2181 clivum
1706 2130 1805 2183 Sa—

227 2232 341 2272 cra:
385 2218 480 2271 viae
520 2233 639 2272 cum
690 2232 793 2272 uno
852 2233 1017 2285 puero
1044 2219 1232 2284 stipem
1272 2218 1499 2285 petendo
1547 2233 1804 2274 conscen-

231 2310 406 2376 deret,
448 2308 640 2363 factnm
681 2320 762 2363 est
818 2317 874 2363 ut
919 2308 1215 2363 offenderet
1259 2308 1521 2363 Julianum
1581 2310 1807 2377 impera-

228 2411 405 2458 torem
454 2402 505 2457 in
549 2403 711 2458 rlteda
759 2416 917 2457 aurea
948 2402 1252 2468 sedentem;
1287 2401 1377 2472 qui
1430 2403 1638 2456 eminus
1671 2417 1803 2455 con-

1908 1959 2154 2011 conditus
2181 1967 2283 2011 est.
2304 1957 2367 2010 Et
2396 1959 2533 2025 apud
2562 1960 2841 2026 Smyrnam
2873 1961 3048 2014 natale
3075 1960 3249 2013 sancti
3284 1959 3475 2013 lrenzei

1910 2050 2163 2118 epircnpi,
2203 2049 2288 2117 qui
2320 2064 2349 2102 a
2383 2060 2620 2118 tempore
2650 2050 2945 2103 Maximiani
2977 2051 3332 2118 imperatoris,
3375 2051 3476 2104 sub

1913 2138 2139 2205 praeside
2180 2138 2376 2204 Probo,
2408 2139 2580 2207 primo
2608 2139 2889 2191 tormentis
2931 2140 3209 2194 acerrimis
3237 2151 3477 2205 vexatus,

1912 2226 2103 2283 deinde
2144 2229 2326 2283 diebus
2365 2228 2606 2298 plurimis
2652 2228 2705 2281 in
2734 2243 2947 2283 carcere
2977 2228 3258 2296 cruciatus,
3301 2228 3482 2283 novis-

1913 2321 2047 2376 sime
2074 2322 2307 2376 abscisso
2339 2322 2511 2392 capite
2541 2334 2936 2377 censummatus
2958 2331 3059 2377 est.
3474 2310 3481 2317 ’

1479 2491 1703 2544 EDITIO
1746 2489 2250 2546 UOLLANDIANA.

232 2582 368 2639 latio
391 2584 645 2651 exercuit,
671 2593 727 2637 ut
750 2598 872 2638 eum
897 2596 1074 2636 verum
1094 2581 1302 2636 Domini
1324 2582 1579 2636 famulum
1612 2595 1805 2650 appro-

227 2673 300 2729 ba
309 2683 407 2727 ret.

309 2764 372 2816 ι).
403 2761 662 2816 Narbome
691 2763 749 2816 S.
781 2762 926 2815 Pauli
956 2756 1190 2832 episcopi
1236 2762 1477 2828 di~cipuli
1522 2763 1802 2830 apostolo-

232 2849 381 2886 rum.
421 2834 478 2885 V.
513 2833 597 2896 D.,
622 2832 676 2885 In
714 2833 956 2885 Narbona
984 2833 1197 2886 civitate
1217 2834 1274 2889 S.
1297 2832 1442 2887 Pauli
1464 2833 1799 2888 confessoris.

231 2903 329 2964 ν..
363 2903 417 2956 In
444 2903 615 2955 Africa
645 2903 933 2956 Saturnini.

305 2991 394 3045 Ξῖ).
422 3021 485 3031 -
508 2992 553 3045 X
580 2991 714 3046 ΚΑι..
751 2993 910 3045 Vacat
934 2993 1107 3047 Bmda.

313 3086 500 3139 Florus
550 3085 601 3139 in
646 3089 709 3138 Α.
758 3086 821 3138 Τ.
878 3085 973 3148 L.,
1024 3084 1080 3138 In
1133 3084 1387 3138 Antiocba
1435 3085 1461 3114 “
1490 3085 1806 3141 Theoderici

233 3175 584 3245 presbyteri,
633 3176 721 3244 qui
754 3185 993 3243 tempore
1021 3173 1218 3229 Juliani
1262 3175 1596 3243 imperatoris
1624 3174 1799 3245 gladio

231 3278 528 3334 percussus
554 3264 819 3317 occubuit.

315 3351 402 3416 D.,
433 3353 487 3407 In
519 3352 690 3406 Africa
731 3363 1020 3424 martyrum
1048 3351 1073 3389 δ
1103 3351 1412 3424 Victoriani,
1440 3354 1725 3424 Frumenlii
1749 3364 1804 3408 et

236 3424 471 3475 duorum
499 3421 896 3491 germanorum.
953 3423 1009 3473 ν.
1046 3424 1129 3484 8.,
1172 3421 1433 3491 Infﬂrica
1483 3423 1697 3477 Fidi-lis.
1747 3424 1802 3477 In

238 3489 531 3546 Antiochia
561 3492 824 3561 Theodori
873 3492 1182 3561 presbyteri.
1240 3489 1326 3557 V.,
1358 3493 1577 3546 Juliani.
1632 3494 1714 3555 D.,
1752 3493 1805 3546 to

240 3566 255 3611 t
289 3564 523 3630 roviucia
550 3560 838 3624 Carmillm,
871 3560 1041 3626 Pauli,
1071 3562 1347 3627 Caesareae,
1375 3561 1589 3619 Juliaui.
1622 3561 1711 3630 L.,
1744 3563 1810 3616 Et

231 3628 341 3686 SS.
376 3630 523 3685 Pauli
552 3640 607 3684 et
632 3632 844 3685 Juliani.

314 3721 406 3775 25.
430 3750 502 3761 —
528 3719 596 3773 IX
624 3720 758 3774 ΚΑΙ..
796 3720 953 3775 Vacat
980 3720 1156 3774 Baeda.

320 3813 379 3885 D.
415 3810 599 3885 Romae
630 3812 885 3885 Pigmenii
910 3812 1206 3885 presbyteri
1261 3822 1284 3851 ε
1309 3822 1361 3885 et
1403 3814 1666 3885 martyris.
1722 3815 1805 3882 D.,

232 3882 300 3937 In
332 3882 486 3953 Syria
516 3884 745 3937 Seleuci.
801 3882 855 3936 In
885 3884 1092 3949 Al‘rica,
1138 3882 1379 3953 Agapiti,
1422 3882 1652 3938 Romuli.
1713 3887 1803 3951 V.,

1913 2582 2122 2651 Rogati.
2163 2582 2230 2635 A.
2257 2580 2317 2634 Τ.
2350 2580 2435 2647 L.,
2467 2580 2522 2651 In
2552 2580 2701 2650 Syria
2737 2582 2927 2635 natalis
2956 2580 3053 2637 SS.
3084 2582 3314 2644 Seleuci.
3345 2583 3484 2649 Aga-

1912 2650 2083 2719 pitiet
2118 2653 2176 2705 S.
2204 2652 2429 2703 Romuli.
2460 2650 2521 2705 Τ.
2550 2651 2606 2705 L.
2635 2653 2719 2714 8.,
2756 2652 2817 2703 Et
2846 2653 2896 2704 in
2926 2652 3254 2712 Mauritania,
3281 2652 3483 2718 Veruli,

1916 2721 2105 2774 Felicis
2125 2731 2177 2773 et
2200 2720 2489 2773 Saturnini.
2526 2722 2606 2787 D.,
2634 2723 2698 2775 Et
2723 2721 2944 2775 aliorum
2978 2736 3083 2776 xvt.
3119 2722 3337 2789 Ibidem,
3362 2735 3487 2778 ante

1911 2792 2040 2843 alios
2071 2799 2197 2855 tres,
2231 2790 2541 2846 Secunduli.

1979 2901 2072 2957 25.
2117 2931 2188 2942 —
2236 2902 2342 2956 VIII
2385 2902 2521 2958 ΚΜ..
2577 2906 2922 2959 Annuntiatio
2962 2907 3243 2960 dominica.
3296 2908 3483 2964 Natale

1915 2994 2061 3049 Dulre
2091 2994 2299 3047 ancillae
2327 2994 2531 3060 militis,
2576 3010 2695 3065 qua:
2743 3011 2839 3063 pro
2878 2998 3119 3050 castitate
3159 2998 3334 3051 occisa
3379 3010 3483 3053 est.

1917 3085 1982 3138 Et
2032 3084 2211 3137 Romae
2253 3083 2435 3153 Cyrini
2462 3124 2477 3149 ,
2529 3084 2616 3153 qui
2651 3084 2963 3140 interfectus
3004 3097 3085 3141 est
3124 3101 3153 3139 a
3180 3086 3402 3140 Claudio
3431 3096 3487 3141 et

1916 3177 1969 3230 in
1999 3173 2233 3230 Tiberim
2257 3172 2513 3244 'jactatus,
2550 3176 2602 3229 in
2633 3177 2799 3230 insula
2832 3176 3098 3247 Lycaonia
3134 3177 3404 3243 inventus,
3432 3186 3488 3232 et

1837 3268 1883 3331 C
1915 3265 1969 3318 in
2011 3266 2319 3320 cmmeterio
2366 3262 2608 3319 Pontiani
2634 3262 2929 3320 dconditus
2958 3278 3061 3322 est.
3114 3267 3382 3338 Scriptum
3426 3270 3481 3322 in

1916 3358 2169 3413 Passiore
2194 3358 2252 3415 S.
2282 3356 2543 3412 Valentini
2573 3357 2702 3430 [Αι.,
2735 3357 3044 3428 Laurentii].

1985 3446 2077 3513 γη
2110 3449 2272 3515 primo
2302 3448 2431 3512 loco,
2463 3449 2517 3502 ιιι
2551 3449 2915 3517 Hierosolyma
2950 3451 3010 3505 D.
3046 3449 3111 3505 N.
3157 3450 3310 3504 Jesus
3337 3450 3489 3504 Chri-

1916 3524 2028 3571 stus
2056 3520 2338 3588 crucifixus
2362 3526 2478 3588 est;
2513 3519 2688 3588 ultimo
2714 3519 2845 3584 loco,
2877 3519 2935 3571 Et
2969 3519 3310 3588 quadraginta
3342 3534 3484 3574 mar-

1913 3594 2083 3655 tyrum
2112 3596 2166 3638 et
2196 3588 2253 3641 S.
2283 3585 2592 3639 Theodolze.
2628 3590 2725 3649 A.,
2759 3585 2998 3641 secundo
3017 3589 3147 3651 loco,
3175 3585 3243 3641 Et
3275 3588 3486 3642 cruciﬁ-

1915 3654 2002 3709 xio
2031 3654 2225 3708 Christi
2255 3674 2266 3707 :
2303 3659 2481 3708 ultimo
2504 3697 2517 3719 ,
2555 3656 2618 3709 Et
2645 3658 2907 3717 depositio
2929 3660 3249 3712 confessoris
3279 3658 3480 3711 Christi

1914 3735 1968 3779 et
2006 3727 2237 3793 episcOpi
2273 3734 2295 3760 ε
2331 3726 2524 3778 Monas.
2575 3726 2662 3788 T.,
2714 3726 2865 3793 Apud
2915 3727 3172 3781 Nazareth
3220 3728 3486 3781 civitatem

1914 3795 2155 3859 Caliteze,
2194 3806 2249 3847 ut
2281 3794 2412 3847 fides
2442 3795 2675 3865 fidelium
2703 3798 2922 3861 adorat,
2953 3806 3240 3851 veneratur
3269 3807 3321 3848 et
3352 3812 3486 3865 prae-

1915 3866 2075 3934 dicat,
2104 3865 2367 3935 Virginem
2399 3864 2675 3919 Dominum
2706 3867 2992 3936 parituram
3021 3869 3233 3936 angelus
3265 3864 3482 3922 Gabriel

1636 3998 1839 4053 SMI'I’H
1877 3998 2103 4055 NOTE.

232 4103 378 4155 tem,
404 4105 432 4141 τι
456 4105 561 4159 quo
587 4090 697 4156 ipse
723 4088 916 4146 Paulus
941 4090 1215 4158 apostolus
1240 4087 1457 4159 sortitus
1478 4096 1562 4142 est
1587 4104 1805 4155 nomen,

230 4164 336 4229 qui
368 4157 515 4214 illum
549 4160 666 4229 fidei
699 4159 895 4212 Christi
926 4157 1229 4227 subegerat.
1282 4157 1383 4222 Qui
1424 4161 1473 4212 in
1504 4161 1690 4213 eadem
1721 4175 1808 4214 re-

228 4228 403 4299 dione
430 4228 816 4299 praedicationis
841 4229 1017 4284 officio
1043 4245 1146 4281 non
1174 4229 1406 4294 segniter
1429 4230 1664 4295 impleto,
1703 4232 1813 4285 cla-

224 4298 341 4357 i-us
358 4298 1002 4368 miraculis,confessione
1017 4298 1211 4353 Christi
1229 4306 1512 4353 coronatus
1533 4300 1809 4368 sepelitur.

228 4371 405 4427 Baeda
435 4369 599 4435 vulg.,
626 4366 906 4421 Notkerus.

324 4447 352 4475 ι
382 4436 698 4508 Theoderici.
748 4438 927 4500 Hunc,
970 4439 1218 4508 quoniam
1248 4446 1585 4491 monumenta
1620 4440 1809 4493 Antio-

226 4509 441 4564 clrenze
472 4507 742 4575 Ecclesia,
775 4518 954 4575 utpote
983 4507 1167 4562 eurum
1199 4519 1398 4569 custos,
1435 4508 1671 4561 iudicare
1718 4524 1809 4574 po-

224 4586 428 4639 terat,
481 4574 719 4629 Julianus
771 4574 1193 4641 praevaricatoris
1244 4577 1534 4629 avunculus
1584 4578 1809 4643 primum

219 4645 690 4713 comprehendit;
742 4645 937 4699 deinde
982 4647 1291 4700 verberibus
1336 4646 1571 4714 graviter
1611 4647 1809 4712 caedit;

216 4726 531 4786 postremo
552 4729 693 4786 cum,
723 4718 1014 4786 quaestione
1044 4715 1108 4767 de
1143 4716 1235 4769 illo
1266 4717 1408 4768 omni
1440 4718 1691 4768 tormenti
1722 4732 1813 4781 ge-

220 4784 383 4839 rnere
411 4784 631 4853 habita,
654 4784 775 4837 forti
806 4785 986 4838 animo
1016 4786 1415 4853 respondisset,
1461 4786 1637 4838 Securi
1668 4786 1812 4839 feriri

222 4854 545 4910 mandavit.
600 4852 696 4908 Ubi
727 4870 854 4907 vero
896 4870 1017 4907 vasa
1064 4852 1213 4908 sacra
1261 4857 1606 4922 abripuerat,
1654 4858 1816 4922 erepit

223 4925 552 4993 petulanter
578 4923 629 4975 in
653 4924 925 4978 Christum
956 4925 1198 4979 illudere.
1233 4928 1301 4977 At
1329 4925 1469 4976 IIIlCO
1498 4934 1618 4991 post
1646 4941 1814 4979 mem-

220 5000 405 5050 brum
433 4994 664 5060 genitale
694 4995 741 5047 ei
768 4994 1067 5059 contabuit,
1111 5003 1166 5048 et
1206 5008 1392 5047 carnes
1442 4994 1545 5048 illis
1574 4997 1814 5061 corporis

217 5064 492 5133 partibus
538 5063 921 5133 circumdatae,
988 5064 1042 5118 in
1092 5077 1296 5118 vermes
1347 5077 1620 5119 conversa:
1669 5076 1813 5119 sunt.

211 5131 535 5191 Sozomen.
566 5131 697 5186 Hist.
725 5133 895 5195 Eccl..
924 5148 975 5193 v,
1001 5133 1051 5186 7.

326 5203 355 5241 ιι
396 5200 697 5255 Victoriam‘.
751 5203 1151 5257 Adrumentinae
1197 5202 1422 5256 civitatis
1466 5202 1639 5266 civis,
1688 5217 1812 5269 pro-

210 5272 494 5341 consulis
516 5271 871 5341 Carthaginis,
897 5284 949 5326 et
978 5275 1200 5326 duorum
1227 5288 1599 5341 germanorum
1626 5274 1814 5340 Aquis-

212 5339 604 5410 regiensium,
636 5352 690 5397 et
714 5339 940 5396 duorum
970 5339 1397 5398 Frmnentiorum
1433 5339 1812 5407 mercatorum,

207 5412 345 5485 qui
373 5411 427 5463 in
456 5412 825 5485 persecutione
852 5410 1158 5485 Wandaliea
1178 5453 1194 5477 ,
1234 5414 1333 5485 sub
1361 5410 1663 5485 [Iunilierico
1684 5426 1817 5485 rege

212 5480 461 5540 Ariano
510 5495 602 5548 pro
651 5481 755 5534 fide
801 5482 1057 5533 catholica
1104 5480 1815 5548 immanissimis'suppliciis

208 5548 521 5618 cruciati,
570 5552 782 5618 egregie
809 5552 1050 5604 coronati
1080 5562 1223 5605 sunt.
1266 5550 1495 5603 Victoris
1528 5550 1811 5616 Uticensis,

206 5623 390 5680 Hist.
417 5616 745 5673 Wantlalicie
772 5619 1158 5685 persecutionis
1189 5622 1242 5675 in
1272 5620 1468 5673 Africa.

318 5698 342 5721 ε
374 5687 659 5761 Pigmenii.
725 5690 820 5745 ilic
868 5690 968 5744 sub
1013 5687 1225 5747 Juliauo
1275 5699 1515 5759 apostata
1568 5704 1664 5760 pro
1710 5690 1813 5746 (ide

1921 4092 2111 4146 Christi
2145 4089 2501 4158 praecipitatus
2540 4087 2593 4142 in
2625 4088 2879 4156 Tiberim,
2910 4097 3127 4142 necatus
3156 4099 3256 4144 cst.
3314 4090 3479 4147 Baro-

1918 4162 2057 4227 nins,
2093 4162 2142 4215 in
2174 4159 2932 4231 Martyrologio.-—Displicent
2957 4173 3020 4211 ea
3047 4173 3163 4223 quae
3191 4162 3257 4213 de
3288 4161 3483 4216 Juliani

1914 4232 2229 4285 educatione
2279 4229 2458 4282 Romae
2508 4231 2607 4283 sub
2656 4229 2927 4299 Pigmeuio
2963 4242 3076 4299 Anna
3118 4244 3236 4299 cum
3275 4230 3479 4285 Donato

1862 4334 1883 4348 .
1917 4308 2199 4370 narrantur
2246 4301 2299 4370 in
2352 4296 2743 4370 Martyrologiis
2777 4296 3036 4362 Usuardi,
3073 4298 3311 4370 Adonis,
3356 4301 3482 4353 Not-

1842 4406 1894 4467 D

1919 4369 2066 4434 keri,
2095 4380 2200 4424 etc.
2255 4369 2353 4424 Ubi
2397 4367 2537 4423 enim
2573 4368 2812 4423 Julianus
2858 4383 2987 4435 puer
3033 4367 3162 4420 vixit
3210 4385 3309 4422 una
3359 4384 3480 4423 coni

1917 4441 2067 4495 Gallo
2113 4445 2273 4493 fratre
2323 4438 2375 4493 in
2421 4438 2797 4506 Cappadocia,
2847 4437 2936 4490 ubi
2987 4447 3040 4489 et
3088 4438 3480 4492 adolescentior

1916 4510 2136 4565 Athenis
2164 4510 2404 4564 eruditus
2440 4508 2632 4575 fuerit,
2663 4509 2750 4561 ubi
2780 4508 2998 4561 demum
3030 4507 3082 4559 in
3115 4506 3296 4561 Galliis
3324 4525 3481 4562 exer-

1914 4581 2106 4633 citibus
2158 4581 2461 4647 prmiuerit,
2519 4581 2646 4631 satis
2700 4586 2909 4647 constat
2955 4590 3019 4628 ex
3064 4576 3368 4630 Graecorum
3418 4594 3480 4633 ac

1915 4645 2226 4702 Latinorum
2275 4649 2503 4717 antiquis
2552 4645 2947 4717 monumentis,
2997 4646 3356 4717 ac__inpritnis
3408 4663 3475 4701 ex

1915 4718 2154 4786 ejusdem
2196 4713 2699 4786 Juliaui'epistolis.
2754 4716 2811 4767 S.
2846 4713 3334 4786 Pigmenii‘corpns
3363 4719 3479 4770 col.

1916 4780 2108 4842 lectum
2141 4799 2219 4841 est
2248 4802 2276 4839 a
2309 4780 2533 4854 quadam
2581 4796 2821 4837 matrona
2854 4780 3069 4835 nomine
3095 4780 3331 4854 Candida
3361 4825 3375 4848 ,
3422 4794 3478 4838 et

1916 4860 2177 4924 sepultum
2225 4852 2400 4909 estin
2451 4865 2634 4923 crypta
2681 4854 2738 4924 in
2787 4854 3099 4924 cmmeterio
3134 4852 3374 4924 Pontiani
3409 4855 3477 4909 ad

1920 4920 2107 4980 Ursum
2142 4927 2385 4993 pileatum
2421 4920 2641 4977 ιη’ΚίιΙ.
2676 4923 2930 4993 Maiarum
2957 4961 2991 4993 ,7
3026 4920 3098 4973 uti
3147 4923 3195 4974 in
3241 4923 3479 4988 ejusdem

1916 5001 2063 5066 actis
2105 4991 2312 5066 tegitur.
2365 4995 2559 5048 Verum
2596 5006 2753 5064 supra
2775 5033 2789 5055 ,
2842 4991 2907 5043 ad
2941 4991 3084 5045 diem
3114 5006 3243 5045 ινιιι
3274 4994 3483 5060 Martii,

1916 5065 2217 5134 Pigtnenius
2250 5074 2596 5120 memoratur.

1990 5130 2017 5170 δ
2050 5134 2294 5187 Conditus
2322 5144 2415 5186 est.
2463 5136 2505 5186 Α
2534 5133 2698 5188 Mario
2724 5146 2803 5187 sc.
2833 5139 2888 5186 et
2917 5130 3121 5185 Martha
3151 5139 3203 5185 et
3228 5131 3348 5186 ﬁliis
3374 5134 3484 5187 suis

1915 5203 2136 5257 Audifax
2167 5212 2222 5258 et
2251 5206 2481 5257 Abacuc.

1991 5278 2015 5304 '
2060 5272 2263 5325 Menas.
2296 5272 2580 5341 Episcopus
2610 5270 2893 5341 Mediolani
2926 5270 3123 5324 saeculo
3152 5270 3346 5325 Christi
3378 5280 3483 5325 ter—

1924 5343 2016 5407 tio,
2051 5342 2148 5397 hoc
2172 5342 2241 5396 95
2271 5341 2439 5395 Martii
2469 5340 2705 5395 mortuus
2731 5350 2830 5395 est.
2863 5340 3056 5409 verum
3085 5345 3202 5409 quia
3234 5344 3318 5393 hic
3363 5341 3478 5393 dies

1926 5415 2093 5465 sacris
2139 5412 2335 5466 Christi
2378 5411 2639 5464 lucarnati
2680 5421 2732 5464 et
2775 5408 3027 5479 Crucitixi
3069 5408 3335 5479 mysteriis
3378 5410 3479 5462 im-

1925 5482 2169 5549 peditur,
2204 5479 2439 5535 Ecclesia
2489 5478 2889 5533 Mediolanensis
2929 5479 3092 5533 cultui
3131 5480 3246 5547 ejus
3286 5479 3482 5532 dicavit

1925 5551 2066 5605 diem
2103 5550 2171 5603 12
2222 5550 2493 5613 Octobris,
2526 5563 2629 5617 quo
2673 5562 2881 5601 sacrum
2928 5549 3043 5617 ejus
3087 5562 3282 5616 corpus
3329 5554 3483 5603 Auni

1924 5620 2062 5676 1050
2093 5620 2188 5674 fuit
2216 5619 2527 5673 translatum
2555 5636 2567 5671 :
2600 5632 2712 5688 quo
2733 5618 2918 5688 itidem
2949 5618 3036 5675 die
3067 5620 3355 5688 inscriptus
3402 5632 3484 5671 est

1920 5688 2297 5762 Martyrologio
2330 5689 2593 5746 Romano.
2627 5687 2872 5744 Bolland.
