3990 6196
267 329 355 393 889

1376 335 1566 391 SECT.
1608 336 1670 391 ll.
1710 365 1781 378 —
1817 337 2383 397 MARTYROLOGIA.

3386 345 3491 402 870

1520 466 1743 521 EDITIO
1782 464 2249 525 COLONIENSIS.

268 584 489 653 discipuli
519 580 686 635 sancti
716 576 1026 632 Columbani
1073 576 1300 642 abbatis,
1332 579 1419 647 qui
1449 587 1597 647 pater
1636 580 1805 633 ferme
1832 569 1880 627 Α
1906 579 2126 647 collegio
2165 579 2508 652 Aiunylianus
2541 583 2719 650 miles,
2753 584 2896 638 Tern
2920 585 2988 641 lla
3031 594 3084 639 et
3134 587 3362 642 Antonia
3396 607 3484 644 sa-

267 683 623 731 sexeentorum
666 670 864 725 exstitit
905 671 1307 735 monachorum,
1338 678 1391 723 et
1419 670 1703 725 sanctitate
1734 672 1816 726 vi-

267 772 324 819 lu:
345 764 681 832 conspicuus,
726 761 886 813 etiam
935 759 1203 813 miraculis
1239 760 1450 813 claruit.
1500 760 1598 816 llic
1636 763 1815 816 crimi-

263 866 491 910 natorem
541 867 695 906 suum
747 850 968 906 Bassum
1009 850 1242 912 nomine,
1294 862 1421 905 nutu
1453 851 1633 905 divino
1674 868 1819 906 mor-

269 958 399 1001 tuum
452 943 696 997 manibus
725 942 836 995 suis
881 955 1001 994 cum
1035 941 1428 995 linteaminibus
1478 950 1533 997 et
1572 943 1821 996 aromati-

270 1036 355 1091 bus
393 1044 625 1087 tractans
672 1030 919 1098 sepelivit
958 1028 1095 1098 apud
1146 1029 1357 1083 beatutn
1391 1030 1623 1085 Petrum.
1668 1032 1820 1097 Apud

268 1126 485 1178 Africam
529 1130 834 1175 sanctorum
868 1119 1230 1174 confessorum
1278 1122 1599 1189 Armogasti,
1630 1122 1822 1175 Archi-

262 1216 385 1268 nitni
417 1222 471 1269 et
498 1212 697 1281 Satyri.
732 1211 793 1265 lli
824 1220 1064 1279 tempore
1096 1210 1397 1264 Vandalicas
1435 1214 1822 1280 persecutionis

272 1308 359 1366 sub
379 1304 705 1360 Gensericbo
732 1318 855 1373 rege
887 1302 1106 1369 Ariano,
1136 1318 1254 1356 cum
1286 1312 1465 1357 essent
1496 1302 1823 1357 lucidissima

278 1397 497 1451 membra
542 1396 790 1448 Ecclesiae
831 1393 1051 1456 Christi,
1090 1404 1139 1448 et
1172 1394 1479 1462 pravitatem
1506 1395 1825 1449 Arianorum

278 1490 509 1543 libertate
537 1486 797 1540 catholica
831 1485 1133 1552 frequenter
1154 1472 1454 1553 arguerent,
1486 1500 1580 1552 pro
1611 1488 1826 1540 coales-

277 1580 415 1634 sione
460 1577 697 1632 veritatis
746 1576 910 1630 multa
957 1586 1007 1630 et
1057 1576 1239 1644 gravia
1291 1576 1526 1644 perpessi
1570 1576 1827 1644 supplicia

277 1680 425 1737 atque
452 1665 761 1736 opprobria,
793 1679 1005 1719 cursum
1036 1665 1248 1735 gloriosi
1282 1664 1589 1720 certaminis
1638 1665 1828 1735 imple-

284 1764 485 1819 verunt,
517 1764 570 1809 et
611 1753 785 1823 passio
813 1756 977 1809 sancti
1007 1755 1265 1810 Achartii.
1764 1808 1769 1812 .

346 1847 402 1902 Ε.
431 1847 492 1902 lll
516 1844 651 1901 ΚΑΙ..
682 1849 866 1900 Arma.
907 1874 977 1886 —
1018 1846 1167 1911 Apud
1210 1844 1444 1914 Paphum
1475 1845 1675 1900 Tichici
1704 1859 1832 1914 apo-

1917 682 2023 722 crze
2050 669 2310 739 virgines,
2357 680 2411 725 et
2436 672 2675 740 quaedam
2717 673 2910 727 mulier
2941 687 3061 728 cum
3093 676 3206 728 suis
3235 678 3487 744 geminis.

1920 762 1986 817 Et
2021 766 2197 819 natale
2250 765 2461 831 Domni,
2512 765 2858 835 Philipponii,
2890 776 2943 821 et
2989 767 3213 834 Lacatii,
3243 779 3297 824 et
3342 770 3489 828 Nicei

1919 866 2177 923 episcOpt.

1995 966 2052 1021 F.
2086 967 2235 1024 Paro.
2270 968 2402 1023 ΚΑΙ..
2450 969 2635 1023 APRIL.
2681 998 2745 1009 —
2780 969 2963 1023 Roma:
3012 980 3209 1026 sanctae
3258 972 3493 1029 Balbinze

1922 1055 2180 1126 virginis,
2226 1057 2345 1111 filiae
2390 1057 2594 1123 Quirini
2656 1061 2935 1127 martyris;
2976 1061 3064 1128 qui
3104 1062 3289 1116 beatus
3347 1080 3492 1118 mar-

1924 1157 2008 1217 tyr
2082 1149 2309 1203 tollens
2352 1151 2524 1204 boiam
2607 1150 2675 1204 de
2742 1152 2879 1205 collo
2949 1152 3235 1207 Alexandri
3304 1171 3491 1225 papae,

1924 1237 2213 1292 sccundum
2303 1238 2594 1308 jussinnem
2686 1239 2843 1308 ejus,
2922 1255 3040 1294 cum
3128 1256 3370 1313 pergeret
3437 1257 3496 1302 ut

1923 1327 2060 1381 collo
2110 1328 2231 1381 filiae
2280 1345 2390 1384 suae
2435 1339 2690 1383 strumam
2737 1330 2981 1385 habentis
3020 1332 3335 1404 imponeret,
3368 1354 3496 1394 ecce

1929 1434 2056 1487 puer
2107 1421 2284 1474 subito
2334 1437 2455 1475 cum
2518 1421 2685 1476 facula
2738 1425 3018 1492 apparuit,
3071 1441 3224 1494 quem
3290 1440 3499 1485 constat

1926 1510 2168 1579 angelum
2210 1509 2419 1563 Domini
2459 1510 2662 1576 fuisse,
2714 1520 2765 1566 ct
2816 1514 2959 1568 venit
3009 1514 3075 1568 ad
3133 1517 3357 1583 puellam
3407 1519 3498 1572 di-

1927 1613 2055 1653 cens
2094 1615 2108 1652 :
2143 1615 2165 1651 t
2203 1601 2354 1654 Salva
2405 1610 2542 1667 esto,
2572 1610 2623 1656 et
2677 1602 2728 1655 in
2784 1604 3083 1673 virginitate
3122 1621 3393 1675 perinane,
3442 1617 3498 1666 et

1930 1706 2029 1760 ego
2062 1701 2112 1747 te
2152 1690 2337 1746 faciam
2366 1693 2544 1747 videre
2572 1708 2826 1763 sponsum
2859 1705 3032 1763 tuum,
3063 1698 3150 1766 qui
3185 1713 3281 1767 pro
3308 1714 3493 1755 amore

1938 1791 2023 1837 tuo
2047 1785 2357 1854 sanguinem
2380 1800 2533 1840 suum
2555 1785 2741 1842 fudit.»
2766 1787 3090 1844 Perveniens
3113 1800 3280 1857 pater,
3301 1803 3355 1844 ut
3372 1807 3495 1861 per-

1936 1876 2117 1932 ﬁceret
2140 1876 2283 1947 quod
2312 1878 2379 1933 tle
2409 1878 2524 1932 boia
2555 1881 2602 1932 ei
2623 1880 2828 1948 jussum
2862 1880 3050 1946 fuerat,
3086 1882 3215 1935 vidit
3235 1884 3410 1937 subito
3435 1884 3494 1937 li-

277 1939 526 1994 stolorum
576 1938 843 2006 discipuli.
899 1937 954 1991 ln
1002 1936 1246 1990 Numidia
1300 1937 1436 2004 apud
1484 1938 1824 1993 Cirenensem
1861 1938 1905 1995 B
1936 1965 2056 2019 nam
2076 1936 2223 2021 sua'm
2242 1983 2445 2033 sanam,
2467 1983 2583 2037 qua,
2603 1936 2932 2036 p'oslmodum
2952 1984 2980 2022 3
2999 1936 3500 2026 séncmA’lé’x’andr’o

280 2030 578 2095 roloniam,
630 2031 802 2082 natale
861 2037 1164 2082 sanctorum
1208 2041 1495 2097 martyrum
1547 2031 1728 2097 Agapii
1777 2040 1829 2085 et

280 2120 557 2176 Secundini
588 2119 993 2188 epiSCOporum;
1028 2119 1115 2187 qui
1148 2120 1517 2188 persecutione
1565 2120 1828 2176 Valeriani

281 2217 395 2277 post
420 2209 629 2277 longum
669 2208 914 2262 exsilium
945 2208 1081 2276 apud
1112 2205 1383 2277 praefatam
1414 2211 1622 2273 urbem,
1653 2212 1702 2264 in
1731 2226 1832 2279 qua

277 2310 395 2354 tunc
427 2302 653 2353 maxime
682 2300 957 2369 gentilium
1001 2313 1143 2353 cmco
1176 2298 1374 2363 furore,
1414 2311 1465 2353 et
1496 2300 1690 2356 ofticiis
1730 2301 1834 2355 mi-

279 2390 537 2456 litaribus,
580 2392 643 2443 ad
676 2391 977 2445 tentanilam
1005 2388 1270 2457 justornm
1311 2392 1491 2457 fidem,
1522 2392 1696 2446 rabies
1725 2392 1837 2445 dia-

278 2483 379 2534 Doli
436 2481 731 2537 infestantis
777 2481 1033 2545 inhiabat,
1085 2496 1148 2536 ex
1200 2481 1391 2535 illustri
1432 2482 1734 2535 sacerdotio
1761 2482 1837 2535 ef-

278 2576 400 2633 fecti
447 2588 570 2631 sunt
626 2585 886 2647 martyres
942 2574 1179 2645 gloriosi.
1231 2573 1376 2629 Passi
1407 2585 1531 2629 sunt
1570 2575 1620 2628 in
1652 2589 1836 2629 eorum

1940 2058 2195 2124 baptizata
2240 2068 2291 2113 et
2331 2058 2609 2128 instructa,
2641 2061 2691 2114 in
2726 2060 3026 2130 virginitate
3055 2062 3209 2131 plena
3244 2063 3499 2132 operibus

1940 2147 2091 2200 bonis
2143 2152 2473 2216 permansit;
2512 2165 2629 2219 quae
2659 2161 2835 2205 tamen
2878 2160 2995 2220 post
3024 2153 3289 2207 devictum
3322 2153 3504 2207 saeculi

1943 2235 2097 2305 hujus
2126 2252 2343 2292 cursum
2392 2241 2647 2308 sepelitur
2681 2239 2834 2308 juxta
2879 2250 3081 2308 patrem
3129 2254 3283 2295 suum
3331 2242 3507 2306 Quiri-

1942 2344 2065 2382 num
2098 2340 2405 2399 martyrem.
2462 2330 2515 2385 ln
2548 2328 2725 2384 Africa
2777 2332 2952 2385 natale
3003 2333 3206 2396 Anesii,
3252 2341 3307 2386 et
3343 2333 3507 2400 depo-

1939 2424 2062 2478 sitio
2119 2424 2387 2479 Ambrosii
2439 2426 2706 2495 episcopi,
2753 2433 2808 2480 et
2861 2426 3040 2482 natale
3089 2437 3294 2497 septem
3349 2428 3510 2497 virgi-

1940 2534 2085 2574 num.

1515 2685 1741 2741 EDITIO
1779 2685 2283 2741 BOLLANDIANA.

360 2802 452 2867 D.,
486 2801 633 2869 Apud
662 2800 894 2856 Africam
923 2800 1285 2855 confessorem
1320 2805 1345 2835 δι
1380 2797 1674 2869 Armpgasti
1699 2839 1712 2856 .
1746 2800 1844 2869 Ar-

288 2874 508 2927 r-binimi
536 2866 599 2926 'et
638 2873 829 2941 Satyri.
868 2872 930 2926 V.
983 2873 1040 2925 Β.
1071 2913 1085 2934 ,
1131 2869 1451 2924 Nicomediae
1475 2938 1484 2941 Α
1510 2866 1537 2906 δ
1572 2868 1841 2941 Pastoris,

296 2943 547 2996 Victorini
575 2954 625 2995 et
651 2938 939 2995 Saturnini.
974 2943 1052 3005 Β..
1084 2942 1147 2996 Et
1169 2941 1390 2994 aliorum
1425 2938 1602 2992 triutn.
1656 2938 1721 2994 Α.
1754 2938 1841 3005 T.,

293 3014 349 3067 in
396 3011 697 3067 Nicatneilia
742 3011 914 3065 natale
961 3012 1056 3066 SS.
1110 3011 1343 3064 Pastoris
1387 3017 1442 3063 et
1490 3007 1734 3060 Victoris.
1785 3009 1846 3061 Et

291 3083 553 3158 depositio
576 3082 955 3158 S._Sat_urni_ni.
983 3081 1449 3158 A.._Et‘ordinati_o
1472 3076 1843 3158 cﬂS.'_(§regorii
1875 3096 1920 3158 ο

287 3146 457 3222 papam
520 3153 577 3205 Β.
632 3152 695 3206 'l‘.
746 3152 805 3205 Ι..
828 3192 844 3217 ,
878 3152 931 3205 In
976 3151 1251 3207 Antiochia
1286 3149 1458 3222 natale
1488 3146 1547 3202 8.
1574 3146 1845 3222 _'l‘lie_0d_tiri

287 3215 581 3301 presbyteri
628 3233 683 3278 et
726 3215 939 3279 Juliani.
989 3222 1050 3276 L.
1079 3260 1094 3285 ,
1144 3222 1211 3275 Et
1239 3223 1290 3275 in
1334 3218 1638 3274 Nicomedia
1666 3216 1724 3272 S.
1759 3215 1854 3271 Vi-

283 3304 471 3347 cteris.

361 3404 452 3459 50.
481 3432 551 3443 -
578 3402 641 3457 lll
670 3400 805 3457 ΚΑΙ..
839 3401 1004 3457 Vocat
1032 3401 1208 3456 Baeda.

358 3518 416 3570 D.
442 3557 455 3581 ,
490 3517 669 3571 Romze
698 3522 725 3562 ἀ
755 3515 953 3582 Quirini
988 3514 1198 3569 tribuni.
1234 3514 1329 3579 V.,
1360 3512 1415 3566 In
1467 3509 1855 3582 Thessalonica

281 3578 501 3644 civitate
552 3578 795 3642 Domuini
847 3596 899 3641 et
950 3584 1193 3640 Palatini.
1236 3584 1297 3639 Β.
1340 3583 1626 3652 interponit
1670 3578 1853 3633 Philo-

1949 2800 2096 2871 phili.
2140 2801 2200 2854 Β.
2225 2842 2237 2863 ,
2282 2800 2344 2871 Et
2381 2798 2503 2853 alibi
2544 2794 3500 2871 Victoris,_Marcellini,Saturnini,

1949 2866 2000 2924 et
2034 2871 2248 2923 Eulaliae
2277 2870 2515 2937 virginis.
2581 2871 2643 2922 A.
2676 2867 2762 2930 T.,
2797 2867 2979 2937 Natale
3007 2866 3062 2920 S.
3100 2866 3318 2919 Eulalia:
3350 2867 3502 2925 virgi-

1950 2942 2032 2993 nis
2062 2948 2117 2992 rt
2164 2935 2405 2993 Palatini.
2440 2938 2504 2991 Α.
2532 2938 2595 2992 Τ.
2628 2937 2713 3001 ι...
2745 2936 2801 2989 1η
2836 2944 2858 2971 θ
2887 2935 3199 2990 SilvaneCtis
3245 2936 3507 3004 depositio

1948 3011 2006 3065 8.
2045 3007 2064 3047 ί
2101 3009 2288 3079 lteguli
2316 3008 2554 3078 episcOpi
2585 3016 2638 3061 et
2667 3004 3008 3061 confessoris.

2027 3122 2115 3177 5i.
2151 3150 2214 3163 —-
2243 3120 2282 3176 ll
2311 3121 2447 3176 ΚΑι..
2483 3120 2644 3173 Vacat
2675 3118 2849 3174 Baeda.

2030 3237 2117 3301 D.,
2150 3235 2331 3289 Roma:
2365 3234 2421 3288 S.
2450 3243 2472 3280 Β
2503 3231 2732 3285 Balbinze
2763 3228 2999 3299 virginis.
3026 3228 3115 3301 Χ.
3151 3228 3234 3293 8.,
3262 3228 3317 3282 ln
3346 3227 3523 3301 Africa

1961 3297 2170 3367 Anesii,
2204 3304 2412 3367 Felicis,
2445 3301 2647 3355 Diodoli
2672 3342 2686 3362 ,
2716 3297 2994 3365 Cortielire,
3026 3297 3268 3353 Valeriae.
3304 3301 3367 3351 A.
3424 3297 3514 3361 T.,

2043 3348 2324 3430 Antiochia
2372 3348 2546 3426 iiatale
2576 3372 2631 3425 8.
2672 3348 2903 3425 ’Βυηιεηὶ
2955 3348 3218 3423 monachi.
3253 3370 3313 3420 A.
3343 3348 3404 3421 Τ.

1962 3449 2023 3502 Et
2071 3448 2127 3501 S.
2160 3444 2420 3498 Cortnlize
2472 3448 2606 3510 virg.
2638 3441 2703 3495 Τ.
2740 3442 2838 3510 μ,
2893 3440 2947 3493 In
2991 3439 3166 3493 Africa
3212 3437 3386 3493 natale
3426 3436 3527 3491 SS.

1962 3517 2186 3583 Felicis,
2216 3513 2396 3569 Anesii
2431 3512 2539 3585 [L.,
2558 3507 2759 3580 'Onesi]
2780 3548 2795 3575 ,
2826 3509 3052 3563 liiodoli.

1648 3668 1854 3724 SMITH
1891 3663 2119 3722 ΝΟΤᾹΞ.

359 3780 388 3810 ιι
426 3770 731 3839 Armogastt'.
781 3768 892 3823 Sub
923 3766 1186 3823 Geiserico
1215 3782 1337 3834 rege
1364 3767 1561 3820 Ariano
1601 3763 1851 3839 orthodo-

284 3859 413 3899 xam
446 3834 604 3895 ﬁdem
634 3838 861 3894 confessi
896 3848 1033 3892 sunt.
1070 3840 1127 3891 S.
1161 3840 1499 3904 Armngastes
1526 3834 1850 3888 condemna-

286 3924 378 3967 tur
420 3916 484 3964 ait
528 3911 745 3965 scrobes
789 3909 1065 3961 fodiendus
1109 3916 1160 3960 ct
1204 3908 1497 3961 custodiam
1530 3918 1850 3967 vaccarum,

290 3985 353 4039 S.
393 3982 726 4035 Archinitnus
756 3980 853 4031 sub
882 3978 1059 4047 gladio
1089 3978 1339 4031 minantis
1381 3976 1657 4047 occidere,
1703 3971 1854 4047 fo_r_tis

286 4052 567 4107 coiifeSSor
597 4050 825 4111 mansit;
858 4042 913 4103 S'.
947 4050 1163 4100 Saturus
1196 4056 1503 4114 procurator
1526 4044 1717 4097 domus
1749 4042 1856 4114 llu-

295 4122 465 4176 neriri
497 4110 839 4173 confessione
868 4117 1126 4171 catholica
1158 4110 1292 4171 bona
1323 4119 1500 4170 omnia
1529 4115 1727 4168 amisit.
1764 4110 1856 4166 Vi-

286 4193 458 4247 ctnris
490 4190 717 4243 Vitensis
752 4188 865 4240 Lib.
902 4202 913 4240 I
955 4187 1216 4241 Historiae.
1341 4192 1348 4199 ’

371 4261 398 4299 δ
442 4260 693 4313 Pastoris.
728 4258 789 4312 lli
821 4260 1067 4310 coluntur
1093 4272 1249 4320 supra
1278 4255 1346 4307 27
1378 4252 1573 4309 Martii.

373 4345 395 4371 ε
436 4328 692 4400 Gregorii.
734 4326 901 4397 Cujus
936 4328 1195 4394 depositio
1241 4327 1544 4381 celebratur
1585 4336 1744 4392 supra
1790 4321 1857 4376 η

292 4402 495 4458 Martii.

372 4490 399 4529 δ
433 4492 653 4558 Quirini.
690 4490 790 4556 Qui
828 4506 860 4543 a
901 4490 963 4544 S.
1006 4487 1300 4542 Alexandra
1338 4503 1507 4558 papa,
1539 4501 1685 4555 quem
1717 4484 1868 4536 liabe-

294 4566 383 4618 bat
413 4565 468 4616 in
494 4565 756 4625 custodia,
800 4576 913 4612 cum
956 4561 1093 4612 omni
1135 4562 1285 4611 domo
1328 4575 1424 4611 sua
1451 4558 1733 4619 baptizatus
1761 4563 1862 4615 est,

288 4645 343 4687 et
374 4635 469 4687 sub
512 4634 735 4684 Adriano
764 4633 1063 4694 imperatore
1105 4629 1323 4681 traditus
1363 4628 1633 4680 Aureliano
1652 4625 1822 4696 judici
1846 4638 1867 4678 :

294 4719 420 4757 cum
460 4703 511 4754 in
551 4701 861 4768 eonfeexione
898 4700 1016 4766 ﬁdei
1061 4700 1378 4764 peisisteret,
1414 4706 1526 4763 post
1556 4694 1744 4763 lingua:
1767 4694 1866 4768 ab-

292 4775 596 4826 ecissionem
616 4812 628 4833 ,
648 4765 815 4823 eculei
844 4765 1224 4835 su’epensiottem
1244 4808 1258 4829 ,
1291 4770 1534 4819 manuum
1574 4782 1633 4817 ac
1677 4765 1867 4834 pedum

296 4842 735 4895 detruncationem
755 4878 769 4901 ,
793 4854 1003 4908 agonem
1032 4838 1263 4907 martyrii
1286 4836 1457 4908 gladio
1484 4835 1865 4908 consummavit.

293 4911 569 4966 Baronius
617 4911 666 4961 in
717 4905 989 4977 Mariyrol.
1041 4905 1449 4972 Quiu‘am'tnale
1494 4906 1593 4960 sub
1637 4905 1868 4973 'l'rajano

553 4981 810 5030 scribunt.

292 4995 521 5053 passum
553 4982 810 5033 scribunt.

375 5056 405 5087 ο
435 5047 503 5104 In
531 5048 830 5105 Siluanectie
859 5045 1006 5101 deest
1035 5045 1087 5100 in
1119 5047 1184 5101 A.

2033 3756 2050 3796 ῐ
2088 3746 2290 3827 Réguli.
2323 3753 2715 3827 Quem_ferunt
2756 3752 2916 3827 fuisse
2945 3750 3002 3806 S.
3036 3749 3257 3805 Joannis
3302 3752 3526 3827 apostoli

1958 3821 2297 3895 discipulum.
2358 3826 2452 3878 llic
2502 3823 2665 3877 Roma
2717 3836 2746 3895 a
2796 3821 3530 3895 Clemente_papa_missus,

1961 3889 2289 3954 Arelatensis
2333 3895 2611 3947 ordinatus
2651 3893 2933 3959 episcopus
2981 3890 3039 3945 S.
3082 3889 3370 3957 'l‘rophimo
3406 3905 3525 3943 suc-

1885 4278 1938 4340 1)

1959 3971 2162 4029 cessit;
2215 3966 2392 4034 ibique
2439 3963 2577 4034 idola
2629 3962 2926 4034 destruxit,
2976 3960 3246 4034 daemones
3291 3960 3525 4034 repulit,

1960 4040 2155 4094 multos
2200 4029 2459 4088 convertit
2511 4032 2575 4085 ad
2628 4032 2820 4095 (idem,
2872 4040 2925 4083 et
2976 4030 3169 4097 templa
3220 4029 3270 4081 in
3322 4029 3411 4082 Dei
3469 4038 3526 4082 et

1961 4119 2266 4164 sanctorum
2300 4109 2554 4158 honorem
2584 4101 2926 4155 construxit:
2959 4100 3082 4153 inde
3122 4099 3524 4153 Silvanectcnse

1962 4178 2218 4248 oppidum
2255 4174 2485 4248 adiens,
2538 4171 2940 4248 paritermlidem
2988 4168 3319 4248 introduxit;
3370 4183 3534 4248 quare

1966 4236 2168 4315 p'ri'mus
2196 4244 2357 4300 etiam
2400 4245 2688 4315 episcopus
2724 4239 3156 4315 .Silvanectensis
3194 4236 3367 4315 dictus
3406 4245 3531 4315 est;

1968 4304 2054 4372 ubi
2083 4317 2254 4371 :ctatis
2281 4327 2393 4368 sua:
2419 4304 2558 4365 anno
2588 4304 2656 4366 60
2685 4308 3007 4364 obdormivit
3038 4308 3091 4360 in
3123 4307 3367 4360 Domino.
3401 4304 3532 4361 Gni-

1969 4390 2089 4444 nius
2116 4387 2389 4441 Senensis.

2043 4488 2069 4527 ε
2124 4476 2373 4530 Βαιὺίηω.
2422 4472 2571 4529 Filias
2616 4471 2675 4527 S.
2725 4467 2929 4536 Quirini
2974 4467 3062 4535 qui
3109 4467 3278 4536 pridie
3325 4465 3540 4520 colitur.

1970 4550 2097 4605 Hinc
2145 4547 2240 4601 fuit
2268 4561 2298 4601 e
2328 4554 2530 4599 struma
2575 4542 2876 4602 deformis;
2920 4539 2991 4593 S.‘
3029 4547 3206 4592 tamen
3253 4536 3537 4590 Alexandri

1974 4634 2123 4689 papte
2152 4617 2379 4670 vinculis
2409 4616 2578 4668 cincta
2598 4654 2612 4678 ,
2642 4623 2697 4689 et
2726 4609 2946 4689 invitata
2974 4608 3042 4689 ab
3082 4608 3272 4689 angelo
3293 4606 3381 4689 “ad
3439 4606 3550 4657 vir-

1973 4676 2265 4753 ginitatem,
2297 4694 2478 4739 sanata
2508 4676 2609 4753 est.
2642 4682 2794 4753 Baeda
2818 4676 3547 4753 vulg.,Notker.—Compre-

1977 4746 2142 4813 liensa
2173 4746 2560 4810 ab'Aureliino
2586 4750 2765 4817 judice
2786 4790 2802 4813 ,
2832 4762 2951 4801 cum
2984 4746 3241 4800 rationem
3272 4760 3382 4797 sum
3419 4758 3550 4797 eon-

1975 4828 2236 4883 versinnis
2266 4816 2645 4891 explicuisset,
2681 4820 2845 4891 variis
2875 4816 3155 4891 tormentis
3201 4827 3397 4891 vexata
3423 4822 3549 4891 test,

1975 4898 2099 4951 dein
2132 4883 2673 4948 mortis'sententiam
2705 4888 2888 4941 subiit.
2923 4886 3137 4953 Sepulta
3168 4894 3251 4937 est
3295 4899 3326 4938 a
3369 4883 3537 4953 fideli-

1978 4949 2074 5020 bus
2095 4968 2238 5034 juxta
2263 4972 2462 5034 patrem
2487 4959 2763 5034 gia__Appia
2790 4958 2842 5011 in
2872 4949 3181 5012 cminetet'io
3222 4949 3546 5009 Prmtextati.

1985 5029 2122 5091 Atio.
2154 5029 2285 5089 Acta
2313 5032 2450 5102 apud
2485 5029 2727 5084 Bolland.
