3990 6196
422 337 525 392 ὃῚῦ

1166 338 1365 391 ΙιΕῡΑΞ
1412 338 1858 395 VENERABILIS
1897 338 2047 395 OPP.
2092 338 2265 397 PARS
2308 340 2393 395 lV.
2435 368 2502 383 —-
2544 340 2919 399 lllSTORlCA.

3568 343 3677 396 876

1680 461 1904 515 EDITIO
1940 460 2399 518 COLONIENSIS.
3168 538 3171 539 ν
3600 510 3615 530 ,

421 549 563 617 quod
595 548 917 617 impossibile
956 559 1120 611 esset,
1155 550 1205 600 in
1237 550 1432 603 malitia
1479 560 1640 616 atque
1688 553 1737 604 in
1771 551 1990 607 libidine
2019 558 2065 613 Α
2096 552 2253 622 digne
2284 562 2562 606 veneratur
2588 598 2601 620 ,
2648 556 2980 609 translatum.
3035 556 3088 610 lu
3134 555 3307 637 Africa
3357 560 3528 615 natale
3573 560 3673 618 Ja-

418 656 515 695 eos
565 640 891 693 conversari.
959 638 1141 694 Romae
1193 639 1446 695 Celestini
1502 642 1678 708 Papa),
1712 643 1801 710 qui
1854 647 1990 698 rexit

424 730 714 785 Ecclesium
781 744 950 783 annos
1013 739 1152 783 oclo.
1227 732 1318 785 llic
1383 734 1696 799 constituit,
1745 748 1795 787 ιιι
1843 751 1991 789 sacra

421 820 668 890 mysteria
722 835 828 873 non
878 828 1231 873 tractarentur
1280 821 1377 875 nisi
1420 837 1446 874 a
1490 824 1659 875 sacris
1702 823 1989 885 ministris;

419 923 471 964 et
518 911 836 979 quicumque
880 910 1160 977 epi~eopus
1206 923 1457 965 evocatus
1490 913 1674 966 luisset
1698 913 1762 966 ad
1810 915 1990 968 sedem

400 1002 785 1069 apostolicam,
839 1001 1051 1053 rediens
1082 1000 1147 1051 ad
1197 1002 1502 1068 parochiam
1534 1018 1709 1067 suam,
1752 1020 1855 1057 non
1909 1020 1993 1057 re-

420 1095 705 1160 ciperetur,
740 1091 840 1144 nisi
868 1091 1212 1145 salutatorias
1243 1092 1471 1156 litteras,
1501 1095 1598 1145 hor:
1626 1106 1703 1146 est
1738 1096 1993 1147 formatas

417 1200 446 1238 a
500 1183 626 1237 sede
677 1182 984 1247 apostolica,
1018 1180 1152 1248 plebi
1201 1181 1494 1235 detulisset.
1553 1184 1645 1236 llic
1673 1183 1831 1237 etiam
1861 1200 1992 1239 con-

416 1274 604 1334 stituit,
654 1282 709 1324 ut
739 1272 879 1325 intra
909 1272 1174 1325 actionem
1209 1272 1519 1336 missarum,
1554 1271 1803 1336 Sanctus,
1848 1277 1989 1329 San-

416 1375 553 1429 etus,
614 1365 842 1417 Sanctus
897 1361 1291 1425 decantaretur,
1341 1371 1483 1417 etut
1524 1362 1723 1416 Psaltni
1757 1363 1991 1419 Davidici

416 1464 629 1509 centum
660 1453 1036 1522 quinquaginta
1080 1460 1201 1505 ante
1240 1452 1558 1507 sacriﬁcium
1602 1455 1994 1523 antipbonatim

421 1557 774 1609 canerentur;
808 1559 928 1596 nam
977 1553 1136 1596 antea
1184 1552 1385 1596 tantum
1418 1543 1655 1612 epistola:
1687 1546 1989 1601 recitaban-

420 1650 529 1702 tur,
569 1643 623 1691 el
666 1642 908 1688 sanctum
953 1631 1319 1701 Evangelium.
1366 1630 1422 1685 lu
1472 1632 1787 1687 Alexandria
1819 1635 1995 1690 natale

426 1726 651 1782 Peleusii
679 1724 992 1795 presbyteri.
1022 1722 1075 1777 In
1100 1720 1402 1777 Nicomedia
1432 1724 1606 1778 natale
1635 1722 1841 1793 Cyriaci
1870 1739 1992 1779 eum

420 1817 537 1872 aliis
557 1817 763 1870 decem.

2099 646 2305 708 nuarii,
2356 645 2633 711 Maximae,
2687 646 2933 701 Macltarii
2981 658 3033 704 et
3083 650 3135 703 in
3182 649 3499 719 Carthagine
3532 670 3668 708 con-

2094 748 2279 787 eessa'.

2169 828 2231 879 A.
2279 826 2315 879 V
2352 828 2466 881 Inus
2495 832 2679 883 APRIL.
2710 860 2781 869 —
2804 830 2950 896 Apud
2980 832 3229 885 Sirmium
3261 836 3432 888 natale
3461 847 3662 903 septem

2095 916 2355 983 virginum
2386 932 2503 985 qua:
2546 919 2594 970 in
2644 934 2804 971 unum
2846 930 3151 974 meruerunt
3193 926 3463 977 coronari.
3510 929 3659 992 Apud

2098 1008 2433 1061 Antiochiam
2486 1009 2621 1062 beati
2674 1010 2925 1063 Proehori
2976 1013 3223 1076 diaconi,
3274 1017 3663 1082 p-arclarissimi

2096 1099 2199 1152 lide
2246 1109 2299 1153 et
2344 1100 2611 1154 miraculis
2656 1101 2788 1167 viri,
2842 1104 3095 1171 martyrio
3138 1109 3528 1173 consummati;
3576 1111 3663 1176 qui

2101 1206 2235 1243 unus
2278 1190 2375 1243 fuit
2419 1191 2485 1243 de
2515 1201 2721 1261 septem
2756 1194 2939 1260 primis
2960 1194 3268 1249 diaconihus
3303 1198 3476 1265 ibique
3513 1203 3665 1268 quie-

2093 1282 2382 1332 sectilibus.

2167 1372 2225 1425 li.
2270 1371 2329 1425 IV
2380 1372 2494 1427 lous
2523 1372 2708 1429 ArntL.
2742 1403 2810 1411 —
2844 1373 3134 1429 Ezechielis
3163 1376 3447 1445 prophetae.
3482 1379 3663 1435 Roma

2093 1461 2366 1515 beatorum
2396 1472 2686 1531 martyrum
2719 1463 3090 1531 plurimorum,
3120 1482 3250 1534 quas
3286 1466 3470 1521 beatus
3502 1470 3664 1522 Alex—

2094 1555 2260 1605 ander
2304 1567 2438 1622 papa
2481 1563 2532 1606 et
2577 1564 2776 1621 martyr
2816 1555 3121 1621 baptizavit,
3166 1571 3288 1610 cum
3318 1567 3586 1612 teneretur
3613 1561 3663 1613 in

2093 1658 2333 1707 carcere,
2369 1653 2423 1697 et
2452 1644 2550 1713 ipsi
2578 1644 2782 1712 religati
2818 1646 3016 1713 pariter
3044 1662 3161 1699 t-um
3194 1648 3301 1701 illo.
3339 1649 3444 1701 llos
3472 1668 3664 1704 omnes

2094 1734 2409 1788 Aurelianus
2437 1735 2727 1803 imperator
2765 1739 2883 1788 navi
2917 1747 3137 1791 vetusta:
3168 1738 3440 1805 impositos
3461 1782 3476 1805 ,
3506 1743 3555 1793 in
3584 1746 3665 1794 al-

2088 1834 2206 1879 tum
2252 1842 2399 1880 mare
2443 1827 2677 1892 deduci,
2730 1838 2781 1880 et
2830 1827 2938 1881 illic
2984 1829 3155 1895 ligatis
3184 1832 3355 1895 collis,
3408 1832 3664 1901 lapidibus

492 1905 559 1960 G.
604 1905 667 1958 Vl
701 1904 819 1958 locs
850 1906 1032 1958 Arms.
1057 1933 1125 1943 —
1145 1903 1372 1958 Turonis
1402 1905 1567 1959 sancti
1600 1905 1845 1975 Perpetui
1875 1907 1989 1975 epi-
2022 1900 2068 1959 Β
2100 1916 2265 1984 mergi
2297 1916 2348 1968 in
2381 1915 2694 1983 profundum
2725 1915 2863 1969 fecit.

419 1999 564 2069 scopi
595 1996 919 2051 admiranda:
967 1995 1265 2050 sanctitatis
1295 1997 1394 2051 viri
1422 2037 1437 2059 ,
1484 1997 1633 2065 cujus
1661 2014 1819 2066 Opera
1853 2008 1987 2054 tem-

423 2095 565 2157 plum
613 2104 771 2157 super
817 2088 1103 2142 reverenda
1153 2102 1272 2141 ossa
1324 2087 1459 2141 beati
1491 2088 1704 2142 Martini
1753 2091 1990 2158 episcopi

424 2181 711 2247 perfectum
759 2189 859 2243 est,
908 2178 1129 2246 ejusque
1172 2192 1383 2232 sacrum
1427 2194 1620 2248 corpus
1649 2182 1715 2234 de
1755 2183 1870 2237 loco
1899 2184 1989 2237 ubi

428 2275 653 2340 primum
687 2270 1004 2325 tumulatum
1038 2270 1231 2338 fuerat,
1262 2271 1328 2323 ad
1358 2270 1530 2325 locum
1562 2272 1646 2325 ubi
1679 2289 1817 2327 nunc
1844 2289 1989 2329 con-

2168 2007 2229 2060 C.
2276 2006 2340 2060 Ill
2388 2007 2504 2061 lous
2536 2010 2720 2063 Arma.
2754 2037 2822 2048 —
2854 2008 3002 2076 Apud
3054 2008 3262 2062 Cretam
3313 2013 3495 2063 urlem
3533 2011 3667 2065 Cor-

2100 2099 2220 2151 tiu:e
2249 2099 2386 2152 beati
2422 2098 2648 2167 Philippi
2685 2099 2936 2167 episc0pi,
2965 2098 3053 2165 qui
3086 2100 3187 2152 vita
3216 2108 3269 2152 et
3295 2104 3529 2153 doctrina
3559 2104 3668 2153 cla-

2100 2188 2203 2241 ruit
2235 2190 2559 2257 temporibus
2588 2191 2840 2244 Autouini
2873 2190 2993 2245 Veri
3022 2202 3075 2244 et
3109 2191 3252 2245 Lucii
3283 2193 3481 2247 Aurelii
3506 2196 3667 2246 (Zom-

2096 2279 2236 2333 modi
2268 2281 2619 2348 imperatoris.

1658 2360 1883 2417 EDITIO
1924 2364 2422 2423 BOLLANDIANA.

420 2456 594 2512 [emite
627 2464 680 2509 et
711 2453 954 2521 Eucapiae
990 2472 999 2505 :
1029 2466 1147 2522 qua;
1180 2452 1337 2504 multa
1360 2460 1627 2508 tormenta
1670 2470 1765 2523 pro
1794 2455 1989 2512 Christi

423 2548 641 2603 nomine
670 2545 975 2606 tolerantes,
1007 2540 1378 2610 requieverunt
1406 2544 1455 2593 in
1483 2543 1714 2598 Christo.

497 2640 558 2692 D.
592 2645 614 2671 ο
646 2634 956 2704 liegesippi,
1002 2631 1088 2704 qui
1118 2632 1335 2704 vicinus
1364 2634 1732 2704 apo~tolorum
1762 2638 1986 2689 exstitit.

428 2709 490 2760 γ.
542 2705 604 2759 C.
664 2700 853 2758 Βῖιλί
894 2702 982 2765 Τ..
1033 2702 1085 2771 lin
1133 2701 1405 2753 Antiochia
1454 2700 1671 2771 Syria:b
1703 2704 1990 2770 Timothei,

424 2775 690 2843 Diogenis,
744 2772 1005 2843 blaearia'.
1040 2770 1509 2843 Qeescpustrema
1540 2775 1590 2824 in
1623 2773 1684 2827 L.
1715 2784 1769 2828 et
1796 2776 1903 2840 T.;
1940 2777 1991 2831 in

423 2847 480 2899 Β.
511 2839 720 2899 additur
751 2841 1013 2915 Maximo).
1048 2839 1109 2915 Et
1140 2839 1261 2891 alibi
1293 2840 1525 2915 °__l_£leus_i
1561 2845 1871 2915 presbyteri.
1911 2847 1992 2899 Li-

424 2917 542 2985 bya:
583 2914 894 2985 superioris,
944 2909 1272 2985 Copriemct
1316 2908 1535 2965 Victori.
1580 2912 1633 2966 In
1678 2908 1996 2971 Alexandria

410 2981 531 3040 nat.
566 2988 623 3041 S.
653 2981 883 3038 Peleusii
914 2981 1225 3049 presbyteri.

486 3074 554 3128 Β.
582 3101 651 3115 --
687 3073 747 3126 Vl
775 3073 911 3126 lous.
940 3069 1096 3123 Vacat
1126 3068 1301 3121 Baeda.

499 3168 585 3228 D.,
615 3163 842 3218 Turonis
873 3161 897 3197 ά
931 3159 1174 3224 Perpetui
1204 3162 1456 3229 episcopi.
1489 3164 1570 3225 (3.,
1618 3164 1668 3217 In
1704 3164 1877 3219 Africa
1908 3167 2000 3219 'l‘i-

426 3236 590 3289 moris
626 3244 679 3288 et
724 3231 971 3302 Mai-hari.
1025 3230 1112 3294 V.,
1148 3230 1220 3302 ⁸Ιιι
1267 3231 1721 3302 Alrica_lllaearii,
1772 3236 1991 3302 Conexi,

428 3307 690 3369 maxime,
716 3301 993 3358 iiotir-eSsi.
1030 3302 1111 3365 IL,
1147 3299 1200 3351 In
1234 3300 1407 3353 Africa
1437 3299 1685 3363 Titnoris,
1716 3299 1987 3368 Macharii,

430 3439 694 3499 :utcccssi.
726 3443 806 3505 l..,
842 3442 892 3493 In
925 3439 1096 3492 Alrica
1130 3442 1226 3493 SS.
1256 3440 1486 3503 Macarii,
1536 3440 1731 3495 Conexi
1778 3456 1830 3497 et
1880 3446 1990 3498 Ma-

430 3517 581 3571 ximi.
618 3515 678 3567 A.
706 3514 767 3565 'l‘.
801 3511 884 3575 L.,
917 3510 982 3563 Et
1012 3510 1270 3577 depositio
1290 3512 1346 3561 S.
1370 3509 1657 3565 Salvatoris
1679 3522 1733 3565 et
1759 3514 1815 3567 S.
1844 3525 1867 3552 ο
1892 3515 1991 3568 Ma-

429 3590 520 3639 ria;
550 3585 893 3653 Αῖεγνιιειοειξ.
930 3582 993 3653 A.
1016 3580 1102 3653 T.,
1137 3580 1189 3632 lu
1220 3579 1343 3632 Afri.
1364 3595 1391 3632 a
1419 3583 1590 3636 natale
1615 3583 1669 3639 S.
1706 3583 1913 3638 Macarii
1940 3594 1993 3638 et

521 3650 755 3711 Froittitti
788 3650 1050 3705 monachi.

428 3310 690 3369 maxime,
716 3310 993 3358 (Ioui-esst.
1030 3310 1111 3365 ις..
1147 3310 1200 3351 In
1234 3310 1407 3353 Alrtca
1437 3310 1685 3363 't'itnoris,
1716 3310 1987 3368 Macharii,

423 3375 646 3441 Conexi,
701 3373 939 3426 Mammas
1010 3370 1073 3441 Et
1118 3370 1238 3423 alibi
1266 3386 1295 3441 εί
1327 3369 1601 3441 Concessi,
1650 3376 1911 3427 Ammonii
1938 3388 1990 3428 et

2108 3311 2282 3365 Natale
2328 3310 2387 3366 S.
2442 3313 2730 3365 Saturnini.
2784 3313 2848 3366 A.
2902 3314 2964 3366 Τ.
3017 3314 3100 3375 L.,

2108 3381 2200 3435 SS.
2231 3381 2472 3434 Successi
2504 3392 2556 3434 et
2580 3382 2834 3436 Marcelli.
2859 3382 3054 3441 [088.51.
3082 3386 3100 3436 Ι

2171 2464 2222 2515 9.
2254 2492 2322 2502 -—
2353 2462 2391 2516 V
2442 2463 2579 2518 lous.
2624 2464 2679 2518 lu
2710 2464 2904 2521 Sirmio
2944 2468 3116 2522 natale
3138 2482 3343 2537 septem
3379 2470 3663 2541 virginum,

2100 2568 2218 2621 quae
2246 2554 2293 2607 in
2328 2571 2486 2608 untun
2519 2567 2826 2611 meruerunt
2854 2561 3119 2613 coronari.

2174 2668 2237 2720 A.
2284 2666 2348 2719 Τ.
2396 2667 2456 2721 L.
2492 2668 2576 2732 8.,
2611 2668 2667 2721 Et
2701 2670 2871 2722 natale
2904 2670 2960 2723 S.
3010 2672 3283 2734 Demetrii,
3326 2674 3554 2730 diaconi.
3608 2678 3667 2730 Β.

2102 2736 2142 2790 ll
2170 2737 2307 2796 larii,
2341 2736 2612 2807 Concessi.
2646 2740 2706 2791 lit
2732 2740 2875 2803 alibi,
2910 2742 3199 2803 Fortunati,
3235 2745 3444 2797 Donati.
3480 2747 3562 2807 Α..
3601 2747 3667 2800 Et

2102 2807 2446 2882 depositiuS.
2487 2806 2503 2843 ί
2539 2808 2772 2882 llugonis
2817 2811 3253 2882 liothptuageusis
3281 2806 3661 2882 episcopi.r'l‘.,

2106 2877 2302 2951 [Eodem
2329 2879 2615 2951 diepatalc
2642 2879 2711 2951 S.
2730 2878 2903 2933 Maria:
2922 2880 3184 2951 {Egyptiai
3202 2900 3265 2936 te.
3296 2877 3377 2947 ιζ..
3399 2877 3669 2939 lit—trans;-

2094 2945 2231 2999 'l:ttio
2260 2947 2313 2999 S.
2347 2955 2371 2993 8
2407 2946 2781 3001 Waldetrudts.

2174 3061 2255 3116 lO.
2291 3088 2348 3101 --
2386 3060 2447 3113 iV
2484 3058 2619 3114 lous.
2656 3060 2894 3114 Ezechiel
2930 3062 3220 3131 prophetat.

2173 3172 2256 3243 8.,
2290 3172 2341 3223 In
2394 3172 2712 3227 Alexandria
2743 3172 2765 3208 ιι
2800 3175 3060 3238 Apollonii
3110 3176 3425 3243 presbyteri,
3474 3176 3665 3231 Satur-

2102 3242 2231 3313 nini,
2261 3245 2538 3313 Concessi.
2589 3244 2639 3295 lu
2691 3243 2915 3295 Thracia
2960 3247 3132 3299 natale
3166 3243 3180 3281 ί
3220 3242 3425 3298 Gaiaui.
3484 3253 3545 3300 Α.
3577 3248 3669 3313 Τ.,

3156 3314 3210 3368 lu
3273 3316 3447 3368 Africa
3496 3318 3671 3371 natale

2102 3381 2200 3435 SS.
2231 3381 2472 3434 Successi
2504 3392 2556 3434 et
2580 3382 2834 3436 Marcelli.
2859 3382 3054 3452 [06631.
3082 3386 3224 3437 locus
3248 3386 3298 3437 in
3323 3384 3412 3457 ιη]

2171 3472 2253 3527 Η.
2282 3501 2352 3514 -
2379 3471 2442 3525 Ill
2472 3472 2606 3527 lous.
2639 3474 2840 3538 Romae,
2868 3473 2881 3522 ἑ
2921 3474 3110 3529 Leonis
3136 3491 3283 3544 νίψω
3313 3486 3358 3529 et
3389 3479 3675 3531 confesso-

2100 3565 2189 3617 ris.

2174 3653 2232 3705 Β.
2266 3654 2318 3706 In
2353 3652 2372 3688 ¹ί
2412 3654 2656 3708 Saluiona
2690 3654 2962 3708 Dilmatiaz
2990 3654 3296 3709 Doutniouis
3328 3656 3582 3724 episcopi,
3618 3666 3674 3713 et

1803 3741 2007 3798 SMlTll
2046 3740 2267 3795 NOTAE.

502 3847 525 3874 ι
566 3831 1493 3909 llegesijtpi._\'ieiu_i_apostolieorum
1521 3842 1846 3909 temporum,
1901 3836 1986 3899 qui

428 3924 615 3960 omnes
644 3902 685 3958 'a
735 3902 985 3959 Pas-ioue
1039 3902 1242 3954 Ι)υιιιὶιιι
1294 3916 1460 3967 usque
1489 3904 1552 3954 ad
1580 3919 1727 3956 suam
1779 3915 1987 3958 astatcut

424 3977 1129 4029 ecclesiastieoiutnactuum
1154 3974 1319 4043 texuit
1345 3971 1611 4043 historias,
1642 3975 1911 4043 multaque
1925 3975 1990 4027 ad

426 4046 710 4097 utilitatem
745 4044 1027 4111 legentium
1056 4041 1367 4113 pertinentia
1402 4041 1523 4094 hinc
1570 4043 1690 4096 inde
1717 4041 1991 4113 colligens,

428 4115 663 4181 quinque
704 4112 866 4165 libros
915 4112 1228 4181 ciuitposuit.
1282 4112 1484 4164 Asserit
1521 4127 1579 4165 se
1636 4112 1857 4166 venisse
1894 4116 1991 4166 sub

426 4179 651 4237 Atticeto
686 4183 936 4250 episeopo
962 4179 1204 4241 Romam,
1256 4191 1307 4234 et
1338 4195 1707 4247 perseverasse
1730 4199 1895 4250 usque
1925 4182 1990 4236 ad

428 4254 794 4310 Eleutherimn
844 4251 1079 4319 ejusdem
1133 4253 1277 4304 urbis
1324 4252 1649 4318 episeotium.
1699 4253 1760 4307 S.
1812 4254 1996 4305 lliero—

436 4326 580 4395 nymi
612 4323 846 4392 Catalog.
881 4324 946 4375 de
974 4321 1168 4389 Script.
1201 4322 1338 4373 laecl.
1367 4331 1420 4373 et
1450 4322 1658 4375 Eusebii
1682 4325 1814 4375 llist.
1851 4322 1993 4377 Eccl.

425 4412 500 4461 Iv,
527 4395 617 4449 22.

498 4465 525 4503 δ
551 4462 821 4516 Timothei.
850 4460 927 4513 De
962 4461 1041 4512 his
1073 4460 1190 4513 vide
1216 4476 1284 4513 vlt
1312 4459 1428 4513 Kal.
1460 4460 1674 4527 Aprilis.

500 4547 521 4571 ε
557 4533 751 4585 Eleusi.
804 4531 1001 4583 Forsan
1036 4530 1119 4581 hic
1146 4530 1282 4582 idem
1302 4538 1397 4601 est
1441 4543 1559 4601 cum
1591 4531 1850 4597 Peleusio,
1902 4533 1991 4601 qui

427 4604 619 4656 dicitur
651 4602 980 4655 Alexandriae
1025 4613 1209 4668 paSsus
1238 4617 1266 4652 a
1297 4600 1542 4663 Barouio,
1591 4602 1741 4655 Bieda
1771 4618 1989 4668 excuso,

432 4673 673 4729 Usuardo
700 4684 754 4725 et
781 4678 963 4723 nostro
987 4680 1225 4723 auctore.

498 4744 522 4779 α
552 4741 813 4812 Perpetui.
858 4740 1197 4812 Admiranda;
1235 4738 1531 4812 sanetitatis
1554 4738 1673 4804 viri,
1718 4742 1805 4808 qui
1830 4749 1993 4812 etse-

431 4808 1106 4881 natorio'genereiuatus,
1155 4808 1702 4881 litteris!optimisque
1752 4810 1993 4865 moribus

428 4878 701 4943 eruditus,
732 4890 848 4947 post
872 4880 928 4933 S.
955 4878 1296 4932 Eustochium
1340 4879 1664 4932 Turonensis
1703 4881 1845 4935 Sedis
1873 4882 1992 4944 epi-

428 4968 622 5020 scopus
665 4960 843 5004 sextus
874 4958 1216 5020 consecratus
1244 4956 1325 5020 est
1354 4960 1406 5001 et
1441 4948 1652 5020 praefuit
1702 4952 1857 5002 annis
1898 4948 1991 5004 50.

430 5018 725 5077 Ecclesiam
772 5022 828 5074 S.
860 5018 1081 5072 Martin
1127 5019 1351 5082 dicavit,
1400 5019 1485 5071 tibi
1535 5028 1588 5071 et
1630 5034 1838 5072 sacrum
1881 5021 1996 5085 ejus

430 5107 621 5159 corpus
676 5088 1105 5144 houorilieentius
1148 5086 1463 5159 collocarit;
1525 5087 1749 5159 concilio
1803 5092 1993 5156 primo,

432 5156 729 5215 Turonensi
768 5168 818 5213 et
862 5160 1108 5211 Venetico
1151 5156 1406 5222 interfuit,
1453 5166 1505 5211 et
1549 5158 1757 5211 tandem
1803 5160 1997 5212 transi-

435 5235 511 5285 vit
533 5231 596 5283 ad
626 5229 843 5297 gloriam
874 5228 1016 5279 circa
1045 5242 1239 5297 annum
1263 5225 1386 5278 490.
1413 5224 1633 5297 Culmus
1664 5228 1936 5281 Seuessrs.

506 5310 529 5337 ε
566 5294 766 5352 Maria.
802 5297 873 5350 De
902 5298 998 5349 hac
1020 5298 1137 5350 vide
1157 5294 1191 5346 ‘2
1215 5298 1429 5364 Aprilis.
1458 5296 1587 5362 Qua:
1611 5306 1665 5350 et
1687 5300 1877 5352 colitur
1908 5314 1997 5366 po-

432 5371 636 5427 stridie.

514 5449 534 5485 ι
574 5444 817 5509 "agmina.
850 5436 947 5501 Qui
968 5436 1163 5509 nobilis
1187 5434 1284 5509 fuit
1310 5449 1522 5503 genere,
1575 5437 1801 5491 nobilior
1822 5448 1995 5509 autem

434 5506 737 5572 virtutibus,
765 5510 936 5559 divina
964 5506 1309 5571 inspiratione
1329 5520 1640 5569 succensus,
1666 5508 1862 5561 relictis
1885 5507 1998 5574 epi—

435 5595 684 5651 scopatus
717 5578 959 5651 habenis,
988 5594 1014 5628 ιι
1039 5576 1096 5631 S.
1142 5576 1404 5651 Aicltadro
1443 5576 1496 5629 in
1534 5576 1995 5651 Cerneticodisci-

437 5646 634 5720 plitiau.
669 5647 1043 5720 monachorum
1093 5655 1148 5699 et
1169 5646 1401 5720 habitum
1433 5647 1659 5720 accepit.
1693 5647 1998 5720 ‘UtriuSque

439 5714 650 5788 corpus,
703 5717 916 5787 quando
947 5714 1253 5770 Nortmanui
1286 5715 1538 5768 ecclesias
1568 5717 1991 5781 eombusserunt,

2101 3831 2163 3885 ad
2197 3832 2375 3885 villain
2427 3832 2679 3899 llaspraiu
2728 3846 2813 3887 est
2862 3833 3207 3892 translatum.
3254 3851 3372 3901 quire
3412 3848 3495 3890 est
3538 3839 3675 3893 inter

2095 3904 2438 4025 (Blarlneracum
2465 3913 2518 3957 et
2544 3904 2886 3957 Valeuceuas.
2934 3905 3168 3959 Molauns
3202 3906 3252 3959 iu
3292 3906 3363 3959 Ca
3391 3912 3547 3975 a’ogo
3571 3910 3668 3963 SS.

2143 3991 2170 4023 υ
2194 3987 2287 4025 tzn.

2143 3991 2287 4026 (illul.

2129 3987 2611 4121 ftig'l'i'aldetrudis.
2647 4042 2808 4111 lltq'us
2850 4045 3037 4098 natalis
3068 4044 3249 4098 incidit
3275 4045 3325 4098 in
3354 4060 3411 4099 tu
3440 4047 3675 4101 Februa-

2099 4127 2183 4165 fil.

2170 4181 2196 4216 ιι
2234 4182 2511 4249 Apollonii.
2565 4183 2897 4251 Maurolycus
2945 4192 2998 4237 et
3048 4181 3234 4237 Petrus
3280 4183 3347 4238 de
3395 4186 3670 4241 Naulibus

2099 4251 2335 4304 svrihuut
2386 4253 2523 4305 hunc
2579 4254 2739 4305 fuisse
2793 4255 2841 4305 iit
2903 4268 3046 4305 mare
3097 4271 3327 4307 mersum
3384 4272 3485 4308 una
3541 4274 3663 4309 cum

2103 4320 2414 4374 l'hiletuone
2443 4323 2663 4376 custode
2704 4339 2821 4384 suo,
2868 4329 3023 4388 quem
3074 4326 3135 4375 ad
3185 4326 3339 4378 iidem
3370 4330 3665 4381 convertit.

2101 4392 2203 4445 Sed
2235 4393 2319 4455 qui
2366 4392 2464 4444 hac
2508 4406 2661 4457 paena
2692 4391 2910 4444 an‘eetus
2938 4400 3055 4455 est,
3088 4394 3345 4446 diaconus
3390 4393 3508 4457 fuit,
3561 4413 3667 4450 non

2026 4452 2076 4511 1)
2104 4452 2395 4533 presbyter.
2430 4472 2485 4514 ut
2509 4452 2689 4514 'videre
2729 4461 2887 4514 estin
2934 4452 3073 4533 Vitis
3108 4464 3339 4529 Patrum,
3394 4452 3512 4533 pur.
3546 4481 3578 4527 t,
3613 4483 3670 4521 ς.

2100 4531 2185 4603 ltl.
2232 4532 2344 4584 Νοιι
2393 4532 2548 4601 igitur
2597 4533 2733 4584 idem
2788 4542 3014 4584 estcum
3064 4531 3164 4586 hoc
3206 4531 3407 4586 nostro
3441 4538 3669 4603 Apollo-

2099 4616 2205 4653 Ιιιιι.

2177 4668 2187 4704 ί
2225 4669 2431 4723 Caiani.
2472 4670 2572 4736 Qui
2615 4672 2663 4724 in
2696 4668 2958 4739 aliquibus
2998 4671 3386 4741 Martyrologiis
3431 4674 3481 4727 in
3514 4674 3671 4727 [Licia

2098 4754 2282 4806 passus
2309 4741 2575 4793 St‘l'lb'lllt‘.

2174 4812 2188 4857 l
2233 4807 2436 4861 Leonis.
2484 4812 2579 4864 llic
2613 4810 2815 4863 Tuscus
2852 4818 2962 4861 erat
2997 4811 3235 4873 natione,
3286 4825 3336 4865 et
3381 4814 3673 4877 Quintiano

2099 4889 2245 4945 patre
2275 4890 2599 4946 procreatus.
2635 4882 2732 4941 Uni
2759 4881 3046 4933 secundum
3077 4881 3394 4947 pl‘OSpcl‘llm
3423 4888 3473 4934 in
3504 4883 3674 4935 Chm~

2098 4950 2237 5011 nico,
2269 4950 2518 5001 defuncto
2546 4950 2694 5002 Sixto
2728 4950 2967 5001 blmuano
3000 4952 3269 5015 pontilice,
3324 4954 3401 5004 his
3432 4956 3661 5005 causidi-

2099 5018 2214 5084 bus,
2248 5016 2451 5071 scilicet
2484 5018 2850 5072 Valentiniano
2889 5034 2918 5070 v
2947 5027 3003 5070 et
3039 5022 3305 5084 Anatolio,
3341 5023 3389 5073 id
3421 5035 3502 5074 est
3533 5038 3675 5075 anno

2097 5086 2223 5141 Chr.
2260 5087 2385 5149 MO,
2422 5089 2526 5141 Leo
2567 5092 2799 5156 pontifex
2828 5098 3035 5142 creatus
3058 5100 3158 5141 est.
3213 5090 3305 5142 llic
3328 5092 3531 5144 detexit
3562 5093 3672 5140 luv-

2100 5172 2244 5211 reses
2273 5159 2425 5221 duas,
2470 5170 2523 5211 et
2555 5163 2714 5213 inissa
2742 5160 3002 5228 legatione
3028 5160 3091 5211 ad
3132 5158 3447 5213 Martialium
3474 5162 3673 5225 princi-

2099 5243 2239 5294 pem,
2271 5242 2586 5300 congregata
2617 5232 2854 5300 synodus
2897 5230 2946 5300 i_u
2977 5229 3311 5300 Chalcedone
3340 5236 3670 5282 condemna-

2100 5293 2613 5367 yerttntrlﬂutyéhem
2636 5293 2690 5352 et
2716 5293 3039 5367 Nestorium.
3087 5298 3287 5350 Colitur
3319 5302 3368 5351 iu
3406 5302 3673 5364 Martyro-

2098 5365 2251 5434 logiis
2300 5366 2357 5420 ll
2395 5365 2611 5434 Aprilis,
2655 5370 2721 5422 14
2768 5369 2961 5427 Martii,
2994 5366 3060 5420 15
3112 5368 3303 5435 Martii,
3346 5371 3405 5421 lU
3436 5368 3674 5422 Noveru-

2100 5434 2231 5499 bris,
2274 5448 2325 5489 et
2355 5436 2425 5489 28
2446 5437 2585 5490 Junii
2616 5456 2627 5488 :
2669 5452 2698 5489 a
2726 5438 2921 5491 Graecis
2952 5436 3015 5491 18
3046 5438 3169 5490 Feb:
3186 5434 3345 5492 uarii.

2172 5503 2197 5543 ¹ί
2231 5506 2513 5560 Salmonw.
2559 5508 2767 5560 Rectius
2810 5507 3048 5559 Solonio:
3098 5507 3322 5559 Domuiu
3372 5508 3675 5563 Antiochia:

2100 5586 2278 5640 natus,
2322 5585 2470 5645 patre
2491 5576 2807 5645 Theodosio,
2836 5576 3048 5640 colono,
3078 5592 3103 5625 a
3145 5577 3201 5629 δ.
3235 5576 3393 5630 Petro
3418 5592 3542 5630 cum
3573 5594 3675 5645 pa-

2104 5648 2341 5699 rentibus
2367 5662 2677 5707 conversus.
2708 5654 2761 5698 et
2793 5644 3010 5696 Romam
3044 5660 3210 5711 usque
3237 5649 3293 5699 ὃ.
3330 5647 3545 5701 Petrum
3574 5662 3666 5698 se-

2104 5730 2279 5780 cutus,
2309 5718 2587 5785 episc0pus
2614 5717 2839 5770 Salonas
2867 5714 3114 5778 mittitur,
3147 5717 3231 5769 ubi
3256 5717 3509 5785 plurimos
3539 5733 3674 5769 cou—
