3990 6196
324 326 430 383 877

1455 329 1647 383 SECT.
1689 332 1753 383 ll.
1795 359 1864 370 --
1904 326 2465 385 MARTYROLOCI.\.

3471 326 3573 381 378

1583 442 1812 496 EDlTlO
1848 442 2309 498 COLONIENSIS.

332 522 353 548 ⁴
394 533 451 585 D.
494 530 645 587 Pam.
678 531 796 586 lous
827 531 1011 585 APRIL.
1044 560 1113 573 —-
1142 530 1324 586 Roma:
1373 535 1453 585 via
1508 535 1719 586 Aurelia
1772 535 1892 587 inil-
1922 544 1967 597 Α
2075 535 2135 586 E.
2171 536 2284 588 Iutis
2314 538 2496 588 APRIL.
2537 561 2601 574 —-
2648 534 2796 599 Apud
2830 532 3141 601 Pergamum
3191 534 3328 589 Asia:
3374 538 3555 590 urbem

317 623 470 676 liario
502 621 772 687 tertio,-in
819 624 1133 677 ccemeterio
1174 622 1443 691 Calepodii
1469 663 1483 684 ,
1518 626 1692 678 natale
1720 630 1888 680 sancti

315 715 442 767 Julii
473 716 708 783 episcolii
734 728 783 769 et
814 714 1164 783 confessoris,
1192 715 1283 782 qtti
1318 716 1417 769 sub
1454 715 1764 769 Constantio
1792 718 1892 770 Ar-

316 804 470 856 riano
504 805 612 857 filio
640 803 998 867 Constantini,
1029 805 1095 858 10
1129 805 1401 858 mensibus
1443 806 1813 860 tribulationes
1839 816 1893 860 et

313 877 498 950 exsilia
533 910 838 963 perpessus,
881 904 998 963 post
1025 895 1143 963 ejus
1170 904 1396 949 mortem
1422 911 1540 950 cum
1567 911 1751 963 magna
1777 898 1895 965 glo-

315 988 390 1041 ria
423 990 488 1040 ad
516 1003 663 1042 suam
689 987 870 1042 sedem
922 1002 1168 1041 reversus
1213 999 1318 1041 εει.
1368 988 1461 1041 llic
1509 989 1802 1053 CODSlillli‘,
1838 996 1895 1040 iit

315 1080 497 1132 nullus
527 1080 756 1133 clericus
806 1094 1025 1133 causam
1060 1078 1353 1147 quamlibet
1381 1079 1433 1133 in
1468 1079 1677 1146 publico
1718 1088 1898 1147 ageret.

316 1170 419 1223 nisi
451 1169 504 1223 in
537 1169 799 1232 ecclesia;
828 1178 881 1222 et
908 1170 1091 1222 notitia
1136 1167 1258 1222 fidei
1294 1183 1386 1234 per
1414 1168 1648 1222 notarios
1672 1170 1894 1239 collige-

312 1268 484 1323 retur,
516 1268 569 1313 et
593 1260 705 1313 sive
735 1261 1042 1323 cautiones,
1076 1260 1160 1313 vel
1209 1259 1581 1323 instrumenta,
1613 1268 1701 1311 aut
1729 1259 1895 1311 dona-

313 1350 512 1412 tiones,
550 1352 630 1404 vel
661 1351 1129 1419 commutationes,
1171 1359 1264 1404 aut
1315 1349 1663 1412 traditiones,
1700 1350 1780 1403 vel
1812 1360 1893 1403 te-

313 1450 602 1506 stamenta,
634 1451 722 1494 aut
752 1442 1117 1511 allegationes,
1149 1442 1227 1496 vel
1258 1440 1701 1494 manuiuissiones
1732 1456 1759 1492 a
1784 1444 1893 1494 cle-

311 1534 437 1587 ricis
465 1533 517 1586 iii
549 1532 771 1587 ecclesia
811 1533 1229 1587 celebrarentur.
1272 1533 1423 1601 Apud
1459 1534 1724 1588 Veronam
1765 1526 1894 1585 citi-

314 1635 477 1678 tatem
508 1625 686 1693 passio
715 1625 885 1678 sancti
918 1624 1150 1679 Zenonis
1182 1625 1454 1693 martyris,
1478 1625 1544 1680 de
1575 1640 1679 1695 quo
1710 1624 1892 1678 beatus

316 1716 604 1785 Gregorius
633 1716 684 1770 in
717 1714 850 1768 libro
882 1715 1218 1785 Dialogorum
1253 1715 1436 1770 refert.

2001 637 2301 680 sanctorum
2324 625 2477 695 Carpi
2502 626 2756 695 episcopi,
2783 634 2836 677 et
2858 625 3065 694 Papyrii
3090 625 3322 691 diaconi,
3353 637 3407 682 et
3432 632 3565 697 Aga-

2003 710 2227 763 tltonicm
2252 714 2462 778 Optima:
2495 711 2726 773 feminae,
2756 709 3086 778 aliarumque
3118 712 3423 779 multarum,
3448 730 3563 781 qua:

2003 801 2238 867 probatis
2266 800 2684 853 ciiiifessiouilius
2714 798 2969 868 martyrio
2992 811 3261 853 coronata!
3282 812 3424 866 suut,
3448 818 3566 855 cunt

2004 894 2194 961 quibus
2220 902 2273 947 et
2297 894 2375 946 vir
2406 892 2661 944 mirabilis
2691 892 2925 945 Justinus
2967 891 3330 961 philosophus,
3360 896 3446 962 qui
3475 895 3568 947 lia-

2004 983 2112 1035 bitu
2137 997 2346 1051 quoque
2377 982 2811 1049 philosophorum
2860 981 3132 1045 incedens,
3180 998 3276 1051 pro
3317 985 3569 1053 religioim

1999 1075 2197 1128 Christi
2231 1076 2512 1141 plurimum
2562 1075 2854 1139 laboravit,
2896 1075 2945 1128 in
2979 1084 3178 1127 tantum
3212 1086 3270 1129 iit
3300 1076 3568 1129 Antonino

2004 1166 2114 1229 Pio,
2145 1173 2199 1219 et
2231 1166 2347 1217 filiis
2386 1164 2533 1231 ejus,
2581 1172 2634 1217 et
2677 1163 2881 1217 senatui
2932 1164 3124 1218 librum
3166 1176 3349 1219 contra
3380 1172 3566 1234 gentes

1998 1258 2249 1326 scriptum
2278 1256 2444 1321 daret,
2478 1256 2922 1325 ignominiamque
2951 1257 3125 1310 crucis
3149 1271 3251 1309 non
3278 1258 3559 1311 erubesce-

1999 1360 2100 1404 ret.
2149 1350 2389 1418 Ctimqite
2428 1348 2537 1418 jam
2590 1348 2879 1402 secundum
2931 1348 3117 1401 librum
3170 1351 3562 1403 successoribus

2002 1440 2204 1510 praefati
2233 1440 2565 1508 imperatoris
2584 1481 2599 1505 ,
2631 1441 2680 1493 id
2711 1448 2793 1494 est
2819 1439 3084 1494 Antonino
3115 1440 3250 1494 Vero
3272 1450 3326 1494 el.
3354 1442 3570 1495 Aurelio

2000 1530 2314 1597 Commodo,
2351 1546 2445 1597 pro
2484 1530 2755 1599 religionis
2802 1540 2998 1585 nostra:
3045 1529 3352 1585 defensione
3391 1546 3574 1600 porre-

2000 1625 2183 1685 xisset,
2210 1621 2690 1675 remunerationem
2715 1619 2907 1689 lingua:
2930 1620 3100 1674 fidelis
3123 1621 3356 1691 martyrii
3381 1636 3573 1675 munus

1997 1712 2223 1779 accepit.
2255 1713 2405 1781 Apud
2440 1712 2744 1783 Hispaniam
2783 1713 2958 1767 natale
2999 1712 3368 1783 Heriningildi,
3415 1729 3571 1782 quem

1580 1804 1807 1860 EDITIO
1847 1802 2344 1858 BOLLANDIANA.

316 1900 543 1953 militum
592 1907 748 1952 octo:
797 1908 850 1952 et
879 1908 904 1933 ἰ
938 1897 1181 1951 Dalmati.
1233 1896 1287 1949 In
1322 1896 1499 1950 Africa
1535 1897 1810 1951 Fortunati
1844 1904 1897 1948 et
1930 1901 1974 1959 Β
2073 1893 2232 1948 Addit
2262 1892 2323 1946 V.
2366 1890 2384 1930 ί
2420 1892 2630 1946 Positus
2679 1891 2743 1945 ad
2794 1893 2851 1947 S.
2905 1892 3122 1947 Mariam
3170 1895 3221 1948 in
3254 1895 3558 1953 Transtibe-

317 1972 541 2024 aliorum
569 1970 916 2022 ducentorum
942 1969 1308 2036 quadraginta.
1340 1972 1404 2021 A.
1435 1968 1522 2029 T.,
1546 1968 1611 2020 Et
1649 1965 1890 2019 Domnini

316 2042 573 2107 episcopi.
627 2041 692 2093 Et
734 2041 792 2092 ὃ.
841 2039 1104 2091 Dalmatii.
1146 2038 1231 2102 V.,
1277 2036 1302 2074 ι)
1346 2039 1534 2092 Donati
1567 2048 1619 2091 et
1665 2038 1888 2091 aliorum

317 2115 667 2165 ducentorum
695 2110 1039 2177 quadraginta
1090 2122 1140 2160 et
1187 2111 1359 2161 unius.
1414 2112 1504 2172 Λ.,
1556 2107 1754 2160 Eodem
1805 2110 1892 2159 die

316 2181 579 2236 Noviomo
608 2180 872 2248 depositio
901 2181 959 2234 ὃ.
1054 2177 1369 2232 Godelierta:
1415 2178 1623 2231 eximia:
1649 2177 1885 2246 virginis,

314 2268 434 2321 quae
463 2253 512 2303 in
545 2265 678 2318 pago
719 2248 1064 2321 Ainbianensi
1103 2249 1553 2321 nobiliprosapia
1574 2258 1689 2321 orta
1718 2252 1886 2321 essti-

315 2318 399 2376 tit.
453 2322 545 2387 T.,
594 2321 794 2375 Eodem
844 2322 930 2374 die
972 2319 1228 2387 Liigduno
1270 2319 1529 2385 depositio
1559 2319 1585 2353 ά
1618 2318 1787 2387 ιίίειειή
1833 2325 1887 2370 et

313 2391 528 2447 Patricii
539 2429 551 2442 .

387 2482 474 2535 12.
506 2478 641 2533 —-ll
692 2480 826 2534 lous.
870 2478 1053 2532 Romae
1092 2476 1356 2547 depositio
1408 2487 1431 2515 ⁶
1474 2478 1598 2533 Julii
1640 2477 1752 2550 [B.,
1797 2476 1892 2532 Ju-

312 2571 463 2641 liani]
516 2571 749 2640 episcopi
794 2581 846 2624 et
895 2569 1256 2623 confessoris:
1305 2570 1394 2637 qui
1437 2569 1542 2621 sub
1583 2569 1892 2623 Constantio

309 2666 529 2727 Ariano,
563 2663 672 2717 filio
701 2662 1060 2725 Constantini,
1111 2661 1294 2715 decem
1342 2662 1617 2714 mensibus
1664 2660 1890 2714 tribula-

312 2757 488 2811 tiones
518 2765 570 2810 et
595 2755 785 2811 exsilia
836 2766 1137 2822 perpessus,
1192 2761 1314 2821 post
1343 2750 1456 2819 ejus
1508 2761 1736 2806 mortem
1768 2765 1887 2805 cum

312 2864 504 2919 magna
537 2848 707 2918 gloria
734 2846 798 2899 ad
828 2861 977 2900 suam
1002 2844 1183 2899 sedem
1215 2858 1463 2898 reversus
1495 2853 1596 2898 est.

2005 1964 2123 2017 rim.
2177 1963 2260 2027 C.,
2312 1963 2366 2016 In
2412 1964 2587 2030 Capua
2638 1964 2936 2032 Cypriane.
2991 1962 3074 2023 Β..
3104 1965 3155 2017 lii
3183 1966 3358 2033 Capua
3390 1973 3564 2021 natale

2003 2034 2101 2114 S_S.
2128 2034 2412 2114 Cypriani,
2432 2032 2945 2114 Dltm‘lla‘pb‘ilvani.
2997 2034 3049 2114 lii
3082 2032 3318 2114 Cepitng
3347 2038 3564 2114 civitate

2001 2103 2263 2178 depositio
2288 2104 2355 2178 _B.
2389 2113 2415 2178 ξς
2444 2104 2779 2178 Constantini
2810 2105 3063 2171 episcopi.
3098 2103 3167 2157 Et
3194 2103 3318 2159 alibi
3351 2108 3562 2176 Euphe-

1998 2173 2143 2240 iniae,
2169 2173 2417 2227 Matharii
2449 2182 2503 2226 et
2523 2175 2745 2225 aliorum
2775 2188 2984 2227 novem.

2073 2290 2154 2345 15.
2180 2321 2249 2329 --
2273 2290 2463 2343 lninus.
2500 2288 2663 2343 Vacat
2689 2288 2864 2343 Baeda.

2076 2402 2162 2479 D.,
2195 2402 2507 2479 Pergamum
2542 2401 2681 2479 Asiae
2709 2398 2736 2437 ιι
2765 2401 2919 2479 Carpi
2953 2405 3245 2479 presbyteri
3278 2416 3333 2479 et
3361 2408 3568 2479 Papyrii

2001 2483 2054 2527 et
2077 2474 2416 2542 Agatbontce
2461 2482 2514 2525 et
2551 2471 2771 2524 aliarum
2807 2471 3126 2542 multarum;
3170 2475 3231 2532 B.
3282 2477 3342 2531 V.
3386 2471 3569 2536 ATT.

2003 2544 2091 2609 L.,
2133 2541 2188 2596 ln
2233 2543 2586 2617 Chalcedonia
2636 2542 2833 2617 natalia
2856 2541 2965 2617 S.”i
3005 2545 3309 2617 liiipliemirc
3352 2549 3569 2617 virginis

2002 2623 2057 2666 et
2103 2614 2375 2683 martyris.
2418 2612 2632 2665 Addtiiit
2680 2611 2741 2665 [ι.
2792 2613 2854 2664 Τ.
2901 2615 2981 2677 Β.,
3037 2614 3103 2667 Et
3153 2611 3564 2683 EucapimClL,

2003 2695 2122 2752 post
2155 2683 2312 2735 multa
2342 2692 2607 2752 tormenta
2645 2683 3110 2752 reqtiiesceutiuin.
3154 2685 3241 2750 V.,
3274 2688 3565 2749 Secutoris.

1999 2750 2199 2815 Caroli,
2235 2754 2247 2801 l
2288 2751 2542 2804 Januarii.
2568 2754 2632 2806 A.
2664 2752 2763 2813 T.,
2783 2750 2984 2806 Eodem
3010 2754 3095 2809 die
3118 2757 3290 2811 natale
3317 2760 3373 2812 ὃ.
3407 2760 3569 2814 δείξειε

2000 2825 2149 2877 toris.
2186 2824 2270 2891 8.,
2304 2821 2369 2874 Et
2392 2823 2513 2875 alibi
2539 2821 2775 2889 Januari,
2813 2824 2976 2878 Pauli.
3565 2831 3576 2841 ‘

1698 2931 1902 2988 SMITII
1933 2933 2159 2991 NOTAE.

311 3033 512 3093 vertit;
567 3046 595 3084 a
662 3028 876 3099 perfidis
931 3037 1116 3098 captus
1172 3027 1327 3080 fidem
1379 3027 1654 3099 profitetur
1708 3040 1886 3099 coram

314 3104 545 3176 prteside
597 3096 883 3176 Maurelio,
914 3096 1035 3176 nui
1075 3099 1233 3168 jussit
1279 3113 1404 3176 eum
1452 3098 1681 3176 fustibus
1725 3096 1883 3176 cmdi,

313 3168 509 3230 deinde
549 3178 722 3240 capite
768 3170 953 3239 plecti.
1004 3170 1198 3222 Passus
1244 3180 1325 3221 est
1366 3169 1541 3222 Nonas
1567 3168 1705 3221 Maii.
1757 3170 1887 3221 Acta

313 3243 724 3315 apudABolland.

391 3325 415 3350 ι
447 3313 697 3364 Dalmaii.
730 3309 1074 3363 (ielebramus
1106 3308 1205 3361 hoc
1234 3308 1317 3361 die
1350 3308 1523 3375 plures
1553 3318 1817 3377 martyres
1839 3310 1890 3361 in

320 3382 579 3437 Dalmatia
618 3395 845 3449 passos:
901 3383 964 3431 ad
1012 3395 1235 3447 quorum
1269 3384 1397 3431 Acta
1451 3380 1776 3438 dubitamus,
1826 3393 1893 3431 an

322 3455 596 3507 Daltnatus
626 3468 718 3504 seu
768 3451 1005 3502 Dalmata
1038 3453 1227 3501 debeat
1268 3450 1586 3514 appeilatiie
1632 3449 1769 3501 sumi
1799 3464 1812 3513 ;
1841 3456 1897 3501 et

324 3528 378 3577 in
410 3524 561 3574 titulo
595 3521 923 3589 propositum
960 3521 1234 3571 mallemus
1258 3522 1509 3589 expungi.

384 3592 410 3629 ί»
440 3588 650 3644 Donati.
701 3590 757 3644 in
809 3590 978 3642 Africa
1025 3605 1099 3641 sc.
1145 3603 1263 3641 cum
1316 3588 1624 3641 Fortunato.
1672 3588 1891 3641 Norat:-

308 3679 435 3718 BUS.

391 3744 412 3772 ε
442 3731 761 3787 Godeberiw.
796 3732 925 3795 Qum
957 3729 1007 3781 in
1035 3742 1169 3797 pago
1197 3726 1541 3781 Ainbianensi
1575 3728 1736 3781 nobili
1771 3742 1892 3793 pro-

310 3805 462 3871 sapia
513 3815 627 3855 orta
680 3803 924 3854 exSIitit:
972 3801 1123 3866 cujus
1171 3812 1374 3871 sacrant
1430 3800 1780 3871 virginitatem
1836 3799 1892 3849 Β.

311 3868 543 3944 Eligius,
596 3871 704 3940 jam
727 3870 1129 3944 inrepiscojuitu
1158 3870 1505 3944 _sttblitn:ilt_l_.~‘_,
1543 3868 1751 3944 annulo
1796 3881 1893 3919 suo

309 3946 366 3997 iii
399 3938 685 4008 conspectu
717 3939 1018 3995 Ctilotbarii
1051 3938 1187 3991 tertii
1218 3942 1376 4005 regis,
1431 3938 1644 4008 Cltristo
1693 3948 1894 3993 teteriie

307 4007 674 4066 subarrli’avit.
735 4011 937 4078 Eligius
990 4010 1263 4078 ordinatus
1309 4020 1391 4061 est
1430 4007 1715 4074 cpiscopus
1742 4022 1883 4058 anno

310 4084 439 4137 640.
486 4083 615 4148 Quia
662 4077 839 4134 autem
884 4080 934 4131 iii
982 4080 1165 4145 prima:
1211 4077 1505 4146 juventiitis
1551 4080 1681 4131 flore
1713 4078 1890 4130 Gude-

308 4155 465 4206 berta
513 4150 933 4205 sanctimonialis
981 4153 1118 4201 facta
1170 4160 1248 4200 est
1279 4189 1294 4209 ,
1354 4148 1490 4200 haud
1544 4149 1891 4215 incongruum

309 4226 415 4276 erit
464 4224 577 4288 ejus
628 4231 854 4274 mortem
906 4218 971 4271 ad
1023 4220 1202 4270 saeculi
1259 4216 1473 4284 septimi
1525 4219 1682 4270 finem
1734 4229 1895 4285 atque

308 4294 450 4346 ultra
482 4295 640 4345 etiam
685 4292 900 4344 dilatam
948 4290 1277 4341 existimare.
1334 4289 1551 4353 Septilta
1582 4296 1664 4340 est
1695 4288 1745 4340 in
1776 4302 1893 4340 ora-

311 4365 457 4415 torio
495 4365 552 4414 l3.
588 4360 797 4429 Georgii
830 4363 965 4426 apud
1020 4358 1353 4423 Novitiinuin,
1403 4360 1453 4429 in
1497 4356 1721 4429 ecclesia
1775 4373 1892 4429 quat:

1996 3031 2061 3083 ad
2093 3029 2370 3083 Martintim
2407 3030 2443 3082 V
2472 3030 2733 3084 deductis.
2766 3029 2904 3084 Obiit
2929 3046 3069 3085 anno
3099 3032 3221 3086 532.
3253 3036 3559 3094 Bollandus.

1925 3111 1966 3168 (ζ
1994 3101 2242 3169 Sepultus
2272 3110 2351 3155 est
2376 3101 2456 3153 via
2491 3102 2724 3164 Aurelia,
2773 3102 3021 3156 milliaria
3054 3105 3208 3158 tertio
3234 3105 3282 3158 in
3312 3122 3560 3164 cmincte~

2000 3174 2080 3226 rio
2104 3172 2393 3238 Calepodii.
2426 3172 2560 3223 Ado.
2595 3170 2873 3225 Notkerus.

2074 3241 2092 3279 ί
2136 3240 2362 3295 Positus.
2406 3241 2515 3293 lloc
2544 3252 2663 3305 est,
2712 3242 2995 3295 translatus
3042 3252 3126 3297 est
3172 3245 3237 3298 ab
3265 3246 3567 3306 ltinoccntio

1997 3315 2235 3365 secundo
2266 3313 2314 3364 in
2342 3310 2629 3363 Ecclesiam
2664 3314 2837 3365 Beatze
2868 3313 3048 3366 Maria:
3081 3326 3225 3367 trans
3255 3317 3506 3373 Tiberim.

2069 3390 2095 3428 ις
2128 3381 2460 3452 Constantini.
2507 3380 2561 3433 lii
2619 3382 2868 3452 \‘apingo,
2894 3398 3025 3452 non
3068 3382 3299 3452 Cepiiigo
3330 3389 3557 3444 civitate.

2000 3450 2122 3504 Fuit
2150 3451 2288 3504 enim
2324 3454 2523 3516 primus
2553 3451 2833 3518 cpiscopus
2868 3450 3255 3521 Vapingensis,
3284 3466 3339 3508 et
3367 3473 3559 3511 secum

1997 3524 2121 3573 dunt
2147 3521 2449 3591 Sanssaiutn
2478 3521 2529 3573 in
2560 3536 2657 3573 suo
2681 3522 3053 3591 Martyrologio
3075 3523 3349 3578 Gallicano
3380 3528 3560 3583 floruit

1996 3590 2434 3663 stili_Syttiiiiaclio
2459 3604 2589 3663 papa
2613 3590 3015 3663 Δειᾲιᾲιιιόιξυνειιυ
3040 3592 3359 3647 Francorum
3380 3609 3554 3663 protu-

1996 3658 2293 3710 Cliristiaiio
2336 3674 2372 3709 τι
2393 3675 2474 3726 ge.
2521 3660 2623 3712 Sed
2658 3660 3080 3715 San-Martbaui
3118 3663 3168 3715 in
3204 3658 3552 3719 Gallia'Clii-i-

1995 3729 2188 3801 sitiana,
2221 3729 2447 3797 primum
2486 3729 2888 3797 Vapingeiisium
2945 3734 3252 3801 episcopum
3294 3737 3552 3789 Constan-

2000 3800 2165 3850 tiniim
2227 3814 2329 3849 non
2388 3808 2659 3865 statuunt;
2709 3801 2799 3852 sed
2858 3815 2921 3853 ex
2991 3805 3259 3858 veteribus
3312 3806 3557 3861 Ecclesia:

1997 3870 2146 3942 iStius
2177 3869 2533 3942 monumentis
2568 3869 2848 3938 quemdam
2882 3871 2938 3924 S.
2973 3871 3294 3928 Demetrium
3328 3878 3550 3942 primum

1995 3940 2277 4011 collocant.
2312 3939 2705 4011 Constantinus
2751 3942 3065 4009 subscripsit
3107 3939 3401 4011 Epaoiiensi
3430 3963 3558 4001 coii-

1995 4008 2119 4087 cilia
2140 4023 2281 4087 anno
2299 4008 2436 4087 _517,
2465 4009 2565 4063 sub
2585 4008 3376 4087 SigismundoDurgon'dioiium
3411 4032 3553 4087 rege.

1998 4078 2252 4132 ltaronius
2297 4079 2349 4132 in
2397 4081 2775 4150 inartyrologio
2831 4082 3014 4150 scribit
3062 4078 3206 4139 bunt:
3257 4078 3556 4142 interfuisse.

1995 4149 2574 4223 cuiicilioArausicano
2619 4149 2937 4223 atinter;
2984 4152 3075 4205 sed
3124 4155 3245 4223 quia
3276 4157 3418 4212 locus
3450 4177 3552 4214 non

1996 4218 2204 4287 additur
2236 4220 2286 4271 in
2313 4220 2563 4283 concilio,
2593 4221 2747 4287 plane
2772 4220 2871 4274 ltoc
2898 4218 3155 4275 incertum
3187 4235 3288 4277 est.

2069 4285 2093 4324 δ
2128 4287 2302 4355 Carpi.
2344 4290 2542 4341 florum
2588 4285 2876 4357 martyrum
2924 4291 3163 4343 meminit
3212 4295 3469 4347 Eusebius
3498 4298 3547 4349 iii

1997 4358 2142 4412 Eccl.
2177 4359 2313 4411 Hist.
2347 4374 2415 4429 iv,
2455 4359 2537 4412 15.
2581 4358 2724 4411 Passi
2754 4374 2855 4429 non
2889 4370 3015 4412 sunt
3041 4365 3367 4429 temporibus
3394 4365 3550 4419 Marti

309 4434 473 4521 {nodo
521 4434 713 4486 dicitur
739 4427 869 4484 'SS.
926 4431 1325 4496 Apostolorum.
1390 4427 1519 4480 Acta
1576 4427 1715 4496 apud
1775 4428 1892 4479 Bol.
1927 4466 1972 4521 ο
1999 4430 2277 4521 Antonini,
2311 4438 2365 4480 ut
2397 4428 2653 4521 B‘aronius
2686 4432 2735 4521 iii
2766 4427 3371 4521 blartynrologi'oscribit,
3402 4451 3464 4489 ex
3493 4456 3558 4489 eo

308 4504 456 4555 land.

384 4571 408 4608 ἀ
440 4569 641 4642 Fiagri.
670 4568 852 4642 Melius
894 4568 1087 4642 Spiagrii
1115 4567 1276 4642 :‘Ilic
1309 4568 1356 4619 iii
1389 4565 1702 4635 quibusdam
1744 4565 1882 4642 lilar-

307 4638 583 4711 tyrologiis
607 4655 735 4711 mss.
768 4656 795 4690 a
831 4638 1291 4711 liollaiidocitatis
1320 4642 1597 4711 eonf'essor
1640 4638 1881 4688 nomina-

308 4708 433 4773 tiir;
481 4708 531 4763 et
560 4710 796 4762 Nolanus
829 4712 877 4760 in
924 4724 1021 4760 suo
1064 4708 1302 4761 Usuardo
1348 4709 1570 4760 tuiitavit
1598 4721 1796 4760 nomen
1828 4715 1881 4760 et

306 4783 526 4848 scripsit
553 4797 564 4831 :
602 4782 856 4847 Lugdune
876 4776 1096 4830 Sicliarii
1125 4778 1377 4846 episcopt.

391 4843 590 4903 “'Jnfi'i‘.
628 4843 868 4903 Pontifex
903 4843 1176 4901 Romanus
1207 4843 1594 4914 qui—ordinatus
1622 4854 1705 4899 est
1733 4844 1817 4898 die
1849 4843 1882 4896 6

307 4921 590 4976 Februarii
644 4919 769 4972 anni
819 4918 942 4970 557.
1007 4918 1122 4969 Fuit
1168 4919 1498 4981 potissiintmt
1552 4917 1880 4982 temporibus

305 4992 644 5054 Constantis,
677 4991 765 5041 filii
795 4986 1126 5042 Constantini
1169 4987 1339 5056 Magni
1371 4991 1420 5039 in
1454 4987 1599 5040 Italia
1649 5000 1879 5051 regnan-

303 5065 398 5124 tis,
429 5078 532 5113 non
573 5072 747 5112 autem
781 5060 1108 5125 temporibus
1153 5060 1446 5109 Constantii
1481 5058 1755 5116 literetici;
1789 5071 1881 5108 ne-

305 5147 416 5199 que
440 5134 506 5184 ab
536 5134 633 5183 lioc
662 5131 710 5181 in
736 5130 977 5182 exsilium
1010 5138 1181 5190 actus,
1210 5136 1406 5194 etpost
1436 5126 1879 5199 liiijnstlonstan-

309 5196 369 5255 t—ii
423 5214 647 5254 mortem
692 5216 808 5252 cuin
840 5200 1005 5265 gloria
1057 5212 1327 5261 reversus,
1377 5198 1546 5264 qualia
1597 5196 1777 5260 itit-pte
1829 5198 1878 5248 in

308 5275 472 5327 Libro
504 5270 793 5324 l’uulilicali
826 5279 880 5321 et
925 5267 1060 5333 apud
1092 5266 1428 5318 Atiastasittin
1464 5269 1723 5334 leguntur.
1773 5265 1878 5317 Sed

313 5357 491 5407 neque
511 5342 576 5393 ad
602 5343 689 5392 illa
721 5340 991 5400 salvanda,
1025 5351 1118 5403 pro
1149 5338 1361 5390 nomine.
1386 5336 1678 5389 Constantii
1707 5344 1880 5407 potest

307 5405 507 5465 nomen
532 5411 837 5463 Coiistantis
867 5407 1111 5460 Stibstitui
1140 5423 1151 5457 :
1192 5407 1346 5473 hujus
1374 5422 1512 5460 enim
1547 5409 1675 5458 fides
1697 5405 1879 5457 catlio-

308 5486 414 5535 lira
465 5482 693 5549 peratitit
718 5493 926 5545 semper
964 5477 1349 5543 laudatissima,
1391 5488 1469 5549 et;
1491 5478 1675 5549 ultimo
1724 5476 1877 5549 liujus

306 5544 534 5606 annos.
563 5544 878 5604 Athanasius
910 5550 1007 5599 fuit
1049 5549 1229 5600 Itonia:
1271 5547 1406 5613 apud
1438 5547 1497 5600 S.
1528 5546 1746 5606 Juliuni,
1788 5544 1875 5611 qui

308 5639 410 5692 pro
443 5637 508 5674 eo
534 5621 745 5688 scripsit
770 5621 833 5692 ad
853 5620 1265 5692 Alexandrinos.
1301 5617 1618 5692 Nihiletiam
1649 5615 1715 5668 de
1736 5616 1877 5668 exsi-

311 5689 385 5745 lio
413 5696 528 5759 ejus
557 5694 743 5759 legitur
769 5691 819 5742 in
842 5689 1107 5755 Catuli-gis
1128 5703 1272 5759 inss.
1320 5689 1645 5759 ptuiiiliciiin,
1677 5693 1874 5759 siccum

312 5778 363 5816 vi
396 5755 483 5814 aut
515 5755 975 5822 vni'conciimatis,
1014 5758 1175 5811 autin
1204 5772 1330 5810 m5".
1362 5755 1536 5812 Gestts
1566 5755 1869 5824 pontificum

2000 4501 2438 4572 deceptus,_quod
2470 4514 2652 4552 eorum
2685 4504 2815 4572 Acta
2849 4500 2899 4553 in
2930 4502 3153 4572 Eusebio
3173 4503 3555 4572 subjungtmtur

1996 4568 2232 4644 epistolae
2280 4570 2677 4639 Sinyrnaaorum
2722 4569 2791 4623 de
2840 4571 3108 4644 martyrio
3141 4568 3415 4643 Polycarpi
3465 4591 3552 4644 qui

1992 4640 2204 4707 quidem
2257 4648 2541 4693 eoioiiatus
2588 4648 2674 4693 est
2702 4640 3034 4708 temporibus
3062 4640 3506 4698 Marci‘Antoniu'i
3538 4664 3552 4707 ;

1990 4711 2081 4761 ενα
2112 4710 2287 4775 potius
2315 4708 2480 4782 Decio
2504 4711 2822 4782 imperante,
2854 4721 2905 4763 ut
2929 4725 3111 4763 eorum
3135 4715 3264 4764 Acta
3297 4713 3558 4782 hodieque

1993 4789 2275 4832 testantur.
2311 4778 2433 4831 Post
2461 4781 2654 4832 multas
2685 4789 2738 4831 et
2768 4780 2998 4833 illustres
3037 4783 3398 4836 confessiones
3441 4778 3554 4850 glu-

1988 4866 2129 4902 i'ioso
2177 4849 2317 4901 exitii
2367 4850 2712 4906 consummati
2759 4858 2903 4901 sunt.
2954 4852 3083 4902 Aeta
3115 4865 3297 4904 coruui
3343 4849 3555 4907 exstant

1985 4920 2122 4981 apud
2156 4918 2471 4971 Bollanduin
2519 4938 2547 4974 a
2574 4920 2776 4972 Graecis
2804 4918 3140 4973 celebrantur
3169 4922 3253 4975 die
3286 4937 3374 4975 xui
3399 4922 3553 4977 Octo-

1985 4991 2114 5042 bris.

2062 5058 2073 5095 ί
2115 5058 2432 5126 Euphemiw.
2466 5058 2759 5125 littpbemia
2789 5057 3242 5114 Chalcedonensis
3271 5062 3429 5117 etiam
3461 5081 3547 5120 re-

1985 5127 2154 5183 fertur
2198 5132 2260 5181 ad
2306 5131 2443 5183 diem
2489 5145 2580 5182 xv1
2624 5128 2956 5195 Septembris
2978 5170 2992 5193 ,
3023 5134 3144 5185 item
3175 5133 3238 5184 ad
3270 5132 3410 5187 diem
3444 5151 3552 5189 xvii

1986 5200 2237 5274 Augusti;
2286 5210 2340 5251 et
2369 5198 2541 5274 pridie
2574 5201 2736 5274 etiam
2767 5200 2831 5251 de
2863 5201 3090 5274 quadam
3124 5203 3411 5268 liuplietnia
3437 5210 3553 5274 agi-

1986 5279 2088 5321 tur.
2134 5271 2225 5323 llis
2276 5273 2459 5337 posuis
2509 5270 2691 5337 quidni
2724 5284 2918 5322 nomen
2964 5272 3268 5338 Euplieinite
3299 5277 3426 5327 satis
3455 5270 3550 5326 lio-

1982 5340 2260 5392 noi'ificiiin
2281 5380 2294 5402 ,
2342 5338 2501 5392 fuerit
2536 5338 2873 5393 Chalcedone
2901 5341 3136 5407 pluribus
3167 5345 3379 5395 l‘einiuis
3405 5360 3552 5397 C0"!-

1980 5426 2173 5474 intine;
2204 5426 2267 5461 ex
2304 5410 2474 5476 iisque
2510 5412 2684 5477 plures
2716 5409 2907 5462 fuerint
2941 5412 2992 5464 in
3028 5412 3206 5465 odium
3234 5414 3552 5466 Christiana:

1980 5480 2098 5533 fidei
2130 5482 2494 5543 interempim?
3204 5498 3205 5501 η

2055 5552 2069 5598 ι
2113 5547 2375 5601 Januarii.
2420 5551 2473 5601 In
2524 5548 2723 5602 Rabani
2773 5549 3147 5619 Martyrologio
3196 5551 3292 5603 ista
3329 5553 3556 5605 tradun-

1978 5628 2099 5672 tur:
2137 5620 2314 5674 Romw
2339 5620 2388 5673 iii
2422 5620 2724 5672 casmetcrio
2754 5622 3028 5675 translatio
3051 5624 3107 5675 S.
3140 5619 3380 5675 Januarii
3408 5640 3553 5675 inur-

1978 5690 2128 5759 tyris.
