3990 6196
402 308 512 364 879

1122 314 1322 367 BED/E
1370 312 1819 369 \‘ENEHABILIS
1857 315 2009 369 OPP.
2057 314 2233 369 PARS
2274 315 2361 370 IV.
2394 351 2465 360 —
2508 319 2889 374 IIISTORICA.

3579 317 3686 374 830

1683 424 1909 481 EDITIO
1947 426 2406 484 COLONIENSIS.

410 530 561 588 pater
590 520 705 586 ejus
737 517 1059 587 Leovigildis
1101 532 1189 570 rex
1224 558 1237 578 ,
1284 519 1511 571 Arianus
1536 558 1551 583 ,
1605 520 1899 573 Gothorum
1931 521 1998 571 ob
2025 532 2073 583 Α
2107 530 2235 575 tum.
2296 522 2359 574 Et
2411 523 2460 574 in
2497 521 2764 589 Ilispaniis
2813 521 3023 573 civitate
3050 517 3453 589 Cmsaraugusta
3509 528 3681 576 natale

408 611 530 665 Iidei
561 609 834 665 catholica:
867 607 1256 663 confessionem
1284 609 1743 676 inexpugnabilem
1779 610 1983 675 videns,

409 703 461 754 in
502 715 771 754 carcerem
806 710 855 751 et
883 698 1089 751 vincula
1144 698 1373 765 coniecit
1400 738 1413 761 ,
1470 699 1553 751 ubi
1604 710 1759 752 nocte
1802 710 1982 752 sancta

406 791 694 846 Dominica:
741 788 1142 842 resurrectionis
1174 788 1326 855 jussu
1370 788 1554 856 perﬁdi
1606 789 1768 856 patris
1811 791 1981 844 securi

405 896 708 948 percussus,
738 896 955 948 regnum
984 896 1067 933 cue
1090 888 1204 932 este
1228 896 1322 946 pro
1351 889 1566 932 terreno
1589 896 1677 933 rex
1705 890 1757 933 et
1786 890 1985 949 martyr

390 973 637 1027 intravit.
672 974 723 1026 In
754 975 969 1026 civitate
1000 970 1319 1025 Chalcidona
1352 972 1524 1026 natale
1547 972 1853 1039 Euphcmize
1883 988 1984 1024 vir-

387 1062 537 1130 ginis
564 1072 618 1116 et
643 1063 909 1129 martyris.

470 1154 529 1207 F.
563 1153 723 1206 XVIII
750 1153 881 1207 KAL.
918 1152 1063 1206 MAII.
1092 1182 1159 1193 —-
1195 1153 1376 1206 Itomm
1402 1154 1481 1207 via
1513 1152 1678 1223 Appia
1710 1155 1758 1206 iu
1788 1168 1986 1206 cmme-

396 1248 533 1303 terio
562 1248 868 1302 Prtetextati
904 1247 1077 1300 natale
1109 1258 1419 1302 sanctorum
1462 1259 1751 1313 martyrum
1781 1244 1981 1299 Tibur-

396 1341 478 1407 tii,
532 1339 793 1393 Valeriani
848 1348 902 1393 et
946 1339 1177 1405 Maximi.
1234 1338 1333 1392 sub
1377 1339 1651 1392 Almachio
1701 1335 1978 1405 prefecto,

401 1447 625 1498 quorum
658 1431 811 1499 pritni
842 1431 1069 1484 fustibus
1096 1431 1221 1483 cassi
1262 1442 1313 1483 et
1365 1430 1413 1500 gl
1436 1432 1540 1482 ndio
1568 1438 1687 1481 sunt
1720 1429 1979 1495 percussi,

389 1524 616 1579 ultimus
646 1523 826 1577 tandiu
862 1523 1142 1588 plumbatis
1172 1523 1483 1577 verberatus
1512 1532 1592 1574 est
1620 1562 1633 1584 ,
1677 1523 1846 1575 donec
1875 1521 1981 1589 spi-

399 1617 558 1669 ritum
591 1615 856 1668 redderet.
906 1613 1225 1667 Interamois
1263 1613 1429 1666 sancti
1464 1612 1670 1665 Proculi
1706 1610 1976 1679 martyris.

394 1706 525 1761 Item
552 1717 751 1760 sanctae
781 1705 999 1759 Domum
1025 1705 1247 1773 virginis
1268 1746 1283 1767 ,
1336 1720 1454 1757 cum
1502 1704 1660 1757 sociis
1686 1702 1979 1771 virginibus

396 1807 685 1853 coronatur.
719 1796 1054 1851 Alexandria;
1089 1797 1228 1849 beati
1254 1795 1539 1849 Frontonis
1562 1795 1791 1857 abbatis.
1826 1794 1981 1862 cujus

2092 623 2396 666 sanctorum
2446 622 2781 683 martyrum,
2832 612 3041 672 Obtati,
3094 611 3316 678 Luperci
3346 652 3361 674 ,
3409 610 3675 677 Successi,

2092 702 2368 766 Martialis,
2401 702 2620 763 Urbani,
2655 702 2801 768 Julii,
2829 702 3163 768 Quintiliani.
3210 701 3414 763 Publii,
3446 702 3674 757 Fronto-

2090 795 2193 857 nis,
2230 792 2442 858 Felicis,
2474 792 2751 859 Ceciliatti,
2788 792 2957 855 Evoti,
3004 790 3285 853 Pritttilivi,
3313 794 3595 860 Apodemi,
3625 807 3679 847 et

2088 883 2412 952 reliquorum
2444 894 2694 953 quatuor,
2720 887 2806 952 qui
2836 898 3023 938 omnes
3052 883 3329 938 Saturnini
3363 886 3531 939 νοωιί
3554 901 3677 940 esse

2088 974 2416 1026 referuntur.
2472 973 2620 1038 Apud
2675 972 2870 1026 Italiam
2912 973 3085 1025 natale
3131 987 3436 1026 sanctorum
3471 983 3672 1044 marty-

2088 1076 2199 1113 rum
2226 1102 2240 1126 ,
2297 1063 2553 1126 Romani,
2592 1062 2908 1132 Eutychetis
2936 1074 2984 1114 et
3022 1061 3311 1127 Victorini,
3341 1076 3475 1129 quos
3505 1062 3671 1117 Aure-

2089 1150 2258 1203 lianus
2287 1167 2379 1221 per
2410 1152 2553 1205 varia
2589 1161 2851 1205 tormenta
2884 1151 3049 1205 occidi
3078 1151 3220 1203 fecit.

2162 1245 2225 1294 A.
2264 1242 2373 1295 XVI
2408 1241 2647 1297 Kauzsn.
2682 1243 2830 1309 MAII.
2865 1272 2934 1282 --
2964 1242 3113 1309 Apud
3142 1242 3454 1296 Corinthum
3485 1242 3670 1297 Calisti

2089 1345 2145 1388 et
2170 1332 2373 1399 Carifli,
2407 1351 2525 1387 cum
2556 1336 2673 1387 aliis
2703 1344 2937 1401 septem,
2979 1334 3214 1386 omnium
3245 1336 3294 1386 in
3340 1349 3490 1388 mare
3530 1350 3675 1389 mer-

2086 1442 2290 1479 surum.
2326 1425 2508 1478 Itonia:
2536 1426 2705 1478 sancti
2740 1425 2943 1479 Aniceti
2987 1440 3155 1493 papze,
3186 1426 3272 1494 qui
3314 1428 3450 1479 sedit
3475 1427 3526 1480 in
3554 1429 3669 1496 epi-

2084 1525 2303 1583 scopatu
2352 1531 2521 1569 annos
2566 1517 2843 1580 undecim,
2894 1526 2947 1571 et
2999 1520 3337 1585 temporibus
3383 1519 3569 1572 Severi
3618 1533 3673 1573 et

2081 1609 2241 1664 Marci
2272 1609 2539 1677 martyrio
2590 1622 2893 1674 coronatus,
2934 1610 3174 1679 sepultus
3212 1622 3295 1665 est
3325 1613 3375 1664 in
3410 1621 3670 1667 cremete-

2084 1697 2161 1752 rio
2185 1698 2389 1753 Calisti.
2433 1700 2529 1754 llic
2581 1702 2878 1765 constituit,
2908 1709 2964 1755 ut
2989 1701 3165 1756 clerus
3193 1717 3401 1755 comam
3435 1716 3538 1758 nan
3570 1720 3668 1757 nu-

2084 1789 2256 1853 triret,
2289 1791 2579 1843 secundum
2611 1791 2854 1860 Apostoli
2889 1802 3235 1859 praeceptum.

398 1888 503 1941 vita
542 1889 823 1941 sanctitate
842 1895 907 1940 et
934 1887 1202 1940 miraculis
1229 1888 1434 1941 exstitit
1469 1886 1695 1955 gloriosa
1722 1927 1737 1950 ,
1792 1894 1846 1940 et
1883 1886 1973 1955 qui
2010 1876 2052 1936 Β
2153 1885 2214 1940 Β.
2257 1884 2349 1938 XV
2396 1884 2634 1940 Kmeo.
2696 1886 2840 1942 Mm.
2890 1916 2959 1927 —
3005 1886 3157 1956 Apud
3202 1886 3434 1940 Africam
3488 1889 3667 1943 natale

391 1980 719 2048 septuaginta
756 1977 922 2030 ferme
950 1988 1099 2046 pater
1126 1980 1326 2031 exstitit
1354 1977 1757 2032 monachorum.

464 2073 526 2126 G.
565 2073 703 2127 XVII
748 2074 879 2128 IiAL.
915 2074 1059 2126 MAI].
1085 2103 1154 2112 —
1180 2073 1233 2125 In
1272 2072 1484 2125 civitate
1522 2071 1769 2125 Corduba
1803 2070 1978 2125 natale

1449 2163 1535 2230 qui
1567 2163 1788 2229 iubente
1822 2162 1979 2215 Decio

396 2251 626 2307 fustibus
653 2254 796 2318 (τωδὶ,
825 2264 878 2309 et
901 2254 1090 2309 deinde
1116 2254 1419 2323 plumbatis,
1446 2256 1510 2308 ad
1539 2255 1780 2309 ultimum
1803 2253 1976 2322 capita

395 2161 724 2232 Olympiadis
767 2172 821 2216 et
858 2163 1065 2216 Maximi
1098 2163 1351 2216 nobilium
1380 2205 1392 2227 ,

389 2363 575 2405 eorum
606 2350 883 2406 securibus
936 2360 1051 2405 tusa
1090 2359 1235 2415 sunt,
1284 2350 1455 2405 donec
1484 2349 1791 2403 emitterent
1816 2346 1973 2417 spiri-

2080 1977 2249 2031 sancti
2279 1977 2575 2045 Mappalici,
2610 1978 2697 2047 qui
2728 1994 2846 2031 cum
2875 1977 2992 2031 aliis
3023 1978 3265 2045 pluribus
3294 1979 3553 2047 martyrio
3578 1995 3670 2033 co—

2081 2075 2301 2119 ronatus
2349 2075 2454 2120 est.
2506 2066 2704 2120 Scribit
2751 2067 2935 2122 beatus
2984 2066 3282 2137 Cyprianus
3332 2070 3385 2122 in
3441 2071 3665 2135 epistola

2081 2160 2241 2213 multa
2273 2158 2339 2213 de
2397 2160 2509 2213 illo.
2556 2159 2707 2224 Apud
2752 2160 3090 2215 Antiochiam
3133 2162 3309 2215 natale
3357 2172 3666 2222 sanctorum

2080 2254 2221 2309 Petri
2244 2255 2448 2309 diaconi
2473 2265 2525 2308 et
2554 2254 2922 2322 Hermogenis.
2952 2254 3170 2309 Viennae
3191 2256 3365 2310 sancti
3392 2255 3666 2325 Pantagati

2090 2345 2345 2415 cpiscOpi.
2377 2346 2432 2400 In
2466 2345 2637 2401 Africa
2668 2346 2941 2400 Fortunati
2967 2355 3020 2399 et
3049 2346 3320 2399 Marciani.

1626 2460 1853 2515 EDITIO
1893 2453 2397 2513 BOLLANDIANA.

466 2554 554 2607 M.
577 2581 646 2597 -—
670 2551 830 2606 XVIII
876 2552 1008 2606 Kac.
1051 2552 1201 2605 Man.
1258 2552 1440 2605 Roma:
1471 2562 1497 2590 ι
1526 2553 1779 2615 Tiburtii,
1813 2549 1970 2604 Vale-

395 2643 535 2700 riani
567 2652 619 2696 et
652 2643 883 2707 Maximi,
918 2641 1313 2710 subAlmachio
1337 2641 1494 2695 Urbis
1519 2640 1804 2709 praefecto:
1836 2654 1972 2708 quo-

389 2749 508 2789 rum
556 2731 712 2803 primi
763 2731 993 2788 fustibus
1041 2734 1164 2787 caesi
1215 2742 1268 2787 et
1314 2732 1491 2802 gladio
1539 2743 1665 2787 sunt
1711 2736 1968 2804 percussi,

390 2827 607 2880 ultimus
642 2824 821 2879 tandiu
848 2823 1134 2893 plumbatis
1162 2826 1491 2889 verberatus,
1522 2829 1696 2879 donec
1726 2825 1969 2890 spiritum

388 2918 659 2974 redderet.

463 3032 545 3095 Β..
579 3029 877 3091 Valeriani,
909 3030 1135 3094 Qniriaci
1163 3071 1176 3091 ,
1220 3030 1417 3097 Optuti.
1474 3028 1795 3082 Interamnrc.
1826 3029 1963 3084 Pro-

388 3099 579 3224 cuni...h
614 3100 898 3153 Valentini.
974 3101 1028 3154 In
1077 3100 1400 3153 Alexandria
1446 3102 1468 3130 °
1529 3099 1809 3153 Frontoris
1856 3115 1968 3153 mo-

389 3186 488 3224 nac
531 3187 567 3224 I.

389 3188 420 3225 ll
426 3186 541 3226 30111
551 3211 567 3225 .

465 3282 553 3337 15.
602 3309 673 3322 -
721 3279 860 3334 XVII
915 3279 1048 3333 ΚΑι..
1122 3280 1176 3332 In
1229 3279 1439 3333 civitate
1483 3279 1709 3335 Cordula
1796 3280 1967 3334 natale

387 3374 410 3412 ἀ
440 3373 770 3444 Olympiadis
794 3384 847 3428 et
877 3372 1087 3427 Maximi
1121 3372 1373 3426 nobilium
1402 3389 1415 3427 :
1447 3372 1777 3442 qnijubcnte
1804 3373 1964 3428 Decio

385 3467 615 3524 fustibus
644 3465 770 3520 caesi
823 3475 877 3519 et
922 3464 1113 3519 deinde
1146 3464 1453 3530 plumbatis,
1486 3465 1553 3517 ad
1579 3464 1831 3518 ultimum
1865 3481 1961 3517 eo-

376 3570 508 3612 rum
543 3559 717 3626 capita
759 3556 1033 3612 securibus
1080 3567 1227 3608 tunsa
1261 3562 1382 3607 sunt
1406 3598 1418 3621 ,
1453 3554 1623 3609 donec
1656 3565 1961 3609 emitterent

381 3654 647 3721 spiritum.

451 3766 542 3833 13.,
577 3765 631 3819 In
665 3764 1045 3833 Mesopotamia
1075 3762 1352 3825 Archelai,
1398 3760 1684 3832 Cypriani,
1720 3766 1741 3791 θ
1771 3761 1958 3831 Dioge-

2080 2548 2162 2601 nis
2199 2561 2322 2601 cum
2370 2543 2574 2598 duobus
2625 2544 2899 2598 fratribus.
2952 2544 3005 2599 In
3042 2542 3062 2582 τ
3093 2545 3353 2613 Hispaniis
3398 2547 3657 2601 (τειιεθτυω

2078 2620 2253 2686 passio
2283 2616 2379 2669 SS.
2432 2615 2677 2679 Luberti,
2725 2616 2971 2682 Apomidi
3000 2632 3121 2671 cum
3149 2616 3358 2671 duobus
3386 2616 3659 2673 fratribus.

2170 2704 2254 2759 I6.
2275 2733 2345 2748 -—
2366 2704 2481 2759 XVI
2510 2704 2641 2758 ΚΑι..
2676 2704 2835 2757 Vacat
2868 2706 3040 2759 Ita-da.

2152 2817 2234 2880 D.,
2269 2816 2585 2890 Corinthum
2616 2817 2888 2890 Calixtiiet
2927 2817 3117 2890 carisii
3146 2835 3265 2890 cum
3296 2820 3416 2874 a'iis
3446 2830 3653 2890 Septem

2076 2887 2127 2941 in
2161 2888 2291 2939 mari
2326 2902 2643 2940 mersormn.
2681 2888 2764 2948 V.,
2816 2889 2868 2940 in
2902 2888 3099 2942 Achaia
3143 2889 3403 2943 Corintho
3432 2887 3657 2945 civitate

2076 2956 2265 3011 Calixti
2294 2998 2308 3020 ,
2341 2958 2609 3011 Leonidis.
2675 2957 2737 3009 Et
2775 2959 2950 3021 passio
2983 2969 3292 3013 sanctorum
3327 2965 3566 3014 omnium
3601 2965 3654 3014 in

2077 3028 2209 3080 mari
2242 3038 2554 3097 martyrum.
2592 3028 2674 3085 Β..
2710 3028 2764 3079 In
2796 3029 2992 3081 Achaia
3021 3028 3281 3083 Corintho
3311 3032 3526 3085 civitate
3556 3048 3623 3083 na
3650 3064 3657 3068 ι

2078 3096 2182 3165 tale
2223 3097 2318 3151 SS.
2372 3096 2579 3158 Calisti.
2624 3100 2841 3157 Carissi.
2890 3098 3159 3161 Leonidis,
3205 3100 3375 3165 Luce,
3434 3102 3654 3161 'l‘ertia-,

2073 3164 2389 3221 Christiana:
2413 3206 2428 3233 ,
2463 3168 2625 3220 Galla:
2653 3180 2703 3221 et
2738 3171 3034 3222 'I‘beodorte
3063 3187 3077 3222 :
3133 3169 3183 3222 lti
3215 3164 3401 3225 curules
3433 3174 3480 3224 iu
3516 3176 3653 3224 mari

2073 3249 2196 3289 sunt
2228 3241 2411 3291 mersi.
2471 3238 2525 3291 In
2556 3238 2864 3291 Mauritania
2903 3240 3079 3293 natale
3112 3240 3345 3295 Basiliau
3410 3243 3475 3294 Et
3498 3243 3651 3301 alibi,

2073 3309 2244 3360 natale
2272 3318 2296 3355 ιι
2331 3308 2603 3361 Mauritani
2630 3347 2644 3369 ,
2703 3308 2936 3363 Fausdni
2983 3322 3035 3362 et
3082 3309 3323 3363 Luciani.
3354 3315 3417 3363 Α.
3448 3311 3511 3364 Τ.
3559 3310 3649 3374 L.,

2067 3374 2122 3428 In
2162 3378 2353 3449 Achaia
2394 3380 2566 3442 passio
2592 3378 2647 3430 S.
2693 3376 2889 3449 Caliin
2921 3382 3193 3449 martyris.
3231 3382 3312 3444 1,.⁹
3346 3390 3401 3432 et
3444 3381 3645 3434 Fausti.

2065 3450 2128 3499 A.
2186 3448 2272 3504 T..
2312 3448 2511 3498 Fudrtn
2561 3449 2648 3500 die
2696 3448 2872 3501 natale
2912 3448 3015 3503 SS.
3068 3448 3246 3502 Fausti
3293 3460 3346 3502 et
3378 3451 3646 3504 Leonidis.

2060 3516 2122 3570 Τ.
2156 3517 2237 3583 L.,
2293 3518 2344 3570 ltt
2400 3533 2529 3585 pago
2557 3518 2948 3571 Constantiensi
2982 3519 3249 3588 deposizio
3289 3521 3346 3575 S.
3378 3519 3403 3556 ι*
3435 3520 3647 3575 Paterni

2064 3589 2294 3655 episcopi
2327 3597 2379 3641 et
2408 3590 2751 3640 confessoris.

2137 3677 2220 3729 17.
2244 3706 2303 3716 --
2338 3676 2424 3729 XV
2456 3676 2592 3730 ΚΑι.
2631 3677 2792 3730 Vaut
2824 3677 2999 3732 Bmda.

2130 3767 2218 3829 1).,
2252 3767 2397 3834 Apud
2433 3766 2661 3821 Africam
2696 3769 2752 3822 S.
2784 3767 2799 3805 ί
2830 3767 3126 3837 Mappalici.
3162 3769 3220 3822 D.
3261 3770 3318 3823 ν.
3355 3772 3416 3822 Α.
3449 3771 3510 3822 Τ.
3548 3771 3636 3833 I...

1763 3873 1963 3927 SMITII
2005 3874 2232 3931 NOTA‘I.

462 3972 489 4001 ι
523 3963 759 4016 Tiburtii.
782 3963 1052 4018 Tiburtius
1068 3973 1127 4018 et
1153 3964 1461 4016 Valerianus
1479 3963 1594 4029 eius
1613 3963 1777 4017 frater
1797 3979 1961 4027 Spon-

388 4050 584 4104 snsque
615 4033 940 4101 S.Ca2cilite,
967 4036 1035 4086 ab
1058 4036 1167 4101 ipsa
1201 4035 1407 4086 Caecilia
1442 4036 1503 4085 ad
1528 4036 1682 4086 thlem
1714 4036 1956 4088 conversi

388 4116 543 4169 sunt;
575 4119 694 4157 cum
722 4113 897 4156 autem
925 4119 954 4158 a
988 4104 1276 4159 tortoribus
1311 4106 1375 4157 ad
1406 4105 1623 4157 domum
1656 4104 1870 4157 Maximi
1906 4110 1955 4157 in

391 4175 687 4231 custodiam
734 4174 880 4229 ducti
926 4183 1139 4239 essent,
1192 4174 1396 4228 visione
1421 4176 1659 4239 angelica
1696 4174 1951 4229 Maximus

382 4247 545 4302 etiam
572 4258 862 4298 conversus
885 4285 899 4306 ,
952 4260 1137 4299 omnes
1162 4245 1262 4297 sub
1291 4247 1588 4298 Alexandro
1635 4245 1957 4310 impvratore

381 4316 522 4370 circa
554 4330 749 4367 annum
781 4314 885 4367 29.9
914 4317 1229 4384 martyrium
1256 4318 1548 4367 soluerunt.
1605 4316 1805 4381 Sepulti
1835 4325 1957 4366 sunt

379 4388 461 4441 via
515 4385 684 4450 Appia
739 4384 789 4437 in
848 4388 1157 4439 cmmeterio
1219 4384 1540 4436 I’rretextati.
1602 4384 1745 4449 Atto,
1802 4385 1952 4437 [tarda

376 4460 544 4526 \ulg.,
581 4452 859 4526 Notkerns.

454 4522 491 4564 δ’
519 4526 789 4579 tutemini.
839 4522 1034 4576 For-an
1068 4522 1152 4575 hic
1181 4533 1261 4575 est
1294 4522 1712 4575 Interamnensis
1744 4522 1949 4591 episco-

378 4612 480 4668 pus
510 4597 576 4668 de
602 4610 705 4662 quo
738 4594 909 4668 agitur
942 4608 1023 4668 xiv
1054 4592 1213 4668 Fibra

456 4677 478 4705 ε
514 4661 805 4718 ιθίοόιιιοτὶέ.
845 4664 1057 4716 Rectius
1087 4662 1397 4727 Frontoris,
1433 4661 1678 4715 monachi
1706 4664 1793 4731 qui
1826 4664 1953 4716 vixit

378 4739 432 4792 in
461 4751 644 4791 eremo
690 4733 978 4797 Νἰιῐίειιεὶ,
1027 4744 1079 4787 et
1128 4733 1195 4785 7U
1226 4738 1515 4785 ιιιθιιίιιτιιυε
1545 4747 1726 4785 secum
1759 4736 1808 4784 itt
1837 4750 1951 4787 ere-

378 4823 522 4861 rnum
554 4804 807 4859 abduxit.
841 4805 1005 4871 chas
1052 4804 1101 4856 in
1129 4802 1362 4857 No-kero
1385 4813 1435 4853 et
1462 4802 1697 4865 Rabano,
1734 4819 1952 4865 quomo-

379 4882 447 4931 do
496 4877 683 4930 cameli
743 4889 769 4926 a
823 4875 984 4927 divite
1018 4876 1421 4941 matrefamilias
1467 4873 1615 4940 jussu
1660 4875 1838 4926 divino
1887 4875 1950 4926 ad

380 4946 700 5000 Frontonem
749 4944 895 4998 missi
948 4945 1061 4996 sine
1110 4946 1244 4997 dure
1286 4954 1433 4997 recto
1466 4946 1655 4996 itinere
1692 4954 1953 4997 venerunt

378 5017 443 5070 ad
496 5022 803 5068 sanctorum
849 5014 1193 5069 esurientium
1241 5015 1451 5067 celltm.
1523 5014 1631 5065 Suh
1683 5013 1953 5067 Antonino

378 5088 702 5151 imperatore
734 5086 879 5148 vixit,
914 5084 1005 5139 sed
1034 5099 1139 5151 quo
1174 5084 1442 5136 Antonino
1473 5082 1733 5136 incertum
1759 5094 1861 5137 cst.

508 5155 851 5224 Olympiadis.
885 5154 1142 5223 Martyres
1167 5155 1216 5206 hi
1245 5164 1522 5220 postquam
1541 5152 1781 5207 defuncti
1808 5164 1949 5217 sunt,

376 5226 598 5280 canibus
627 5224 816 5277 edendi
860 5224 1311 5290 relinquebantur.
1365 5224 1539 5275 Canes
1589 5238 1714 5275 vero
1763 5240 1965 5277 eorum-

378 5309 601 5365 corpora
634 5308 759 5365 ﬁtton
806 5295 1170 5365 contingebant
1200 5335 1210 5353 ,
1268 5295 1362 5348 sed
1395 5306 1509 5360 post
1539 5295 1775 5361 quintum
1811 5299 1948 5347 diem

382 5364 597 5433 quidam
623 5364 907 5419 Christiani
935 5364 1259 5431 collegerunt
1285 5380 1509 5432 eoi-pota
1542 5376 1593 5416 et
1627 5364 1950 5428 sepelierunt

383 5435 437 5490 in
474 5437 633 5491 domo
680 5448 772 5488 sua
822 5434 1131 5504 duodecimo
1184 5433 1302 5489 Kal.
1350 5434 1563 5503 Aprilis.
1635 5438 1764 5486 Acta
1810 5436 1948 5504 apud

379 5506 713 5561 Bollandnm.
746 5503 1062 5573 Martyrizati
1086 5514 1209 5556 sunt
1239 5506 1289 5556 hi
1324 5521 1467 5557 anno
1489 5506 1614 5558 ﬂiil.

451 5586 474 5613 °
508 5575 769 5646 Diagenis.
802 5574 902 5640 Qui
943 5575 1196 5626 diaconus
1240 5587 1452 5628 vocatur
1484 5575 1534 5627 in
1577 5576 1951 5645 Martyrologio

378 5643 807 5714 Hieronyiniano.

453 5712 469 5752 ί
508 5712 789 5781 llisptwiis.
850 5713 1072 5768 Civttate
1121 5713 1519 5785 Ca-s:trattgtIS'tt
1554 5757 1566 5781 ,
1623 5715 1847 5784 Luperci
1897 5725 1948 5770 ct

2068 3965 2321 4028 Apodemi
2348 4007 2362 4029 ,
2401 3968 2487 4037 qui
2514 3969 2615 4021 sub
2648 3968 2878 4021 Daciano
2908 3971 3133 4037 praeside
3158 3971 3209 4026 in
3239 3973 3393 4025 clade
3426 3974 3604 4029 Diocle

2067 4037 2239 4111 tiariea
2270 4054 2391 4090 cum
2424 4040 2691 4091 sexdecim
2730 4041 2848 4093 aliis
2875 4041 3174 4111 interempti
3199 4056 3339 4097 sunt.
3370 4044 3648 4101 Usnardns

2061 4118 2112 4158 et
2145 4109 2398 4159 Barouius
2428 4122 2522 4162 eus
2548 4112 2729 4161 colunt
2756 4114 3035 4176 postridie.

2137 4177 2495 4251 qurtritaui.
2547 4180 2718 4251 Aliter
2765 4181 3012 4234 Marciani
3043 4227 3055 4247 ,
3104 4184 3340 4251 quicum
3383 4185 3643 4241 Faustino

2062 4261 2109 4300 et
2138 4249 2369 4300 Lttciano
2416 4250 2554 4314 passi
2605 4257 2729 4301 sunt
2776 4266 2894 4302 eum
2949 4253 3067 4306 aliis
3096 4249 3147 4305 iit
3181 4254 3351 4309 Ponto
3380 4258 3521 4311 Asiae
3551 4276 3639 4312 re—

2060 4320 2235 4387 gione.
2269 4320 2323 4370 S.
2361 4318 2663 4387 Hieronymi
2690 4318 2959 4384 Martyrol.

2133 4386 2159 4423 ¹ι
2197 4388 2428 4440 Paterm'.
2480 4386 2577 4453 Qui
2628 4392 2920 4462 monachus
2968 4393 3134 4445 factus
3186 4404 3267 4447 est
3306 4395 3356 4448 in
3386 4398 3636 4462 pueritia,

2065 4469 2342 4523 provectus
2376 4469 2701 4531 tamencum
2752 4460 2807 4512 S.
2842 4463 3146 4515 Scnhilione
3194 4466 3243 4516 in
3278 4460 3463 4531 pagum
3495 4460 3638 4521 Con;

2058 4531 2405 4580 statttiettsrttt
2460 4530 2727 4593 profectus
2753 4541 2830 4582 est
2856 4570 2869 4590 .
2918 4543 2971 4585 et
3004 4534 3232 4587 Se-ciaci
3259 4530 3438 4588 docuit
3465 4537 3638 4591 idolo-

2059 4599 2219 4673 latras
2252 4602 2406 4673 tidem
2432 4599 2650 4673 Christi.
2681 4600 2890 4673 Dehinc
2921 4618 2947 4654 a
2978 4603 3033 4655 S.
3064 4601 3356 4673 Leontiano
3384 4608 3638 4673 episcoim

2055 4669 2486 4732 Constantiensi,
2538 4671 2625 4737 qui
2672 4672 2848 4722 tlnrtttt
2898 4676 3034 4725 circa
3080 4687 3169 4723 an.
3199 4672 3325 4735 510,
3358 4669 3634 4730 orilinatits

2055 4751 2135 4808 cst
2166 4738 2418 4790 dat-onus
2446 4750 2499 4791 et
2541 4740 2817 4808 presbyter
2846 4759 2855 4791 :
2890 4754 2935 4793 et
2968 4758 3059 4808 per
3099 4746 3338 4797 civitates
3376 4748 3608 4800 Constan

2058 4807 2205 4869 tiatn,
2260 4809 2495 4869 Itaiocas,
2543 4807 2935 4873 Cettoinannm,
2971 4807 3270 4880 Abrincas,
3323 4816 3631 4877 Iiltrdones,

2058 4881 2218 4929 multa
2270 4880 2507 4929 fundavit
2556 4884 2902 4933 monasteria.
2962 4882 3413 4950 Septuagenarius
3454 4896 3630 4939 autem

2061 4950 2109 4998 in
2147 4951 2548 5020 Abrinrense_tu
2583 4950 2887 5016 cpisc0pum
2944 4960 3025 5004 est
3074 4966 3396 5020 assumptus.
3441 4958 3633 5010 Habuit

2059 5020 2401 5069 decessore")
2433 5018 2702 5085 [Egidium
2726 5060 2740 5080 ,
2771 5023 2859 5088 qui
2902 5037 3042 5073 anno
3064 5020 3165 5075 δι’]
3196 5018 3422 5078 concilio
3454 5029 3628 5080 Aure-

2060 5089 2281 5140 lianensi
2332 5088 2684 5155 subscripsit,
2735 5091 2817 5143 cui
2869 5092 3076 5146 videtur
3124 5098 3450 5149 successisse
3490 5098 3629 5148 Cirta

2053 5173 2248 5210 annum
2276 5157 2379 5211 55‘2
2400 5199 2413 5220 ,
2462 5173 2525 5211 ac
2554 5160 2675 5211 dein
2703 5162 2841 5213 circa
2867 5178 3060 5213 annum
3095 5164 3199 5217 556
3228 5165 3452 5218 concilio
3488 5166 3630 5218 Pari~

2053 5228 2214 5280 siensi
2265 5231 2426 5300 tertio,
2450 5230 2752 5282 interfuisse
2774 5271 2787 5291 ,
2841 5232 3159 5300 tandemque
3188 5250 3328 5285 anno
3361 5235 3463 5286 363
3487 5237 3629 5289 diem

2053 5310 2353 5351 extremum
2379 5298 2576 5369 obiisse
2602 5302 2651 5351 in
2674 5300 2940 5364 Sesciaca,
2976 5298 3332 5369 ubi‘sepultns
3365 5316 3464 5359 est.
3501 5311 3629 5358 Acts

2055 5370 2190 5432 apud
2224 5367 2463 5421 Iioliand.

2183 5437 2480 5514 Mappalici.
2537 5439 2751 5514 Demquo
2806 5439 3099 5514 Cyprianus
3130 5444 3327 5514 scribit
3359 5445 3409 5497 in
3440 5446 3625 5514 epist.,

2054 5523 2107 5574 p.
2135 5508 2193 5559 2i
2223 5510 2351 5561 cdit.
2398 5508 2568 5561 Oxon.
2610 5509 2794 5563 Petrus
2843 5514 2909 5562 de
2953 5509 3225 5566 Natalibus
3256 5517 3444 5567 horum
3475 5508 3628 5569 inar-

2053 5579 2246 5646 tyrium
2276 5580 2464 5651 asserit
2492 5590 2762 5645 peractum
2788 5581 2838 5631 in
2864 5580 3081 5651 civitate
3107 5582 3439 5651 TagaSIensi.
3465 5585 3626 5638 Tern-

2053 5648 2449 5721 pus__tnartyrii_
2488 5651 2736 5721 statuitur
2784 5664 2812 5700 a
2869 5649 3096 5721 Baronio
3144 5648 3205 5704 inv
3244 5656 3627 5721 persecutione

2054 5716 2219 5780 Decii,
2256 5729 2373 5785 post
2404 5718 2516 5785 ejus
2547 5720 2748 5771 caedem
2776 5719 3102 5773 continuata.
