3940 6188
325 297 432 353 $85

1435 301 1629 359 SECT.
1673 302 1736 357 ll.
1777 332 1846 343 —-
1889 299 2455 356 MARTYROLOGIA.

3492 294 3592 346 886

1578 390 1811 446 EDITIO
1847 390 2319 447 COLUNIENSIS.

322 486 443 549 teri,
473 483 686 547 Felicis,
708 483 885 550 Silini,
911 483 1225 553 Vitalts,qui
1250 483 1301 537 in
1324 498 1543 539 carcere
1564 488 1903 553 quieverunt.
1938 493 1987 547 Α
2014 484 2233 549 nacbis;
2262 485 2421 539 etiam
2453 498 2570 537 cum
2599 484 2821 539 sacratis
2844 482 3136 552 virginibus
3171 481 3430 548 plurimis,
3456 492 3596 536 tuter

322 574 378 627 in
410 573 536 628 Asia
565 576 739 629 natale
773 574 1040 628 Maximini
1079 577 1352 645 martyris,
1386 576 1474 643 qui
1502 586 1739 646 tempore
1770 577 1913 631 Decii

327 675 451 735 post
480 666 584 718 alia
617 677 880 718 tormenta
910 666 1171 734 lapidibus
1196 681 1482 734 oppressus
1512 678 1615 721 est.

394 755 460 812 (ἓ.
494 756 537 809 Χ
572 754 707 809 ΚΜ..
740 759 883 809 Man.
913 784 982 797 —
1013 755 1196 810 Roma
1229 756 1305 809 via
1337 757 1502 825 Appia
1530 758 1581 810 in
1606 760 1916 813 cmnteterio

322 848 507 903 Calisti
538 848 651 903 Gaii
685 864 852 916 papas.
880 849 974 902 llic
1004 849 1279 904 constituit
1307 860 1362 903 ut
1390 864 1483 918 per
1510 866 1696 904 omnes
1722 852 1916 918 gradus

324 940 554 1009 primum
586 938 918 1005 ascenderet,
946 938 989 992 si
1012 940 1130 1008 quis
1150 940 1432 1009 episcopus
1457 937 1567 993 ﬁeri
1598 952 1912 1007 mereretur,

325 1041 382 1083 ut
404 1040 548 1085 esset
574 1031 849 1095 ostiarius,
873 1030 1059 1092 lector,
1085 1031 1372 1096 exorcista,
1397 1030 1772 1096 subdiaconus,
1803 1031 1917 1084 dia-

322 1134 515 1190 conus,
540 1123 834 1192 presbyter.
861 1120 959 1186 Qui
984 1136 1104 1175 cum
1126 1119 1420 1175 Ecclesium
1452 1122 1696 1176 undecim
1723 1138 1913 1185 annos,

325 1224 541 1264 menses
572 1220 821 1276 quatuor,
874 1211 992 1265 dies
1030 1209 1312 1265 duodecim
1354 1214 1607 1277 TCXisSBI,
1661 1213 1919 1284 martyrio

322 1311 613 1355 coronatus
642 1312 724 1354 est
754 1303 851 1355 sub
894 1301 1219 1357 Diocletiano
1251 1302 1508 1370 principe,
1541 1319 1659 1359 cum
1689 1304 1918 1360 Gabinio

325 1392 496 1447 fratre
543 1404 597 1446 et
636 1394 974 1464 presbytero.
1023 1394 1233 1462 Agapiti
1282 1395 1593 1463 pontiﬁcis,
1644 1396 1731 1464 qui
1781 1396 1921 1450 sedit

325 1485 511 1539 lloma:
546 1499 758 1541 menses
791 1486 1056 1541 undecim.
1102 1485 1199 1540 llic
1234 1486 1507 1556 ingressus
1536 1486 1920 1543 ConStantino-

328 1576 491 1641 polim
524 1575 587 1628 ad
621 1574 975 1629 Iustinianum
1018 1577 1421 1644 imperatorem,
1456 1580 1759 1632 Antemium
1808 1579 1918 1646 epi-

327 1677 550 1730 sCopum
580 1664 1229 1731 Constantiuopolitanum
1249 1705 1265 1730 ,
1314 1667 1402 1734 qui
1446 1658 1599 1719 duas'
1620 1678 1835 1720 naturas
1866 1668 1916 1719 in

328 1754 548 1808 Gbristo
578 1754 823 1823 negabat,
858 1754 1106 1822 deposu:t
1132 1794 1145 1817 ,
1191 1763 1245 1809 et
1289 1754 1339 1808 in
1369 1754 1485 1824 ejus
1516 1755 1632 1809 loco
1672 1756 1915 1810 Menuam

2021 592 2151 645 quas
2178 579 2338 629 etiam
2369 586 2421 630 et
2449 591 2687 630 sororem
2719 576 2888 630 sancti
2918 575 3155 645 episcopi
3188 574 3479 641 Simeonis,
3511 590 3606 629 no-

2023 674 2164 725 mine
2195 670 2431 732 Tarbud,
2468 686 2587 724 cum
2622 671 2907 739 pedisequa
2941 684 3035 724 sua
3076 669 3344 736 stipitibus
3374 667 3597 736 alligan-

2024 772 2123 826 tes,
2155 760 2400 830 ferraque
2431 762 2717 827 lindentcs,
2759 762 3131 815 crudelissime
3161 768 3508 814 necaverunt.
3546 759 3599 813 lu

2020 849 2264 904 Corduba
2287 851 2499 905 civitate
2524 851 2697 905 natale
2724 850 3007 915 Parmeuii,
3031 850 3341 911 llelimeuas,
3362 859 3414 902 ct
3435 849 3608 918 Chry-

2020 942 2162 994 soliti
2197 942 2650 1011 presbyterorum,
2680 951 2734 995 et
2772 939 2929 994 Lucae
2975 950 3027 993 et
3054 940 3205 992 Μηιῆ
3252 941 3599 993 diaconorum

2025 1032 2092 1085 de
2119 1032 2430 1100 Babylonia,
2484 1047 2710 1100 quorum
2742 1032 2946 1100 primus
2987 1032 3207 1098 pra‘cisa
3236 1031 3395 1084 etiam
3426 1031 3599 1099 lingua

2024 1122 2359 1192 loquebatur.
2407 1125 2605 1176 Omnes
2647 1122 2817 1188 primo
2862 1123 2914 1175 in
2953 1121 3176 1189 cquuleo
3215 1122 3499 1189 suspensi,
3549 1132 3602 1174 et
3668 1128 3671 1129 '

2024 1216 2247 1269 nexibus
2276 1214 2541 1268 attractati
2570 1223 2714 1278 sunt,
2744 1212 2867 1267 dein
2894 1213 3105 1266 laminis
3127 1213 3437 1268 ardentibus
3458 1215 3598 1269 circa

2024 1308 2187 1362 latera
2222 1307 2479 1375 appositis
2508 1304 2721 1358 ustulati
2744 1346 2758 1369 ,
2792 1312 2847 1357 et
2885 1304 3091 1372 ungulis
3123 1306 3357 1371 lacerati,
3386 1304 3451 1359 ad
3482 1305 3602 1359 ulti-

2025 1414 2169 1451 mum
2219 1398 2397 1466 gladio
2450 1396 2693 1451 trucidati
2750 1404 2913 1459 sunt,
2962 1404 3224 1464 praesente
3266 1405 3605 1463 persecutore

2027 1487 2207 1544 Decio.
2240 1486 2477 1557 Lugduni
2508 1486 2695 1541 Gallia:
2735 1486 2906 1539 sancti
2935 1484 3178 1554 Epipodii
3207 1486 3475 1556 martyris,
3506 1485 3606 1538 sub

2025 1581 2291 1635 Antonino
2346 1580 2500 1632 Vero.
2558 1577 2775 1632 Viennae
2824 1578 2993 1631 sancti
3042 1576 3235 1631 Juliani
3278 1575 3516 1646 episcopi
3553 1586 3607 1630 et

2023 1672 2365 1727 confessoris.

2096 1769 2159 1820 A.
2192 1764 2258 1818 IX
2288 1764 2527 1818 KALEND.
2559 1763 2703 1817 Mitti.
2730 1791 2796 1802 -—
2823 1760 3007 1816 Natale
3034 1762 3201 1815 sancti
3231 1760 3443 1830 Georgii
3467 1774 3607 1814 mar-

326 1846 660 1901 Gatbolicmn
706 1848 1060 1901 consecravit.
1114 1846 1263 1915 Apud
1306 1846 1579 1900 Persidem
1610 1856 1912 1901 sanctorum
1952 1843 1994 1900 Β
2025 1856 2177 1927 typis,
2209 1857 2296 1923 qui
2329 1856 2427 1909 sub
2460 1854 2705 1919 Datiano,
2731 1868 2857 1922 rege
2899 1853 3179 1907 Persarum
3212 1850 3605 1919 potentissimo,

329 1948 625 2006 martyrum
680 1936 1071 2006 plurimorum,
1120 1936 1209 2004 qui
1264 1934 1487 2004 jubente
1540 1936 1741 2003 Sapore
1793 1953 1917 2006 rege

331 2044 510 2082 annuo
540 2028 626 2083 die
652 2071 667 2096 ,
719 2042 827 2098 quo
860 2026 1122 2097 passionis
1163 2026 1452 2080 Dominicte
1483 2029 1738 2081 memoria
1771 2030 1915 2083 cele-

327 2122 558 2184 bratur,
605 2133 703 2188 per
745 2127 909 2172 totam
950 2116 1185 2171 Persidis
1230 2118 1499 2185 regionem
1549 2122 1699 2183 lenti,
1730 2134 1791 2172 ac
1824 2134 1916 2187 pro

325 2208 522 2263 Christi
557 2208 773 2263 nomine
804 2208 978 2277 gladio
1004 2207 1229 2277 jugulati
1260 2219 1401 2261 sunt.
1430 2208 1485 2263 In
1514 2225 1619 2278 quo
1653 2209 1771 2266 ﬁdei
1802 2227 1915 2266 cer—

321 2301 527 2355 tamine
562 2315 751 2369 passus
788 2312 871 2353 est
917 2299 1155 2353 Milesius
1181 2300 1462 2368 episcopus
1484 2339 1500 2364 ,
1550 2302 1830 2356 sanctitate
1861 2314 1916 2357 et

324 2390 707 2444 miraculorum
749 2388 914 2460 gloria
964 2388 1212 2456 insignis.
1260 2391 1604 2458 Accepsitnas
1634 2392 1915 2460 episcopus

322 2496 446 2535 cum
479 2483 791 2551 presbytero
822 2494 921 2534 suo
945 2480 1142 2533 Jaeubo
1167 2496 1181 2544 ;
1215 2489 1269 2533 et
1290 2479 1515 2546 Mareas,
1540 2491 1594 2535 et
1624 2481 1779 2536 Bicor
1805 2484 1918 2552 epi-

326 2572 479 2641 scopi
510 2586 631 2626 cum
662 2571 872 2627 clericis
894 2571 1004 2625 fere
1031 2568 1292 2636 ducentis,
1316 2578 1369 2624 et
1395 2572 1776 2643 quinquaginta
1800 2590 1916 2629 mo-

2026 1949 2113 2018 qtti
2140 1946 2512 2001 dominabatur
2538 1960 2698 2014 Super
2727 1946 3060 2014 septuaginta
3092 1959 3264 2012 reges,
3300 1943 3477 1998 multis
3508 1944 3605 1996 uti-

2026 2037 2221 2092 raculis
2251 2036 2465 2100 claruit,
2501 2036 2865 2105 plurimosque
2892 2034 3155 2088 convertit
3175 2035 3240 2087 ad
3271 2034 3427 2087 tidem
3454 2032 3606 2087 Chri-

2024 2130 2114 2195 sti,
2146 2129 2301 2183 simul
2332 2137 2385 2182 et
2415 2126 2791 2182 Alexandriam
2824 2141 3041 2179 uxorein
3078 2127 3243 2194 ipsius
3277 2126 3479 2179 Datiaui
3512 2140 3603 2182 us-

2024 2239 2126 2291 que
2151 2221 2217 2275 ad
2262 2221 2573 2291 martyrium
2615 2218 2974 2274 coul‘ortavit:
3008 2220 3123 2289 ipse
3156 2236 3282 2273 vero
3313 2219 3601 2274 uovi~sime

2023 2310 2317 2364 decollatus
2348 2310 2655 2381 martyrium
2707 2308 2968 2376 explevit,
3020 2311 3261 2377 quamvis
3306 2320 3453 2377 gesta
3485 2324 3601 2376 pas-

2019 2400 2185 2455 sionis
2236 2400 2351 2468 ejus
2392 2399 2532 2453 inter
2568 2401 2901 2468 apocrypbas
2957 2411 3409 2454 conmunereutur
3464 2403 3599 2453 scri-

2024 2502 2229 2560 pturas.
2260 2491 2312 2544 lu
2341 2488 2528 2545 Galliis
2558 2489 2773 2543 civitate
2817 2488 3054 2543 Valentia
3086 2496 3261 2544 uata'e
3296 2500 3597 2545 sanctorum

2028 2579 2220 2633 Felicis
2242 2581 2558 2650 presbyteri,
2593 2578 2864 2635 Fortunati
2896 2589 2947 2634 et
2973 2581 3196 2634 Achillei
3231 2583 3598 2649 diaconorutn,

1577 2667 1802 2722 EDI'HO
1845 2671 2345 2731 BULLANDIANA.

390 2756 485 2812 22.
510 2786 577 2796 —
607 2756 649 2810 Χ
690 2755 823 2810 ΚΑΙ..
867 2755 1053 2811 Romae
1093 2757 1357 2826 depositio
1398 2758 1457 2813 S.
1499 2765 1527 2793 λ
1562 2759 1678 2814 Gaii
1722 2777 1904 2830 papm:

315 2849 409 2915 qui
454 2864 579 2903 cum
630 2849 921 2903 Ecclesiam
962 2848 1240 2904 duodecim
1281 2850 1370 2922 [A.
1413 2850 1475 2906 T.
1510 2850 1595 2916 L.,
1642 2852 1909 2925 undecim]

278 2930 514 3005 'annos,
561 2936 586 2974 δ
632 2954 843 2994 menses
879 2950 1125 3009 quatuor,
1171 2941 1285 2994 dies
1331 2940 1609 2997 duodecim
1656 2947 1906 3013 rexisset,

320 3031 583 3102 martyrio
648 3042 934 3085 coronatur
973 3033 1070 3086 sub
1123 3032 1450 3087 Diocletiano
1497 3034 1737 3105 principe
1789 3053 1908 3092 cum

320 3125 550 3181 Gabinio
579 3123 763 3179 fratre.
791 3125 993 3179 Eodem
1038 3124 1125 3179 die
1156 3126 1208 3179 in
1234 3124 1461 3180 Cordula
1495 3128 1713 3185 civitate
1754 3142 1907 3183 uata-

317 3222 387 3275 lis
430 3233 450 3259 ε
497 3218 780 3282 l’armenii,
822 3218 1059 3289 llelymae
1100 3227 1155 3273 et
1192 3218 1491 3290 Cbrysoteli
1538 3221 1911 3293 presbyteri“,

316 3330 373 3372 et
399 3317 527 3372 Luci
547 3326 600 3370 et
622 3316 670 3369 Μ
678 3330 785 3369 usa:
806 3315 1146 3368 diaconormn
1167 3313 1457 3384 (Hactenus
1480 3316 1591 3384 A.),
1609 3316 1675 3369 de
1692 3316 1915 3386 Babylo-

321 3412 432 3470 nia,
461 3424 689 3475 quorum
717 3410 934 3475 praecisa
956 3407 1115 3459 etiam
1148 3406 1322 3474 lingua
1353 3406 1685 3475 loquebatur.
1717 3406 1915 3462 Omnes

319 3504 376 3555 in
393 3502 620 3572 equuleo
643 3498 886 3567 suspensi
915 3506 967 3550 et
995 3497 1215 3551 nexibus
1237 3497 1423 3551 arctati
1448 3509 1590 3563 sunt,
1617 3496 1810 3551 deinde
1840 3498 1913 3551 la-

324 3593 486 3647 minis
525 3590 839 3644 ardentibus
866 3589 1065 3642 circum
1113 3589 1275 3641 latera
1306 3587 1560 3655 appositis
1590 3587 1834 3650 ustulati,
1861 3601 1915 3642 ct

324 3681 536 3754 ungulis
578 3680 789 3734 lacerati
829 3680 934 3731 :ad
977 3679 1218 3732 ultimum
1262 3678 1441 3747 gladio
1491 3678 1714 3732 truncati
1767 3689 1909 3746 sunt,

326 3784 591 3838 praesente
623 3781 965 3840 persecutore
996 3771 1175 3825 Decio.
1200 3770 1485 3843 (Hactenus
1529 3770 1619 3841 T.)
1646 3771 1912 3841 Scriptum

325 3869 379 3921 in
403 3867 650 3937 passione
683 3864 737 3919 S.
766 3864 1054 3917 Laurentii.

398 3959 488 4025 L.,
517 3957 581 4011 Et
602 3957 659 4012 S.
682 3957 704 3984 °
730 3955 973 4024 Eutropii
999 3955 1266 4022 martyris.

2088 2767 2176 2821 r25.
2202 2799 2271 2807 —
2293 2768 2360 2823 ΙΧ
2383 2767 2517 2823 ΚΑΙ..
2544 2767 2726 2823 Natale
2764 2767 2822 2824 S.
2858 2767 2876 2805 ί
2909 2767 3117 2838 Georgii
3144 2770 3413 2839 martyris.

2091 2860 2278 2915 Florus
2321 2861 2373 2915 in
2398 2863 2463 2915 A.
2486 2861 2550 2916 Τ.
2574 2860 2662 2928 L.,
2689 2861 2754 2915 Et
2778 2862 2827 2915 in
2852 2860 3083 2932 Egypto
3111 2862 3288 2931 passio
3331 2860 3430 2916 SS.
3455 2869 3480 2907 ε
3510 2859 3594 2914 Vi-

2020 2952 2181 3005 ctoris
2224 2960 2279 3007 et
2315 2952 2541 3007 Coronae
2585 2953 2686 3008 sub
2725 2953 2966 3023 principe
3008 2955 3278 3008 Antonino
3321 2971 3334 3006 :
3376 2969 3598 3023 quorum

2024 3042 2200 3097 Victor
2226 3052 2344 3111 post
2365 3043 2695 3098 evolsionem
2724 3059 3031 3107 nervorum,
3059 3053 3115 3098 et
3137 3045 3388 3099 lerventis
3417 3046 3519 3099 olei
3547 3051 3598 3099 in

2021 3134 2138 3201 ejus
2172 3134 2435 3203 pndilibus
2470 3116 2724 3189 membris
2763 3135 3100 3203 elisionem,
3132 3145 3186 3190 et
3218 3146 3335 3205 post
3370 3137 3599 3192 eructio-

2021 3244 2146 3281 nent
2198 3226 2496 3291 oculorum,
2540 3242 2832 3297 suSpensus
2870 3230 3142 3293 deorsum,
3183 3231 3485 3285 decoriatus
3520 3240 3601 3286 est

2019 3334 2180 3390 atque
2227 3322 2305 3375 sic
2346 3324 2657 3377 decollatus.
2719 3324 2929 3379 Corona
2970 3339 3097 3378 vero
3140 3324 3353 3395 alligata
3397 3325 3601 3378 duabus

2020 3416 2298 3469 arboribus
2328 3415 2494 3469 divisa
2523 3426 2622 3469 est.

2094 3506 2155 3558 V.
2202 3506 2286 3564 Β..
2316 3507 2495 3559 [toruae
2542 3507 2783 3560 Nalmris.
2832 3507 2917 3572 V.,
2946 3507 3147 3573 Vitalis,
3192 3504 3217 3543 ιι
3262 3507 3473 3563 Felicis.
3510 3509 3598 3573 L.,

2022 3576 2201 3630 Passio
2237 3576 2330 3631 SS.
2383 3577 2593 3639 Felicis,
2630 3577 2899 3630 Fortunati
2940 3587 2992 3629 et
3021 3578 3267 3632 Achillei.
3298 3578 3388 3642 'l'.,
3416 3578 3601 3633 Natale

2021 3647 2116 3702 SS.
2145 3646 2336 3700 Felicis
2384 3649 2700 3716 presbyteri,
2754 3646 3028 3699 Fortunati
3078 3660 3129 3699 et
3161 3648 3386 3702 Achillei
3440 3659 3495 3703 et
3536 3650 3598 3705 S.

2025 3717 2245 3771 Naboris
2291 3719 2558 3785 martyris.
2614 3727 2710 3787 ᾼη
2741 3717 2923 3770 Natale
2972 3720 3029 3771 S.
3083 3716 3326 3773 Naburis.
3370 3720 3487 3787 Ipso
3515 3722 3602 3773 die

2024 3790 2079 3841 S.
2122 3787 2133 3824 ί
2175 3788 2353 3853 lleguti
2404 3786 2635 3854 episcotii
2684 3798 2738 3841 et
2786 3787 3128 3843 εοιιιὶεδςοτὶδ.
3176 3790 3259 3852 Β..
3314 3791 3368 3844 In
3422 3791 3596 3846 Africa

2026 3859 2125 3984 gs.
2172 3858 2425 3940 Gatulini,
2477 3857 2701 3923 Felicis,
2744 3857 3037 3923 Theodori,
3096 3858 3332 3926 Vcttusti,
3388 3862 3594 3927 Vitalis,

2070 3939 2281 3984 austtttt.

2070 3932 2281 3984 austitti.

1722 4047 1928 4104 Sill'l‘ll
1972 4043 2203 4102 ΝΟΤίΕ.

402 4155 425 4182 ι
459 4142 596 4197 Guii.
630 4141 726 4207 Qui
756 4141 912 4195 etiam
943 4155 1098 4207 supra
1131 4140 1431 4196 celebratur
1462 4156 1525 4194 xx
1556 4139 1642 4194 die
1673 4139 1903 4193 Februa-

328 4215 391 4271 rii
428 4232 440 4267 :
472 4222 527 4267 et
556 4214 642 4281 qui
685 4214 751 4262 ab
779 4226 916 4263 anno
941 4209 1047 4264 235
1077 4212 1140 4264 ad
1171 4228 1363 4263 anuunt
1402 4209 1506 4263 29d
1540 4211 1719 4264 Itonia:
1745 4211 1901 4263 sedit.

402 4287 428 4323 ιι
460 4283 661 4335 Menses
690 4292 930 4347 quatuor,
961 4282 1069 4333 dies
1093 4284 1325 4334 undecim
1344 4282 1537 4334 desunt
1568 4282 1617 4333 irt
1650 4284 1738 4348 A.,
1769 4281 1830 4333 'l‘.

404 4366 426 4393 ε
463 4353 747 4406 Parmenii.
775 4352 1019 4405 Cordula:
1040 4351 1189 4419 juxta
1220 4351 1539 4420 Babylonem
1576 4369 1586 4402 :
1617 4348 1777 4404 fuisse
1810 4354 1908 4404 bos

332 4436 593 4493 martyres
648 4425 915 4489 Babylone
959 4426 1058 4475 sub
1088 4422 1734 4493 Polyclirouioiepiscopo
1761 4437 1896 4485 pres-

332 4490 551 4566 byteros
579 4502 643 4566 rt
689 4494 963 4566 diaconos,
996 4503 1110 4544 acta
1155 4490 1413 4559 passionis
1440 4492 1494 4566 ξ.
1524 4493 1787 4566 Laurentii
1821 4508 1903 4543 Ill-

338 4560 538 4623 dicant.
576 4564 957 4634 l’olycltronius
986 4566 1418 4634 celebraturxvtt
1452 4560 1743 4615 Februarii.

400 4640 425 4672 ιί
461 4641 554 4698 Α.,
586 4633 1005 4703 presbyterorum,
1039 4634 1239 4685 omisso
1268 4633 1568 4702 Chysotelo.

406 4719 430 4744 ο
469 4701 891 4773 Ειιινορὶὶξριιίς
928 4706 999 4757 sit
1037 4720 1138 4756 non
1183 4701 1366 4772 liquet,
1412 4704 1511 4754 nisi
1555 4704 1623 4754 sit
1654 4704 1695 4753 is
1724 4701 1812 4768 qtti
1855 4703 1904 4753 in

330 4778 727 4846 Martyrologiis
787 4774 980 4846 dicitur
1039 4790 1067 4824 a
1120 4775 1175 4826 lt.
1220 4774 1497 4827 Clemente
1546 4774 1904 4846 apostolorum

328 4842 643 4905 successore
668 4845 731 4897 ad
761 4844 1123 4908 episcopatum
1154 4858 1361 4897 consec.
1380 4856 1519 4907 atus,
1545 4854 1597 4894 et
1627 4845 1676 4893 in
1705 4842 1905 4896 Gallias

331 4914 657 4988 praedicandi
686 4915 852 4983 gratia
886 4915 1119 4967 directus
1148 4925 1250 4976 est,
1282 4926 1334 4967 et
1359 4915 1469 4980 qui,
1504 4913 1721 4980 impleto
1752 4912 1905 4979 hujus

327 4988 491 5043 ollicii
522 5002 762 5049 munere,
791 4988 1181 5052 insurgentibus
1213 5000 1425 5052 paganis
1451 4998 1585 5050 quos
1608 4995 1793 5035 auctor
1822 4999 1906 5035 m-

329 5060 486 5113 vidiat
523 5057 743 5111 credere
785 5070 888 5108 non
923 5055 1181 5124 permisit,
1216 5056 1318 5107 irtu
1360 5055 1566 5107 securis
1595 5055 1784 5106 colliso
1822 5068 1906 5104 ca-

331 5131 440 5197 pite
472 5130 640 5182 victor
666 5128 931 5180 occubuit.
972 5126 1169 5178 Dicitur
1202 5126 1359 5178 fuisse
1392 5129 1593 5192 primus
1623 5125 1905 5192 episcopus

328 5199 702 5257 Santonensis.

409 5270 426 5308 τ
462 5268 688 5337 Georgii.
734 5265 789 5320 ltt
822 5266 1036 5337 Perside
1065 5265 1278 5319 civitate
1309 5265 1565 5331 Diospoli,
1610 5272 1709 5318 sub
1741 5266 1906 5337 impe-

328 5352 510 5397 ratore
538 5336 885 5393 Diocletiano.
923 5336 1052 5405 Ejus
1090 5346 1209 5390 acta
1239 5338 1371 5388 adro
1405 5340 1553 5401 plena
1593 5345 1716 5388 sunt
1756 5336 1904 5405 labu-

328 5417 417 5477 lis,
450 5422 504 5464 ut
544 5410 673 5462 nihil
720 5410 848 5462 certi
879 5403 1086 5461 de‘ltoc
1122 5416 1307 5460 sancto
1344 5407 1544 5458 narrari
1588 5406 1772 5470 possit.
1824 5403 1906 5457 Di-

325 5483 558 5537 cendum
600 5488 775 5533 tamen
810 5487 912 5539 est,
945 5478 1083 5545 quod
1121 5480 1220 5532 sub
1253 5477 1409 5544 hujus
1441 5478 1691 5545 martyris
1728 5477 1907 5541 auspi-

326 5558 425 5607 ciis
470 5552 663 5606 militat
710 5564 801 5615 per
848 5558 1011 5601 totum
1057 5558 1319 5601 terrarum
1369 5551 1552 5600 urbem
1601 5547 1905 5600 celebratus

326 5626 463 5678 ordo
488 5622 794 5690 Anglicanas
822 5618 1171 5690 l'eriscelidis,
1196 5618 1411 5684 etquod
1441 5632 1578 5690 gens
1600 5619 1819 5683 Auglica
1851 5615 1903 5669 in

324 5698 388 5749 S.
414 5688 630 5759 Georgii
663 5689 1008 5757 patrocinium
1055 5690 1317 5756 prazcipue
1341 5688 1628 5759 concessit,
1662 5703 1761 5742 nec
1792 5698 1905 5759 tan-

329 5781 444 5821 tum
489 5758 871 5818 rctcntimibus
904 5760 1166 5824 aetatibus,
1205 5759 1295 5813 sed
1333 5760 1398 5813 ab
1448 5758 1574 5827 ipsis
1605 5758 1903 5829 Anglo-Sa-

2014 4136 2188 4191 xonici
2229 4135 2531 4189 dominatus
2574 4135 2881 4203 principiis;
2913 4135 3054 4204 quod
3093 4149 3340 4203 putamus
3380 4139 3593 4204 probari

2014 4223 2079 4261 cx
2110 4212 2210 4262 hoc
2240 4209 2354 4276 ipso
2386 4207 2504 4261 loco
2533 4207 2701 4260 Beedae
2727 4207 2938 4275 genuini
2970 4206 3354 4275 Martyrologii,
3390 4210 3478 4274 qut
3505 4225 3593 4261 eo-

2014 4280 2134 4331 dem
2173 4278 2330 4331 modo
2359 4292 2465 4344 quo
2495 4276 2692 4330 Cbrisri
2730 4287 2783 4331 et
2812 4278 3171 4345 apostolorum
3212 4280 3369 4341 leSIa,
3398 4278 3588 4331 festum

2016 4363 2229 4418 quoque
2268 4350 2325 4402 S.
2351 4348 2565 4417 Georgii
2596 4347 2991 4413 simplicissime
3026 4348 3296 4399 iudicavit.

2089 4428 2113 4465 ις
2150 4418 2384 4473 Victoris.
2438 4419 2499 4471 lli
2548 4418 2635 4472 die
2675 4419 2916 4487 sequenti
2964 4422 3123 4471 etiam
3166 4418 3445 4479 coluntur;
3492 4420 3590 4473 sed

1940 4471 1991 4531 ι)
2016 4491 2283 4569 pra-cipue
2298 4471 2487 4569 .dtenM
2508 4489 2651 4569 Maii.

2081 4559 2105 4595 ιι
2145 4557 2354 4613 Felicis.
2385 4559 2714 4630 Presbyteri,
2754 4559 3025 4613 Fortunati
3061 4570 3115 4613 et
3152 4557 3375 4630 Achillei
3403 4558 3588 4614 diaco-

2009 4645 2220 4682 norum.
2259 4631 2355 4694 Qui
2388 4645 2416 4682 a
2446 4629 2599 4684 beato
2633 4632 2830 4684 lrenreo
2860 4631 3195 4698 Lugdunensi
3235 4629 3487 4697 episcopo
3522 4631 3589 4686 ad

2010 4702 2407 4766 praedicandum
2444 4701 2588 4752 missi
2622 4700 2935 4762 Valentiam,
2976 4716 3096 4753 cum
3139 4714 3425 4751 maxunatn
3467 4714 3589 4767 par-

2009 4780 2115 4823 te.n
2147 4772 2296 4822 istius
2328 4771 2471 4823 urbis
2500 4772 2564 4822 ad
2598 4771 2753 4825 Iidem
2785 4773 3193 4834 convertissent,
3236 4784 3266 4821 a
3293 4769 3429 4823 duce
3456 4774 3587 4824 Gor-

2009 4844 2147 4893 uelio
2187 4842 2237 4892 in
2265 4854 2534 4892 carcerem
2569 4845 2722 4901 trusi,
2749 4841 2941 4892 deinde
2978 4840 3261 4893 durissima
3296 4854 3587 4897 nervorum

2008 4910 2360 4977 ﬂigellamue
2406 4911 2702 4963 diutissime
2753 4913 3012 4964 verberati
3060 4920 3203 4962 sunt.
3254 4910 3378 4963 Post
3424 4913 3589 4967 etiam

2007 4981 2257 5035 revinctis
2304 4992 2421 5050 post
2465 4990 2609 5049 terga
2659 4980 2920 5043 manibus,
2970 4982 3185 5034 renibus
3237 4982 3593 5050 cruribusque

2006 5052 2315 5115 contractis,
2363 5049 2503 5104 circa
2554 5058 2788 5103 rotaruut
2842 5052 3153 5119 vertiginem
3195 5052 3426 5116 astricti,
3459 5049 3591 5108 l'unti

2006 5137 2215 5189 quoque
2258 5121 2425 5173 autari
2453 5123 2611 5176 udiue
2654 5125 2925 5188 supposita
2973 5123 3061 5177 die
3109 5140 3170 5176 ac
3221 5135 3377 5177 noete
3428 5128 3591 5177 eunti-

2008 5203 2198 5255 nuata,
2250 5192 2459 5259 equulei
2507 5197 2817 5245 cxreusione
2857 5192 3129 5261 suspensi,
3173 5193 3240 5247 ad
3290 5204 3589 5249 extremum

2004 5264 2183 5331 gladio
2206 5263 2499 5316 obtruncati
2529 5274 2671 5316 sunt.
2710 5266 2958 5325 Usuar.l.,
3002 5266 3140 5330 Ado,
3170 5264 3362 5318 Petrus
3390 5266 3457 5317 de
3487 5265 3590 5318 Na-

2009 5333 2199 5387 talibus
2243 5346 2296 5385 et
2338 5334 2424 5385 alii
2475 5348 2596 5385 eum
2638 5345 2920 5401 sequentes
2974 5334 3265 5389 Valentiam
3316 5335 3588 5389 civitatein

2008 5404 2273 5468 ΙΙιὸμειιιίιυ
2300 5405 2582 5467 set-ipsere,
2609 5406 2703 5458 sed
2733 5405 2885 5469 falso,
2913 5422 3033 5459 nam
3061 5408 3128 5457 ab
3156 5407 3360 5459 Irenaeo
3393 5419 3499 5459 non
3532 5423 3586 5459 tu

2009 5475 2312 5539 Hispaniam
2356 5474 2502 5527 ntiSsi
2533 5487 2654 5527 sunt
2684 5474 2737 5528 lti
2774 5478 3020 5543 apostoli,
3052 5476 3146 5531 sed
3180 5476 3244 5528 ad
3278 5476 3582 5529 Valenciam

2007 5544 2210 5597 Gallic.
2245 5545 2530 5599 Bollandus
2559 5548 2702 5600 visus
2732 5557 2813 5601 est
2845 5548 3071 5615 probare
3100 5551 3195 5600 bos
3227 5560 3410 5613 passos
3439 5548 3583 5601 circa

2006 5630 2201 5669 annum
2240 5615 2366 5669 112.

2011 5757 2057 5811 Μ
2085 5684 2100 5722 ί
2125 5686 2338 5809 {tegula
2376 5687 2450 5743 De
2482 5686 2580 5743 hoc
2608 5688 3007 5745 Silvauectense
3038 5686 3288 5757 episcopo
3322 5686 3441 5742 vide
3473 5702 3587 5747 xxx

2065 5773 2119 5811 δι’
2149 5773 2203 5811 ιι.

2065 5760 2203 5813 artii.
