  <div class='ocr_page' id='page_1' title='image "/cluster/home/n/w/nwhite01/storage/ocr_20150623/94/hvd.32044054759659/449.png"; bbox 0 0 3990 6196; ppageno 0'>
   <div class='ocr_carea' id='block_1_1' title="bbox 346 252 454 308">
    <p class='ocr_par' dir='ltr' id='par_1_1' title="bbox 346 252 454 308">
     <span class='ocr_line' id='line_1_1' title="bbox 346 252 454 308; baseline -0.019 0"><span class='ocrx_word' id='word_1_1' title='bbox 346 252 454 308; x_wconf 80' lang='lat'><strong>887</strong></span> 
     </span>
    </p>
   </div>
   <div class='ocr_carea' id='block_1_2' title="bbox 970 226 2837 328">
    <p class='ocr_par' dir='ltr' id='par_1_2' title="bbox 970 226 2837 328">
     <span class='ocr_line' id='line_1_2' title="bbox 970 226 2837 328; baseline 0.009 -17"><span class='ocrx_word' id='word_1_2' title='bbox 970 226 973 229; x_wconf 64' lang='grc'><em>’</em></span> <span class='ocrx_word' id='word_1_3' title='bbox 1062 256 1261 312; x_wconf 61' lang='lat' dir='ltr'><strong>aena:</strong></span> <span class='ocrx_word' id='word_1_4' title='bbox 1309 257 1765 314; x_wconf 76' lang='lat' dir='ltr'><strong>VENERABILIS</strong></span> <span class='ocrx_word' id='word_1_5' title='bbox 1801 260 1954 316; x_wconf 69' lang='lat' dir='ltr'><strong>ora.</strong></span> <span class='ocrx_word' id='word_1_6' title='bbox 1997 262 2176 319; x_wconf 66' lang='lat' dir='ltr'><strong>rans</strong></span> <span class='ocrx_word' id='word_1_7' title='bbox 2216 264 2307 320; x_wconf 88' lang='lat' dir='ltr'><strong>tv.</strong></span> <span class='ocrx_word' id='word_1_8' title='bbox 2346 293 2417 306; x_wconf 90' lang='grc'><strong><em>-</em></strong></span> <span class='ocrx_word' id='word_1_9' title='bbox 2457 266 2837 328; x_wconf 78' lang='lat' dir='ltr'><strong>HISTORICA.</strong></span> 
     </span>
    </p>
   </div>
   <div class='ocr_carea' id='block_1_3' title="bbox 3521 268 3627 323">
    <p class='ocr_par' dir='ltr' id='par_1_3' title="bbox 3521 268 3627 323">
     <span class='ocr_line' id='line_1_3' title="bbox 3521 268 3627 323; baseline 0.009 -1"><span class='ocrx_word' id='word_1_10' title='bbox 3521 268 3627 323; x_wconf 73' lang='lat'><strong>883</strong></span> 
     </span>
    </p>
   </div>
   <div class='ocr_carea' id='block_1_4' title="bbox 1602 374 2337 436">
    <p class='ocr_par' dir='ltr' id='par_1_4' title="bbox 1602 374 2337 436">
     <span class='ocr_line' id='line_1_4' title="bbox 1602 374 2337 436; baseline 0.01 -8"><span class='ocrx_word' id='word_1_11' title='bbox 1602 374 1827 429; x_wconf 83' lang='lat' dir='ltr'><strong>EDITIO</strong></span> <span class='ocrx_word' id='word_1_12' title='bbox 1867 378 2337 436; x_wconf 80' lang='lat' dir='ltr'><strong>COLONIENSIS.</strong></span> 
     </span>
    </p>
   </div>
   <div class='ocr_carea' id='block_1_5' title="bbox 350 459 1913 564">
    <p class='ocr_par' dir='ltr' id='par_1_5' title="bbox 350 459 1913 539">
     <span class='ocr_line' id='line_1_5' title="bbox 350 459 1913 539; baseline 0.008 -30"><span class='ocrx_word' id='word_1_13' title='bbox 350 460 437 527; x_wconf 78' lang='lat' dir='ltr'><strong>qui</strong></span> <span class='ocrx_word' id='word_1_14' title='bbox 480 477 508 513; x_wconf 89' lang='lat' dir='ltr'><strong>a</strong></span> <span class='ocrx_word' id='word_1_15' title='bbox 543 461 697 515; x_wconf 77' lang='lat' dir='ltr'><strong>beato</strong></span> <span class='ocrx_word' id='word_1_16' title='bbox 728 459 931 515; x_wconf 78' lang='lat' dir='ltr'><strong>lren.eo</strong></span> <span class='ocrx_word' id='word_1_17' title='bbox 962 460 1300 527; x_wconf 78' lang='lat' dir='ltr'><strong>Lugdunensi</strong></span> <span class='ocrx_word' id='word_1_18' title='bbox 1326 463 1578 532; x_wconf 70' lang='lat' dir='ltr'><strong>episcopo</strong></span> <span class='ocrx_word' id='word_1_19' title='bbox 1606 476 1661 520; x_wconf 89' lang='lat' dir='ltr'><strong>et</strong></span> <span class='ocrx_word' id='word_1_20' title='bbox 1698 481 1913 539; x_wconf 74' lang='lat' dir='ltr'><strong>marlyrt</strong></span> 
     </span>
    </p>
   </div>
   <div class='ocr_carea' id='block_1_6' title="bbox 2027 459 3626 564">
    <p class='ocr_par' dir='ltr' id='par_1_6' title="bbox 2042 494 3626 564">
     <span class='ocr_line' id='line_1_6' title="bbox 2042 494 3626 564; baseline 0.008 -16"><span class='ocrx_word' id='word_1_21' title='bbox 2042 494 2278 550; x_wconf 87' lang='lat' dir='ltr'><strong>Petrum.</strong></span> <span class='ocrx_word' id='word_1_22' title='bbox 2305 496 2456 564; x_wconf 87' lang='lat' dir='ltr'><strong>Apud</strong></span> <span class='ocrx_word' id='word_1_23' title='bbox 2490 499 2864 556; x_wconf 82' lang='lat' dir='ltr'><strong>Alexandriam</strong></span> <span class='ocrx_word' id='word_1_24' title='bbox 2893 503 3067 556; x_wconf 88' lang='lat' dir='ltr'><strong>natale</strong></span> <span class='ocrx_word' id='word_1_25' title='bbox 3088 503 3258 559; x_wconf 88' lang='lat' dir='ltr'><strong>sancti</strong></span> <span class='ocrx_word' id='word_1_26' title='bbox 3287 504 3444 560; x_wconf 81' lang='lat' dir='ltr'><strong>Marci</strong></span> <span class='ocrx_word' id='word_1_27' title='bbox 3466 520 3626 561; x_wconf 54' lang='lat' dir='ltr'><strong>evan.</strong></span> 
     </span>
    </p>
   </div>
   <div class='ocr_carea' id='block_1_7' title="bbox 350 550 1931 622">
    <p class='ocr_par' dir='ltr' id='par_1_7' title="bbox 350 550 1931 622">
     <span class='ocr_line' id='line_1_7' title="bbox 350 550 1931 622; baseline 0.009 -22"><span class='ocrx_word' id='word_1_28' title='bbox 350 556 414 603; x_wconf 81' lang='lat' dir='ltr'><strong>nd</strong></span> <span class='ocrx_word' id='word_1_29' title='bbox 449 550 845 618; x_wconf 72' lang='lat' dir='ltr'><strong>przedicandum</strong></span> <span class='ocrx_word' id='word_1_30' title='bbox 875 552 1095 606; x_wconf 79' lang='lat' dir='ltr'><strong>verbum</strong></span> <span class='ocrx_word' id='word_1_31' title='bbox 1130 555 1221 607; x_wconf 89' lang='lat' dir='ltr'><strong>Dei</strong></span> <span class='ocrx_word' id='word_1_32' title='bbox 1266 557 1438 622; x_wconf 86' lang='lat' dir='ltr'><strong>missi,</strong></span> <span class='ocrx_word' id='word_1_33' title='bbox 1487 573 1604 611; x_wconf 90' lang='lat' dir='ltr'><strong>eum</strong></span> <span class='ocrx_word' id='word_1_34' title='bbox 1647 560 1931 614; x_wconf 77' lang='lat' dir='ltr'><strong>maximam</strong></span> 
     </span>
    </p>
   </div>
   <div class='ocr_carea' id='block_1_8' title="bbox 357 642 1933 716">
    <p class='ocr_par' dir='ltr' id='par_1_8' title="bbox 357 642 1933 716">
     <span class='ocr_line' id='line_1_8' title="bbox 357 642 1933 716; baseline 0.012 -29"><span class='ocrx_word' id='word_1_35' title='bbox 357 651 557 705; x_wconf 76' lang='lat' dir='ltr'><strong>partem</strong></span> <span class='ocrx_word' id='word_1_36' title='bbox 587 642 908 709; x_wconf 77' lang='lat' dir='ltr'><strong>supradicta:</strong></span> <span class='ocrx_word' id='word_1_37' title='bbox 950 644 1094 698; x_wconf 87' lang='lat' dir='ltr'><strong>urbis</strong></span> <span class='ocrx_word' id='word_1_38' title='bbox 1143 647 1207 698; x_wconf 89' lang='lat' dir='ltr'><strong>ad</strong></span> <span class='ocrx_word' id='word_1_39' title='bbox 1254 646 1412 701; x_wconf 88' lang='lat' dir='ltr'><strong>fidem</strong></span> <span class='ocrx_word' id='word_1_40' title='bbox 1462 653 1871 716; x_wconf 81' lang='lat' dir='ltr'><strong>convertissem,</strong></span> <span class='ocrx_word' id='word_1_41' title='bbox 1905 669 1933 707; x_wconf 88' lang='lat' dir='ltr'><strong>a</strong></span> 
     </span>
    </p>
   </div>
   <div class='ocr_carea' id='block_1_9' title="bbox 352 733 1936 800">
    <p class='ocr_par' dir='ltr' id='par_1_9' title="bbox 352 733 1936 800">
     <span class='ocr_line' id='line_1_9' title="bbox 352 733 1936 800; baseline 0.01 -18"><span class='ocrx_word' id='word_1_42' title='bbox 352 734 486 785; x_wconf 83' lang='lat' dir='ltr'><strong>duce</strong></span> <span class='ocrx_word' id='word_1_43' title='bbox 516 733 761 786; x_wconf 82' lang='lat' dir='ltr'><strong>Cornelio</strong></span> <span class='ocrx_word' id='word_1_44' title='bbox 793 734 843 786; x_wconf 89' lang='lat' dir='ltr'><strong>in</strong></span> <span class='ocrx_word' id='word_1_45' title='bbox 874 749 1142 787; x_wconf 87' lang='lat' dir='ltr'><strong>carcerem</strong></span> <span class='ocrx_word' id='word_1_46' title='bbox 1179 738 1331 800; x_wconf 88' lang='lat' dir='ltr'><strong>trusi,</strong></span> <span class='ocrx_word' id='word_1_47' title='bbox 1362 740 1482 791; x_wconf 82' lang='lat' dir='ltr'><strong>dein</strong></span> <span class='ocrx_word' id='word_1_48' title='bbox 1511 741 1788 795; x_wconf 85' lang='lat' dir='ltr'><strong>durissima</strong></span> <span class='ocrx_word' id='word_1_49' title='bbox 1815 760 1936 798; x_wconf 87' lang='lat' dir='ltr'><strong>ner-</strong></span> 
     </span>
    </p>
   </div>
   <div class='ocr_carea' id='block_1_10' title="bbox 353 824 1933 901">
    <p class='ocr_par' dir='ltr' id='par_1_10' title="bbox 353 824 1933 901">
     <span class='ocr_line' id='line_1_10' title="bbox 353 824 1933 901; baseline 0.009 -26"><span class='ocrx_word' id='word_1_50' title='bbox 353 838 536 878; x_wconf 84' lang='lat' dir='ltr'><strong>vorum</strong></span> <span class='ocrx_word' id='word_1_51' title='bbox 566 824 921 894; x_wconf 81' lang='lat' dir='ltr'><strong>ﬂagellatione</strong></span> <span class='ocrx_word' id='word_1_52' title='bbox 953 824 1254 882; x_wconf 85' lang='lat' dir='ltr'><strong>diutissime</strong></span> <span class='ocrx_word' id='word_1_53' title='bbox 1286 830 1587 898; x_wconf 89' lang='lat' dir='ltr'><strong>verberati,</strong></span> <span class='ocrx_word' id='word_1_54' title='bbox 1630 843 1743 901; x_wconf 85' lang='lat' dir='ltr'><strong>post</strong></span> <span class='ocrx_word' id='word_1_55' title='bbox 1773 836 1933 889; x_wconf 89' lang='lat' dir='ltr'><strong>etiam</strong></span> 
     </span>
    </p>
   </div>
   <div class='ocr_carea' id='block_1_11' title="bbox 352 916 1931 995">
    <p class='ocr_par' dir='ltr' id='par_1_11' title="bbox 352 916 1931 995">
     <span class='ocr_line' id='line_1_11' title="bbox 352 916 1931 995; baseline 0.009 -28"><span class='ocrx_word' id='word_1_56' title='bbox 352 916 540 970; x_wconf 70' lang='lat' dir='ltr'><strong>vinctis</strong></span> <span class='ocrx_word' id='word_1_57' title='bbox 572 927 684 982; x_wconf 88' lang='lat' dir='ltr'><strong>post</strong></span> <span class='ocrx_word' id='word_1_58' title='bbox 717 926 922 986; x_wconf 85' lang='lat' dir='ltr'><strong>tergum</strong></span> <span class='ocrx_word' id='word_1_59' title='bbox 948 921 1219 982; x_wconf 82' lang='lat' dir='ltr'><strong>manibus,</strong></span> <span class='ocrx_word' id='word_1_60' title='bbox 1245 923 1599 985; x_wconf 72' lang='lat' dir='ltr'><strong>cruribusque</strong></span> <span class='ocrx_word' id='word_1_61' title='bbox 1627 928 1931 995; x_wconf 77' lang='lat' dir='ltr'><strong>confractis,</strong></span> 
     </span>
    </p>
   </div>
   <div class='ocr_carea' id='block_1_12' title="bbox 348 1010 1936 1089">
    <p class='ocr_par' dir='ltr' id='par_1_12' title="bbox 348 1010 1936 1089">
     <span class='ocr_line' id='line_1_12' title="bbox 348 1010 1936 1089; baseline 0.011 -28"><span class='ocrx_word' id='word_1_62' title='bbox 348 1011 487 1062; x_wconf 84' lang='lat' dir='ltr'><strong>circa</strong></span> <span class='ocrx_word' id='word_1_63' title='bbox 520 1019 753 1063; x_wconf 89' lang='lat' dir='ltr'><strong>rotarum</strong></span> <span class='ocrx_word' id='word_1_64' title='bbox 788 1010 1108 1079; x_wconf 77' lang='lat' dir='ltr'><strong>vertiginem</strong></span> <span class='ocrx_word' id='word_1_65' title='bbox 1161 1013 1402 1078; x_wconf 87' lang='lat' dir='ltr'><strong>astricti,</strong></span> <span class='ocrx_word' id='word_1_66' title='bbox 1456 1016 1689 1084; x_wconf 79' lang='lat' dir='ltr'><strong>fuliginis</strong></span> <span class='ocrx_word' id='word_1_67' title='bbox 1727 1037 1936 1089; x_wconf 86' lang='lat' dir='ltr'><strong>quoque</strong></span> 
     </span>
    </p>
   </div>
   <div class='ocr_carea' id='block_1_13' title="bbox 348 1100 1936 1181">
    <p class='ocr_par' dir='ltr' id='par_1_13' title="bbox 348 1100 1936 1181">
     <span class='ocr_line' id='line_1_13' title="bbox 348 1100 1936 1181; baseline 0.013 -31"><span class='ocrx_word' id='word_1_68' title='bbox 348 1100 703 1155; x_wconf 75' lang='lat' dir='ltr'><strong>amaritudine</strong></span> <span class='ocrx_word' id='word_1_69' title='bbox 732 1104 1023 1170; x_wconf 70' lang='lat' dir='ltr'><strong>supposita,</strong></span> <span class='ocrx_word' id='word_1_70' title='bbox 1051 1105 1143 1156; x_wconf 89' lang='lat' dir='ltr'><strong>die</strong></span> <span class='ocrx_word' id='word_1_71' title='bbox 1166 1120 1229 1158; x_wconf 88' lang='lat' dir='ltr'><strong>ac</strong></span> <span class='ocrx_word' id='word_1_72' title='bbox 1253 1116 1411 1159; x_wconf 89' lang='lat' dir='ltr'><strong>nocte</strong></span> <span class='ocrx_word' id='word_1_73' title='bbox 1437 1111 1738 1164; x_wconf 87' lang='lat' dir='ltr'><strong>continuata</strong></span> <span class='ocrx_word' id='word_1_74' title='bbox 1769 1129 1936 1181; x_wconf 87' lang='lat' dir='ltr'><strong>equu-</strong></span> 
     </span>
    </p>
   </div>
   <div class='ocr_carea' id='block_1_14' title="bbox 349 1192 1937 1267">
    <p class='ocr_par' dir='ltr' id='par_1_14' title="bbox 349 1192 1937 1267">
     <span class='ocr_line' id='line_1_14' title="bbox 349 1192 1937 1267; baseline 0.009 -23"><span class='ocrx_word' id='word_1_75' title='bbox 349 1192 414 1244; x_wconf 88' lang='lat' dir='ltr'><strong>lei</strong></span> <span class='ocrx_word' id='word_1_76' title='bbox 440 1192 757 1246; x_wconf 83' lang='lat' dir='ltr'><strong>extensione</strong></span> <span class='ocrx_word' id='word_1_77' title='bbox 781 1194 1049 1260; x_wconf 76' lang='lat' dir='ltr'><strong>suspensi,</strong></span> <span class='ocrx_word' id='word_1_78' title='bbox 1075 1194 1141 1247; x_wconf 87' lang='lat' dir='ltr'><strong>ad</strong></span> <span class='ocrx_word' id='word_1_79' title='bbox 1166 1206 1461 1251; x_wconf 82' lang='lat' dir='ltr'><strong>extremum</strong></span> <span class='ocrx_word' id='word_1_80' title='bbox 1488 1200 1662 1267; x_wconf 87' lang='lat' dir='ltr'><strong>gladio</strong></span> <span class='ocrx_word' id='word_1_81' title='bbox 1685 1218 1937 1258; x_wconf 87' lang='lat' dir='ltr'><strong>consum-</strong></span> 
     </span>
    </p>
   </div>
   <div class='ocr_carea' id='block_1_15' title="bbox 348 1282 1934 1349">
    <p class='ocr_par' dir='ltr' id='par_1_15' title="bbox 348 1282 1934 1349">
     <span class='ocr_line' id='line_1_15' title="bbox 348 1282 1934 1349; baseline 0.009 -15"><span class='ocrx_word' id='word_1_82' title='bbox 348 1282 474 1335; x_wconf 87' lang='lat' dir='ltr'><strong>mati</strong></span> <span class='ocrx_word' id='word_1_83' title='bbox 498 1291 641 1336; x_wconf 89' lang='lat' dir='ltr'><strong>sunt.</strong></span> <span class='ocrx_word' id='word_1_84' title='bbox 663 1283 716 1336; x_wconf 90' lang='lat' dir='ltr'><strong>ln</strong></span> <span class='ocrx_word' id='word_1_85' title='bbox 740 1282 1047 1336; x_wconf 83' lang='lat' dir='ltr'><strong>Foutenella</strong></span> <span class='ocrx_word' id='word_1_86' title='bbox 1074 1288 1404 1340; x_wconf 88' lang='lat' dir='ltr'><strong>monasterio</strong></span> <span class='ocrx_word' id='word_1_87' title='bbox 1426 1292 1596 1343; x_wconf 85' lang='lat' dir='ltr'><strong>sancti</strong></span> <span class='ocrx_word' id='word_1_88' title='bbox 1624 1291 1934 1349; x_wconf 84' lang='lat' dir='ltr'><strong>Vulframmi</strong></span> 
     </span>
    </p>
   </div>
   <div class='ocr_carea' id='block_1_16' title="bbox 350 1376 1934 1445">
    <p class='ocr_par' dir='ltr' id='par_1_16' title="bbox 350 1376 1934 1445">
     <span class='ocr_line' id='line_1_16' title="bbox 350 1376 1934 1445; baseline 0.011 -18"><span class='ocrx_word' id='word_1_89' title='bbox 350 1376 606 1443; x_wconf 80' lang='lat' dir='ltr'><strong>episcopi,</strong></span> <span class='ocrx_word' id='word_1_90' title='bbox 638 1377 880 1445; x_wconf 67' lang='lat' dir='ltr'><strong>prmclari</strong></span> <span class='ocrx_word' id='word_1_91' title='bbox 911 1377 961 1430; x_wconf 90' lang='lat' dir='ltr'><strong>in</strong></span> <span class='ocrx_word' id='word_1_92' title='bbox 995 1378 1265 1434; x_wconf 84' lang='lat' dir='ltr'><strong>miraculis</strong></span> <span class='ocrx_word' id='word_1_93' title='bbox 1296 1381 1436 1445; x_wconf 91' lang='lat' dir='ltr'><strong>viri;</strong></span> <span class='ocrx_word' id='word_1_94' title='bbox 1481 1394 1531 1436; x_wconf 91' lang='lat' dir='ltr'><strong>et</strong></span> <span class='ocrx_word' id='word_1_95' title='bbox 1573 1387 1741 1441; x_wconf 82' lang='lat' dir='ltr'><strong>sancti</strong></span> <span class='ocrx_word' id='word_1_96' title='bbox 1769 1390 1934 1443; x_wconf 85' lang='lat' dir='ltr'><strong>Adel-</strong></span> 
     </span>
    </p>
   </div>
   <div class='ocr_carea' id='block_1_17' title="bbox 352 1466 1130 1538">
    <p class='ocr_par' dir='ltr' id='par_1_17' title="bbox 352 1466 1130 1538">
     <span class='ocr_line' id='line_1_17' title="bbox 352 1466 1130 1538; baseline 0.009 -22"><span class='ocrx_word' id='word_1_97' title='bbox 352 1466 487 1519; x_wconf 91' lang='lat' dir='ltr'><strong>berti</strong></span> <span class='ocrx_word' id='word_1_98' title='bbox 517 1467 753 1536; x_wconf 85' lang='lat' dir='ltr'><strong>episcopi</strong></span> <span class='ocrx_word' id='word_1_99' title='bbox 782 1476 837 1522; x_wconf 87' lang='lat' dir='ltr'><strong>et</strong></span> <span class='ocrx_word' id='word_1_100' title='bbox 860 1472 1130 1538; x_wconf 75' lang='lat' dir='ltr'><strong>martyris.</strong></span> 
     </span>
    </p>
   </div>
   <div class='ocr_carea' id='block_1_18' title="bbox 420 1555 1935 1630">
    <p class='ocr_par' dir='ltr' id='par_1_18' title="bbox 420 1555 1935 1630">
     <span class='ocr_line' id='line_1_18' title="bbox 420 1555 1935 1630; baseline 0.012 -23"><span class='ocrx_word' id='word_1_101' title='bbox 420 1555 479 1607; x_wconf 87' lang='grc' dir='ltr'><strong>Β.</strong></span> <span class='ocrx_word' id='word_1_102' title='bbox 516 1555 625 1609; x_wconf 85' lang='lat' dir='ltr'><strong>VIII</strong></span> <span class='ocrx_word' id='word_1_103' title='bbox 654 1556 892 1612; x_wconf 76' lang='lat' dir='ltr'><strong>KALEND.</strong></span> <span class='ocrx_word' id='word_1_104' title='bbox 944 1559 1089 1614; x_wconf 81' lang='lat' dir='ltr'><strong>Mtttt.</strong></span> <span class='ocrx_word' id='word_1_105' title='bbox 1135 1590 1203 1599; x_wconf 90' lang='lat'><strong>--</strong></span> <span class='ocrx_word' id='word_1_106' title='bbox 1244 1561 1484 1630; x_wconf 83' lang='lat' dir='ltr'><strong>Lugduni</strong></span> <span class='ocrx_word' id='word_1_107' title='bbox 1531 1566 1712 1620; x_wconf 69' lang='lat' dir='ltr'><strong>Gallia:</strong></span> <span class='ocrx_word' id='word_1_108' title='bbox 1763 1572 1935 1625; x_wconf 83' lang='lat' dir='ltr'><strong>natale</strong></span> 
     </span>
    </p>
   </div>
   <div class='ocr_carea' id='block_1_19' title="bbox 347 1652 1931 1732">
    <p class='ocr_par' dir='ltr' id='par_1_19' title="bbox 347 1652 1931 1732">
     <span class='ocr_line' id='line_1_19' title="bbox 347 1652 1931 1732; baseline 0.009 -30"><span class='ocrx_word' id='word_1_109' title='bbox 347 1652 519 1705; x_wconf 81' lang='lat' dir='ltr'><strong>sancti</strong></span> <span class='ocrx_word' id='word_1_110' title='bbox 548 1652 863 1717; x_wconf 81' lang='lat' dir='ltr'><strong>Alexandri,</strong></span> <span class='ocrx_word' id='word_1_111' title='bbox 892 1657 982 1723; x_wconf 91' lang='lat' dir='ltr'><strong>qui</strong></span> <span class='ocrx_word' id='word_1_112' title='bbox 1016 1659 1172 1712; x_wconf 88' lang='lat' dir='ltr'><strong>tertio</strong></span> <span class='ocrx_word' id='word_1_113' title='bbox 1212 1670 1330 1726; x_wconf 90' lang='lat' dir='ltr'><strong>post</strong></span> <span class='ocrx_word' id='word_1_114' title='bbox 1360 1662 1573 1715; x_wconf 89' lang='lat' dir='ltr'><strong>beatum</strong></span> <span class='ocrx_word' id='word_1_115' title='bbox 1619 1664 1931 1732; x_wconf 76' lang='lat' dir='ltr'><strong>Epipodium</strong></span> 
     </span>
    </p>
   </div>
   <div class='ocr_carea' id='block_1_20' title="bbox 346 1742 1933 1817">
    <p class='ocr_par' dir='ltr' id='par_1_20' title="bbox 346 1742 1933 1817">
     <span class='ocr_line' id='line_1_20' title="bbox 346 1742 1933 1817; baseline 0.009 -24"><span class='ocrx_word' id='word_1_116' title='bbox 346 1742 433 1795; x_wconf 92' lang='lat' dir='ltr'><strong>die</strong></span> <span class='ocrx_word' id='word_1_117' title='bbox 460 1744 747 1810; x_wconf 86' lang='lat' dir='ltr'><strong>productus</strong></span> <span class='ocrx_word' id='word_1_118' title='bbox 778 1761 807 1799; x_wconf 92' lang='lat' dir='ltr'><strong>e</strong></span> <span class='ocrx_word' id='word_1_119' title='bbox 836 1761 1055 1802; x_wconf 87' lang='lat' dir='ltr'><strong>carcere</strong></span> <span class='ocrx_word' id='word_1_120' title='bbox 1077 1789 1093 1811; x_wconf 95' lang='lat'><strong>,</strong></span> <span class='ocrx_word' id='word_1_121' title='bbox 1124 1750 1298 1817; x_wconf 90' lang='lat' dir='ltr'><strong>primo</strong></span> <span class='ocrx_word' id='word_1_122' title='bbox 1329 1751 1398 1805; x_wconf 90' lang='lat' dir='ltr'><strong>ita</strong></span> <span class='ocrx_word' id='word_1_123' title='bbox 1420 1753 1669 1807; x_wconf 86' lang='lat' dir='ltr'><strong>-laniatus</strong></span> <span class='ocrx_word' id='word_1_124' title='bbox 1700 1767 1780 1807; x_wconf 83' lang='lat' dir='ltr'><strong>est</strong></span> <span class='ocrx_word' id='word_1_125' title='bbox 1810 1770 1933 1808; x_wconf 87' lang='lat' dir='ltr'><strong>cru-</strong></span> 
     </span>
    </p>
   </div>
   <div class='ocr_carea' id='block_1_21' title="bbox 347 1830 1008 1903">
    <p class='ocr_par' dir='ltr' id='par_1_21' title="bbox 347 1830 1008 1903">
     <span class='ocr_line' id='line_1_21' title="bbox 347 1830 1008 1903; baseline 0.011 -19"><span class='ocrx_word' id='word_1_126' title='bbox 347 1830 564 1887; x_wconf 88' lang='lat' dir='ltr'><strong>delitate</strong></span> <span class='ocrx_word' id='word_1_127' title='bbox 592 1833 1008 1903; x_wconf 74' lang='lat' dir='ltr'><strong>verberantium,</strong></span> 
     </span>
    </p>
   </div>
   <div class='ocr_carea' id='block_1_22' title="bbox 348 1921 1931 2003">
    <p class='ocr_par' dir='ltr' id='par_1_22' title="bbox 348 1921 1931 2003">
     <span class='ocr_line' id='line_1_22' title="bbox 348 1921 1931 2003; baseline 0.01 -28"><span class='ocrx_word' id='word_1_128' title='bbox 348 1921 551 1977; x_wconf 88' lang='lat' dir='ltr'><strong>tefactis</strong></span> <span class='ocrx_word' id='word_1_129' title='bbox 582 1924 872 1980; x_wconf 85' lang='lat' dir='ltr'><strong>visceribus</strong></span> <span class='ocrx_word' id='word_1_130' title='bbox 917 1939 1125 1983; x_wconf 91' lang='lat' dir='ltr'><strong>secreta</strong></span> <span class='ocrx_word' id='word_1_131' title='bbox 1166 1931 1359 1984; x_wconf 72' lang='lat' dir='ltr'><strong>anima:</strong></span> <span class='ocrx_word' id='word_1_132' title='bbox 1405 1934 1804 2003; x_wconf 87' lang='lat' dir='ltr'><strong>pandereutur,</strong></span> <span class='ocrx_word' id='word_1_133' title='bbox 1838 1938 1931 1992; x_wconf 88' lang='lat' dir='ltr'><strong>de-</strong></span> 
     </span>
    </p>
   </div>
   <div class='ocr_carea' id='block_1_23' title="bbox 344 2016 1932 2099">
    <p class='ocr_par' dir='ltr' id='par_1_23' title="bbox 344 2016 1932 2099">
     <span class='ocr_line' id='line_1_23' title="bbox 344 2016 1932 2099; baseline 0.011 -32"><span class='ocrx_word' id='word_1_134' title='bbox 344 2016 468 2073; x_wconf 76' lang='lat' dir='ltr'><strong>inde</strong></span> <span class='ocrx_word' id='word_1_135' title='bbox 489 2022 665 2074; x_wconf 76' lang='lat' dir='ltr'><strong>crucis</strong></span> <span class='ocrx_word' id='word_1_136' title='bbox 707 2022 898 2077; x_wconf 84' lang='lat' dir='ltr'><strong>affixus</strong></span> <span class='ocrx_word' id='word_1_137' title='bbox 930 2026 1168 2094; x_wconf 88' lang='lat' dir='ltr'><strong>patibulo</strong></span> <span class='ocrx_word' id='word_1_138' title='bbox 1198 2028 1410 2082; x_wconf 86' lang='lat' dir='ltr'><strong>beatum</strong></span> <span class='ocrx_word' id='word_1_139' title='bbox 1454 2032 1696 2099; x_wconf 80' lang='lat' dir='ltr'><strong>sp&#39;ritum</strong></span> <span class='ocrx_word' id='word_1_140' title='bbox 1742 2032 1932 2084; x_wconf 81' lang='lat' dir='ltr'><strong>exani-</strong></span> 
     </span>
    </p>
   </div>
   <div class='ocr_carea' id='block_1_24' title="bbox 343 2112 1933 2174">
    <p class='ocr_par' dir='ltr' id='par_1_24' title="bbox 343 2112 1933 2174">
     <span class='ocr_line' id='line_1_24' title="bbox 343 2112 1933 2174; baseline 0.009 -15"><span class='ocrx_word' id='word_1_141' title='bbox 343 2116 515 2163; x_wconf 87' lang='lat' dir='ltr'><strong>matus</strong></span> <span class='ocrx_word' id='word_1_142' title='bbox 542 2112 740 2168; x_wconf 66' lang='lat' dir='ltr'><strong>emisit.</strong></span> <span class='ocrx_word' id='word_1_143' title='bbox 774 2113 920 2168; x_wconf 80' lang='lat' dir='ltr'><strong>Passi</strong></span> <span class='ocrx_word' id='word_1_144' title='bbox 949 2124 1075 2170; x_wconf 85' lang='lat' dir='ltr'><strong>sunt</strong></span> <span class='ocrx_word' id='word_1_145' title='bbox 1104 2131 1223 2170; x_wconf 93' lang='lat' dir='ltr'><strong>cum</strong></span> <span class='ocrx_word' id='word_1_146' title='bbox 1264 2134 1328 2171; x_wconf 89' lang='lat' dir='ltr'><strong>eo</strong></span> <span class='ocrx_word' id='word_1_147' title='bbox 1370 2129 1422 2172; x_wconf 91' lang='lat' dir='ltr'><strong>et</strong></span> <span class='ocrx_word' id='word_1_148' title='bbox 1451 2119 1537 2172; x_wconf 85' lang='lat' dir='ltr'><strong>alii</strong></span> <span class='ocrx_word' id='word_1_149' title='bbox 1575 2135 1794 2174; x_wconf 90' lang='lat' dir='ltr'><strong>numero</strong></span> <span class='ocrx_word' id='word_1_150' title='bbox 1839 2120 1933 2174; x_wconf 93' lang='lat' dir='ltr'><strong>tri-</strong></span> 
     </span>
    </p>
   </div>
   <div class='ocr_carea' id='block_1_25' title="bbox 341 2200 1926 2278">
    <p class='ocr_par' dir='ltr' id='par_1_25' title="bbox 341 2200 1926 2278">
     <span class='ocr_line' id='line_1_25' title="bbox 341 2200 1926 2278; baseline 0.009 -27"><span class='ocrx_word' id='word_1_151' title='bbox 341 2200 485 2268; x_wconf 81' lang='lat' dir='ltr'><strong>ginta</strong></span> <span class='ocrx_word' id='word_1_152' title='bbox 515 2214 761 2268; x_wconf 87' lang='lat' dir='ltr'><strong>quatuor.</strong></span> <span class='ocrx_word' id='word_1_153' title='bbox 793 2206 991 2259; x_wconf 84' lang='lat' dir='ltr'><strong>Eodem</strong></span> <span class='ocrx_word' id='word_1_154' title='bbox 1019 2208 1104 2260; x_wconf 92' lang='lat' dir='ltr'><strong>die</strong></span> <span class='ocrx_word' id='word_1_155' title='bbox 1134 2207 1294 2261; x_wconf 78' lang='lat' dir='ltr'><strong>Mileti</strong></span> <span class='ocrx_word' id='word_1_156' title='bbox 1326 2210 1561 2278; x_wconf 86' lang='lat' dir='ltr'><strong>episc0pi</strong></span> <span class='ocrx_word' id='word_1_157' title='bbox 1592 2212 1852 2278; x_wconf 59' lang='lat' dir='ltr'><strong>depositio</strong></span> <span class='ocrx_word' id='word_1_158' title='bbox 1875 2211 1926 2265; x_wconf 91' lang='lat' dir='ltr'><strong>in</strong></span> 
     </span>
    </p>
   </div>
   <div class='ocr_carea' id='block_1_26' title="bbox 346 2291 1923 2370">
    <p class='ocr_par' dir='ltr' id='par_1_26' title="bbox 346 2291 1923 2370">
     <span class='ocr_line' id='line_1_26' title="bbox 346 2291 1923 2370; baseline 0.008 -28"><span class='ocrx_word' id='word_1_159' title='bbox 346 2291 642 2359; x_wconf 76' lang='lat' dir='ltr'><strong>Britannia,</strong></span> <span class='ocrx_word' id='word_1_160' title='bbox 690 2294 779 2363; x_wconf 85' lang='lat' dir='ltr'><strong>qui</strong></span> <span class='ocrx_word' id='word_1_161' title='bbox 814 2296 1004 2350; x_wconf 87' lang='lat' dir='ltr'><strong>tertius</strong></span> <span class='ocrx_word' id='word_1_162' title='bbox 1054 2306 1173 2364; x_wconf 83' lang='lat' dir='ltr'><strong>post</strong></span> <span class='ocrx_word' id='word_1_163' title='bbox 1206 2299 1561 2368; x_wconf 82' lang='lat' dir='ltr'><strong>Augustinum</strong></span> <span class='ocrx_word' id='word_1_164' title='bbox 1596 2303 1923 2370; x_wconf 89' lang='lat' dir='ltr'><strong>episc0pum,</strong></span> 
     </span>
    </p>
   </div>
   <div class='ocr_carea' id='block_1_27' title="bbox 349 2382 1929 2461">
    <p class='ocr_par' dir='ltr' id='par_1_27' title="bbox 349 2382 1929 2461">
     <span class='ocr_line' id='line_1_27' title="bbox 349 2382 1929 2461; baseline 0.012 -30"><span class='ocrx_word' id='word_1_165' title='bbox 349 2382 803 2441; x_wconf 86' lang='lat' dir='ltr'><strong>Doroverneusem</strong></span> <span class='ocrx_word' id='word_1_166' title='bbox 827 2388 1120 2443; x_wconf 89' lang='lat' dir='ltr'><strong>Ecclesiam</strong></span> <span class='ocrx_word' id='word_1_167' title='bbox 1145 2394 1399 2461; x_wconf 84' lang='lat' dir='ltr'><strong>suscepit,</strong></span> <span class='ocrx_word' id='word_1_168' title='bbox 1422 2408 1579 2461; x_wconf 83' lang='lat' dir='ltr'><strong>quam</strong></span> <span class='ocrx_word' id='word_1_169' title='bbox 1604 2393 1741 2448; x_wconf 85' lang='lat' dir='ltr'><strong>rexit</strong></span> <span class='ocrx_word' id='word_1_170' title='bbox 1760 2411 1929 2450; x_wconf 89' lang='lat' dir='ltr'><strong>annos</strong></span> 
     </span>
    </p>
   </div>
   <div class='ocr_carea' id='block_1_28' title="bbox 345 2478 1929 2550">
    <p class='ocr_par' dir='ltr' id='par_1_28' title="bbox 345 2478 1929 2550">
     <span class='ocr_line' id='line_1_28' title="bbox 345 2478 1929 2550; baseline 0.011 -25"><span class='ocrx_word' id='word_1_171' title='bbox 345 2478 599 2547; x_wconf 76' lang='lat' dir='ltr'><strong>quinque,</strong></span> <span class='ocrx_word' id='word_1_172' title='bbox 629 2481 868 2550; x_wconf 86' lang='lat' dir='ltr'><strong>sepultus</strong></span> <span class='ocrx_word' id='word_1_173' title='bbox 915 2482 967 2536; x_wconf 89' lang='lat' dir='ltr'><strong>in</strong></span> <span class='ocrx_word' id='word_1_174' title='bbox 1016 2484 1238 2538; x_wconf 88' lang='lat' dir='ltr'><strong>ecclesia</strong></span> <span class='ocrx_word' id='word_1_175' title='bbox 1292 2485 1430 2539; x_wconf 84' lang='lat' dir='ltr'><strong>beati</strong></span> <span class='ocrx_word' id='word_1_176' title='bbox 1477 2485 1637 2540; x_wconf 85' lang='lat' dir='ltr'><strong>Petri.</strong></span> <span class='ocrx_word' id='word_1_177' title='bbox 1687 2488 1797 2543; x_wconf 90' lang='lat' dir='ltr'><strong>llac</strong></span> <span class='ocrx_word' id='word_1_178' title='bbox 1842 2489 1929 2542; x_wconf 88' lang='lat' dir='ltr'><strong>die</strong></span> 
     </span>
    </p>
   </div>
   <div class='ocr_carea' id='block_1_29' title="bbox 340 2564 1889 2636">
    <p class='ocr_par' dir='ltr' id='par_1_29' title="bbox 340 2564 1889 2636">
     <span class='ocr_line' id='line_1_29' title="bbox 340 2564 1889 2636; baseline 0.011 -19"><span class='ocrx_word' id='word_1_179' title='bbox 340 2564 597 2633; x_wconf 78' lang='lat' dir='ltr'><strong>Auanias,</strong></span> <span class='ocrx_word' id='word_1_180' title='bbox 626 2571 867 2635; x_wconf 80' lang='lat' dir='ltr'><strong>Azarias,</strong></span> <span class='ocrx_word' id='word_1_181' title='bbox 897 2570 1139 2636; x_wconf 86' lang='lat' dir='ltr'><strong>Misahel,</strong></span> <span class='ocrx_word' id='word_1_182' title='bbox 1168 2574 1377 2628; x_wconf 86' lang='lat' dir='ltr'><strong>liberati</strong></span> <span class='ocrx_word' id='word_1_183' title='bbox 1408 2585 1532 2628; x_wconf 86' lang='lat' dir='ltr'><strong>sunt</strong></span> <span class='ocrx_word' id='word_1_184' title='bbox 1558 2577 1625 2630; x_wconf 93' lang='lat' dir='ltr'><strong>de</strong></span> <span class='ocrx_word' id='word_1_185' title='bbox 1659 2578 1889 2634; x_wconf 89' lang='lat' dir='ltr'><strong>camino.</strong></span> 
     </span>
    </p>
   </div>
   <div class='ocr_carea' id='block_1_30' title="bbox 415 2657 1927 2735">
    <p class='ocr_par' dir='ltr' id='par_1_30' title="bbox 415 2657 1927 2735">
     <span class='ocr_line' id='line_1_30' title="bbox 415 2657 1927 2735; baseline 0.009 -25"><span class='ocrx_word' id='word_1_186' title='bbox 415 2657 476 2710; x_wconf 81' lang='lat' dir='ltr'><strong>C.</strong></span> <span class='ocrx_word' id='word_1_187' title='bbox 512 2658 618 2710; x_wconf 83' lang='lat' dir='ltr'><strong>\Il.</strong></span> <span class='ocrx_word' id='word_1_188' title='bbox 648 2660 780 2715; x_wconf 68' lang='lat' dir='ltr'><strong>Kac.</strong></span> <span class='ocrx_word' id='word_1_189' title='bbox 806 2662 950 2716; x_wconf 77' lang='grc' dir='ltr'><strong>ΜΑιι.</strong></span> <span class='ocrx_word' id='word_1_190' title='bbox 994 2663 1173 2718; x_wconf 67' lang='lat' dir='ltr'><strong>Romae</strong></span> <span class='ocrx_word' id='word_1_191' title='bbox 1201 2664 1380 2719; x_wconf 89' lang='lat' dir='ltr'><strong>litania</strong></span> <span class='ocrx_word' id='word_1_192' title='bbox 1406 2666 1575 2735; x_wconf 86' lang='lat' dir='ltr'><strong>major</strong></span> <span class='ocrx_word' id='word_1_193' title='bbox 1597 2668 1660 2721; x_wconf 88' lang='lat' dir='ltr'><strong>ad</strong></span> <span class='ocrx_word' id='word_1_194' title='bbox 1685 2681 1927 2723; x_wconf 87' lang='lat' dir='ltr'><strong>sanctum</strong></span> 
     </span>
    </p>
   </div>
   <div class='ocr_carea' id='block_1_31' title="bbox 2035 586 3621 663">
    <p class='ocr_par' dir='ltr' id='par_1_31' title="bbox 2035 586 3621 663">
     <span class='ocr_line' id='line_1_31' title="bbox 2035 586 3621 663; baseline 0.008 -25"><span class='ocrx_word' id='word_1_195' title='bbox 2035 586 2260 654; x_wconf 74' lang='lat' dir='ltr'><strong>gelistae.</strong></span> <span class='ocrx_word' id='word_1_196' title='bbox 2310 588 2405 641; x_wconf 88' lang='lat' dir='ltr'><strong>Hic</strong></span> <span class='ocrx_word' id='word_1_197' title='bbox 2453 589 2747 658; x_wconf 86' lang='lat' dir='ltr'><strong>discipulus</strong></span> <span class='ocrx_word' id='word_1_198' title='bbox 2793 602 2848 646; x_wconf 91' lang='lat' dir='ltr'><strong>et</strong></span> <span class='ocrx_word' id='word_1_199' title='bbox 2898 594 3159 662; x_wconf 85' lang='lat' dir='ltr'><strong>interpres</strong></span> <span class='ocrx_word' id='word_1_200' title='bbox 3200 595 3431 663; x_wconf 87' lang='lat' dir='ltr'><strong>apostoli</strong></span> <span class='ocrx_word' id='word_1_201' title='bbox 3481 595 3621 651; x_wconf 79' lang='lat' dir='ltr'><strong>Petri</strong></span> 
     </span>
    </p>
   </div>
   <div class='ocr_carea' id='block_1_32' title="bbox 2042 678 3620 756">
    <p class='ocr_par' dir='ltr' id='par_1_32' title="bbox 2042 678 3620 756">
     <span class='ocr_line' id='line_1_32' title="bbox 2042 678 3620 756; baseline 0.009 -27"><span class='ocrx_word' id='word_1_202' title='bbox 2042 678 2225 730; x_wconf 54' lang='lat' dir='ltr'><strong>Romae</strong></span> <span class='ocrx_word' id='word_1_203' title='bbox 2255 691 2467 749; x_wconf 86' lang='lat' dir='ltr'><strong>rogatus</strong></span> <span class='ocrx_word' id='word_1_204' title='bbox 2496 697 2521 732; x_wconf 89' lang='lat' dir='ltr'><strong>a</strong></span> <span class='ocrx_word' id='word_1_205' title='bbox 2556 684 2806 736; x_wconf 81' lang='lat' dir='ltr'><strong>fratribus</strong></span> <span class='ocrx_word' id='word_1_206' title='bbox 2835 686 3048 753; x_wconf 90' lang='lat' dir='ltr'><strong>scripsit</strong></span> <span class='ocrx_word' id='word_1_207' title='bbox 3074 688 3440 756; x_wconf 81' lang='lat' dir='ltr'><strong>Evangt-lium.</strong></span> <span class='ocrx_word' id='word_1_208' title='bbox 3470 688 3620 753; x_wconf 88' lang='lat' dir='ltr'><strong>Quod</strong></span> 
     </span>
    </p>
   </div>
   <div class='ocr_carea' id='block_1_33' title="bbox 2036 769 3621 849">
    <p class='ocr_par' dir='ltr' id='par_1_33' title="bbox 2036 769 3621 849">
     <span class='ocr_line' id='line_1_33' title="bbox 2036 769 3621 849; baseline 0.007 -27"><span class='ocrx_word' id='word_1_209' title='bbox 2036 784 2155 823; x_wconf 89' lang='lat' dir='ltr'><strong>cum</strong></span> <span class='ocrx_word' id='word_1_210' title='bbox 2190 769 2381 824; x_wconf 87' lang='lat' dir='ltr'><strong>Petrus</strong></span> <span class='ocrx_word' id='word_1_211' title='bbox 2410 773 2665 836; x_wconf 78' lang='lat' dir='ltr'><strong>audisset,</strong></span> <span class='ocrx_word' id='word_1_212' title='bbox 2692 777 2954 844; x_wconf 78' lang='lat' dir='ltr'><strong>probavit,</strong></span> <span class='ocrx_word' id='word_1_213' title='bbox 2988 787 3042 831; x_wconf 85' lang='lat' dir='ltr'><strong>et</strong></span> <span class='ocrx_word' id='word_1_214' title='bbox 3071 778 3318 833; x_wconf 83' lang='lat' dir='ltr'><strong>Ecclesiis</strong></span> <span class='ocrx_word' id='word_1_215' title='bbox 3340 780 3621 849; x_wconf 80' lang='lat' dir='ltr'><strong>legendum</strong></span> 
     </span>
    </p>
   </div>
   <div class='ocr_carea' id='block_1_34' title="bbox 2038 864 3623 934">
    <p class='ocr_par' dir='ltr' id='par_1_34' title="bbox 2038 864 3623 934">
     <span class='ocr_line' id='line_1_34' title="bbox 2038 864 3623 934; baseline 0.006 -19"><span class='ocrx_word' id='word_1_216' title='bbox 2038 877 2131 915; x_wconf 78' lang='lat' dir='ltr'><strong>Stttt</strong></span> <span class='ocrx_word' id='word_1_217' title='bbox 2165 864 2483 918; x_wconf 82' lang='lat' dir='ltr'><strong>auctoritate</strong></span> <span class='ocrx_word' id='word_1_218' title='bbox 2531 866 2714 920; x_wconf 86' lang='lat' dir='ltr'><strong>edidit.</strong></span> <span class='ocrx_word' id='word_1_219' title='bbox 2756 868 2872 934; x_wconf 87' lang='lat' dir='ltr'><strong>Quo</strong></span> <span class='ocrx_word' id='word_1_220' title='bbox 2919 882 3194 934; x_wconf 88' lang='lat' dir='ltr'><strong>assumpto</strong></span> <span class='ocrx_word' id='word_1_221' title='bbox 3243 872 3382 927; x_wconf 88' lang='lat' dir='ltr'><strong>idem</strong></span> <span class='ocrx_word' id='word_1_222' title='bbox 3418 874 3623 927; x_wconf 87' lang='lat' dir='ltr'><strong>Marcus</strong></span> 
     </span>
    </p>
   </div>
   <div class='ocr_carea' id='block_1_35' title="bbox 2036 954 3621 1027">
    <p class='ocr_par' dir='ltr' id='par_1_35' title="bbox 2036 954 3621 1027">
     <span class='ocr_line' id='line_1_35' title="bbox 2036 954 3621 1027; baseline 0.009 -23"><span class='ocrx_word' id='word_1_223' title='bbox 2036 954 2268 1021; x_wconf 83' lang='lat' dir='ltr'><strong>perrexit</strong></span> <span class='ocrx_word' id='word_1_224' title='bbox 2293 956 2341 1008; x_wconf 91' lang='lat' dir='ltr'><strong>in</strong></span> <span class='ocrx_word' id='word_1_225' title='bbox 2362 956 2676 1027; x_wconf 63' lang='lat' dir='ltr'><strong>Egypttun,</strong></span> <span class='ocrx_word' id='word_1_226' title='bbox 2695 969 2745 1013; x_wconf 93' lang='lat' dir='ltr'><strong>et</strong></span> <span class='ocrx_word' id='word_1_227' title='bbox 2766 961 2965 1027; x_wconf 87' lang='lat' dir='ltr'><strong>primus</strong></span> <span class='ocrx_word' id='word_1_228' title='bbox 2990 962 3327 1017; x_wconf 69' lang='lat' dir='ltr'><strong>Alexandria:</strong></span> <span class='ocrx_word' id='word_1_229' title='bbox 3350 964 3621 1019; x_wconf 86' lang='lat' dir='ltr'><strong>Christum</strong></span> 
     </span>
    </p>
   </div>
   <div class='ocr_carea' id='block_1_36' title="bbox 2034 1046 3622 1124">
    <p class='ocr_par' dir='ltr' id='par_1_36' title="bbox 2034 1046 3622 1124">
     <span class='ocr_line' id='line_1_36' title="bbox 2034 1046 3622 1124; baseline 0.011 -30"><span class='ocrx_word' id='word_1_230' title='bbox 2034 1046 2354 1099; x_wconf 89' lang='lat' dir='ltr'><strong>annuntians</strong></span> <span class='ocrx_word' id='word_1_231' title='bbox 2375 1087 2389 1109; x_wconf 93' lang='lat'><strong>,</strong></span> <span class='ocrx_word' id='word_1_232' title='bbox 2422 1049 2699 1102; x_wconf 87' lang='lat' dir='ltr'><strong>constituit</strong></span> <span class='ocrx_word' id='word_1_233' title='bbox 2732 1050 3045 1107; x_wconf 79' lang='lat' dir='ltr'><strong>Ecclesiam.</strong></span> <span class='ocrx_word' id='word_1_234' title='bbox 3076 1056 3139 1107; x_wconf 83' lang='lat' dir='ltr'><strong>At</strong></span> <span class='ocrx_word' id='word_1_235' title='bbox 3172 1064 3449 1124; x_wconf 79' lang='lat' dir='ltr'><strong>postquam</strong></span> <span class='ocrx_word' id='word_1_236' title='bbox 3491 1072 3622 1111; x_wconf 80' lang='lat' dir='ltr'><strong>con-</strong></span> 
     </span>
    </p>
   </div>
   <div class='ocr_carea' id='block_1_37' title="bbox 2036 1136 3623 1219">
    <p class='ocr_par' dir='ltr' id='par_1_37' title="bbox 2036 1136 3623 1219">
     <span class='ocr_line' id='line_1_37' title="bbox 2036 1136 3623 1219; baseline 0.012 -32"><span class='ocrx_word' id='word_1_237' title='bbox 2036 1136 2235 1190; x_wconf 76' lang='lat' dir='ltr'><strong>Stitutis</strong></span> <span class='ocrx_word' id='word_1_238' title='bbox 2264 1145 2317 1190; x_wconf 88' lang='lat' dir='ltr'><strong>et</strong></span> <span class='ocrx_word' id='word_1_239' title='bbox 2341 1140 2669 1195; x_wconf 81' lang='lat' dir='ltr'><strong>confirmatis</strong></span> <span class='ocrx_word' id='word_1_240' title='bbox 2704 1142 2957 1199; x_wconf 85' lang='lat' dir='ltr'><strong>Ecclesiis</strong></span> <span class='ocrx_word' id='word_1_241' title='bbox 2981 1161 3074 1213; x_wconf 90' lang='lat' dir='ltr'><strong>per</strong></span> <span class='ocrx_word' id='word_1_242' title='bbox 3112 1147 3352 1219; x_wconf 83' lang='lat' dir='ltr'><strong>Libyam,</strong></span> <span class='ocrx_word' id='word_1_243' title='bbox 3391 1149 3623 1205; x_wconf 85' lang='lat' dir='ltr'><strong>Marma-</strong></span> 
     </span>
    </p>
   </div>
   <div class='ocr_carea' id='block_1_38' title="bbox 2036 1226 3623 1303">
    <p class='ocr_par' dir='ltr' id='par_1_38' title="bbox 2036 1226 3623 1303">
     <span class='ocr_line' id='line_1_38' title="bbox 2036 1226 3623 1303; baseline 0.01 -24"><span class='ocrx_word' id='word_1_244' title='bbox 2036 1226 2222 1292; x_wconf 87' lang='lat' dir='ltr'><strong>ricam,</strong></span> <span class='ocrx_word' id='word_1_245' title='bbox 2255 1230 2643 1293; x_wconf 89' lang='lat' dir='ltr'><strong>Ammonicam,</strong></span> <span class='ocrx_word' id='word_1_246' title='bbox 2688 1233 3042 1303; x_wconf 87' lang='lat' dir='ltr'><strong>Pentapolim,</strong></span> <span class='ocrx_word' id='word_1_247' title='bbox 3090 1239 3493 1303; x_wconf 83' lang='lat' dir='ltr'><strong>Alexandriam,</strong></span> <span class='ocrx_word' id='word_1_248' title='bbox 3540 1252 3623 1295; x_wconf 84' lang='lat' dir='ltr'><strong>at-</strong></span> 
     </span>
    </p>
   </div>
   <div class='ocr_carea' id='block_1_39' title="bbox 2035 1314 3627 1398">
    <p class='ocr_par' dir='ltr' id='par_1_39' title="bbox 2035 1314 3627 1398">
     <span class='ocr_line' id='line_1_39' title="bbox 2035 1314 3627 1398; baseline 0.011 -32"><span class='ocrx_word' id='word_1_249' title='bbox 2035 1331 2138 1384; x_wconf 90' lang='lat' dir='ltr'><strong>que</strong></span> <span class='ocrx_word' id='word_1_250' title='bbox 2164 1314 2451 1387; x_wconf 65' lang='lat' dir='ltr'><strong>Aigyptum</strong></span> <span class='ocrx_word' id='word_1_251' title='bbox 2483 1321 2810 1389; x_wconf 87' lang='lat' dir='ltr'><strong>universam,</strong></span> <span class='ocrx_word' id='word_1_252' title='bbox 2832 1324 2895 1377; x_wconf 85' lang='lat' dir='ltr'><strong>ad</strong></span> <span class='ocrx_word' id='word_1_253' title='bbox 2930 1326 3170 1379; x_wconf 90' lang='lat' dir='ltr'><strong>ultimum</strong></span> <span class='ocrx_word' id='word_1_254' title='bbox 3196 1337 3373 1382; x_wconf 85' lang='lat' dir='ltr'><strong>tentus</strong></span> <span class='ocrx_word' id='word_1_255' title='bbox 3402 1343 3433 1381; x_wconf 87' lang='lat' dir='ltr'><strong>a</strong></span> <span class='ocrx_word' id='word_1_256' title='bbox 3465 1344 3627 1398; x_wconf 79' lang='lat' dir='ltr'><strong>paga-</strong></span> 
     </span>
    </p>
   </div>
   <div class='ocr_carea' id='block_1_40' title="bbox 2037 1407 3623 1486">
    <p class='ocr_par' dir='ltr' id='par_1_40' title="bbox 2037 1407 3623 1486">
     <span class='ocr_line' id='line_1_40' title="bbox 2037 1407 3623 1486; baseline 0.011 -28"><span class='ocrx_word' id='word_1_257' title='bbox 2037 1407 2143 1472; x_wconf 91' lang='lat' dir='ltr'><strong>nis,</strong></span> <span class='ocrx_word' id='word_1_258' title='bbox 2175 1414 2263 1473; x_wconf 85' lang='lat' dir='ltr'><strong>qnt</strong></span> <span class='ocrx_word' id='word_1_259' title='bbox 2297 1421 2669 1464; x_wconf 88' lang='lat' dir='ltr'><strong>remanserant</strong></span> <span class='ocrx_word' id='word_1_260' title='bbox 2697 1412 3064 1480; x_wconf 64' lang='lat' dir='ltr'><strong>Alexandriae,</strong></span> <span class='ocrx_word' id='word_1_261' title='bbox 3107 1418 3195 1486; x_wconf 89' lang='lat' dir='ltr'><strong>qui</strong></span> <span class='ocrx_word' id='word_1_262' title='bbox 3230 1419 3467 1474; x_wconf 84' lang='lat' dir='ltr'><strong>videntes</strong></span> <span class='ocrx_word' id='word_1_263' title='bbox 3496 1436 3623 1476; x_wconf 89' lang='lat' dir='ltr'><strong>eum</strong></span> 
     </span>
    </p>
   </div>
   <div class='ocr_carea' id='block_1_41' title="bbox 2034 1493 3619 1573">
    <p class='ocr_par' dir='ltr' id='par_1_41' title="bbox 2034 1493 3619 1573">
     <span class='ocr_line' id='line_1_41' title="bbox 2034 1493 3619 1573; baseline 0.015 -27"><span class='ocrx_word' id='word_1_264' title='bbox 2034 1493 2120 1549; x_wconf 89' lang='lat' dir='ltr'><strong>die</strong></span> <span class='ocrx_word' id='word_1_265' title='bbox 2148 1507 2334 1551; x_wconf 87' lang='lat' dir='ltr'><strong>sancto</strong></span> <span class='ocrx_word' id='word_1_266' title='bbox 2364 1500 2579 1554; x_wconf 75' lang='lat' dir='ltr'><strong>Pascha:</strong></span> <span class='ocrx_word' id='word_1_267' title='bbox 2604 1503 2794 1558; x_wconf 88' lang='lat' dir='ltr'><strong>missas</strong></span> <span class='ocrx_word' id='word_1_268' title='bbox 2820 1504 3128 1573; x_wconf 87' lang='lat' dir='ltr'><strong>facientem,</strong></span> <span class='ocrx_word' id='word_1_269' title='bbox 3155 1510 3412 1566; x_wconf 86' lang='lat' dir='ltr'><strong>miserunt</strong></span> <span class='ocrx_word' id='word_1_270' title='bbox 3440 1513 3619 1569; x_wconf 80' lang='lat' dir='ltr'><strong>funem</strong></span> 
     </span>
    </p>
   </div>
   <div class='ocr_carea' id='block_1_42' title="bbox 2036 1582 3620 1677">
    <p class='ocr_par' dir='ltr' id='par_1_42' title="bbox 2036 1582 3620 1677">
     <span class='ocr_line' id='line_1_42' title="bbox 2036 1582 3620 1677; baseline 0.016 -38"><span class='ocrx_word' id='word_1_271' title='bbox 2036 1586 2086 1639; x_wconf 91' lang='lat' dir='ltr'><strong>in</strong></span> <span class='ocrx_word' id='word_1_272' title='bbox 2116 1589 2254 1641; x_wconf 89' lang='lat' dir='ltr'><strong>collo</strong></span> <span class='ocrx_word' id='word_1_273' title='bbox 2285 1589 2427 1660; x_wconf 87' lang='lat' dir='ltr'><strong>ejus,</strong></span> <span class='ocrx_word' id='word_1_274' title='bbox 2459 1603 2510 1646; x_wconf 92' lang='lat' dir='ltr'><strong>et</strong></span> <span class='ocrx_word' id='word_1_275' title='bbox 2555 1582 2836 1652; x_wconf 77' lang='lat' dir='ltr'><strong>trahebant</strong></span> <span class='ocrx_word' id='word_1_276' title='bbox 2875 1615 2995 1654; x_wconf 91' lang='lat' dir='ltr'><strong>eum</strong></span> <span class='ocrx_word' id='word_1_277' title='bbox 3026 1602 3090 1655; x_wconf 91' lang='lat' dir='ltr'><strong>ad</strong></span> <span class='ocrx_word' id='word_1_278' title='bbox 3116 1604 3227 1658; x_wconf 90' lang='lat' dir='ltr'><strong>loca</strong></span> <span class='ocrx_word' id='word_1_279' title='bbox 3260 1606 3465 1671; x_wconf 88' lang='lat' dir='ltr'><strong>Buculi,</strong></span> <span class='ocrx_word' id='word_1_280' title='bbox 3497 1624 3620 1677; x_wconf 73' lang='lat' dir='ltr'><strong>quae</strong></span> 
     </span>
    </p>
   </div>
   <div class='ocr_carea' id='block_1_43' title="bbox 2036 1680 3619 1753">
    <p class='ocr_par' dir='ltr' id='par_1_43' title="bbox 2036 1680 3619 1753">
     <span class='ocr_line' id='line_1_43' title="bbox 2036 1680 3619 1753; baseline 0.016 -26"><span class='ocrx_word' id='word_1_281' title='bbox 2036 1686 2188 1730; x_wconf 87' lang='lat' dir='ltr'><strong>erant</strong></span> <span class='ocrx_word' id='word_1_282' title='bbox 2212 1680 2361 1746; x_wconf 83' lang='lat' dir='ltr'><strong>juxta</strong></span> <span class='ocrx_word' id='word_1_283' title='bbox 2395 1696 2575 1747; x_wconf 89' lang='lat' dir='ltr'><strong>mare;</strong></span> <span class='ocrx_word' id='word_1_284' title='bbox 2606 1686 2706 1738; x_wconf 90' lang='lat' dir='ltr'><strong>sub</strong></span> <span class='ocrx_word' id='word_1_285' title='bbox 2734 1688 2951 1753; x_wconf 88' lang='lat' dir='ltr'><strong>rupibus</strong></span> <span class='ocrx_word' id='word_1_286' title='bbox 2981 1704 3092 1744; x_wconf 89' lang='lat' dir='ltr'><strong>erat</strong></span> <span class='ocrx_word' id='word_1_287' title='bbox 3113 1694 3339 1748; x_wconf 88' lang='lat' dir='ltr'><strong>ecclesia</strong></span> <span class='ocrx_word' id='word_1_288' title='bbox 3369 1709 3619 1752; x_wconf 83' lang='lat' dir='ltr'><strong>constru-</strong></span> 
     </span>
    </p>
   </div>
   <div class='ocr_carea' id='block_1_44' title="bbox 2037 1771 3621 1853">
    <p class='ocr_par' dir='ltr' id='par_1_44' title="bbox 2037 1771 3621 1853">
     <span class='ocr_line' id='line_1_44' title="bbox 2037 1771 3621 1853; baseline 0.016 -33"><span class='ocrx_word' id='word_1_289' title='bbox 2037 1779 2143 1832; x_wconf 87' lang='lat' dir='ltr'><strong>cta,</strong></span> <span class='ocrx_word' id='word_1_290' title='bbox 2176 1782 2229 1823; x_wconf 90' lang='lat' dir='ltr'><strong>et</strong></span> <span class='ocrx_word' id='word_1_291' title='bbox 2255 1771 2561 1829; x_wconf 86' lang='lat' dir='ltr'><strong>defluebant</strong></span> <span class='ocrx_word' id='word_1_292' title='bbox 2590 1793 2780 1833; x_wconf 89' lang='lat' dir='ltr'><strong>carnes</strong></span> <span class='ocrx_word' id='word_1_293' title='bbox 2808 1782 2924 1845; x_wconf 88' lang='lat' dir='ltr'><strong>ejus</strong></span> <span class='ocrx_word' id='word_1_294' title='bbox 2969 1783 3019 1836; x_wconf 94' lang='lat' dir='ltr'><strong>in</strong></span> <span class='ocrx_word' id='word_1_295' title='bbox 3062 1793 3276 1853; x_wconf 88' lang='lat' dir='ltr'><strong>terram,</strong></span> <span class='ocrx_word' id='word_1_296' title='bbox 3306 1798 3359 1842; x_wconf 92' lang='lat' dir='ltr'><strong>et</strong></span> <span class='ocrx_word' id='word_1_297' title='bbox 3382 1804 3508 1844; x_wconf 81' lang='lat' dir='ltr'><strong>saxa</strong></span> <span class='ocrx_word' id='word_1_298' title='bbox 3539 1793 3621 1845; x_wconf 83' lang='lat' dir='ltr'><strong>in-</strong></span> 
     </span>
    </p>
   </div>
   <div class='ocr_carea' id='block_1_45' title="bbox 1054 1842 1913 1942">
    <p class='ocr_par' dir='ltr' id='par_1_45' title="bbox 1054 1842 1913 1915">
     <span class='ocr_line' id='line_1_45' title="bbox 1054 1842 1913 1915; baseline 0.01 -23"><span class='ocrx_word' id='word_1_299' title='bbox 1054 1848 1113 1892; x_wconf 90' lang='lat' dir='ltr'><strong>ut</strong></span> <span class='ocrx_word' id='word_1_300' title='bbox 1140 1851 1286 1895; x_wconf 88' lang='lat' dir='ltr'><strong>crate</strong></span> <span class='ocrx_word' id='word_1_301' title='bbox 1316 1842 1489 1895; x_wconf 89' lang='lat' dir='ltr'><strong>soluta</strong></span> <span class='ocrx_word' id='word_1_302' title='bbox 1521 1856 1808 1909; x_wconf 88' lang='lat' dir='ltr'><strong>costarum,</strong></span> <span class='ocrx_word' id='word_1_303' title='bbox 1845 1863 1913 1915; x_wconf 86' lang='lat' dir='ltr'><strong>pa</strong></span> 
     </span>
    </p>
   </div>
   <div class='ocr_carea' id='block_1_46' title="bbox 2027 1842 3622 1942">
    <p class='ocr_par' dir='ltr' id='par_1_46' title="bbox 2039 1861 3622 1942">
     <span class='ocr_line' id='line_1_46' title="bbox 2039 1861 3622 1942; baseline 0.016 -29"><span class='ocrx_word' id='word_1_304' title='bbox 2039 1861 2349 1918; x_wconf 84' lang='lat' dir='ltr'><strong>ﬁciebantur</strong></span> <span class='ocrx_word' id='word_1_305' title='bbox 2381 1871 2656 1936; x_wconf 83' lang='lat' dir='ltr'><strong>sanguine.</strong></span> <span class='ocrx_word' id='word_1_306' title='bbox 2690 1870 2927 1942; x_wconf 86' lang='lat' dir='ltr'><strong>Vespere</strong></span> <span class='ocrx_word' id='word_1_307' title='bbox 2965 1886 3140 1930; x_wconf 86' lang='lat' dir='ltr'><strong>autem</strong></span> <span class='ocrx_word' id='word_1_308' title='bbox 3181 1878 3318 1933; x_wconf 89' lang='lat' dir='ltr'><strong>facto</strong></span> <span class='ocrx_word' id='word_1_309' title='bbox 3360 1882 3622 1938; x_wconf 87' lang='lat' dir='ltr'><strong>miserunt</strong></span> 
     </span>
    </p>
   </div>
   <div class='ocr_carea' id='block_1_47' title="bbox 2037 1955 3623 2042">
    <p class='ocr_par' dir='ltr' id='par_1_47' title="bbox 2037 1955 3623 2042">
     <span class='ocr_line' id='line_1_47' title="bbox 2037 1955 3623 2042; baseline 0.014 -35"><span class='ocrx_word' id='word_1_310' title='bbox 2037 1968 2157 2007; x_wconf 90' lang='lat' dir='ltr'><strong>eum</strong></span> <span class='ocrx_word' id='word_1_311' title='bbox 2194 1955 2579 2024; x_wconf 84' lang='lat' dir='ltr'><strong>incarcerem,</strong></span> <span class='ocrx_word' id='word_1_312' title='bbox 2610 1962 2696 2015; x_wconf 90' lang='lat' dir='ltr'><strong>ubi</strong></span> <span class='ocrx_word' id='word_1_313' title='bbox 2741 1964 2880 2018; x_wconf 88' lang='lat' dir='ltr'><strong>circa</strong></span> <span class='ocrx_word' id='word_1_314' title='bbox 2928 1968 3154 2023; x_wconf 88' lang='lat' dir='ltr'><strong>mediam</strong></span> <span class='ocrx_word' id='word_1_315' title='bbox 3202 1982 3407 2026; x_wconf 89' lang='lat' dir='ltr'><strong>noctem</strong></span> <span class='ocrx_word' id='word_1_316' title='bbox 3447 1976 3623 2042; x_wconf 87' lang='lat' dir='ltr'><strong>primo</strong></span> 
     </span>
    </p>
   </div>
   <div class='ocr_carea' id='block_1_48' title="bbox 2036 2048 3620 2134">
    <p class='ocr_par' dir='ltr' id='par_1_48' title="bbox 2036 2048 3620 2134">
     <span class='ocr_line' id='line_1_48' title="bbox 2036 2048 3620 2134; baseline 0.017 -37"><span class='ocrx_word' id='word_1_317' title='bbox 2036 2048 2273 2112; x_wconf 84' lang='lat' dir='ltr'><strong>angelica</strong></span> <span class='ocrx_word' id='word_1_318' title='bbox 2306 2049 2615 2107; x_wconf 85' lang='lat' dir='ltr'><strong>visitatione</strong></span> <span class='ocrx_word' id='word_1_319' title='bbox 2644 2055 2976 2113; x_wconf 85' lang='lat' dir='ltr'><strong>confortatus</strong></span> <span class='ocrx_word' id='word_1_320' title='bbox 3003 2072 3103 2126; x_wconf 91' lang='lat' dir='ltr'><strong>est,</strong></span> <span class='ocrx_word' id='word_1_321' title='bbox 3134 2062 3327 2117; x_wconf 90' lang='lat' dir='ltr'><strong>deinde</strong></span> <span class='ocrx_word' id='word_1_322' title='bbox 3354 2064 3472 2134; x_wconf 91' lang='lat' dir='ltr'><strong>ipso</strong></span> <span class='ocrx_word' id='word_1_323' title='bbox 3511 2068 3620 2123; x_wconf 81' lang='lat' dir='ltr'><strong>Do-</strong></span> 
     </span>
    </p>
   </div>
   <div class='ocr_carea' id='block_1_49' title="bbox 2034 2139 3617 2223">
    <p class='ocr_par' dir='ltr' id='par_1_49' title="bbox 2034 2139 3617 2223">
     <span class='ocr_line' id='line_1_49' title="bbox 2034 2139 3617 2223; baseline 0.015 -31"><span class='ocrx_word' id='word_1_324' title='bbox 2034 2139 2179 2193; x_wconf 88' lang='lat' dir='ltr'><strong>mino</strong></span> <span class='ocrx_word' id='word_1_325' title='bbox 2207 2140 2308 2195; x_wconf 90' lang='lat' dir='ltr'><strong>sibi</strong></span> <span class='ocrx_word' id='word_1_326' title='bbox 2337 2158 2653 2210; x_wconf 88' lang='lat' dir='ltr'><strong>apparente,</strong></span> <span class='ocrx_word' id='word_1_327' title='bbox 2685 2149 2750 2203; x_wconf 91' lang='lat' dir='ltr'><strong>ad</strong></span> <span class='ocrx_word' id='word_1_328' title='bbox 2797 2152 3037 2206; x_wconf 81' lang='lat' dir='ltr'><strong>coelestia</strong></span> <span class='ocrx_word' id='word_1_329' title='bbox 3070 2169 3228 2223; x_wconf 83' lang='lat' dir='ltr'><strong>regna</strong></span> <span class='ocrx_word' id='word_1_330' title='bbox 3262 2170 3484 2213; x_wconf 87' lang='lat' dir='ltr'><strong>vocatus</strong></span> <span class='ocrx_word' id='word_1_331' title='bbox 3511 2171 3617 2215; x_wconf 90' lang='lat' dir='ltr'><strong>est.</strong></span> 
     </span>
    </p>
   </div>
   <div class='ocr_carea' id='block_1_50' title="bbox 2033 2228 3620 2320">
    <p class='ocr_par' dir='ltr' id='par_1_50' title="bbox 2033 2228 3620 2320">
     <span class='ocr_line' id='line_1_50' title="bbox 2033 2228 3620 2320; baseline 0.016 -38"><span class='ocrx_word' id='word_1_332' title='bbox 2033 2228 2102 2283; x_wconf 83' lang='lat' dir='ltr'><strong>At</strong></span> <span class='ocrx_word' id='word_1_333' title='bbox 2151 2246 2303 2286; x_wconf 86' lang='lat' dir='ltr'><strong>mane</strong></span> <span class='ocrx_word' id='word_1_334' title='bbox 2352 2234 2478 2288; x_wconf 91' lang='lat' dir='ltr'><strong>dum</strong></span> <span class='ocrx_word' id='word_1_335' title='bbox 2532 2239 2837 2295; x_wconf 85' lang='lat' dir='ltr'><strong>traheretur</strong></span> <span class='ocrx_word' id='word_1_336' title='bbox 2883 2245 2948 2296; x_wconf 88' lang='lat' dir='ltr'><strong>ad</strong></span> <span class='ocrx_word' id='word_1_337' title='bbox 2998 2245 3110 2300; x_wconf 89' lang='lat' dir='ltr'><strong>loca</strong></span> <span class='ocrx_word' id='word_1_338' title='bbox 3161 2247 3386 2315; x_wconf 85' lang='lat' dir='ltr'><strong>Buculi,</strong></span> <span class='ocrx_word' id='word_1_339' title='bbox 3421 2253 3620 2320; x_wconf 81' lang='lat' dir='ltr'><strong>gratias</strong></span> 
     </span>
    </p>
   </div>
   <div class='ocr_carea' id='block_1_51' title="bbox 2033 2324 3621 2397">
    <p class='ocr_par' dir='ltr' id='par_1_51' title="bbox 2033 2324 3621 2397">
     <span class='ocr_line' id='line_1_51' title="bbox 2033 2324 3621 2397; baseline 0.016 -25"><span class='ocrx_word' id='word_1_340' title='bbox 2033 2336 2198 2390; x_wconf 83' lang='lat' dir='ltr'><strong>agens</strong></span> <span class='ocrx_word' id='word_1_341' title='bbox 2224 2333 2277 2377; x_wconf 89' lang='lat' dir='ltr'><strong>et</strong></span> <span class='ocrx_word' id='word_1_342' title='bbox 2307 2324 2487 2380; x_wconf 89' lang='lat' dir='ltr'><strong>dicens</strong></span> <span class='ocrx_word' id='word_1_343' title='bbox 2513 2343 2527 2380; x_wconf 94' lang='lat'><strong>:</strong></span> <span class='ocrx_word' id='word_1_344' title='bbox 2562 2326 2820 2394; x_wconf 89' lang='lat' dir='ltr'><strong>Domine,</strong></span> <span class='ocrx_word' id='word_1_345' title='bbox 2858 2333 2908 2386; x_wconf 95' lang='lat' dir='ltr'><strong>in</strong></span> <span class='ocrx_word' id='word_1_346' title='bbox 2940 2349 3128 2390; x_wconf 90' lang='lat' dir='ltr'><strong>manus</strong></span> <span class='ocrx_word' id='word_1_347' title='bbox 3156 2346 3271 2393; x_wconf 84' lang='lat' dir='ltr'><strong>tuas</strong></span> <span class='ocrx_word' id='word_1_348' title='bbox 3299 2343 3621 2397; x_wconf 87' lang='lat' dir='ltr'><strong>commendo</strong></span> 
     </span>
    </p>
   </div>
   <div class='ocr_carea' id='block_1_52' title="bbox 2033 2412 3619 2500">
    <p class='ocr_par' dir='ltr' id='par_1_52' title="bbox 2033 2412 3619 2500">
     <span class='ocr_line' id='line_1_52' title="bbox 2033 2412 3619 2500; baseline 0.015 -36"><span class='ocrx_word' id='word_1_349' title='bbox 2033 2412 2275 2481; x_wconf 86' lang='lat' dir='ltr'><strong>spiritum</strong></span> <span class='ocrx_word' id='word_1_350' title='bbox 2307 2432 2512 2471; x_wconf 89' lang='lat' dir='ltr'><strong>meum:</strong></span> <span class='ocrx_word' id='word_1_351' title='bbox 2564 2419 2845 2477; x_wconf 81' lang='lat' dir='ltr'><strong>defunctus</strong></span> <span class='ocrx_word' id='word_1_352' title='bbox 2888 2433 3008 2489; x_wconf 89' lang='lat' dir='ltr'><strong>est,</strong></span> <span class='ocrx_word' id='word_1_353' title='bbox 3039 2437 3094 2480; x_wconf 87' lang='lat' dir='ltr'><strong>et</strong></span> <span class='ocrx_word' id='word_1_354' title='bbox 3134 2442 3164 2482; x_wconf 88' lang='lat' dir='ltr'><strong>a</strong></span> <span class='ocrx_word' id='word_1_355' title='bbox 3196 2427 3324 2483; x_wconf 86' lang='lat' dir='ltr'><strong>viris</strong></span> <span class='ocrx_word' id='word_1_356' title='bbox 3355 2431 3619 2500; x_wconf 73' lang='lat' dir='ltr'><strong>religiosis</strong></span> 
     </span>
    </p>
   </div>
   <div class='ocr_carea' id='block_1_53' title="bbox 2034 2504 3620 2586">
    <p class='ocr_par' dir='ltr' id='par_1_53' title="bbox 2034 2504 3620 2586">
     <span class='ocr_line' id='line_1_53' title="bbox 2034 2504 3620 2586; baseline 0.015 -32"><span class='ocrx_word' id='word_1_357' title='bbox 2034 2504 2274 2570; x_wconf 90' lang='lat' dir='ltr'><strong>sepultus</strong></span> <span class='ocrx_word' id='word_1_358' title='bbox 2307 2507 2357 2561; x_wconf 92' lang='lat' dir='ltr'><strong>in</strong></span> <span class='ocrx_word' id='word_1_359' title='bbox 2390 2507 2508 2562; x_wconf 92' lang='lat' dir='ltr'><strong>loco</strong></span> <span class='ocrx_word' id='word_1_360' title='bbox 2538 2509 2731 2578; x_wconf 85' lang='lat' dir='ltr'><strong>lapidis</strong></span> <span class='ocrx_word' id='word_1_361' title='bbox 2758 2513 2925 2568; x_wconf 79' lang='lat' dir='ltr'><strong>excisi</strong></span> <span class='ocrx_word' id='word_1_362' title='bbox 2963 2530 3084 2570; x_wconf 90' lang='lat' dir='ltr'><strong>cum</strong></span> <span class='ocrx_word' id='word_1_363' title='bbox 3114 2518 3302 2586; x_wconf 78' lang='lat' dir='ltr'><strong>gloria.</strong></span> <span class='ocrx_word' id='word_1_364' title='bbox 3332 2520 3620 2579; x_wconf 81' lang='lat' dir='ltr'><strong>Ordinave-</strong></span> 
     </span>
    </p>
   </div>
   <div class='ocr_carea' id='block_1_54' title="bbox 2035 2601 3560 2676">
    <p class='ocr_par' dir='ltr' id='par_1_54' title="bbox 2035 2601 3560 2676">
     <span class='ocr_line' id='line_1_54' title="bbox 2035 2601 3560 2676; baseline 0.013 -29"><span class='ocrx_word' id='word_1_365' title='bbox 2035 2603 2113 2647; x_wconf 91' lang='lat' dir='ltr'><strong>rat</strong></span> <span class='ocrx_word' id='word_1_366' title='bbox 2140 2609 2316 2650; x_wconf 90' lang='lat' dir='ltr'><strong>autem</strong></span> <span class='ocrx_word' id='word_1_367' title='bbox 2350 2613 2447 2668; x_wconf 92' lang='lat' dir='ltr'><strong>pro</strong></span> <span class='ocrx_word' id='word_1_368' title='bbox 2478 2612 2538 2653; x_wconf 88' lang='lat' dir='ltr'><strong>se</strong></span> <span class='ocrx_word' id='word_1_369' title='bbox 2566 2601 2906 2657; x_wconf 64' lang='lat' dir='ltr'><strong>Alexandriae</strong></span> <span class='ocrx_word' id='word_1_370' title='bbox 2932 2606 3240 2676; x_wconf 87' lang='lat' dir='ltr'><strong>episcopum</strong></span> <span class='ocrx_word' id='word_1_371' title='bbox 3267 2610 3560 2667; x_wconf 87' lang='lat' dir='ltr'><strong>Anianum.</strong></span> 
     </span>
    </p>
   </div>
   <div class='ocr_carea' id='block_1_55' title="bbox 1595 2761 2365 2822">
    <p class='ocr_par' dir='ltr' id='par_1_55' title="bbox 1595 2761 2365 2822">
     <span class='ocr_line' id='line_1_55' title="bbox 1595 2761 2365 2822; baseline 0.008 -8"><span class='ocrx_word' id='word_1_372' title='bbox 1595 2761 1822 2816; x_wconf 77' lang='lat' dir='ltr'><strong>EDITlO</strong></span> <span class='ocrx_word' id='word_1_373' title='bbox 1865 2764 2365 2822; x_wconf 81' lang='lat' dir='ltr'><strong>BOLLANDIANA.</strong></span> 
     </span>
    </p>
   </div>
   <div class='ocr_carea' id='block_1_56' title="bbox 411 2838 1916 2920">
    <p class='ocr_par' dir='ltr' id='par_1_56' title="bbox 411 2838 1916 2920">
     <span class='ocr_line' id='line_1_56' title="bbox 411 2838 1916 2920; baseline 0.01 -27"><span class='ocrx_word' id='word_1_374' title='bbox 411 2838 504 2894; x_wconf 70' lang='grc'><strong>24.</strong></span> <span class='ocrx_word' id='word_1_375' title='bbox 547 2869 617 2878; x_wconf 90' lang='lat'><strong>-—</strong></span> <span class='ocrx_word' id='word_1_376' title='bbox 650 2840 914 2901; x_wconf 69' lang='lat' dir='ltr'><strong>VIIIKAL.</strong></span> <span class='ocrx_word' id='word_1_377' title='bbox 964 2846 1230 2917; x_wconf 87' lang='lat' dir='ltr'><strong>Depositio</strong></span> <span class='ocrx_word' id='word_1_378' title='bbox 1274 2851 1299 2878; x_wconf 81' lang='lat'>&quot;</span> <span class='ocrx_word' id='word_1_379' title='bbox 1352 2850 1531 2905; x_wconf 81' lang='lat' dir='ltr'><strong>Melliti</strong></span> <span class='ocrx_word' id='word_1_380' title='bbox 1581 2854 1817 2920; x_wconf 73' lang='lat' dir='ltr'><strong>episcopi</strong></span> <span class='ocrx_word' id='word_1_381' title='bbox 1866 2855 1916 2908; x_wconf 88' lang='lat' dir='ltr'><strong>itt</strong></span> 
     </span>
    </p>
   </div>
   <div class='ocr_carea' id='block_1_57' title="bbox 342 2932 634 2987">
    <p class='ocr_par' dir='ltr' id='par_1_57' title="bbox 342 2932 634 2987">
     <span class='ocr_line' id='line_1_57' title="bbox 342 2932 634 2987; baseline -0.007 0"><span class='ocrx_word' id='word_1_382' title='bbox 342 2932 634 2987; x_wconf 78' lang='lat' dir='ltr'><strong>Britannia.</strong></span> 
     </span>
    </p>
   </div>
   <div class='ocr_carea' id='block_1_58' title="bbox 406 3047 1917 3125">
    <p class='ocr_par' dir='ltr' id='par_1_58' title="bbox 406 3047 1917 3125">
     <span class='ocr_line' id='line_1_58' title="bbox 406 3047 1917 3125; baseline 0.009 -25"><span class='ocrx_word' id='word_1_383' title='bbox 406 3047 597 3101; x_wconf 86' lang='lat' dir='ltr'><strong>Florus</strong></span> <span class='ocrx_word' id='word_1_384' title='bbox 629 3048 680 3101; x_wconf 90' lang='lat' dir='ltr'><strong>iu</strong></span> <span class='ocrx_word' id='word_1_385' title='bbox 709 3048 954 3115; x_wconf 85' lang='lat' dir='ltr'><strong>A.T.L.,</strong></span> <span class='ocrx_word' id='word_1_386' title='bbox 986 3048 1158 3104; x_wconf 89' lang='lat' dir='ltr'><strong>Gallia</strong></span> <span class='ocrx_word' id='word_1_387' title='bbox 1190 3051 1445 3122; x_wconf 84' lang='lat' dir='ltr'><strong>Lugdune</strong></span> <span class='ocrx_word' id='word_1_388' title='bbox 1474 3054 1707 3120; x_wconf 87' lang='lat' dir='ltr'><strong>civitate,</strong></span> <span class='ocrx_word' id='word_1_389' title='bbox 1742 3058 1917 3125; x_wconf 79' lang='lat' dir='ltr'><strong>paSsio</strong></span> 
     </span>
    </p>
   </div>
   <div class='ocr_carea' id='block_1_59' title="bbox 334 3136 1915 3217">
    <p class='ocr_par' dir='ltr' id='par_1_59' title="bbox 334 3136 1915 3217">
     <span class='ocr_line' id='line_1_59' title="bbox 334 3136 1915 3217; baseline 0.007 -27"><span class='ocrx_word' id='word_1_390' title='bbox 334 3137 429 3190; x_wconf 76' lang='lat' dir='ltr'><strong>SS.</strong></span> <span class='ocrx_word' id='word_1_391' title='bbox 457 3136 791 3193; x_wconf 73' lang='lat' dir='ltr'><strong>bAlexandri</strong></span> <span class='ocrx_word' id='word_1_392' title='bbox 842 3152 895 3194; x_wconf 91' lang='lat' dir='ltr'><strong>et</strong></span> <span class='ocrx_word' id='word_1_393' title='bbox 927 3141 1150 3209; x_wconf 81' lang='lat' dir='ltr'><strong>Ypipodi</strong></span> <span class='ocrx_word' id='word_1_394' title='bbox 1197 3158 1317 3197; x_wconf 93' lang='lat' dir='ltr'><strong>cum</strong></span> <span class='ocrx_word' id='word_1_395' title='bbox 1367 3146 1485 3197; x_wconf 89' lang='lat' dir='ltr'><strong>aliis</strong></span> <span class='ocrx_word' id='word_1_396' title='bbox 1536 3146 1746 3216; x_wconf 84' lang='lat' dir='ltr'><strong>triginta</strong></span> <span class='ocrx_word' id='word_1_397' title='bbox 1788 3162 1915 3217; x_wconf 88' lang='lat' dir='ltr'><strong>qua-</strong></span> 
     </span>
    </p>
   </div>
   <div class='ocr_carea' id='block_1_60' title="bbox 2022 2856 3659 2941">
    <p class='ocr_par' dir='ltr' id='par_1_60' title="bbox 2022 2856 3659 2941">
     <span class='ocr_line' id='line_1_60' title="bbox 2022 2856 3659 2941; baseline 0.014 -33"><span class='ocrx_word' id='word_1_398' title='bbox 2022 2870 2117 2923; x_wconf 90' lang='lat' dir='ltr'><strong>per</strong></span> <span class='ocrx_word' id='word_1_399' title='bbox 2148 2856 2390 2927; x_wconf 87' lang='lat' dir='ltr'><strong>Libyam,</strong></span> <span class='ocrx_word' id='word_1_400' title='bbox 2441 2858 2831 2929; x_wconf 85' lang='lat' dir='ltr'><strong>Marmaricam,</strong></span> <span class='ocrx_word' id='word_1_401' title='bbox 2865 2863 3291 2939; x_wconf 86' lang='lat' dir='ltr'><strong>Ammoniacam,</strong></span> <span class='ocrx_word' id='word_1_402' title='bbox 3340 2871 3659 2941; x_wconf 70' lang='lat' dir='ltr'><strong>Pentapo-‘</strong></span> 
     </span>
    </p>
   </div>
   <div class='ocr_carea' id='block_1_61' title="bbox 2025 2947 3613 3031">
    <p class='ocr_par' dir='ltr' id='par_1_61' title="bbox 2025 2947 3613 3031">
     <span class='ocr_line' id='line_1_61' title="bbox 2025 2947 3613 3031; baseline 0.013 -30"><span class='ocrx_word' id='word_1_403' title='bbox 2025 2947 2141 3014; x_wconf 85' lang='lat' dir='ltr'><strong>lim,</strong></span> <span class='ocrx_word' id='word_1_404' title='bbox 2196 2949 2572 3007; x_wconf 82' lang='lat' dir='ltr'><strong>Alexandriam</strong></span> <span class='ocrx_word' id='word_1_405' title='bbox 2616 2968 2776 3027; x_wconf 91' lang='lat' dir='ltr'><strong>atque</strong></span> <span class='ocrx_word' id='word_1_406' title='bbox 2799 2959 3089 3030; x_wconf 64' lang='lat' dir='ltr'><strong>IEgyptum</strong></span> <span class='ocrx_word' id='word_1_407' title='bbox 3134 2968 3484 3031; x_wconf 86' lang='lat' dir='ltr'><strong>universam;</strong></span> <span class='ocrx_word' id='word_1_408' title='bbox 3540 2968 3613 3022; x_wconf 81' lang='lat' dir='ltr'><strong>ad</strong></span> 
     </span>
    </p>
   </div>
   <div class='ocr_carea' id='block_1_62' title="bbox 2017 3040 3612 3117">
    <p class='ocr_par' dir='ltr' id='par_1_62' title="bbox 2017 3040 3612 3117">
     <span class='ocr_line' id='line_1_62' title="bbox 2017 3040 3612 3117; baseline 0.013 -22"><span class='ocrx_word' id='word_1_409' title='bbox 2017 3040 2256 3095; x_wconf 91' lang='lat' dir='ltr'><strong>ultimum</strong></span> <span class='ocrx_word' id='word_1_410' title='bbox 2286 3052 2460 3098; x_wconf 90' lang='lat' dir='ltr'><strong>tentus</strong></span> <span class='ocrx_word' id='word_1_411' title='bbox 2474 3054 2556 3098; x_wconf 88' lang='lat' dir='ltr'><strong>est</strong></span> <span class='ocrx_word' id='word_1_412' title='bbox 2575 3062 2602 3098; x_wconf 90' lang='lat' dir='ltr'><strong>a</strong></span> <span class='ocrx_word' id='word_1_413' title='bbox 2633 3051 2872 3116; x_wconf 84' lang='lat' dir='ltr'><strong>paganis,</strong></span> <span class='ocrx_word' id='word_1_414' title='bbox 2890 3051 2977 3117; x_wconf 85' lang='lat' dir='ltr'><strong>qui</strong></span> <span class='ocrx_word' id='word_1_415' title='bbox 2996 3059 3612 3114; x_wconf 83' lang='lat' dir='ltr'><strong>retnauserautAlexan-</strong></span> 
     </span>
    </p>
   </div>
   <div class='ocr_carea' id='block_1_63' title="bbox 2016 3130 3612 3205">
    <p class='ocr_par' dir='ltr' id='par_1_63' title="bbox 2016 3130 3612 3205">
     <span class='ocr_line' id='line_1_63' title="bbox 2016 3130 3612 3205; baseline 0.014 -22"><span class='ocrx_word' id='word_1_416' title='bbox 2016 3130 2165 3185; x_wconf 77' lang='lat' dir='ltr'><strong>drize.</strong></span> <span class='ocrx_word' id='word_1_417' title='bbox 2200 3131 2489 3201; x_wconf 77' lang='lat' dir='ltr'><strong>(Hactenus</strong></span> <span class='ocrx_word' id='word_1_418' title='bbox 2521 3137 2612 3205; x_wconf 87' lang='lat' dir='ltr'><strong>A.)</strong></span> <span class='ocrx_word' id='word_1_419' title='bbox 2667 3139 2768 3205; x_wconf 80' lang='lat' dir='ltr'><strong>Qui</strong></span> <span class='ocrx_word' id='word_1_420' title='bbox 2827 3140 3065 3196; x_wconf 87' lang='lat' dir='ltr'><strong>videntes</strong></span> <span class='ocrx_word' id='word_1_421' title='bbox 3116 3160 3236 3196; x_wconf 89' lang='lat' dir='ltr'><strong>eum</strong></span> <span class='ocrx_word' id='word_1_422' title='bbox 3294 3146 3380 3199; x_wconf 91' lang='lat' dir='ltr'><strong>die</strong></span> <span class='ocrx_word' id='word_1_423' title='bbox 3419 3160 3612 3205; x_wconf 86' lang='lat' dir='ltr'><strong>sancto</strong></span> 
     </span>
    </p>
   </div>
   <div class='ocr_carea' id='block_1_64' title="bbox 333 3219 3612 3309">
    <p class='ocr_par' dir='ltr' id='par_1_64' title="bbox 333 3219 3612 3309">
     <span class='ocr_line' id='line_1_64' title="bbox 333 3219 3612 3309; baseline 0.012 -54"><span class='ocrx_word' id='word_1_424' title='bbox 333 3239 455 3285; x_wconf 63' lang='lat' dir='ltr'><strong>mor</strong></span> <span class='ocrx_word' id='word_1_425' title='bbox 487 3250 498 3284; x_wconf 49' lang='grc' dir='ltr'>ε</span> <span class='ocrx_word' id='word_1_426' title='bbox 529 3248 754 3301; x_wconf 63' lang='lat' dir='ltr'><strong>quorum</strong></span> <span class='ocrx_word' id='word_1_427' title='bbox 802 3235 1102 3288; x_wconf 55' lang='lat' dir='ltr'><strong>Alexander</strong></span> <span class='ocrx_word' id='word_1_428' title='bbox 1149 3238 1197 3289; x_wconf 63' lang='lat' dir='ltr'>in</span> <span class='ocrx_word' id='word_1_429' title='bbox 1249 3251 1461 3291; x_wconf 65' lang='lat' dir='ltr'><strong>crucem</strong></span> <span class='ocrx_word' id='word_1_430' title='bbox 1514 3249 1786 3304; x_wconf 41' lang='lat' dir='ltr'><strong>emensus,</strong></span> <span class='ocrx_word' id='word_1_431' title='bbox 1838 3240 1907 3294; x_wconf 51' lang='lat' dir='ltr'><strong>ita</strong></span> <span class='ocrx_word' id='word_1_432' title='bbox 1939 3246 1984 3309; x_wconf 62' lang='grc' dir='ltr'>Ο</span> <span class='ocrx_word' id='word_1_433' title='bbox 2019 3219 2235 3275; x_wconf 71' lang='lat' dir='ltr'><strong>Pascha:</strong></span> <span class='ocrx_word' id='word_1_434' title='bbox 2286 3224 2475 3278; x_wconf 87' lang='lat' dir='ltr'><strong>missas</strong></span> <span class='ocrx_word' id='word_1_435' title='bbox 2522 3224 2826 3292; x_wconf 89' lang='lat' dir='ltr'><strong>facientem,</strong></span> <span class='ocrx_word' id='word_1_436' title='bbox 2860 3230 3121 3286; x_wconf 91' lang='lat' dir='ltr'><strong>miserunt</strong></span> <span class='ocrx_word' id='word_1_437' title='bbox 3166 3233 3345 3289; x_wconf 90' lang='lat' dir='ltr'><strong>funem</strong></span> <span class='ocrx_word' id='word_1_438' title='bbox 3377 3238 3427 3291; x_wconf 92' lang='lat' dir='ltr'><strong>iu</strong></span> <span class='ocrx_word' id='word_1_439' title='bbox 3465 3240 3612 3294; x_wconf 85' lang='lat' dir='ltr'><strong>collo</strong></span> 
     </span>
    </p>
   </div>
   <div class='ocr_carea' id='block_1_65' title="bbox 335 3325 1921 3395">
    <p class='ocr_par' dir='ltr' id='par_1_65' title="bbox 335 3325 1921 3395">
     <span class='ocr_line' id='line_1_65' title="bbox 335 3325 1921 3395; baseline 0.008 -20"><span class='ocrx_word' id='word_1_440' title='bbox 335 3325 560 3378; x_wconf 88' lang='lat' dir='ltr'><strong>laniatus</strong></span> <span class='ocrx_word' id='word_1_441' title='bbox 603 3326 913 3381; x_wconf 88' lang='lat' dir='ltr'><strong>crudelitate</strong></span> <span class='ocrx_word' id='word_1_442' title='bbox 942 3330 1343 3382; x_wconf 83' lang='lat' dir='ltr'><strong>verberantium</strong></span> <span class='ocrx_word' id='word_1_443' title='bbox 1391 3331 1624 3395; x_wconf 83' lang='lat' dir='ltr'><strong>exstitit,</strong></span> <span class='ocrx_word' id='word_1_444' title='bbox 1677 3342 1733 3385; x_wconf 81' lang='grc' dir='ltr'><strong>ιιι</strong></span> <span class='ocrx_word' id='word_1_445' title='bbox 1776 3343 1921 3388; x_wconf 78' lang='lat' dir='ltr'><strong>crate</strong></span> 
     </span>
    </p>
   </div>
   <div class='ocr_carea' id='block_1_66' title="bbox 331 3416 1917 3485">
    <p class='ocr_par' dir='ltr' id='par_1_66' title="bbox 331 3416 1917 3485">
     <span class='ocr_line' id='line_1_66' title="bbox 331 3416 1917 3485; baseline 0.008 -20"><span class='ocrx_word' id='word_1_446' title='bbox 331 3416 500 3469; x_wconf 78' lang='lat' dir='ltr'><strong>soluta</strong></span> <span class='ocrx_word' id='word_1_447' title='bbox 532 3426 820 3484; x_wconf 88' lang='lat' dir='ltr'><strong>eostarum,</strong></span> <span class='ocrx_word' id='word_1_448' title='bbox 857 3419 1129 3485; x_wconf 86' lang='lat' dir='ltr'><strong>patefactis</strong></span> <span class='ocrx_word' id='word_1_449' title='bbox 1160 3420 1454 3474; x_wconf 82' lang='lat' dir='ltr'><strong>visceribus</strong></span> <span class='ocrx_word' id='word_1_450' title='bbox 1486 3432 1693 3476; x_wconf 89' lang='lat' dir='ltr'><strong>secreta</strong></span> <span class='ocrx_word' id='word_1_451' title='bbox 1723 3425 1917 3478; x_wconf 70' lang='lat' dir='ltr'><strong>animre</strong></span> 
     </span>
    </p>
   </div>
   <div class='ocr_carea' id='block_1_67' title="bbox 335 3508 1914 3578">
    <p class='ocr_par' dir='ltr' id='par_1_67' title="bbox 335 3508 1914 3578">
     <span class='ocr_line' id='line_1_67' title="bbox 335 3508 1914 3578; baseline 0.009 -23"><span class='ocrx_word' id='word_1_452' title='bbox 335 3508 708 3573; x_wconf 79' lang='lat' dir='ltr'><strong>panderentur,</strong></span> <span class='ocrx_word' id='word_1_453' title='bbox 752 3517 909 3576; x_wconf 87' lang='lat' dir='ltr'><strong>atque</strong></span> <span class='ocrx_word' id='word_1_454' title='bbox 947 3509 1024 3562; x_wconf 90' lang='lat' dir='ltr'><strong>sic</strong></span> <span class='ocrx_word' id='word_1_455' title='bbox 1052 3510 1295 3578; x_wconf 87' lang='lat' dir='ltr'><strong>spiritum</strong></span> <span class='ocrx_word' id='word_1_456' title='bbox 1335 3512 1673 3570; x_wconf 78' lang='lat' dir='ltr'><strong>exanimatus</strong></span> <span class='ocrx_word' id='word_1_457' title='bbox 1712 3516 1914 3569; x_wconf 90' lang='lat' dir='ltr'><strong>emisit.</strong></span> 
     </span>
    </p>
   </div>
   <div class='ocr_carea' id='block_1_68' title="bbox 334 3595 1916 3674">
    <p class='ocr_par' dir='ltr' id='par_1_68' title="bbox 334 3595 1916 3674">
     <span class='ocr_line' id='line_1_68' title="bbox 334 3595 1916 3674; baseline 0.008 -26"><span class='ocrx_word' id='word_1_458' title='bbox 334 3595 604 3666; x_wconf 81' lang='lat' dir='ltr'><strong>Ypipodus</strong></span> <span class='ocrx_word' id='word_1_459' title='bbox 632 3613 758 3654; x_wconf 89' lang='lat' dir='ltr'><strong>vero</strong></span> <span class='ocrx_word' id='word_1_460' title='bbox 793 3608 903 3653; x_wconf 88' lang='lat' dir='ltr'><strong>toto</strong></span> <span class='ocrx_word' id='word_1_461' title='bbox 929 3614 1022 3654; x_wconf 87' lang='lat' dir='ltr'><strong>ore</strong></span> <span class='ocrx_word' id='word_1_462' title='bbox 1051 3600 1333 3669; x_wconf 87' lang='lat' dir='ltr'><strong>plumbatis</strong></span> <span class='ocrx_word' id='word_1_463' title='bbox 1358 3603 1655 3668; x_wconf 87' lang='lat' dir='ltr'><strong>confracto,</strong></span> <span class='ocrx_word' id='word_1_464' title='bbox 1686 3606 1916 3674; x_wconf 88' lang='lat' dir='ltr'><strong>equuleo</strong></span> 
     </span>
    </p>
   </div>
   <div class='ocr_carea' id='block_1_69' title="bbox 332 3689 1841 3761">
    <p class='ocr_par' dir='ltr' id='par_1_69' title="bbox 332 3689 1841 3761">
     <span class='ocr_line' id='line_1_69' title="bbox 332 3689 1841 3761; baseline 0.009 -29"><span class='ocrx_word' id='word_1_465' title='bbox 332 3696 411 3736; x_wconf 68' lang='lat' dir='ltr'><strong>t&#39;sl</strong></span> <span class='ocrx_word' id='word_1_466' title='bbox 448 3700 740 3754; x_wconf 89' lang='lat' dir='ltr'><strong>suspensus</strong></span> <span class='ocrx_word' id='word_1_467' title='bbox 769 3696 823 3741; x_wconf 84' lang='lat' dir='ltr'><strong>et</strong></span> <span class='ocrx_word' id='word_1_468' title='bbox 854 3690 1189 3756; x_wconf 74' lang='lat' dir='ltr'><strong>posutmdum</strong></span> <span class='ocrx_word' id='word_1_469' title='bbox 1219 3689 1393 3759; x_wconf 87' lang='lat' dir='ltr'><strong>gladio</strong></span> <span class='ocrx_word' id='word_1_470' title='bbox 1423 3701 1505 3745; x_wconf 91' lang='lat' dir='ltr'><strong>est</strong></span> <span class='ocrx_word' id='word_1_471' title='bbox 1538 3708 1841 3761; x_wconf 87' lang='lat' dir='ltr'><strong>percussus.</strong></span> 
     </span>
    </p>
   </div>
   <div class='ocr_carea' id='block_1_70' title="bbox 405 3816 1909 3899">
    <p class='ocr_par' dir='ltr' id='par_1_70' title="bbox 405 3816 1909 3899">
     <span class='ocr_line' id='line_1_70' title="bbox 405 3816 1909 3899; baseline 0.009 -30"><span class='ocrx_word' id='word_1_472' title='bbox 405 3816 513 3899; x_wconf 51' lang='grc' dir='ltr'><strong>ξι..</strong></span> <span class='ocrx_word' id='word_1_473' title='bbox 540 3818 607 3899; x_wconf 56' lang='lat' dir='ltr'><strong>Et</strong></span> <span class='ocrx_word' id='word_1_474' title='bbox 656 3819 717 3899; x_wconf 47' lang='lat' dir='ltr'><strong>in.</strong></span> <span class='ocrx_word' id='word_1_475' title='bbox 753 3820 863 3899; x_wconf 72' lang='lat' dir='ltr'><strong>hoc</strong></span> <span class='ocrx_word' id='word_1_476' title='bbox 901 3821 989 3899; x_wconf 78' lang='lat' dir='ltr'><strong>die</strong></span> <span class='ocrx_word' id='word_1_477' title='bbox 1015 3821 1281 3899; x_wconf 63' lang='lat' dir='ltr'><strong>Sidi-ach,</strong></span> <span class='ocrx_word' id='word_1_478' title='bbox 1304 3823 1465 3877; x_wconf 78' lang='lat' dir='ltr'><strong>Misac</strong></span> <span class='ocrx_word' id='word_1_479' title='bbox 1516 3836 1569 3899; x_wconf 84' lang='lat' dir='ltr'><strong>et</strong></span> <span class='ocrx_word' id='word_1_480' title='bbox 1599 3828 1909 3899; x_wconf 84' lang='lat' dir='ltr'><strong>Ahdenago,</strong></span> 
     </span>
    </p>
   </div>
   <div class='ocr_carea' id='block_1_71' title="bbox 329 3886 1909 3969">
    <p class='ocr_par' dir='ltr' id='par_1_71' title="bbox 329 3886 1909 3969">
     <span class='ocr_line' id='line_1_71' title="bbox 329 3886 1909 3969; baseline 0.012 -34"><span class='ocrx_word' id='word_1_481' title='bbox 329 3886 432 3967; x_wconf 72' lang='lat' dir='ltr'><strong>qui</strong></span> <span class='ocrx_word' id='word_1_482' title='bbox 470 3897 522 3939; x_wconf 90' lang='lat' dir='ltr'><strong>et</strong></span> <span class='ocrx_word' id='word_1_483' title='bbox 550 3889 803 3952; x_wconf 88' lang='lat' dir='ltr'><strong>Anauias,</strong></span> <span class='ocrx_word' id='word_1_484' title='bbox 842 3890 1072 3969; x_wconf 72' lang='lat' dir='ltr'><strong>Asarias,</strong></span> <span class='ocrx_word' id='word_1_485' title='bbox 1108 3886 1285 3969; x_wconf 70' lang='lat' dir='ltr'><strong>illisae!</strong></span> <span class='ocrx_word' id='word_1_486' title='bbox 1331 3911 1363 3969; x_wconf 90' lang='lat'><strong>:_</strong></span> <span class='ocrx_word' id='word_1_487' title='bbox 1390 3898 1475 3969; x_wconf 89' lang='lat' dir='ltr'><strong>qui</strong></span> <span class='ocrx_word' id='word_1_488' title='bbox 1529 3897 1581 3969; x_wconf 89' lang='lat' dir='ltr'><strong>in</strong></span> <span class='ocrx_word' id='word_1_489' title='bbox 1628 3886 1909 3969; x_wconf 62' lang='lat' dir='ltr'><strong>Babylonia</strong></span> 
     </span>
    </p>
   </div>
   <div class='ocr_carea' id='block_1_72' title="bbox 332 3955 1905 4031">
    <p class='ocr_par' dir='ltr' id='par_1_72' title="bbox 332 3955 1905 4031">
     <span class='ocr_line' id='line_1_72' title="bbox 332 3955 1905 4031; baseline 0.014 -27"><span class='ocrx_word' id='word_1_490' title='bbox 332 3978 342 3997; x_wconf 80' lang='grc' dir='ltr'>ι</span> <span class='ocrx_word' id='word_1_491' title='bbox 366 3955 547 4031; x_wconf 76' lang='lat' dir='ltr'><strong>ivitate</strong></span> <span class='ocrx_word' id='word_1_492' title='bbox 574 3972 759 4031; x_wconf 77' lang='lat' dir='ltr'><strong>magna</strong></span> <span class='ocrx_word' id='word_1_493' title='bbox 788 3965 854 4031; x_wconf 78' lang='lat' dir='ltr'><strong>de</strong></span> <span class='ocrx_word' id='word_1_494' title='bbox 876 3961 1087 4014; x_wconf 90' lang='lat' dir='ltr'><strong>camino</strong></span> <span class='ocrx_word' id='word_1_495' title='bbox 1113 3963 1245 4031; x_wconf 81' lang='lat' dir='ltr'><strong>ignis</strong></span> <span class='ocrx_word' id='word_1_496' title='bbox 1272 3955 1505 4017; x_wconf 84' lang='lat' dir='ltr'><strong>ardentis</strong></span> <span class='ocrx_word' id='word_1_497' title='bbox 1534 3955 1905 4026; x_wconf 41' lang='lat' dir='ltr'><strong>liberati&#39;suut.</strong></span> 
     </span>
    </p>
   </div>
   <div class='ocr_carea' id='block_1_73' title="bbox 336 4026 1909 4100">
    <p class='ocr_par' dir='ltr' id='par_1_73' title="bbox 336 4026 1909 4100">
     <span class='ocr_line' id='line_1_73' title="bbox 336 4026 1909 4100; baseline 0.013 -27"><span class='ocrx_word' id='word_1_498' title='bbox 336 4029 396 4100; x_wconf 78' lang='lat' dir='ltr'><strong>In</strong></span> <span class='ocrx_word' id='word_1_499' title='bbox 422 4026 639 4080; x_wconf 84' lang='lat' dir='ltr'><strong>civitate</strong></span> <span class='ocrx_word' id='word_1_500' title='bbox 670 4028 926 4097; x_wconf 79' lang='lat' dir='ltr'><strong>Lugdune</strong></span> <span class='ocrx_word' id='word_1_501' title='bbox 958 4026 1154 4085; x_wconf 52' lang='lat' dir='ltr'><strong>Gallia;</strong></span> <span class='ocrx_word' id='word_1_502' title='bbox 1174 4034 1348 4100; x_wconf 83' lang='lat' dir='ltr'><strong>passio</strong></span> <span class='ocrx_word' id='word_1_503' title='bbox 1377 4035 1431 4088; x_wconf 89' lang='lat' dir='ltr'><strong>S.</strong></span> <span class='ocrx_word' id='word_1_504' title='bbox 1462 4036 1748 4092; x_wconf 75' lang='lat' dir='ltr'><strong>Alexandri</strong></span> <span class='ocrx_word' id='word_1_505' title='bbox 1788 4055 1909 4094; x_wconf 91' lang='lat' dir='ltr'><strong>cum</strong></span> 
     </span>
    </p>
   </div>
   <div class='ocr_carea' id='block_1_74' title="bbox 328 4096 1910 4181">
    <p class='ocr_par' dir='ltr' id='par_1_74' title="bbox 328 4096 1910 4181">
     <span class='ocr_line' id='line_1_74' title="bbox 328 4096 1910 4181; baseline 0.012 -35"><span class='ocrx_word' id='word_1_506' title='bbox 328 4096 449 4181; x_wconf 62' lang='lat' dir='ltr'><strong>aliis</strong></span> <span class='ocrx_word' id='word_1_507' title='bbox 499 4110 721 4151; x_wconf 91' lang='lat' dir='ltr'><strong>numero</strong></span> <span class='ocrx_word' id='word_1_508' title='bbox 760 4096 976 4167; x_wconf 74' lang='lat' dir='ltr'><strong>triginta</strong></span> <span class='ocrx_word' id='word_1_509' title='bbox 1024 4096 1269 4181; x_wconf 80' lang='lat' dir='ltr'><strong>quatuor,</strong></span> <span class='ocrx_word' id='word_1_510' title='bbox 1308 4113 1371 4181; x_wconf 58' lang='lat' dir='ltr'><strong>et</strong></span> <span class='ocrx_word' id='word_1_511' title='bbox 1400 4107 1664 4181; x_wconf 72' lang='lat' dir='ltr'><strong>dedicatio</strong></span> <span class='ocrx_word' id='word_1_512' title='bbox 1709 4119 1910 4181; x_wconf 73' lang='lat' dir='ltr'><strong>cryptae</strong></span> 
     </span>
    </p>
   </div>
   <div class='ocr_carea' id='block_1_75' title="bbox 335 4165 1907 4238">
    <p class='ocr_par' dir='ltr' id='par_1_75' title="bbox 335 4165 1907 4238">
     <span class='ocr_line' id='line_1_75' title="bbox 335 4165 1907 4238; baseline 0.012 -24"><span class='ocrx_word' id='word_1_513' title='bbox 335 4165 425 4238; x_wconf 84' lang='lat' dir='ltr'><strong>ubi</strong></span> <span class='ocrx_word' id='word_1_514' title='bbox 451 4180 672 4238; x_wconf 76' lang='lat' dir='ltr'><strong>corpora</strong></span> <span class='ocrx_word' id='word_1_515' title='bbox 704 4165 886 4222; x_wconf 75' lang='lat' dir='ltr'><strong>eorum</strong></span> <span class='ocrx_word' id='word_1_516' title='bbox 919 4165 1278 4238; x_wconf 81' lang='lat' dir='ltr'><strong>requiescunt.</strong></span> <span class='ocrx_word' id='word_1_517' title='bbox 1333 4175 1398 4227; x_wconf 88' lang='lat' dir='ltr'><strong>Et</strong></span> <span class='ocrx_word' id='word_1_518' title='bbox 1426 4176 1547 4227; x_wconf 84' lang='lat' dir='ltr'><strong>alibi</strong></span> <span class='ocrx_word' id='word_1_519' title='bbox 1578 4165 1907 4234; x_wconf 70' lang='lat' dir='ltr'><strong>commemo-</strong></span> 
     </span>
    </p>
   </div>
   <div class='ocr_carea' id='block_1_76' title="bbox 332 4235 1908 4308">
    <p class='ocr_par' dir='ltr' id='par_1_76' title="bbox 332 4235 1908 4308">
     <span class='ocr_line' id='line_1_76' title="bbox 332 4235 1908 4308; baseline 0.01 -21"><span class='ocrx_word' id='word_1_520' title='bbox 332 4236 465 4289; x_wconf 82' lang='lat' dir='ltr'><strong>ratio</strong></span> <span class='ocrx_word' id='word_1_521' title='bbox 496 4235 554 4308; x_wconf 84' lang='lat' dir='ltr'><strong>S.</strong></span> <span class='ocrx_word' id='word_1_522' title='bbox 580 4236 813 4308; x_wconf 80' lang='lat' dir='ltr'><strong>Georgii.</strong></span> <span class='ocrx_word' id='word_1_523' title='bbox 849 4240 929 4303; x_wconf 83' lang='lat' dir='ltr'><strong>B.,</strong></span> <span class='ocrx_word' id='word_1_524' title='bbox 957 4235 1009 4293; x_wconf 83' lang='lat' dir='ltr'><strong>In</strong></span> <span class='ocrx_word' id='word_1_525' title='bbox 1044 4241 1356 4295; x_wconf 84' lang='lat' dir='ltr'><strong>Alexandria</strong></span> <span class='ocrx_word' id='word_1_526' title='bbox 1390 4255 1497 4297; x_wconf 83' lang='lat' dir='ltr'><strong>nat.</strong></span> <span class='ocrx_word' id='word_1_527' title='bbox 1536 4247 1663 4301; x_wconf 75' lang='lat' dir='ltr'><strong>SS.°</strong></span> <span class='ocrx_word' id='word_1_528' title='bbox 1686 4249 1908 4303; x_wconf 67' lang='lat' dir='ltr'><strong>Corona:</strong></span> 
     </span>
    </p>
   </div>
   <div class='ocr_carea' id='block_1_77' title="bbox 330 4307 1905 4383">
    <p class='ocr_par' dir='ltr' id='par_1_77' title="bbox 330 4307 1905 4383">
     <span class='ocr_line' id='line_1_77' title="bbox 330 4307 1905 4383; baseline 0.01 -26"><span class='ocrx_word' id='word_1_529' title='bbox 330 4307 584 4383; x_wconf 49' lang='lat' dir='ltr'><strong>virginis,</strong></span> <span class='ocrx_word' id='word_1_530' title='bbox 603 4307 849 4383; x_wconf 69' lang='lat' dir='ltr'><strong>Victoris,</strong></span> <span class='ocrx_word' id='word_1_531' title='bbox 878 4310 1064 4383; x_wconf 67' lang='lat' dir='ltr'><strong>ZQliCi.</strong></span> <span class='ocrx_word' id='word_1_532' title='bbox 1088 4312 1143 4364; x_wconf 93' lang='lat' dir='ltr'><strong>In</strong></span> <span class='ocrx_word' id='word_1_533' title='bbox 1177 4316 1349 4383; x_wconf 73' lang='lat' dir='ltr'><strong>Aftica</strong></span> <span class='ocrx_word' id='word_1_534' title='bbox 1387 4327 1493 4367; x_wconf 82' lang='lat' dir='ltr'><strong>nat.</strong></span> <span class='ocrx_word' id='word_1_535' title='bbox 1523 4317 1614 4371; x_wconf 86' lang='lat' dir='ltr'><strong>SS.</strong></span> <span class='ocrx_word' id='word_1_536' title='bbox 1651 4317 1905 4383; x_wconf 79' lang='lat' dir='ltr'><strong>Faustini,</strong></span> 
     </span>
    </p>
   </div>
   <div class='ocr_carea' id='block_1_78' title="bbox 337 4377 1906 4446">
    <p class='ocr_par' dir='ltr' id='par_1_78' title="bbox 337 4377 1906 4446">
     <span class='ocr_line' id='line_1_78' title="bbox 337 4377 1906 4446; baseline 0.012 -21"><span class='ocrx_word' id='word_1_537' title='bbox 337 4377 609 4442; x_wconf 76' lang='lat' dir='ltr'><strong>Victorini,</strong></span> <span class='ocrx_word' id='word_1_538' title='bbox 642 4379 859 4433; x_wconf 83' lang='lat' dir='ltr'><strong>Valerii.</strong></span> <span class='ocrx_word' id='word_1_539' title='bbox 914 4382 976 4433; x_wconf 78' lang='lat' dir='ltr'><strong>Et</strong></span> <span class='ocrx_word' id='word_1_540' title='bbox 1006 4393 1113 4435; x_wconf 87' lang='lat' dir='ltr'><strong>ttat.</strong></span> <span class='ocrx_word' id='word_1_541' title='bbox 1150 4384 1244 4436; x_wconf 72' lang='lat' dir='ltr'><strong>SS.</strong></span> <span class='ocrx_word' id='word_1_542' title='bbox 1277 4381 1302 4419; x_wconf 76' lang='grc' dir='ltr'><em>ἀ</em></span> <span class='ocrx_word' id='word_1_543' title='bbox 1336 4385 1645 4440; x_wconf 79' lang='lat' dir='ltr'><strong>llecheraCti</strong></span> <span class='ocrx_word' id='word_1_544' title='bbox 1676 4399 1729 4441; x_wconf 86' lang='lat' dir='ltr'><strong>et</strong></span> <span class='ocrx_word' id='word_1_545' title='bbox 1762 4394 1785 4420; x_wconf 85' lang='lat'><strong><em>°</em></strong></span> <span class='ocrx_word' id='word_1_546' title='bbox 1820 4377 1906 4446; x_wconf 52' lang='lat' dir='ltr'><strong>Ui;</strong></span> 
     </span>
    </p>
   </div>
   <div class='ocr_carea' id='block_1_79' title="bbox 328 4448 1833 4517">
    <p class='ocr_par' dir='ltr' id='par_1_79' title="bbox 328 4448 1833 4517">
     <span class='ocr_line' id='line_1_79' title="bbox 328 4448 1833 4517; baseline 0.013 -20"><span class='ocrx_word' id='word_1_547' title='bbox 328 4448 485 4500; x_wconf 88' lang='lat' dir='ltr'><strong>fredi.</strong></span> <span class='ocrx_word' id='word_1_548' title='bbox 522 4448 662 4502; x_wconf 88' lang='lat' dir='ltr'><strong>Idem</strong></span> <span class='ocrx_word' id='word_1_549' title='bbox 690 4451 992 4504; x_wconf 82' lang='lat' dir='ltr'><strong>Alexander</strong></span> <span class='ocrx_word' id='word_1_550' title='bbox 1019 4467 1139 4505; x_wconf 90' lang='lat' dir='ltr'><strong>cum</strong></span> <span class='ocrx_word' id='word_1_551' title='bbox 1169 4454 1327 4508; x_wconf 86' lang='lat' dir='ltr'><strong>sociis</strong></span> <span class='ocrx_word' id='word_1_552' title='bbox 1358 4457 1661 4511; x_wconf 83' lang='lat' dir='ltr'><strong>nominatur</strong></span> <span class='ocrx_word' id='word_1_553' title='bbox 1691 4459 1741 4513; x_wconf 87' lang='lat' dir='ltr'><strong>itt</strong></span> <span class='ocrx_word' id='word_1_554' title='bbox 1774 4460 1833 4517; x_wconf 81' lang='grc' dir='ltr'><strong>Β.</strong></span> 
     </span>
    </p>
   </div>
   <div class='ocr_carea' id='block_1_80' title="bbox 393 4553 1801 4635">
    <p class='ocr_par' dir='ltr' id='par_1_80' title="bbox 393 4553 1801 4635">
     <span class='ocr_line' id='line_1_80' title="bbox 393 4553 1801 4635; baseline 0.011 -27"><span class='ocrx_word' id='word_1_555' title='bbox 393 4553 583 4610; x_wconf 70' lang='grc'><strong>25.-</strong></span> <span class='ocrx_word' id='word_1_556' title='bbox 614 4557 699 4611; x_wconf 75' lang='lat' dir='ltr'><strong>Vli</strong></span> <span class='ocrx_word' id='word_1_557' title='bbox 750 4558 883 4613; x_wconf 62' lang='grc'><strong>1111..</strong></span> <span class='ocrx_word' id='word_1_558' title='bbox 932 4559 1116 4615; x_wconf 83' lang='lat' dir='ltr'><strong>Natale</strong></span> <span class='ocrx_word' id='word_1_559' title='bbox 1163 4561 1221 4617; x_wconf 91' lang='lat' dir='ltr'><strong>S.</strong></span> <span class='ocrx_word' id='word_1_560' title='bbox 1248 4562 1406 4617; x_wconf 86' lang='lat' dir='ltr'><strong>Marci</strong></span> <span class='ocrx_word' id='word_1_561' title='bbox 1457 4569 1801 4635; x_wconf 75' lang='lat' dir='ltr'><strong>evangelista:</strong></span> 
     </span>
    </p>
   </div>
   <div class='ocr_carea' id='block_1_81' title="bbox 325 4648 1901 4719">
    <p class='ocr_par' dir='ltr' id='par_1_81' title="bbox 325 4648 1901 4719">
     <span class='ocr_line' id='line_1_81' title="bbox 325 4648 1901 4719; baseline 0.011 -19"><span class='ocrx_word' id='word_1_562' title='bbox 325 4648 640 4702; x_wconf 76' lang='lat' dir='ltr'><strong>Alexandria</strong></span> <span class='ocrx_word' id='word_1_563' title='bbox 676 4669 685 4702; x_wconf 93' lang='lat'>:</span> <span class='ocrx_word' id='word_1_564' title='bbox 722 4653 809 4719; x_wconf 85' lang='lat' dir='ltr'><strong>qui</strong></span> <span class='ocrx_word' id='word_1_565' title='bbox 859 4654 1161 4707; x_wconf 77' lang='lat' dir='ltr'><strong>constitutis</strong></span> <span class='ocrx_word' id='word_1_566' title='bbox 1204 4665 1257 4707; x_wconf 90' lang='lat' dir='ltr'><strong>et</strong></span> <span class='ocrx_word' id='word_1_567' title='bbox 1295 4658 1620 4712; x_wconf 68' lang='lat' dir='ltr'><strong>confirmatis</strong></span> <span class='ocrx_word' id='word_1_568' title='bbox 1651 4661 1901 4717; x_wconf 77' lang='lat' dir='ltr'><strong>Ecc&#39;esiis</strong></span> 
     </span>
    </p>
   </div>
   <div class='ocr_carea' id='block_1_82' title="bbox 2024 3310 3613 3398">
    <p class='ocr_par' dir='ltr' id='par_1_82' title="bbox 2024 3310 3613 3398">
     <span class='ocr_line' id='line_1_82' title="bbox 2024 3310 3613 3398; baseline 0.014 -35"><span class='ocrx_word' id='word_1_569' title='bbox 2024 3312 2159 3378; x_wconf 87' lang='lat' dir='ltr'><strong>ejus.</strong></span> <span class='ocrx_word' id='word_1_570' title='bbox 2200 3322 2253 3369; x_wconf 90' lang='lat' dir='ltr'><strong>et</strong></span> <span class='ocrx_word' id='word_1_571' title='bbox 2297 3317 2580 3371; x_wconf 89' lang='lat' dir='ltr'><strong>trahebant</strong></span> <span class='ocrx_word' id='word_1_572' title='bbox 2616 3336 2738 3373; x_wconf 87' lang='lat' dir='ltr'><strong>eum</strong></span> <span class='ocrx_word' id='word_1_573' title='bbox 2777 3321 2841 3374; x_wconf 90' lang='lat' dir='ltr'><strong>ad</strong></span> <span class='ocrx_word' id='word_1_574' title='bbox 2886 3310 3248 3390; x_wconf 35' lang='lat' dir='ltr'><strong>loca&#39;Buculi,</strong></span> <span class='ocrx_word' id='word_1_575' title='bbox 3291 3343 3407 3398; x_wconf 67' lang='lat' dir='ltr'><strong>qua:</strong></span> <span class='ocrx_word' id='word_1_576' title='bbox 3450 3343 3613 3386; x_wconf 86' lang='lat' dir='ltr'><strong>erant</strong></span> 
     </span>
    </p>
   </div>
   <div class='ocr_carea' id='block_1_83' title="bbox 2018 3398 3606 3477">
    <p class='ocr_par' dir='ltr' id='par_1_83' title="bbox 2018 3398 3606 3477">
     <span class='ocr_line' id='line_1_83' title="bbox 2018 3398 3606 3477; baseline 0.014 -25"><span class='ocrx_word' id='word_1_577' title='bbox 2018 3398 2167 3469; x_wconf 81' lang='lat' dir='ltr'><strong>juxta</strong></span> <span class='ocrx_word' id='word_1_578' title='bbox 2199 3418 2349 3459; x_wconf 89' lang='lat' dir='ltr'><strong>mare</strong></span> <span class='ocrx_word' id='word_1_579' title='bbox 2388 3407 2490 3459; x_wconf 92' lang='lat' dir='ltr'><strong>sub</strong></span> <span class='ocrx_word' id='word_1_580' title='bbox 2513 3408 2751 3477; x_wconf 88' lang='lat' dir='ltr'><strong>rupibus,</strong></span> <span class='ocrx_word' id='word_1_581' title='bbox 2782 3411 2869 3465; x_wconf 90' lang='lat' dir='ltr'><strong>ubi</strong></span> <span class='ocrx_word' id='word_1_582' title='bbox 2901 3423 3018 3466; x_wconf 86' lang='lat' dir='ltr'><strong>erat</strong></span> <span class='ocrx_word' id='word_1_583' title='bbox 3044 3417 3265 3469; x_wconf 85' lang='lat' dir='ltr'><strong>ecclesia</strong></span> <span class='ocrx_word' id='word_1_584' title='bbox 3296 3430 3567 3474; x_wconf 76' lang='lat' dir='ltr'><strong>exstructa</strong></span> <span class='ocrx_word' id='word_1_585' title='bbox 3593 3464 3606 3474; x_wconf 91' lang='lat'><strong>.</strong></span> 
     </span>
    </p>
   </div>
   <div class='ocr_carea' id='block_1_84' title="bbox 2018 3494 3613 3574">
    <p class='ocr_par' dir='ltr' id='par_1_84' title="bbox 2018 3494 3613 3574">
     <span class='ocr_line' id='line_1_84' title="bbox 2018 3494 3613 3574; baseline 0.012 -28"><span class='ocrx_word' id='word_1_586' title='bbox 2018 3502 2073 3547; x_wconf 89' lang='lat' dir='ltr'><strong>et</strong></span> <span class='ocrx_word' id='word_1_587' title='bbox 2112 3494 2415 3551; x_wconf 79' lang='lat' dir='ltr'><strong>defluebant</strong></span> <span class='ocrx_word' id='word_1_588' title='bbox 2461 3514 2652 3556; x_wconf 82' lang='lat' dir='ltr'><strong>earnes</strong></span> <span class='ocrx_word' id='word_1_589' title='bbox 2678 3503 2794 3571; x_wconf 90' lang='lat' dir='ltr'><strong>ejus</strong></span> <span class='ocrx_word' id='word_1_590' title='bbox 2826 3507 2877 3558; x_wconf 92' lang='lat' dir='ltr'><strong>in</strong></span> <span class='ocrx_word' id='word_1_591' title='bbox 2910 3515 3130 3574; x_wconf 89' lang='lat' dir='ltr'><strong>terram,</strong></span> <span class='ocrx_word' id='word_1_592' title='bbox 3159 3523 3221 3563; x_wconf 87' lang='lat' dir='ltr'><strong>ac</strong></span> <span class='ocrx_word' id='word_1_593' title='bbox 3248 3524 3374 3563; x_wconf 76' lang='lat' dir='ltr'><strong>saxa</strong></span> <span class='ocrx_word' id='word_1_594' title='bbox 3406 3512 3613 3565; x_wconf 82' lang='lat' dir='ltr'><strong>inlicie-</strong></span> 
     </span>
    </p>
   </div>
   <div class='ocr_carea' id='block_1_85' title="bbox 2018 3584 3601 3665">
    <p class='ocr_par' dir='ltr' id='par_1_85' title="bbox 2018 3584 3601 3665">
     <span class='ocr_line' id='line_1_85' title="bbox 2018 3584 3601 3665; baseline 0.012 -29"><span class='ocrx_word' id='word_1_595' title='bbox 2018 3584 2208 3638; x_wconf 87' lang='lat' dir='ltr'><strong>bantur</strong></span> <span class='ocrx_word' id='word_1_596' title='bbox 2253 3589 2531 3658; x_wconf 86' lang='lat' dir='ltr'><strong>sanguine.</strong></span> <span class='ocrx_word' id='word_1_597' title='bbox 2606 3591 2836 3662; x_wconf 79' lang='lat' dir='ltr'><strong>Vespere</strong></span> <span class='ocrx_word' id='word_1_598' title='bbox 2883 3606 3057 3650; x_wconf 89' lang='lat' dir='ltr'><strong>autem</strong></span> <span class='ocrx_word' id='word_1_599' title='bbox 3109 3597 3285 3665; x_wconf 89' lang='lat' dir='ltr'><strong>facto,</strong></span> <span class='ocrx_word' id='word_1_600' title='bbox 3340 3602 3601 3655; x_wconf 86' lang='lat' dir='ltr'><strong>miserunt</strong></span> 
     </span>
    </p>
   </div>
   <div class='ocr_carea' id='block_1_86' title="bbox 2017 3678 3607 3761">
    <p class='ocr_par' dir='ltr' id='par_1_86' title="bbox 2017 3678 3607 3761">
     <span class='ocr_line' id='line_1_86' title="bbox 2017 3678 3607 3761; baseline 0.011 -33"><span class='ocrx_word' id='word_1_601' title='bbox 2017 3691 2138 3730; x_wconf 90' lang='lat' dir='ltr'><strong>cum</strong></span> <span class='ocrx_word' id='word_1_602' title='bbox 2190 3678 2240 3730; x_wconf 93' lang='lat' dir='ltr'><strong>in</strong></span> <span class='ocrx_word' id='word_1_603' title='bbox 2270 3693 2540 3736; x_wconf 88' lang='lat' dir='ltr'><strong>carcerem</strong></span> <span class='ocrx_word' id='word_1_604' title='bbox 2577 3700 2589 3736; x_wconf 92' lang='lat'>:</span> <span class='ocrx_word' id='word_1_605' title='bbox 2621 3686 2709 3738; x_wconf 89' lang='lat' dir='ltr'><strong>ubi</strong></span> <span class='ocrx_word' id='word_1_606' title='bbox 2745 3687 2883 3740; x_wconf 87' lang='lat' dir='ltr'><strong>circa</strong></span> <span class='ocrx_word' id='word_1_607' title='bbox 2915 3689 3142 3742; x_wconf 89' lang='lat' dir='ltr'><strong>mediam</strong></span> <span class='ocrx_word' id='word_1_608' title='bbox 3194 3700 3399 3744; x_wconf 86' lang='lat' dir='ltr'><strong>noctem</strong></span> <span class='ocrx_word' id='word_1_609' title='bbox 3430 3692 3607 3761; x_wconf 89' lang='lat' dir='ltr'><strong>primo</strong></span> 
     </span>
    </p>
   </div>
   <div class='ocr_carea' id='block_1_87' title="bbox 2015 3771 3607 3852">
    <p class='ocr_par' dir='ltr' id='par_1_87' title="bbox 2015 3771 3607 3852">
     <span class='ocr_line' id='line_1_87' title="bbox 2015 3771 3607 3852; baseline 0.011 -29"><span class='ocrx_word' id='word_1_610' title='bbox 2015 3771 2262 3839; x_wconf 79' lang='lat' dir='ltr'><strong>Angelica</strong></span> <span class='ocrx_word' id='word_1_611' title='bbox 2291 3771 2595 3831; x_wconf 89' lang='lat' dir='ltr'><strong>visitatione</strong></span> <span class='ocrx_word' id='word_1_612' title='bbox 2624 3783 2953 3835; x_wconf 79' lang='lat' dir='ltr'><strong>confortatus</strong></span> <span class='ocrx_word' id='word_1_613' title='bbox 2992 3795 3096 3848; x_wconf 91' lang='lat' dir='ltr'><strong>est,</strong></span> <span class='ocrx_word' id='word_1_614' title='bbox 3129 3784 3323 3838; x_wconf 90' lang='lat' dir='ltr'><strong>deinde</strong></span> <span class='ocrx_word' id='word_1_615' title='bbox 3354 3786 3466 3852; x_wconf 89' lang='lat' dir='ltr'><strong>ipso</strong></span> <span class='ocrx_word' id='word_1_616' title='bbox 3494 3786 3607 3839; x_wconf 83' lang='lat' dir='ltr'><strong>Do-</strong></span> 
     </span>
    </p>
   </div>
   <div class='ocr_carea' id='block_1_88' title="bbox 2013 3863 3602 3946">
    <p class='ocr_par' dir='ltr' id='par_1_88' title="bbox 2013 3863 3602 3946">
     <span class='ocr_line' id='line_1_88' title="bbox 2013 3863 3602 3946; baseline 0.012 -31"><span class='ocrx_word' id='word_1_617' title='bbox 2013 3863 2159 3917; x_wconf 91' lang='lat' dir='ltr'><strong>tniuo</strong></span> <span class='ocrx_word' id='word_1_618' title='bbox 2193 3863 2291 3919; x_wconf 88' lang='lat' dir='ltr'><strong>sibi</strong></span> <span class='ocrx_word' id='word_1_619' title='bbox 2334 3879 2624 3937; x_wconf 84' lang='lat' dir='ltr'><strong>apparente</strong></span> <span class='ocrx_word' id='word_1_620' title='bbox 2667 3873 2733 3926; x_wconf 88' lang='lat' dir='ltr'><strong>ad</strong></span> <span class='ocrx_word' id='word_1_621' title='bbox 2781 3875 3016 3928; x_wconf 76' lang='lat' dir='ltr'><strong>crelestia</strong></span> <span class='ocrx_word' id='word_1_622' title='bbox 3068 3892 3229 3946; x_wconf 88' lang='lat' dir='ltr'><strong>regna</strong></span> <span class='ocrx_word' id='word_1_623' title='bbox 3263 3888 3501 3934; x_wconf 87' lang='lat' dir='ltr'><strong>vocatus.</strong></span> <span class='ocrx_word' id='word_1_624' title='bbox 3532 3879 3602 3933; x_wconf 83' lang='lat' dir='ltr'><strong>Et</strong></span> 
     </span>
    </p>
   </div>
   <div class='ocr_carea' id='block_1_89' title="bbox 2012 3959 3599 4038">
    <p class='ocr_par' dir='ltr' id='par_1_89' title="bbox 2012 3959 3599 4038">
     <span class='ocr_line' id='line_1_89' title="bbox 2012 3959 3599 4038; baseline 0.009 -30"><span class='ocrx_word' id='word_1_625' title='bbox 2012 3971 2169 4012; x_wconf 85' lang='lat' dir='ltr'><strong>mane</strong></span> <span class='ocrx_word' id='word_1_626' title='bbox 2198 3959 2322 4014; x_wconf 84' lang='lat' dir='ltr'><strong>dum</strong></span> <span class='ocrx_word' id='word_1_627' title='bbox 2366 3963 2668 4017; x_wconf 88' lang='lat' dir='ltr'><strong>traheretur</strong></span> <span class='ocrx_word' id='word_1_628' title='bbox 2712 3964 2777 4016; x_wconf 88' lang='lat' dir='ltr'><strong>ad</strong></span> <span class='ocrx_word' id='word_1_629' title='bbox 2821 3966 2933 4018; x_wconf 89' lang='lat' dir='ltr'><strong>loca</strong></span> <span class='ocrx_word' id='word_1_630' title='bbox 2972 3965 3175 4034; x_wconf 89' lang='lat' dir='ltr'><strong>Bucnli,</strong></span> <span class='ocrx_word' id='word_1_631' title='bbox 3207 3969 3405 4037; x_wconf 78' lang='lat' dir='ltr'><strong>gratias</strong></span> <span class='ocrx_word' id='word_1_632' title='bbox 3432 3984 3599 4038; x_wconf 84' lang='lat' dir='ltr'><strong>agens</strong></span> 
     </span>
    </p>
   </div>
   <div class='ocr_carea' id='block_1_90' title="bbox 2011 4048 3591 4130">
    <p class='ocr_par' dir='ltr' id='par_1_90' title="bbox 2011 4048 3591 4130">
     <span class='ocr_line' id='line_1_90' title="bbox 2011 4048 3591 4130; baseline 0.008 -29"><span class='ocrx_word' id='word_1_633' title='bbox 2011 4057 2064 4100; x_wconf 86' lang='lat' dir='ltr'><strong>et</strong></span> <span class='ocrx_word' id='word_1_634' title='bbox 2088 4048 2271 4105; x_wconf 86' lang='lat' dir='ltr'><strong>dicens</strong></span> <span class='ocrx_word' id='word_1_635' title='bbox 2296 4068 2311 4105; x_wconf 73' lang='grc' dir='ltr'>ε</span> <span class='ocrx_word' id='word_1_636' title='bbox 2346 4052 2592 4120; x_wconf 92' lang='lat' dir='ltr'><strong>Domine,</strong></span> <span class='ocrx_word' id='word_1_637' title='bbox 2644 4056 2696 4108; x_wconf 91' lang='lat' dir='ltr'><strong>in</strong></span> <span class='ocrx_word' id='word_1_638' title='bbox 2725 4071 2911 4110; x_wconf 86' lang='lat' dir='ltr'><strong>manus</strong></span> <span class='ocrx_word' id='word_1_639' title='bbox 2940 4067 3055 4111; x_wconf 88' lang='lat' dir='ltr'><strong>tuas</strong></span> <span class='ocrx_word' id='word_1_640' title='bbox 3081 4062 3398 4114; x_wconf 85' lang='lat' dir='ltr'><strong>commendo</strong></span> <span class='ocrx_word' id='word_1_641' title='bbox 3426 4062 3591 4130; x_wconf 85' lang='lat' dir='ltr'><strong>spiri-</strong></span> 
     </span>
    </p>
   </div>
   <div class='ocr_carea' id='block_1_91' title="bbox 2018 4148 3600 4217">
    <p class='ocr_par' dir='ltr' id='par_1_91' title="bbox 2018 4148 3600 4217">
     <span class='ocr_line' id='line_1_91' title="bbox 2018 4148 3600 4217; baseline 0.009 -24"><span class='ocrx_word' id='word_1_642' title='bbox 2018 4152 2131 4196; x_wconf 92' lang='lat' dir='ltr'><strong>tum</strong></span> <span class='ocrx_word' id='word_1_643' title='bbox 2162 4161 2361 4215; x_wconf 90' lang='lat' dir='ltr'><strong>meum,</strong></span> <span class='ocrx_word' id='word_1_644' title='bbox 2393 4159 2580 4203; x_wconf 86' lang='lat' dir='ltr'><strong>oetavo</strong></span> <span class='ocrx_word' id='word_1_645' title='bbox 2606 4148 2831 4203; x_wconf 84' lang='lat' dir='ltr'><strong>Neronis</strong></span> <span class='ocrx_word' id='word_1_646' title='bbox 2856 4165 2995 4204; x_wconf 89' lang='lat' dir='ltr'><strong>anno</strong></span> <span class='ocrx_word' id='word_1_647' title='bbox 3025 4151 3310 4206; x_wconf 88' lang='lat' dir='ltr'><strong>defunctus</strong></span> <span class='ocrx_word' id='word_1_648' title='bbox 3339 4163 3441 4217; x_wconf 87' lang='lat' dir='ltr'><strong>est,</strong></span> <span class='ocrx_word' id='word_1_649' title='bbox 3486 4162 3539 4207; x_wconf 87' lang='lat' dir='ltr'><strong>et</strong></span> <span class='ocrx_word' id='word_1_650' title='bbox 3566 4169 3600 4206; x_wconf 82' lang='lat' dir='ltr'><strong>a</strong></span> 
     </span>
    </p>
   </div>
   <div class='ocr_carea' id='block_1_92' title="bbox 2011 4235 3602 4315">
    <p class='ocr_par' dir='ltr' id='par_1_92' title="bbox 2011 4235 3602 4315">
     <span class='ocr_line' id='line_1_92' title="bbox 2011 4235 3602 4315; baseline 0.009 -29"><span class='ocrx_word' id='word_1_651' title='bbox 2011 4235 2136 4289; x_wconf 90' lang='lat' dir='ltr'><strong>viris</strong></span> <span class='ocrx_word' id='word_1_652' title='bbox 2181 4238 2442 4307; x_wconf 84' lang='lat' dir='ltr'><strong>religiosis</strong></span> <span class='ocrx_word' id='word_1_653' title='bbox 2474 4242 2805 4295; x_wconf 66' lang='lat' dir='ltr'><strong>Alexandriae</strong></span> <span class='ocrx_word' id='word_1_654' title='bbox 2852 4244 3119 4312; x_wconf 85' lang='lat' dir='ltr'><strong>sepultus,</strong></span> <span class='ocrx_word' id='word_1_655' title='bbox 3153 4245 3206 4297; x_wconf 92' lang='lat' dir='ltr'><strong>iu</strong></span> <span class='ocrx_word' id='word_1_656' title='bbox 3259 4246 3375 4299; x_wconf 89' lang='lat' dir='ltr'><strong>loco</strong></span> <span class='ocrx_word' id='word_1_657' title='bbox 3408 4245 3602 4315; x_wconf 85' lang='lat' dir='ltr'><strong>lapidis</strong></span> 
     </span>
    </p>
   </div>
   <div class='ocr_carea' id='block_1_93' title="bbox 2010 4328 3602 4403">
    <p class='ocr_par' dir='ltr' id='par_1_93' title="bbox 2010 4328 3602 4403">
     <span class='ocr_line' id='line_1_93' title="bbox 2010 4328 3602 4403; baseline 0.006 -22"><span class='ocrx_word' id='word_1_658' title='bbox 2010 4328 2172 4381; x_wconf 76' lang='lat' dir='ltr'><strong>excisi</strong></span> <span class='ocrx_word' id='word_1_659' title='bbox 2203 4345 2322 4382; x_wconf 86' lang='lat' dir='ltr'><strong>cum</strong></span> <span class='ocrx_word' id='word_1_660' title='bbox 2353 4330 2541 4399; x_wconf 90' lang='lat' dir='ltr'><strong>gloria.</strong></span> <span class='ocrx_word' id='word_1_661' title='bbox 2573 4332 2922 4388; x_wconf 81' lang='lat' dir='ltr'><strong>Ordiuaverat</strong></span> <span class='ocrx_word' id='word_1_662' title='bbox 2946 4344 3119 4388; x_wconf 86' lang='lat' dir='ltr'><strong>autem</strong></span> <span class='ocrx_word' id='word_1_663' title='bbox 3152 4350 3245 4403; x_wconf 89' lang='lat' dir='ltr'><strong>pro</strong></span> <span class='ocrx_word' id='word_1_664' title='bbox 3274 4351 3332 4390; x_wconf 88' lang='lat' dir='ltr'><strong>se</strong></span> <span class='ocrx_word' id='word_1_665' title='bbox 3362 4338 3602 4391; x_wconf 73' lang='lat' dir='ltr'><strong>Alexan-</strong></span> 
     </span>
    </p>
   </div>
   <div class='ocr_carea' id='block_1_94' title="bbox 2010 4419 3603 4499">
    <p class='ocr_par' dir='ltr' id='par_1_94' title="bbox 2010 4419 3603 4499">
     <span class='ocr_line' id='line_1_94' title="bbox 2010 4419 3603 4499; baseline 0.008 -26"><span class='ocrx_word' id='word_1_666' title='bbox 2010 4419 2141 4473; x_wconf 65' lang='lat' dir='ltr'><strong>dria:</strong></span> <span class='ocrx_word' id='word_1_667' title='bbox 2171 4421 2479 4489; x_wconf 87' lang='lat' dir='ltr'><strong>epise0pum</strong></span> <span class='ocrx_word' id='word_1_668' title='bbox 2511 4426 2809 4479; x_wconf 87' lang='lat' dir='ltr'><strong>Annianum</strong></span> <span class='ocrx_word' id='word_1_669' title='bbox 2844 4443 2855 4478; x_wconf 88' lang='lat'><strong>:</strong></span> <span class='ocrx_word' id='word_1_670' title='bbox 2887 4427 3003 4479; x_wconf 73' lang='lat' dir='ltr'><strong>aliis</strong></span> <span class='ocrx_word' id='word_1_671' title='bbox 3048 4444 3256 4497; x_wconf 88' lang='lat' dir='ltr'><strong>quoque</strong></span> <span class='ocrx_word' id='word_1_672' title='bbox 3282 4430 3439 4499; x_wconf 83' lang='lat' dir='ltr'><strong>longe</strong></span> <span class='ocrx_word' id='word_1_673' title='bbox 3468 4432 3603 4485; x_wconf 79' lang='lat' dir='ltr'><strong>late-</strong></span> 
     </span>
    </p>
   </div>
   <div class='ocr_carea' id='block_1_95' title="bbox 2009 4511 3599 4586">
    <p class='ocr_par' dir='ltr' id='par_1_95' title="bbox 2009 4511 3599 4586">
     <span class='ocr_line' id='line_1_95' title="bbox 2009 4511 3599 4586; baseline 0.008 -24"><span class='ocrx_word' id='word_1_674' title='bbox 2009 4523 2116 4575; x_wconf 85' lang='lat' dir='ltr'><strong>que</strong></span> <span class='ocrx_word' id='word_1_675' title='bbox 2171 4511 2444 4579; x_wconf 78' lang='lat' dir='ltr'><strong>Ecclesiis,</strong></span> <span class='ocrx_word' id='word_1_676' title='bbox 2499 4516 2800 4582; x_wconf 87' lang='lat' dir='ltr'><strong>episcopos,</strong></span> <span class='ocrx_word' id='word_1_677' title='bbox 2852 4518 3191 4586; x_wconf 84' lang='lat' dir='ltr'><strong>presbyteros</strong></span> <span class='ocrx_word' id='word_1_678' title='bbox 3242 4528 3297 4571; x_wconf 90' lang='lat' dir='ltr'><strong>et</strong></span> <span class='ocrx_word' id='word_1_679' title='bbox 3342 4519 3599 4575; x_wconf 78' lang='lat' dir='ltr'><strong>diaconos</strong></span> 
     </span>
    </p>
   </div>
   <div class='ocr_carea' id='block_1_96' title="bbox 1851 4574 2248 4667">
    <p class='ocr_par' dir='ltr' id='par_1_96' title="bbox 1851 4574 2248 4667">
     <span class='ocr_line' id='line_1_96' title="bbox 1851 4574 2248 4667; baseline 0.015 -18"><span class='ocrx_word' id='word_1_680' title='bbox 1851 4574 1900 4627; x_wconf 66' lang='lat' dir='ltr'><strong>i&quot;</strong></span> <span class='ocrx_word' id='word_1_681' title='bbox 1932 4608 1983 4667; x_wconf 80' lang='grc' dir='ltr'><strong><em>υ</em></strong></span> <span class='ocrx_word' id='word_1_682' title='bbox 2009 4574 2248 4656; x_wconf 84' lang='lat' dir='ltr'><strong>dederat.</strong></span> 
     </span>
    </p>
   </div>
   <div class='ocr_carea' id='block_1_97' title="bbox 2076 4691 3593 4773">
    <p class='ocr_par' dir='ltr' id='par_1_97' title="bbox 2076 4691 3593 4773">
     <span class='ocr_line' id='line_1_97' title="bbox 2076 4691 3593 4773; baseline 0.009 -30"><span class='ocrx_word' id='word_1_683' title='bbox 2076 4691 2154 4745; x_wconf 74' lang='lat' dir='ltr'><strong>,V.</strong></span> <span class='ocrx_word' id='word_1_684' title='bbox 2189 4694 2274 4759; x_wconf 88' lang='lat' dir='ltr'><strong>L.,</strong></span> <span class='ocrx_word' id='word_1_685' title='bbox 2308 4695 2507 4750; x_wconf 87' lang='lat' dir='ltr'><strong>Eodem</strong></span> <span class='ocrx_word' id='word_1_686' title='bbox 2538 4696 2626 4752; x_wconf 91' lang='lat' dir='ltr'><strong>die</strong></span> <span class='ocrx_word' id='word_1_687' title='bbox 2652 4695 2871 4753; x_wconf 88' lang='lat' dir='ltr'><strong>Letania</strong></span> <span class='ocrx_word' id='word_1_688' title='bbox 2903 4700 3092 4768; x_wconf 83' lang='lat' dir='ltr'><strong>major.</strong></span> <span class='ocrx_word' id='word_1_689' title='bbox 3125 4701 3211 4755; x_wconf 84' lang='grc' dir='ltr'><strong>Β..</strong></span> <span class='ocrx_word' id='word_1_690' title='bbox 3244 4701 3299 4756; x_wconf 86' lang='lat' dir='ltr'><strong>In</strong></span> <span class='ocrx_word' id='word_1_691' title='bbox 3327 4700 3593 4773; x_wconf 71' lang='lat' dir='ltr'><strong>Syracuse</strong></span> 
     </span>
    </p>
   </div>
   <div class='ocr_carea' id='block_1_98' title="bbox 1741 4774 2217 4837">
    <p class='ocr_par' dir='ltr' id='par_1_98' title="bbox 1741 4774 2217 4837">
     <span class='ocr_line' id='line_1_98' title="bbox 1741 4774 2217 4837; baseline 0.013 -8"><span class='ocrx_word' id='word_1_692' title='bbox 1741 4774 1948 4831; x_wconf 79' lang='lat' dir='ltr'><strong>SMlTll</strong></span> <span class='ocrx_word' id='word_1_693' title='bbox 1989 4778 2217 4837; x_wconf 66' lang='lat' dir='ltr'><strong>NUT/E.</strong></span> 
     </span>
    </p>
   </div>
   <div class='ocr_carea' id='block_1_99' title="bbox 400 4859 1902 4926">
    <p class='ocr_par' dir='ltr' id='par_1_99' title="bbox 400 4859 1902 4926">
     <span class='ocr_line' id='line_1_99' title="bbox 400 4859 1902 4926; baseline 0.006 -14"><span class='ocrx_word' id='word_1_694' title='bbox 400 4870 421 4894; x_wconf 67' lang='grc' dir='ltr'><strong><em>η</em></strong></span> <span class='ocrx_word' id='word_1_695' title='bbox 459 4860 662 4913; x_wconf 84' lang='lat' dir='ltr'><strong>Mellili.</strong></span> <span class='ocrx_word' id='word_1_696' title='bbox 697 4859 770 4913; x_wconf 86' lang='lat' dir='ltr'><strong>De</strong></span> <span class='ocrx_word' id='word_1_697' title='bbox 802 4860 923 4923; x_wconf 85' lang='lat' dir='ltr'><strong>hoc,</strong></span> <span class='ocrx_word' id='word_1_698' title='bbox 952 4860 1219 4926; x_wconf 82' lang='lat' dir='ltr'><strong>quomodo</strong></span> <span class='ocrx_word' id='word_1_699' title='bbox 1248 4862 1441 4915; x_wconf 82' lang='lat' dir='ltr'><strong>missus</strong></span> <span class='ocrx_word' id='word_1_700' title='bbox 1470 4872 1552 4917; x_wconf 92' lang='lat' dir='ltr'><strong>est</strong></span> <span class='ocrx_word' id='word_1_701' title='bbox 1579 4863 1902 4921; x_wconf 80' lang='lat' dir='ltr'><strong>Britanniam</strong></span> 
     </span>
    </p>
   </div>
   <div class='ocr_carea' id='block_1_100' title="bbox 327 4929 1905 4998">
    <p class='ocr_par' dir='ltr' id='par_1_100' title="bbox 327 4929 1905 4998">
     <span class='ocr_line' id='line_1_100' title="bbox 327 4929 1905 4998; baseline 0.006 -17"><span class='ocrx_word' id='word_1_702' title='bbox 327 4947 357 4981; x_wconf 86' lang='lat' dir='ltr'><strong>a</strong></span> <span class='ocrx_word' id='word_1_703' title='bbox 391 4931 450 4984; x_wconf 70' lang='grc' dir='ltr'><strong>ὃ.</strong></span> <span class='ocrx_word' id='word_1_704' title='bbox 473 4930 752 4998; x_wconf 82' lang='lat' dir='ltr'><strong>Gregorio,</strong></span> <span class='ocrx_word' id='word_1_705' title='bbox 803 4941 859 4984; x_wconf 86' lang='lat' dir='ltr'><strong>ut</strong></span> <span class='ocrx_word' id='word_1_706' title='bbox 901 4931 957 4984; x_wconf 90' lang='lat' dir='ltr'><strong>S.</strong></span> <span class='ocrx_word' id='word_1_707' title='bbox 984 4929 1279 4998; x_wconf 86' lang='lat' dir='ltr'><strong>Augustino</strong></span> <span class='ocrx_word' id='word_1_708' title='bbox 1327 4932 1378 4983; x_wconf 88' lang='lat' dir='ltr'><strong>itt</strong></span> <span class='ocrx_word' id='word_1_709' title='bbox 1431 4935 1770 4998; x_wconf 72' lang='lat' dir='ltr'><strong>prmd-cando</strong></span> <span class='ocrx_word' id='word_1_710' title='bbox 1818 4941 1905 4994; x_wconf 82' lang='lat' dir='ltr'><strong>Dei</strong></span> 
     </span>
    </p>
   </div>
   <div class='ocr_carea' id='block_1_101' title="bbox 326 4997 1908 5076">
    <p class='ocr_par' dir='ltr' id='par_1_101' title="bbox 326 4997 1908 5076">
     <span class='ocr_line' id='line_1_101' title="bbox 326 4997 1908 5076; baseline 0.005 -23"><span class='ocrx_word' id='word_1_711' title='bbox 326 5000 489 5076; x_wconf 81' lang='lat' dir='ltr'><strong>verbo</strong></span> <span class='ocrx_word' id='word_1_712' title='bbox 518 4997 594 5053; x_wconf 84' lang='lat' dir='ltr'><strong>sit</strong></span> <span class='ocrx_word' id='word_1_713' title='bbox 614 5002 872 5076; x_wconf 80' lang='lat' dir='ltr'><strong>subsidio,</strong></span> <span class='ocrx_word' id='word_1_714' title='bbox 898 5001 1017 5055; x_wconf 85' lang='lat' dir='ltr'><strong>vide</strong></span> <span class='ocrx_word' id='word_1_715' title='bbox 1038 4997 1182 5076; x_wconf 69' lang='lat' dir='ltr'><strong>Eccl.</strong></span> <span class='ocrx_word' id='word_1_716' title='bbox 1215 5001 1346 5054; x_wconf 88' lang='lat' dir='ltr'><strong>Hist.</strong></span> <span class='ocrx_word' id='word_1_717' title='bbox 1383 5018 1419 5064; x_wconf 88' lang='grc'><strong>1,</strong></span> <span class='ocrx_word' id='word_1_718' title='bbox 1448 5003 1537 5076; x_wconf 70' lang='grc'><strong>211,</strong></span> <span class='ocrx_word' id='word_1_719' title='bbox 1562 5004 1660 5067; x_wconf 81' lang='grc' dir='ltr'><strong>5ος</strong></span> <span class='ocrx_word' id='word_1_720' title='bbox 1695 5016 1746 5059; x_wconf 83' lang='lat' dir='ltr'><strong>et</strong></span> <span class='ocrx_word' id='word_1_721' title='bbox 1774 5024 1908 5076; x_wconf 85' lang='lat' dir='ltr'><strong>quo-</strong></span> 
     </span>
    </p>
   </div>
   <div class='ocr_carea' id='block_1_102' title="bbox 330 5070 1903 5143">
    <p class='ocr_par' dir='ltr' id='par_1_102' title="bbox 330 5070 1903 5143">
     <span class='ocr_line' id='line_1_102' title="bbox 330 5070 1903 5143; baseline 0.007 -21"><span class='ocrx_word' id='word_1_722' title='bbox 330 5070 489 5123; x_wconf 76' lang='lat' dir='ltr'><strong>modo</strong></span> <span class='ocrx_word' id='word_1_723' title='bbox 535 5079 718 5135; x_wconf 86' lang='lat' dir='ltr'><strong>postea</strong></span> <span class='ocrx_word' id='word_1_724' title='bbox 760 5071 927 5125; x_wconf 81' lang='lat' dir='ltr'><strong>laetus</strong></span> <span class='ocrx_word' id='word_1_725' title='bbox 967 5083 1049 5143; x_wconf 83' lang='lat' dir='ltr'><strong>est</strong></span> <span class='ocrx_word' id='word_1_726' title='bbox 1089 5072 1391 5138; x_wconf 82' lang='lat' dir='ltr'><strong>episcopus,</strong></span> <span class='ocrx_word' id='word_1_727' title='bbox 1431 5074 1651 5143; x_wconf 89' lang='lat' dir='ltr'><strong>ejusque</strong></span> <span class='ocrx_word' id='word_1_728' title='bbox 1688 5070 1804 5131; x_wconf 79' lang='lat' dir='ltr'><strong>acta</strong></span> <span class='ocrx_word' id='word_1_729' title='bbox 1850 5081 1903 5133; x_wconf 91' lang='lat' dir='ltr'><strong>in</strong></span> 
     </span>
    </p>
   </div>
   <div class='ocr_carea' id='block_1_103' title="bbox 322 5141 1899 5217">
    <p class='ocr_par' dir='ltr' id='par_1_103' title="bbox 322 5141 1899 5217">
     <span class='ocr_line' id='line_1_103' title="bbox 322 5141 1899 5217; baseline 0.011 -30"><span class='ocrx_word' id='word_1_730' title='bbox 322 5144 827 5217; x_wconf 40' lang='lat' dir='ltr'><strong>episcopatmusque</strong></span> <span class='ocrx_word' id='word_1_731' title='bbox 865 5143 931 5195; x_wconf 89' lang='lat' dir='ltr'><strong>ad</strong></span> <span class='ocrx_word' id='word_1_732' title='bbox 961 5141 1075 5211; x_wconf 87' lang='lat' dir='ltr'><strong>ejus</strong></span> <span class='ocrx_word' id='word_1_733' title='bbox 1107 5145 1306 5199; x_wconf 86' lang='lat' dir='ltr'><strong>obitum</strong></span> <span class='ocrx_word' id='word_1_734' title='bbox 1336 5144 1458 5198; x_wconf 72' lang='lat' dir='ltr'><strong>vide</strong></span> <span class='ocrx_word' id='word_1_735' title='bbox 1502 5141 1635 5199; x_wconf 78' lang='lat' dir='ltr'><strong>Hist.</strong></span> <span class='ocrx_word' id='word_1_736' title='bbox 1668 5147 1812 5204; x_wconf 87' lang='lat' dir='ltr'><strong>Eccl.</strong></span> <span class='ocrx_word' id='word_1_737' title='bbox 1840 5166 1899 5217; x_wconf 90' lang='lat' dir='ltr'><strong>ll,</strong></span> 
     </span>
    </p>
   </div>
   <div class='ocr_carea' id='block_1_104' title="bbox 320 5210 690 5272">
    <p class='ocr_par' dir='ltr' id='par_1_104' title="bbox 320 5210 690 5272">
     <span class='ocr_line' id='line_1_104' title="bbox 320 5210 690 5272; baseline -0.005 -8"><span class='ocrx_word' id='word_1_738' title='bbox 320 5214 375 5272; x_wconf 72' lang='lat' dir='ltr'><strong>Ia,</strong></span> <span class='ocrx_word' id='word_1_739' title='bbox 407 5210 461 5272; x_wconf 80' lang='grc'><strong>4,</strong></span> <span class='ocrx_word' id='word_1_740' title='bbox 482 5212 536 5272; x_wconf 88' lang='lat'><strong>5.</strong></span> <span class='ocrx_word' id='word_1_741' title='bbox 560 5210 614 5272; x_wconf 86' lang='lat'><strong>6,</strong></span> <span class='ocrx_word' id='word_1_742' title='bbox 640 5211 690 5263; x_wconf 84' lang='lat' dir='ltr'><strong>&#39;t&#39;.</strong></span> 
     </span>
    </p>
   </div>
   <div class='ocr_carea' id='block_1_105' title="bbox 360 5252 1900 5352">
    <p class='ocr_par' dir='ltr' id='par_1_105' title="bbox 360 5252 1900 5352">
     <span class='ocr_line' id='line_1_105' title="bbox 360 5252 1900 5352; baseline 0.003 -16"><span class='ocrx_word' id='word_1_743' title='bbox 360 5252 744 5336; x_wconf 44' lang='lat' dir='ltr'><strong>&#39;5.il‘l&#39;e.a:ua&#39;nili&#39;i.</strong></span> <span class='ocrx_word' id='word_1_744' title='bbox 779 5282 934 5352; x_wconf 85' lang='lat' dir='ltr'><strong>Anno</strong></span> <span class='ocrx_word' id='word_1_745' title='bbox 980 5285 1203 5340; x_wconf 76' lang='lat' dir='ltr'><strong>septimo</strong></span> <span class='ocrx_word' id='word_1_746' title='bbox 1244 5284 1449 5337; x_wconf 75' lang='lat' dir='ltr'><strong>dlCilllO</strong></span> <span class='ocrx_word' id='word_1_747' title='bbox 1496 5283 1698 5352; x_wconf 76' lang='lat' dir='ltr'><strong>imperii</strong></span> <span class='ocrx_word' id='word_1_748' title='bbox 1729 5291 1900 5341; x_wconf 84' lang='lat' dir='ltr'><strong>Anto-</strong></span> 
     </span>
    </p>
   </div>
   <div class='ocr_carea' id='block_1_106' title="bbox 318 5351 1900 5425">
    <p class='ocr_par' dir='ltr' id='par_1_106' title="bbox 318 5351 1900 5425">
     <span class='ocr_line' id='line_1_106' title="bbox 318 5351 1900 5425; baseline -0.003 -18"><span class='ocrx_word' id='word_1_749' title='bbox 318 5352 434 5409; x_wconf 82' lang='lat' dir='ltr'><strong>nini</strong></span> <span class='ocrx_word' id='word_1_750' title='bbox 466 5352 607 5416; x_wconf 86' lang='lat' dir='ltr'><strong>Veri,</strong></span> <span class='ocrx_word' id='word_1_751' title='bbox 636 5366 777 5405; x_wconf 78' lang='lat' dir='ltr'><strong>anno</strong></span> <span class='ocrx_word' id='word_1_752' title='bbox 821 5351 950 5425; x_wconf 78' lang='lat' dir='ltr'><strong>Chr.</strong></span> <span class='ocrx_word' id='word_1_753' title='bbox 980 5352 1100 5425; x_wconf 65' lang='lat'><strong>177.</strong></span> <span class='ocrx_word' id='word_1_754' title='bbox 1137 5354 1395 5407; x_wconf 68' lang='lat' dir='ltr'><strong>I‘Lusebius</strong></span> <span class='ocrx_word' id='word_1_755' title='bbox 1418 5351 1610 5425; x_wconf 67' lang='lat' dir='ltr'><strong>scribit</strong></span> <span class='ocrx_word' id='word_1_756' title='bbox 1641 5356 1691 5409; x_wconf 93' lang='lat' dir='ltr'><strong>iu</strong></span> <span class='ocrx_word' id='word_1_757' title='bbox 1722 5374 1900 5425; x_wconf 71' lang='lat' dir='ltr'><strong>prum-</strong></span> 
     </span>
    </p>
   </div>
   <div class='ocr_carea' id='block_1_107' title="bbox 323 5423 1899 5493">
    <p class='ocr_par' dir='ltr' id='par_1_107' title="bbox 323 5423 1899 5493">
     <span class='ocr_line' id='line_1_107' title="bbox 323 5423 1899 5493; baseline 0.005 -17"><span class='ocrx_word' id='word_1_758' title='bbox 323 5428 431 5479; x_wconf 89' lang='lat' dir='ltr'><strong>mio</strong></span> <span class='ocrx_word' id='word_1_759' title='bbox 468 5424 534 5477; x_wconf 85' lang='lat' dir='ltr'><strong>ad</strong></span> <span class='ocrx_word' id='word_1_760' title='bbox 562 5424 807 5493; x_wconf 89' lang='lat' dir='ltr'><strong>quintum</strong></span> <span class='ocrx_word' id='word_1_761' title='bbox 842 5423 1031 5476; x_wconf 86' lang='lat' dir='ltr'><strong>librum</strong></span> <span class='ocrx_word' id='word_1_762' title='bbox 1062 5424 1196 5477; x_wconf 79' lang='lat' dir='ltr'><strong>llist.</strong></span> <span class='ocrx_word' id='word_1_763' title='bbox 1224 5426 1363 5476; x_wconf 75' lang='lat' dir='ltr'><strong>Eccl.</strong></span> <span class='ocrx_word' id='word_1_764' title='bbox 1412 5424 1639 5479; x_wconf 82' lang='lat' dir='ltr'><strong>Violenta</strong></span> <span class='ocrx_word' id='word_1_765' title='bbox 1662 5423 1796 5480; x_wconf 71' lang='lat' dir='ltr'><strong>&quot;tota</strong></span> <span class='ocrx_word' id='word_1_766' title='bbox 1825 5442 1899 5485; x_wconf 76' lang='grc' dir='ltr'><strong>εει</strong></span> 
     </span>
    </p>
   </div>
   <div class='ocr_carea' id='block_1_108' title="bbox 318 5493 1899 5560">
    <p class='ocr_par' dir='ltr' id='par_1_108' title="bbox 318 5493 1899 5560">
     <span class='ocr_line' id='line_1_108' title="bbox 318 5493 1899 5560; baseline 0.004 -14"><span class='ocrx_word' id='word_1_767' title='bbox 318 5497 628 5560; x_wconf 75' lang='lat' dir='ltr'><strong>persecutio;</strong></span> <span class='ocrx_word' id='word_1_768' title='bbox 670 5497 722 5546; x_wconf 85' lang='lat' dir='ltr'><strong>in</strong></span> <span class='ocrx_word' id='word_1_769' title='bbox 760 5494 856 5546; x_wconf 80' lang='lat' dir='ltr'><strong>hac</strong></span> <span class='ocrx_word' id='word_1_770' title='bbox 892 5493 1067 5546; x_wconf 85' lang='lat' dir='ltr'><strong>eadem</strong></span> <span class='ocrx_word' id='word_1_771' title='bbox 1107 5495 1467 5558; x_wconf 78' lang='lat' dir='ltr'><strong>persecutione,</strong></span> <span class='ocrx_word' id='word_1_772' title='bbox 1510 5497 1598 5547; x_wconf 79' lang='lat' dir='ltr'><strong>sed</strong></span> <span class='ocrx_word' id='word_1_773' title='bbox 1646 5514 1782 5550; x_wconf 83' lang='lat' dir='ltr'><strong>anno</strong></span> <span class='ocrx_word' id='word_1_774' title='bbox 1823 5519 1899 5555; x_wconf 75' lang='lat' dir='ltr'><strong>se-</strong></span> 
     </span>
    </p>
   </div>
   <div class='ocr_carea' id='block_1_109' title="bbox 314 5562 1895 5636">
    <p class='ocr_par' dir='ltr' id='par_1_109' title="bbox 314 5562 1895 5636">
     <span class='ocr_line' id='line_1_109' title="bbox 314 5562 1895 5636; baseline 0.007 -23"><span class='ocrx_word' id='word_1_775' title='bbox 314 5574 515 5630; x_wconf 76' lang='lat' dir='ltr'><strong>quence,</strong></span> <span class='ocrx_word' id='word_1_776' title='bbox 540 5569 675 5635; x_wconf 74' lang='lat' dir='ltr'><strong>passi</strong></span> <span class='ocrx_word' id='word_1_777' title='bbox 689 5575 806 5617; x_wconf 79' lang='lat' dir='ltr'><strong>sunt</strong></span> <span class='ocrx_word' id='word_1_778' title='bbox 831 5563 1064 5631; x_wconf 62' lang='lat' dir='ltr'><strong>Lugduni</strong></span> <span class='ocrx_word' id='word_1_779' title='bbox 1083 5562 1188 5636; x_wconf 66' lang='lat' dir='ltr'><strong>SS.</strong></span> <span class='ocrx_word' id='word_1_780' title='bbox 1212 5564 1497 5635; x_wconf 63' lang='lat' dir='ltr'><strong>ln&#39;pipotlius</strong></span> <span class='ocrx_word' id='word_1_781' title='bbox 1520 5573 1565 5616; x_wconf 69' lang='lat' dir='ltr'><strong>tt</strong></span> <span class='ocrx_word' id='word_1_782' title='bbox 1586 5567 1895 5636; x_wconf 74' lang='lat' dir='ltr'><strong>Alexander,</strong></span> 
     </span>
    </p>
   </div>
   <div class='ocr_carea' id='block_1_110' title="bbox 317 5634 1895 5704">
    <p class='ocr_par' dir='ltr' id='par_1_110' title="bbox 317 5634 1895 5704">
     <span class='ocr_line' id='line_1_110' title="bbox 317 5634 1895 5704; baseline 0.008 -20"><span class='ocrx_word' id='word_1_783' title='bbox 317 5635 458 5697; x_wconf 82' lang='lat' dir='ltr'><strong>prior</strong></span> <span class='ocrx_word' id='word_1_784' title='bbox 498 5634 603 5690; x_wconf 72' lang='lat' dir='ltr'><strong>xxn</strong></span> <span class='ocrx_word' id='word_1_785' title='bbox 647 5637 877 5704; x_wconf 76' lang='lat' dir='ltr'><strong>Aprilis,</strong></span> <span class='ocrx_word' id='word_1_786' title='bbox 927 5637 1055 5687; x_wconf 76' lang='lat' dir='ltr'><strong>alter</strong></span> <span class='ocrx_word' id='word_1_787' title='bbox 1102 5634 1272 5688; x_wconf 65' lang='lat' dir='ltr'><strong>hodie.</strong></span> <span class='ocrx_word' id='word_1_788' title='bbox 1332 5636 1633 5689; x_wconf 76' lang='lat' dir='ltr'><strong>Alexander</strong></span> <span class='ocrx_word' id='word_1_789' title='bbox 1678 5634 1895 5696; x_wconf 84' lang='lat' dir='ltr'><strong>natione</strong></span> 
     </span>
    </p>
   </div>
   <div class='ocr_carea' id='block_1_111' title="bbox 318 5704 1895 5774">
    <p class='ocr_par' dir='ltr' id='par_1_111' title="bbox 318 5704 1895 5774">
     <span class='ocr_line' id='line_1_111' title="bbox 318 5704 1895 5774; baseline 0.008 -19"><span class='ocrx_word' id='word_1_790' title='bbox 318 5706 534 5757; x_wconf 68' lang='lat' dir='ltr'><strong>(iru&#39;cus</strong></span> <span class='ocrx_word' id='word_1_791' title='bbox 585 5706 698 5767; x_wconf 81' lang='lat' dir='ltr'><strong>fuit,</strong></span> <span class='ocrx_word' id='word_1_792' title='bbox 745 5706 1032 5772; x_wconf 74' lang='lat' dir='ltr'><strong>Epipndius</strong></span> <span class='ocrx_word' id='word_1_793' title='bbox 1074 5719 1203 5758; x_wconf 84' lang='lat' dir='ltr'><strong>vero</strong></span> <span class='ocrx_word' id='word_1_794' title='bbox 1248 5704 1614 5774; x_wconf 86' lang='lat' dir='ltr'><strong>Lugdunensis</strong></span> <span class='ocrx_word' id='word_1_795' title='bbox 1666 5708 1895 5769; x_wconf 77' lang='lat' dir='ltr'><strong>civitatis</strong></span> 
     </span>
    </p>
   </div>
   <div class='ocr_carea' id='block_1_112' title="bbox 2016 4876 2976 4944">
    <p class='ocr_par' dir='ltr' id='par_1_112' title="bbox 2016 4876 2976 4944">
     <span class='ocr_line' id='line_1_112' title="bbox 2016 4876 2976 4944; baseline 0.01 -17"><span class='ocrx_word' id='word_1_796' title='bbox 2016 4876 2284 4944; x_wconf 86' lang='lat' dir='ltr'><strong>indigena.</strong></span> <span class='ocrx_word' id='word_1_797' title='bbox 2320 4880 2451 4932; x_wconf 85' lang='lat' dir='ltr'><strong>Acta</strong></span> <span class='ocrx_word' id='word_1_798' title='bbox 2480 4880 2616 4944; x_wconf 88' lang='lat' dir='ltr'><strong>apud</strong></span> <span class='ocrx_word' id='word_1_799' title='bbox 2649 4882 2976 4937; x_wconf 83' lang='lat' dir='ltr'><strong>Bollandum.</strong></span> 
     </span>
    </p>
   </div>
   <div class='ocr_carea' id='block_1_113' title="bbox 2084 4946 3551 5024">
    <p class='ocr_par' dir='ltr' id='par_1_113' title="bbox 2084 4946 3551 5024">
     <span class='ocr_line' id='line_1_113' title="bbox 2084 4946 3551 5024; baseline 0.013 -27"><span class='ocrx_word' id='word_1_800' title='bbox 2084 4956 2109 5024; x_wconf 59' lang='grc' dir='ltr'><strong>ξ</strong></span> <span class='ocrx_word' id='word_1_801' title='bbox 2138 4946 2372 5024; x_wconf 47' lang='lat' dir='ltr'><strong>(gerebat.</strong></span> <span class='ocrx_word' id='word_1_802' title='bbox 2412 4950 2484 5024; x_wconf 81' lang='lat' dir='ltr'><strong>De</strong></span> <span class='ocrx_word' id='word_1_803' title='bbox 2516 4950 2611 5005; x_wconf 81' lang='lat' dir='ltr'><strong>SS.</strong></span> <span class='ocrx_word' id='word_1_804' title='bbox 2641 4954 2848 5008; x_wconf 88' lang='lat' dir='ltr'><strong>Corona</strong></span> <span class='ocrx_word' id='word_1_805' title='bbox 2880 4968 2934 5009; x_wconf 88' lang='lat' dir='ltr'><strong>et</strong></span> <span class='ocrx_word' id='word_1_806' title='bbox 2966 4955 3180 5011; x_wconf 85' lang='lat' dir='ltr'><strong>Victore</strong></span> <span class='ocrx_word' id='word_1_807' title='bbox 3213 4958 3334 5013; x_wconf 83' lang='lat' dir='ltr'><strong>vide</strong></span> <span class='ocrx_word' id='word_1_808' title='bbox 3366 4961 3551 5024; x_wconf 84' lang='lat' dir='ltr'><strong>pridie.</strong></span> 
     </span>
    </p>
   </div>
   <div class='ocr_carea' id='block_1_114' title="bbox 2084 5015 3589 5086">
    <p class='ocr_par' dir='ltr' id='par_1_114' title="bbox 2084 5015 3589 5086">
     <span class='ocr_line' id='line_1_114' title="bbox 2084 5015 3589 5086; baseline 0.011 -17"><span class='ocrx_word' id='word_1_809' title='bbox 2084 5015 2109 5053; x_wconf 72' lang='grc' dir='ltr'><em>ἀ</em></span> <span class='ocrx_word' id='word_1_810' title='bbox 2146 5017 2469 5073; x_wconf 80' lang='lat' dir='ltr'><strong>Hecheracti.</strong></span> <span class='ocrx_word' id='word_1_811' title='bbox 2513 5024 2609 5086; x_wconf 83' lang='lat' dir='ltr'><strong>Qui</strong></span> <span class='ocrx_word' id='word_1_812' title='bbox 2655 5037 2705 5076; x_wconf 87' lang='lat' dir='ltr'><strong>et</strong></span> <span class='ocrx_word' id='word_1_813' title='bbox 2746 5025 3102 5079; x_wconf 81' lang='lat' dir='ltr'><strong>llecberartus</strong></span> <span class='ocrx_word' id='word_1_814' title='bbox 3146 5037 3199 5081; x_wconf 90' lang='lat' dir='ltr'><strong>et</strong></span> <span class='ocrx_word' id='word_1_815' title='bbox 3238 5015 3589 5085; x_wconf 50' lang='lat' dir='ltr'><strong>Hertieractus</strong></span> 
     </span>
    </p>
   </div>
   <div class='ocr_carea' id='block_1_115' title="bbox 2008 5085 3591 5165">
    <p class='ocr_par' dir='ltr' id='par_1_115' title="bbox 2008 5085 3591 5165">
     <span class='ocr_line' id='line_1_115' title="bbox 2008 5085 3591 5165; baseline 0.012 -27"><span class='ocrx_word' id='word_1_816' title='bbox 2008 5085 2227 5165; x_wconf 62' lang='lat' dir='ltr'><strong>dicitur1</strong></span> <span class='ocrx_word' id='word_1_817' title='bbox 2255 5090 2377 5165; x_wconf 68' lang='lat' dir='ltr'><strong>llam</strong></span> <span class='ocrx_word' id='word_1_818' title='bbox 2409 5085 2701 5165; x_wconf 86' lang='lat' dir='ltr'><strong>incorrecta</strong></span> <span class='ocrx_word' id='word_1_819' title='bbox 2734 5099 3007 5149; x_wconf 84' lang='lat' dir='ltr'><strong>numinum</strong></span> <span class='ocrx_word' id='word_1_820' title='bbox 3036 5098 3293 5165; x_wconf 81' lang='lat' dir='ltr'><strong>scriptura</strong></span> <span class='ocrx_word' id='word_1_821' title='bbox 3324 5117 3434 5154; x_wconf 87' lang='lat' dir='ltr'><strong>rem</strong></span> <span class='ocrx_word' id='word_1_822' title='bbox 3467 5104 3591 5156; x_wconf 63' lang='lat' dir='ltr'><strong>red.</strong></span> 
     </span>
    </p>
   </div>
   <div class='ocr_carea' id='block_1_116' title="bbox 2006 5157 3589 5238">
    <p class='ocr_par' dir='ltr' id='par_1_116' title="bbox 2006 5157 3589 5238">
     <span class='ocr_line' id='line_1_116' title="bbox 2006 5157 3589 5238; baseline 0.011 -30"><span class='ocrx_word' id='word_1_823' title='bbox 2006 5157 2083 5210; x_wconf 93' lang='lat' dir='ltr'><strong>dit</strong></span> <span class='ocrx_word' id='word_1_824' title='bbox 2120 5160 2397 5238; x_wconf 63' lang='lat' dir='ltr'><strong>dilficilen</strong></span> <span class='ocrx_word' id='word_1_825' title='bbox 2437 5162 2671 5227; x_wconf 86' lang='lat' dir='ltr'><strong>inventu,</strong></span> <span class='ocrx_word' id='word_1_826' title='bbox 2700 5166 2817 5232; x_wconf 89' lang='lat' dir='ltr'><strong>quis</strong></span> <span class='ocrx_word' id='word_1_827' title='bbox 2856 5182 3036 5220; x_wconf 88' lang='lat' dir='ltr'><strong>revera</strong></span> <span class='ocrx_word' id='word_1_828' title='bbox 3070 5157 3156 5221; x_wconf 76' lang='lat' dir='ltr'><strong>hic</strong></span> <span class='ocrx_word' id='word_1_829' title='bbox 3196 5172 3282 5222; x_wconf 91' lang='lat' dir='ltr'><strong>sit.</strong></span> <span class='ocrx_word' id='word_1_830' title='bbox 3321 5172 3395 5224; x_wconf 81' lang='lat' dir='ltr'><strong>Ex</strong></span> <span class='ocrx_word' id='word_1_831' title='bbox 3426 5172 3589 5238; x_wconf 82' lang='lat' dir='ltr'><strong>pluri-</strong></span> 
     </span>
    </p>
   </div>
   <div class='ocr_carea' id='block_1_117' title="bbox 2008 5230 3589 5305">
    <p class='ocr_par' dir='ltr' id='par_1_117' title="bbox 2008 5230 3589 5305">
     <span class='ocr_line' id='line_1_117' title="bbox 2008 5230 3589 5305; baseline 0.013 -28"><span class='ocrx_word' id='word_1_832' title='bbox 2008 5230 2536 5305; x_wconf 19' lang='lat' dir='ltr'><strong>tnishMartyrologus</strong></span> <span class='ocrx_word' id='word_1_833' title='bbox 2587 5230 2763 5305; x_wconf 86' lang='lat' dir='ltr'><strong>tamen</strong></span> <span class='ocrx_word' id='word_1_834' title='bbox 2814 5247 3021 5290; x_wconf 84' lang='lat' dir='ltr'><strong>constat</strong></span> <span class='ocrx_word' id='word_1_835' title='bbox 3069 5240 3208 5305; x_wconf 86' lang='lat' dir='ltr'><strong>quod</strong></span> <span class='ocrx_word' id='word_1_836' title='bbox 3257 5241 3327 5293; x_wconf 84' lang='lat' dir='ltr'><strong>sit</strong></span> <span class='ocrx_word' id='word_1_837' title='bbox 3372 5230 3589 5297; x_wconf 63' lang='lat' dir='ltr'><strong>sanctus</strong></span> 
     </span>
    </p>
   </div>
   <div class='ocr_carea' id='block_1_118' title="bbox 2006 5297 3588 5373">
    <p class='ocr_par' dir='ltr' id='par_1_118' title="bbox 2006 5297 3588 5373">
     <span class='ocr_line' id='line_1_118' title="bbox 2006 5297 3588 5373; baseline 0.011 -26"><span class='ocrx_word' id='word_1_838' title='bbox 2006 5297 2258 5373; x_wconf 71' lang='lat' dir='ltr'><strong>Anglicus</strong></span> <span class='ocrx_word' id='word_1_839' title='bbox 2285 5297 2523 5373; x_wconf 10' lang='lat' dir='ltr'><strong>&#39;:rsetl:an</strong></span> <span class='ocrx_word' id='word_1_840' title='bbox 2555 5304 2625 5355; x_wconf 92' lang='lat' dir='ltr'><strong>sit</strong></span> <span class='ocrx_word' id='word_1_841' title='bbox 2658 5305 3007 5361; x_wconf 80' lang='lat' dir='ltr'><strong>llereherctus</strong></span> <span class='ocrx_word' id='word_1_842' title='bbox 3050 5297 3292 5373; x_wconf 77' lang='lat' dir='ltr'><strong>eremita,</strong></span> <span class='ocrx_word' id='word_1_843' title='bbox 3325 5328 3391 5363; x_wconf 88' lang='lat' dir='ltr'><strong>an</strong></span> <span class='ocrx_word' id='word_1_844' title='bbox 3426 5312 3588 5365; x_wconf 86' lang='lat' dir='ltr'><strong>lluet-</strong></span> 
     </span>
    </p>
   </div>
   <div class='ocr_carea' id='block_1_119' title="bbox 2005 5368 3591 5449">
    <p class='ocr_par' dir='ltr' id='par_1_119' title="bbox 2005 5368 3591 5449">
     <span class='ocr_line' id='line_1_119' title="bbox 2005 5368 3591 5449; baseline 0.012 -31"><span class='ocrx_word' id='word_1_845' title='bbox 2005 5368 2219 5449; x_wconf 77' lang='lat' dir='ltr'><strong>beretus</strong></span> <span class='ocrx_word' id='word_1_846' title='bbox 2245 5372 2409 5449; x_wconf 64' lang='lat' dir='ltr'><strong>abbas</strong></span> <span class='ocrx_word' id='word_1_847' title='bbox 2441 5370 2800 5449; x_wconf 69' lang='lat' dir='ltr'><strong>Wtreusis,_au</strong></span> <span class='ocrx_word' id='word_1_848' title='bbox 2828 5379 3146 5445; x_wconf 77' lang='lat' dir='ltr'><strong>Ecgberctus</strong></span> <span class='ocrx_word' id='word_1_849' title='bbox 3177 5368 3406 5435; x_wconf 79' lang='lat' dir='ltr'><strong>lliiensis</strong></span> <span class='ocrx_word' id='word_1_850' title='bbox 3436 5396 3591 5449; x_wconf 82' lang='lat' dir='ltr'><strong>pres-</strong></span> 
     </span>
    </p>
   </div>
   <div class='ocr_carea' id='block_1_120' title="bbox 2005 5438 3588 5520">
    <p class='ocr_par' dir='ltr' id='par_1_120' title="bbox 2005 5438 3588 5520">
     <span class='ocr_line' id='line_1_120' title="bbox 2005 5438 3588 5520; baseline 0.012 -31"><span class='ocrx_word' id='word_1_851' title='bbox 2005 5438 2179 5507; x_wconf 88' lang='lat' dir='ltr'><strong>byter,</strong></span> <span class='ocrx_word' id='word_1_852' title='bbox 2228 5458 2294 5493; x_wconf 87' lang='lat' dir='ltr'><strong>au</strong></span> <span class='ocrx_word' id='word_1_853' title='bbox 2346 5441 2671 5510; x_wconf 76' lang='lat' dir='ltr'><strong>Ecgberctus</strong></span> <span class='ocrx_word' id='word_1_854' title='bbox 2709 5438 3078 5503; x_wconf 64' lang='lat' dir='ltr'><strong>Eburacensis</strong></span> <span class='ocrx_word' id='word_1_855' title='bbox 3124 5438 3449 5520; x_wconf 44' lang='lat' dir='ltr'><strong>episcopus;</strong></span> <span class='ocrx_word' id='word_1_856' title='bbox 3477 5467 3588 5508; x_wconf 86' lang='lat' dir='ltr'><strong>non</strong></span> 
     </span>
    </p>
   </div>
   <div class='ocr_carea' id='block_1_121' title="bbox 2003 5522 2402 5575">
    <p class='ocr_par' dir='ltr' id='par_1_121' title="bbox 2003 5522 2402 5575">
     <span class='ocr_line' id='line_1_121' title="bbox 2003 5522 2402 5575; baseline 0.013 -16"><span class='ocrx_word' id='word_1_857' title='bbox 2003 5522 2155 5575; x_wconf 75' lang='lat' dir='ltr'><strong>mque</strong></span> <span class='ocrx_word' id='word_1_858' title='bbox 2177 5522 2402 5564; x_wconf 72' lang='lat' dir='ltr'><strong>(‘OﬂSlaL</strong></span> 
     </span>
    </p>
   </div>
   <div class='ocr_carea' id='block_1_122' title="bbox 2076 5580 3643 5661">
    <p class='ocr_par' dir='ltr' id='par_1_122' title="bbox 2076 5580 3643 5661">
     <span class='ocr_line' id='line_1_122' title="bbox 2076 5580 3643 5661; baseline 0.011 -30"><span class='ocrx_word' id='word_1_859' title='bbox 2076 5582 2102 5615; x_wconf 78' lang='grc' dir='ltr'>α</span> <span class='ocrx_word' id='word_1_860' title='bbox 2137 5580 2356 5661; x_wconf 50' lang='grc' dir='ltr'><strong>(λᾙνεάξ.</strong></span> <span class='ocrx_word' id='word_1_861' title='bbox 2397 5582 2627 5661; x_wconf 60' lang='lat' dir='ltr'><strong>Wilfrid}</strong></span> <span class='ocrx_word' id='word_1_862' title='bbox 2676 5601 2754 5645; x_wconf 86' lang='lat' dir='ltr'><strong>sc.</strong></span> <span class='ocrx_word' id='word_1_863' title='bbox 2807 5588 3043 5661; x_wconf 88' lang='lat' dir='ltr'><strong>episcopi</strong></span> <span class='ocrx_word' id='word_1_864' title='bbox 3092 5589 3469 5660; x_wconf 83' lang='lat' dir='ltr'><strong>Eboracensis,</strong></span> <span class='ocrx_word' id='word_1_865' title='bbox 3517 5592 3593 5648; x_wconf 86' lang='lat' dir='ltr'><strong>de</strong></span> <span class='ocrx_word' id='word_1_866' title='bbox 3635 5604 3643 5621; x_wconf 73' lang='lat'><em>’</em></span> 
     </span>
    </p>
   </div>
   <div class='ocr_carea' id='block_1_123' title="bbox 2002 5651 2649 5724">
    <p class='ocr_par' dir='ltr' id='par_1_123' title="bbox 2002 5651 2649 5724">
     <span class='ocr_line' id='line_1_123' title="bbox 2002 5651 2649 5724; baseline 0.015 -24"><span class='ocrx_word' id='word_1_867' title='bbox 2002 5664 2106 5719; x_wconf 86' lang='lat' dir='ltr'><strong>quo</strong></span> <span class='ocrx_word' id='word_1_868' title='bbox 2143 5651 2277 5709; x_wconf 76' lang='lat' dir='ltr'><strong>Hist.</strong></span> <span class='ocrx_word' id='word_1_869' title='bbox 2310 5653 2451 5709; x_wconf 83' lang='lat' dir='ltr'><strong>Eccl.</strong></span> <span class='ocrx_word' id='word_1_870' title='bbox 2484 5670 2537 5724; x_wconf 93' lang='lat' dir='ltr'><strong>v,</strong></span> <span class='ocrx_word' id='word_1_871' title='bbox 2565 5653 2649 5710; x_wconf 77' lang='grc'><strong>19.</strong></span> 
     </span>
    </p>
   </div>
  </div>
