3990 6196
317 334 424 390 895
1064 329 1267 384 BEDA‘.’
1309 324 1760 382 VENERABILIS
1795 324 1949 381 OPP.
1991 324 2168 381 PARS
2207 323 2299 379 IV.
2340 353 2408 364 -—-
2448 322 2834 381 HISTORICA.

1564 438 1791 492 EDITIO
1827 436 2298 493 COLONIENSIS.

321 535 778 593 exhortationibus
807 532 945 588 beati
978 530 1187 586 Hermae
1215 530 1282 584 de
1312 528 1415 584 lide
1440 529 1661 595 Christi,
1703 538 1757 583 et
1781 529 1909 582 visis
1940 533 1985 587 Α
2019 527 2221 582 Disitei
2250 529 2532 595 Quirinus:
2564 525 2674 594 Ego
2705 524 3025 580 christianos
3046 538 3165 577 sum
3196 523 3395 589 factus,
3415 525 3495 580 vis
3515 542 3607 582 oe-

323 628 515 696 signis,
548 642 667 696 qum
694 625 946 679 Dominus
973 624 1024 677 in
1055 624 1374 691 martyribus
1395 623 1505 675 suis
1538 622 1841 675 Alexandro
1857 631 1911 675 et
2022 620 2223 681 cidere,
2276 620 2353 673 vis
2400 619 2673 688 instigare.
2720 618 2800 670 vis
2829 617 3136 679 incendere,
3166 617 3306 669 aliud
3355 631 3459 671 non
3490 634 3606 673 ero.

329 720 541 773 llermze
589 720 959 786 operabatur,
1028 716 1195 778 ipsam
1248 714 1490 765 eamdem
1542 713 1698 764 hliam
1760 728 1909 766 suam
2022 710 2150 763 Nam
2177 724 2364 763 omnes
2389 710 2478 778 qui
2509 720 2656 761 erant
2684 708 3106 772 inearcere,l'eci
3127 706 3240 760 fieri
3265 707 3606 771 christianos,

330 813 521 863 obtulit
552 810 626 862 eis
651 809 715 861 ad
744 808 1057 859 sauamlum.
1088 806 1183 858 Cui
1208 804 1339 857 dixit
1360 806 1547 857 beatus
1577 804 1909 858 Alexander:
2022 815 2071 855 et
2098 803 2277 856 dimisi
2307 818 2421 867 eos,
2461 813 2515 857 et
2544 803 2823 855 noluerunt
2854 816 3075 866 usquam
3110 800 3207 853 ire.
3244 800 3411 853 Iratus
3439 802 3610 854 Aere-

330 901 485 953 Tolle
522 898 695 952 boistn
725 896 792 949 de
822 896 961 949 collo
994 911 1135 958 meo,
1168 905 1224 948 et
1254 894 1465 959 impone
1493 895 1563 947 ei.
1608 895 1761 961 Quod
1791 911 1911 949 cum
2024 894 2197 946 lianus
2249 893 2372 945 fecit
2426 893 2473 945 ei
2523 893 2753 960 linguam
2800 891 3028 955 abscidi,
3060 890 3253 943 deimle
3284 889 3335 943 in
3382 892 3615 957 equuleo

333 999 485 1060 pater
523 989 778 1042 obediens
806 996 1179 1055 exequeretur,
1213 986 1392 1038 divino
1449 998 1576 1039 nuttt
1624 998 1805 1038 sanata
1833 995 1917 1039 est
2022 986 2291 1053 suspendi.
2348 986 2449 1052 Qui
2493 987 2619 1039 dum
2651 985 2922 1038 Aureliani
2976 998 3081 1037 non
3133 983 3348 1038 cederet
3378 982 3609 1053 injuriis,

331 1078 856 1133 subito.Vocabatur
886 1089 1062 1130 autent
1093 1080 1204 1144 ipsa
1234 1078 1648 1145 Balbina,atque
1671 1079 1739 1130 ita
1770 1088 1916 1145 pater
2028 1078 2185 1144 jussit
2213 1080 2260 1131 ei
2286 1093 2473 1131 manus
2497 1094 2557 1130 ac
2590 1077 2753 1144 pedes
2781 1076 3043 1139 abscindi,
3085 1084 3136 1129 et
3177 1077 3256 1129 sic
3283 1090 3407 1129 eum
3437 1075 3623 1129 decol-

332 1168 454 1239 ejus
482 1186 601 1222 cum
632 1169 918 1231 universis,
950 1169 1042 1237 qui
1088 1168 1141 1221 in
1168 1168 1407 1221 custodia
1437 1170 1768 1231 tenebantur,
1799 1183 1917 1221 om-
2028 1174 2152 1238 lari,
2196 1182 2249 1226 cl
2295 1173 2514 1226 canibus
2570 1171 2783 1241 projici.
2831 1171 2934 1225 Sed
2963 1169 3239 1223 christiani
3271 1183 3467 1236 corpus
3494 1170 3613 1236 ejus

340 1262 499 1328 nique
528 1260 690 1313 dotno
738 1274 830 1311 sua
866 1258 1164 1324 baptizatus
1214 1267 1313 1311 est.
1367 1257 1516 1323 Quod
1549 1266 1605 1309 ut
1658 1259 1923 1314 nuntiavit
2029 1276 2234 1333 raptum
2269 1266 2321 1318 itt
2354 1266 2435 1318 via
2484 1264 2670 1331 Appia,
2700 1262 3022 1332 sepelierunt
3057 1263 3110 1315 in
3140 1261 3453 1315 cmmeterin
3478 1258 3617 1315 Ρη-

337 1349 840 1405 comtneutaricnsis
870 1348 1355 1419 Aurelianojndici,
1382 1352 1568 1414 iratus,
1588 1350 1751 1417 jussit
1778 1353 1840 1405 ad
1865 1367 1923 1406 se
2034 1356 2242 1411 testati.
2276 1356 2329 1410 In
2360 1356 2682 1410 Alexandria
2715 1357 2888 1408 natale
2944 1352 3247 1422 Ephrodisii
3293 1352 3614 1420 presbyteri,

338 1443 531 1495 adduci
563 1443 864 1508 Quirinum,
891 1450 944 1495 et
973 1441 1103 1496 dixit
1123 1442 1205 1496 ei:
1241 1442 1350 1511 Ego
1382 1452 1432 1494 te
1458 1445 1609 1511 quasi
1652 1444 1816 1497 litium
1841 1445 1922 1499 di-
2031 1458 2082 1500 et
2114 1448 2338 1500 aliorum
2385 1445 2635 1516 triginta:
2671 1453 2727 1499 et
2776 1444 2948 1512 vigilia
2981 1444 3345 1512 apostolorum
3395 1440 3622 1509 Philippi

341 1534 475 1599 lesi;
509 1545 561 1587 tu
590 1543 764 1587 autem
794 1533 1007 1586 irrisisti
1042 1548 1150 1600 uie,
1182 1533 1438 1601 deceptus
1481 1534 1549 1587 ab
1595 1535 1920 1592 Alexandro.
2030 1555 2081 1593 et
2109 1539 2312 1593 Jacobi.

1571 1626 1799 1681 EDI'I’IO
1840 1629 2342 1687 BOLLANDIANA.

342 1715 454 1788 [B.,
496 1713 716 1786 Quirici}
763 1715 995 1783 episcopi
1026 1723 1080 1769 et
1126 1720 1396 1784 martyris.
1429 1715 1628 1772 Eodem
1664 1718 1750 1773 die
1783 1721 1919 1787 apud
1955 1726 2000 1783 Β
2109 1723 2207 1785 D.,
2268 1723 2583 1776 Sanctorum
2639 1729 2929 1791 martyrum
2984 1727 3025 1791 ξ
3059 1718 3275 1791 Mariani
3316 1726 3372 1771 et
3417 1716 3625 1791 Jacobi.

350 1811 528 1863 Asiam
572 1809 749 1876 passio
799 1808 1009 1861 Maximi
1064 1808 1333 1878 martyris,
1381 1810 1469 1877 qui
1504 1820 1744 1879 tempore
1782 1813 1924 1867 Decii

2141 1794 2247 1879 υτ..
2268 1794 2322 1847 Ιιι
2342 1792 2681 1879 Alexandria
2708 1789 2883 1879 natale
2910 1790 2965 1847 S.
2999 1789 3254 1879 Dorrotltei
3286 1789 3622 1879 npresbyteri.

350 1857 526 1911 TW”
574 1857 741 1923 VI"
1064 1857 1333 1911 "MT"?
1385 1857 1924 1931 """":""f.""
2041 1864 2129 1927 V.,
2188 1863 2254 1916 Et
2308 1864 2427 1915 alibi
2489 1862 2772 1916 Podoniani
2804 1860 3032 1913 diaconi.
3069 1859 3249 1911 Roma:
3285 1857 3629 1922 Prmtettati;

352 1906 777 1966 ttnperatorts,et
800 1900 994 1965 Optuut
1029 1901 1672 1969 proconsulis,postquam
1705 1904 1933 1959 fustibus
2043 1934 2247 1969 “HM”;
2305 1933 2344 1969 ιι
2428 1934 2713 1969 ιε,,,ιηρ;,,η;
2768 1931 2976 1969 mam“;
3033 1928 3291 1969 nimum“;
3350 1928 3621 1969 unum,“

739 1928 777 1998 ξ’
801 1928 994 2000 "Im"?
1030 1928 1672 2000 ν¹υ¹⁵“¹¹¹³“¹¹¹³’¹¹¹ξ⁵¹ίξ¹¹⁵ξ¹¹¹
1705 1928 1933 2000 ¹¹¹ῗ¹¹υυ⁵
2043 1934 2271 1997 Quirini.
2305 1933 2391 1994 8.,
2428 1934 2714 1984 Itodociani
2768 1931 3004 2000 diaconi,
3033 1928 3315 1995 Clementi,
3350 1928 3625 1989 Honorati,

351 2004 521 2071 casus
547 1999 630 2043 est
653 2000 705 2043 et
739 1993 786 2043 in
818 1992 1102 2059 equulcuut
1124 2006 1433 2060 suspensus,
1456 1992 1576 2047 inde
1592 1994 1860 2062 depositus
1880 2006 1937 2051 et
2053 1992 2294 2067 I‘teducti,
2318 1992 2603 2058 Secundini
2635 2002 2893 2071 episCOni,

352 2068 616 2149 lapidibus
644 2080 865 2135 obrutus
893 2091 994 2135 est.

3492 324 3601 380 396

1736 2176 1944 2231 SMITII
1988 2176 2218 2232 ΝΟΤΑΞ.

483 2263 711 2319 Μαι-ἱαηὶ
735 2276 782 2318 et
814 2266 1013 2320 Jacobi.
1030 2266 1267 2332 Quorum
1303 2268 1448 2335 prior
1472 2268 1657 2336 lector,
1675 2270 1942 2336 posterior

358 2336 613 2388 diaconus
657 2348 799 2389 erat:
832 2353 951 2391 cum
984 2350 1159 2391 autem
1187 2338 1297 2405 jam
1335 2339 1535 2404 pridem
1572 2342 1938 2396 infestationes

354 2405 598 2459 Deciana:
652 2409 1035 2467 persecutionis
1086 2411 1335 2462 evict~set
1406 2411 1701 2473 Marianus;
1750 2413 1942 2465 iterum

355 2492 476 2529 cum
504 2478 817 2529 cltarissimo
844 2479 1046 2545 collega
1081 2488 1254 2531 tentus
1282 2488 1363 2531 cst
1412 2481 1550 2545 apud
1606 2480 1942 2534 Cirthcusem

358 2546 632 2617 Coloniam
662 2546 714 2598 itt
746 2546 986 2601 Numidia
1014 2566 1028 2602 :
1075 2549 1162 2601 ubi
1194 2560 1311 2617 post
1339 2550 1450 2600 dira
1480 2552 1763 2616 supplicm,
1793 2550 1861 2605 ita
1887 2560 1944 2605 ιιι

361 2616 631 2668 Marianus
661 2631 755 2681 per
784 2632 1021 2669 summos
1053 2616 1231 2683 apices
1261 2621 1511 2684 pollicuut
1541 2635 1853 2683 suspensus.
1885 2630 1941 2675 et

359 2684 505 2751 gravii
541 2686 772 2757 pondere
812 2687 1035 2754 pedibus
1061 2688 1284 2741 innexus
1330 2690 1696 2743 crudelissime
1724 2700 1935 2757 torque.

365 2764 530 2818 retttr,
555 2753 647 2807 ditt
669 2756 719 2807 itt
743 2770 959 2809 carcere
982 2762 1232 2811 macerati
1264 2768 1406 2811 sunt.
1442 2758 1640 2814 Deinde
1670 2753 1947 2815 Latnbesi-

2050 2280 2226 2324 lanam
2258 2268 2442 2323 urbem
2471 2269 2658 2322 directi
2692 2269 2757 2322 ad
2791 2269 3093 2335 prmsidem,
3124 2269 3195 2323 ibi
3240 2284 3451 2324 rursum
3477 2269 3644 2335 longo
3732 2298 3735 2301 <

2053 2350 2293 2409 tempore
2322 2340 2574 2393 carcerali
2604 2342 2872 2407 ergastulo
2904 2339 3211 2404 mancipati,
3254 2350 3306 2393 et
3346 2337 3637 2393 novissime

2049 2426 2168 2464 cum
2227 2411 2405 2463 multis
2456 2411 2569 2462 aliis
2633 2410 2808 2478 gladio
2857 2412 3211 2463 consummati
3276 2418 3419 2463 sunt.
3476 2411 3636 2476 Ado,

2052 2480 2284 2535 lisuard.
2338 2480 2485 2534 Passi
2512 2488 2637 2533 sunt
2682 2482 2732 2532 bi
2763 2492 3024 2547 martyres
3055 2491 3173 2548 post
3193 2480 3249 2536 S.
3282 2479 3635 2548 Cyprianum,

2050 2551 2141 2620 qui
2164 2551 2222 2604 S.
2251 2549 2510 2614 Mariano,
2538 2562 2592 2603 ut
2620 2550 2735 2618 ejus
2761 2558 2875 2603 acta
2906 2549 3203 2620 declarant,
3234 2550 3285 2603 in
3311 2552 3513 2604 visione
3539 2564 3637 2616 ap-

2052 2618 2226 2691 paruit
2260 2661 2274 2682 ,
2319 2622 2454 2691 jam,
2485 2629 2608 2675 ante
2660 2630 2860 2690 martyr
2904 2618 3122 2674 ell‘ectus
3167 2636 3310 2673 anno
3347 2620 3489 2685 258,
3548 2622 3639 2673 die

2054 2690 2485 2762 lliASt-ptetubris
2514 2707 2528 2755 ;
2558 2701 2613 2744 ut
2641 2692 2880 2745 videatur
2911 2691 3099 2762 horum
3144 2691 3456 2762 martyrium
3483 2704 3642 2758 posse

2059 2760 2249 2815 referri
2280 2776 2331 2815 ιιι
2358 2776 2553 2814 annum
2579 2771 2890 2832 sequentem
2912 2759 3040 2816 259.

365 2916 3627 2942 mm

1800 3050 2202 3135 MAIUS.

1624 3207 1851 3261 EDITIO
1888 3205 2353 3262 COLONIENSIS.

1996 3321 2041 3384 C
2072 3319 2406 3386 diacouibus,
2468 3318 2792 3390 presbyteris
2820 3326 2875 3373 et
2907 3318 3169 3388 episcopis
3213 3319 3285 3375 ibi
3313 3321 3649 3391 constitutis,

2060 3424 2306 3465 reversus
2330 3418 2413 3465 est
2439 3409 2506 3464 ad
2560 3410 2766 3473 Asiam,
2796 3419 2848 3464 et
2870 3408 3008 3478 apud
3039 3410 3361 3479 Hierapolim
3392 3412 3650 3468 dormint

2064 3502 2114 3555 iu
2143 3517 2293 3569 pace.
2324 3501 2556 3556 Jacobus
2587 3517 2734 3568 vero,
2770 3504 2858 3571 qui
2892 3514 2946 3557 et
2995 3503 3157 3557 lrater
3188 3502 3403 3558 Domini
3433 3506 3649 3577 legitur,

2066 3604 2183 3661 post
2214 3594 2516 3661 passionem
2551 3593 2757 3646 Domini
2810 3595 2987 3647 statim
3019 3594 3087 3648 ab
3113 3595 3371 3663 apostolis
3400 3596 3654 3652 liieroso-
3738 3660 3743 3663 _

382 3704 500 3760 qua:
530 3688 623 3740 fuit
651 3702 802 3741 soror
832 3686 1013 3741 Matris
1044 3683 1272 3740 Domini.
1322 3683 1401 3737 Ex
1442 3685 1632 3753 quibus
1665 3684 1959 3754 Philippus,
2068 3684 2331 3754 lymorum
2358 3685 2639 3753 episcopus
2668 3684 2943 3738 ordinatus
2975 3694 3078 3739 est.
3105 3684 3198 3738 llic
3223 3685 3291 3739 de
3334 3695 3487 3741 utero
3531 3702 3650 3741 tua-

381 3799 501 3836 cum
533 3796 669 3850 pene
697 3780 968 3851 Scythiam
1011 3780 1075 3831 ad
1132 3778 1290 3833 [idem
1350 3775 1544 3831 Christi
1587 3779 1962 3844 convertisset,
2069 3779 2166 3831 tris
2188 3788 2404 3831 sanctus
2428 3776 2544 3843 luit,
2576 3778 2751 3830 vinum
2796 3784 2851 3832 et
2874 3776 3100 3832 siceram
3132 3792 3235 3830 non
3262 3776 3412 3841 bibit,
3438 3792 3657 3832 carnem

1602 3868 1827 3922 EDITIO
1871 3866 2371 3922 BOLLANDIANA.

456 3961 901 4016 t.——KsLssuts.
958 3960 1206 4014 Jeremite
1264 3958 1556 4026 prophetat.
1592 3958 1659 4012 Et
1698 3958 1749 4012 itt
1782 3959 1966 4013 lliero-
2068 3958 2307 4025 Cumque
2336 3956 2597 4026 lapidibus
2623 3966 2921 4025 urgeretur,
2964 3971 3058 4023 pro
3079 3955 3278 4011 eisdem
3302 3961 3660 4024 persecutori-

386 4054 492 4123 poli
540 4052 762 4119 Philippi
802 4050 1027 4120 apostoli
1058 4062 1109 4105 et
1137 4050 1319 4105 Jacobi
1351 4050 1577 4121 apostoli
1634 4049 1811 4105 fratris
1864 4051 1968 4104 Do—
2070 4048 2169 4102 bus
2193 4047 2448 4103 exorabat
2496 4048 2711 4101 dicens:
2748 4047 2917 4116 Rogo,
2951 4047 3175 4101 Domine
3203 4046 3343 4101 Deus
3376 4048 3551 4116 Pater,
3575 4050 3661 4104 di-

387 4144 538 4199 mini.
2078 4142 2226 4195 mitte
2250 4143 2329 4196 eis
2354 4144 2453 4196 hoc
2480 4150 2752 4210 peccatum
2774 4159 2789 4206 ;
2810 4156 2912 4195 non
2935 4142 3076 4195 enim
3100 4144 3273 4195 sciunt
3295 4143 3417 4210 quid
3438 4143 3659 4198 faciunt.

466 4236 623 4289 Addit
671 4234 859 4288 Florus
887 4236 937 4287 in
971 4237 1030 4287 Α.
1078 4233 1140 4286 Τ.
1177 4233 1259 4294 L.,
1316 4241 1341 4270 ι
1374 4234 1608 4298 Quorum
1658 4232 1857 4299 primus
1915 4232 1966 4285 in
2078 4236 2143 4290 Et
2171 4250 2295 4291 ecce
2333 4250 2468 4289 unus
2498 4251 2563 4290 ex
2592 4236 2721 4305 ipsis
2767 4236 2919 4301 tullo,
2963 4249 3177 4304 arrepto
3206 4238 3364 4304 fuste,
3422 4254 3526 4307 quo
3555 4240 3661 4294 uda

400 4330 520 4383 Asia
566 4330 617 4380 in
647 4327 857 4380 civitate
905 4326 1167 4394 Hierapoli
1195 4324 1482 4389 provinciae
1514 4324 1752 4394 Phrygiae
1785 4338 1970 4388 passus
2081 4327 2392 4380 vestimenta
2443 4326 2749 4396 extorqueri
2805 4328 2999 4390 solent,
3030 4330 3249 4383 cerebra
3276 4330 3395 4398 ejus
3436 4330 3583 4386 illisit
3602 4342 3664 4386 et

395 4430 499 4486 est,
525 4421 699 4488 ih'que
719 4435 838 4473 cum
864 4418 1069 4472 liliabus
1099 4418 1209 4471 suis
1239 4418 1554 4485 requicSt-it:
1588 4416 1849 4470 secundus
1879 4432 1974 4469 au-
2010 4458 2053 4514 ῃ
2084 4418 2172 4472 tali
2201 4420 2455 4486 martyrio
2486 4425 2889 4472 consummatus
2916 4429 3015 4483 est,
3036 4435 3098 4473 ac
3120 4422 3357 4489 sepultus
3389 4422 3440 4475 in
3470 4420 3661 4478 eodem

400 4526 507 4570 tem
556 4530 619 4569 ex
671 4526 822 4568 utero
873 4515 1056 4565 matris
1102 4526 1212 4566 suae
1268 4519 1485 4563 sanctus
1519 4510 1632 4562 luit.
1676 4508 1807 4562 Huic
1860 4518 1981 4577 post
2013 4508 2029 4514 “
2084 4511 2200 4563 loco
2259 4525 2419 4578 prope
2467 4509 2741 4576 templum.
2802 4509 3068 4579 Scriptum
3124 4513 3174 4565 in
3226 4512 3457 4567 llistoria
3493 4515 3666 4568 eccle-

400 4607 776 4659 Ascensionetn
802 4603 997 4657 Christi
1029 4604 1347 4669 epi~copalis
1380 4602 1429 4653 in
1476 4599 1852 4670 llierosolymis
1881 4601 1976 4654 de-
2082 4603 2315 4665 siastica,
2343 4602 2478 4655 libro
2506 4618 2561 4655 tt.
2588 4601 2730 4655 Idem
2758 4602 2943 4656 Florus
2973 4603 3023 4656 itt
3055 4604 3118 4657 A.
3149 4603 3214 4657 Τ.
3241 4604 3327 4669 ι...
3354 4606 3554 4659 Eodem
3574 4606 3667 4659 die

402 4695 504 4748 lati
532 4705 615 4749 est
642 4695 709 4749 ab
727 4696 982 4761 apostolis
1004 4695 1189 4747 sedes:
1222 4693 1313 4746 sed
1340 4709 1459 4745 cum
1485 4691 1678 4745 ludatis
1708 4692 1975 4745 Christum
2086 4692 2260 4759 passio
2281 4693 2341 4746 ὃ.
2367 4691 2519 4746 ,Ιιιιιιυ
2552 4691 3019 4763 HierosMymitaui
3049 4694 3284 4762 episcopi
3303 4706 3666 4763 cognomento

408 4788 498 4841 Dei
528 4787 715 4841 Filium
765 4788 1098 4853 pracdicoret,
1130 4787 1197 4838 de
1229 4784 1384 4851 pinna
1432 4786 1610 4851 templi
1643 4786 1710 4835 ah
1741 4784 1869 4849 ipsis
1896 4790 1979 4835 est
2080 4781 2106 4819 ι)
2141 4781 2393 4847 Quiriaci,
2414 4782 2501 4853 qui
2532 4799 2715 4851 passus
2737 4795 2819 4837 est
2849 4784 2902 4838 in
2930 4784 3298 4855 Hierosolyma
3326 4787 3427 4843 sub
3454 4787 3670 4841 .luliano

411 4880 769 4949 prtecipitatus
822 4890 875 4933 et
929 4878 1191 4947 lapidibus
1244 4877 1485 4930 obrutus.
1546 4875 1834 4947 (Hactenus
1888 4874 1973 4939 A.)
2085 4874 2427 4937 imperatore.
2472 4883 2525 4926 ct
2549 4873 2722 4939 pasio
2753 4879 2919 4928 Annae
2951 4876 3134 4931 matris
3158 4874 3420 4945 ejuszsed
3449 4887 3505 4932 et
3531 4878 3665 4931 Aut-

1764 4966 1969 5022 SMl'l‘ll
2012 4965 2235 5019 NOTA‘Z.

479 5076 503 5102 ³
533 5066 577 5120 Α
598 5082 810 5133 quorum
838 5065 901 5117 ad
928 5064 1193 5129 requiescit
1214 5062 1387 5115 omnia
1420 5060 1612 5114 tlesunl
1633 5060 1684 5112 iit
1716 5062 1777 5133 AV.
2089 5058 2480 5133 episcopalibus
2500 5056 2755 5133 c_a_talogis
2782 5059 2918 5126 apud
2946 5059 3253 5125 Eusebium,
3284 5062 3665 5129 Epiphanium,

482 5136 509 5176 δ
549 5128 796 5198 Otiirt'aci.
859 5136 1006 5188 Ilunc
1079 5132 1633 5201 l|iBI’ONDIyIllillllltltll7
1680 5132 1944 5195 episcoput

2092 5129 2469 5201 Neephorum,
2504 5128 2992 5195 Theopltanemque
3046 5133 3306 5185 habemus
3335 5128 3665 5201 nummatus,

411 5209 599 5269 fuisse.
654 5222 821 5272 ttsque
870 5206 934 5256 ad
989 5207 1099 5257 haec
1146 5204 1425 5255 novissima
1482 5200 1670 5253 smcula
1721 5202 1988 5253 dubitavit
2090 5209 2143 5250 et
2169 5200 2329 5253 certis
2360 5213 2659 5272 coaevorum
2693 5201 3010 5272 scriptorum
3037 5217 3097 5253 uc
3131 5202 3463 5269 publicorum
3518 5200 3668 5258 acto-

415 5295 610 5341 nemo;
661 5270 757 5329 nec
808 5274 981 5326 adhuc
1006 5284 1146 5327 esset
1175 5274 1447 5326 dubtaudi
1496 5285 1679 5333 causa,
1725 5273 1823 5323 nisi
1882 5284 1985 5323 tant
2093 5285 2209 5341 rum
2237 5271 2594 5322 monumentis
2621 5276 2794 5321 notus.
2833 5270 2969 5340 Ergo
3005 5273 3133 5324 satis
3179 5273 3412 5326 habuere
3433 5274 3597 5327 alium
3617 5276 3671 5329 ei

420 5340 805 5411 tnultascripta
839 5346 1137 5408 legerentur
1167 5344 1232 5396 de
1262 5358 1421 5396 cruce
1468 5340 1633 5405 ipsuts
1680 5343 1874 5394 indicio
1905 5358 1988 5394 re-
2092 5340 2452 5411 euiscOpatutn
2483 5353 2725 5405 quaeri-re
2752 5356 2766 5403 ;
2814 5356 2984 5409 neque
3024 5352 3137 5394 erat
3165 5344 3215 5393 itt
3246 5359 3402 5410 quem
3452 5345 3676 5399 vicinior

418 5430 588 5490 perta,
611 5422 676 5471 de
706 5410 823 5482 ejus
848 5416 1255 5490 ordinationem
1282 5414 1585 5476 episcopum
1618 5428 1712 5475 per
1738 5412 1988 5490 lteleuant
2093 5410 2395 5477 conjectura
2431 5413 2702 5490 inclinaret
2731 5426 2885 5490 quam
2918 5414 3299 5490 Anconitanus,
3332 5414 3418 5490 ubi
3465 5413 3671 5480 pridem

422 5481 625 5554 intrata,
656 5481 826 5553 deque
850 5488 1104 5556 martyrio
1127 5488 1269 5556 obito
1290 5498 1469 5556 coram
1496 5493 1735 5549 apttstztla
1759 5483 1989 5536 Jutiano.
2097 5491 2349 5556 patronus
2391 5481 2682 5556 colebatur.
2731 5483 2839 5556 liae
2866 5496 2993 5556 ergo
3036 5497 3161 5556 usus
3193 5484 3446 5536 liaronius
3474 5494 3527 5539 ct
3557 5496 3677 5552 post

423 5549 687 5614 Vide-baut
714 5549 904 5611 eittditi
937 5549 1055 5617 viri,
1089 5571 1117 5607 a
1146 5556 1203 5607 S.
1235 5555 1482 5618 Macario,
1516 5556 1614 5606 sub
1634 5569 1739 5623 quo
1761 5569 1887 5605 crux
1913 5560 1995 5605 est
2100 5550 2381 5624 itaroniuut
2417 5549 2668 5624 Ugltellus
2694 5552 2909 5624 aliique.
2935 5554 3151 5619 Quoties
3176 5568 3301 5606 vero
3330 5557 3378 5607 in
3410 5549 3676 5624 Martyro-

422 5629 659 5689 inventa.
691 5644 855 5697 usque
882 5628 948 5680 ad
970 5626 1234 5680 lulianum
1266 5627 1363 5677 sub
1392 5640 1507 5697 quo
1528 5620 1717 5697 passus
1744 5624 1996 5697 (Syriacus
2100 5620 2254 5697 logiis
2306 5630 2517 5697 notatur
2558 5620 2754 5697 aliquis
2802 5627 3082 5697 episcopus
3135 5634 3356 5697 martyr,
3407 5620 3593 5697 passus
3619 5626 3676 5679 in

426 5690 784 5762 credebatur,-
812 5699 1012 5751 nulhmt
1038 5712 1157 5751 esse
1186 5690 1429 5763 cuiquam
1462 5690 1615 5748 alteri
1643 5690 1891 5761 episcopo
1917 5695 1998 5746 lo-
2106 5691 2279 5763 aliqua
2296 5690 2589 5763 episcOpali
2611 5690 2846 5758 civitate,
2864 5694 3019 5763 toties
3042 5690 3419 5761 creditur'ipse'
3434 5696 3675 5761 ejusdem

424 5784 573 5839 cum,
628 5760 759 5826 sive?
788 5767 1068 5835 catholico,
1122 5768 1233 5822 sive
1288 5760 1556 5828 luctctit'o,
1590 5780 1746 5833 quant
1775 5760 1906 5834 quos
1932 5778 1997 5819 ex
2107 5760 2338 5816 civitatis
2370 5760 2529 5817 fuisse
2549 5763 2851 5833 episcopus,
2896 5762 2947 5818 in
2990 5778 3090 5833 qua
3133 5774 3185 5821 ct
3224 5760 3407 5834 passus
3437 5760 3537 5831 est,
3574 5766 3682 5821 nisi

1051 3318 1279 3373 MAIUS.

732 3409 896 3466 Habet
919 3411 1026 3464 dies
1057 3426 1201 3471 sui,
1237 3409 1431 3462 Lunam
1463 3425 1591 3463 xu.

445 3506 506 3560 Β.
530 3503 766 3559 ΚΑιειηι).
802 3501 1290 3556 ΜΑιι.-.Ιθι·θιιιὶω
1321 3499 1612 3569 prophetat.
1671 3502 1735 3554 Et
1781 3502 1957 3557 natale

380 3607 684 3652 sanctorum
711 3594 1072 3662 apostolorum
1093 3593 1317 3660 Pltilippi
1342 3591 1614 3655 etJacobi,
1633 3592 1723 3645 lilii
1753 3592 1956 3657 Mariae,
