3940 6188
314 383 415 442 897

1414 388 1608 445 SECT.
1656 390 1719 445 ΙΙ.
1759 421 1829 432 -—
1867 393 2439 452 MARTYllOLOGIA.

3470 405 3577 461 898

1558 505 1786 559 EDITIO
1823 505 2289 562 COLONIENSIS.

306 594 507 649 uullam
564 597 818 661 comedit,
868 611 1135 666 nunquam
1178 605 1417 651 attonsns
1447 607 1546 658 est,
1581 613 1677 651 nec
1704 607 1894 651 unctus
1923 604 1971 657 Α
2000 610 2103 655 tur.
2152 600 2302 654 llunc
2356 600 2546 655 scribae
2590 611 2643 654 ct
2700 602 2942 671 pharisai
2991 606 3452 675 przecipitaverunt
3504 613 3573 669 de

308 695 602 753 unguento,
633 700 732 740 nec
759 700 884 741 usus
921 687 1131 749 balneo,
1164 688 1285 743 huic
1311 688 1411 743 soli
1445 689 1642 743 licitum
1673 698 1788 742 erat
1817 690 1892 742 in-

304 773 455 842 gredi
479 784 660 827 sancta
692 784 1024 840 sanctorum;
1046 779 1304 847 siquidem
1337 779 1573 833 vestibus
1604 780 1767 832 laneis
1789 794 1892 833 non

304 866 576 931 utebatur,
594 867 687 919 sed
714 866 887 935 lineis,
907 870 1160 937 solusque
1190 871 1591 939 ingrediebatur
1614 872 1888 938 templum,

307 962 367 1006 et
396 951 513 1007 fixis
549 955 772 1024 genibus
801 972 897 1026 pro
921 960 1115 1028 populo
1144 961 1531 1029 deprerabatnr
1583 964 1631 1014 in
1666 972 1889 1028 tantum,

307 1056 366 1099 ut
391 1050 713 1103 camelorum
741 1051 989 1107 duritiam
1032 1054 1146 1123 ejus
1174 1070 1342 1125 genua
1391 1056 1616 1110 traxisse
1646 1057 1891 1111 videreu-

2001 692 2156 758 pinna
2189 694 2390 758 templi,
2424 695 2636 747 lullonis
2668 696 2717 747 in
2745 697 2966 750 cerebro
2990 712 3265 762 percussus
3298 701 3432 755 fttste
3477 720 3573 758 oc-

1998 784 2200 835 cubnit.
2227 783 2460 851 Triginta
2493 799 2659 836 annos
2696 785 3071 856 Hierosolyma!
3099 790 3237 844 rexit
3269 794 3572 859 ecclesiam,

1992 876 2147 941 juxta
2201 876 2450 944 templum
2505 876 2763 942 sepultus.
2812 878 2866 930 In
2914 878 3099 932 Galliis
3145 884 3309 935 sancti
3349 883 3573 939 Andeoli

1996 964 2327 1026 subdiaccni,
2362 965 2462 1017 sub
2492 964 2695 1019 Severo
2724 963 2960 1030 Caesare,
2989 968 3140 1036 cujus
3167 980 3319 1037 caput
3369 972 3421 1024 iit
3453 989 3572 1027 mo-

1996 1055 2120 1108 dmn
2165 1056 2338 1108 crucis
2378 1056 2601 1108 scissura
2652 1072 2773 1110 cum
2806 1058 2945 1126 ligno
2973 1067 3076 1113 est.
3131 1061 3352 1130 Agauno
3393 1063 3572 1129 passio

1554 1166 1776 1221 EDITIO
1806 1165 2303 1220 BULLANDIANA.

302 1278 480 1334 monis
509 1278 877 1332 incantaloris.
902 1277 1192 1345 (Hactenus
1216 1280 1308 1347 Α.)
1339 1279 1465 1331 Nam
1491 1280 1727 1333 Julianus
1756 1295 1881 1346 pro-

307 1373 553 1427 ficiscens
582 1369 840 1423 adversus
872 1369 1141 1424 Persicum
1197 1369 1391 1422 bellum
1423 1386 1542 1423 cum
1580 1371 1881 1440 llierosoly-

298 1464 402 1518 mis
429 1462 684 1520 venisset,
714 1459 889 1513 statim
952 1460 1190 1527 ejusdem
1239 1461 1381 1513 urbis
1426 1462 1730 1527 episcopum
1781 1463 1880 1517 sibi

294 1554 492 1610 adduci
527 1551 796 1619 praecepit,
818 1560 1015 1605 etcum
1048 1550 1097 1603 in
1120 1551 1240 1605 lidei
1267 1549 1598 1604 confessione
1633 1562 1882 1606 constan-

295 1643 563 1699 tissimum
617 1639 949 1704 invenisset,
998 1640 1158 1709 jussit
1220 1643 1269 1695 ei
1332 1657 1544 1695 manum
1605 1642 1877 1697 dexteram

291 1735 531 1790 abscindi
566 1778 581 1803 ,
642 1734 836 1788 deinde
886 1733 1087 1804 forcipe
1135 1733 1305 1789 ferrea
1359 1750 1420 1787 os
1474 1736 1591 1803 ejus
1638 1738 1873 1804 aperiri,

291 1827 679 1898 plumbumque
722 1827 1005 1881 remissum
1053 1828 1282 1891 infnmli,
1310 1837 1364 1881 ut
1393 1829 1641 1882 interiora
1671 1830 1877 1883 viscera

285 1917 407 1988 ejus
430 1919 760 1973 el'llarentnr.
799 1918 997 1971 Etcum
1031 1934 1128 1972 nec
1154 1919 1223 1972 ita
1252 1927 1474 1983 taceret,
1498 1920 1651 1987 jussit
1680 1920 1873 1987 graba-

1990 1274 2311 1342 Christiana,
2330 1276 2487 1344 jussit
2514 1293 2631 1332 eam
2660 1280 2948 1343 imperator
2972 1298 3063 1347 per
3092 1286 3308 1352 capillos
3337 1303 3562 1358 snspeno

1988 1380 2103 1419 sam
2150 1368 2219 1418 ob
2260 1368 2653 1421 confessionem
2713 1369 2907 1422 Christi
2958 1371 3188 1425 nominis
3235 1381 3566 1447 exungnlari,

1990 1471 2315 1527 magnaSque
2365 1459 2635 1527 lampadas
2664 1458 2920 1512 lateribus
2959 1460 3074 1527 ejus
3121 1465 3369 1530 applicari
3403 1484 3569 1535 usque

1989 1549 2112 1601 dum
2138 1548 2413 1601 deficeret.
2451 1549 2635 1603 Postea
2666 1565 2791 1603 vero
2817 1551 3092 1617 Qniriaeus
3119 1564 3352 1619 vocatus,
3379 1558 3429 1609 in
3455 1558 3565 1612 fos—

1986 1653 2099 1691 Sam
2127 1638 2469 1704 serpentibus
2495 1640 2700 1706 plenam
2726 1641 2939 1707 missus,
2970 1645 3132 1696 exivit
3155 1645 3368 1700 illmsus.
3414 1649 3564 1715 Quod

1988 1728 2211 1782 Ammon
2241 1731 2537 1785 incantatur
2560 1730 2768 1799 videns,
2785 1731 2979 1786 Christi
2999 1735 3244 1789 virtutem
3264 1738 3565 1808 confessus,

1981 1821 2155 1875 statim
2196 1820 2376 1890 jussus
2415 1833 2497 1876 est
2528 1823 2801 1878 decollari.
2832 1824 3056 1880 Sanctus
3109 1843 3236 1882 vero
3282 1831 3561 1895 Quiriacus

1985 1913 2039 1968 in
2067 1916 2172 1967 olei
2207 1915 2461 1969 ferventis
2481 1916 2736 1969 cacalmm
2765 1916 2979 1983 missus,
3004 1934 3125 1972 eum
3152 1936 3254 1974 non
3282 1922 3555 1989 deficeret,

290 2020 411 2063 tum
445 2024 647 2063 mreum
671 2009 871 2072 afferri,
901 2018 955 2062 et
999 2012 1049 2061 in
1078 2024 1143 2063 eo
1174 2009 1385 2062 extendi
1417 2020 1657 2062 sanctum
1682 2009 1872 2075 virum,
1911 2014 1950 2071 Β
1978 2005 2138 2074 jussit
2166 2022 2286 2061 eum
2336 2022 2526 2075 magno
2550 2021 2721 2060 cuneo
2743 2007 2794 2059 in
2822 2022 3003 2073 pectus
3026 2008 3183 2065 ferire
3212 2013 3390 2083 sicque
3416 2018 3559 2071 occi-

286 2108 347 2154 et
370 2098 644 2153 substerni
678 2099 938 2152 carbones
981 2099 1115 2167 ignis
1156 2110 1208 2153 et
1249 2098 1422 2166 spargi
1454 2114 1614 2167 super
1642 2116 1765 2161 eum
1793 2101 1871 2155 sal

282 2201 341 2246 et
368 2191 600 2258 adipem,
631 2199 683 2243 et
727 2192 943 2258 insuper
974 2191 1134 2258 virgis
1159 2191 1315 2254 ctedi,
1344 2201 1401 2243 ut
1427 2202 1610 2244 venter
1650 2201 1701 2245 et
1733 2192 1871 2246 inte-

284 2282 432 2335 riora
458 2283 662 2334 viscera
691 2281 809 2351 ejus
836 2280 1144 2335 laxarentur
1169 2282 1236 2333 ab
1265 2282 1405 2348 igne.
1439 2283 1743 2351 Taliterque
1768 2286 1872 2337 vir-

284 2381 405 2426 tute
429 2372 637 2427 Domini
696 2372 918 2427 necdum
949 2382 1290 2439 consumpto,
1326 2388 1444 2426 cum
1478 2384 1661 2442 postea
1702 2373 1871 2429 inclu-

280 2477 379 2517 sus
404 2471 733 2525 servaretur,
766 2463 912 2517 venit
955 2462 1020 2517 ad
1051 2477 1171 2516 eum
1208 2466 1355 2516 Anna
1388 2474 1556 2518 mater
1598 2465 1714 2534 ejus
1742 2481 1870 2519 con-

280 2556 469 2611 solans
512 2566 567 2612 et
616 2555 974 2611 corroborans
1013 2569 1157 2609 eum.
1215 2554 1281 2608 Et
1327 2569 1449 2609 cum
1499 2557 1675 2625 agnita
1728 2567 1871 2612 esset

1976 2098 2126 2152 dere.
2162 2098 2247 2160 l..,
2279 2098 2540 2165 Scriptum
2568 2098 2619 2151 in
2652 2100 2900 2166 passione
2932 2100 3114 2168 ipsius.

2047 2231 2139 2296 C.,
2176 2232 2237 2284 Et
2264 2232 2321 2286 S.
2350 2241 2375 2268 ι
2408 2232 2730 2298 Sigismundi
2764 2232 2919 2296 regis.
2954 2232 3039 2295 Β..
3070 2233 3123 2287 In
3153 2234 3347 2289 Tolosa
3375 2241 3551 2295 natale

1974 2303 2032 2374 ξ.
2066 2301 2091 2341 δ
2141 2303 2362 2374 Orientii
2393 2303 2648 2374 episcopi.
2679 2302 3044 2356 Autissiodoro
3072 2304 3257 2359 Galliae
3288 2307 3552 2374 depositio

1974 2373 2033 2428 S.
2070 2385 2094 2445 ξε
2129 2373 2392 2445 Amatoris
2428 2373 2695 2445 episcopiL
2735 2376 2969 2445 Agauuo
3003 2376 3183 2445 passio
3226 2373 3549 2445 Sigis'rnundi

1974 2443 2136 2507 regis.
2166 2441 2450 2496 Curtttlbit'e
2474 2444 2645 2495 natale
2666 2443 2722 2495 S.
2756 2441 3111 2499 “Conrin'tini
3127 2441 3449 2503 confessoris
3471 2460 3553 2505 at-

1974 2530 2078 2582 que
2108 2513 2392 2583 pontiﬁcis.
2418 2512 2486 2567 Et
2518 2521 2541 2548 ι’
2571 2513 2729 2567 Bricii
2759 2514 3017 2582 episcopi.

1666 2647 1873 2702 SMlTll
1912 2646 2145 2703 NOTAE.

274 2736 337 2792 id
386 2739 602 2793 aliunde
630 2739 991 2807 prohibeatur,
1039 2739 1269 2795 maxime
1308 2740 1520 2809 quando
1548 2740 1599 2794 in
1641 2744 1862 2795 vetustis

273 2812 533 2879 catalogis
563 2811 801 2877 ejusdem
834 2825 1026 2865 nomen
1057 2810 1340 2864 invenitur.
1384 2811 1472 2866 Sic
1517 2826 1677 2879 porro
1722 2812 1859 2865 inter

278 2878 794 2951 ﬂierosolymitanos
815 2883 1091 2948 episcmtos
1106 2882 1343 2935 decimus
1360 2878 1574 2951 quintus
1599 2884 1859 2936 invenitur

272 2948 484 3019 Iudas:
533 2948 607 3003 ide
658 2967 763 3018 qtto
812 2966 1131 3018 praesumere
1160 2948 1441 3016 possumus
1466 2952 1603 3019 quod
1632 2956 1711 3003 vel
1747 2953 1859 3016 ipse

273 3018 492 3097 Cyriani
523 3033 931 3090 cognomentum
974 3022 1280 3097 assumpsit,
1304 3022 1384 3097 vel
1417 3018 1618 3097 accepit
1649 3036 1677 3072 a
1700 3021 1859 3097 Chri-

274 3091 464 3143 stianis
498 3130 513 3151 ,
558 3102 771 3158 propter
824 3091 1135 3145 memoriam
1190 3091 1473 3159 proditoris
1504 3129 1518 3151 ,
1578 3094 1859 3160 gentisque

272 3161 622 3214 exsecrabilis
644 3161 845 3227 odium,
875 3176 1068 3214 nomen
1090 3160 1204 3230 ejus
1234 3161 1501 3228 proprium
1528 3160 1664 3213 haud
1687 3161 1853 3214 Iibert-

278 3240 362 3283 ter
417 3232 813 3298 usurpatttibus.
875 3231 951 3285 De
1003 3231 1103 3285 hoc
1155 3231 1223 3285 ita
1264 3232 1448 3285 scilliit
1493 3231 1858 3285 Tltendurit‘us

280 3298 466 3353 Pauli:
502 3318 520 3348 ι
558 3300 717 3354 ludas
747 3317 877 3356 vero
900 3310 1114 3355 sanctus
1144 3302 1458 3369 patriarcha,
1488 3302 1601 3354 dire
1623 3313 1856 3355 tormen-

280 3377 421 3421 latus
444 3384 473 3421 a
502 3370 743 3439 ludatis,
764 3382 818 3425 et
845 3373 1041 3439 sapius
1071 3372 1293 3424 diversis
1338 3373 1508 3439 ptenis
1540 3370 1815 3424 lacessitus
1839 3389 1853 3434 ;

277 3451 499 3505 propter
530 3440 685 3492 fidem
717 3438 910 3494 Christi
930 3438 1147 3493 tandem
1173 3442 1269 3493 sub
1293 3438 1612 3509 imperatore
1629 3444 1858 3496 Adriano

273 3511 467 3578 Capitis
495 3511 897 3564 obtruncatione
920 3525 1172 3564 coronam
1207 3512 1441 3579 Martyrii
1488 3511 1681 3563 meruit
1719 3515 1858 3564 acci-

275 3593 425 3645 pere.
463 3598 483 3631 »
511 3581 661 3647 Quod
692 3581 902 3650 quidem
936 3584 1242 3650 martyrium
1274 3581 1401 3633 satis
1423 3590 1629 3633 certum
1659 3582 1859 3634 videbi-

275 3657 385 3711 tur,
414 3652 457 3702 si
489 3652 792 3704 consideret
818 3652 975 3703 linem
1000 3649 1321 3719 judaizantis
1353 3650 1730 3718 Hierosolymis
1756 3652 1855 3704 Ec-

270 3719 472 3788 clesitc,
496 3731 648 3788 prout
668 3720 711 3772 is
735 3721 1203 3787 describiturapud
1224 3722 1535 3773 Eusebium:
1565 3724 1854 3774 secundum

269 3786 428 3857 cujus
456 3786 781 3856 Chronicon,
837 3793 1050 3844 ultinms
1097 3786 1160 3844 ex
1211 3790 1617 3843 circumcisione
1670 3790 1852 3855 ludas,

273 3857 489 3927 praefuit
544 3875 711 3929 usque
762 3862 825 3914 ad
885 3862 1218 3915 eversionem
1286 3876 1442 3927 quam
1496 3861 1563 3913 ab
1622 3861 1855 3914 Adriano

272 3942 530 3995 perpessa
586 3938 667 3983 est
710 3931 1028 3995 Jerusalem,
1090 3932 1191 3983 hoc
1218 3938 1298 3983 est
1330 3944 1498 3997 usque
1536 3930 1599 3982 ad
1657 3945 1853 3985 annum

269 3997 490 4052 circiter
539 3999 660 4053 134.
696 4000 967 4055 Usuardus
997 4013 1046 4052 et
1090 4002 1206 4055 Ado
1250 4003 1629 4053 transtulerunt
1662 4016 1852 4055 nomen

271 4078 325 4121 et
350 4069 581 4134 elogium
615 4070 764 4124 Judte
791 4071 1019 4136 Quiriaci
1042 4084 1070 4121 a
1106 4073 1276 4137 primo
1303 4070 1422 4124 Maii
1453 4072 1502 4123 in
1534 4072 1671 4123 diem
1697 4086 1854 4140 quar-

273 4146 407 4193 tam.
433 4141 576 4202 Quos
602 4143 841 4207 sequitur
868 4155 994 4193 usus
1024 4140 1272 4193 Romamn
1298 4141 1567 4194 Ecclesiae.

346 4216 373 4243 ⁸
416 4208 755 4280 Sigismundi.
805 4210 900 4277 Qui
952 4210 1087 4264 lilius
1135 4212 1230 4262 fttit
1274 4210 1581 4280 Gundebadi
1617 4212 1853 4279 Burgun-

269 4277 495 4331 dionuni
523 4282 682 4348 regis,
723 4290 775 4333 et
804 4281 1006 4348 primus
1053 4296 1115 4334 ex
1143 4280 1258 4349 ejus
1283 4295 1437 4349 gente
1478 4279 1565 4348 qui
1593 4277 1850 4334 Christia-

271 4364 395 4400 nam
428 4349 737 4417 religionem
768 4355 1052 4419 amplexus
1082 4361 1180 4403 est.
1209 4353 1411 4415 Agauni
1460 4351 1685 4403 instituit
1714 4353 1852 4419 psal-

274 4419 495 4470 lentium
551 4421 762 4475 choros.
814 4421 946 4475 Cutu
1007 4433 1180 4473 autem
1231 4419 1417 4473 Franci
1462 4424 1681 4487 plurima
1744 4432 1851 4475 lere

273 4504 433 4555 regna
492 4488 783 4544 Galliarum
850 4493 1228 4555 devastarent,
1282 4492 1562 4543 multitudo
1618 4495 1844 4544 maxima

1978 2751 2164 2796 orante
2188 2740 2246 2797 S.
2278 2739 2538 2800 Orientio,
2571 2740 2822 2793 Littorins
2848 2749 3032 2806 captus
3057 2750 3137 2794 est
3187 2756 3217 2795 a
3271 2742 3551 2801 Tolosanis

1965 2822 2020 2865 et
2049 2811 2279 2871 occisus,
2320 2822 2372 2862 et
2408 2812 2627 2863 liberata
2657 2812 2848 2863 civitas
2884 2814 3020 2863 circa
3064 2827 3153 2864 an.
3194 2810 3316 2867 459.
3352 2814 3406 2867 In
3451 2815 3551 2873 hac

1968 2885 2098 2953 urbe
2128 2882 2191 2933 ad
2221 2879 2346 2953 ejus
2372 2882 2677 2932 memoriam
2707 2889 2883 2953 erecta
2911 2890 2991 2953 est
3015 2882 3236 2953 capella,
3268 2898 3385 2950 qua:
3401 2897 3550 2953 pou-

1968 2951 2183 3004 modum
2239 2947 2428 3002 tradita
2460 2960 2542 3002 est
2594 2947 2875 3004 monachis
2900 2950 3238 3018 Crucigeris‘:
3270 2947 3327 3004 ut
3366 2947 3549 3012 autem

1968 3024 2178 3093 antiqua
2201 3019 2315 3093 ejus
2346 3020 2614 3093 veneratio
2647 3023 2812 3087 magis
2837 3020 3178 3093 stabi'iretur,
3207 3023 3396 3090 aliqua:
3422 3023 3541 3093 ejus

1968 3091 2211 3157 reliquis:
2263 3091 2459 3143 Attscio
2513 3090 2703 3143 delata:
2746 3098 2871 3143 sunt
2921 3089 3191 3157 Tolosam,
3223 3104 3277 3146 et
3299 3089 3374 3146 ait
3424 3089 3547 3150 Iulii

1890 3192 1934 3253 Ο
1968 3165 2091 3239 anui
2149 3159 2284 3253 1'55}
2333 3160 2527 3253 gbla‘t‘ar
2585 3160 3337 3253 religi'osisEaltctic‘Crucis,
3365 3174 3546 3253 largire

1966 3233 2015 3282 in
2072 3230 2291 3283 ecclesia
2336 3231 2392 3283 S.
2444 3231 2663 3283 Orientii
2716 3230 2997 3299 depositzc.
3043 3233 3175 3286 Acza
3239 3233 3379 3300 apud
3422 3234 3543 3291 Bol-

1962 3300 2173 3354 lauduut

2033 3380 2054 3407 ο
2087 3372 2360 3423 Amatoris.
2409 3370 2650 3437 Epi~t'0pi
2706 3379 2761 3422 et
2784 3370 3123 3435 confessoris,
3158 3371 3302 3440 quia
3347 3374 3534 3440 primis

1960 3443 2112 3493 annis
2144 3443 2331 3495 litteris
2362 3442 2619 3501 eruditus,
2656 3441 2866 3507 Deoqne
2906 3441 3152 3505 devotus,
3181 3442 3392 3509 invitus,
3426 3445 3533 3498 imo

1958 3518 2197 3578 coactus,
2232 3527 2447 3562 uxorem
2501 3512 2759 3569 virginem
2818 3510 3152 3578 nobilemque
3206 3512 3390 3564 duxit:
3441 3515 3536 3569 sed

1963 3577 2072 3632 Deo
2101 3579 2217 3647 ejus
2245 3580 2501 3633 voluntati
2526 3589 2815 3637 annuente,
2844 3594 2961 3632 eam
2993 3577 3091 3632 sibi
3133 3580 3364 3634 similem
3388 3599 3542 3650 repe-

1957 3652 2120 3713 riens,
2155 3665 2257 3701 non
2290 3655 2460 3702 solum
2494 3666 2596 3700 non
2626 3652 2898 3719 cognovit,
2930 3651 3022 3702 sed
3054 3661 3274 3716 uterque
3325 3652 3541 3719 virgini-

1957 3727 2119 3770 tatem
2153 3720 2313 3779 vovil,
2349 3730 2403 3772 et
2458 3719 2549 3771 Dei
2595 3718 2816 3786 angelus
2857 3733 3082 3772 coronas
3110 3719 3241 3773 duas
3272 3718 3537 3786 capitibus

1955 3804 2138 3840 eorum
2171 3790 2439 3854 imposuit.
2471 3794 2805 3855 Quapropter
2838 3791 2984 3855 virgo
3015 3804 3207 3855 sponsa
3259 3802 3533 3846 monaste-

1957 3860 2090 3910 rium
2117 3860 2410 3926 pbullarutu
2442 3861 2675 3927 ingressa
2704 3868 2785 3909 est
2809 3876 2821 3909 :
2852 3864 3067 3913 Amator
3093 3858 3319 3913 clericus
3343 3863 3531 3927 lactus,

1956 3941 2071 3996 post
2101 3940 2319 3980 mortem
2347 3929 2510 3982 Eladii
2538 3928 3016 3981 Autissiodurensis
3045 3932 3299 3997 episcopi,
3334 3929 3531 3987 ibidem

1954 3999 2462 4067 subrogatur,qnatu
2491 4000 2672 4052 sedent
2695 3997 2764 4051 30
2793 4013 2963 4051 annos
2986 4000 3171 4053 tenuit.
3196 3999 3327 4053 Cnttt
3354 4012 3532 4059 autem

1956 4070 2055 4119 sibi
2090 4080 2312 4123 mortem
2350 4069 2547 4122 instare
2578 4080 2942 4137 cognosceret,
2966 4073 3031 4125 ad
3058 4071 3333 4124 ecclesiam
3376 4087 3531 4127 acce-

1952 4137 2085 4191 dens
2106 4143 2319 4192 missam
2344 4142 2647 4211 celebravit,
2674 4148 2727 4191 et
2759 4144 3005 4211 populum
3036 4142 3355 4193 benedicens
3393 4153 3446 4196 et
3476 4145 3527 4197 in

1956 4210 2151 4262 throno
2182 4213 2420 4262 residens
2450 4214 2679 4261 animam
2729 4209 2946 4261 efﬂavit.
2981 4213 3192 4275 Quievit
3221 4220 3397 4265 autem
3448 4216 3530 4268 vir

1951 4291 2166 4332 Sanetus
2194 4296 2335 4332 anno
2358 4280 2480 4333 421.
2514 4279 2732 4332 (ἱιιικιυε
2760 4282 3035 4331 Seasssrs.

2022 4350 2045 4386 ά
2076 4346 2382 4402 Conrintini.
2432 4352 2598 4403 Aliter
2649 4350 2942 4411 Coieniini,
2976 4349 3211 4415 episcopi
3260 4348 3529 4417 Corisopi-

1953 4422 2115 4471 tensis
2168 4424 2218 4472 in
2280 4421 2548 4472 Britannia
2580 4418 2874 4472 Artnorica.
2920 4420 3217 4472 'I'ranslatio
3244 4422 3357 4487 ejus
3386 4426 3527 4473 cele-

1954 4487 2135 4542 bratur
2156 4491 2255 4543 hoc
2282 4494 2368 4544 die
2401 4492 2451 4542 irt
2486 4492 2717 4543 Ecclesia
2746 4488 3155 4554 Corisopilcnsi;
3182 4491 3247 4542 de
3270 4491 3527 4555 :l;:0§l0li5

274 4535 705 4630 Btfrgundionum
736 4576 795 4616 se
825 4560 1043 4614 Francis
1095 4535 1332 4613 sociavit.
1362 4562 1511 4613 'I‘unc
1546 4560 1846 4630 Sigismnn-
1881 4535 1925 4591 ί)
1955 4576 2078 4612 vero
2113 4562 2347 4629 proxima
2379 4563 2462 4614 die
2495 4577 2595 4612 non
2624 4562 2890 4627 impedita.
2924 4535 2989 4613 Ᾰι
3022 4576 3114 4627 per
3139 4535 3405 4612 ilitecesim
3464 4563 3524 4613 lit

270 4629 371 4680 dus
403 4630 587 4682 videns
615 4646 673 4684 se
704 4632 824 4685 hinc
855 4633 977 4685 imle
1015 4632 1374 4698 coaugustari,
1410 4629 1654 4683 Versallis
1697 4650 1845 4685 mon-

270 4708 379 4751 tem
412 4700 649 4768 expetiit,
674 4709 730 4755 et
760 4701 991 4755 habiturn
1020 4701 1262 4753 monachi
1289 4703 1534 4766 sumpsit.
1567 4707 1604 4752 Α
1632 4704 1742 4754 stris
1774 4716 1849 4753 ta-

271 4785 394 4840 men
422 4772 685 4837 proditus,
706 4784 892 4840 captus
914 4780 1016 4834 est,
1041 4782 1093 4823 et
1117 4787 1214 4821 una
1243 4786 1360 4824 cum
1384 4770 1606 4837 conjuge
1628 4780 1683 4823 et
1706 4773 1844 4835 filiis,

268 4838 548 4908 Gystaldo,
574 4852 626 4894 et
645 4838 1010 4906 Gundebaldo,
1036 4840 1101 4893 ad
1127 4844 1297 4894 locum
1326 4841 1412 4895 cui
1448 4842 1595 4893 Belsa
1620 4846 1847 4894 vocabu-

269 4909 381 4979 lum
437 4920 539 4972 est,
573 4914 896 4978 perductus;
951 4912 1130 4977 ibique
1170 4925 1355 4963 omnes
1395 4912 1446 4963 in
1480 4920 1692 4979 puteum
1724 4924 1847 4964 sunt

269 4978 515 5045 projecti.
569 4981 857 5036 Transacto
905 4996 1031 5034 vero
1088 4982 1317 5033 triennio
1358 4978 1503 5035 sacra
1535 4996 1759 5047 corpora
1795 5000 1842 5036 lll

268 5054 590 5117 Agaunense
620 5052 998 5105 monasterium
1026 5050 1415 5104 deferebantur.
1467 5051 1599 5102 Ado.
1653 5053 1844 5104 Pa~sns

267 5128 352 5171 est
411 5122 553 5173 circa
610 5136 803 5174 annum
836 5120 961 5185 5‘24,
1000 5136 1106 5189 quo
1147 5120 1308 5174 frater
1334 5124 1450 5186 ejus
1478 5121 1844 5174 Goudemarus

272 5202 367 5241 rex
432 5190 859 5259 Burgundionum
932 5194 1205 5244 ordinatus
1276 5194 1497 5244 traditur
1568 5194 1617 5243 in
1694 5192 1842 5244 Marii

268 5261 555 5314 Chronico.

343 5329 369 5365 δ
392 5330 628 5385 Urientii.
646 5330 890 5399 Episcopi
913 5331 1223 5387 Ausciorum
1252 5331 1302 5383 in
1325 5330 1837 5400 Not-empopulania:

270 5400 363 5465 qui
394 5401 511 5453 ideo
535 5403 672 5469 apud
703 5402 994 5456 'l'olosauos
1032 5404 1255 5457 Celebris
1285 5402 1398 5467 fuit,
1430 5404 1549 5470 quia
1574 5416 1693 5452 cum
1724 5401 1843 5453 lto-

271 5484 463 5524 manus
501 5471 788 5539 imperatur
817 5473 957 5527 misit
982 5474 1144 5524 duces
1197 5472 1409 5525 Aetium
1458 5483 1512 5523 et
1558 5471 1837 5523 Littorinm

270 5551 457 5591 eontra
490 5540 877 5597 Tlreodoricutn
934 5557 1111 5610 regem
1139 5540 1455 5606 Gothorum,
1489 5556 1579 5593 rex
1610 5544 1839 5594 adventu

270 5622 457 5661 eorum
485 5616 723 5678 territus,
753 5628 781 5664 a
824 5613 878 5665 S.
905 5610 1141 5666 Orientio
1166 5612 1401 5677 poposcit
1428 5611 1756 5677 prtesidium,
1786 5622 1840 5664 et

272 5692 396 5750 eum
444 5681 671 5749 legatum
702 5683 768 5734 ad
800 5682 979 5735 hostes
1010 5682 1174 5735 misit.
1204 5683 1367 5748 Quem
1418 5680 1625 5750 quidem
1656 5683 1839 5734 Aetius

272 5748 523 5819 benigne,
551 5751 804 5804 Littorius
824 5766 949 5805 vero
978 5752 1234 5805 rualevole
1275 5748 1501 5819 excepit,
1544 5754 1750 5804 minans
1778 5765 1838 5804 se

274 5818 556 5875 Tulosana:
587 5824 700 5875 urbi
731 5822 949 5875 exitium
980 5822 1242 5875 daturum.
1283 5824 1384 5881 Pro
1412 5818 1633 5877 Civitati:
1664 5830 1834 5875 tamen

1951 4630 2016 4681 de
2049 4634 2102 4683 5.
2130 4632 2421 4684 Corentino
2467 4634 2707 4698 proxima
2750 4630 2833 4681 die
2862 4644 2963 4681 non
3010 4630 3529 4698 itupeditztablemo-

1952 4710 2095 4752 ratur
2135 4705 2290 4754 etiam
2352 4697 2577 4753 hocde
2632 4701 2684 4753 in
2716 4716 2814 4753 ms.
2850 4701 3242 4759 Barberiniauo,
3271 4697 3524 4753 Carmeli-

1952 4777 2074 4822 tano
2133 4772 2363 4823 Colonia:
2419 4786 2720 4833 asservalo;
2777 4784 2871 4823 nec
2922 4787 3020 4820 non
3076 4770 3211 4836 apud
3266 4770 3522 4823 Bellinum

1951 4838 2165 4892 Parisiis
2216 4855 2449 4901 anetum,
2517 4839 2839 4901 Gri-venum,
2897 4839 3180 4903 .‘llolanum,
3230 4839 3521 4902 Cauisium,

1947 4910 2251 5030 lS;tus‘5aiurtt
2301 4921 2355 4964 et
2409 4910 2560 4963 alios.
2620 4910 2740 4962 Dies
2769 4911 2955 4962 natalis
2985 4917 3067 4962 est
3095 4922 3165 4961 sit
3200 4909 3520 4965 Decembris.

1994 4994 2212 5030 uLLANb.

1994 4994 2212 5033 υιιΑΝυ.

2019 5056 2045 5085 ο
2071 5051 2245 5103 bricii.
2270 5050 2435 5103 Alter
2465 5049 2655 5109 Brioci,
2698 5048 2928 5114 episcopi
2958 5050 3007 5101 in
3040 5047 3300 5100 Britannia
3329 5048 3521 5103 Armo-

1948 5117 2075 5170 rica.
2110 5120 2276 5187 llnjus
2306 5130 2418 5171 acta
2446 5120 2609 5171 edidit
2636 5118 2837 5171 Gallice
2866 5122 3113 5171 Albertus
3143 5119 3191 5171 le
3230 5119 3431 5184 (iraud,
3463 5120 3516 5173 in

1948 5197 2169 5243 tractatu
2196 5193 2265 5247 de
2297 5190 2423 5241 Vitis
2442 5199 2744 5241 Sanctorum
2781 5189 3061 5241 Britanniae
3091 5189 3399 5252 Arrnorica,
3419 5191 3513 5243 ad-

1946 5258 2069 5311 ditis
2101 5259 2222 5311 hinc
2254 5263 2376 5313 inde
2405 5259 2668 5311 nonnullis
2696 5274 2709 5309 :
2752 5261 2878 5309 citat
2908 5272 3159 5325 ιιι-ειειθηε
3186 5256 3511 5311 Breviarium

1946 5326 2232 5383 Leonensis
2272 5330 2514 5382 uiiecesis
2543 5330 2593 5380 in
2623 5329 2806 5380 eadem
2843 5329 3103 5381 Britannia
3134 5328 3429 5387 Armorica,
3464 5330 3515 5381 in

1943 5413 2045 5464 qua
2075 5402 2266 5451 asserit
2296 5400 2483 5451 festum
2514 5397 2628 5465 ejus
2658 5399 2914 5451 celebrari
2961 5414 3082 5451 xxix
3114 5399 3327 5461 Aprilis.
3380 5397 3514 5452 Hinc

1944 5471 2119 5520 lursatt
2176 5470 2453 5522 Saussains
2514 5466 2777 5521 traustuiit
2830 5469 2945 5536 ejus
3001 5470 3190 5521 festum
3261 5468 3324 5519 ad
3369 5466 3509 5521 diem

1943 5553 2045 5590 xxx
2073 5540 2290 5603 Aprilis.
2306 5542 2509 5606 Allegat
2527 5538 2665 5591 idem
2687 5538 2929 5592 Albertns
2950 5537 3273 5591 Breviartutn
3296 5537 3513 5606 Coriso-

1941 5616 2161 5675 pitcnse,
2209 5612 2258 5661 in
2280 5625 2383 5676 quo
2413 5605 2571 5662 tradit
2598 5611 2782 5663 festum
2797 5608 3177 5677 ejuscelebrari
3206 5608 3293 5677 die
3318 5622 3351 5662 u
3373 5605 3514 5663 Maii.

1940 5678 2206 5732 Atfesmtu
2226 5680 2578 5732 translationis
2600 5676 2933 5747 reliquiarum
2958 5679 3023 5730 ad
3048 5676 3310 5745 propriam
3339 5679 3516 5731 eccle-

1937 5750 2069 5800 siam
2122 5748 2294 5816 agitur
2338 5764 2463 5803 xvut
2494 5751 2755 5803 Octobris.
2787 5748 2942 5801 Juxta
2978 5749 3259 5802 Briocense
3298 5748 3511 5801 Brevia-

1940 5820 2073 5872 rium
2106 5828 2311 5888 tempus
2357 5821 2478 5875 vitae
2526 5820 2695 5889 colligi
2738 5818 2897 5875 debet
2924 5833 2988 5873 ex
3018 5827 3258 5887 tempore
3287 5818 3429 5873 sedis
3456 5824 3514 5870 et
