3940 6188
264 420 372 477 90:)

1391 428 1582 481 Sl‘IC'l'.
1623 429 1684 483 ll.
1724 457 1792 467 —
1833 429 2387 488 MARTYHOLOGIA.

3414 452 3515 502 {illi

1544 536 1769 590 l‘IDlTlO
1807 535 2264 594 COLONIENSIS.

255 623 600 690 mancipavit,
650 619 860 676 beatum
892 621 1224 688 Januariutn,
1257 639 1436 678 senem
1474 629 1840 695 prediyterutn
1873 628 1923 686 Α
1951 629 2269 698 presbyteri,
2303 629 2402 684 sub
2434 633 2734 688 Alexandro
2765 636 3101 712 imperatore,
3134 643 3220 711 qui
3245 661 3364 702 eum
3395 649 3516 703 reci;

252 715 699 783 comprehensum
730 715 940 779 cuidam
981 714 1178 768 vicario
1207 716 1476 770 Gordiano
1503 717 1569 770 ad
1621 719 1838 771 audien-

254 809 382 859 dunt
414 804 662 867 tradidit;
697 805 784 872 qui
817 805 1028 857 beatum
1080 805 1385 860 Januarium
1438 807 1696 872 patienter
1744 823 1840 860 au-

252 894 431 955 diens.
485 893 671 958 spiritu
707 893 1158 965 Dei‘illuminatus
1185 893 1405 948 credere
1434 894 1627 959 cmpit;
1679 909 1836 962 quem

257 985 498 1048 protinus
524 983 706 1036 beatus
737 984 1012 1052 presbyter
1034 999 1155 1036 cum
1179 999 1343 1038 uxore
1371 985 1569 1039 Marina
1598 989 1834 1050 nomine,

254 1083 309 1125 et
361 1073 553 1125 familia
609 1073 894 1138 promiscui
943 1089 1133 1136 sexus,
1189 1090 1408 1127 numero
1456 1077 1833 1146 quinquaginta

257 1175 386 1226 tres,
414 1172 466 1216 et
490 1178 555 1216 eo
575 1163 797 1230 amplius
822 1163 1121 1230 baptizavit.
1152 1165 1298 1230 Quod
1329 1167 1547 1218 audiens
1575 1167 1836 1226 Julianus.

254 1254 414 1322 jussit
443 1254 494 1306 in
526 1253 912 1321 Scriptiouibns
941 1253 1179 1307 damnari
1241 1266 1481 1309 sanctum
1531 1257 1836 1311 Januarium

254 1346 647 1414 presbyterum,
674 1355 727 1398 et
756 1345 967 1398 beatum
999 1345 1345 1411 Gordianutn,
1377 1364 1597 1402 uxorem
1630 1366 1744 1418 ejus
1772 1352 1837 1402 atl

253 1451 426 1504 aquas
471 1435 667 1487 salinas
697 1450 912 1490 manere
944 1437 1214 1504 praacepit,
1267 1437 1317 1491 in
1373 1439 1586 1492 servitio
1619 1441 1840 1492 rustico-

262 1542 403 1579 rum.
431 1523 825 1581 Clementianus
852 1538 1031 1580 autem
1055 1528 1298 1581 tribunali
1330 1530 1590 1595 residens,
1625 1532 1837 1585 beatum

259 1615 584 1671 Gordianunt
609 1617 840 1670 vinctum
869 1619 1073 1671 catenis
1100 1619 1196 1672 sibi
1243 1623 1548 1687 [trwsentari
1575 1622 1716 1677 fecit.
1752 1625 1840 1679 Ille

260 1710 314 1761 in
345 1707 681 1762 confessione
719 1708 914 1762 Christi
959 1710 1116 1772 fixus,
1165 1710 1254 1764 ditt
1288 1712 1569 1777 plumbatis
1599 1715 1837 1776 creditur,

255 1802 310 1857 in
360 1801 546 1856 ultimo
597 1802 773 1870 capite
803 1808 1097 1856 truncatur.
1129 1801 1291 1872 Cujus
1322 1806 1692 1873 corpusjussit
1743 1806 1838 1858 ini-

253 1906 392 1962 quus
411 1888 573 1962 judex
604 1901 729 1945 ante
757 1892 1007 1960 templum
1034 1893 1293 1961 Apollinis
1318 1893 1530 1960 jactari,
1555 1905 1610 1948 ut
1640 1912 1666 1949 a
1692 1898 1805 1950 cani
1823 1927 1838 1938 ο

1943 718 2115 771 occidi
2144 736 2170 770 a
2203 719 2488 782 Laodiceo.‘
2506 734 2558 776 ct
2577 740 2767 794 corpus
2785 729 2919 781 trahi
2941 746 3032 795 per
3053 733 3516 808 civitatem,atque

1944 807 1996 860 in
2025 807 2271 877 Tyberiin
2300 812 2507 878 jactari,
2543 813 2627 866 die
2655 815 3008 871 Kalendarum
3058 821 3332 879 Maiarum.
3365 807 3513 892 Quod

1942 897 2215 954 inventum
2250 903 2545 969 p'scatores
2573 907 2895 976 levaverunt,
2941 924 2991 967 ct
3037 914 3239 972 Calisto
3266 921 3515 991 episcopo

1944 1004 2318 1049 narraverunt.
2355 996 2448 1050 Ille
2477 1012 2749 1067 acceptum
2778 1007 3013 1062 condivit
3052 1027 3168 1064 cum
3193 1019 3516 1074 aromatibus

1943 1091 1994 1136 et
2031 1083 2446 1151 linteaminibus,
2477 1097 2531 1142 ct
2557 1094 2790 1158 sepelivit
2839 1099 2889 1149 in
2917 1104 3224 1156 οσιιηθιμιιῑο
3253 1108 3509 1176 ejusdem,

1946 1170 2198 1226 milliario
2220 1173 2286 1227 ab
2319 1175 2448 1229 urbe
2474 1179 2631 1233 tertio
2663 1182 2713 1234 in
2745 1199 2947 1251 crypta,
2968 1200 3116 1243 sexto
3150 1170 3327 1248 Iduum
3361 1170 3514 1254 Maia:

1944 1278 2080 1318 rum.
2137 1263 2286 1319 Tunc
2337 1267 2628 1321 decollatus
2657 1284 2740 1325 est
2793 1274 2859 1328 ab
2907 1279 3204 1335 Alexandro
3235 1286 3518 1344 Pallllalius

1943 1356 2154 1422 consul,
2179 1372 2299 1410 cum
2328 1375 2498 1413 uxore
2515 1375 2565 1414 et
2597 1364 2738 1422 filiis.
2756 1375 2810 1418 et
2836 1367 2949 1421 aliis
2977 1377 3258 1436 promiscui
3279 1395 3434 1432 sexus
3453 1383 3518 1435 die

1943 1445 2103 1499 domo
2137 1462 2228 1500 sua
2271 1451 2619 1522 quadraginta
2673 1453 2898 1517 duobus.
2932 1475 3049 1514 cum
3073 1466 3261 1531 quibus
3291 1480 3343 1523 et
3379 1474 3517 1525 Sitit-

1947 1536 2141 1604 plicius
2192 1550 2412 1595 senator
2440 1558 2563 1597 cum
2597 1562 2782 1610 uxore.
2814 1560 2865 1603 et
2895 1552 3016 1606 filiis
3067 1567 3118 1607 et
3163 1559 3354 1614 familia
3402 1579 3516 1623 sua.

1943 1628 2234 1697 promiscui
2283 1645 2442 1687 sexus
2492 1638 2762 1704 sexaginta
2809 1651 2963 1707 octo;
3010 1654 3064 1699 et
3101 1648 3346 1705 similiter
3397 1670 3515 1709 cum

1946 1733 2112 1771 uxore
2140 1734 2231 1772 sua
2263 1721 2480 1786 Blanda,
2514 1728 2599 1790 qui
2632 1743 2725 1795 per
2749 1730 3046 1787 doctrinam
3070 1737 3252 1793 Calisti
3283 1757 3518 1812 pap:e,et

1941 1811 2209 1882 Calepodii
2263 1819 2554 1888 presbyteri
2595 1839 2762 1890 nuper
2821 1825 3028 1882 fuerant
3077 1811 3360 1898 baptizati.
3391 1838 3516 1893 Item

1947 1904 2127 1958 Roma:
2159 1908 2330 1961 natale
2359 1920 2660 1964 sanctorum
2679 1915 2858 1978 Quarti
2881 1928 2932 1971 et
2963 1919 3162 1984 Quinti.

255 1984 356 2037 bus
388 1984 688 2038 roderetur.
721 1983 869 2051 Quod
903 1995 1161 2039 nocturno
1191 1996 1426 2056 tempore
1447 1988 1729 2040 Christiani
1766 2006 1844 2041 ra-
1882 1995 1926 2054 Β
2026 1996 2087 2050 Ε,
2122 1997 2160 2048 v
2195 2000 2228 2052 ιγ
2252 2015 2308 2052 υς
2359 2001 2500 2055 ΜΗ..
2528 2033 2598 2042 __
2621 2004 2802 2060 Romae
2857 2011 2938 2063 via
2985 1983 3210 2076 Salaria.
3265 1995 3514 2074 "amatio

261 2074 488 2141 pientes,
525 2071 774 2127 milliario
802 2090 905 2128 uno
948 2073 1062 2143 plus
1088 2077 1260 2130 minus
1282 2076 1348 2129 ab
1377 2079 1503 2130 urbe
1539 2077 1704 2132 Roma
1739 2095 1830 2147 po-

252 2174 476 2219 suerunt
526 2164 578 2218 in
630 2173 861 2234 crypta,
915 2165 999 2221 ubi
1063 2166 1380 2234 jampridem
1436 2184 1628 2234 corpus
1697 2171 1835 2224 beati

254 2255 506 2328 martyris
554 2256 830 2325 Epimacbi
861 2258 1126 2326 sepultum
1154 2256 1348 2313 fuerat.
1388 2261 1480 2314 llic
1521 2261 1839 2329 Epimachus

256 2347 629 2400 Alexandriam
659 2347 789 2400 abiit
814 2362 934 2400 cum
965 2347 1167 2418 collega
1195 2363 1289 2402 suo
1316 2349 1644 2409 Alexandro,
1667 2353 1834 2403 multo

253 2446 502 2506 tempore
533 2439 583 2491 in
615 2439 839 2493 vinculis
862 2449 916 2493 et
956 2439 1008 2492 in
1031 2442 1352 2494 cruciatibus
1389 2444 1618 2496 carceris
1649 2453 1839 2508 tortus,

252 2529 468 2600 ignibus
485 2530 820 2599 postmodum
843 2534 1192 2598 consumitur,
1214 2532 1448 2600 reliquiae
1467 2534 1629 2603 ipsius
1646 2533 1838 2591 deinde

254 2623 482 2679 Romam
512 2633 632 2681 sunt
675 2623 967 2682 translatae.
997 2624 1184 2681 Romae
1212 2626 1382 2682 natale
1421 2627 1660 2696 Clepodii
1703 2631 1847 2683 senis

1949 2084 2198 2139 vicesimo
2221 2089 2472 2153 secundo,
2515 2093 2691 2146 natale
2739 2098 2906 2151 sancti
2953 2101 3207 2168 Anthuni,
3262 2117 3316 2160 et
3347 2111 3520 2174 passio

1945 2178 2116 2228 sancti
2153 2177 2336 2232 livellii
2371 2197 2384 2232 :
2412 2181 2498 2246 qui
2524 2182 2706 2237 videns
2735 2188 3034 2252 passionem
3065 2196 3234 2248 sancti
3269 2196 3518 2265 Torpetis

1953 2268 2223 2334 martjris.
2250 2279 2304 2321 et
2330 2270 2592 2356 mirabilia
2625 2289 2743 2341 quas
2767 2273 2910 2342 fecit,
2937 2281 3154 2335 credidit
3178 2285 3408 2352 Clitism,
3432 2290 3520 2356 qui

1949 2367 2104 2411 antea
2137 2361 2481 2416 consiliarius
2502 2362 2725 2418 Neronis
2758 2367 3090 2437 imperatoris
3137 2373 3253 2437 fuit,
3296 2382 3521 2445 qualiter

1949 2451 2234 2506 Christiani
2267 2457 2757 2523 martyrizarentnr.
2798 2462 3012 2518 Viennae
3065 2470 3234 2522 sancti
3281 2471 3520 2528 Matnerti

1951 2540 2211 2610 episcopi,
2248 2543 2335 2610 qui
2379 2547 2448 2600 ob
2478 2547 2840 2604 imminentem
2873 2554 3077 2610 cladem
3102 2557 3365 2615 solemnes
3396 2570 3524 2618 ante

1953 2634 2320 2688 ascensionem
2353 2635 2563 2692 Domini
2594 2640 2806 2694 litanias
2833 2643 3082 2700 instituit.

1504 2737 1732 2792 EDITIO
1775 2736 2283 2794 liOLLANDlANA.

252 2829 356 2883 sub
387 2827 687 2882 Alexandro
733 2827 1088 2892 imperatore;
1121 2828 1210 2896 qui
1256 2842 1375 2882 eum
1425 2826 1550 2881 fecit
1585 2829 1752 2881 occidi
1801 2843 1826 2877 a

253 2920 530 2984 Laodicio,
558 2930 612 2972 et
641 2934 833 2984 corpus
858 2919 996 2971 trahi
1027 2935 1119 2983 per
1141 2920 1429 2982 civitatem,
1464 2927 1623 2984 atque
1658 2920 1709 2972 in
1740 2918 1825 2972 Ti-

255 3015 424 3067 oerim
449 3012 636 3080 jac‘ari
663 3011 748 3066 die
775 3011 1128 3066 Kalendarum
1157 3012 1432 3065 Maiarum.
1457 3011 1608 3078 Quod
1640 3014 1828 3066 inven-

223 3117 366 3161 .tum
417 3106 711 3172 piscatores
757 3104 1090 3166 levaverunt,
1121 3112 1175 3157 et
1226 3115 1575 3156 narraverunt
1627 3102 1829 3156 Calion

251 3198 527 3265 episc0po.
561 3197 628 3251 At
657 3195 743 3249 ille
773 3205 1046 3261 acoeptum
1079 3193 1324 3247 Condidit
1354 3209 1472 3245 cum
1504 3193 1828 3246 aromatibus

251 3298 309 3342 et
354 3286 781 3349 linteaminibus,
827 3294 883 3338 et
931 3285 1172 3352 sepelivit
1227 3299 1351 3337 estin
1401 3283 1452 3336 in
1513 3286 1828 3337 cmmeterio

252 3378 498 3447 ejusdem
520 3379 600 3428 via
632 3377 867 3438 Aurelia,
892 3376 1137 3428 milliario
1171 3376 1237 3427 ab
1259 3375 1397 3428 Urbe
1421 3375 1576 3429 tertio
1603 3391 1672 3438 rt,
1707 3375 1826 3426 ldus

2013 2826 2101 2889 V..
2137 2827 2202 2882 Et
2232 2830 2500 2898 depositio
2529 2838 2552 2866 α
2583 2833 2683 2887 Job
2713 2836 3002 2907 praphette.

2013 2917 2182 2972 ll.-—
2203 2917 2241 2972 V
2273 2918 2415 2976 ldus.
2446 2919 2599 2976 Vacat
2637 2926 2810 2979 Ba-da.

2013 3009 2201 3065 Florus
2243 3013 2293 3065 itt
2345 3013 2408 3066 A.
2443 3012 2504 3066 Τ.
2554 3014 2638 3077 Ι...
2686 3016 2901 3071 Vienna:
2949 3019 3211 3084 depositio
3257 3022 3314 3079 S.
3345 3024 3373 3064 ι’
3403 3029 3514 3083 Ma-

1937 3104 2090 3154 tncrti
2140 3104 2372 3172 episcopi
2425 3115 2478 3159 et
2526 3108 2879 3172 confessoris,
2925 3111 3078 3180 cujus
3128 3117 3411 3180 praesulatu
3461 3121 3511 3174 in

1947 3193 2145 3247 Vienna
2188 3195 2318 3249 urbe
2370 3205 2705 3250 terra~mntus
2744 3201 3105 3267 permaximus
3159 3205 3248 3257 fttit
3279 3224 3290 3260 :
3325 3208 3414 3262 sed
3463 3221 3514 3264 ct

1940 3287 2120 3339 bestia)
2148 3288 2198 3340 in
2232 3288 2473 3342 homines
2507 3290 2767 3346 irruentes
2791 3293 3140 3350 devorabam.
3167 3297 3316 3353 Unde
3347 3302 3388 3354 is
3411 3304 3459 3355 le
3484 3289 3512 3352 ti

1936 3379 2157 3430 antistes
2207 3380 2498 3433 multorum
2546 3383 2820 3445 consultu,
2874 3385 3176 3439 triduanum
3222 3387 3510 3458 jejunium,

254 3443 402 3526 hlaii.
429 3467 580 3523 Tunc
629 3467 925 3520 decollatus
973 3475 1057 3520 est
1101 3469 1166 3520 ab
1199 3467 1501 3520 Alexandro
1546 3466 1834 3520 Dalmatius
1864 3443 1910 3505 δ
1943 3467 2082 3536 quod
2130 3477 2251 3523 ante
2283 3471 2663 3524 Ascensionem
2701 3443 2906 3525 Domini
2949 3443 3242 3529 Galliaruni
3275 3443 3511 3547 'popnlns

250 3560 439 3613 consul
471 3573 594 3611 cum
643 3573 810 3612 uxore
854 3566 906 3612 et
940 3557 1061 3611 filiis
1089 3569 1142 3611 et
1174 3558 1294 3611 aliis
1337 3558 1619 3622 promiscui
1673 3573 1838 3616 sexus

251 3653 602 3720 quadraginta
635 3651 866 3712 duobus,
887 3666 1006 3704 cum
1037 3653 1226 3718 quibus
1256 3659 1309 3703 et
1339 3651 1644 3718 Simplicius
1673 3665 1831 3704 sena-

253 3758 362 3812 tor,
383 3746 470 3812 qui
497 3760 588 3811 per
609 3745 903 3797 doctrinam
922 3743 1107 3797 Calixti
1137 3761 1283 3810 papm
1307 3757 1357 3798 et
1378 3743 1650 3810 Calcpodii
1683 3759 1831 3809 pres-

256 3838 428 3906 byteri
461 3851 628 3900 nuper
660 3834 869 3889 fuerant
901 3834 1170 3902 baptizati.
1196 3834 1465 3903 Scriptum
1498 3835 1548 3888 in
1582 3834 1837 3889 l’assione

252 3931 312 3983 S.
341 3927 530 3981 Calixti
565 3941 732 3993 papae.

335 4121 360 4148 ⁸
391 4110 511 4166 Job.
542 4109 658 4175 Quo
679 4123 821 4162 anno
846 4116 936 4160 aut
965 4107 1053 4160 die
1079 4105 1272 4161 obierit
1300 4122 1402 4158 non
1434 4105 1564 4159 satis
1593 4114 1821 4159 Constat.

255 4183 429 4239 Gmci
473 4196 592 4234 cum
623 4178 839 4240 reliquis
867 4177 1226 4230 Orientalibus
1273 4176 1547 4230 celebrant
1591 4175 1706 4241 ejus
1739 4175 1825 4225 fe.-

257 4265 400 4306 stnm
426 4251 512 4304 die
544 4266 594 4302 Vl
627 4249 746 4303 Maii
774 4266 786 4298 :
818 4256 870 4300 at
901 4247 1070 4300 Latini
1105 4247 1280 4300 hodie.
1330 4245 1600 4311 l’hilippus
1648 4245 1827 4298 Labbe

255 4325 322 4376 ad
351 4337 550 4375 annum
584 4320 761 4372 mundi
794 4317 933 4370 ‘2599
959 4326 1012 4368 et
1055 4326 1177 4368 ante
1227 4332 1386 4368 seram
1416 4315 1612 4367 Christi
1644 4316 1826 4383 vulga-

261 4411 374 4446 rem
410 4392 473 4443 ad
505 4406 700 4443 annum
737 4387 870 4443 1655
898 4385 1058 4440 refert
1100 4385 1297 4439 obitum
1331 4386 1644 4450 patriarcha;
1673 4385 1826 4440 .Iose-

257 4466 378 4532 plii;
414 4471 466 4512 et
510 4461 653 4513 addit
685 4458 851 4512 videri
886 4456 1104 4532 tuuis.
1133 4456 1321 4532 Jobuni
1355 4455 1514 4532 fuisse
1543 4470 1569 4507 a
1604 4455 1820 4532 diabolo

258 4525 546 4588 ientatnm.
577 4543 745 4581 annos
772 4537 950 4580 natum
982 4528 1081 4590 70;
1113 4526 1302 4593 quibus
1330 4527 1373 4577 si
1406 4525 1666 4578 addantur
1697 4526 1821 4578 anni

259 4605 385 4661 MO,
415 4601 768 4654 conficiuntur
796 4600 916 4650 anni
944 4596 1069 4657 2|0.
1099 4608 1152 4648 et
1177 4598 1253 4649 sic
1278 4596 1491 4648 fuerunt
1515 4595 1563 4648 ei
1593 4595 1642 4647 iii
1671 4598 1822 4648 annis

257 4676 380 4725 vitae
426 4671 584 4723 etiam
635 4669 753 4720 data
796 4667 1043 4729 duplicia.
1073 4677 1131 4720 ιιι
1177 4681 1240 4719 ex
1274 4669 1446 4728 capite
1491 4666 1676 4718 ultimo
1704 4665 1820 4718 Jobi

254 4741 565 4794 deducitur:
601 4738 819 4806 proinde
839 4739 1014 4790 obitus
1041 4737 1154 4802 ejus
1183 4737 1404 4788 refertur
1428 4752 1454 4785 τι
1481 4736 1624 4806 dicto
1648 4737 1825 4790 Labbe

253 4813 322 4865 ad
353 4826 550 4863 annum
583 4805 762 4861 mundi
795 4808 954 4867 255”,
988 4816 1040 4858 et
1069 4815 1189 4858 ante
1220 4821 1379 4858 aerato
1404 4805 1600 4858 Chriin
1641 4808 1824 4857 vulca—

253 4902 368 4935 rvnt
400 4881 467 4933 ad
498 4895 695 4931 annum
737 4877 884 4933 l5l5.
917 4878 1044 4942 Qui:
1098 4885 1272 4928 autem
1306 4877 1474 4928 (Stupri
1519 4892 1638 4928 cum
1685 4876 1821 4932 LXX

257 4951 642 5016 lnterpretibns
671 4958 916 5000 asserunt
964 4946 1246 4999 universim
1283 4950 1473 4999 vixisse
1502 4960 1670 5016 annos
1695 4947 1821 5007 iis,

251 5015 549 5076 secundum
583 5019 720 5070 hunc
749 5019 1006 5071 calculum
1036 5026 1181 5071 esset
1219 5017 1394 5069 obitus
1425 5031 1541 5080 ejus
1573 5015 1822 5069 differen-

252 5095 352 5144 dus
377 5093 440 5142 ad
471 5105 665 5141 annum
697 5087 876 5140 mundi
902 5088 1062 5150 2577,
1092 5098 1145 5142 et
1165 5096 1287 5139 ante
1308 5101 1467 5138 atram
1499 5086 1693 5139 Christi
1722 5088 1827 5138 vul.

253 5178 440 5227 parem
473 5161 538 5213 ad
569 5175 763 5211 annum
810 5158 965 5210 M77.

325 5238 356 5277 b
391 5230 649 5283 Mamerti.
686 5232 854 5280 l'rima
903 5225 1157 5282 memoria
1188 5225 1244 5281 S.
1278 5226 1512 5279 Mamerti
1559 5225 1828 5278 invenitur

256 5304 308 5355 iu
339 5302 537 5366 duplici
577 5299 800 5364 epistola
922 5298 1103 5351 llilarii
1153 5312 1322 5362 papae,
1356 5295 1506 5359 cujus
1536 5295 1824 5366 ιιτίσιιινιιιιιιι

249 5385 337 5427 est
367 5365 426 5424 vt
459 5371 577 5422 ldus
625 5368 870 5423 Octobris
919 5368 1112 5421 Basilio
1143 5366 1208 5419 V.
1249 5367 1308 5418 C.
1361 5367 1598 5429 consul»,
1649 5365 1696 5416 id
1745 5377 1827 5416 est

252 5459 398 5494 anno
423 5439 546 5494 465.
581 5440 632 5493 Iit
669 5440 764 5491 bat:
788 5439 1136 5491 committitur
1165 5437 1386 5490 Leontio
1414 5436 1665 5500 episcopo
1696 5436 1825 5488 Are-

259 5513 451 5566 latensi
481 5510 830 5563 examinanda
875 5511 927 5579 in
977 5510 1180 5576 synodo
1210 5522 1366 5558 causa
1405 5505 1824 5579 _M‘¢-llll(_3t‘lih¢pl-

251 5584 402 5648 smpi
449 5579 785 5641 Viennensis,
806 5578 894 5646 qui
923 5575 1069 5631 extra
1096 5581 1225 5629 lines
1248 5590 1372 5648 suos
1405 5576 1636 5648 indebite
1671 5575 1827 5648 Den-

251 5645 401 5706 stlitis
451 5653 758 5716 episcopum
809 5645 1170 5716 Ordinaverat.
1205 5647 1381 5698 Altera
1431 5646 1652 5711 epistola
1689 5645 1821 5716 data

251 5736 337 5776 est
383 5715 524 5774 anno
572 5731 828 5783 sequente
860 5733 907 5772 vt
959 5719 1071 5771 Kal.
1103 5715 1280 5779 Marc,
1311 5718 1373 5766 ad
1409 5716 1584 5783 viginti
1617 5715 1824 5780 epist-o-

257 5812 374 5855 pos,
409 5800 468 5845 ιιι
498 5806 590 5856 per
623 5789 882 5841 Veranuni
912 5792 1221 5854 t-piscooum
1274 5797 1550 5839 moneatur
1597 5786 1824 5838 Mamer-

257 5879 366 5922 ηις,
399 5875 453 5913 ιιι
486 5864 552 5911 ab
600 5861 1018 5911 ordinationibus
1062 5857 1307 5909 inde-bilis
1340 5857 1629 5917 abstineat;
1669 5863 1827 5920 utque.

1945 3558 2198 3622 celebrat,
2230 3559 2532 3627 instituens,
2561 3563 2692 3614 iram
2729 3563 2820 3618 Dei
2855 3565 2906 3616 in
2939 3565 3360 3624 misericordiam
3386 3587 3514 3626 con-

1942 3662 2152 3705 vertere
2183 3652 2494 3718 promeruit.

2020 3761 2101 3822 ι’..
2149 3763 2324 3815 Itonia;
2350 3762 2440 3815 Via
2473 3763 2674 3817 Salaria
2709 3765 2956 3818 milliario
2987 3766 3304 3822 duodecimo
3338 3773 3513 3828 natale

1943 3831 2002 3884 Β.
2034 3840 2055 3865 ο
2089 3832 2346 3886 Anthimi.
2397 3833 2478 3895 D.,
2527 3833 2708 3887 Ruina:
2755 3837 2810 3890 ὃ.
2848 3836 3105 3891 Antltimi.
3161 3839 3375 3892 Vienna:
3407 3841 3515 3895 Ma-

1949 3904 2098 3956 inerti
2127 3903 2359 3971 episcopi
2388 3921 2400 3956 :
2445 3903 2532 3972 qui
2562 3905 2630 3958 ob
2675 3906 3041 3961 imminentem
3079 3907 3282 3962 cladem
3309 3913 3507 3967 soletn-

1671 4014 1877 4069 SMlTlI
1917 4011 2148 4066 [\UTIE.

1932 4103 2020 4167 qui
2053 4101 2330 4155 Diensibus
2362 4117 2389 4153 a
2419 4101 2671 4157 Mamerto
2708 4115 3053 4158 consecratus
3081 4106 3270 4169 fuerat,
3307 4109 3509 4164 Leontii

1938 4173 2270 4226 Arelatensis
2314 4172 2571 4238 episcopi,
2602 4189 2628 4224 a
2658 4190 2762 4240 qtto
2792 4178 3090 4227 consecrari
3137 4178 3337 4241 debuit,
3369 4179 3509 4233 arbi-

1936 4242 2036 4296 trio
2063 4242 2424 4296 confirmetur.
2478 4243 2728 4298 Memoria
2775 4248 2934 4297 etiam
2979 4255 3058 4297 est
3103 4248 3338 4311 ejusdem
3396 4249 3503 4302 Ma-

1934 4313 2089 4366 tncrti
2122 4313 2254 4364 inter
2292 4311 2500 4380 triginta
2535 4313 2840 4378 episcopos.
2875 4313 3066 4377 quibus
3099 4316 3326 4368 Lucidus
3357 4334 3505 4382 pres-

1935 4384 2088 4452 byter
2113 4397 2352 4454 errorem
2384 4383 2678 4437 emendatis
2709 4383 2944 4437 libellum
2978 4386 3134 4440 misit.
3168 4386 3217 4437 in
3250 4403 3351 4454 quo
3383 4387 3501 4440 tidei

1933 4469 2042 4506 sua:
2076 4451 2463 4523 professionem
2493 4455 2784 4507 secundu-n
2821 4455 3010 4523 synodi
3045 4451 3369 4510 Arelatensis
3401 4468 3508 4509 sta-

1935 4535 2040 4576 tuta
2069 4536 2122 4576 et
2153 4523 2332 4576 Fausti
2367 4522 2608 4576 Reicnsis
2634 4522 2868 4592 episcopi
2899 4527 3176 4583 epistolam
3207 4527 3267 4578 ad
3299 4540 3356 4578 se
3387 4528 3510 4580 mis-

1931 4610 2042 4648 sam
2076 4595 2360 4659 depromt
2401 4594 2621 4646 Exhibet
2678 4597 2772 4646 iSIa
2804 4595 3116 4646 Sirmondus
3150 4607 3292 4648 tuuto
3325 4596 3339 4648 I
3371 4595 3509 4650 Cun-

1926 4666 2169 4717 ciliorum
2203 4665 2388 4716 Calliae
2417 4674 2467 4714 et
2495 4667 2632 4715 circa
2672 4680 2868 4716 annum
2895 4665 2997 4717 475
3028 4678 3169 4732 gesta
3203 4665 3504 4718 arbitratur.

1930 4735 2123 4787 Habuit
2151 4746 2326 4786 autem
2363 4736 2418 4786 S.
2450 4732 2736 4786 Mamertus
2773 4748 3137 4786 stu-cessov'em
3171 4736 3227 4788 S.
3263 4736 3507 4788 l-i--ttium

1926 4804 2012 4870 qui
2045 4804 2170 4856 vixit
2195 4807 2258 4855 ad
2288 4821 2486 4855 annum
2516 4801 2642 4856 410.
2677 4803 2947 4874 Bonnam.
2991 4806 3061 4855 De,
3092 4805 3205 4874 ejus
3235 4809 3505 4869 sepultura

1927 4884 1979 4928 et
2011 4876 2355 4927 translatione
2406 4875 2483 4925 sic
2531 4874 2716 4924 scribit
2755 4873 2989 4926 Joannes
3035 4875 3256 4928 Clienu:
3295 4895 3312 4924 ι
3342 4876 3514 4930 Jacuit

1928 4959 2122 5008 corpus
2153 4945 2317 5008 ipsius
2353 4944 2581 5008 pritnum
2625 4944 2674 4994 in
2714 4943 2928 4995 basilica
2961 4946 3333 5009 Apostolorum
3365 4957 3510 4999 extra

1931 5028 2110 5068 muros
2142 5013 2379 5076 Viennm,
2410 5012 2476 5065 ad
2507 5011 2750 5064 dextram
2785 5012 2968 5065 altaris
2997 5025 3296 5081 partem...
3325 5017 3510 5069 Postea

1929 5099 2057 5136 vero
2084 5086 2147 5136 ad
2196 5085 2466 5137 basilicam
2509 5082 3002 5137 Constantinianam
3031 5085 3086 5138 S.
3115 5085 3303 5141 Crucis
3335 5097 3509 5140 trans-

1928 5155 2116 5206 latum.

2003 5237 2023 5262 ε
2059 5223 2305 5276 Antlu'im'.
2355 5222 2456 5287 Qui
2492 5223 2638 5288 juxta
2677 5219 2984 5276 Usuardum
3019 5233 3135 5287 post
3163 5225 3411 5278 virtutum
3460 5235 3515 5277 εἰ

1929 5294 2319 5358 prmdicationis
2348 5293 2569 5360 insignia
2597 5297 2646 5342 in
2681 5291 2922 5346 Tiberim
2952 5296 3330 5360 prmcipitatus,
3365 5309 3416 5348 et
3443 5299 3510 5346 ab

1926 5365 2117 5431 angelo
2149 5363 2270 5415 inde
2301 5373 2539 5429 ereptus,
2570 5365 2819 5413 oratorio
2847 5364 3122 5417 restitutus
3146 5375 3228 5420 est
3258 5368 3468 5433 proprio
3497 5381 3511 5428 ;

1925 5434 2118 5486 dehinc
2147 5436 2318 5499 capite
2363 5434 2576 5499 punitus
2619 5433 2794 5484 victor
2841 5433 3175 5500 migravitad
3218 5437 3403 5490 cmlos.
3458 5436 3512 5488 lu

1930 5504 2139 5556 Barunii
2166 5503 2539 5571 Martyrologio
2587 5503 2801 5554 additur
2838 5509 3142 5570 persecutio
3176 5506 3508 5559 Diocletiani.

1927 5575 2226 5626 Secundum
2271 5575 2511 5627 Adonem
2549 5580 2605 5625 et.
2648 5571 2940 5625 Notkcrum
2980 5588 3163 5636 passus
3187 5584 3268 5628 est
3300 5574 3391 5628 Via
3414 5576 3512 5626 Sa-

1929 5642 2052 5696 laria
2087 5644 2336 5696 milliaria
2368 5641 2625 5709 νῆμα-ὴηο
2650 5647 2902 5695 scenttlo.
2956 5643 3090 5698 Cum
3121 5655 3297 5697 autem
3329 5660 3357 5698 a
3386 5645 3510 5698 Dio-

1926 5715 2156 5768 cletiano
2189 5716 2508 5780 imperatore
2557 5713 2807 5764 Pinianus
2837 5714 2988 5768 Asiae
3022 5717 3302 5781 proconsul
3329 5714 3508 5770 decla-

1928 5793 2071 5835 ratus
2103 5793 2266 5847 esset,
2316 5788 2474 5835 etiam
2506 5793 2789 5851 antequam
2837 5784 2955 5835 illnc
2993 5783 3425 5848 proficiscaretur
3456 5789 3506 5838 in

1926 5854 2253 5906 Christianos
2281 5855 2642 5908 tlesieviebat:
2697 5864 2751 5905 at
2795 5853 3098 5908 iutirmitatc
3142 5858 3288 5925 gravi
3321 5872 3504 5910 corte-
