  <div class='ocr_page' id='page_1' title='image "/cluster/home/n/w/nwhite01/storage/ocr_20150623/94/hvd.32044054759659/462.png"; bbox 0 0 3990 6196; ppageno 0'>
   <div class='ocr_carea' id='block_1_1' title="bbox 388 279 495 336">
    <p class='ocr_par' dir='ltr' id='par_1_1' title="bbox 388 279 495 336">
     <span class='ocr_line' id='line_1_1' title="bbox 388 279 495 336; baseline 0.019 -2"><span class='ocrx_word' id='word_1_1' title='bbox 388 279 495 336; x_wconf 63' lang='lat'><strong>915</strong></span> 
     </span>
    </p>
   </div>
   <div class='ocr_carea' id='block_1_2' title="bbox 1526 271 2522 332">
    <p class='ocr_par' dir='ltr' id='par_1_2' title="bbox 1526 271 2522 332">
     <span class='ocr_line' id='line_1_2' title="bbox 1526 271 2522 332; baseline -0.008 0"><span class='ocrx_word' id='word_1_2' title='bbox 1526 275 1715 332; x_wconf 79' lang='lat' dir='ltr'><strong>SECT.</strong></span> <span class='ocrx_word' id='word_1_3' title='bbox 1760 274 1817 327; x_wconf 92' lang='lat' dir='ltr'><strong>ll.</strong></span> <span class='ocrx_word' id='word_1_4' title='bbox 1858 303 1924 314; x_wconf 91' lang='lat'><strong>-—</strong></span> <span class='ocrx_word' id='word_1_5' title='bbox 1968 271 2522 327; x_wconf 65' lang='lat' dir='ltr'><strong>MABTYROLOGIA.</strong></span> 
     </span>
    </p>
   </div>
   <div class='ocr_carea' id='block_1_3' title="bbox 3539 265 3653 321">
    <p class='ocr_par' dir='ltr' id='par_1_3' title="bbox 3539 265 3653 321">
     <span class='ocr_line' id='line_1_3' title="bbox 3539 265 3653 321; baseline -0.026 0"><span class='ocrx_word' id='word_1_6' title='bbox 3539 265 3653 321; x_wconf 67' lang='lat' dir='ltr'><strong>9H</strong></span> 
     </span>
    </p>
   </div>
   <div class='ocr_carea' id='block_1_4' title="bbox 1672 382 2400 440">
    <p class='ocr_par' dir='ltr' id='par_1_4' title="bbox 1672 382 2400 440">
     <span class='ocr_line' id='line_1_4' title="bbox 1672 382 2400 440; baseline -0.001 0"><span class='ocrx_word' id='word_1_7' title='bbox 1672 382 1893 440; x_wconf 76' lang='lat' dir='ltr'><strong>EDITIO</strong></span> <span class='ocrx_word' id='word_1_8' title='bbox 1933 384 2400 440; x_wconf 73' lang='lat' dir='ltr'><strong>COLONIENSIS.</strong></span> 
     </span>
    </p>
   </div>
   <div class='ocr_carea' id='block_1_5' title="bbox 387 474 3643 550">
    <p class='ocr_par' dir='ltr' id='par_1_5' title="bbox 387 474 3643 550">
     <span class='ocr_line' id='line_1_5' title="bbox 387 474 3643 550; baseline -0.003 -8"><span class='ocrx_word' id='word_1_9' title='bbox 387 488 543 543; x_wconf 88' lang='lat' dir='ltr'><strong>idolis</strong></span> <span class='ocrx_word' id='word_1_10' title='bbox 573 486 876 548; x_wconf 82' lang='lat' dir='ltr'><strong>immolare,</strong></span> <span class='ocrx_word' id='word_1_11' title='bbox 909 484 1083 550; x_wconf 82' lang='lat' dir='ltr'><strong>capite</strong></span> <span class='ocrx_word' id='word_1_12' title='bbox 1134 483 1258 536; x_wconf 74' lang='grc' dir='ltr'>ειεθί</span> <span class='ocrx_word' id='word_1_13' title='bbox 1293 492 1439 535; x_wconf 87' lang='lat' dir='ltr'><strong>sunt.</strong></span> <span class='ocrx_word' id='word_1_14' title='bbox 1473 481 1707 546; x_wconf 86' lang='lat' dir='ltr'><strong>Quorum</strong></span> <span class='ocrx_word' id='word_1_15' title='bbox 1735 493 1960 547; x_wconf 88' lang='lat' dir='ltr'><strong>corpora</strong></span> <span class='ocrx_word' id='word_1_16' title='bbox 1990 482 2038 541; x_wconf 80' lang='grc' dir='ltr'><strong>Α</strong></span> <span class='ocrx_word' id='word_1_17' title='bbox 2072 478 2241 531; x_wconf 75' lang='lat' dir='ltr'><strong>latritc</strong></span> <span class='ocrx_word' id='word_1_18' title='bbox 2293 478 2560 542; x_wconf 85' lang='lat' dir='ltr'><strong>sordibus,</strong></span> <span class='ocrx_word' id='word_1_19' title='bbox 2615 478 2895 534; x_wconf 89' lang='lat' dir='ltr'><strong>ecclesiam</strong></span> <span class='ocrx_word' id='word_1_20' title='bbox 2950 474 3118 530; x_wconf 66' lang='lat' dir='ltr'><strong>beata:</strong></span> <span class='ocrx_word' id='word_1_21' title='bbox 3166 488 3378 543; x_wconf 80' lang='lat' dir='ltr'><strong>semper</strong></span> <span class='ocrx_word' id='word_1_22' title='bbox 3425 475 3643 545; x_wconf 77' lang='lat' dir='ltr'><strong>virginis</strong></span> 
     </span>
    </p>
   </div>
   <div class='ocr_carea' id='block_1_6' title="bbox 385 574 1964 648">
    <p class='ocr_par' dir='ltr' id='par_1_6' title="bbox 385 574 1964 648">
     <span class='ocr_line' id='line_1_6' title="bbox 385 574 1964 648; baseline -0.007 -15"><span class='ocrx_word' id='word_1_23' title='bbox 385 583 557 648; x_wconf 87' lang='lat' dir='ltr'><strong>rapuit</strong></span> <span class='ocrx_word' id='word_1_24' title='bbox 588 577 866 647; x_wconf 80' lang='lat' dir='ltr'><strong>Auspicius</strong></span> <span class='ocrx_word' id='word_1_25' title='bbox 891 620 905 643; x_wconf 89' lang='lat'><strong>,</strong></span> <span class='ocrx_word' id='word_1_26' title='bbox 937 574 1226 637; x_wconf 82' lang='lat' dir='ltr'><strong>discipulus</strong></span> <span class='ocrx_word' id='word_1_27' title='bbox 1256 584 1438 627; x_wconf 90' lang='lat' dir='ltr'><strong>eorum</strong></span> <span class='ocrx_word' id='word_1_28' title='bbox 1469 614 1483 635; x_wconf 92' lang='lat'><strong>,</strong></span> <span class='ocrx_word' id='word_1_29' title='bbox 1508 575 1737 625; x_wconf 85' lang='lat' dir='ltr'><strong>nutritor</strong></span> <span class='ocrx_word' id='word_1_30' title='bbox 1763 581 1964 623; x_wconf 66' lang='lat' dir='ltr'><strong>sanctae</strong></span> 
     </span>
    </p>
   </div>
   <div class='ocr_carea' id='block_1_7' title="bbox 384 659 1962 738">
    <p class='ocr_par' dir='ltr' id='par_1_7' title="bbox 384 659 1962 738">
     <span class='ocr_line' id='line_1_7' title="bbox 384 659 1962 738; baseline -0.007 -16"><span class='ocrx_word' id='word_1_31' title='bbox 384 671 605 738; x_wconf 69' lang='lat' dir='ltr'><strong>virginis</strong></span> <span class='ocrx_word' id='word_1_32' title='bbox 661 668 963 728; x_wconf 67' lang='lat' dir='ltr'><strong>Domitillae,</strong></span> <span class='ocrx_word' id='word_1_33' title='bbox 1018 672 1071 718; x_wconf 90' lang='lat' dir='ltr'><strong>et</strong></span> <span class='ocrx_word' id='word_1_34' title='bbox 1124 663 1174 715; x_wconf 91' lang='lat' dir='ltr'><strong>in</strong></span> <span class='ocrx_word' id='word_1_35' title='bbox 1208 676 1391 733; x_wconf 84' lang='lat' dir='ltr'><strong>crypta</strong></span> <span class='ocrx_word' id='word_1_36' title='bbox 1424 662 1663 715; x_wconf 87' lang='lat' dir='ltr'><strong>arenaria</strong></span> <span class='ocrx_word' id='word_1_37' title='bbox 1696 659 1962 729; x_wconf 76' lang='lat' dir='ltr'><strong>sepelivit.</strong></span> 
     </span>
    </p>
   </div>
   <div class='ocr_carea' id='block_1_8' title="bbox 382 748 1966 820">
    <p class='ocr_par' dir='ltr' id='par_1_8' title="bbox 382 748 1966 820">
     <span class='ocr_line' id='line_1_8' title="bbox 382 748 1966 820; baseline -0.01 -5"><span class='ocrx_word' id='word_1_38' title='bbox 382 762 512 815; x_wconf 77' lang='lat' dir='ltr'><strong>item</strong></span> <span class='ocrx_word' id='word_1_39' title='bbox 563 764 641 811; x_wconf 87' lang='lat' dir='ltr'><strong>via</strong></span> <span class='ocrx_word' id='word_1_40' title='bbox 694 756 927 820; x_wconf 81' lang='lat' dir='ltr'><strong>Aurelia,</strong></span> <span class='ocrx_word' id='word_1_41' title='bbox 983 752 1227 807; x_wconf 91' lang='lat' dir='ltr'><strong>milliario</strong></span> <span class='ocrx_word' id='word_1_42' title='bbox 1278 751 1535 814; x_wconf 87' lang='lat' dir='ltr'><strong>secundo,</strong></span> <span class='ocrx_word' id='word_1_43' title='bbox 1564 752 1737 804; x_wconf 87' lang='lat' dir='ltr'><strong>natale</strong></span> <span class='ocrx_word' id='word_1_44' title='bbox 1795 748 1966 800; x_wconf 93' lang='lat' dir='ltr'><strong>sancti</strong></span> 
     </span>
    </p>
   </div>
   <div class='ocr_carea' id='block_1_9' title="bbox 387 845 1969 917">
    <p class='ocr_par' dir='ltr' id='par_1_9' title="bbox 387 845 1969 917">
     <span class='ocr_line' id='line_1_9' title="bbox 387 845 1969 917; baseline -0.011 -10"><span class='ocrx_word' id='word_1_45' title='bbox 387 850 648 907; x_wconf 78' lang='lat' dir='ltr'><strong>Pancratii</strong></span> <span class='ocrx_word' id='word_1_46' title='bbox 679 847 957 917; x_wconf 80' lang='lat' dir='ltr'><strong>martyris;</strong></span> <span class='ocrx_word' id='word_1_47' title='bbox 987 845 1077 912; x_wconf 87' lang='lat' dir='ltr'><strong>qui</strong></span> <span class='ocrx_word' id='word_1_48' title='bbox 1109 860 1228 898; x_wconf 88' lang='lat' dir='ltr'><strong>cum</strong></span> <span class='ocrx_word' id='word_1_49' title='bbox 1253 855 1395 898; x_wconf 90' lang='lat' dir='ltr'><strong>esset</strong></span> <span class='ocrx_word' id='word_1_50' title='bbox 1429 857 1689 896; x_wconf 75' lang='lat' dir='ltr'><strong>annorum</strong></span> <span class='ocrx_word' id='word_1_51' title='bbox 1714 850 1969 909; x_wconf 87' lang='lat' dir='ltr'><strong>quatuor-</strong></span> 
     </span>
    </p>
   </div>
   <div class='ocr_carea' id='block_1_10' title="bbox 387 932 1966 1005">
    <p class='ocr_par' dir='ltr' id='par_1_10' title="bbox 387 932 1966 1005">
     <span class='ocr_line' id='line_1_10' title="bbox 387 932 1966 1005; baseline -0.009 -11"><span class='ocrx_word' id='word_1_52' title='bbox 387 942 585 1005; x_wconf 90' lang='lat' dir='ltr'><strong>decitn,</strong></span> <span class='ocrx_word' id='word_1_53' title='bbox 612 942 708 993; x_wconf 89' lang='lat' dir='ltr'><strong>sub</strong></span> <span class='ocrx_word' id='word_1_54' title='bbox 737 935 1065 990; x_wconf 76' lang='lat' dir='ltr'><strong>Diocletiano</strong></span> <span class='ocrx_word' id='word_1_55' title='bbox 1096 933 1413 1004; x_wconf 81' lang='lat' dir='ltr'><strong>martyrium</strong></span> <span class='ocrx_word' id='word_1_56' title='bbox 1454 932 1641 999; x_wconf 85' lang='lat' dir='ltr'><strong>capitis</strong></span> <span class='ocrx_word' id='word_1_57' title='bbox 1687 932 1966 983; x_wconf 83' lang='lat' dir='ltr'><strong>obtrunca-</strong></span> 
     </span>
    </p>
   </div>
   <div class='ocr_carea' id='block_1_11' title="bbox 394 1022 1966 1097">
    <p class='ocr_par' dir='ltr' id='par_1_11' title="bbox 394 1022 1966 1097">
     <span class='ocr_line' id='line_1_11' title="bbox 394 1022 1966 1097; baseline -0.01 -11"><span class='ocrx_word' id='word_1_58' title='bbox 394 1035 536 1087; x_wconf 89' lang='lat' dir='ltr'><strong>tione</strong></span> <span class='ocrx_word' id='word_1_59' title='bbox 559 1030 868 1095; x_wconf 80' lang='lat' dir='ltr'><strong>complevit,</strong></span> <span class='ocrx_word' id='word_1_60' title='bbox 901 1027 1055 1097; x_wconf 85' lang='lat' dir='ltr'><strong>cujus</strong></span> <span class='ocrx_word' id='word_1_61' title='bbox 1104 1026 1455 1080; x_wconf 86' lang='lat' dir='ltr'><strong>reverendum</strong></span> <span class='ocrx_word' id='word_1_62' title='bbox 1481 1039 1674 1091; x_wconf 90' lang='lat' dir='ltr'><strong>corpus</strong></span> <span class='ocrx_word' id='word_1_63' title='bbox 1704 1022 1966 1076; x_wconf 83' lang='lat' dir='ltr'><strong>Octavilla</strong></span> 
     </span>
    </p>
   </div>
   <div class='ocr_carea' id='block_1_12' title="bbox 381 1114 1967 1180">
    <p class='ocr_par' dir='ltr' id='par_1_12' title="bbox 381 1114 1967 1180">
     <span class='ocr_line' id='line_1_12' title="bbox 381 1114 1967 1180; baseline -0.009 0"><span class='ocrx_word' id='word_1_64' title='bbox 381 1124 612 1180; x_wconf 82' lang='lat' dir='ltr'><strong>illustris</strong></span> <span class='ocrx_word' id='word_1_65' title='bbox 646 1122 837 1174; x_wconf 88' lang='lat' dir='ltr'><strong>femina</strong></span> <span class='ocrx_word' id='word_1_66' title='bbox 880 1118 1087 1173; x_wconf 84' lang='lat' dir='ltr'><strong>occulte</strong></span> <span class='ocrx_word' id='word_1_67' title='bbox 1118 1128 1276 1172; x_wconf 91' lang='lat' dir='ltr'><strong>noctu</strong></span> <span class='ocrx_word' id='word_1_68' title='bbox 1320 1116 1585 1170; x_wconf 86' lang='lat' dir='ltr'><strong>sublatum</strong></span> <span class='ocrx_word' id='word_1_69' title='bbox 1636 1114 1967 1168; x_wconf 86' lang='lat' dir='ltr'><strong>aromatibus</strong></span> 
     </span>
    </p>
   </div>
   <div class='ocr_carea' id='block_1_13' title="bbox 383 1206 1964 1277">
    <p class='ocr_par' dir='ltr' id='par_1_13' title="bbox 383 1206 1964 1277">
     <span class='ocr_line' id='line_1_13' title="bbox 383 1206 1964 1277; baseline -0.007 -8"><span class='ocrx_word' id='word_1_70' title='bbox 383 1215 661 1269; x_wconf 88' lang='lat' dir='ltr'><strong>conditum</strong></span> <span class='ocrx_word' id='word_1_71' title='bbox 711 1210 983 1277; x_wconf 86' lang='lat' dir='ltr'><strong>sepelivit.</strong></span> <span class='ocrx_word' id='word_1_72' title='bbox 1039 1211 1235 1263; x_wconf 89' lang='lat' dir='ltr'><strong>Eodem</strong></span> <span class='ocrx_word' id='word_1_73' title='bbox 1292 1210 1378 1261; x_wconf 90' lang='lat' dir='ltr'><strong>die</strong></span> <span class='ocrx_word' id='word_1_74' title='bbox 1406 1210 1462 1265; x_wconf 84' lang='grc' dir='ltr'><strong>Β.</strong></span> <span class='ocrx_word' id='word_1_75' title='bbox 1514 1207 1750 1277; x_wconf 81' lang='lat' dir='ltr'><strong>Dionysii</strong></span> <span class='ocrx_word' id='word_1_76' title='bbox 1795 1206 1964 1275; x_wconf 87' lang='lat' dir='ltr'><strong>patrui</strong></span> 
     </span>
    </p>
   </div>
   <div class='ocr_carea' id='block_1_14' title="bbox 381 1297 1966 1371">
    <p class='ocr_par' dir='ltr' id='par_1_14' title="bbox 381 1297 1966 1371">
     <span class='ocr_line' id='line_1_14' title="bbox 381 1297 1966 1371; baseline -0.006 -12"><span class='ocrx_word' id='word_1_77' title='bbox 381 1304 624 1371; x_wconf 82' lang='lat' dir='ltr'><strong>ejusdem</strong></span> <span class='ocrx_word' id='word_1_78' title='bbox 658 1303 718 1354; x_wconf 85' lang='grc' dir='ltr'><strong>Β.</strong></span> <span class='ocrx_word' id='word_1_79' title='bbox 756 1299 1042 1362; x_wconf 85' lang='lat' dir='ltr'><strong>Pancratii,</strong></span> <span class='ocrx_word' id='word_1_80' title='bbox 1075 1299 1227 1366; x_wconf 80' lang='lat' dir='ltr'><strong>cuius</strong></span> <span class='ocrx_word' id='word_1_81' title='bbox 1252 1298 1430 1351; x_wconf 85' lang='lat' dir='ltr'><strong>studio</strong></span> <span class='ocrx_word' id='word_1_82' title='bbox 1461 1299 1601 1361; x_wconf 72' lang='lat' dir='ltr'><strong>idem</strong></span> <span class='ocrx_word' id='word_1_83' title='bbox 1657 1297 1966 1350; x_wconf 80' lang='lat' dir='ltr'><strong>l’ancratius</strong></span> 
     </span>
    </p>
   </div>
   <div class='ocr_carea' id='block_1_15' title="bbox 385 1388 1969 1462">
    <p class='ocr_par' dir='ltr' id='par_1_15' title="bbox 385 1388 1969 1462">
     <span class='ocr_line' id='line_1_15' title="bbox 385 1388 1969 1462; baseline -0.003 -17"><span class='ocrx_word' id='word_1_84' title='bbox 385 1402 443 1445; x_wconf 88' lang='lat' dir='ltr'><strong>et</strong></span> <span class='ocrx_word' id='word_1_85' title='bbox 488 1392 807 1462; x_wconf 74' lang='lat' dir='ltr'><strong>baptizatus,</strong></span> <span class='ocrx_word' id='word_1_86' title='bbox 832 1391 960 1444; x_wconf 83' lang='lat' dir='ltr'><strong>etin</strong></span> <span class='ocrx_word' id='word_1_87' title='bbox 989 1391 1177 1443; x_wconf 85' lang='lat' dir='ltr'><strong>timore</strong></span> <span class='ocrx_word' id='word_1_88' title='bbox 1228 1390 1317 1442; x_wconf 92' lang='lat' dir='ltr'><strong>Dei</strong></span> <span class='ocrx_word' id='word_1_89' title='bbox 1350 1388 1701 1452; x_wconf 73' lang='lat' dir='ltr'><strong>confortatus,</strong></span> <span class='ocrx_word' id='word_1_90' title='bbox 1733 1388 1795 1441; x_wconf 87' lang='lat' dir='ltr'><strong>ad</strong></span> <span class='ocrx_word' id='word_1_91' title='bbox 1827 1402 1969 1440; x_wconf 84' lang='lat' dir='ltr'><strong>mar—</strong></span> 
     </span>
    </p>
   </div>
   <div class='ocr_carea' id='block_1_16' title="bbox 383 1480 1968 1557">
    <p class='ocr_par' dir='ltr' id='par_1_16' title="bbox 383 1480 1968 1557">
     <span class='ocr_line' id='line_1_16' title="bbox 383 1480 1968 1557; baseline -0.003 -20"><span class='ocrx_word' id='word_1_92' title='bbox 383 1487 579 1557; x_wconf 88' lang='lat' dir='ltr'><strong>tyriutn</strong></span> <span class='ocrx_word' id='word_1_93' title='bbox 629 1487 895 1537; x_wconf 84' lang='lat' dir='ltr'><strong>animatus</strong></span> <span class='ocrx_word' id='word_1_94' title='bbox 936 1493 1038 1537; x_wconf 89' lang='lat' dir='ltr'><strong>est.</strong></span> <span class='ocrx_word' id='word_1_95' title='bbox 1090 1482 1244 1550; x_wconf 84' lang='lat' dir='ltr'><strong>Apud</strong></span> <span class='ocrx_word' id='word_1_96' title='bbox 1299 1480 1530 1549; x_wconf 89' lang='lat' dir='ltr'><strong>Cyprum</strong></span> <span class='ocrx_word' id='word_1_97' title='bbox 1584 1482 1753 1535; x_wconf 63' lang='lat' dir='ltr'><strong>sant-ti</strong></span> <span class='ocrx_word' id='word_1_98' title='bbox 1804 1482 1968 1548; x_wconf 84' lang='lat' dir='ltr'><strong>patris</strong></span> 
     </span>
    </p>
   </div>
   <div class='ocr_carea' id='block_1_17' title="bbox 386 1574 1466 1647">
    <p class='ocr_par' dir='ltr' id='par_1_17' title="bbox 386 1574 1466 1647">
     <span class='ocr_line' id='line_1_17' title="bbox 386 1574 1466 1647; baseline -0.006 -15"><span class='ocrx_word' id='word_1_99' title='bbox 386 1580 561 1632; x_wconf 82' lang='lat' dir='ltr'><strong>nostri</strong></span> <span class='ocrx_word' id='word_1_100' title='bbox 601 1579 873 1647; x_wconf 75' lang='lat' dir='ltr'><strong>Epiphanii</strong></span> <span class='ocrx_word' id='word_1_101' title='bbox 900 1575 1183 1630; x_wconf 74' lang='lat' dir='ltr'><strong>Salamina:</strong></span> <span class='ocrx_word' id='word_1_102' title='bbox 1207 1574 1466 1642; x_wconf 87' lang='lat' dir='ltr'><strong>episcOpi.</strong></span> 
     </span>
    </p>
   </div>
   <div class='ocr_carea' id='block_1_18' title="bbox 452 1661 1967 1724">
    <p class='ocr_par' dir='ltr' id='par_1_18' title="bbox 452 1661 1967 1724">
     <span class='ocr_line' id='line_1_18' title="bbox 452 1661 1967 1724; baseline -0.006 -2"><span class='ocrx_word' id='word_1_103' title='bbox 452 1669 517 1724; x_wconf 70' lang='grc' dir='ltr'><strong>(ἱ.</strong></span> <span class='ocrx_word' id='word_1_104' title='bbox 554 1668 612 1722; x_wconf 68' lang='lat' dir='ltr'><strong>l~ll</strong></span> <span class='ocrx_word' id='word_1_105' title='bbox 645 1668 763 1721; x_wconf 82' lang='lat' dir='ltr'><strong>Inus</strong></span> <span class='ocrx_word' id='word_1_106' title='bbox 790 1667 934 1721; x_wconf 66' lang='lat' dir='ltr'><strong>Man.</strong></span> <span class='ocrx_word' id='word_1_107' title='bbox 964 1694 1033 1704; x_wconf 92' lang='lat'><strong><em>—</em></strong></span> <span class='ocrx_word' id='word_1_108' title='bbox 1056 1664 1239 1717; x_wconf 83' lang='lat' dir='ltr'><strong>Natale</strong></span> <span class='ocrx_word' id='word_1_109' title='bbox 1266 1671 1462 1716; x_wconf 66' lang='lat' dir='ltr'><strong>sanctae</strong></span> <span class='ocrx_word' id='word_1_110' title='bbox 1516 1662 1698 1715; x_wconf 71' lang='lat' dir='ltr'><strong>Maria:</strong></span> <span class='ocrx_word' id='word_1_111' title='bbox 1731 1661 1793 1713; x_wconf 88' lang='lat' dir='ltr'><strong>ad</strong></span> <span class='ocrx_word' id='word_1_112' title='bbox 1828 1675 1967 1714; x_wconf 85' lang='lat' dir='ltr'><strong>mar-</strong></span> 
     </span>
    </p>
   </div>
   <div class='ocr_carea' id='block_1_19' title="bbox 381 1752 1963 1828">
    <p class='ocr_par' dir='ltr' id='par_1_19' title="bbox 381 1752 1963 1828">
     <span class='ocr_line' id='line_1_19' title="bbox 381 1752 1963 1828; baseline -0.003 -18"><span class='ocrx_word' id='word_1_113' title='bbox 381 1768 547 1828; x_wconf 87' lang='lat' dir='ltr'><strong>tyres.</strong></span> <span class='ocrx_word' id='word_1_114' title='bbox 596 1758 771 1811; x_wconf 83' lang='lat' dir='ltr'><strong>Phoca</strong></span> <span class='ocrx_word' id='word_1_115' title='bbox 827 1758 1150 1824; x_wconf 86' lang='lat' dir='ltr'><strong>imperatore</strong></span> <span class='ocrx_word' id='word_1_116' title='bbox 1178 1755 1362 1808; x_wconf 85' lang='lat' dir='ltr'><strong>beatus</strong></span> <span class='ocrx_word' id='word_1_117' title='bbox 1414 1752 1718 1806; x_wconf 73' lang='lat' dir='ltr'><strong>Bonifacius</strong></span> <span class='ocrx_word' id='word_1_118' title='bbox 1751 1767 1883 1820; x_wconf 90' lang='lat' dir='ltr'><strong>papa</strong></span> <span class='ocrx_word' id='word_1_119' title='bbox 1915 1753 1963 1805; x_wconf 93' lang='lat' dir='ltr'><strong>in</strong></span> 
     </span>
    </p>
   </div>
   <div class='ocr_carea' id='block_1_20' title="bbox 2071 555 3643 637">
    <p class='ocr_par' dir='ltr' id='par_1_20' title="bbox 2071 555 3643 637">
     <span class='ocr_line' id='line_1_20' title="bbox 2071 555 3643 637; baseline 0 -15"><span class='ocrx_word' id='word_1_120' title='bbox 2071 569 2275 635; x_wconf 59' lang='lat' dir='ltr'><strong>Mariae,</strong></span> <span class='ocrx_word' id='word_1_121' title='bbox 2307 581 2359 623; x_wconf 89' lang='lat' dir='ltr'><strong>ct</strong></span> <span class='ocrx_word' id='word_1_122' title='bbox 2386 572 2622 635; x_wconf 89' lang='lat' dir='ltr'><strong>omnium</strong></span> <span class='ocrx_word' id='word_1_123' title='bbox 2654 555 2943 637; x_wconf 82' lang='lat' dir='ltr'><strong>martyrum</strong></span> <span class='ocrx_word' id='word_1_124' title='bbox 2987 567 3277 630; x_wconf 84' lang='lat' dir='ltr'><strong>dedicavit,</strong></span> <span class='ocrx_word' id='word_1_125' title='bbox 3308 568 3457 635; x_wconf 87' lang='lat' dir='ltr'><strong>cujus</strong></span> <span class='ocrx_word' id='word_1_126' title='bbox 3490 568 3643 622; x_wconf 88' lang='lat' dir='ltr'><strong>dedi-</strong></span> 
     </span>
    </p>
   </div>
   <div class='ocr_carea' id='block_1_21' title="bbox 2071 657 3645 728">
    <p class='ocr_par' dir='ltr' id='par_1_21' title="bbox 2071 657 3645 728">
     <span class='ocr_line' id='line_1_21' title="bbox 2071 657 3645 728; baseline -0.002 -14"><span class='ocrx_word' id='word_1_127' title='bbox 2071 662 2297 715; x_wconf 90' lang='lat' dir='ltr'><strong>cationis</strong></span> <span class='ocrx_word' id='word_1_128' title='bbox 2326 659 2683 714; x_wconf 87' lang='lat' dir='ltr'><strong>sacratissima</strong></span> <span class='ocrx_word' id='word_1_129' title='bbox 2714 659 2832 713; x_wconf 87' lang='lat' dir='ltr'><strong>dies</strong></span> <span class='ocrx_word' id='word_1_130' title='bbox 2882 661 3054 728; x_wconf 83' lang='lat' dir='ltr'><strong>agitur</strong></span> <span class='ocrx_word' id='word_1_131' title='bbox 3103 658 3288 710; x_wconf 80' lang='lat' dir='ltr'><strong>Romae</strong></span> <span class='ocrx_word' id='word_1_132' title='bbox 3333 658 3493 710; x_wconf 91' lang='lat' dir='ltr'><strong>tertio</strong></span> <span class='ocrx_word' id='word_1_133' title='bbox 3524 657 3645 711; x_wconf 80' lang='lat' dir='ltr'><strong>ldus</strong></span> 
     </span>
    </p>
   </div>
   <div class='ocr_carea' id='block_1_22' title="bbox 2072 747 3644 819">
    <p class='ocr_par' dir='ltr' id='par_1_22' title="bbox 2072 747 3644 819">
     <span class='ocr_line' id='line_1_22' title="bbox 2072 747 3644 819; baseline -0.003 -15"><span class='ocrx_word' id='word_1_134' title='bbox 2072 751 2367 819; x_wconf 75' lang='lat' dir='ltr'><strong>MaiLlpso</strong></span> <span class='ocrx_word' id='word_1_135' title='bbox 2394 751 2479 805; x_wconf 90' lang='lat' dir='ltr'><strong>die</strong></span> <span class='ocrx_word' id='word_1_136' title='bbox 2529 751 2697 803; x_wconf 78' lang='lat' dir='ltr'><strong>sancti</strong></span> <span class='ocrx_word' id='word_1_137' title='bbox 2757 750 2981 804; x_wconf 77' lang='lat' dir='ltr'><strong>Servatii</strong></span> <span class='ocrx_word' id='word_1_138' title='bbox 3035 748 3267 815; x_wconf 83' lang='lat' dir='ltr'><strong>episcopi</strong></span> <span class='ocrx_word' id='word_1_139' title='bbox 3319 747 3644 813; x_wconf 69' lang='lat' dir='ltr'><strong>Tungrensis</strong></span> 
     </span>
    </p>
   </div>
   <div class='ocr_carea' id='block_1_23' title="bbox 2071 838 3646 909">
    <p class='ocr_par' dir='ltr' id='par_1_23' title="bbox 2071 838 3646 909">
     <span class='ocr_line' id='line_1_23' title="bbox 2071 838 3646 909; baseline -0.003 -16"><span class='ocrx_word' id='word_1_140' title='bbox 2071 841 2345 906; x_wconf 70' lang='lat' dir='ltr'><strong>Ecclesiae,</strong></span> <span class='ocrx_word' id='word_1_141' title='bbox 2378 841 2463 909; x_wconf 85' lang='lat' dir='ltr'><strong>qui</strong></span> <span class='ocrx_word' id='word_1_142' title='bbox 2497 851 2735 907; x_wconf 88' lang='lat' dir='ltr'><strong>tempore</strong></span> <span class='ocrx_word' id='word_1_143' title='bbox 2756 856 2858 906; x_wconf 84' lang='lat' dir='ltr'><strong>quo</strong></span> <span class='ocrx_word' id='word_1_144' title='bbox 2892 839 3062 893; x_wconf 90' lang='lat' dir='ltr'><strong>llnnni</strong></span> <span class='ocrx_word' id='word_1_145' title='bbox 3103 838 3442 892; x_wconf 80' lang='lat' dir='ltr'><strong>Germaniam</strong></span> <span class='ocrx_word' id='word_1_146' title='bbox 3470 849 3646 893; x_wconf 82' lang='lat' dir='ltr'><strong>vasta-</strong></span> 
     </span>
    </p>
   </div>
   <div class='ocr_carea' id='block_1_24' title="bbox 2072 931 3651 1002">
    <p class='ocr_par' dir='ltr' id='par_1_24' title="bbox 2072 931 3651 1002">
     <span class='ocr_line' id='line_1_24' title="bbox 2072 931 3651 1002; baseline -0.002 -16"><span class='ocrx_word' id='word_1_147' title='bbox 2072 933 2228 1002; x_wconf 81' lang='lat' dir='ltr'><strong>bant,</strong></span> <span class='ocrx_word' id='word_1_148' title='bbox 2252 950 2318 987; x_wconf 92' lang='lat' dir='ltr'><strong>ne</strong></span> <span class='ocrx_word' id='word_1_149' title='bbox 2346 932 2574 986; x_wconf 84' lang='lat' dir='ltr'><strong>civitatis</strong></span> <span class='ocrx_word' id='word_1_150' title='bbox 2597 941 2755 1000; x_wconf 80' lang='lat' dir='ltr'><strong>atque</strong></span> <span class='ocrx_word' id='word_1_151' title='bbox 2801 932 3051 987; x_wconf 65' lang='lat' dir='ltr'><strong>Ecclesiae</strong></span> <span class='ocrx_word' id='word_1_152' title='bbox 3096 947 3206 986; x_wconf 83' lang='lat' dir='ltr'><strong>suae</strong></span> <span class='ocrx_word' id='word_1_153' title='bbox 3255 931 3461 986; x_wconf 86' lang='lat' dir='ltr'><strong>videret</strong></span> <span class='ocrx_word' id='word_1_154' title='bbox 3506 932 3651 987; x_wconf 82' lang='lat' dir='ltr'><strong>exci-</strong></span> 
     </span>
    </p>
   </div>
   <div class='ocr_carea' id='block_1_25' title="bbox 2071 1024 3645 1091">
    <p class='ocr_par' dir='ltr' id='par_1_25' title="bbox 2071 1024 3645 1091">
     <span class='ocr_line' id='line_1_25' title="bbox 2071 1024 3645 1091; baseline 0.001 -16"><span class='ocrx_word' id='word_1_155' title='bbox 2071 1025 2240 1091; x_wconf 86' lang='lat' dir='ltr'><strong>dium,</strong></span> <span class='ocrx_word' id='word_1_156' title='bbox 2270 1024 2483 1079; x_wconf 86' lang='lat' dir='ltr'><strong>Domini</strong></span> <span class='ocrx_word' id='word_1_157' title='bbox 2530 1024 2855 1078; x_wconf 87' lang='lat' dir='ltr'><strong>revelatione</strong></span> <span class='ocrx_word' id='word_1_158' title='bbox 2896 1027 3276 1090; x_wconf 79' lang='lat' dir='ltr'><strong>commOnitus,</strong></span> <span class='ocrx_word' id='word_1_159' title='bbox 3326 1025 3533 1079; x_wconf 84' lang='lat' dir='ltr'><strong>transiit</strong></span> <span class='ocrx_word' id='word_1_160' title='bbox 3581 1026 3645 1077; x_wconf 90' lang='lat' dir='ltr'><strong>ad</strong></span> 
     </span>
    </p>
   </div>
   <div class='ocr_carea' id='block_1_26' title="bbox 2072 1115 3649 1186">
    <p class='ocr_par' dir='ltr' id='par_1_26' title="bbox 2072 1115 3649 1186">
     <span class='ocr_line' id='line_1_26' title="bbox 2072 1115 3649 1186; baseline 0.003 -19"><span class='ocrx_word' id='word_1_161' title='bbox 2072 1116 2245 1169; x_wconf 77' lang='lat' dir='ltr'><strong>vicum</strong></span> <span class='ocrx_word' id='word_1_162' title='bbox 2272 1115 2718 1184; x_wconf 79' lang='lat' dir='ltr'><strong>Trajectensium,</strong></span> <span class='ocrx_word' id='word_1_163' title='bbox 2746 1116 2921 1182; x_wconf 82' lang='lat' dir='ltr'><strong>ibique</strong></span> <span class='ocrx_word' id='word_1_164' title='bbox 2946 1116 3247 1179; x_wconf 91' lang='lat' dir='ltr'><strong>defunctus,</strong></span> <span class='ocrx_word' id='word_1_165' title='bbox 3274 1129 3432 1186; x_wconf 90' lang='lat' dir='ltr'><strong>atque</strong></span> <span class='ocrx_word' id='word_1_166' title='bbox 3462 1118 3514 1171; x_wconf 92' lang='lat' dir='ltr'><strong>in</strong></span> <span class='ocrx_word' id='word_1_167' title='bbox 3541 1132 3649 1172; x_wconf 89' lang='lat' dir='ltr'><strong>me-</strong></span> 
     </span>
    </p>
   </div>
   <div class='ocr_carea' id='block_1_27' title="bbox 2070 1203 3645 1277">
    <p class='ocr_par' dir='ltr' id='par_1_27' title="bbox 2070 1203 3645 1277">
     <span class='ocr_line' id='line_1_27' title="bbox 2070 1203 3645 1277; baseline 0.004 -22"><span class='ocrx_word' id='word_1_168' title='bbox 2070 1205 2159 1257; x_wconf 91' lang='lat' dir='ltr'><strong>dio</strong></span> <span class='ocrx_word' id='word_1_169' title='bbox 2191 1203 2383 1271; x_wconf 84' lang='lat' dir='ltr'><strong>publici</strong></span> <span class='ocrx_word' id='word_1_170' title='bbox 2419 1205 2629 1273; x_wconf 77' lang='lat' dir='ltr'><strong>aggeris</strong></span> <span class='ocrx_word' id='word_1_171' title='bbox 2658 1214 2737 1259; x_wconf 89' lang='lat' dir='ltr'><strong>est</strong></span> <span class='ocrx_word' id='word_1_172' title='bbox 2767 1207 3021 1272; x_wconf 88' lang='lat' dir='ltr'><strong>sepultus.</strong></span> <span class='ocrx_word' id='word_1_173' title='bbox 3075 1206 3155 1260; x_wconf 87' lang='lat' dir='ltr'><strong>Ob</strong></span> <span class='ocrx_word' id='word_1_174' title='bbox 3212 1208 3364 1277; x_wconf 87' lang='lat' dir='ltr'><strong>cujus</strong></span> <span class='ocrx_word' id='word_1_175' title='bbox 3394 1210 3645 1262; x_wconf 89' lang='lat' dir='ltr'><strong>meritum</strong></span> 
     </span>
    </p>
   </div>
   <div class='ocr_carea' id='block_1_28' title="bbox 2074 1296 3640 1365">
    <p class='ocr_par' dir='ltr' id='par_1_28' title="bbox 2074 1296 3640 1365">
     <span class='ocr_line' id='line_1_28' title="bbox 2074 1296 3640 1365; baseline 0.003 -17"><span class='ocrx_word' id='word_1_176' title='bbox 2074 1296 2376 1349; x_wconf 89' lang='lat' dir='ltr'><strong>hominibus</strong></span> <span class='ocrx_word' id='word_1_177' title='bbox 2425 1299 2939 1363; x_wconf 83' lang='lat' dir='ltr'><strong>demonstrandum,</strong></span> <span class='ocrx_word' id='word_1_178' title='bbox 2991 1315 3109 1352; x_wconf 91' lang='lat' dir='ltr'><strong>cum</strong></span> <span class='ocrx_word' id='word_1_179' title='bbox 3163 1311 3400 1365; x_wconf 89' lang='lat' dir='ltr'><strong>tempore</strong></span> <span class='ocrx_word' id='word_1_180' title='bbox 3452 1301 3640 1354; x_wconf 83' lang='lat' dir='ltr'><strong>hiemis</strong></span> 
     </span>
    </p>
   </div>
   <div class='ocr_carea' id='block_1_29' title="bbox 2070 1390 3642 1459">
    <p class='ocr_par' dir='ltr' id='par_1_29' title="bbox 2070 1390 3642 1459">
     <span class='ocr_line' id='line_1_29' title="bbox 2070 1390 3642 1459; baseline 0.005 -22"><span class='ocrx_word' id='word_1_181' title='bbox 2070 1390 2248 1442; x_wconf 86' lang='lat' dir='ltr'><strong>omnia</strong></span> <span class='ocrx_word' id='word_1_182' title='bbox 2273 1390 2324 1441; x_wconf 91' lang='lat' dir='ltr'><strong>in</strong></span> <span class='ocrx_word' id='word_1_183' title='bbox 2356 1390 2585 1443; x_wconf 88' lang='lat' dir='ltr'><strong>circuitu</strong></span> <span class='ocrx_word' id='word_1_184' title='bbox 2616 1390 2701 1443; x_wconf 82' lang='lat' dir='ltr'><strong>nix</strong></span> <span class='ocrx_word' id='word_1_185' title='bbox 2732 1390 2982 1458; x_wconf 83' lang='lat' dir='ltr'><strong>repleret,</strong></span> <span class='ocrx_word' id='word_1_186' title='bbox 3034 1407 3298 1459; x_wconf 82' lang='lat' dir='ltr'><strong>nunquam</strong></span> <span class='ocrx_word' id='word_1_187' title='bbox 3340 1395 3642 1459; x_wconf 90' lang='lat' dir='ltr'><strong>sepulcrum</strong></span> 
     </span>
    </p>
   </div>
   <div class='ocr_carea' id='block_1_30' title="bbox 2073 1478 3644 1548">
    <p class='ocr_par' dir='ltr' id='par_1_30' title="bbox 2073 1478 3644 1548">
     <span class='ocr_line' id='line_1_30' title="bbox 2073 1478 3644 1548; baseline 0.002 -17"><span class='ocrx_word' id='word_1_188' title='bbox 2073 1478 2189 1546; x_wconf 90' lang='lat' dir='ltr'><strong>ejns</strong></span> <span class='ocrx_word' id='word_1_189' title='bbox 2212 1480 2421 1546; x_wconf 85' lang='lat' dir='ltr'><strong>cperuit</strong></span> <span class='ocrx_word' id='word_1_190' title='bbox 2445 1480 2532 1533; x_wconf 80' lang='lat' dir='ltr'><strong>nix</strong></span> <span class='ocrx_word' id='word_1_191' title='bbox 2561 1493 2657 1533; x_wconf 89' lang='lat' dir='ltr'><strong>nec</strong></span> <span class='ocrx_word' id='word_1_192' title='bbox 2704 1480 2901 1548; x_wconf 82' lang='lat' dir='ltr'><strong>pluvia,</strong></span> <span class='ocrx_word' id='word_1_193' title='bbox 2946 1481 3115 1534; x_wconf 83' lang='lat' dir='ltr'><strong>donec</strong></span> <span class='ocrx_word' id='word_1_194' title='bbox 3146 1497 3173 1532; x_wconf 87' lang='lat' dir='ltr'><strong>a</strong></span> <span class='ocrx_word' id='word_1_195' title='bbox 3204 1497 3511 1537; x_wconf 83' lang='lat' dir='ltr'><strong>successore</strong></span> <span class='ocrx_word' id='word_1_196' title='bbox 3549 1498 3644 1535; x_wconf 87' lang='lat' dir='ltr'><strong>suo</strong></span> 
     </span>
    </p>
   </div>
   <div class='ocr_carea' id='block_1_31' title="bbox 2072 1570 3647 1642">
    <p class='ocr_par' dir='ltr' id='par_1_31' title="bbox 2072 1570 3647 1642">
     <span class='ocr_line' id='line_1_31' title="bbox 2072 1570 3647 1642; baseline 0.002 -20"><span class='ocrx_word' id='word_1_197' title='bbox 2072 1579 2256 1623; x_wconf 88' lang='lat' dir='ltr'><strong>sancto</strong></span> <span class='ocrx_word' id='word_1_198' title='bbox 2289 1570 2524 1624; x_wconf 82' lang='lat' dir='ltr'><strong>Munulfo</strong></span> <span class='ocrx_word' id='word_1_199' title='bbox 2558 1572 2809 1639; x_wconf 90' lang='lat' dir='ltr'><strong>episcopo</strong></span> <span class='ocrx_word' id='word_1_200' title='bbox 2843 1572 3095 1641; x_wconf 82' lang='lat' dir='ltr'><strong>templum</strong></span> <span class='ocrx_word' id='word_1_201' title='bbox 3142 1589 3391 1641; x_wconf 76' lang='lat' dir='ltr'><strong>magnum</strong></span> <span class='ocrx_word' id='word_1_202' title='bbox 3440 1574 3489 1627; x_wconf 83' lang='lat' dir='ltr'><strong>in</strong></span> <span class='ocrx_word' id='word_1_203' title='bbox 3533 1574 3647 1642; x_wconf 82' lang='lat' dir='ltr'><strong>ejus</strong></span> 
     </span>
    </p>
   </div>
   <div class='ocr_carea' id='block_1_32' title="bbox 2074 1662 3645 1734">
    <p class='ocr_par' dir='ltr' id='par_1_32' title="bbox 2074 1662 3645 1734">
     <span class='ocr_line' id='line_1_32' title="bbox 2074 1662 3645 1734; baseline 0.003 -21"><span class='ocrx_word' id='word_1_204' title='bbox 2074 1662 2277 1714; x_wconf 89' lang='lat' dir='ltr'><strong>honore</strong></span> <span class='ocrx_word' id='word_1_205' title='bbox 2308 1670 2673 1715; x_wconf 88' lang='lat' dir='ltr'><strong>constructum</strong></span> <span class='ocrx_word' id='word_1_206' title='bbox 2704 1672 2807 1716; x_wconf 91' lang='lat' dir='ltr'><strong>est.</strong></span> <span class='ocrx_word' id='word_1_207' title='bbox 2846 1663 2909 1714; x_wconf 85' lang='lat' dir='ltr'><strong>Et</strong></span> <span class='ocrx_word' id='word_1_208' title='bbox 2961 1666 3133 1717; x_wconf 83' lang='lat' dir='ltr'><strong>natale</strong></span> <span class='ocrx_word' id='word_1_209' title='bbox 3179 1664 3345 1718; x_wconf 90' lang='lat' dir='ltr'><strong>sancti</strong></span> <span class='ocrx_word' id='word_1_210' title='bbox 3402 1664 3645 1734; x_wconf 67' lang='lat' dir='ltr'><strong>Gai-galli</strong></span> 
     </span>
    </p>
   </div>
   <div class='ocr_carea' id='block_1_33' title="bbox 2073 1756 3201 1826">
    <p class='ocr_par' dir='ltr' id='par_1_33' title="bbox 2073 1756 3201 1826">
     <span class='ocr_line' id='line_1_33' title="bbox 2073 1756 3201 1826; baseline 0 -17"><span class='ocrx_word' id='word_1_211' title='bbox 2073 1759 2343 1826; x_wconf 88' lang='lat' dir='ltr'><strong>martyris,</strong></span> <span class='ocrx_word' id='word_1_212' title='bbox 2376 1765 2431 1811; x_wconf 92' lang='lat' dir='ltr'><strong>et</strong></span> <span class='ocrx_word' id='word_1_213' title='bbox 2457 1758 2624 1811; x_wconf 86' lang='lat' dir='ltr'><strong>sancti</strong></span> <span class='ocrx_word' id='word_1_214' title='bbox 2651 1756 2827 1811; x_wconf 89' lang='lat' dir='ltr'><strong>Onesii</strong></span> <span class='ocrx_word' id='word_1_215' title='bbox 2852 1756 3201 1809; x_wconf 79' lang='lat' dir='ltr'><strong>confessoris.</strong></span> 
     </span>
    </p>
   </div>
   <div class='ocr_carea' id='block_1_34' title="bbox 380 1840 3642 1917">
    <p class='ocr_par' dir='ltr' id='par_1_34' title="bbox 380 1840 3642 1917">
     <span class='ocr_line' id='line_1_34' title="bbox 380 1840 3642 1917; baseline 0 -16"><span class='ocrx_word' id='word_1_216' title='bbox 380 1850 549 1904; x_wconf 81' lang='lat' dir='ltr'><strong>veteri</strong></span> <span class='ocrx_word' id='word_1_217' title='bbox 586 1851 731 1914; x_wconf 75' lang='lat' dir='ltr'><strong>fana,</strong></span> <span class='ocrx_word' id='word_1_218' title='bbox 757 1847 893 1917; x_wconf 90' lang='lat' dir='ltr'><strong>quod</strong></span> <span class='ocrx_word' id='word_1_219' title='bbox 922 1847 1194 1900; x_wconf 90' lang='lat' dir='ltr'><strong>Pantheon</strong></span> <span class='ocrx_word' id='word_1_220' title='bbox 1219 1845 1530 1908; x_wconf 84' lang='lat' dir='ltr'><strong>vocabatur,</strong></span> <span class='ocrx_word' id='word_1_221' title='bbox 1573 1845 1767 1897; x_wconf 89' lang='lat' dir='ltr'><strong>ablatis</strong></span> <span class='ocrx_word' id='word_1_222' title='bbox 1798 1843 1964 1897; x_wconf 87' lang='lat' dir='ltr'><strong>idnlo-</strong></span> <span class='ocrx_word' id='word_1_223' title='bbox 2002 1840 2043 1898; x_wconf 88' lang='grc' dir='ltr'><strong>Β</strong></span> <span class='ocrx_word' id='word_1_224' title='bbox 2143 1846 2209 1901; x_wconf 82' lang='grc' dir='ltr'><strong>Α.</strong></span> <span class='ocrx_word' id='word_1_225' title='bbox 2236 1847 2530 1901; x_wconf 74' lang='lat' dir='ltr'><strong>PutoJons</strong></span> <span class='ocrx_word' id='word_1_226' title='bbox 2557 1847 2973 1903; x_wconf 61' lang='lat' dir='ltr'><strong>Mam—Saneti</strong></span> <span class='ocrx_word' id='word_1_227' title='bbox 3004 1849 3163 1915; x_wconf 87' lang='lat' dir='ltr'><strong>patris</strong></span> <span class='ocrx_word' id='word_1_228' title='bbox 3184 1849 3347 1902; x_wconf 90' lang='lat' dir='ltr'><strong>nostri</strong></span> <span class='ocrx_word' id='word_1_229' title='bbox 3378 1846 3642 1913; x_wconf 84' lang='lat' dir='ltr'><strong>Pacomii;</strong></span> 
     </span>
    </p>
   </div>
   <div class='ocr_carea' id='block_1_35' title="bbox 1674 1952 2439 2010">
    <p class='ocr_par' dir='ltr' id='par_1_35' title="bbox 1674 1952 2439 2010">
     <span class='ocr_line' id='line_1_35' title="bbox 1674 1952 2439 2010; baseline 0.003 -3"><span class='ocrx_word' id='word_1_230' title='bbox 1674 1952 1901 2009; x_wconf 82' lang='lat' dir='ltr'><strong>EDITIU</strong></span> <span class='ocrx_word' id='word_1_231' title='bbox 1942 1954 2439 2010; x_wconf 78' lang='lat' dir='ltr'><strong>BOLLANDIANA.</strong></span> 
     </span>
    </p>
   </div>
   <div class='ocr_carea' id='block_1_36' title="bbox 453 2047 1961 2119">
    <p class='ocr_par' dir='ltr' id='par_1_36' title="bbox 453 2047 1961 2119">
     <span class='ocr_line' id='line_1_36' title="bbox 453 2047 1961 2119; baseline -0.003 -12"><span class='ocrx_word' id='word_1_232' title='bbox 453 2053 539 2108; x_wconf 77' lang='lat' dir='ltr'><strong>f5.</strong></span> <span class='ocrx_word' id='word_1_233' title='bbox 568 2082 639 2092; x_wconf 94' lang='lat'><strong>—-</strong></span> <span class='ocrx_word' id='word_1_234' title='bbox 668 2051 730 2105; x_wconf 80' lang='grc'><strong>111</strong></span> <span class='ocrx_word' id='word_1_235' title='bbox 760 2050 899 2105; x_wconf 83' lang='lat' dir='ltr'><strong>Inus.</strong></span> <span class='ocrx_word' id='word_1_236' title='bbox 935 2050 1206 2104; x_wconf 81' lang='lat' dir='ltr'><strong>Dedicatio</strong></span> <span class='ocrx_word' id='word_1_237' title='bbox 1231 2049 1286 2103; x_wconf 90' lang='lat' dir='ltr'><strong>S.</strong></span> <span class='ocrx_word' id='word_1_238' title='bbox 1320 2050 1345 2077; x_wconf 74' lang='grc'>⁸</span> <span class='ocrx_word' id='word_1_239' title='bbox 1374 2048 1551 2103; x_wconf 79' lang='lat' dir='ltr'><strong>Mariae</strong></span> <span class='ocrx_word' id='word_1_240' title='bbox 1583 2048 1647 2101; x_wconf 90' lang='lat' dir='ltr'><strong>ad</strong></span> <span class='ocrx_word' id='word_1_241' title='bbox 1682 2047 1961 2119; x_wconf 85' lang='lat' dir='ltr'><strong>Martyres.</strong></span> 
     </span>
    </p>
   </div>
   <div class='ocr_carea' id='block_1_37' title="bbox 380 2140 1071 2199">
    <p class='ocr_par' dir='ltr' id='par_1_37' title="bbox 380 2140 1071 2199">
     <span class='ocr_line' id='line_1_37' title="bbox 380 2140 1071 2199; baseline -0.009 0"><span class='ocrx_word' id='word_1_242' title='bbox 380 2143 586 2199; x_wconf 75' lang='lat' dir='ltr'><strong>Eodem</strong></span> <span class='ocrx_word' id='word_1_243' title='bbox 618 2144 704 2197; x_wconf 86' lang='lat' dir='ltr'><strong>die</strong></span> <span class='ocrx_word' id='word_1_244' title='bbox 739 2144 794 2197; x_wconf 89' lang='lat' dir='ltr'><strong>S.</strong></span> <span class='ocrx_word' id='word_1_245' title='bbox 820 2140 1071 2196; x_wconf 88' lang='lat' dir='ltr'><strong>Servatii.</strong></span> 
     </span>
    </p>
   </div>
   <div class='ocr_carea' id='block_1_38' title="bbox 451 2231 1962 2299">
    <p class='ocr_par' dir='ltr' id='par_1_38' title="bbox 451 2231 1962 2299">
     <span class='ocr_line' id='line_1_38' title="bbox 451 2231 1962 2299; baseline -0.002 -11"><span class='ocrx_word' id='word_1_246' title='bbox 451 2234 639 2288; x_wconf 84' lang='lat' dir='ltr'><strong>Florus</strong></span> <span class='ocrx_word' id='word_1_247' title='bbox 690 2237 740 2286; x_wconf 92' lang='lat' dir='ltr'><strong>in</strong></span> <span class='ocrx_word' id='word_1_248' title='bbox 796 2236 861 2286; x_wconf 89' lang='lat' dir='ltr'><strong>A.</strong></span> <span class='ocrx_word' id='word_1_249' title='bbox 894 2232 954 2286; x_wconf 74' lang='grc' dir='ltr'><strong>Τ.</strong></span> <span class='ocrx_word' id='word_1_250' title='bbox 1018 2232 1105 2297; x_wconf 90' lang='lat' dir='ltr'><strong>L.,</strong></span> <span class='ocrx_word' id='word_1_251' title='bbox 1166 2232 1414 2299; x_wconf 84' lang='lat' dir='ltr'><strong>Trajecto</strong></span> <span class='ocrx_word' id='word_1_252' title='bbox 1473 2233 1633 2285; x_wconf 91' lang='lat' dir='ltr'><strong>Portu</strong></span> <span class='ocrx_word' id='word_1_253' title='bbox 1683 2231 1858 2286; x_wconf 88' lang='lat' dir='ltr'><strong>natale</strong></span> <span class='ocrx_word' id='word_1_254' title='bbox 1905 2232 1962 2287; x_wconf 92' lang='lat' dir='ltr'><strong>S.</strong></span> 
     </span>
    </p>
   </div>
   <div class='ocr_carea' id='block_1_39' title="bbox 380 2324 1965 2395">
    <p class='ocr_par' dir='ltr' id='par_1_39' title="bbox 380 2324 1965 2395">
     <span class='ocr_line' id='line_1_39' title="bbox 380 2324 1965 2395; baseline -0.003 -13"><span class='ocrx_word' id='word_1_255' title='bbox 380 2332 408 2371; x_wconf 70' lang='grc' dir='ltr'>δ</span> <span class='ocrx_word' id='word_1_256' title='bbox 440 2328 667 2383; x_wconf 89' lang='lat' dir='ltr'><strong>Servatii</strong></span> <span class='ocrx_word' id='word_1_257' title='bbox 698 2327 955 2395; x_wconf 80' lang='lat' dir='ltr'><strong>episcopi.</strong></span> <span class='ocrx_word' id='word_1_258' title='bbox 1006 2327 1101 2380; x_wconf 88' lang='lat' dir='ltr'><strong>llic</strong></span> <span class='ocrx_word' id='word_1_259' title='bbox 1129 2326 1255 2380; x_wconf 91' lang='lat' dir='ltr'><strong>dum</strong></span> <span class='ocrx_word' id='word_1_260' title='bbox 1307 2326 1372 2378; x_wconf 88' lang='lat' dir='ltr'><strong>ad</strong></span> <span class='ocrx_word' id='word_1_261' title='bbox 1407 2325 1467 2377; x_wconf 82' lang='grc' dir='ltr'><strong>Β.</strong></span> <span class='ocrx_word' id='word_1_262' title='bbox 1507 2324 1648 2378; x_wconf 89' lang='lat' dir='ltr'><strong>Petri</strong></span> <span class='ocrx_word' id='word_1_263' title='bbox 1697 2328 1965 2393; x_wconf 42' lang='lat' dir='ltr'><strong>apostolo.</strong></span> 
     </span>
    </p>
   </div>
   <div class='ocr_carea' id='block_1_40' title="bbox 376 2415 1964 2487">
    <p class='ocr_par' dir='ltr' id='par_1_40' title="bbox 376 2415 1964 2487">
     <span class='ocr_line' id='line_1_40' title="bbox 376 2415 1964 2487; baseline -0.004 -12"><span class='ocrx_word' id='word_1_264' title='bbox 376 2434 497 2475; x_wconf 81' lang='lat' dir='ltr'><strong>rum</strong></span> <span class='ocrx_word' id='word_1_265' title='bbox 526 2419 779 2486; x_wconf 84' lang='lat' dir='ltr'><strong>principis</strong></span> <span class='ocrx_word' id='word_1_266' title='bbox 808 2419 1112 2487; x_wconf 85' lang='lat' dir='ltr'><strong>sepulcrum</strong></span> <span class='ocrx_word' id='word_1_267' title='bbox 1140 2433 1234 2487; x_wconf 91' lang='lat' dir='ltr'><strong>pro</strong></span> <span class='ocrx_word' id='word_1_268' title='bbox 1258 2416 1532 2484; x_wconf 88' lang='lat' dir='ltr'><strong>ereptione</strong></span> <span class='ocrx_word' id='word_1_269' title='bbox 1564 2418 1739 2484; x_wconf 83' lang='lat' dir='ltr'><strong>pepuli</strong></span> <span class='ocrx_word' id='word_1_270' title='bbox 1770 2415 1964 2469; x_wconf 88' lang='lat' dir='ltr'><strong>Gallia-</strong></span> 
     </span>
    </p>
   </div>
   <div class='ocr_carea' id='block_1_41' title="bbox 374 2509 1957 2581">
    <p class='ocr_par' dir='ltr' id='par_1_41' title="bbox 374 2509 1957 2581">
     <span class='ocr_line' id='line_1_41' title="bbox 374 2509 1957 2581; baseline -0.003 -14"><span class='ocrx_word' id='word_1_271' title='bbox 374 2527 496 2568; x_wconf 85' lang='lat' dir='ltr'><strong>rum</strong></span> <span class='ocrx_word' id='word_1_272' title='bbox 531 2512 756 2566; x_wconf 90' lang='lat' dir='ltr'><strong>Domino</strong></span> <span class='ocrx_word' id='word_1_273' title='bbox 785 2512 1127 2581; x_wconf 89' lang='lat' dir='ltr'><strong>supplicaret,</strong></span> <span class='ocrx_word' id='word_1_274' title='bbox 1186 2527 1252 2565; x_wconf 88' lang='lat' dir='ltr'><strong>ne</strong></span> <span class='ocrx_word' id='word_1_275' title='bbox 1279 2511 1344 2564; x_wconf 89' lang='lat' dir='ltr'><strong>ab</strong></span> <span class='ocrx_word' id='word_1_276' title='bbox 1374 2509 1578 2564; x_wconf 85' lang='lat' dir='ltr'><strong>llunnis</strong></span> <span class='ocrx_word' id='word_1_277' title='bbox 1606 2518 1957 2577; x_wconf 84' lang='lat' dir='ltr'><strong>vastarentur,</strong></span> 
     </span>
    </p>
   </div>
   <div class='ocr_carea' id='block_1_42' title="bbox 372 2604 1958 2674">
    <p class='ocr_par' dir='ltr' id='par_1_42' title="bbox 372 2604 1958 2674">
     <span class='ocr_line' id='line_1_42' title="bbox 372 2604 1958 2674; baseline -0.004 -13"><span class='ocrx_word' id='word_1_278' title='bbox 372 2607 447 2662; x_wconf 86' lang='lat' dir='ltr'><strong>ab</strong></span> <span class='ocrx_word' id='word_1_279' title='bbox 478 2608 591 2674; x_wconf 87' lang='lat' dir='ltr'><strong>ipso</strong></span> <span class='ocrx_word' id='word_1_280' title='bbox 640 2607 907 2674; x_wconf 87' lang='lat' dir='ltr'><strong>apostolo,</strong></span> <span class='ocrx_word' id='word_1_281' title='bbox 957 2614 1016 2658; x_wconf 92' lang='lat' dir='ltr'><strong>ut</strong></span> <span class='ocrx_word' id='word_1_282' title='bbox 1062 2605 1248 2670; x_wconf 80' lang='lat' dir='ltr'><strong>fertur,</strong></span> <span class='ocrx_word' id='word_1_283' title='bbox 1298 2605 1503 2670; x_wconf 87' lang='lat' dir='ltr'><strong>accepit</strong></span> <span class='ocrx_word' id='word_1_284' title='bbox 1544 2617 1856 2667; x_wconf 77' lang='lat' dir='ltr'><strong>reSponsum</strong></span> <span class='ocrx_word' id='word_1_285' title='bbox 1908 2604 1958 2656; x_wconf 93' lang='lat' dir='ltr'><strong>in</strong></span> 
     </span>
    </p>
   </div>
   <div class='ocr_carea' id='block_1_43' title="bbox 376 2693 1957 2767">
    <p class='ocr_par' dir='ltr' id='par_1_43' title="bbox 376 2693 1957 2767">
     <span class='ocr_line' id='line_1_43' title="bbox 376 2693 1957 2767; baseline -0.004 -14"><span class='ocrx_word' id='word_1_286' title='bbox 376 2702 494 2753; x_wconf 87' lang='lat' dir='ltr'><strong>visu</strong></span> <span class='ocrx_word' id='word_1_287' title='bbox 520 2708 576 2753; x_wconf 90' lang='lat' dir='ltr'><strong>et</strong></span> <span class='ocrx_word' id='word_1_288' title='bbox 603 2699 775 2767; x_wconf 90' lang='lat' dir='ltr'><strong>ipsum</strong></span> <span class='ocrx_word' id='word_1_289' title='bbox 806 2698 913 2751; x_wconf 92' lang='lat' dir='ltr'><strong>cito</strong></span> <span class='ocrx_word' id='word_1_290' title='bbox 962 2711 1188 2764; x_wconf 88' lang='lat' dir='ltr'><strong>corpore</strong></span> <span class='ocrx_word' id='word_1_291' title='bbox 1238 2696 1613 2764; x_wconf 83' lang='lat' dir='ltr'><strong>migraturum,</strong></span> <span class='ocrx_word' id='word_1_292' title='bbox 1662 2704 1717 2748; x_wconf 87' lang='lat' dir='ltr'><strong>et</strong></span> <span class='ocrx_word' id='word_1_293' title='bbox 1761 2693 1957 2748; x_wconf 88' lang='lat' dir='ltr'><strong>nullam</strong></span> 
     </span>
    </p>
   </div>
   <div class='ocr_carea' id='block_1_44' title="bbox 380 2786 1951 2855">
    <p class='ocr_par' dir='ltr' id='par_1_44' title="bbox 380 2786 1951 2855">
     <span class='ocr_line' id='line_1_44' title="bbox 380 2786 1951 2855; baseline -0.003 -10"><span class='ocrx_word' id='word_1_294' title='bbox 380 2790 671 2845; x_wconf 76' lang='lat' dir='ltr'><strong>Galliarum</strong></span> <span class='ocrx_word' id='word_1_295' title='bbox 723 2789 906 2842; x_wconf 86' lang='lat' dir='ltr'><strong>urbem</strong></span> <span class='ocrx_word' id='word_1_296' title='bbox 962 2797 1154 2854; x_wconf 62' lang='lat' dir='ltr'><strong>praeter</strong></span> <span class='ocrx_word' id='word_1_297' title='bbox 1202 2786 1559 2849; x_wconf 78' lang='lat' dir='ltr'><strong>Metensiunt,</strong></span> <span class='ocrx_word' id='word_1_298' title='bbox 1615 2797 1832 2854; x_wconf 88' lang='lat' dir='ltr'><strong>propter</strong></span> <span class='ocrx_word' id='word_1_299' title='bbox 1876 2789 1951 2855; x_wconf 79' lang='lat' dir='ltr'><strong>pi—</strong></span> 
     </span>
    </p>
   </div>
   <div class='ocr_carea' id='block_1_45' title="bbox 373 2879 1957 2952">
    <p class='ocr_par' dir='ltr' id='par_1_45' title="bbox 373 2879 1957 2952">
     <span class='ocr_line' id='line_1_45' title="bbox 373 2879 1957 2952; baseline -0.004 -15"><span class='ocrx_word' id='word_1_300' title='bbox 373 2899 539 2951; x_wconf 81' lang='lat' dir='ltr'><strong>gnara</strong></span> <span class='ocrx_word' id='word_1_301' title='bbox 565 2882 623 2936; x_wconf 85' lang='grc' dir='ltr'><strong>Β.</strong></span> <span class='ocrx_word' id='word_1_302' title='bbox 651 2881 905 2952; x_wconf 84' lang='lat' dir='ltr'><strong>Stephani</strong></span> <span class='ocrx_word' id='word_1_303' title='bbox 954 2879 1199 2950; x_wconf 83' lang='lat' dir='ltr'><strong>Martyris</strong></span> <span class='ocrx_word' id='word_1_304' title='bbox 1248 2879 1318 2933; x_wconf 74' lang='lat' dir='ltr'><strong>ibi</strong></span> <span class='ocrx_word' id='word_1_305' title='bbox 1373 2879 1669 2942; x_wconf 88' lang='lat' dir='ltr'><strong>recondita,</strong></span> <span class='ocrx_word' id='word_1_306' title='bbox 1723 2879 1957 2934; x_wconf 84' lang='lat' dir='ltr'><strong>liberan-</strong></span> 
     </span>
    </p>
   </div>
   <div class='ocr_carea' id='block_1_46' title="bbox 369 2977 517 3031">
    <p class='ocr_par' dir='ltr' id='par_1_46' title="bbox 369 2977 517 3031">
     <span class='ocr_line' id='line_1_46' title="bbox 369 2977 517 3031; baseline 0 0"><span class='ocrx_word' id='word_1_307' title='bbox 369 2977 517 3031; x_wconf 79' lang='lat' dir='ltr'><strong>dam.</strong></span> 
     </span>
    </p>
   </div>
   <div class='ocr_carea' id='block_1_47' title="bbox 443 3061 1955 3130">
    <p class='ocr_par' dir='ltr' id='par_1_47' title="bbox 443 3061 1955 3130">
     <span class='ocr_line' id='line_1_47' title="bbox 443 3061 1955 3130; baseline -0.003 -11"><span class='ocrx_word' id='word_1_308' title='bbox 443 3067 497 3120; x_wconf 88' lang='lat' dir='ltr'><strong>In</strong></span> <span class='ocrx_word' id='word_1_309' title='bbox 525 3066 801 3119; x_wconf 69' lang='lat' dir='ltr'><strong>Palmstina</strong></span> <span class='ocrx_word' id='word_1_310' title='bbox 837 3074 859 3102; x_wconf 70' lang='grc' dir='ltr'><strong>ε</strong></span> <span class='ocrx_word' id='word_1_311' title='bbox 889 3064 1112 3127; x_wconf 86' lang='lat' dir='ltr'><strong>Taraco,</strong></span> <span class='ocrx_word' id='word_1_312' title='bbox 1143 3062 1302 3117; x_wconf 82' lang='lat' dir='ltr'><strong>Probi</strong></span> <span class='ocrx_word' id='word_1_313' title='bbox 1330 3071 1385 3117; x_wconf 88' lang='lat' dir='ltr'><strong>et</strong></span> <span class='ocrx_word' id='word_1_314' title='bbox 1413 3062 1701 3116; x_wconf 82' lang='lat' dir='ltr'><strong>Andronici</strong></span> <span class='ocrx_word' id='word_1_315' title='bbox 1739 3061 1955 3130; x_wconf 73' lang='lat' dir='ltr'><strong>(Hacte-</strong></span> 
     </span>
    </p>
   </div>
   <div class='ocr_carea' id='block_1_48' title="bbox 370 3154 1953 3228">
    <p class='ocr_par' dir='ltr' id='par_1_48' title="bbox 370 3154 1953 3228">
     <span class='ocr_line' id='line_1_48' title="bbox 370 3154 1953 3228; baseline -0.004 -16"><span class='ocrx_word' id='word_1_316' title='bbox 370 3176 469 3212; x_wconf 83' lang='lat' dir='ltr'><strong>nus</strong></span> <span class='ocrx_word' id='word_1_317' title='bbox 495 3158 610 3228; x_wconf 80' lang='lat' dir='ltr'><strong>A.),</strong></span> <span class='ocrx_word' id='word_1_318' title='bbox 653 3156 743 3225; x_wconf 89' lang='lat' dir='ltr'><strong>qui</strong></span> <span class='ocrx_word' id='word_1_319' title='bbox 780 3156 879 3208; x_wconf 90' lang='lat' dir='ltr'><strong>sub</strong></span> <span class='ocrx_word' id='word_1_320' title='bbox 928 3156 1157 3207; x_wconf 81' lang='lat' dir='ltr'><strong>Maximo</strong></span> <span class='ocrx_word' id='word_1_321' title='bbox 1207 3154 1433 3223; x_wconf 73' lang='lat' dir='ltr'><strong>przeside</strong></span> <span class='ocrx_word' id='word_1_322' title='bbox 1482 3164 1596 3222; x_wconf 89' lang='lat' dir='ltr'><strong>post</strong></span> <span class='ocrx_word' id='word_1_323' title='bbox 1649 3154 1797 3221; x_wconf 90' lang='lat' dir='ltr'><strong>plura</strong></span> <span class='ocrx_word' id='word_1_324' title='bbox 1846 3162 1953 3206; x_wconf 86' lang='lat' dir='ltr'><strong>tor-</strong></span> 
     </span>
    </p>
   </div>
   <div class='ocr_carea' id='block_1_49' title="bbox 369 3245 1950 3313">
    <p class='ocr_par' dir='ltr' id='par_1_49' title="bbox 369 3245 1950 3313">
     <span class='ocr_line' id='line_1_49' title="bbox 369 3245 1950 3313; baseline -0.002 -12"><span class='ocrx_word' id='word_1_325' title='bbox 369 3259 547 3302; x_wconf 87' lang='lat' dir='ltr'><strong>menta</strong></span> <span class='ocrx_word' id='word_1_326' title='bbox 579 3248 630 3301; x_wconf 92' lang='lat' dir='ltr'><strong>in</strong></span> <span class='ocrx_word' id='word_1_327' title='bbox 658 3245 1109 3313; x_wconf 82' lang='lat' dir='ltr'><strong>amphitheatrum</strong></span> <span class='ocrx_word' id='word_1_328' title='bbox 1143 3247 1382 3311; x_wconf 86' lang='lat' dir='ltr'><strong>projecti,</strong></span> <span class='ocrx_word' id='word_1_329' title='bbox 1414 3260 1532 3297; x_wconf 91' lang='lat' dir='ltr'><strong>cum</strong></span> <span class='ocrx_word' id='word_1_330' title='bbox 1565 3260 1592 3296; x_wconf 88' lang='lat' dir='ltr'><strong>a</strong></span> <span class='ocrx_word' id='word_1_331' title='bbox 1628 3245 1811 3298; x_wconf 85' lang='lat' dir='ltr'><strong>bestiis</strong></span> <span class='ocrx_word' id='word_1_332' title='bbox 1845 3259 1950 3298; x_wconf 88' lang='lat' dir='ltr'><strong>non</strong></span> 
     </span>
    </p>
   </div>
   <div class='ocr_carea' id='block_1_50' title="bbox 368 3335 1385 3405">
    <p class='ocr_par' dir='ltr' id='par_1_50' title="bbox 368 3335 1385 3405">
     <span class='ocr_line' id='line_1_50' title="bbox 368 3335 1385 3405; baseline -0.004 -11"><span class='ocrx_word' id='word_1_333' title='bbox 368 3340 694 3394; x_wconf 70' lang='lat' dir='ltr'><strong>ltnderentnr</strong></span> <span class='ocrx_word' id='word_1_334' title='bbox 712 3377 725 3399; x_wconf 91' lang='lat'><strong>,</strong></span> <span class='ocrx_word' id='word_1_335' title='bbox 758 3336 946 3405; x_wconf 88' lang='lat' dir='ltr'><strong>g&#39;adiis</strong></span> <span class='ocrx_word' id='word_1_336' title='bbox 975 3345 1099 3389; x_wconf 90' lang='lat' dir='ltr'><strong>sunt</strong></span> <span class='ocrx_word' id='word_1_337' title='bbox 1124 3335 1385 3402; x_wconf 86' lang='lat' dir='ltr'><strong>deputati.</strong></span> 
     </span>
    </p>
   </div>
   <div class='ocr_carea' id='block_1_51' title="bbox 444 3425 1950 3493">
    <p class='ocr_par' dir='ltr' id='par_1_51' title="bbox 444 3425 1950 3493">
     <span class='ocr_line' id='line_1_51' title="bbox 444 3425 1950 3493; baseline -0.001 -12"><span class='ocrx_word' id='word_1_338' title='bbox 444 3428 606 3490; x_wconf 89' lang='lat' dir='ltr'><strong>Idem,</strong></span> <span class='ocrx_word' id='word_1_339' title='bbox 635 3440 691 3480; x_wconf 90' lang='lat' dir='ltr'><strong>ut</strong></span> <span class='ocrx_word' id='word_1_340' title='bbox 713 3428 943 3491; x_wconf 88' lang='lat' dir='ltr'><strong>videtur,</strong></span> <span class='ocrx_word' id='word_1_341' title='bbox 982 3427 1077 3481; x_wconf 91' lang='lat' dir='ltr'><strong>sed</strong></span> <span class='ocrx_word' id='word_1_342' title='bbox 1124 3428 1173 3478; x_wconf 91' lang='lat' dir='ltr'><strong>in</strong></span> <span class='ocrx_word' id='word_1_343' title='bbox 1223 3427 1339 3479; x_wconf 88' lang='lat' dir='ltr'><strong>solo</strong></span> <span class='ocrx_word' id='word_1_344' title='bbox 1360 3425 1423 3479; x_wconf 80' lang='grc' dir='ltr'><strong>Τ.</strong></span> <span class='ocrx_word' id='word_1_345' title='bbox 1454 3444 1463 3476; x_wconf 91' lang='lat'><strong>:</strong></span> <span class='ocrx_word' id='word_1_346' title='bbox 1510 3425 1627 3493; x_wconf 83' lang='lat' dir='ltr'><strong>Ipso</strong></span> <span class='ocrx_word' id='word_1_347' title='bbox 1657 3426 1741 3478; x_wconf 89' lang='lat' dir='ltr'><strong>die</strong></span> <span class='ocrx_word' id='word_1_348' title='bbox 1774 3426 1950 3491; x_wconf 66' lang='lat' dir='ltr'><strong>passio</strong></span> 
     </span>
    </p>
   </div>
   <div class='ocr_carea' id='block_1_52' title="bbox 368 3514 1948 3586">
    <p class='ocr_par' dir='ltr' id='par_1_52' title="bbox 368 3514 1948 3586">
     <span class='ocr_line' id='line_1_52' title="bbox 368 3514 1948 3586; baseline -0.003 -14"><span class='ocrx_word' id='word_1_349' title='bbox 368 3520 429 3573; x_wconf 69' lang='grc' dir='ltr'><strong>ὃ.</strong></span> <span class='ocrx_word' id='word_1_350' title='bbox 459 3516 486 3554; x_wconf 71' lang='grc' dir='ltr'>ά</span> <span class='ocrx_word' id='word_1_351' title='bbox 520 3517 672 3571; x_wconf 84' lang='lat' dir='ltr'><strong>Mucii</strong></span> <span class='ocrx_word' id='word_1_352' title='bbox 707 3517 999 3586; x_wconf 86' lang='lat' dir='ltr'><strong>presbyteri</strong></span> <span class='ocrx_word' id='word_1_353' title='bbox 1030 3532 1044 3569; x_wconf 87' lang='lat'><strong>:</strong></span> <span class='ocrx_word' id='word_1_354' title='bbox 1096 3516 1184 3584; x_wconf 89' lang='lat' dir='ltr'><strong>qui</strong></span> <span class='ocrx_word' id='word_1_355' title='bbox 1222 3530 1406 3583; x_wconf 86' lang='lat' dir='ltr'><strong>passus</strong></span> <span class='ocrx_word' id='word_1_356' title='bbox 1429 3526 1511 3569; x_wconf 91' lang='lat' dir='ltr'><strong>est</strong></span> <span class='ocrx_word' id='word_1_357' title='bbox 1544 3514 1592 3567; x_wconf 91' lang='lat' dir='ltr'><strong>in</strong></span> <span class='ocrx_word' id='word_1_358' title='bbox 1645 3517 1948 3583; x_wconf 86' lang='lat' dir='ltr'><strong>Amphipoli</strong></span> 
     </span>
    </p>
   </div>
   <div class='ocr_carea' id='block_1_53' title="bbox 368 3607 1951 3675">
    <p class='ocr_par' dir='ltr' id='par_1_53' title="bbox 368 3607 1951 3675">
     <span class='ocr_line' id='line_1_53' title="bbox 368 3607 1951 3675; baseline 0 -14"><span class='ocrx_word' id='word_1_359' title='bbox 368 3610 607 3675; x_wconf 82' lang='lat' dir='ltr'><strong>civitate,</strong></span> <span class='ocrx_word' id='word_1_360' title='bbox 637 3610 734 3663; x_wconf 89' lang='lat' dir='ltr'><strong>sub</strong></span> <span class='ocrx_word' id='word_1_361' title='bbox 764 3607 1013 3661; x_wconf 82' lang='lat' dir='ltr'><strong>Laodicia</strong></span> <span class='ocrx_word' id='word_1_362' title='bbox 1038 3617 1090 3661; x_wconf 81' lang='lat' dir='ltr'><strong>et</strong></span> <span class='ocrx_word' id='word_1_363' title='bbox 1119 3607 1349 3661; x_wconf 85' lang='lat' dir='ltr'><strong>Maximo</strong></span> <span class='ocrx_word' id='word_1_364' title='bbox 1392 3607 1817 3674; x_wconf 85' lang='lat' dir='ltr'><strong>proconsulibus.</strong></span> <span class='ocrx_word' id='word_1_365' title='bbox 1851 3609 1951 3675; x_wconf 86' lang='lat' dir='ltr'><strong>Qui</strong></span> 
     </span>
    </p>
   </div>
   <div class='ocr_carea' id='block_1_54' title="bbox 363 3700 1953 3771">
    <p class='ocr_par' dir='ltr' id='par_1_54' title="bbox 363 3700 1953 3771">
     <span class='ocr_line' id='line_1_54' title="bbox 363 3700 1953 3771; baseline 0.001 -17"><span class='ocrx_word' id='word_1_366' title='bbox 363 3701 547 3771; x_wconf 82' lang='lat' dir='ltr'><strong>jussus</strong></span> <span class='ocrx_word' id='word_1_367' title='bbox 576 3715 655 3756; x_wconf 90' lang='lat' dir='ltr'><strong>est</strong></span> <span class='ocrx_word' id='word_1_368' title='bbox 683 3701 859 3769; x_wconf 87' lang='lat' dir='ltr'><strong>primo</strong></span> <span class='ocrx_word' id='word_1_369' title='bbox 880 3700 1132 3768; x_wconf 82' lang='lat' dir='ltr'><strong>suspendi</strong></span> <span class='ocrx_word' id='word_1_370' title='bbox 1179 3710 1232 3754; x_wconf 89' lang='lat' dir='ltr'><strong>et</strong></span> <span class='ocrx_word' id='word_1_371' title='bbox 1276 3701 1590 3771; x_wconf 79' lang='lat' dir='ltr'><strong>exungulari</strong></span> <span class='ocrx_word' id='word_1_372' title='bbox 1627 3716 1759 3768; x_wconf 87' lang='lat' dir='ltr'><strong>pene</strong></span> <span class='ocrx_word' id='word_1_373' title='bbox 1788 3717 1953 3769; x_wconf 89' lang='lat' dir='ltr'><strong>usque</strong></span> 
     </span>
    </p>
   </div>
   <div class='ocr_carea' id='block_1_55' title="bbox 1744 3811 1945 3867">
    <p class='ocr_par' dir='ltr' id='par_1_55' title="bbox 1744 3811 1945 3867">
     <span class='ocr_line' id='line_1_55' title="bbox 1744 3811 1945 3867; baseline -0.01 0"><span class='ocrx_word' id='word_1_374' title='bbox 1744 3811 1945 3867; x_wconf 86' lang='lat' dir='ltr'><strong>SMlTll</strong></span> 
     </span>
    </p>
   </div>
   <div class='ocr_carea' id='block_1_56' title="bbox 446 3904 1943 3975">
    <p class='ocr_par' dir='ltr' id='par_1_56' title="bbox 446 3904 1943 3975">
     <span class='ocr_line' id='line_1_56' title="bbox 446 3904 1943 3975; baseline -0.001 -16"><span class='ocrx_word' id='word_1_375' title='bbox 446 3913 470 3939; x_wconf 76' lang='grc'><strong><em>⁸</em></strong></span> <span class='ocrx_word' id='word_1_376' title='bbox 502 3905 705 3959; x_wconf 64' lang='lat' dir='ltr'><strong>Moriar.</strong></span> <span class='ocrx_word' id='word_1_377' title='bbox 740 3905 997 3958; x_wconf 83' lang='lat' dir='ltr'><strong>Baronius</strong></span> <span class='ocrx_word' id='word_1_378' title='bbox 1028 3906 1078 3958; x_wconf 94' lang='lat' dir='ltr'><strong>in</strong></span> <span class='ocrx_word' id='word_1_379' title='bbox 1112 3904 1483 3975; x_wconf 77' lang='lat' dir='ltr'><strong>nlartyrologio</strong></span> <span class='ocrx_word' id='word_1_380' title='bbox 1521 3904 1620 3975; x_wconf 90' lang='lat' dir='ltr'><strong>hoc</strong></span> <span class='ocrx_word' id='word_1_381' title='bbox 1642 3904 1800 3956; x_wconf 88' lang='lat' dir='ltr'><strong>modo</strong></span> <span class='ocrx_word' id='word_1_382' title='bbox 1832 3921 1943 3957; x_wconf 85' lang='lat' dir='ltr'><strong>rem</strong></span> 
     </span>
    </p>
   </div>
   <div class='ocr_carea' id='block_1_57' title="bbox 369 3974 1942 4043">
    <p class='ocr_par' dir='ltr' id='par_1_57' title="bbox 369 3974 1942 4043">
     <span class='ocr_line' id='line_1_57' title="bbox 369 3974 1942 4043; baseline -0.003 -12"><span class='ocrx_word' id='word_1_383' title='bbox 369 3978 635 4043; x_wconf 82' lang='lat' dir='ltr'><strong>explicat:</strong></span> <span class='ocrx_word' id='word_1_384' title='bbox 689 3976 869 4029; x_wconf 71' lang='lat' dir='ltr'><strong>Romae</strong></span> <span class='ocrx_word' id='word_1_385' title='bbox 910 3975 1180 4029; x_wconf 87' lang='lat' dir='ltr'><strong>Dedicatio</strong></span> <span class='ocrx_word' id='word_1_386' title='bbox 1232 3974 1473 4029; x_wconf 75' lang='lat' dir='ltr'><strong>ecclesue</strong></span> <span class='ocrx_word' id='word_1_387' title='bbox 1527 3974 1738 4028; x_wconf 74' lang='lat' dir='ltr'><strong>Sancta:</strong></span> <span class='ocrx_word' id='word_1_388' title='bbox 1769 3975 1942 4027; x_wconf 81' lang='lat' dir='ltr'><strong>Maria:</strong></span> 
     </span>
    </p>
   </div>
   <div class='ocr_carea' id='block_1_58' title="bbox 370 4044 1951 4118">
    <p class='ocr_par' dir='ltr' id='par_1_58' title="bbox 370 4044 1951 4118">
     <span class='ocr_line' id='line_1_58' title="bbox 370 4044 1951 4118; baseline -0.002 -18"><span class='ocrx_word' id='word_1_389' title='bbox 370 4050 437 4101; x_wconf 83' lang='lat' dir='ltr'><strong>ad</strong></span> <span class='ocrx_word' id='word_1_390' title='bbox 473 4048 747 4118; x_wconf 74' lang='lat' dir='ltr'><strong>Martyres,</strong></span> <span class='ocrx_word' id='word_1_391' title='bbox 782 4061 940 4113; x_wconf 89' lang='lat' dir='ltr'><strong>quam</strong></span> <span class='ocrx_word' id='word_1_392' title='bbox 978 4046 1033 4099; x_wconf 73' lang='lat' dir='ltr'><strong>Ii.</strong></span> <span class='ocrx_word' id='word_1_393' title='bbox 1085 4044 1386 4118; x_wconf 78' lang='lat' dir='ltr'><strong>Bonifacius</strong></span> <span class='ocrx_word' id='word_1_394' title='bbox 1440 4046 1574 4110; x_wconf 89' lang='lat' dir='ltr'><strong>Papa</strong></span> <span class='ocrx_word' id='word_1_395' title='bbox 1616 4044 1715 4118; x_wconf 15' lang='lat' dir='ltr'><strong>7|V_,</strong></span> <span class='ocrx_word' id='word_1_396' title='bbox 1758 4061 1951 4108; x_wconf 74' lang='lat' dir='ltr'><strong>expur-</strong></span> 
     </span>
    </p>
   </div>
   <div class='ocr_carea' id='block_1_59' title="bbox 368 4116 1949 4185">
    <p class='ocr_par' dir='ltr' id='par_1_59' title="bbox 368 4116 1949 4185">
     <span class='ocr_line' id='line_1_59' title="bbox 368 4116 1949 4185; baseline 0 -16"><span class='ocrx_word' id='word_1_397' title='bbox 368 4128 493 4185; x_wconf 68' lang='lat' dir='ltr'><strong>gato</strong></span> <span class='ocrx_word' id='word_1_398' title='bbox 522 4116 741 4169; x_wconf 69' lang='lat' dir='ltr'><strong>deorum</strong></span> <span class='ocrx_word' id='word_1_399' title='bbox 794 4121 1027 4169; x_wconf 83' lang='lat' dir='ltr'><strong>omnium</strong></span> <span class='ocrx_word' id='word_1_400' title='bbox 1076 4118 1241 4169; x_wconf 78' lang='lat' dir='ltr'><strong>veteri</strong></span> <span class='ocrx_word' id='word_1_401' title='bbox 1298 4116 1441 4178; x_wconf 86' lang='lat' dir='ltr'><strong>fano,</strong></span> <span class='ocrx_word' id='word_1_402' title='bbox 1489 4117 1626 4180; x_wconf 87' lang='lat' dir='ltr'><strong>quod</strong></span> <span class='ocrx_word' id='word_1_403' title='bbox 1678 4116 1949 4169; x_wconf 83' lang='lat' dir='ltr'><strong>Pantheon</strong></span> 
     </span>
    </p>
   </div>
   <div class='ocr_carea' id='block_1_60' title="bbox 369 4186 1951 4254">
    <p class='ocr_par' dir='ltr' id='par_1_60' title="bbox 369 4186 1951 4254">
     <span class='ocr_line' id='line_1_60' title="bbox 369 4186 1951 4254; baseline 0 -15"><span class='ocrx_word' id='word_1_404' title='bbox 369 4188 681 4246; x_wconf 84' lang='lat' dir='ltr'><strong>vocabatur,</strong></span> <span class='ocrx_word' id='word_1_405' title='bbox 731 4187 781 4238; x_wconf 92' lang='lat' dir='ltr'><strong>in</strong></span> <span class='ocrx_word' id='word_1_406' title='bbox 826 4187 1081 4238; x_wconf 89' lang='lat' dir='ltr'><strong>honorem</strong></span> <span class='ocrx_word' id='word_1_407' title='bbox 1133 4187 1193 4238; x_wconf 85' lang='grc' dir='ltr'><strong>Β.</strong></span> <span class='ocrx_word' id='word_1_408' title='bbox 1225 4201 1436 4253; x_wconf 90' lang='lat' dir='ltr'><strong>semper</strong></span> <span class='ocrx_word' id='word_1_409' title='bbox 1492 4186 1718 4254; x_wconf 79' lang='lat' dir='ltr'><strong>Virginis</strong></span> <span class='ocrx_word' id='word_1_410' title='bbox 1775 4188 1951 4239; x_wconf 71' lang='lat' dir='ltr'><strong>Maria:</strong></span> 
     </span>
    </p>
   </div>
   <div class='ocr_carea' id='block_1_61' title="bbox 369 4255 1950 4326">
    <p class='ocr_par' dir='ltr' id='par_1_61' title="bbox 369 4255 1950 4326">
     <span class='ocr_line' id='line_1_61' title="bbox 369 4255 1950 4326; baseline -0.001 -15"><span class='ocrx_word' id='word_1_411' title='bbox 369 4268 425 4311; x_wconf 88' lang='lat' dir='ltr'><strong>et</strong></span> <span class='ocrx_word' id='word_1_412' title='bbox 463 4260 698 4311; x_wconf 78' lang='grc' dir='ltr'>ιιωιιίυηὶ</span> <span class='ocrx_word' id='word_1_413' title='bbox 726 4257 1019 4326; x_wconf 84' lang='lat' dir='ltr'><strong>Martyrum</strong></span> <span class='ocrx_word' id='word_1_414' title='bbox 1043 4255 1331 4323; x_wconf 87' lang='lat' dir='ltr'><strong>dedicavit,</strong></span> <span class='ocrx_word' id='word_1_415' title='bbox 1361 4267 1599 4325; x_wconf 85' lang='lat' dir='ltr'><strong>tempore</strong></span> <span class='ocrx_word' id='word_1_416' title='bbox 1626 4256 1816 4311; x_wconf 64' lang='lat' dir='ltr'><strong>Phocea</strong></span> <span class='ocrx_word' id='word_1_417' title='bbox 1849 4257 1950 4309; x_wconf 87' lang='lat' dir='ltr'><strong>hn-</strong></span> 
     </span>
    </p>
   </div>
   <div class='ocr_carea' id='block_1_62' title="bbox 442 4328 656 4381">
    <p class='ocr_par' dir='ltr' id='par_1_62' title="bbox 442 4328 656 4381">
     <span class='ocr_line' id='line_1_62' title="bbox 442 4328 656 4381; baseline 0 0"><span class='ocrx_word' id='word_1_418' title='bbox 442 4328 656 4381; x_wconf 83' lang='lat' dir='ltr'><strong>ratoris.</strong></span> 
     </span>
    </p>
   </div>
   <div class='ocr_carea' id='block_1_63' title="bbox 370 4344 1947 4465">
    <p class='ocr_par' dir='ltr' id='par_1_63' title="bbox 370 4344 1947 4465">
     <span class='ocr_line' id='line_1_63' title="bbox 442 4344 656 4382; baseline 0 -1"><span class='ocrx_word' id='word_1_419' title='bbox 442 4344 656 4382; x_wconf 83' lang='lat' dir='ltr'><strong>ratorts.</strong></span> 
     </span>
     <span class='ocr_line' id='line_1_64' title="bbox 370 4344 1947 4465; baseline -0.001 -13"><span class='ocrx_word' id='word_1_420' title='bbox 370 4344 467 4435; x_wconf 59' lang='lat' dir='ltr'><strong>pe”</strong></span> <span class='ocrx_word' id='word_1_421' title='bbox 499 4398 735 4452; x_wconf 81' lang='lat' dir='ltr'><strong>Servatii.</strong></span> <span class='ocrx_word' id='word_1_422' title='bbox 773 4396 1365 4465; x_wconf 83' lang='lat' dir='ltr'><strong>EpisconiTungrensis</strong></span> <span class='ocrx_word' id='word_1_423' title='bbox 1387 4407 1440 4451; x_wconf 88' lang='lat' dir='ltr'><strong>et</strong></span> <span class='ocrx_word' id='word_1_424' title='bbox 1468 4397 1811 4451; x_wconf 87' lang='lat' dir='ltr'><strong>confessoris.</strong></span> <span class='ocrx_word' id='word_1_425' title='bbox 1846 4398 1947 4463; x_wconf 86' lang='lat' dir='ltr'><strong>Qui</strong></span> 
     </span>
    </p>
   </div>
   <div class='ocr_carea' id='block_1_64' title="bbox 2068 2047 3642 2118">
    <p class='ocr_par' dir='ltr' id='par_1_64' title="bbox 2068 2047 3642 2118">
     <span class='ocr_line' id='line_1_65' title="bbox 2068 2047 3642 2118; baseline 0.002 -16"><span class='ocrx_word' id='word_1_426' title='bbox 2068 2048 2132 2102; x_wconf 88' lang='lat' dir='ltr'><strong>ad</strong></span> <span class='ocrx_word' id='word_1_427' title='bbox 2156 2065 2275 2102; x_wconf 87' lang='lat' dir='ltr'><strong>ossa</strong></span> <span class='ocrx_word' id='word_1_428' title='bbox 2303 2067 2314 2101; x_wconf 93' lang='lat'><strong>:</strong></span> <span class='ocrx_word' id='word_1_429' title='bbox 2346 2048 2538 2102; x_wconf 87' lang='lat' dir='ltr'><strong>deinde</strong></span> <span class='ocrx_word' id='word_1_430' title='bbox 2567 2048 2760 2101; x_wconf 90' lang='lat' dir='ltr'><strong>missus</strong></span> <span class='ocrx_word' id='word_1_431' title='bbox 2787 2054 2871 2101; x_wconf 91' lang='lat' dir='ltr'><strong>est</strong></span> <span class='ocrx_word' id='word_1_432' title='bbox 2896 2047 2947 2099; x_wconf 94' lang='lat' dir='ltr'><strong>in</strong></span> <span class='ocrx_word' id='word_1_433' title='bbox 2979 2048 3248 2101; x_wconf 89' lang='lat' dir='ltr'><strong>caminum</strong></span> <span class='ocrx_word' id='word_1_434' title='bbox 3282 2048 3415 2118; x_wconf 87' lang='lat' dir='ltr'><strong>ignis</strong></span> <span class='ocrx_word' id='word_1_435' title='bbox 3444 2050 3642 2105; x_wconf 44' lang='lat' dir='ltr'><strong>ardens</strong></span> 
     </span>
    </p>
   </div>
   <div class='ocr_carea' id='block_1_65' title="bbox 2069 2137 3644 2206">
    <p class='ocr_par' dir='ltr' id='par_1_65' title="bbox 2069 2137 3644 2206">
     <span class='ocr_line' id='line_1_66' title="bbox 2069 2137 3644 2206; baseline 0.001 -12"><span class='ocrx_word' id='word_1_436' title='bbox 2069 2140 2173 2194; x_wconf 86' lang='lat' dir='ltr'><strong>tis:</strong></span> <span class='ocrx_word' id='word_1_437' title='bbox 2207 2141 2329 2193; x_wconf 91' lang='lat' dir='ltr'><strong>inde</strong></span> <span class='ocrx_word' id='word_1_438' title='bbox 2358 2142 2555 2193; x_wconf 89' lang='lat' dir='ltr'><strong>virtute</strong></span> <span class='ocrx_word' id='word_1_439' title='bbox 2602 2138 2809 2192; x_wconf 89' lang='lat' dir='ltr'><strong>Domini</strong></span> <span class='ocrx_word' id='word_1_440' title='bbox 2857 2137 3055 2193; x_wconf 71' lang='lat' dir='ltr'><strong>illmsus</strong></span> <span class='ocrx_word' id='word_1_441' title='bbox 3103 2140 3312 2206; x_wconf 84' lang='lat' dir='ltr'><strong>exiens,</strong></span> <span class='ocrx_word' id='word_1_442' title='bbox 3361 2140 3464 2195; x_wconf 88' lang='lat' dir='ltr'><strong>sub</strong></span> <span class='ocrx_word' id='word_1_443' title='bbox 3510 2142 3644 2196; x_wconf 87' lang='lat' dir='ltr'><strong>duas</strong></span> 
     </span>
    </p>
   </div>
   <div class='ocr_carea' id='block_1_66' title="bbox 2066 2228 3637 2300">
    <p class='ocr_par' dir='ltr' id='par_1_66' title="bbox 2066 2228 3637 2300">
     <span class='ocr_line' id='line_1_67' title="bbox 2066 2228 3637 2300; baseline 0.001 -17"><span class='ocrx_word' id='word_1_444' title='bbox 2066 2240 2209 2283; x_wconf 90' lang='lat' dir='ltr'><strong>rotas</strong></span> <span class='ocrx_word' id='word_1_445' title='bbox 2235 2229 2480 2293; x_wconf 92' lang='lat' dir='ltr'><strong>mittitur,</strong></span> <span class='ocrx_word' id='word_1_446' title='bbox 2515 2238 2571 2281; x_wconf 92' lang='lat' dir='ltr'><strong>ut</strong></span> <span class='ocrx_word' id='word_1_447' title='bbox 2604 2228 2879 2283; x_wconf 75' lang='lat' dir='ltr'><strong>volventes</strong></span> <span class='ocrx_word' id='word_1_448' title='bbox 2908 2228 3205 2282; x_wconf 89' lang='lat' dir='ltr'><strong>dividerent</strong></span> <span class='ocrx_word' id='word_1_449' title='bbox 3228 2230 3465 2284; x_wconf 87' lang='lat' dir='ltr'><strong>membra</strong></span> <span class='ocrx_word' id='word_1_450' title='bbox 3482 2231 3598 2300; x_wconf 87' lang='lat' dir='ltr'><strong>ejus</strong></span> <span class='ocrx_word' id='word_1_451' title='bbox 3624 2250 3637 2284; x_wconf 89' lang='lat'><strong>:</strong></span> 
     </span>
    </p>
   </div>
   <div class='ocr_carea' id='block_1_67' title="bbox 2064 2318 3392 2391">
    <p class='ocr_par' dir='ltr' id='par_1_67' title="bbox 2064 2318 3392 2391">
     <span class='ocr_line' id='line_1_68' title="bbox 2064 2318 3392 2391; baseline 0 -18"><span class='ocrx_word' id='word_1_452' title='bbox 2064 2322 2255 2391; x_wconf 88' lang='lat' dir='ltr'><strong>quibus</strong></span> <span class='ocrx_word' id='word_1_453' title='bbox 2285 2321 2493 2384; x_wconf 90' lang='lat' dir='ltr'><strong>solutis,</strong></span> <span class='ocrx_word' id='word_1_454' title='bbox 2523 2320 2809 2374; x_wconf 84' lang='lat' dir='ltr'><strong>novissime</strong></span> <span class='ocrx_word' id='word_1_455' title='bbox 2835 2318 3012 2389; x_wconf 88' lang='lat' dir='ltr'><strong>gladio</strong></span> <span class='ocrx_word' id='word_1_456' title='bbox 3043 2319 3264 2373; x_wconf 87' lang='lat' dir='ltr'><strong>traditus</strong></span> <span class='ocrx_word' id='word_1_457' title='bbox 3290 2330 3392 2374; x_wconf 88' lang='lat' dir='ltr'><strong>est.</strong></span> 
     </span>
    </p>
   </div>
   <div class='ocr_carea' id='block_1_68' title="bbox 2139 2410 3635 2482">
    <p class='ocr_par' dir='ltr' id='par_1_68' title="bbox 2139 2410 3635 2482">
     <span class='ocr_line' id='line_1_69' title="bbox 2139 2410 3635 2482; baseline 0.001 -16"><span class='ocrx_word' id='word_1_458' title='bbox 2139 2412 2223 2466; x_wconf 74' lang='grc'><strong>14.</strong></span> <span class='ocrx_word' id='word_1_459' title='bbox 2252 2441 2318 2453; x_wconf 88' lang='lat'><strong>——</strong></span> <span class='ocrx_word' id='word_1_460' title='bbox 2345 2412 2384 2465; x_wconf 93' lang='grc' dir='ltr'><strong>ΙΙ</strong></span> <span class='ocrx_word' id='word_1_461' title='bbox 2413 2412 2548 2465; x_wconf 86' lang='lat' dir='ltr'><strong>lous.</strong></span> <span class='ocrx_word' id='word_1_462' title='bbox 2576 2410 2757 2466; x_wconf 90' lang='lat' dir='ltr'><strong>Sancti</strong></span> <span class='ocrx_word' id='word_1_463' title='bbox 2790 2411 2962 2465; x_wconf 87' lang='lat' dir='ltr'><strong>Patris</strong></span> <span class='ocrx_word' id='word_1_464' title='bbox 2991 2412 3155 2465; x_wconf 87' lang='lat' dir='ltr'><strong>nostri</strong></span> <span class='ocrx_word' id='word_1_465' title='bbox 3190 2411 3516 2474; x_wconf 70' lang='lat' dir='ltr'><strong>ePaehomii.</strong></span> <span class='ocrx_word' id='word_1_466' title='bbox 3545 2414 3635 2482; x_wconf 89' lang='lat' dir='ltr'><strong>qui</strong></span> 
     </span>
    </p>
   </div>
   <div class='ocr_carea' id='block_1_69' title="bbox 2063 2506 3636 2575">
    <p class='ocr_par' dir='ltr' id='par_1_69' title="bbox 2063 2506 3636 2575">
     <span class='ocr_line' id='line_1_70' title="bbox 2063 2506 3636 2575; baseline 0.002 -14"><span class='ocrx_word' id='word_1_467' title='bbox 2063 2522 2181 2561; x_wconf 90' lang='lat' dir='ltr'><strong>cum</strong></span> <span class='ocrx_word' id='word_1_468' title='bbox 2206 2516 2349 2561; x_wconf 88' lang='lat' dir='ltr'><strong>esset</strong></span> <span class='ocrx_word' id='word_1_469' title='bbox 2377 2506 2527 2560; x_wconf 89' lang='lat' dir='ltr'><strong>factis</strong></span> <span class='ocrx_word' id='word_1_470' title='bbox 2546 2506 2856 2575; x_wconf 68' lang='lat' dir='ltr'><strong>apostolicae</strong></span> <span class='ocrx_word' id='word_1_471' title='bbox 2881 2508 3064 2574; x_wconf 65' lang='lat' dir='ltr'><strong>gratiae</strong></span> <span class='ocrx_word' id='word_1_472' title='bbox 3094 2507 3333 2575; x_wconf 76' lang='lat' dir='ltr'><strong>insignis,</strong></span> <span class='ocrx_word' id='word_1_473' title='bbox 3362 2508 3636 2564; x_wconf 85' lang='lat' dir='ltr'><strong>fundator-</strong></span> 
     </span>
    </p>
   </div>
   <div class='ocr_carea' id='block_1_70' title="bbox 2062 2597 3634 2669">
    <p class='ocr_par' dir='ltr' id='par_1_70' title="bbox 2062 2597 3634 2669">
     <span class='ocr_line' id='line_1_71' title="bbox 2062 2597 3634 2669; baseline 0.004 -20"><span class='ocrx_word' id='word_1_474' title='bbox 2062 2613 2164 2667; x_wconf 87' lang='lat' dir='ltr'><strong>que</strong></span> <span class='ocrx_word' id='word_1_475' title='bbox 2212 2598 2423 2669; x_wconf 67' lang='lat' dir='ltr'><strong>AZgypti</strong></span> <span class='ocrx_word' id='word_1_476' title='bbox 2476 2597 2871 2662; x_wconf 79' lang='lat' dir='ltr'><strong>emnobiorum,</strong></span> <span class='ocrx_word' id='word_1_477' title='bbox 2919 2599 3135 2666; x_wconf 90' lang='lat' dir='ltr'><strong>scripsit</strong></span> <span class='ocrx_word' id='word_1_478' title='bbox 3190 2601 3634 2655; x_wconf 84' lang='lat' dir='ltr'><strong>monasteriorum</strong></span> 
     </span>
    </p>
   </div>
   <div class='ocr_carea' id='block_1_71' title="bbox 2062 2688 3636 2759">
    <p class='ocr_par' dir='ltr' id='par_1_71' title="bbox 2062 2688 3636 2759">
     <span class='ocr_line' id='line_1_72' title="bbox 2062 2688 3636 2759; baseline 0.002 -16"><span class='ocrx_word' id='word_1_479' title='bbox 2062 2688 2292 2759; x_wconf 87' lang='lat' dir='ltr'><strong>regulas,</strong></span> <span class='ocrx_word' id='word_1_480' title='bbox 2344 2704 2474 2757; x_wconf 89' lang='lat' dir='ltr'><strong>quas</strong></span> <span class='ocrx_word' id='word_1_481' title='bbox 2499 2689 2693 2758; x_wconf 85' lang='lat' dir='ltr'><strong>angelo</strong></span> <span class='ocrx_word' id='word_1_482' title='bbox 2710 2688 2944 2743; x_wconf 86' lang='lat' dir='ltr'><strong>dictante</strong></span> <span class='ocrx_word' id='word_1_483' title='bbox 2972 2689 3228 2743; x_wconf 87' lang='lat' dir='ltr'><strong>didicerat</strong></span> <span class='ocrx_word' id='word_1_484' title='bbox 3255 2706 3269 2742; x_wconf 88' lang='lat'><strong>:</strong></span> <span class='ocrx_word' id='word_1_485' title='bbox 3306 2690 3463 2744; x_wconf 87' lang='lat' dir='ltr'><strong>simul</strong></span> <span class='ocrx_word' id='word_1_486' title='bbox 3488 2702 3541 2744; x_wconf 89' lang='lat' dir='ltr'><strong>et</strong></span> <span class='ocrx_word' id='word_1_487' title='bbox 3568 2692 3636 2746; x_wconf 88' lang='lat' dir='ltr'><strong>de</strong></span> 
     </span>
    </p>
   </div>
   <div class='ocr_carea' id='block_1_72' title="bbox 2063 2779 3638 2850">
    <p class='ocr_par' dir='ltr' id='par_1_72' title="bbox 2063 2779 3638 2850">
     <span class='ocr_line' id='line_1_73' title="bbox 2063 2779 3638 2850; baseline 0.004 -21"><span class='ocrx_word' id='word_1_488' title='bbox 2063 2791 2301 2848; x_wconf 88' lang='lat' dir='ltr'><strong>tempore</strong></span> <span class='ocrx_word' id='word_1_489' title='bbox 2331 2779 2590 2834; x_wconf 82' lang='lat' dir='ltr'><strong>Paschali.</strong></span> <span class='ocrx_word' id='word_1_490' title='bbox 2644 2780 2762 2848; x_wconf 87' lang='lat' dir='ltr'><strong>Ipso</strong></span> <span class='ocrx_word' id='word_1_491' title='bbox 2803 2779 2891 2833; x_wconf 91' lang='lat' dir='ltr'><strong>die</strong></span> <span class='ocrx_word' id='word_1_492' title='bbox 2920 2780 2971 2833; x_wconf 94' lang='lat' dir='ltr'><strong>in</strong></span> <span class='ocrx_word' id='word_1_493' title='bbox 2997 2779 3150 2850; x_wconf 87' lang='lat' dir='ltr'><strong>Syria</strong></span> <span class='ocrx_word' id='word_1_494' title='bbox 3182 2781 3370 2835; x_wconf 88' lang='lat' dir='ltr'><strong>natalis</strong></span> <span class='ocrx_word' id='word_1_495' title='bbox 3400 2780 3423 2819; x_wconf 73' lang='grc' dir='ltr'>ί</span> <span class='ocrx_word' id='word_1_496' title='bbox 3456 2781 3638 2837; x_wconf 83' lang='lat' dir='ltr'><strong>Victo-</strong></span> 
     </span>
    </p>
   </div>
   <div class='ocr_carea' id='block_1_73' title="bbox 2060 2868 3635 2938">
    <p class='ocr_par' dir='ltr' id='par_1_73' title="bbox 2060 2868 3635 2938">
     <span class='ocr_line' id='line_1_74' title="bbox 2060 2868 3635 2938; baseline 0.003 -16"><span class='ocrx_word' id='word_1_497' title='bbox 2060 2870 2133 2923; x_wconf 90' lang='lat' dir='ltr'><strong>ris</strong></span> <span class='ocrx_word' id='word_1_498' title='bbox 2164 2883 2217 2923; x_wconf 90' lang='lat' dir='ltr'><strong>et</strong></span> <span class='ocrx_word' id='word_1_499' title='bbox 2246 2868 2468 2924; x_wconf 70' lang='lat' dir='ltr'><strong>Coronae</strong></span> <span class='ocrx_word' id='word_1_500' title='bbox 2496 2871 2593 2924; x_wconf 85' lang='lat' dir='ltr'><strong>sub</strong></span> <span class='ocrx_word' id='word_1_501' title='bbox 2627 2870 2897 2923; x_wconf 77' lang='lat' dir='ltr'><strong>Antonino</strong></span> <span class='ocrx_word' id='word_1_502' title='bbox 2930 2872 3270 2938; x_wconf 88' lang='lat' dir='ltr'><strong>imperatore,</strong></span> <span class='ocrx_word' id='word_1_503' title='bbox 3318 2872 3454 2927; x_wconf 89' lang='lat' dir='ltr'><strong>duce</strong></span> <span class='ocrx_word' id='word_1_504' title='bbox 3476 2874 3635 2928; x_wconf 58' lang='lat' dir='ltr'><strong>Alex.</strong></span> 
     </span>
    </p>
   </div>
   <div class='ocr_carea' id='block_1_74' title="bbox 2058 2959 3639 3031">
    <p class='ocr_par' dir='ltr' id='par_1_74' title="bbox 2058 2959 3639 3031">
     <span class='ocr_line' id='line_1_75' title="bbox 2058 2959 3639 3031; baseline 0.003 -18"><span class='ocrx_word' id='word_1_505' title='bbox 2058 2962 2258 3015; x_wconf 69' lang='lat' dir='ltr'><strong>andriai</strong></span> <span class='ocrx_word' id='word_1_506' title='bbox 2307 2961 2643 3018; x_wconf 73' lang='lat' dir='ltr'><strong>Sebastiano.</strong></span> <span class='ocrx_word' id='word_1_507' title='bbox 2701 2959 2988 3031; x_wconf 76' lang='lat' dir='ltr'><strong>(Hactenus</strong></span> <span class='ocrx_word' id='word_1_508' title='bbox 3030 2960 3123 3029; x_wconf 87' lang='lat' dir='ltr'><strong>A.)</strong></span> <span class='ocrx_word' id='word_1_509' title='bbox 3164 2961 3293 3015; x_wconf 89' lang='lat' dir='ltr'><strong>Erat</strong></span> <span class='ocrx_word' id='word_1_510' title='bbox 3336 2974 3513 3018; x_wconf 88' lang='lat' dir='ltr'><strong>autem</strong></span> <span class='ocrx_word' id='word_1_511' title='bbox 3546 2963 3639 3018; x_wconf 83' lang='lat' dir='ltr'><strong>Vi-</strong></span> 
     </span>
    </p>
   </div>
   <div class='ocr_carea' id='block_1_75' title="bbox 2057 3055 3638 3121">
    <p class='ocr_par' dir='ltr' id='par_1_75' title="bbox 2057 3055 3638 3121">
     <span class='ocr_line' id='line_1_76' title="bbox 2057 3055 3638 3121; baseline 0.004 -12"><span class='ocrx_word' id='word_1_512' title='bbox 2057 3066 2173 3110; x_wconf 90' lang='lat' dir='ltr'><strong>ctor</strong></span> <span class='ocrx_word' id='word_1_513' title='bbox 2203 3055 2356 3109; x_wconf 87' lang='lat' dir='ltr'><strong>miles</strong></span> <span class='ocrx_word' id='word_1_514' title='bbox 2386 3071 2413 3106; x_wconf 87' lang='lat' dir='ltr'><strong>a</strong></span> <span class='ocrx_word' id='word_1_515' title='bbox 2455 3055 2657 3121; x_wconf 86' lang='lat' dir='ltr'><strong>Cilicia,</strong></span> <span class='ocrx_word' id='word_1_516' title='bbox 2702 3056 2787 3109; x_wconf 90' lang='lat' dir='ltr'><strong>cui</strong></span> <span class='ocrx_word' id='word_1_517' title='bbox 2832 3057 3173 3111; x_wconf 87' lang='lat' dir='ltr'><strong>Sebastianus</strong></span> <span class='ocrx_word' id='word_1_518' title='bbox 3220 3056 3271 3111; x_wconf 90' lang='lat' dir='ltr'><strong>in</strong></span> <span class='ocrx_word' id='word_1_519' title='bbox 3302 3058 3638 3115; x_wconf 83' lang='lat' dir='ltr'><strong>confessione</strong></span> 
     </span>
    </p>
   </div>
   <div class='ocr_carea' id='block_1_76' title="bbox 2058 3147 3636 3217">
    <p class='ocr_par' dir='ltr' id='par_1_76' title="bbox 2058 3147 3636 3217">
     <span class='ocr_line' id='line_1_77' title="bbox 2058 3147 3636 3217; baseline 0.003 -15"><span class='ocrx_word' id='word_1_520' title='bbox 2058 3148 2178 3202; x_wconf 87' lang='lat' dir='ltr'><strong>fidei</strong></span> <span class='ocrx_word' id='word_1_521' title='bbox 2211 3147 2470 3217; x_wconf 82' lang='lat' dir='ltr'><strong>confringi</strong></span> <span class='ocrx_word' id='word_1_522' title='bbox 2502 3148 2697 3217; x_wconf 88' lang='lat' dir='ltr'><strong>digitos</strong></span> <span class='ocrx_word' id='word_1_523' title='bbox 2726 3159 2778 3202; x_wconf 90' lang='lat' dir='ltr'><strong>et</strong></span> <span class='ocrx_word' id='word_1_524' title='bbox 2820 3149 2939 3202; x_wconf 81' lang='lat' dir='ltr'><strong>velli</strong></span> <span class='ocrx_word' id='word_1_525' title='bbox 2985 3147 3143 3216; x_wconf 71' lang='lat' dir='ltr'><strong>jussit</strong></span> <span class='ocrx_word' id='word_1_526' title='bbox 3183 3165 3211 3203; x_wconf 90' lang='lat' dir='ltr'><strong>a</strong></span> <span class='ocrx_word' id='word_1_527' title='bbox 3242 3161 3386 3205; x_wconf 89' lang='lat' dir='ltr'><strong>cute.</strong></span> <span class='ocrx_word' id='word_1_528' title='bbox 3434 3151 3636 3207; x_wconf 83' lang='lat' dir='ltr'><strong>Deinde</strong></span> 
     </span>
    </p>
   </div>
   <div class='ocr_carea' id='block_1_77' title="bbox 2056 3238 3633 3313">
    <p class='ocr_par' dir='ltr' id='par_1_77' title="bbox 2056 3238 3633 3313">
     <span class='ocr_line' id='line_1_78' title="bbox 2056 3238 3633 3313; baseline 0.003 -19"><span class='ocrx_word' id='word_1_529' title='bbox 2056 3239 2202 3294; x_wconf 90' lang='lat' dir='ltr'><strong>illum</strong></span> <span class='ocrx_word' id='word_1_530' title='bbox 2233 3239 2389 3308; x_wconf 87' lang='lat' dir='ltr'><strong>jussit</strong></span> <span class='ocrx_word' id='word_1_531' title='bbox 2416 3240 2465 3291; x_wconf 92' lang='lat' dir='ltr'><strong>in</strong></span> <span class='ocrx_word' id='word_1_532' title='bbox 2496 3239 2760 3293; x_wconf 86' lang='lat' dir='ltr'><strong>caminum</strong></span> <span class='ocrx_word' id='word_1_533' title='bbox 2807 3238 2942 3307; x_wconf 84' lang='lat' dir='ltr'><strong>ignis</strong></span> <span class='ocrx_word' id='word_1_534' title='bbox 2972 3240 3131 3306; x_wconf 89' lang='lat' dir='ltr'><strong>mitti,</strong></span> <span class='ocrx_word' id='word_1_535' title='bbox 3185 3242 3271 3296; x_wconf 90' lang='lat' dir='ltr'><strong>ubi</strong></span> <span class='ocrx_word' id='word_1_536' title='bbox 3306 3245 3481 3297; x_wconf 90' lang='lat' dir='ltr'><strong>triduo</strong></span> <span class='ocrx_word' id='word_1_537' title='bbox 3510 3259 3633 3313; x_wconf 80' lang='lat' dir='ltr'><strong>per.-</strong></span> 
     </span>
    </p>
   </div>
   <div class='ocr_carea' id='block_1_78' title="bbox 2061 3328 3634 3404">
    <p class='ocr_par' dir='ltr' id='par_1_78' title="bbox 2061 3328 3634 3404">
     <span class='ocr_line' id='line_1_79' title="bbox 2061 3328 3634 3404; baseline 0.003 -19"><span class='ocrx_word' id='word_1_538' title='bbox 2061 3346 2283 3387; x_wconf 90' lang='lat' dir='ltr'><strong>manens</strong></span> <span class='ocrx_word' id='word_1_539' title='bbox 2313 3346 2417 3385; x_wconf 92' lang='lat' dir='ltr'><strong>non</strong></span> <span class='ocrx_word' id='word_1_540' title='bbox 2446 3342 2527 3386; x_wconf 88' lang='lat' dir='ltr'><strong>est</strong></span> <span class='ocrx_word' id='word_1_541' title='bbox 2558 3332 2737 3385; x_wconf 67' lang='lat' dir='ltr'><strong>laesus.</strong></span> <span class='ocrx_word' id='word_1_542' title='bbox 2792 3328 2996 3386; x_wconf 90' lang='lat' dir='ltr'><strong>Deinde</strong></span> <span class='ocrx_word' id='word_1_543' title='bbox 3028 3347 3287 3388; x_wconf 88' lang='lat' dir='ltr'><strong>venenum</strong></span> <span class='ocrx_word' id='word_1_544' title='bbox 3317 3333 3501 3389; x_wconf 84' lang='lat' dir='ltr'><strong>bibere</strong></span> <span class='ocrx_word' id='word_1_545' title='bbox 3521 3333 3634 3404; x_wconf 88' lang='lat' dir='ltr'><strong>jus-</strong></span> 
     </span>
    </p>
   </div>
   <div class='ocr_carea' id='block_1_79' title="bbox 2060 3422 3632 3492">
    <p class='ocr_par' dir='ltr' id='par_1_79' title="bbox 2060 3422 3632 3492">
     <span class='ocr_line' id='line_1_80' title="bbox 2060 3422 3632 3492; baseline 0.003 -16"><span class='ocrx_word' id='word_1_546' title='bbox 2060 3439 2169 3485; x_wconf 87' lang='lat' dir='ltr'><strong>sus,</strong></span> <span class='ocrx_word' id='word_1_547' title='bbox 2196 3438 2301 3476; x_wconf 90' lang='lat' dir='ltr'><strong>non</strong></span> <span class='ocrx_word' id='word_1_548' title='bbox 2332 3430 2415 3477; x_wconf 89' lang='lat' dir='ltr'><strong>est</strong></span> <span class='ocrx_word' id='word_1_549' title='bbox 2445 3434 2705 3486; x_wconf 90' lang='lat' dir='ltr'><strong>mortuus,</strong></span> <span class='ocrx_word' id='word_1_550' title='bbox 2738 3422 2831 3476; x_wconf 92' lang='lat' dir='ltr'><strong>sed</strong></span> <span class='ocrx_word' id='word_1_551' title='bbox 2862 3422 3153 3485; x_wconf 87' lang='lat' dir='ltr'><strong>veneficum</strong></span> <span class='ocrx_word' id='word_1_552' title='bbox 3184 3423 3362 3492; x_wconf 91' lang='lat' dir='ltr'><strong>potius</strong></span> <span class='ocrx_word' id='word_1_553' title='bbox 3385 3425 3447 3479; x_wconf 92' lang='lat' dir='ltr'><strong>ad</strong></span> <span class='ocrx_word' id='word_1_554' title='bbox 3475 3426 3632 3482; x_wconf 86' lang='lat' dir='ltr'><strong>fidem</strong></span> 
     </span>
    </p>
   </div>
   <div class='ocr_carea' id='block_1_80' title="bbox 2062 3512 3638 3590">
    <p class='ocr_par' dir='ltr' id='par_1_80' title="bbox 2062 3512 3638 3590">
     <span class='ocr_line' id='line_1_81' title="bbox 2062 3512 3638 3590; baseline 0.001 -15"><span class='ocrx_word' id='word_1_555' title='bbox 2062 3522 2344 3577; x_wconf 90' lang='lat' dir='ltr'><strong>convertit.</strong></span> <span class='ocrx_word' id='word_1_556' title='bbox 2388 3522 2587 3576; x_wconf 89' lang='lat' dir='ltr'><strong>Deinde</strong></span> <span class='ocrx_word' id='word_1_557' title='bbox 2614 3512 2823 3590; x_wconf 68' lang='lat' dir='ltr'><strong>iussum</strong></span> <span class='ocrx_word' id='word_1_558' title='bbox 2853 3532 2936 3575; x_wconf 89' lang='lat' dir='ltr'><strong>est</strong></span> <span class='ocrx_word' id='word_1_559' title='bbox 2983 3536 3177 3576; x_wconf 89' lang='lat' dir='ltr'><strong>nervos</strong></span> <span class='ocrx_word' id='word_1_560' title='bbox 3204 3522 3444 3589; x_wconf 89' lang='lat' dir='ltr'><strong>corporis</strong></span> <span class='ocrx_word' id='word_1_561' title='bbox 3475 3522 3638 3590; x_wconf 91' lang='lat' dir='ltr'><strong>ipsius</strong></span> 
     </span>
    </p>
   </div>
   <div class='ocr_carea' id='block_1_81' title="bbox 2067 3609 3633 3681">
    <p class='ocr_par' dir='ltr' id='par_1_81' title="bbox 2067 3609 3633 3681">
     <span class='ocr_line' id='line_1_82' title="bbox 2067 3609 3633 3681; baseline 0.002 -19"><span class='ocrx_word' id='word_1_562' title='bbox 2067 3612 2178 3663; x_wconf 92' lang='lat' dir='ltr'><strong>tolli</strong></span> <span class='ocrx_word' id='word_1_563' title='bbox 2206 3628 2217 3662; x_wconf 90' lang='lat'><strong>:</strong></span> <span class='ocrx_word' id='word_1_564' title='bbox 2250 3611 2440 3666; x_wconf 90' lang='lat' dir='ltr'><strong>deinde</strong></span> <span class='ocrx_word' id='word_1_565' title='bbox 2465 3611 2641 3665; x_wconf 90' lang='lat' dir='ltr'><strong>oleum</strong></span> <span class='ocrx_word' id='word_1_566' title='bbox 2685 3609 2909 3664; x_wconf 89' lang='lat' dir='ltr'><strong>bulliens</strong></span> <span class='ocrx_word' id='word_1_567' title='bbox 2947 3610 3084 3664; x_wconf 91' lang='lat' dir='ltr'><strong>mitti</strong></span> <span class='ocrx_word' id='word_1_568' title='bbox 3109 3611 3159 3663; x_wconf 92' lang='lat' dir='ltr'><strong>in</strong></span> <span class='ocrx_word' id='word_1_569' title='bbox 3190 3610 3448 3678; x_wconf 81' lang='lat' dir='ltr'><strong>pudendis</strong></span> <span class='ocrx_word' id='word_1_570' title='bbox 3499 3612 3633 3681; x_wconf 74' lang='lat' dir='ltr'><strong>ejus.</strong></span> 
     </span>
    </p>
   </div>
   <div class='ocr_carea' id='block_1_82' title="bbox 2065 3700 3636 3771">
    <p class='ocr_par' dir='ltr' id='par_1_82' title="bbox 2065 3700 3636 3771">
     <span class='ocr_line' id='line_1_83' title="bbox 2065 3700 3636 3771; baseline 0.001 -17"><span class='ocrx_word' id='word_1_571' title='bbox 2065 3709 2089 3747; x_wconf 76' lang='grc' dir='ltr'><strong>ι</strong></span> <span class='ocrx_word' id='word_1_572' title='bbox 2124 3700 2250 3755; x_wconf 88' lang='lat' dir='ltr'><strong>Post</strong></span> <span class='ocrx_word' id='word_1_573' title='bbox 2291 3700 2402 3755; x_wconf 61' lang='lat' dir='ltr'><strong>hate</strong></span> <span class='ocrx_word' id='word_1_574' title='bbox 2442 3701 2600 3770; x_wconf 89' lang='lat' dir='ltr'><strong>jussit</strong></span> <span class='ocrx_word' id='word_1_575' title='bbox 2647 3700 2896 3756; x_wconf 86' lang='lat' dir='ltr'><strong>ardentes</strong></span> <span class='ocrx_word' id='word_1_576' title='bbox 2948 3700 3219 3770; x_wconf 74' lang='lat' dir='ltr'><strong>lampades</strong></span> <span class='ocrx_word' id='word_1_577' title='bbox 3263 3716 3523 3771; x_wconf 90' lang='lat' dir='ltr'><strong>suspenso</strong></span> <span class='ocrx_word' id='word_1_578' title='bbox 3570 3704 3636 3759; x_wconf 86' lang='lat' dir='ltr'><strong>ad</strong></span> 
     </span>
    </p>
   </div>
   <div class='ocr_carea' id='block_1_83' title="bbox 2012 3812 2238 3867">
    <p class='ocr_par' dir='ltr' id='par_1_83' title="bbox 2012 3812 2238 3867">
     <span class='ocr_line' id='line_1_84' title="bbox 2012 3812 2238 3867; baseline 0.004 -1"><span class='ocrx_word' id='word_1_579' title='bbox 2012 3812 2238 3867; x_wconf 63' lang='lat' dir='ltr'><strong>NOTAE.</strong></span> 
     </span>
    </p>
   </div>
   <div class='ocr_carea' id='block_1_84' title="bbox 2059 3903 3639 3975">
    <p class='ocr_par' dir='ltr' id='par_1_84' title="bbox 2059 3903 3639 3975">
     <span class='ocr_line' id='line_1_85' title="bbox 2059 3903 3639 3975; baseline 0.006 -18"><span class='ocrx_word' id='word_1_580' title='bbox 2059 3909 2222 3960; x_wconf 68' lang='lat' dir='ltr'><strong>schai.</strong></span> <span class='ocrx_word' id='word_1_581' title='bbox 2274 3903 2512 3975; x_wconf 88' lang='lat' dir='ltr'><strong>Denique</strong></span> <span class='ocrx_word' id='word_1_582' title='bbox 2544 3906 2842 3971; x_wconf 85' lang='lat' dir='ltr'><strong>triumphus</strong></span> <span class='ocrx_word' id='word_1_583' title='bbox 2874 3906 2929 3961; x_wconf 85' lang='lat' dir='ltr'><strong>S.</strong></span> <span class='ocrx_word' id='word_1_584' title='bbox 2975 3905 3203 3961; x_wconf 90' lang='lat' dir='ltr'><strong>Servatii</strong></span> <span class='ocrx_word' id='word_1_585' title='bbox 3240 3907 3489 3962; x_wconf 86' lang='lat' dir='ltr'><strong>recolitur</strong></span> <span class='ocrx_word' id='word_1_586' title='bbox 3532 3908 3639 3967; x_wconf 83' lang='lat' dir='ltr'><strong>Do-</strong></span> 
     </span>
    </p>
   </div>
   <div class='ocr_carea' id='block_1_85' title="bbox 2064 3977 3457 4048">
    <p class='ocr_par' dir='ltr' id='par_1_85' title="bbox 2064 3977 3457 4048">
     <span class='ocr_line' id='line_1_86' title="bbox 2064 3977 3457 4048; baseline 0.003 -20"><span class='ocrx_word' id='word_1_587' title='bbox 2064 3977 2252 4048; x_wconf 76' lang='lat' dir='ltr'><strong>minica</strong></span> <span class='ocrx_word' id='word_1_588' title='bbox 2285 3977 2627 4048; x_wconf 15' lang='lat' dir='ltr'><strong>primailulii.</strong></span> <span class='ocrx_word' id='word_1_589' title='bbox 2660 3979 2917 4033; x_wconf 79' lang='lat' dir='ltr'><strong>MOLANUS</strong></span> <span class='ocrx_word' id='word_1_590' title='bbox 2940 3977 3007 4031; x_wconf 89' lang='lat' dir='ltr'><strong>de</strong></span> <span class='ocrx_word' id='word_1_591' title='bbox 3035 3978 3246 4033; x_wconf 86' lang='lat' dir='ltr'><strong>Sanctis</strong></span> <span class='ocrx_word' id='word_1_592' title='bbox 3278 3980 3457 4048; x_wconf 82' lang='lat' dir='ltr'><strong>Belgii.</strong></span> 
     </span>
    </p>
   </div>
   <div class='ocr_carea' id='block_1_86' title="bbox 2138 4046 3266 4103">
    <p class='ocr_par' dir='ltr' id='par_1_86' title="bbox 2138 4046 3266 4103">
     <span class='ocr_line' id='line_1_87' title="bbox 2138 4046 3266 4103; baseline 0.004 -5"><span class='ocrx_word' id='word_1_593' title='bbox 2138 4058 2159 4086; x_wconf 76' lang='grc' dir='ltr'><strong>ο</strong></span> <span class='ocrx_word' id='word_1_594' title='bbox 2193 4046 2406 4101; x_wconf 84' lang='lat' dir='ltr'><strong>Taraco.</strong></span> <span class='ocrx_word' id='word_1_595' title='bbox 2445 4047 2517 4101; x_wconf 88' lang='lat' dir='ltr'><strong>De</strong></span> <span class='ocrx_word' id='word_1_596' title='bbox 2544 4048 2627 4100; x_wconf 88' lang='lat' dir='ltr'><strong>his</strong></span> <span class='ocrx_word' id='word_1_597' title='bbox 2656 4049 2776 4103; x_wconf 86' lang='lat' dir='ltr'><strong>vide</strong></span> <span class='ocrx_word' id='word_1_598' title='bbox 2804 4049 2935 4101; x_wconf 89' lang='lat' dir='ltr'><strong>infra</strong></span> <span class='ocrx_word' id='word_1_599' title='bbox 2963 4065 2977 4101; x_wconf 90' lang='lat' dir='ltr'><strong>I</strong></span> <span class='ocrx_word' id='word_1_600' title='bbox 3005 4051 3266 4103; x_wconf 86' lang='lat' dir='ltr'><strong>Octobris.</strong></span> 
     </span>
    </p>
   </div>
   <div class='ocr_carea' id='block_1_87' title="bbox 2131 4116 3638 4191">
    <p class='ocr_par' dir='ltr' id='par_1_87' title="bbox 2131 4116 3638 4191">
     <span class='ocr_line' id='line_1_88' title="bbox 2131 4116 3638 4191; baseline 0.005 -21"><span class='ocrx_word' id='word_1_601' title='bbox 2131 4116 2157 4155; x_wconf 69' lang='lat' dir='ltr'><strong>J</strong></span> <span class='ocrx_word' id='word_1_602' title='bbox 2188 4116 2366 4170; x_wconf 81' lang='lat' dir='ltr'><strong>Mucii.</strong></span> <span class='ocrx_word' id='word_1_603' title='bbox 2402 4118 2810 4191; x_wconf 76' lang='lat' dir='ltr'><strong>llicpresbyter</strong></span> <span class='ocrx_word' id='word_1_604' title='bbox 2853 4118 2951 4191; x_wconf 84' lang='lat' dir='ltr'><strong>fuit</strong></span> <span class='ocrx_word' id='word_1_605' title='bbox 2976 4120 3424 4191; x_wconf 75' lang='lat' dir='ltr'><strong>Amphipolitanze</strong></span> <span class='ocrx_word' id='word_1_606' title='bbox 3451 4122 3638 4178; x_wconf 71' lang='lat' dir='ltr'><strong>Eccle~</strong></span> 
     </span>
    </p>
   </div>
   <div class='ocr_carea' id='block_1_88' title="bbox 2058 4188 3639 4255">
    <p class='ocr_par' dir='ltr' id='par_1_88' title="bbox 2058 4188 3639 4255">
     <span class='ocr_line' id='line_1_89' title="bbox 2058 4188 3639 4255; baseline 0.005 -15"><span class='ocrx_word' id='word_1_607' title='bbox 2058 4188 2186 4250; x_wconf 71' lang='lat' dir='ltr'><strong>siue,</strong></span> <span class='ocrx_word' id='word_1_608' title='bbox 2236 4198 2484 4254; x_wconf 86' lang='lat' dir='ltr'><strong>parentes</strong></span> <span class='ocrx_word' id='word_1_609' title='bbox 2508 4188 2705 4241; x_wconf 73' lang='lat' dir='ltr'><strong>habuit</strong></span> <span class='ocrx_word' id='word_1_610' title='bbox 2731 4189 3080 4255; x_wconf 86' lang='lat' dir='ltr'><strong>Euphratium</strong></span> <span class='ocrx_word' id='word_1_611' title='bbox 3111 4202 3165 4244; x_wconf 87' lang='lat' dir='ltr'><strong>et</strong></span> <span class='ocrx_word' id='word_1_612' title='bbox 3200 4192 3527 4245; x_wconf 84' lang='lat' dir='ltr'><strong>Eustathiam</strong></span> <span class='ocrx_word' id='word_1_613' title='bbox 3573 4210 3639 4248; x_wconf 75' lang='lat' dir='ltr'><strong>ex</strong></span> 
     </span>
    </p>
   </div>
   <div class='ocr_carea' id='block_1_89' title="bbox 2058 4257 3642 4330">
    <p class='ocr_par' dir='ltr' id='par_1_89' title="bbox 2058 4257 3642 4330">
     <span class='ocr_line' id='line_1_90' title="bbox 2058 4257 3642 4330; baseline 0.004 -21"><span class='ocrx_word' id='word_1_614' title='bbox 2058 4257 2418 4330; x_wconf 63' lang='lat' dir='ltr'><strong>veterilioma</strong></span> <span class='ocrx_word' id='word_1_615' title='bbox 2448 4260 2725 4315; x_wconf 89' lang='lat' dir='ltr'><strong>oriundos.</strong></span> <span class='ocrx_word' id='word_1_616' title='bbox 2775 4260 3077 4327; x_wconf 84' lang='lat' dir='ltr'><strong>Amphipoli</strong></span> <span class='ocrx_word' id='word_1_617' title='bbox 3112 4269 3286 4313; x_wconf 86' lang='lat' dir='ltr'><strong>autem</strong></span> <span class='ocrx_word' id='word_1_618' title='bbox 3322 4262 3501 4316; x_wconf 91' lang='lat' dir='ltr'><strong>multis</strong></span> <span class='ocrx_word' id='word_1_619' title='bbox 3530 4279 3642 4330; x_wconf 71' lang='lat' dir='ltr'><strong>pce-</strong></span> 
     </span>
    </p>
   </div>
   <div class='ocr_carea' id='block_1_90' title="bbox 2062 4327 3640 4398">
    <p class='ocr_par' dir='ltr' id='par_1_90' title="bbox 2062 4327 3640 4398">
     <span class='ocr_line' id='line_1_91' title="bbox 2062 4327 3640 4398; baseline 0.004 -18"><span class='ocrx_word' id='word_1_620' title='bbox 2062 4330 2141 4381; x_wconf 85' lang='lat' dir='ltr'><strong>nis</strong></span> <span class='ocrx_word' id='word_1_621' title='bbox 2172 4327 2399 4382; x_wconf 85' lang='lat' dir='ltr'><strong>afflictus</strong></span> <span class='ocrx_word' id='word_1_622' title='bbox 2430 4341 2543 4394; x_wconf 89' lang='lat' dir='ltr'><strong>est;</strong></span> <span class='ocrx_word' id='word_1_623' title='bbox 2590 4345 2710 4383; x_wconf 92' lang='lat' dir='ltr'><strong>cum</strong></span> <span class='ocrx_word' id='word_1_624' title='bbox 2738 4340 2914 4383; x_wconf 89' lang='lat' dir='ltr'><strong>autem</strong></span> <span class='ocrx_word' id='word_1_625' title='bbox 2945 4332 3223 4385; x_wconf 90' lang='lat' dir='ltr'><strong>universus</strong></span> <span class='ocrx_word' id='word_1_626' title='bbox 3253 4332 3475 4398; x_wconf 91' lang='lat' dir='ltr'><strong>populus</strong></span> <span class='ocrx_word' id='word_1_627' title='bbox 3505 4327 3640 4385; x_wconf 83' lang='lat' dir='ltr'><strong>con-</strong></span> 
     </span>
    </p>
   </div>
   <div class='ocr_carea' id='block_1_91' title="bbox 2062 4399 3642 4464">
    <p class='ocr_par' dir='ltr' id='par_1_91' title="bbox 2062 4399 3642 4464">
     <span class='ocr_line' id='line_1_92' title="bbox 2062 4399 3642 4464; baseline 0.004 -13"><span class='ocrx_word' id='word_1_628' title='bbox 2062 4399 2323 4454; x_wconf 85' lang='lat' dir='ltr'><strong>clamaret</strong></span> <span class='ocrx_word' id='word_1_629' title='bbox 2368 4414 2492 4454; x_wconf 90' lang='lat' dir='ltr'><strong>eum</strong></span> <span class='ocrx_word' id='word_1_630' title='bbox 2522 4400 2893 4455; x_wconf 89' lang='lat' dir='ltr'><strong>dimittendum</strong></span> <span class='ocrx_word' id='word_1_631' title='bbox 2924 4415 3063 4464; x_wconf 82' lang='lat' dir='ltr'><strong>esse,</strong></span> <span class='ocrx_word' id='word_1_632' title='bbox 3108 4401 3426 4455; x_wconf 83' lang='lat' dir='ltr'><strong>amandatus</strong></span> <span class='ocrx_word' id='word_1_633' title='bbox 3456 4412 3539 4456; x_wconf 87' lang='lat' dir='ltr'><strong>est</strong></span> <span class='ocrx_word' id='word_1_634' title='bbox 3573 4404 3642 4458; x_wconf 83' lang='lat' dir='ltr'><strong>ad</strong></span> 
     </span>
    </p>
   </div>
   <div class='ocr_carea' id='block_1_92' title="bbox 368 4447 3634 4541">
    <p class='ocr_par' dir='ltr' id='par_1_92' title="bbox 368 4447 3634 4541">
     <span class='ocr_line' id='line_1_93' title="bbox 368 4447 3634 4541; baseline 0.001 -19"><span class='ocrx_word' id='word_1_635' title='bbox 368 4481 554 4522; x_wconf 75' lang='lat' dir='ltr'><strong>eontra</strong></span> <span class='ocrx_word' id='word_1_636' title='bbox 577 4447 1432 4541; x_wconf 7' lang='lat' dir='ltr'><strong>Euphratemipsemloepiscopum</strong></span> <span class='ocrx_word' id='word_1_637' title='bbox 1459 4447 1944 4541; x_wconf 65' lang='lat' dir='ltr'><strong>settlettliatnStiatn</strong></span> <span class='ocrx_word' id='word_1_638' title='bbox 1980 4447 2025 4503; x_wconf 74' lang='grc' dir='ltr'><strong>ο</strong></span> <span class='ocrx_word' id='word_1_639' title='bbox 2928 4447 3634 4541; x_wconf 33' lang='lat' dir='ltr'><strong>nubem—tl“</strong></span> 
     </span>
    </p>
   </div>
   <div class='ocr_carea' id='block_1_93' title="bbox 370 4536 1943 4606">
    <p class='ocr_par' dir='ltr' id='par_1_93' title="bbox 370 4536 1943 4606">
     <span class='ocr_line' id='line_1_94' title="bbox 370 4536 1943 4606; baseline 0 -15"><span class='ocrx_word' id='word_1_640' title='bbox 370 4541 596 4606; x_wconf 82' lang='lat' dir='ltr'><strong>protulit</strong></span> <span class='ocrx_word' id='word_1_641' title='bbox 645 4541 697 4591; x_wconf 88' lang='lat' dir='ltr'><strong>in</strong></span> <span class='ocrx_word' id='word_1_642' title='bbox 726 4540 953 4592; x_wconf 73' lang='lat' dir='ltr'><strong>concilio</strong></span> <span class='ocrx_word' id='word_1_643' title='bbox 988 4538 1279 4603; x_wconf 84' lang='lat' dir='ltr'><strong>Agrippino</strong></span> <span class='ocrx_word' id='word_1_644' title='bbox 1308 4553 1451 4591; x_wconf 89' lang='lat' dir='ltr'><strong>anno</strong></span> <span class='ocrx_word' id='word_1_645' title='bbox 1496 4536 1600 4590; x_wconf 67' lang='grc'><strong>546</strong></span> <span class='ocrx_word' id='word_1_646' title='bbox 1649 4539 1943 4591; x_wconf 85' lang='lat' dir='ltr'><strong>celebrato.</strong></span> 
     </span>
    </p>
   </div>
   <div class='ocr_carea' id='block_1_94' title="bbox 371 4607 1950 4676">
    <p class='ocr_par' dir='ltr' id='par_1_94' title="bbox 371 4607 1950 4676">
     <span class='ocr_line' id='line_1_95' title="bbox 371 4607 1950 4676; baseline -0.003 -13"><span class='ocrx_word' id='word_1_647' title='bbox 371 4611 590 4663; x_wconf 83' lang='lat' dir='ltr'><strong>Multum</strong></span> <span class='ocrx_word' id='word_1_648' title='bbox 620 4620 794 4662; x_wconf 87' lang='lat' dir='ltr'><strong>autem</strong></span> <span class='ocrx_word' id='word_1_649' title='bbox 824 4608 962 4663; x_wconf 90' lang='lat' dir='ltr'><strong>inter</strong></span> <span class='ocrx_word' id='word_1_650' title='bbox 993 4607 1175 4662; x_wconf 73' lang='lat' dir='ltr'><strong>Gallia:</strong></span> <span class='ocrx_word' id='word_1_651' title='bbox 1206 4610 1489 4676; x_wconf 83' lang='lat' dir='ltr'><strong>episcopos</strong></span> <span class='ocrx_word' id='word_1_652' title='bbox 1520 4608 1760 4660; x_wconf 85' lang='lat' dir='ltr'><strong>laudatur</strong></span> <span class='ocrx_word' id='word_1_653' title='bbox 1780 4625 1806 4658; x_wconf 91' lang='lat' dir='ltr'><strong>a</strong></span> <span class='ocrx_word' id='word_1_654' title='bbox 1833 4610 1950 4661; x_wconf 86' lang='lat' dir='ltr'><strong>Sul-</strong></span> 
     </span>
    </p>
   </div>
   <div class='ocr_carea' id='block_1_95' title="bbox 371 4677 1951 4747">
    <p class='ocr_par' dir='ltr' id='par_1_95' title="bbox 371 4677 1951 4747">
     <span class='ocr_line' id='line_1_96' title="bbox 371 4677 1951 4747; baseline 0.001 -16"><span class='ocrx_word' id='word_1_655' title='bbox 371 4680 503 4747; x_wconf 90' lang='lat' dir='ltr'><strong>pitio</strong></span> <span class='ocrx_word' id='word_1_656' title='bbox 529 4682 727 4734; x_wconf 82' lang='lat' dir='ltr'><strong>Severo</strong></span> <span class='ocrx_word' id='word_1_657' title='bbox 781 4689 962 4731; x_wconf 88' lang='lat' dir='ltr'><strong>noster</strong></span> <span class='ocrx_word' id='word_1_658' title='bbox 991 4677 1282 4741; x_wconf 88' lang='lat' dir='ltr'><strong>Servatius,</strong></span> <span class='ocrx_word' id='word_1_659' title='bbox 1318 4680 1406 4741; x_wconf 75' lang='lat' dir='ltr'><strong>qui</strong></span> <span class='ocrx_word' id='word_1_660' title='bbox 1440 4679 1664 4731; x_wconf 89' lang='lat' dir='ltr'><strong>Arimini</strong></span> <span class='ocrx_word' id='word_1_661' title='bbox 1695 4678 1852 4730; x_wconf 86' lang='lat' dir='ltr'><strong>minis</strong></span> <span class='ocrx_word' id='word_1_662' title='bbox 1897 4690 1951 4732; x_wconf 89' lang='lat' dir='ltr'><strong>et</strong></span> 
     </span>
    </p>
   </div>
   <div class='ocr_carea' id='block_1_96' title="bbox 372 4748 1948 4811">
    <p class='ocr_par' dir='ltr' id='par_1_96' title="bbox 372 4748 1948 4811">
     <span class='ocr_line' id='line_1_97' title="bbox 372 4748 1948 4811; baseline -0.001 -9"><span class='ocrx_word' id='word_1_663' title='bbox 372 4751 641 4803; x_wconf 73' lang='lat' dir='ltr'><strong>terriculis</strong></span> <span class='ocrx_word' id='word_1_664' title='bbox 671 4752 987 4803; x_wconf 79' lang='lat' dir='ltr'><strong>Arianorum</strong></span> <span class='ocrx_word' id='word_1_665' title='bbox 1031 4764 1133 4801; x_wconf 91' lang='lat' dir='ltr'><strong>non</strong></span> <span class='ocrx_word' id='word_1_666' title='bbox 1162 4749 1348 4811; x_wconf 86' lang='lat' dir='ltr'><strong>cessit,</strong></span> <span class='ocrx_word' id='word_1_667' title='bbox 1376 4748 1470 4802; x_wconf 85' lang='lat' dir='ltr'><strong>sed</strong></span> <span class='ocrx_word' id='word_1_668' title='bbox 1499 4761 1679 4800; x_wconf 87' lang='lat' dir='ltr'><strong>contra</strong></span> <span class='ocrx_word' id='word_1_669' title='bbox 1706 4764 1800 4802; x_wconf 88' lang='lat' dir='ltr'><strong>eos</strong></span> <span class='ocrx_word' id='word_1_670' title='bbox 1827 4750 1948 4803; x_wconf 89' lang='lat' dir='ltr'><strong>lidei</strong></span> 
     </span>
    </p>
   </div>
   <div class='ocr_carea' id='block_1_97' title="bbox 369 4818 1950 4888">
    <p class='ocr_par' dir='ltr' id='par_1_97' title="bbox 369 4818 1950 4888">
     <span class='ocr_line' id='line_1_98' title="bbox 369 4818 1950 4888; baseline 0.001 -17"><span class='ocrx_word' id='word_1_671' title='bbox 369 4822 728 4888; x_wconf 88' lang='lat' dir='ltr'><strong>professiones</strong></span> <span class='ocrx_word' id='word_1_672' title='bbox 751 4821 936 4874; x_wconf 74' lang='lat' dir='ltr'><strong>edidit.</strong></span> <span class='ocrx_word' id='word_1_673' title='bbox 972 4818 1076 4873; x_wconf 85' lang='lat' dir='ltr'><strong>Sed</strong></span> <span class='ocrx_word' id='word_1_674' title='bbox 1110 4829 1161 4872; x_wconf 90' lang='lat' dir='ltr'><strong>et</strong></span> <span class='ocrx_word' id='word_1_675' title='bbox 1186 4820 1505 4872; x_wconf 84' lang='lat' dir='ltr'><strong>Athanasius</strong></span> <span class='ocrx_word' id='word_1_676' title='bbox 1551 4819 1807 4885; x_wconf 66' lang='lat' dir='ltr'><strong>prtcclare</strong></span> <span class='ocrx_word' id='word_1_677' title='bbox 1834 4818 1950 4887; x_wconf 82' lang='lat' dir='ltr'><strong>ejus</strong></span> 
     </span>
    </p>
   </div>
   <div class='ocr_carea' id='block_1_98' title="bbox 369 4890 1951 4959">
    <p class='ocr_par' dir='ltr' id='par_1_98' title="bbox 369 4890 1951 4959">
     <span class='ocr_line' id='line_1_99' title="bbox 369 4890 1951 4959; baseline -0.001 -15"><span class='ocrx_word' id='word_1_678' title='bbox 369 4892 634 4945; x_wconf 88' lang='lat' dir='ltr'><strong>meminit.</strong></span> <span class='ocrx_word' id='word_1_679' title='bbox 666 4891 999 4959; x_wconf 81' lang='lat' dir='ltr'><strong>Magnentius</strong></span> <span class='ocrx_word' id='word_1_680' title='bbox 1026 4890 1227 4957; x_wconf 87' lang='lat' dir='ltr'><strong>legatus</strong></span> <span class='ocrx_word' id='word_1_681' title='bbox 1249 4892 1555 4943; x_wconf 87' lang='lat' dir='ltr'><strong>mittebatur</strong></span> <span class='ocrx_word' id='word_1_682' title='bbox 1576 4905 1604 4941; x_wconf 89' lang='lat' dir='ltr'><strong>a</strong></span> <span class='ocrx_word' id='word_1_683' title='bbox 1636 4891 1951 4943; x_wconf 72' lang='lat' dir='ltr'><strong>Constantio</strong></span> 
     </span>
    </p>
   </div>
   <div class='ocr_carea' id='block_1_99' title="bbox 367 4958 1951 5029">
    <p class='ocr_par' dir='ltr' id='par_1_99' title="bbox 367 4958 1951 5029">
     <span class='ocr_line' id='line_1_100' title="bbox 367 4958 1951 5029; baseline -0.002 -14"><span class='ocrx_word' id='word_1_684' title='bbox 367 4962 437 5015; x_wconf 88' lang='lat' dir='ltr'><strong>ad</strong></span> <span class='ocrx_word' id='word_1_685' title='bbox 472 4958 815 5015; x_wconf 83' lang='lat' dir='ltr'><strong>Constantem</strong></span> <span class='ocrx_word' id='word_1_686' title='bbox 844 4962 1084 5015; x_wconf 85' lang='lat' dir='ltr'><strong>fratrem.</strong></span> <span class='ocrx_word' id='word_1_687' title='bbox 1118 4958 1169 5013; x_wconf 75' lang='lat' dir='ltr'><strong>is</strong></span> <span class='ocrx_word' id='word_1_688' title='bbox 1196 4970 1455 5029; x_wconf 89' lang='lat' dir='ltr'><strong>tyrannus</strong></span> <span class='ocrx_word' id='word_1_689' title='bbox 1484 4961 1830 5013; x_wconf 77' lang='lat' dir='ltr'><strong>Constantem</strong></span> <span class='ocrx_word' id='word_1_690' title='bbox 1860 4975 1951 5012; x_wconf 88' lang='lat' dir='ltr'><strong>oc—</strong></span> 
     </span>
    </p>
   </div>
   <div class='ocr_carea' id='block_1_100' title="bbox 366 5031 1947 5099">
    <p class='ocr_par' dir='ltr' id='par_1_100' title="bbox 366 5031 1947 5099">
     <span class='ocr_line' id='line_1_101' title="bbox 366 5031 1947 5099; baseline -0.001 -14"><span class='ocrx_word' id='word_1_691' title='bbox 366 5031 519 5094; x_wconf 86' lang='lat' dir='ltr'><strong>cidit,</strong></span> <span class='ocrx_word' id='word_1_692' title='bbox 551 5042 605 5084; x_wconf 87' lang='lat' dir='ltr'><strong>et</strong></span> <span class='ocrx_word' id='word_1_693' title='bbox 630 5032 934 5086; x_wconf 83' lang='lat' dir='ltr'><strong>Occidentis</strong></span> <span class='ocrx_word' id='word_1_694' title='bbox 961 5031 1242 5099; x_wconf 77' lang='lat' dir='ltr'><strong>imperium</strong></span> <span class='ocrx_word' id='word_1_695' title='bbox 1275 5046 1417 5085; x_wconf 88' lang='lat' dir='ltr'><strong>anno</strong></span> <span class='ocrx_word' id='word_1_696' title='bbox 1447 5032 1551 5086; x_wconf 74' lang='lat'><strong>350</strong></span> <span class='ocrx_word' id='word_1_697' title='bbox 1581 5031 1947 5099; x_wconf 81' lang='lat' dir='ltr'><strong>Augustuduni</strong></span> 
     </span>
    </p>
   </div>
   <div class='ocr_carea' id='block_1_101' title="bbox 369 5101 1949 5170">
    <p class='ocr_par' dir='ltr' id='par_1_101' title="bbox 369 5101 1949 5170">
     <span class='ocr_line' id='line_1_102' title="bbox 369 5101 1949 5170; baseline -0.001 -13"><span class='ocrx_word' id='word_1_698' title='bbox 369 5103 669 5170; x_wconf 87' lang='lat' dir='ltr'><strong>occupavit.</strong></span> <span class='ocrx_word' id='word_1_699' title='bbox 720 5102 1015 5157; x_wconf 81' lang='lat' dir='ltr'><strong>Accusatus</strong></span> <span class='ocrx_word' id='word_1_700' title='bbox 1070 5111 1152 5155; x_wconf 89' lang='lat' dir='ltr'><strong>est</strong></span> <span class='ocrx_word' id='word_1_701' title='bbox 1198 5104 1379 5154; x_wconf 89' lang='lat' dir='ltr'><strong>statim</strong></span> <span class='ocrx_word' id='word_1_702' title='bbox 1432 5103 1756 5155; x_wconf 84' lang='lat' dir='ltr'><strong>Athanasius</strong></span> <span class='ocrx_word' id='word_1_703' title='bbox 1804 5101 1949 5169; x_wconf 89' lang='lat' dir='ltr'><strong>quod</strong></span> 
     </span>
    </p>
   </div>
   <div class='ocr_carea' id='block_1_102' title="bbox 368 5172 1946 5242">
    <p class='ocr_par' dir='ltr' id='par_1_102' title="bbox 368 5172 1946 5242">
     <span class='ocr_line' id='line_1_103' title="bbox 368 5172 1946 5242; baseline -0.001 -18"><span class='ocrx_word' id='word_1_704' title='bbox 368 5189 491 5225; x_wconf 89' lang='lat' dir='ltr'><strong>cum</strong></span> <span class='ocrx_word' id='word_1_705' title='bbox 537 5174 839 5242; x_wconf 78' lang='lat' dir='ltr'><strong>Magnentio</strong></span> <span class='ocrx_word' id='word_1_706' title='bbox 888 5172 1057 5238; x_wconf 81' lang='lat' dir='ltr'><strong>egerit</strong></span> <span class='ocrx_word' id='word_1_707' title='bbox 1107 5172 1173 5225; x_wconf 89' lang='lat' dir='ltr'><strong>de</strong></span> <span class='ocrx_word' id='word_1_708' title='bbox 1222 5172 1587 5225; x_wconf 84' lang='lat' dir='ltr'><strong>interficiendo</strong></span> <span class='ocrx_word' id='word_1_709' title='bbox 1635 5172 1946 5224; x_wconf 77' lang='lat' dir='ltr'><strong>Constante.</strong></span> 
     </span>
    </p>
   </div>
   <div class='ocr_carea' id='block_1_103' title="bbox 368 5242 1946 5310">
    <p class='ocr_par' dir='ltr' id='par_1_103' title="bbox 368 5242 1946 5310">
     <span class='ocr_line' id='line_1_104' title="bbox 368 5242 1946 5310; baseline -0.003 -13"><span class='ocrx_word' id='word_1_710' title='bbox 368 5242 523 5297; x_wconf 85' lang='lat' dir='ltr'><strong>Unde</strong></span> <span class='ocrx_word' id='word_1_711' title='bbox 548 5248 612 5296; x_wconf 87' lang='lat' dir='ltr'><strong>ad</strong></span> <span class='ocrx_word' id='word_1_712' title='bbox 661 5242 1069 5297; x_wconf 77' lang='lat' dir='ltr'><strong>Constantinum</strong></span> <span class='ocrx_word' id='word_1_713' title='bbox 1116 5242 1413 5310; x_wconf 77' lang='lat' dir='ltr'><strong>apologiam</strong></span> <span class='ocrx_word' id='word_1_714' title='bbox 1459 5242 1713 5309; x_wconf 89' lang='lat' dir='ltr'><strong>scripsit:</strong></span> <span class='ocrx_word' id='word_1_715' title='bbox 1770 5243 1820 5293; x_wconf 88' lang='lat' dir='ltr'><strong>itt</strong></span> <span class='ocrx_word' id='word_1_716' title='bbox 1848 5258 1946 5305; x_wconf 66' lang='lat' dir='ltr'><strong>qua</strong></span> 
     </span>
    </p>
   </div>
   <div class='ocr_carea' id='block_1_104' title="bbox 365 5314 1950 5379">
    <p class='ocr_par' dir='ltr' id='par_1_104' title="bbox 365 5314 1950 5379">
     <span class='ocr_line' id='line_1_105' title="bbox 365 5314 1950 5379; baseline -0.003 -12"><span class='ocrx_word' id='word_1_717' title='bbox 365 5315 510 5367; x_wconf 88' lang='lat' dir='ltr'><strong>inter</strong></span> <span class='ocrx_word' id='word_1_718' title='bbox 556 5324 718 5367; x_wconf 83' lang='lat' dir='ltr'><strong>testes</strong></span> <span class='ocrx_word' id='word_1_719' title='bbox 749 5314 1067 5368; x_wconf 68' lang='lat' dir='ltr'><strong>innocentia:</strong></span> <span class='ocrx_word' id='word_1_720' title='bbox 1092 5328 1203 5365; x_wconf 74' lang='lat' dir='ltr'><strong>suae</strong></span> <span class='ocrx_word' id='word_1_721' title='bbox 1235 5314 1461 5379; x_wconf 88' lang='lat' dir='ltr'><strong>primmn</strong></span> <span class='ocrx_word' id='word_1_722' title='bbox 1494 5314 1732 5365; x_wconf 86' lang='lat' dir='ltr'><strong>nominat</strong></span> <span class='ocrx_word' id='word_1_723' title='bbox 1758 5314 1950 5366; x_wconf 80' lang='lat' dir='ltr'><strong>Serva-</strong></span> 
     </span>
    </p>
   </div>
   <div class='ocr_carea' id='block_1_105' title="bbox 366 5382 1947 5453">
    <p class='ocr_par' dir='ltr' id='par_1_105' title="bbox 366 5382 1947 5453">
     <span class='ocr_line' id='line_1_106' title="bbox 366 5382 1947 5453; baseline -0.001 -16"><span class='ocrx_word' id='word_1_724' title='bbox 366 5387 502 5437; x_wconf 85' lang='lat' dir='ltr'><strong>tinm</strong></span> <span class='ocrx_word' id='word_1_725' title='bbox 547 5386 889 5453; x_wconf 85' lang='lat' dir='ltr'><strong>episcopum,</strong></span> <span class='ocrx_word' id='word_1_726' title='bbox 939 5383 1029 5452; x_wconf 86' lang='lat' dir='ltr'><strong>qui</strong></span> <span class='ocrx_word' id='word_1_727' title='bbox 1078 5385 1141 5435; x_wconf 88' lang='lat' dir='ltr'><strong>ad</strong></span> <span class='ocrx_word' id='word_1_728' title='bbox 1189 5382 1533 5437; x_wconf 74' lang='lat' dir='ltr'><strong>Constantem</strong></span> <span class='ocrx_word' id='word_1_729' title='bbox 1581 5382 1870 5450; x_wconf 81' lang='lat' dir='ltr'><strong>aliquando</strong></span> <span class='ocrx_word' id='word_1_730' title='bbox 1918 5399 1947 5435; x_wconf 85' lang='lat' dir='ltr'><strong>a</strong></span> 
     </span>
    </p>
   </div>
   <div class='ocr_carea' id='block_1_106' title="bbox 368 5452 1946 5523">
    <p class='ocr_par' dir='ltr' id='par_1_106' title="bbox 368 5452 1946 5523">
     <span class='ocr_line' id='line_1_107' title="bbox 368 5452 1946 5523; baseline -0.002 -15"><span class='ocrx_word' id='word_1_731' title='bbox 368 5454 636 5508; x_wconf 77' lang='lat' dir='ltr'><strong>Maxentio</strong></span> <span class='ocrx_word' id='word_1_732' title='bbox 664 5471 760 5521; x_wconf 90' lang='lat' dir='ltr'><strong>pro</strong></span> <span class='ocrx_word' id='word_1_733' title='bbox 789 5459 963 5523; x_wconf 87' lang='lat' dir='ltr'><strong>legato</strong></span> <span class='ocrx_word' id='word_1_734' title='bbox 1014 5454 1204 5507; x_wconf 85' lang='lat' dir='ltr'><strong>missus</strong></span> <span class='ocrx_word' id='word_1_735' title='bbox 1241 5454 1433 5505; x_wconf 79' lang='lat' dir='ltr'><strong>fuerat.</strong></span> <span class='ocrx_word' id='word_1_736' title='bbox 1483 5454 1685 5505; x_wconf 80' lang='lat' dir='ltr'><strong>Natalis</strong></span> <span class='ocrx_word' id='word_1_737' title='bbox 1721 5452 1946 5507; x_wconf 84' lang='lat' dir='ltr'><strong>Servatii</strong></span> 
     </span>
    </p>
   </div>
   <div class='ocr_carea' id='block_1_107' title="bbox 367 5523 1945 5588">
    <p class='ocr_par' dir='ltr' id='par_1_107' title="bbox 367 5523 1945 5588">
     <span class='ocr_line' id='line_1_108' title="bbox 367 5523 1945 5588; baseline -0.002 -12"><span class='ocrx_word' id='word_1_738' title='bbox 367 5525 529 5577; x_wconf 86' lang='lat' dir='ltr'><strong>hodie</strong></span> <span class='ocrx_word' id='word_1_739' title='bbox 559 5526 899 5588; x_wconf 83' lang='lat' dir='ltr'><strong>celebratur;</strong></span> <span class='ocrx_word' id='word_1_740' title='bbox 952 5525 1070 5576; x_wconf 87' lang='lat' dir='ltr'><strong>dies</strong></span> <span class='ocrx_word' id='word_1_741' title='bbox 1102 5524 1469 5576; x_wconf 88' lang='lat' dir='ltr'><strong>translationis</strong></span> <span class='ocrx_word' id='word_1_742' title='bbox 1500 5527 1732 5583; x_wconf 72' lang='lat' dir='ltr'><strong>septimo</strong></span> <span class='ocrx_word' id='word_1_743' title='bbox 1762 5523 1902 5575; x_wconf 79' lang='lat' dir='ltr'><strong>Junii</strong></span> <span class='ocrx_word' id='word_1_744' title='bbox 1933 5541 1945 5584; x_wconf 86' lang='lat'><strong>;</strong></span> 
     </span>
    </p>
   </div>
   <div class='ocr_carea' id='block_1_108' title="bbox 365 5592 1946 5660">
    <p class='ocr_par' dir='ltr' id='par_1_108' title="bbox 365 5592 1946 5660">
     <span class='ocr_line' id='line_1_109' title="bbox 365 5592 1946 5660; baseline -0.001 -13"><span class='ocrx_word' id='word_1_745' title='bbox 365 5594 563 5649; x_wconf 83' lang='lat' dir='ltr'><strong>fesutm</strong></span> <span class='ocrx_word' id='word_1_746' title='bbox 614 5596 856 5660; x_wconf 81' lang='lat' dir='ltr'><strong>visionis,</strong></span> <span class='ocrx_word' id='word_1_747' title='bbox 902 5610 1061 5660; x_wconf 83' lang='lat' dir='ltr'><strong>quam</strong></span> <span class='ocrx_word' id='word_1_748' title='bbox 1098 5595 1277 5646; x_wconf 69' lang='lat' dir='ltr'><strong>liotnte</strong></span> <span class='ocrx_word' id='word_1_749' title='bbox 1327 5595 1508 5646; x_wconf 90' lang='lat' dir='ltr'><strong>habuit</strong></span> <span class='ocrx_word' id='word_1_750' title='bbox 1560 5594 1628 5647; x_wconf 89' lang='lat' dir='ltr'><strong>de</strong></span> <span class='ocrx_word' id='word_1_751' title='bbox 1659 5592 1946 5646; x_wconf 85' lang='lat' dir='ltr'><strong>Galliarum</strong></span> 
     </span>
    </p>
   </div>
   <div class='ocr_carea' id='block_1_109' title="bbox 365 5664 1949 5729">
    <p class='ocr_par' dir='ltr' id='par_1_109' title="bbox 365 5664 1949 5729">
     <span class='ocr_line' id='line_1_110' title="bbox 365 5664 1949 5729; baseline 0.001 -12"><span class='ocrx_word' id='word_1_752' title='bbox 365 5666 599 5729; x_wconf 80' lang='lat' dir='ltr'><strong>excidio,</strong></span> <span class='ocrx_word' id='word_1_753' title='bbox 624 5666 805 5720; x_wconf 88' lang='lat' dir='ltr'><strong>incidit</strong></span> <span class='ocrx_word' id='word_1_754' title='bbox 833 5666 886 5719; x_wconf 90' lang='lat' dir='ltr'><strong>in</strong></span> <span class='ocrx_word' id='word_1_755' title='bbox 917 5666 1059 5717; x_wconf 88' lang='lat' dir='ltr'><strong>diem</strong></span> <span class='ocrx_word' id='word_1_756' title='bbox 1094 5664 1534 5717; x_wconf 79' lang='lat' dir='ltr'><strong>Annuntiationis</strong></span> <span class='ocrx_word' id='word_1_757' title='bbox 1568 5664 1811 5728; x_wconf 86' lang='lat' dir='ltr'><strong>Dotnini,</strong></span> <span class='ocrx_word' id='word_1_758' title='bbox 1852 5664 1949 5719; x_wconf 84' lang='lat' dir='ltr'><strong>sed</strong></span> 
     </span>
    </p>
   </div>
   <div class='ocr_carea' id='block_1_110' title="bbox 365 5732 1945 5807">
    <p class='ocr_par' dir='ltr' id='par_1_110' title="bbox 365 5732 1945 5807">
     <span class='ocr_line' id='line_1_111' title="bbox 365 5732 1945 5807; baseline 0 -17"><span class='ocrx_word' id='word_1_759' title='bbox 365 5737 731 5807; x_wconf 86' lang='lat' dir='ltr'><strong>transponitur</strong></span> <span class='ocrx_word' id='word_1_760' title='bbox 769 5738 822 5791; x_wconf 90' lang='lat' dir='ltr'><strong>in</strong></span> <span class='ocrx_word' id='word_1_761' title='bbox 866 5736 1007 5792; x_wconf 88' lang='lat' dir='ltr'><strong>diem</strong></span> <span class='ocrx_word' id='word_1_762' title='bbox 1037 5733 1370 5790; x_wconf 84' lang='lat' dir='ltr'><strong>Dominicum</strong></span> <span class='ocrx_word' id='word_1_763' title='bbox 1415 5745 1535 5805; x_wconf 88' lang='lat' dir='ltr'><strong>post</strong></span> <span class='ocrx_word' id='word_1_764' title='bbox 1580 5745 1798 5792; x_wconf 78' lang='lat' dir='ltr'><strong>octavas</strong></span> <span class='ocrx_word' id='word_1_765' title='bbox 1842 5732 1945 5790; x_wconf 75' lang='lat' dir='ltr'><strong>Pa-</strong></span> 
     </span>
    </p>
   </div>
   <div class='ocr_carea' id='block_1_111' title="bbox 2054 4541 3638 4613">
    <p class='ocr_par' dir='ltr' id='par_1_111' title="bbox 2054 4541 3638 4613">
     <span class='ocr_line' id='line_1_112' title="bbox 2054 4541 3638 4613; baseline 0.004 -22"><span class='ocrx_word' id='word_1_766' title='bbox 2054 4555 2194 4594; x_wconf 89' lang='lat' dir='ltr'><strong>nnnc</strong></span> <span class='ocrx_word' id='word_1_767' title='bbox 2240 4541 2490 4613; x_wconf 80' lang='lat' dir='ltr'><strong>Heraclea</strong></span> <span class='ocrx_word' id='word_1_768' title='bbox 2534 4543 2748 4608; x_wconf 89' lang='lat' dir='ltr'><strong>dicitur,</strong></span> <span class='ocrx_word' id='word_1_769' title='bbox 2788 4553 2946 4610; x_wconf 80' lang='lat' dir='ltr'><strong>atque</strong></span> <span class='ocrx_word' id='word_1_770' title='bbox 2996 4542 3122 4597; x_wconf 89' lang='lat' dir='ltr'><strong>inde</strong></span> <span class='ocrx_word' id='word_1_771' title='bbox 3166 4542 3495 4613; x_wconf 75' lang='lat' dir='ltr'><strong>Byzantium,</strong></span> <span class='ocrx_word' id='word_1_772' title='bbox 3550 4544 3638 4598; x_wconf 90' lang='lat' dir='ltr'><strong>ubi</strong></span> 
     </span>
    </p>
   </div>
   <div class='ocr_carea' id='block_1_112' title="bbox 2050 4611 3642 4679">
    <p class='ocr_par' dir='ltr' id='par_1_112' title="bbox 2050 4611 3642 4679">
     <span class='ocr_line' id='line_1_113' title="bbox 2050 4611 3642 4679; baseline 0.003 -17"><span class='ocrx_word' id='word_1_773' title='bbox 2050 4612 2223 4678; x_wconf 86' lang='lat' dir='ltr'><strong>capite</strong></span> <span class='ocrx_word' id='word_1_774' title='bbox 2253 4612 2435 4679; x_wconf 80' lang='lat' dir='ltr'><strong>plexus</strong></span> <span class='ocrx_word' id='word_1_775' title='bbox 2464 4624 2565 4666; x_wconf 89' lang='lat' dir='ltr'><strong>est.</strong></span> <span class='ocrx_word' id='word_1_776' title='bbox 2598 4616 2789 4667; x_wconf 85' lang='lat' dir='ltr'><strong>Postea</strong></span> <span class='ocrx_word' id='word_1_777' title='bbox 2823 4622 3089 4666; x_wconf 86' lang='lat' dir='ltr'><strong>exstructa</strong></span> <span class='ocrx_word' id='word_1_778' title='bbox 3122 4611 3255 4665; x_wconf 29' lang='lat' dir='ltr'><strong>illi‘a</strong></span> <span class='ocrx_word' id='word_1_779' title='bbox 3282 4611 3642 4667; x_wconf 19' lang='lat' dir='ltr'><strong>Constantino.</strong></span> 
     </span>
    </p>
   </div>
   <div class='ocr_carea' id='block_1_113' title="bbox 2054 4682 3638 4750">
    <p class='ocr_par' dir='ltr' id='par_1_113' title="bbox 2054 4682 3638 4750">
     <span class='ocr_line' id='line_1_114' title="bbox 2054 4682 3638 4750; baseline 0.004 -20"><span class='ocrx_word' id='word_1_780' title='bbox 2054 4696 2247 4746; x_wconf 88' lang='lat' dir='ltr'><strong>magno</strong></span> <span class='ocrx_word' id='word_1_781' title='bbox 2278 4682 2393 4735; x_wconf 64' lang='lat' dir='ltr'><strong>mde</strong></span> <span class='ocrx_word' id='word_1_782' title='bbox 2422 4683 2883 4750; x_wconf 83' lang='lat' dir='ltr'><strong>splendidissima.</strong></span> <span class='ocrx_word' id='word_1_783' title='bbox 2937 4687 2987 4735; x_wconf 88' lang='lat' dir='ltr'><strong>in</strong></span> <span class='ocrx_word' id='word_1_784' title='bbox 3017 4684 3159 4736; x_wconf 76' lang='lat' dir='ltr'><strong>illnn</strong></span> <span class='ocrx_word' id='word_1_785' title='bbox 3197 4684 3491 4737; x_wconf 80' lang='lat' dir='ltr'><strong>translatus</strong></span> <span class='ocrx_word' id='word_1_786' title='bbox 3536 4694 3638 4737; x_wconf 88' lang='lat' dir='ltr'><strong>est.</strong></span> 
     </span>
    </p>
   </div>
   <div class='ocr_carea' id='block_1_114' title="bbox 2053 4750 3637 4810">
    <p class='ocr_par' dir='ltr' id='par_1_114' title="bbox 2053 4750 3637 4810">
     <span class='ocr_line' id='line_1_115' title="bbox 2053 4750 3637 4810; baseline 0.005 -8"><span class='ocrx_word' id='word_1_787' title='bbox 2053 4750 2245 4804; x_wconf 86' lang='lat' dir='ltr'><strong>Passus</strong></span> <span class='ocrx_word' id='word_1_788' title='bbox 2296 4764 2376 4804; x_wconf 89' lang='lat' dir='ltr'><strong>est</strong></span> <span class='ocrx_word' id='word_1_789' title='bbox 2425 4756 2524 4804; x_wconf 88' lang='lat' dir='ltr'><strong>sub</strong></span> <span class='ocrx_word' id='word_1_790' title='bbox 2568 4752 2916 4807; x_wconf 89' lang='lat' dir='ltr'><strong>Diocletiano.</strong></span> <span class='ocrx_word' id='word_1_791' title='bbox 2972 4752 3147 4808; x_wconf 76' lang='lat' dir='ltr'><strong>Grteci</strong></span> <span class='ocrx_word' id='word_1_792' title='bbox 3197 4769 3318 4806; x_wconf 91' lang='lat' dir='ltr'><strong>cum</strong></span> <span class='ocrx_word' id='word_1_793' title='bbox 3352 4756 3533 4809; x_wconf 89' lang='lat' dir='ltr'><strong>colunt</strong></span> <span class='ocrx_word' id='word_1_794' title='bbox 3583 4768 3637 4810; x_wconf 70' lang='lat' dir='ltr'><strong>st</strong></span> 
     </span>
    </p>
   </div>
   <div class='ocr_carea' id='block_1_115' title="bbox 2051 4821 2926 4893">
    <p class='ocr_par' dir='ltr' id='par_1_115' title="bbox 2051 4821 2926 4893">
     <span class='ocr_line' id='line_1_116' title="bbox 2051 4821 2926 4893; baseline 0.002 -20"><span class='ocrx_word' id='word_1_795' title='bbox 2051 4821 2205 4893; x_wconf 81' lang='lat' dir='ltr'><strong>Maii._</strong></span> <span class='ocrx_word' id='word_1_796' title='bbox 2227 4822 2558 4893; x_wconf 13' lang='lat' dir='ltr'><strong>BOVLLANDUS,</strong></span> <span class='ocrx_word' id='word_1_797' title='bbox 2590 4824 2675 4878; x_wconf 91' lang='lat' dir='ltr'><strong>die</strong></span> <span class='ocrx_word' id='word_1_798' title='bbox 2704 4840 2757 4877; x_wconf 71' lang='grc' dir='ltr'><strong>ιι</strong></span> <span class='ocrx_word' id='word_1_799' title='bbox 2788 4824 2926 4877; x_wconf 85' lang='lat' dir='ltr'><strong>Maii.</strong></span> 
     </span>
    </p>
   </div>
   <div class='ocr_carea' id='block_1_116' title="bbox 2126 4891 3644 4964">
    <p class='ocr_par' dir='ltr' id='par_1_116' title="bbox 2126 4891 3644 4964">
     <span class='ocr_line' id='line_1_117' title="bbox 2126 4891 3644 4964; baseline 0.003 -22"><span class='ocrx_word' id='word_1_800' title='bbox 2126 4891 2465 4964; x_wconf 38' lang='lat' dir='ltr'><strong>{Pco/tondi.</strong></span> <span class='ocrx_word' id='word_1_801' title='bbox 2528 4895 2862 4949; x_wconf 82' lang='lat' dir='ltr'><strong>Sozomentis</strong></span> <span class='ocrx_word' id='word_1_802' title='bbox 2912 4896 2967 4948; x_wconf 86' lang='lat' dir='ltr'><strong>in</strong></span> <span class='ocrx_word' id='word_1_803' title='bbox 2997 4894 3128 4948; x_wconf 82' lang='lat' dir='ltr'><strong>Hist.</strong></span> <span class='ocrx_word' id='word_1_804' title='bbox 3192 4895 3334 4949; x_wconf 85' lang='lat' dir='ltr'><strong>Eccl.</strong></span> <span class='ocrx_word' id='word_1_805' title='bbox 3393 4894 3495 4962; x_wconf 88' lang='lat' dir='ltr'><strong>(Ill,</strong></span> <span class='ocrx_word' id='word_1_806' title='bbox 3549 4893 3644 4964; x_wconf 74' lang='grc'><strong>15)</strong></span> 
     </span>
    </p>
   </div>
   <div class='ocr_carea' id='block_1_117' title="bbox 2051 4961 3643 5020">
    <p class='ocr_par' dir='ltr' id='par_1_117' title="bbox 2051 4961 3643 5020">
     <span class='ocr_line' id='line_1_118' title="bbox 2051 4961 3643 5020; baseline 0.004 -6"><span class='ocrx_word' id='word_1_807' title='bbox 2051 4961 2235 5015; x_wconf 85' lang='lat' dir='ltr'><strong>scribit</strong></span> <span class='ocrx_word' id='word_1_808' title='bbox 2278 4963 2621 5018; x_wconf 80' lang='lat' dir='ltr'><strong>Pacbotnium</strong></span> <span class='ocrx_word' id='word_1_809' title='bbox 2658 4966 2818 5018; x_wconf 86' lang='lat' dir='ltr'><strong>fuisse</strong></span> <span class='ocrx_word' id='word_1_810' title='bbox 2837 4964 3267 5020; x_wconf 85' lang='lat' dir='ltr'><strong>Tabennensium</strong></span> <span class='ocrx_word' id='word_1_811' title='bbox 3293 4966 3344 5019; x_wconf 93' lang='lat' dir='ltr'><strong>in</strong></span> <span class='ocrx_word' id='word_1_812' title='bbox 3369 4961 3643 5020; x_wconf 84' lang='lat' dir='ltr'><strong>Thebaide</strong></span> 
     </span>
    </p>
   </div>
   <div class='ocr_carea' id='block_1_118' title="bbox 2052 5035 3636 5104">
    <p class='ocr_par' dir='ltr' id='par_1_118' title="bbox 2052 5035 3636 5104">
     <span class='ocr_line' id='line_1_119' title="bbox 2052 5035 3636 5104; baseline 0.004 -21"><span class='ocrx_word' id='word_1_813' title='bbox 2052 5035 2435 5086; x_wconf 78' lang='lat' dir='ltr'><strong>momchorutn</strong></span> <span class='ocrx_word' id='word_1_814' title='bbox 2485 5044 2759 5089; x_wconf 88' lang='lat' dir='ltr'><strong>auctorem</strong></span> <span class='ocrx_word' id='word_1_815' title='bbox 2799 5045 2850 5087; x_wconf 91' lang='lat' dir='ltr'><strong>et</strong></span> <span class='ocrx_word' id='word_1_816' title='bbox 2897 5036 3281 5100; x_wconf 90' lang='lat' dir='ltr'><strong>institutorem,</strong></span> <span class='ocrx_word' id='word_1_817' title='bbox 3336 5035 3491 5089; x_wconf 89' lang='lat' dir='ltr'><strong>initio</strong></span> <span class='ocrx_word' id='word_1_818' title='bbox 3519 5038 3636 5104; x_wconf 85' lang='lat' dir='ltr'><strong>qui-</strong></span> 
     </span>
    </p>
   </div>
   <div class='ocr_carea' id='block_1_119' title="bbox 2050 5105 3635 5175">
    <p class='ocr_par' dir='ltr' id='par_1_119' title="bbox 2050 5105 3635 5175">
     <span class='ocr_line' id='line_1_120' title="bbox 2050 5105 3635 5175; baseline 0.003 -23"><span class='ocrx_word' id='word_1_819' title='bbox 2050 5110 2171 5155; x_wconf 87' lang='lat' dir='ltr'><strong>dem</strong></span> <span class='ocrx_word' id='word_1_820' title='bbox 2203 5106 2373 5155; x_wconf 90' lang='lat' dir='ltr'><strong>solum</strong></span> <span class='ocrx_word' id='word_1_821' title='bbox 2420 5106 2469 5156; x_wconf 90' lang='lat' dir='ltr'><strong>in</strong></span> <span class='ocrx_word' id='word_1_822' title='bbox 2498 5110 2748 5168; x_wconf 84' lang='lat' dir='ltr'><strong>spelunca</strong></span> <span class='ocrx_word' id='word_1_823' title='bbox 2796 5105 3225 5174; x_wconf 76' lang='lat' dir='ltr'><strong>philosophatum</strong></span> <span class='ocrx_word' id='word_1_824' title='bbox 3260 5122 3400 5167; x_wconf 91' lang='lat' dir='ltr'><strong>esse,</strong></span> <span class='ocrx_word' id='word_1_825' title='bbox 3454 5118 3635 5175; x_wconf 54' lang='lat' dir='ltr'><strong>postea</strong></span> 
     </span>
    </p>
   </div>
   <div class='ocr_carea' id='block_1_120' title="bbox 2053 5177 3634 5246">
    <p class='ocr_par' dir='ltr' id='par_1_120' title="bbox 2053 5177 3634 5246">
     <span class='ocr_line' id='line_1_121' title="bbox 2053 5177 3634 5246; baseline 0.003 -22"><span class='ocrx_word' id='word_1_826' title='bbox 2053 5189 2177 5226; x_wconf 81' lang='lat' dir='ltr'><strong>vero</strong></span> <span class='ocrx_word' id='word_1_827' title='bbox 2207 5177 2452 5246; x_wconf 83' lang='lat' dir='ltr'><strong>angelum</strong></span> <span class='ocrx_word' id='word_1_828' title='bbox 2494 5177 2545 5230; x_wconf 88' lang='lat' dir='ltr'><strong>ei</strong></span> <span class='ocrx_word' id='word_1_829' title='bbox 2585 5188 2929 5243; x_wconf 85' lang='lat' dir='ltr'><strong>apparentem</strong></span> <span class='ocrx_word' id='word_1_830' title='bbox 2976 5180 3247 5231; x_wconf 88' lang='lat' dir='ltr'><strong>monuisse</strong></span> <span class='ocrx_word' id='word_1_831' title='bbox 3293 5190 3347 5231; x_wconf 92' lang='lat' dir='ltr'><strong>ut</strong></span> <span class='ocrx_word' id='word_1_832' title='bbox 3389 5178 3634 5246; x_wconf 72' lang='lat' dir='ltr'><strong>iuniores</strong></span> 
     </span>
    </p>
   </div>
   <div class='ocr_carea' id='block_1_121' title="bbox 2053 5244 3637 5315">
    <p class='ocr_par' dir='ltr' id='par_1_121' title="bbox 2053 5244 3637 5315">
     <span class='ocr_line' id='line_1_122' title="bbox 2053 5244 3637 5315; baseline 0.003 -20"><span class='ocrx_word' id='word_1_833' title='bbox 2053 5246 2343 5297; x_wconf 89' lang='lat' dir='ltr'><strong>monachos</strong></span> <span class='ocrx_word' id='word_1_834' title='bbox 2369 5244 2685 5314; x_wconf 82' lang='lat' dir='ltr'><strong>colligeret;</strong></span> <span class='ocrx_word' id='word_1_835' title='bbox 2740 5261 2900 5314; x_wconf 83' lang='lat' dir='ltr'><strong>porro</strong></span> <span class='ocrx_word' id='word_1_836' title='bbox 2927 5250 3156 5301; x_wconf 82' lang='lat' dir='ltr'><strong>tabulam</strong></span> <span class='ocrx_word' id='word_1_837' title='bbox 3188 5244 3403 5302; x_wconf 82' lang='lat' dir='ltr'><strong>dedisse</strong></span> <span class='ocrx_word' id='word_1_838' title='bbox 3441 5250 3486 5301; x_wconf 89' lang='lat' dir='ltr'><strong>ei</strong></span> <span class='ocrx_word' id='word_1_839' title='bbox 3519 5261 3637 5315; x_wconf 64' lang='lat' dir='ltr'><strong>qua)</strong></span> 
     </span>
    </p>
   </div>
   <div class='ocr_carea' id='block_1_122' title="bbox 2051 5315 3643 5386">
    <p class='ocr_par' dir='ltr' id='par_1_122' title="bbox 2051 5315 3643 5386">
     <span class='ocr_line' id='line_1_123' title="bbox 2051 5315 3643 5386; baseline 0.003 -19"><span class='ocrx_word' id='word_1_840' title='bbox 2051 5315 2340 5367; x_wconf 82' lang='lat' dir='ltr'><strong>etiamnum</strong></span> <span class='ocrx_word' id='word_1_841' title='bbox 2372 5317 2675 5386; x_wconf 72' lang='lat' dir='ltr'><strong>suatoditur</strong></span> <span class='ocrx_word' id='word_1_842' title='bbox 2705 5333 2733 5369; x_wconf 90' lang='lat' dir='ltr'><strong>a</strong></span> <span class='ocrx_word' id='word_1_843' title='bbox 2784 5318 3080 5372; x_wconf 89' lang='lat' dir='ltr'><strong>monachis.</strong></span> <span class='ocrx_word' id='word_1_844' title='bbox 3142 5320 3269 5386; x_wconf 82' lang='lat' dir='ltr'><strong>Ejus</strong></span> <span class='ocrx_word' id='word_1_845' title='bbox 3302 5320 3431 5372; x_wconf 85' lang='lat' dir='ltr'><strong>Acta</strong></span> <span class='ocrx_word' id='word_1_846' title='bbox 3462 5319 3643 5371; x_wconf 86' lang='lat' dir='ltr'><strong>decla-</strong></span> 
     </span>
    </p>
   </div>
   <div class='ocr_carea' id='block_1_123' title="bbox 2055 5385 3638 5455">
    <p class='ocr_par' dir='ltr' id='par_1_123' title="bbox 2055 5385 3638 5455">
     <span class='ocr_line' id='line_1_124' title="bbox 2055 5385 3638 5455; baseline 0.003 -19"><span class='ocrx_word' id='word_1_847' title='bbox 2055 5395 2172 5437; x_wconf 85' lang='lat' dir='ltr'><strong>rant</strong></span> <span class='ocrx_word' id='word_1_848' title='bbox 2203 5400 2323 5438; x_wconf 89' lang='lat' dir='ltr'><strong>euut</strong></span> <span class='ocrx_word' id='word_1_849' title='bbox 2351 5385 2656 5442; x_wconf 88' lang='lat' dir='ltr'><strong>defunetmn</strong></span> <span class='ocrx_word' id='word_1_850' title='bbox 2691 5402 2834 5450; x_wconf 90' lang='lat' dir='ltr'><strong>esse,</strong></span> <span class='ocrx_word' id='word_1_851' title='bbox 2890 5390 3108 5455; x_wconf 83' lang='lat' dir='ltr'><strong>quando</strong></span> <span class='ocrx_word' id='word_1_852' title='bbox 3143 5392 3200 5444; x_wconf 87' lang='lat' dir='ltr'><strong>S.</strong></span> <span class='ocrx_word' id='word_1_853' title='bbox 3236 5392 3559 5442; x_wconf 86' lang='lat' dir='ltr'><strong>Athanasius</strong></span> <span class='ocrx_word' id='word_1_854' title='bbox 3588 5389 3638 5441; x_wconf 93' lang='lat' dir='ltr'><strong>in</strong></span> 
     </span>
    </p>
   </div>
   <div class='ocr_carea' id='block_1_124' title="bbox 2056 5455 3373 5525">
    <p class='ocr_par' dir='ltr' id='par_1_124' title="bbox 2056 5455 3373 5525">
     <span class='ocr_line' id='line_1_125' title="bbox 2056 5455 3373 5525; baseline 0.005 -19"><span class='ocrx_word' id='word_1_855' title='bbox 2056 5455 2348 5511; x_wconf 77' lang='lat' dir='ltr'><strong>Ecclesiam</strong></span> <span class='ocrx_word' id='word_1_856' title='bbox 2379 5470 2529 5510; x_wconf 90' lang='lat' dir='ltr'><strong>suam</strong></span> <span class='ocrx_word' id='word_1_857' title='bbox 2558 5473 2804 5513; x_wconf 86' lang='lat' dir='ltr'><strong>reversus</strong></span> <span class='ocrx_word' id='word_1_858' title='bbox 2833 5471 2935 5525; x_wconf 88' lang='lat' dir='ltr'><strong>est,</strong></span> <span class='ocrx_word' id='word_1_859' title='bbox 2966 5475 3107 5513; x_wconf 91' lang='lat' dir='ltr'><strong>anno</strong></span> <span class='ocrx_word' id='word_1_860' title='bbox 3139 5476 3216 5513; x_wconf 92' lang='lat' dir='ltr'><strong>sc.</strong></span> <span class='ocrx_word' id='word_1_861' title='bbox 3245 5461 3373 5513; x_wconf 74' lang='grc'>549.</span> 
     </span>
    </p>
   </div>
   <div class='ocr_carea' id='block_1_125' title="bbox 2053 5526 3638 5651">
    <p class='ocr_par' dir='ltr' id='par_1_125' title="bbox 2053 5526 3638 5651">
     <span class='ocr_line' id='line_1_126' title="bbox 2053 5526 3638 5651; baseline 0.005 -75"><span class='ocrx_word' id='word_1_862' title='bbox 2053 5596 2101 5651; x_wconf 71' lang='grc' dir='ltr'><strong>Μ</strong></span> <span class='ocrx_word' id='word_1_863' title='bbox 2131 5526 2420 5609; x_wconf 49' lang='lat' dir='ltr'><strong>(lictoris.</strong></span> <span class='ocrx_word' id='word_1_864' title='bbox 2477 5529 2733 5601; x_wconf 81' lang='lat' dir='ltr'><strong>Martyres</strong></span> <span class='ocrx_word' id='word_1_865' title='bbox 2787 5530 2836 5582; x_wconf 89' lang='lat' dir='ltr'><strong>hi</strong></span> <span class='ocrx_word' id='word_1_866' title='bbox 2887 5546 3047 5599; x_wconf 87' lang='lat' dir='ltr'><strong>supra</strong></span> <span class='ocrx_word' id='word_1_867' title='bbox 3092 5537 3341 5586; x_wconf 83' lang='lat' dir='ltr'><strong>coluntur</strong></span> <span class='ocrx_word' id='word_1_868' title='bbox 3384 5544 3477 5582; x_wconf 85' lang='lat' dir='ltr'><strong>vttt</strong></span> <span class='ocrx_word' id='word_1_869' title='bbox 3522 5529 3638 5584; x_wconf 85' lang='lat' dir='ltr'><strong>Kal.</strong></span> 
     </span>
     <span class='ocr_line' id='line_1_127' title="bbox 2104 5612 2194 5651; baseline 0.011 -1"><span class='ocrx_word' id='word_1_870' title='bbox 2104 5612 2194 5651; x_wconf 85' lang='lat' dir='ltr'><strong>an.</strong></span> 
     </span>
    </p>
   </div>
   <div class='ocr_carea' id='block_1_126' title="bbox 2104 5612 2194 5651">
    <p class='ocr_par' dir='ltr' id='par_1_126' title="bbox 2104 5612 2194 5651">
     <span class='ocr_line' id='line_1_128' title="bbox 2104 5612 2194 5651; baseline 0.011 -1"><span class='ocrx_word' id='word_1_871' title='bbox 2104 5612 2194 5651; x_wconf 83' lang='lat' dir='ltr'><strong>an.</strong></span> 
     </span>
    </p>
   </div>
   <div class='ocr_carea' id='block_1_127' title="bbox 2130 5668 3639 5743">
    <p class='ocr_par' dir='ltr' id='par_1_127' title="bbox 2130 5668 3639 5743">
     <span class='ocr_line' id='line_1_129' title="bbox 2130 5668 3639 5743; baseline 0.001 -19"><span class='ocrx_word' id='word_1_872' title='bbox 2130 5673 2153 5710; x_wconf 75' lang='grc' dir='ltr'><strong>ε</strong></span> <span class='ocrx_word' id='word_1_873' title='bbox 2189 5668 2355 5725; x_wconf 78' lang='lat' dir='ltr'><strong>Verba</strong></span> <span class='ocrx_word' id='word_1_874' title='bbox 2390 5671 2629 5737; x_wconf 70' lang='lat' dir='ltr'><strong>posthaec</strong></span> <span class='ocrx_word' id='word_1_875' title='bbox 2659 5687 2826 5743; x_wconf 81' lang='lat' dir='ltr'><strong>usque</strong></span> <span class='ocrx_word' id='word_1_876' title='bbox 2862 5673 2925 5726; x_wconf 87' lang='lat' dir='ltr'><strong>ad</strong></span> <span class='ocrx_word' id='word_1_877' title='bbox 2960 5674 3125 5742; x_wconf 76' lang='lat' dir='ltr'><strong>capite</strong></span> <span class='ocrx_word' id='word_1_878' title='bbox 3165 5672 3405 5742; x_wconf 67' lang='lat' dir='ltr'><strong>suspendi</strong></span> <span class='ocrx_word' id='word_1_879' title='bbox 3440 5689 3547 5727; x_wconf 81' lang='lat' dir='ltr'><strong>oin.</strong></span> <span class='ocrx_word' id='word_1_880' title='bbox 3580 5674 3639 5728; x_wconf 59' lang='grc' dir='ltr'><strong>ι.</strong></span> 
     </span>
    </p>
   </div>
  </div>
