  <div class='ocr_page' id='page_1' title='image "/cluster/home/n/w/nwhite01/storage/ocr_20150623/94/hvd.32044054759659/467.png"; bbox 0 0 3990 6196; ppageno 0'>
   <div class='ocr_carea' id='block_1_1' title="bbox 447 268 545 326">
    <p class='ocr_par' dir='ltr' id='par_1_1' title="bbox 447 268 545 326">
     <span class='ocr_line' id='line_1_1' title="bbox 447 268 545 326; baseline -0.061 0"><span class='ocrx_word' id='word_1_1' title='bbox 447 268 545 326; x_wconf 75' lang='lat'><strong>925</strong></span> 
     </span>
    </p>
   </div>
   <div class='ocr_carea' id='block_1_2' title="bbox 1178 255 2945 315">
    <p class='ocr_par' dir='ltr' id='par_1_2' title="bbox 1178 255 2945 315">
     <span class='ocr_line' id='line_1_2' title="bbox 1178 255 2945 315; baseline -0.003 -2"><span class='ocrx_word' id='word_1_2' title='bbox 1178 262 1379 315; x_wconf 65' lang='lat' dir='ltr'><strong>BEDA‘Z</strong></span> <span class='ocrx_word' id='word_1_3' title='bbox 1425 262 1869 315; x_wconf 65' lang='lat' dir='ltr'><strong>\‘ENEIlABlLlS</strong></span> <span class='ocrx_word' id='word_1_4' title='bbox 1906 261 2053 314; x_wconf 77' lang='lat' dir='ltr'><strong>OI‘P.</strong></span> <span class='ocrx_word' id='word_1_5' title='bbox 2108 258 2283 312; x_wconf 71' lang='lat' dir='ltr'><strong>PARS</strong></span> <span class='ocrx_word' id='word_1_6' title='bbox 2323 257 2409 309; x_wconf 82' lang='lat' dir='ltr'><strong>IV.</strong></span> <span class='ocrx_word' id='word_1_7' title='bbox 2454 286 2522 298; x_wconf 91' lang='lat'><strong>-—</strong></span> <span class='ocrx_word' id='word_1_8' title='bbox 2563 255 2945 311; x_wconf 73' lang='lat' dir='ltr'><strong>lliSTOlilCA.</strong></span> 
     </span>
    </p>
   </div>
   <div class='ocr_carea' id='block_1_3' title="bbox 3578 256 3684 312">
    <p class='ocr_par' dir='ltr' id='par_1_3' title="bbox 3578 256 3684 312">
     <span class='ocr_line' id='line_1_3' title="bbox 3578 256 3684 312; baseline -0.038 0"><span class='ocrx_word' id='word_1_9' title='bbox 3578 256 3611 312; x_wconf 81' lang='lat'>9</span> <span class='ocrx_word' id='word_1_10' title='bbox 3622 257 3684 309; x_wconf 64' lang='grc' dir='ltr'><strong>ἶιι</strong></span> 
     </span>
    </p>
   </div>
   <div class='ocr_carea' id='block_1_4' title="bbox 1689 365 2413 423">
    <p class='ocr_par' dir='ltr' id='par_1_4' title="bbox 1689 365 2413 423">
     <span class='ocr_line' id='line_1_4' title="bbox 1689 365 2413 423; baseline -0.008 0"><span class='ocrx_word' id='word_1_11' title='bbox 1689 370 1913 423; x_wconf 80' lang='lat' dir='ltr'><strong>EDITIO</strong></span> <span class='ocrx_word' id='word_1_12' title='bbox 1950 365 2413 421; x_wconf 79' lang='lat' dir='ltr'><strong>CULONIENSIS.</strong></span> 
     </span>
    </p>
   </div>
   <div class='ocr_carea' id='block_1_5' title="bbox 512 453 3683 526">
    <p class='ocr_par' dir='ltr' id='par_1_5' title="bbox 512 453 3683 526">
     <span class='ocr_line' id='line_1_5' title="bbox 512 453 3683 526; baseline -0.003 -9"><span class='ocrx_word' id='word_1_13' title='bbox 512 465 573 517; x_wconf 81' lang='grc' dir='ltr'><strong>Β.</strong></span> <span class='ocrx_word' id='word_1_14' title='bbox 609 463 674 517; x_wconf 73' lang='lat' dir='ltr'><strong>XI</strong></span> <span class='ocrx_word' id='word_1_15' title='bbox 704 462 837 516; x_wconf 75' lang='grc' dir='ltr'><strong>ΚΑΙ..</strong></span> <span class='ocrx_word' id='word_1_16' title='bbox 863 461 1113 515; x_wconf 74' lang='lat' dir='ltr'><strong>JUNII.—</strong></span> <span class='ocrx_word' id='word_1_17' title='bbox 1136 461 1317 514; x_wconf 71' lang='lat' dir='ltr'><strong>llomtc</strong></span> <span class='ocrx_word' id='word_1_18' title='bbox 1341 460 1514 512; x_wconf 88' lang='lat' dir='ltr'><strong>natale</strong></span> <span class='ocrx_word' id='word_1_19' title='bbox 1534 469 1836 513; x_wconf 88' lang='lat' dir='ltr'><strong>sanctorum</strong></span> <span class='ocrx_word' id='word_1_20' title='bbox 1865 460 2004 511; x_wconf 86' lang='lat' dir='ltr'><strong>Fau-</strong></span> <span class='ocrx_word' id='word_1_21' title='bbox 2036 465 2079 517; x_wconf 76' lang='grc' dir='ltr'>Α</span> <span class='ocrx_word' id='word_1_22' title='bbox 2112 456 2286 526; x_wconf 83' lang='lat' dir='ltr'><strong>gregis</strong></span> <span class='ocrx_word' id='word_1_23' title='bbox 2316 455 2419 516; x_wconf 84' lang='lat' dir='ltr'><strong>sui,</strong></span> <span class='ocrx_word' id='word_1_24' title='bbox 2454 456 2590 523; x_wconf 87' lang='lat' dir='ltr'><strong>apud</strong></span> <span class='ocrx_word' id='word_1_25' title='bbox 2615 453 2856 507; x_wconf 82' lang='lat' dir='ltr'><strong>eamdem</strong></span> <span class='ocrx_word' id='word_1_26' title='bbox 2879 454 3063 507; x_wconf 82' lang='lat' dir='ltr'><strong>urbem</strong></span> <span class='ocrx_word' id='word_1_27' title='bbox 3108 454 3329 506; x_wconf 84' lang='lat' dir='ltr'><strong>conditi.</strong></span> <span class='ocrx_word' id='word_1_28' title='bbox 3363 454 3487 506; x_wconf 89' lang='lat' dir='ltr'><strong>ltetn</strong></span> <span class='ocrx_word' id='word_1_29' title='bbox 3525 456 3683 508; x_wconf 71' lang='lat' dir='ltr'><strong>Vien-</strong></span> 
     </span>
    </p>
   </div>
   <div class='ocr_carea' id='block_1_6' title="bbox 447 550 2008 620">
    <p class='ocr_par' dir='ltr' id='par_1_6' title="bbox 447 550 2008 620">
     <span class='ocr_line' id='line_1_6' title="bbox 447 550 2008 620; baseline -0.007 -10"><span class='ocrx_word' id='word_1_30' title='bbox 447 553 899 620; x_wconf 82' lang='lat' dir='ltr'><strong>stini,’l‘lniotbei,</strong></span> <span class='ocrx_word' id='word_1_31' title='bbox 922 550 1158 603; x_wconf 72' lang='lat' dir='ltr'><strong>Venttsti.</strong></span> <span class='ocrx_word' id='word_1_32' title='bbox 1181 550 1498 603; x_wconf 68' lang='lat' dir='ltr'><strong>Auti~iodori</strong></span> <span class='ocrx_word' id='word_1_33' title='bbox 1523 552 1782 618; x_wconf 78' lang='lat' dir='ltr'><strong>depositio</strong></span> <span class='ocrx_word' id='word_1_34' title='bbox 1811 562 2008 602; x_wconf 75' lang='lat' dir='ltr'><strong>sancta:</strong></span> 
     </span>
    </p>
   </div>
   <div class='ocr_carea' id='block_1_7' title="bbox 450 639 2015 711">
    <p class='ocr_par' dir='ltr' id='par_1_7' title="bbox 450 639 2015 711">
     <span class='ocr_line' id='line_1_7' title="bbox 450 639 2015 711; baseline -0.004 -13"><span class='ocrx_word' id='word_1_35' title='bbox 450 646 661 699; x_wconf 72' lang='lat' dir='ltr'><strong>Helena:</strong></span> <span class='ocrx_word' id='word_1_36' title='bbox 692 642 932 711; x_wconf 73' lang='lat' dir='ltr'><strong>virginis;</strong></span> <span class='ocrx_word' id='word_1_37' title='bbox 963 650 1016 693; x_wconf 86' lang='lat' dir='ltr'><strong>et</strong></span> <span class='ocrx_word' id='word_1_38' title='bbox 1049 643 1097 691; x_wconf 90' lang='lat' dir='ltr'><strong>iti</strong></span> <span class='ocrx_word' id='word_1_39' title='bbox 1128 639 1376 692; x_wconf 81' lang='lat' dir='ltr'><strong>Ravenna</strong></span> <span class='ocrx_word' id='word_1_40' title='bbox 1423 643 1596 693; x_wconf 88' lang='lat' dir='ltr'><strong>natale</strong></span> <span class='ocrx_word' id='word_1_41' title='bbox 1649 654 1845 693; x_wconf 71' lang='lat' dir='ltr'><strong>saneta‘</strong></span> <span class='ocrx_word' id='word_1_42' title='bbox 1880 642 2015 692; x_wconf 75' lang='lat' dir='ltr'><strong>Mar-</strong></span> 
     </span>
    </p>
   </div>
   <div class='ocr_carea' id='block_1_8' title="bbox 449 730 2014 801">
    <p class='ocr_par' dir='ltr' id='par_1_8' title="bbox 449 730 2014 801">
     <span class='ocr_line' id='line_1_8' title="bbox 449 730 2014 801; baseline -0.003 -16"><span class='ocrx_word' id='word_1_43' title='bbox 449 733 621 801; x_wconf 66' lang='lat' dir='ltr'><strong>tyriaa.</strong></span> <span class='ocrx_word' id='word_1_44' title='bbox 658 732 711 783; x_wconf 90' lang='lat' dir='ltr'><strong>In</strong></span> <span class='ocrx_word' id='word_1_45' title='bbox 742 731 951 784; x_wconf 84' lang='lat' dir='ltr'><strong>civitate</strong></span> <span class='ocrx_word' id='word_1_46' title='bbox 980 731 1412 783; x_wconf 87' lang='lat' dir='ltr'><strong>Autisiodorense</strong></span> <span class='ocrx_word' id='word_1_47' title='bbox 1437 731 1491 781; x_wconf 85' lang='grc' dir='ltr'><strong>Β.</strong></span> <span class='ocrx_word' id='word_1_48' title='bbox 1525 730 1700 783; x_wconf 83' lang='lat' dir='ltr'><strong>Uvalis</strong></span> <span class='ocrx_word' id='word_1_49' title='bbox 1724 730 2014 799; x_wconf 76' lang='lat' dir='ltr'><strong>presbyteri</strong></span> 
     </span>
    </p>
   </div>
   <div class='ocr_carea' id='block_1_9' title="bbox 453 821 871 880">
    <p class='ocr_par' dir='ltr' id='par_1_9' title="bbox 453 821 871 880">
     <span class='ocr_line' id='line_1_9' title="bbox 453 821 871 880; baseline -0.017 0"><span class='ocrx_word' id='word_1_50' title='bbox 453 834 507 880; x_wconf 89' lang='lat' dir='ltr'><strong>et</strong></span> <span class='ocrx_word' id='word_1_51' title='bbox 528 821 871 879; x_wconf 79' lang='lat' dir='ltr'><strong>eotifessoris.</strong></span> 
     </span>
    </p>
   </div>
   <div class='ocr_carea' id='block_1_10' title="bbox 521 911 2014 981">
    <p class='ocr_par' dir='ltr' id='par_1_10' title="bbox 521 911 2014 981">
     <span class='ocr_line' id='line_1_10' title="bbox 521 911 2014 981; baseline -0.004 -13"><span class='ocrx_word' id='word_1_52' title='bbox 521 913 583 968; x_wconf 90' lang='lat' dir='ltr'><strong>C.</strong></span> <span class='ocrx_word' id='word_1_53' title='bbox 614 914 659 967; x_wconf 80' lang='grc' dir='ltr'><strong>Χ</strong></span> <span class='ocrx_word' id='word_1_54' title='bbox 683 913 814 966; x_wconf 67' lang='grc' dir='ltr'><strong>Κλι..</strong></span> <span class='ocrx_word' id='word_1_55' title='bbox 849 911 1005 964; x_wconf 79' lang='lat' dir='ltr'><strong>JUNII.</strong></span> <span class='ocrx_word' id='word_1_56' title='bbox 1031 939 1099 950; x_wconf 90' lang='lat'><strong><em>—</em></strong></span> <span class='ocrx_word' id='word_1_57' title='bbox 1123 911 1274 974; x_wconf 79' lang='lat' dir='ltr'><strong>Apud</strong></span> <span class='ocrx_word' id='word_1_58' title='bbox 1329 912 1591 981; x_wconf 83' lang='lat' dir='ltr'><strong>Lingoncs</strong></span> <span class='ocrx_word' id='word_1_59' title='bbox 1646 913 1817 978; x_wconf 86' lang='lat' dir='ltr'><strong>passio</strong></span> <span class='ocrx_word' id='word_1_60' title='bbox 1848 911 2014 963; x_wconf 88' lang='lat' dir='ltr'><strong>sancti</strong></span> 
     </span>
    </p>
   </div>
   <div class='ocr_carea' id='block_1_11' title="bbox 452 1001 2014 1068">
    <p class='ocr_par' dir='ltr' id='par_1_11' title="bbox 452 1001 2014 1068">
     <span class='ocr_line' id='line_1_11' title="bbox 452 1001 2014 1068; baseline -0.003 -11"><span class='ocrx_word' id='word_1_61' title='bbox 452 1002 705 1059; x_wconf 82' lang='lat' dir='ltr'><strong>Desiderii</strong></span> <span class='ocrx_word' id='word_1_62' title='bbox 758 1001 1025 1068; x_wconf 85' lang='lat' dir='ltr'><strong>episcopi;</strong></span> <span class='ocrx_word' id='word_1_63' title='bbox 1074 1001 1159 1068; x_wconf 88' lang='lat' dir='ltr'><strong>qui</strong></span> <span class='ocrx_word' id='word_1_64' title='bbox 1190 1016 1308 1054; x_wconf 91' lang='lat' dir='ltr'><strong>cum</strong></span> <span class='ocrx_word' id='word_1_65' title='bbox 1341 1002 1548 1068; x_wconf 85' lang='lat' dir='ltr'><strong>plebem</strong></span> <span class='ocrx_word' id='word_1_66' title='bbox 1591 1018 1739 1053; x_wconf 89' lang='lat' dir='ltr'><strong>suam</strong></span> <span class='ocrx_word' id='word_1_67' title='bbox 1769 1002 1833 1052; x_wconf 89' lang='lat' dir='ltr'><strong>ah</strong></span> <span class='ocrx_word' id='word_1_68' title='bbox 1858 1016 2014 1054; x_wconf 81' lang='lat' dir='ltr'><strong>exer-</strong></span> 
     </span>
    </p>
   </div>
   <div class='ocr_carea' id='block_1_12' title="bbox 463 1091 2014 1160">
    <p class='ocr_par' dir='ltr' id='par_1_12' title="bbox 463 1091 2014 1160">
     <span class='ocr_line' id='line_1_12' title="bbox 463 1091 2014 1160; baseline -0.004 -13"><span class='ocrx_word' id='word_1_69' title='bbox 463 1096 569 1148; x_wconf 89' lang='lat' dir='ltr'><strong>citu</strong></span> <span class='ocrx_word' id='word_1_70' title='bbox 621 1091 970 1145; x_wconf 68' lang='lat' dir='ltr'><strong>Vandalornm</strong></span> <span class='ocrx_word' id='word_1_71' title='bbox 1004 1094 1195 1145; x_wconf 69' lang='lat' dir='ltr'><strong>vastari</strong></span> <span class='ocrx_word' id='word_1_72' title='bbox 1225 1103 1485 1156; x_wconf 79' lang='lat' dir='ltr'><strong>cerneret,</strong></span> <span class='ocrx_word' id='word_1_73' title='bbox 1518 1093 1579 1145; x_wconf 89' lang='lat' dir='ltr'><strong>ad</strong></span> <span class='ocrx_word' id='word_1_74' title='bbox 1632 1108 1805 1160; x_wconf 83' lang='lat' dir='ltr'><strong>regem</strong></span> <span class='ocrx_word' id='word_1_75' title='bbox 1834 1107 2014 1145; x_wconf 90' lang='lat' dir='ltr'><strong>eorum</strong></span> 
     </span>
    </p>
   </div>
   <div class='ocr_carea' id='block_1_13' title="bbox 457 1183 2016 1253">
    <p class='ocr_par' dir='ltr' id='par_1_13' title="bbox 457 1183 2016 1253">
     <span class='ocr_line' id='line_1_13' title="bbox 457 1183 2016 1253; baseline -0.003 -16"><span class='ocrx_word' id='word_1_76' title='bbox 457 1201 554 1250; x_wconf 92' lang='lat' dir='ltr'><strong>pro</strong></span> <span class='ocrx_word' id='word_1_77' title='bbox 584 1199 645 1237; x_wconf 87' lang='lat' dir='ltr'><strong>ea</strong></span> <span class='ocrx_word' id='word_1_78' title='bbox 676 1185 1068 1253; x_wconf 86' lang='lat' dir='ltr'><strong>supplicaturus</strong></span> <span class='ocrx_word' id='word_1_79' title='bbox 1098 1183 1288 1245; x_wconf 75' lang='lat' dir='ltr'><strong>exivit;</strong></span> <span class='ocrx_word' id='word_1_80' title='bbox 1342 1199 1371 1235; x_wconf 89' lang='lat' dir='ltr'><strong>a</strong></span> <span class='ocrx_word' id='word_1_81' title='bbox 1424 1200 1527 1252; x_wconf 87' lang='lat' dir='ltr'><strong>quo</strong></span> <span class='ocrx_word' id='word_1_82' title='bbox 1580 1185 1754 1236; x_wconf 87' lang='lat' dir='ltr'><strong>statim</strong></span> <span class='ocrx_word' id='word_1_83' title='bbox 1794 1184 2016 1250; x_wconf 74' lang='lat' dir='ltr'><strong>iugulari</strong></span> 
     </span>
    </p>
   </div>
   <div class='ocr_carea' id='block_1_14' title="bbox 449 1275 2023 1344">
    <p class='ocr_par' dir='ltr' id='par_1_14' title="bbox 449 1275 2023 1344">
     <span class='ocr_line' id='line_1_14' title="bbox 449 1275 2023 1344; baseline 0 -18"><span class='ocrx_word' id='word_1_84' title='bbox 449 1277 654 1343; x_wconf 81' lang='lat' dir='ltr'><strong>jussus,</strong></span> <span class='ocrx_word' id='word_1_85' title='bbox 688 1290 781 1344; x_wconf 91' lang='lat' dir='ltr'><strong>pro</strong></span> <span class='ocrx_word' id='word_1_86' title='bbox 817 1276 1007 1328; x_wconf 84' lang='lat' dir='ltr'><strong>ovibus</strong></span> <span class='ocrx_word' id='word_1_87' title='bbox 1060 1276 1156 1327; x_wconf 84' lang='lat' dir='ltr'><strong>sibi</strong></span> <span class='ocrx_word' id='word_1_88' title='bbox 1214 1278 1427 1327; x_wconf 81' lang='lat' dir='ltr'><strong>creditis</strong></span> <span class='ocrx_word' id='word_1_89' title='bbox 1480 1277 1741 1328; x_wconf 80' lang='lat' dir='ltr'><strong>cervicem</strong></span> <span class='ocrx_word' id='word_1_90' title='bbox 1796 1275 2023 1327; x_wconf 53' lang='lat' dir='ltr'><strong>libenter</strong></span> 
     </span>
    </p>
   </div>
   <div class='ocr_carea' id='block_1_15' title="bbox 461 1366 2018 1436">
    <p class='ocr_par' dir='ltr' id='par_1_15' title="bbox 461 1366 2018 1436">
     <span class='ocr_line' id='line_1_15' title="bbox 461 1366 2018 1436; baseline -0.003 -15"><span class='ocrx_word' id='word_1_91' title='bbox 461 1368 705 1432; x_wconf 84' lang='lat' dir='ltr'><strong>tetendit,</strong></span> <span class='ocrx_word' id='word_1_92' title='bbox 734 1377 787 1421; x_wconf 94' lang='lat' dir='ltr'><strong>et</strong></span> <span class='ocrx_word' id='word_1_93' title='bbox 836 1382 1114 1433; x_wconf 83' lang='lat' dir='ltr'><strong>percussus</strong></span> <span class='ocrx_word' id='word_1_94' title='bbox 1144 1368 1315 1436; x_wconf 83' lang='lat' dir='ltr'><strong>gladio</strong></span> <span class='ocrx_word' id='word_1_95' title='bbox 1342 1367 1583 1434; x_wconf 77' lang='lat' dir='ltr'><strong>migravit</strong></span> <span class='ocrx_word' id='word_1_96' title='bbox 1610 1366 1671 1417; x_wconf 90' lang='lat' dir='ltr'><strong>ad</strong></span> <span class='ocrx_word' id='word_1_97' title='bbox 1725 1367 2018 1418; x_wconf 80' lang='lat' dir='ltr'><strong>Christum.</strong></span> 
     </span>
    </p>
   </div>
   <div class='ocr_carea' id='block_1_16' title="bbox 457 1457 2019 1526">
    <p class='ocr_par' dir='ltr' id='par_1_16' title="bbox 457 1457 2019 1526">
     <span class='ocr_line' id='line_1_16' title="bbox 457 1457 2019 1526; baseline -0.002 -14"><span class='ocrx_word' id='word_1_98' title='bbox 457 1458 746 1513; x_wconf 86' lang='lat' dir='ltr'><strong>Percussor</strong></span> <span class='ocrx_word' id='word_1_99' title='bbox 768 1473 890 1511; x_wconf 92' lang='lat' dir='ltr'><strong>vero</strong></span> <span class='ocrx_word' id='word_1_100' title='bbox 920 1457 1034 1526; x_wconf 89' lang='lat' dir='ltr'><strong>ejus</strong></span> <span class='ocrx_word' id='word_1_101' title='bbox 1066 1474 1184 1510; x_wconf 81' lang='lat' dir='ltr'><strong>mox</strong></span> <span class='ocrx_word' id='word_1_102' title='bbox 1218 1458 1445 1510; x_wconf 85' lang='lat' dir='ltr'><strong>amentia</strong></span> <span class='ocrx_word' id='word_1_103' title='bbox 1487 1466 1760 1525; x_wconf 88' lang='lat' dir='ltr'><strong>correptus</strong></span> <span class='ocrx_word' id='word_1_104' title='bbox 1802 1458 2019 1510; x_wconf 80' lang='lat' dir='ltr'><strong>interiit.</strong></span> 
     </span>
    </p>
   </div>
   <div class='ocr_carea' id='block_1_17' title="bbox 455 1546 2021 1616">
    <p class='ocr_par' dir='ltr' id='par_1_17' title="bbox 455 1546 2021 1616">
     <span class='ocr_line' id='line_1_17' title="bbox 455 1546 2021 1616; baseline -0.004 -13"><span class='ocrx_word' id='word_1_105' title='bbox 455 1549 707 1616; x_wconf 77' lang='lat' dir='ltr'><strong>Sepultus</strong></span> <span class='ocrx_word' id='word_1_106' title='bbox 723 1558 805 1601; x_wconf 88' lang='lat' dir='ltr'><strong>est</strong></span> <span class='ocrx_word' id='word_1_107' title='bbox 828 1547 1018 1601; x_wconf 83' lang='lat' dir='ltr'><strong>ibidem</strong></span> <span class='ocrx_word' id='word_1_108' title='bbox 1050 1548 1108 1600; x_wconf 86' lang='grc' dir='ltr'><strong>Β.</strong></span> <span class='ocrx_word' id='word_1_109' title='bbox 1142 1556 1342 1615; x_wconf 82' lang='lat' dir='ltr'><strong>martyr</strong></span> <span class='ocrx_word' id='word_1_110' title='bbox 1370 1547 1421 1600; x_wconf 89' lang='lat' dir='ltr'><strong>iti</strong></span> <span class='ocrx_word' id='word_1_111' title='bbox 1456 1546 1693 1612; x_wconf 81' lang='lat' dir='ltr'><strong>basilica,</strong></span> <span class='ocrx_word' id='word_1_112' title='bbox 1714 1546 1845 1597; x_wconf 91' lang='lat' dir='ltr'><strong>intra</strong></span> <span class='ocrx_word' id='word_1_113' title='bbox 1873 1548 2021 1598; x_wconf 84' lang='lat' dir='ltr'><strong>urbis</strong></span> 
     </span>
    </p>
   </div>
   <div class='ocr_carea' id='block_1_18' title="bbox 464 1636 2021 1705">
    <p class='ocr_par' dir='ltr' id='par_1_18' title="bbox 464 1636 2021 1705">
     <span class='ocr_line' id='line_1_18' title="bbox 464 1636 2021 1705; baseline -0.003 -13"><span class='ocrx_word' id='word_1_114' title='bbox 464 1652 663 1692; x_wconf 86' lang='lat' dir='ltr'><strong>muros.</strong></span> <span class='ocrx_word' id='word_1_115' title='bbox 696 1638 839 1693; x_wconf 85' lang='lat' dir='ltr'><strong>Passi</strong></span> <span class='ocrx_word' id='word_1_116' title='bbox 869 1647 1129 1693; x_wconf 87' lang='lat' dir='ltr'><strong>suntcum</strong></span> <span class='ocrx_word' id='word_1_117' title='bbox 1157 1652 1221 1691; x_wconf 93' lang='lat' dir='ltr'><strong>eo</strong></span> <span class='ocrx_word' id='word_1_118' title='bbox 1245 1648 1297 1691; x_wconf 91' lang='lat' dir='ltr'><strong>et</strong></span> <span class='ocrx_word' id='word_1_119' title='bbox 1330 1638 1507 1705; x_wconf 89' lang='lat' dir='ltr'><strong>plures</strong></span> <span class='ocrx_word' id='word_1_120' title='bbox 1550 1636 1637 1689; x_wconf 87' lang='lat' dir='ltr'><strong>alii</strong></span> <span class='ocrx_word' id='word_1_121' title='bbox 1691 1637 1757 1689; x_wconf 87' lang='lat' dir='ltr'><strong>de</strong></span> <span class='ocrx_word' id='word_1_122' title='bbox 1799 1650 2021 1689; x_wconf 88' lang='lat' dir='ltr'><strong>numero</strong></span> 
     </span>
    </p>
   </div>
   <div class='ocr_carea' id='block_1_19' title="bbox 2120 546 3682 614">
    <p class='ocr_par' dir='ltr' id='par_1_19' title="bbox 2120 546 3682 614">
     <span class='ocr_line' id='line_1_19' title="bbox 2120 546 3682 614; baseline -0.001 -14"><span class='ocrx_word' id='word_1_123' title='bbox 2120 564 2201 600; x_wconf 77' lang='lat' dir='ltr'><strong>me</strong></span> <span class='ocrx_word' id='word_1_124' title='bbox 2232 549 2403 600; x_wconf 84' lang='lat' dir='ltr'><strong>natale</strong></span> <span class='ocrx_word' id='word_1_125' title='bbox 2434 548 2602 599; x_wconf 84' lang='lat' dir='ltr'><strong>sancti</strong></span> <span class='ocrx_word' id='word_1_126' title='bbox 2629 546 2883 599; x_wconf 89' lang='lat' dir='ltr'><strong>Desiderii</strong></span> <span class='ocrx_word' id='word_1_127' title='bbox 2915 546 3171 614; x_wconf 80' lang='lat' dir='ltr'><strong>episcopi,</strong></span> <span class='ocrx_word' id='word_1_128' title='bbox 3202 547 3287 614; x_wconf 90' lang='lat' dir='ltr'><strong>qui</strong></span> <span class='ocrx_word' id='word_1_129' title='bbox 3314 561 3499 613; x_wconf 81' lang='lat' dir='ltr'><strong>passus</strong></span> <span class='ocrx_word' id='word_1_130' title='bbox 3521 557 3602 599; x_wconf 78' lang='lat' dir='ltr'><strong>est</strong></span> <span class='ocrx_word' id='word_1_131' title='bbox 3637 552 3682 599; x_wconf 91' lang='lat' dir='ltr'><strong>in</strong></span> 
     </span>
    </p>
   </div>
   <div class='ocr_carea' id='block_1_20' title="bbox 2120 640 2768 715">
    <p class='ocr_par' dir='ltr' id='par_1_20' title="bbox 2120 640 2768 715">
     <span class='ocr_line' id='line_1_20' title="bbox 2120 640 2768 715; baseline 0.002 -23"><span class='ocrx_word' id='word_1_132' title='bbox 2120 642 2386 715; x_wconf 74' lang='lat' dir='ltr'><strong>territorio</strong></span> <span class='ocrx_word' id='word_1_133' title='bbox 2409 640 2768 709; x_wconf 84' lang='lat' dir='ltr'><strong>Lugdunensi.</strong></span> 
     </span>
    </p>
   </div>
   <div class='ocr_carea' id='block_1_21' title="bbox 2190 729 3684 794">
    <p class='ocr_par' dir='ltr' id='par_1_21' title="bbox 2190 729 3684 794">
     <span class='ocr_line' id='line_1_21' title="bbox 2190 729 3684 794; baseline 0 -10"><span class='ocrx_word' id='word_1_134' title='bbox 2190 732 2251 784; x_wconf 82' lang='grc' dir='ltr'><strong>Ι).</strong></span> <span class='ocrx_word' id='word_1_135' title='bbox 2285 731 2351 785; x_wconf 81' lang='grc' dir='ltr'><strong>ΙΧ</strong></span> <span class='ocrx_word' id='word_1_136' title='bbox 2385 731 2516 784; x_wconf 63' lang='lat' dir='ltr'><strong>Kac.</strong></span> <span class='ocrx_word' id='word_1_137' title='bbox 2547 729 2705 785; x_wconf 72' lang='lat' dir='ltr'><strong>JUNlt.</strong></span> <span class='ocrx_word' id='word_1_138' title='bbox 2734 729 3000 783; x_wconf 81' lang='lat' dir='ltr'><strong>—Natale</strong></span> <span class='ocrx_word' id='word_1_139' title='bbox 3054 732 3221 783; x_wconf 88' lang='lat' dir='ltr'><strong>sancti</strong></span> <span class='ocrx_word' id='word_1_140' title='bbox 3263 729 3550 794; x_wconf 81' lang='lat' dir='ltr'><strong>Manahen,</strong></span> <span class='ocrx_word' id='word_1_141' title='bbox 3586 730 3684 784; x_wconf 82' lang='lat' dir='ltr'><strong>He-</strong></span> 
     </span>
    </p>
   </div>
   <div class='ocr_carea' id='block_1_22' title="bbox 2120 820 3687 888">
    <p class='ocr_par' dir='ltr' id='par_1_22' title="bbox 2120 820 3687 888">
     <span class='ocr_line' id='line_1_22' title="bbox 2120 820 3687 888; baseline -0.002 -12"><span class='ocrx_word' id='word_1_142' title='bbox 2120 824 2261 877; x_wconf 87' lang='lat' dir='ltr'><strong>rodis</strong></span> <span class='ocrx_word' id='word_1_143' title='bbox 2292 826 2569 876; x_wconf 68' lang='lat' dir='ltr'><strong>tetrarchae</strong></span> <span class='ocrx_word' id='word_1_144' title='bbox 2594 822 2932 886; x_wconf 84' lang='lat' dir='ltr'><strong>collactanei,</strong></span> <span class='ocrx_word' id='word_1_145' title='bbox 2954 820 3190 874; x_wconf 88' lang='lat' dir='ltr'><strong>doctoris</strong></span> <span class='ocrx_word' id='word_1_146' title='bbox 3212 828 3264 871; x_wconf 88' lang='lat' dir='ltr'><strong>et</strong></span> <span class='ocrx_word' id='word_1_147' title='bbox 3292 820 3561 888; x_wconf 70' lang='lat' dir='ltr'><strong>propheta:</strong></span> <span class='ocrx_word' id='word_1_148' title='bbox 3588 820 3687 873; x_wconf 86' lang='lat' dir='ltr'><strong>sub</strong></span> 
     </span>
    </p>
   </div>
   <div class='ocr_carea' id='block_1_23' title="bbox 2119 912 3689 983">
    <p class='ocr_par' dir='ltr' id='par_1_23' title="bbox 2119 912 3689 983">
     <span class='ocr_line' id='line_1_23' title="bbox 2119 912 3689 983; baseline -0.001 -15"><span class='ocrx_word' id='word_1_149' title='bbox 2119 917 2288 983; x_wconf 86' lang='lat' dir='ltr'><strong>gratia</strong></span> <span class='ocrx_word' id='word_1_150' title='bbox 2318 914 2447 968; x_wconf 77' lang='lat' dir='ltr'><strong>Novi</strong></span> <span class='ocrx_word' id='word_1_151' title='bbox 2475 914 2822 975; x_wconf 84' lang='lat' dir='ltr'><strong>Testamenti,</strong></span> <span class='ocrx_word' id='word_1_152' title='bbox 2847 913 2981 980; x_wconf 89' lang='lat' dir='ltr'><strong>apud</strong></span> <span class='ocrx_word' id='word_1_153' title='bbox 3022 912 3356 966; x_wconf 74' lang='lat' dir='ltr'><strong>Antimhiam</strong></span> <span class='ocrx_word' id='word_1_154' title='bbox 3402 914 3451 966; x_wconf 89' lang='lat' dir='ltr'><strong>in</strong></span> <span class='ocrx_word' id='word_1_155' title='bbox 3479 914 3689 967; x_wconf 76' lang='lat' dir='ltr'><strong>Christo</strong></span> 
     </span>
    </p>
   </div>
   <div class='ocr_carea' id='block_1_24' title="bbox 2119 1003 3683 1074">
    <p class='ocr_par' dir='ltr' id='par_1_24' title="bbox 2119 1003 3683 1074">
     <span class='ocr_line' id='line_1_24' title="bbox 2119 1003 3683 1074; baseline 0 -17"><span class='ocrx_word' id='word_1_156' title='bbox 2119 1007 2464 1074; x_wconf 89' lang='lat' dir='ltr'><strong>quiescentis.</strong></span> <span class='ocrx_word' id='word_1_157' title='bbox 2502 1007 2627 1058; x_wconf 75' lang='lat' dir='ltr'><strong>Item</strong></span> <span class='ocrx_word' id='word_1_158' title='bbox 2661 1005 2975 1058; x_wconf 66' lang='lat' dir='ltr'><strong>heatissimw</strong></span> <span class='ocrx_word' id='word_1_159' title='bbox 3003 1003 3243 1067; x_wconf 71' lang='lat' dir='ltr'><strong>Joannm,</strong></span> <span class='ocrx_word' id='word_1_160' title='bbox 3287 1005 3466 1057; x_wconf 76' lang='lat' dir='ltr'><strong>uxoris</strong></span> <span class='ocrx_word' id='word_1_161' title='bbox 3512 1006 3683 1067; x_wconf 68' lang='lat' dir='ltr'><strong>Euam,</strong></span> 
     </span>
    </p>
   </div>
   <div class='ocr_carea' id='block_1_25' title="bbox 2124 1096 3781 1164">
    <p class='ocr_par' dir='ltr' id='par_1_25' title="bbox 2124 1096 3781 1164">
     <span class='ocr_line' id='line_1_25' title="bbox 2124 1096 3781 1164; baseline 0.001 -16"><span class='ocrx_word' id='word_1_162' title='bbox 2124 1100 2479 1164; x_wconf 86' lang='lat' dir='ltr'><strong>procuratoris</strong></span> <span class='ocrx_word' id='word_1_163' title='bbox 2510 1096 2753 1157; x_wconf 81' lang='lat' dir='ltr'><strong>Herodis,</strong></span> <span class='ocrx_word' id='word_1_164' title='bbox 2783 1109 2940 1163; x_wconf 88' lang='lat' dir='ltr'><strong>quam</strong></span> <span class='ocrx_word' id='word_1_165' title='bbox 2991 1105 3407 1147; x_wconf 74' lang='lat' dir='ltr'><strong>commemonnt</strong></span> <span class='ocrx_word' id='word_1_166' title='bbox 3450 1096 3687 1164; x_wconf 74' lang='lat' dir='ltr'><strong>Evange-</strong></span> <span class='ocrx_word' id='word_1_167' title='bbox 3752 1120 3781 1140; x_wconf 77' lang='grc' dir='ltr'><strong><em>ο</em></strong></span> 
     </span>
    </p>
   </div>
   <div class='ocr_carea' id='block_1_26' title="bbox 2123 1185 3690 1254">
    <p class='ocr_par' dir='ltr' id='par_1_26' title="bbox 2123 1185 3690 1254">
     <span class='ocr_line' id='line_1_26' title="bbox 2123 1185 3690 1254; baseline 0 -15"><span class='ocrx_word' id='word_1_168' title='bbox 2123 1190 2275 1239; x_wconf 77' lang='lat' dir='ltr'><strong>Iistzc.</strong></span> <span class='ocrx_word' id='word_1_169' title='bbox 2310 1188 2363 1239; x_wconf 88' lang='lat' dir='ltr'><strong>In</strong></span> <span class='ocrx_word' id='word_1_170' title='bbox 2416 1197 2566 1254; x_wconf 90' lang='lat' dir='ltr'><strong>portu</strong></span> <span class='ocrx_word' id='word_1_171' title='bbox 2598 1186 2835 1238; x_wconf 75' lang='lat' dir='ltr'><strong>Romano</strong></span> <span class='ocrx_word' id='word_1_172' title='bbox 2868 1186 3040 1239; x_wconf 90' lang='lat' dir='ltr'><strong>natale</strong></span> <span class='ocrx_word' id='word_1_173' title='bbox 3066 1186 3234 1238; x_wconf 86' lang='lat' dir='ltr'><strong>sancti</strong></span> <span class='ocrx_word' id='word_1_174' title='bbox 3267 1185 3520 1239; x_wconf 83' lang='lat' dir='ltr'><strong>Vincetitii</strong></span> <span class='ocrx_word' id='word_1_175' title='bbox 3553 1202 3690 1239; x_wconf 85' lang='lat' dir='ltr'><strong>mar-</strong></span> 
     </span>
    </p>
   </div>
   <div class='ocr_carea' id='block_1_27' title="bbox 2125 1272 3689 1343">
    <p class='ocr_par' dir='ltr' id='par_1_27' title="bbox 2125 1272 3689 1343">
     <span class='ocr_line' id='line_1_27' title="bbox 2125 1272 3689 1343; baseline 0.001 -16"><span class='ocrx_word' id='word_1_176' title='bbox 2125 1278 2273 1343; x_wconf 86' lang='lat' dir='ltr'><strong>tyrls.</strong></span> <span class='ocrx_word' id='word_1_177' title='bbox 2336 1274 2391 1328; x_wconf 91' lang='lat' dir='ltr'><strong>ltt</strong></span> <span class='ocrx_word' id='word_1_178' title='bbox 2454 1274 2639 1327; x_wconf 79' lang='lat' dir='ltr'><strong>Galliis</strong></span> <span class='ocrx_word' id='word_1_179' title='bbox 2692 1274 2905 1327; x_wconf 87' lang='lat' dir='ltr'><strong>civitate</strong></span> <span class='ocrx_word' id='word_1_180' title='bbox 2957 1272 3209 1326; x_wconf 83' lang='lat' dir='ltr'><strong>Nanuetis</strong></span> <span class='ocrx_word' id='word_1_181' title='bbox 3257 1276 3431 1328; x_wconf 87' lang='lat' dir='ltr'><strong>natale</strong></span> <span class='ocrx_word' id='word_1_182' title='bbox 3477 1288 3689 1328; x_wconf 80' lang='lat' dir='ltr'><strong>sancto-</strong></span> 
     </span>
    </p>
   </div>
   <div class='ocr_carea' id='block_1_28' title="bbox 2126 1362 3691 1434">
    <p class='ocr_par' dir='ltr' id='par_1_28' title="bbox 2126 1362 3691 1434">
     <span class='ocr_line' id='line_1_28' title="bbox 2126 1362 3691 1434; baseline 0.001 -21"><span class='ocrx_word' id='word_1_183' title='bbox 2126 1380 2238 1417; x_wconf 86' lang='lat' dir='ltr'><strong>rum</strong></span> <span class='ocrx_word' id='word_1_184' title='bbox 2280 1375 2590 1434; x_wconf 84' lang='lat' dir='ltr'><strong>martyrum,</strong></span> <span class='ocrx_word' id='word_1_185' title='bbox 2651 1362 2926 1417; x_wconf 89' lang='lat' dir='ltr'><strong>Douatiani</strong></span> <span class='ocrx_word' id='word_1_186' title='bbox 2973 1372 3027 1415; x_wconf 90' lang='lat' dir='ltr'><strong>et</strong></span> <span class='ocrx_word' id='word_1_187' title='bbox 3054 1363 3326 1430; x_wconf 74' lang='lat' dir='ltr'><strong>Rogatiatti</strong></span> <span class='ocrx_word' id='word_1_188' title='bbox 3356 1362 3595 1416; x_wconf 79' lang='lat' dir='ltr'><strong>fratrum.</strong></span> <span class='ocrx_word' id='word_1_189' title='bbox 3640 1365 3691 1416; x_wconf 92' lang='lat' dir='ltr'><strong>In</strong></span> 
     </span>
    </p>
   </div>
   <div class='ocr_carea' id='block_1_29' title="bbox 2125 1450 3696 1522">
    <p class='ocr_par' dir='ltr' id='par_1_29' title="bbox 2125 1450 3696 1522">
     <span class='ocr_line' id='line_1_29' title="bbox 2125 1450 3696 1522; baseline -0.002 -15"><span class='ocrx_word' id='word_1_190' title='bbox 2125 1454 2315 1507; x_wconf 77' lang='lat' dir='ltr'><strong>Histria</strong></span> <span class='ocrx_word' id='word_1_191' title='bbox 2351 1456 2526 1507; x_wconf 83' lang='lat' dir='ltr'><strong>natale</strong></span> <span class='ocrx_word' id='word_1_192' title='bbox 2548 1461 2852 1506; x_wconf 86' lang='lat' dir='ltr'><strong>sanctorum</strong></span> <span class='ocrx_word' id='word_1_193' title='bbox 2905 1451 3091 1513; x_wconf 80' lang='lat' dir='ltr'><strong>Zoelli,</strong></span> <span class='ocrx_word' id='word_1_194' title='bbox 3132 1450 3362 1519; x_wconf 83' lang='lat' dir='ltr'><strong>Servilii,</strong></span> <span class='ocrx_word' id='word_1_195' title='bbox 3395 1454 3607 1522; x_wconf 77' lang='lat' dir='ltr'><strong>Sylvani</strong></span> <span class='ocrx_word' id='word_1_196' title='bbox 3640 1464 3696 1506; x_wconf 92' lang='lat' dir='ltr'><strong>et</strong></span> 
     </span>
    </p>
   </div>
   <div class='ocr_carea' id='block_1_30' title="bbox 2128 1545 2337 1597">
    <p class='ocr_par' dir='ltr' id='par_1_30' title="bbox 2128 1545 2337 1597">
     <span class='ocr_line' id='line_1_30' title="bbox 2128 1545 2337 1597; baseline -0.01 0"><span class='ocrx_word' id='word_1_197' title='bbox 2128 1545 2337 1597; x_wconf 85' lang='lat' dir='ltr'><strong>Dioclis.</strong></span> 
     </span>
    </p>
   </div>
   <div class='ocr_carea' id='block_1_31' title="bbox 2199 1633 3696 1703">
    <p class='ocr_par' dir='ltr' id='par_1_31' title="bbox 2199 1633 3696 1703">
     <span class='ocr_line' id='line_1_31' title="bbox 2199 1633 3696 1703; baseline -0.001 -15"><span class='ocrx_word' id='word_1_198' title='bbox 2199 1636 2257 1690; x_wconf 82' lang='grc' dir='ltr'><strong>Ε.</strong></span> <span class='ocrx_word' id='word_1_199' title='bbox 2292 1634 2395 1688; x_wconf 84' lang='lat' dir='ltr'><strong>VIII</strong></span> <span class='ocrx_word' id='word_1_200' title='bbox 2426 1633 2559 1688; x_wconf 74' lang='grc' dir='ltr'><strong>ΚΑΙ..</strong></span> <span class='ocrx_word' id='word_1_201' title='bbox 2620 1635 2780 1689; x_wconf 75' lang='lat' dir='ltr'><strong>Jortn.</strong></span> <span class='ocrx_word' id='word_1_202' title='bbox 2808 1664 2875 1674; x_wconf 95' lang='lat'><strong><em>—</em></strong></span> <span class='ocrx_word' id='word_1_203' title='bbox 2898 1634 3078 1687; x_wconf 66' lang='lat' dir='ltr'><strong>Romae</strong></span> <span class='ocrx_word' id='word_1_204' title='bbox 3118 1634 3198 1687; x_wconf 83' lang='lat' dir='ltr'><strong>via</strong></span> <span class='ocrx_word' id='word_1_205' title='bbox 3244 1634 3592 1703; x_wconf 83' lang='lat' dir='ltr'><strong>Nuuieiitana,</strong></span> <span class='ocrx_word' id='word_1_206' title='bbox 3643 1636 3696 1687; x_wconf 84' lang='lat' dir='ltr'><strong>in</strong></span> 
     </span>
    </p>
   </div>
   <div class='ocr_carea' id='block_1_32' title="bbox 1694 1729 2467 1785">
    <p class='ocr_par' dir='ltr' id='par_1_32' title="bbox 1694 1729 2467 1785">
     <span class='ocr_line' id='line_1_32' title="bbox 1694 1729 2467 1785; baseline -0.001 -1"><span class='ocrx_word' id='word_1_207' title='bbox 1694 1732 1921 1784; x_wconf 81' lang='lat' dir='ltr'><strong>EDITIU</strong></span> <span class='ocrx_word' id='word_1_208' title='bbox 1964 1729 2467 1785; x_wconf 71' lang='lat' dir='ltr'><strong>BOLLANDIANA.</strong></span> 
     </span>
    </p>
   </div>
   <div class='ocr_carea' id='block_1_33' title="bbox 521 1822 2310 1892">
    <p class='ocr_par' dir='ltr' id='par_1_33' title="bbox 521 1822 2310 1892">
     <span class='ocr_line' id='line_1_33' title="bbox 521 1822 2310 1892; baseline -0.004 -12"><span class='ocrx_word' id='word_1_209' title='bbox 521 1827 613 1880; x_wconf 73' lang='grc'><strong>22.</strong></span> <span class='ocrx_word' id='word_1_210' title='bbox 639 1856 709 1867; x_wconf 91' lang='lat'><strong>-—</strong></span> <span class='ocrx_word' id='word_1_211' title='bbox 735 1827 800 1880; x_wconf 80' lang='lat' dir='ltr'><strong>XI</strong></span> <span class='ocrx_word' id='word_1_212' title='bbox 827 1826 964 1880; x_wconf 66' lang='grc' dir='ltr'><strong>ΚΑΙ..</strong></span> <span class='ocrx_word' id='word_1_213' title='bbox 999 1826 1049 1878; x_wconf 90' lang='lat' dir='ltr'><strong>In</strong></span> <span class='ocrx_word' id='word_1_214' title='bbox 1082 1824 1251 1878; x_wconf 78' lang='lat' dir='ltr'><strong>Africa</strong></span> <span class='ocrx_word' id='word_1_215' title='bbox 1300 1832 1325 1861; x_wconf 72' lang='grc'><strong><em>⁸</em></strong></span> <span class='ocrx_word' id='word_1_216' title='bbox 1376 1824 1515 1877; x_wconf 85' lang='lat' dir='ltr'><strong>Casti</strong></span> <span class='ocrx_word' id='word_1_217' title='bbox 1543 1835 1594 1876; x_wconf 90' lang='lat' dir='ltr'><strong>ct</strong></span> <span class='ocrx_word' id='word_1_218' title='bbox 1645 1824 1833 1892; x_wconf 72' lang='lat' dir='ltr'><strong>l‘lmylii</strong></span> <span class='ocrx_word' id='word_1_219' title='bbox 1866 1840 1880 1876; x_wconf 87' lang='lat'><strong>:</strong></span> <span class='ocrx_word' id='word_1_220' title='bbox 1931 1824 2017 1892; x_wconf 85' lang='lat' dir='ltr'><strong>qui</strong></span> <span class='ocrx_word' id='word_1_221' title='bbox 2055 1827 2097 1884; x_wconf 85' lang='grc' dir='ltr'><strong><em>Β</em></strong></span> <span class='ocrx_word' id='word_1_222' title='bbox 2197 1822 2256 1874; x_wconf 91' lang='lat' dir='ltr'><strong>D.</strong></span> <span class='ocrx_word' id='word_1_223' title='bbox 2296 1862 2310 1885; x_wconf 92' lang='lat'><strong>,</strong></span> 
     </span>
    </p>
   </div>
   <div class='ocr_carea' id='block_1_34' title="bbox 460 1919 2021 1986">
    <p class='ocr_par' dir='ltr' id='par_1_34' title="bbox 460 1919 2021 1986">
     <span class='ocr_line' id='line_1_34' title="bbox 460 1919 2021 1986; baseline -0.003 -15"><span class='ocrx_word' id='word_1_224' title='bbox 460 1933 555 1986; x_wconf 84' lang='lat' dir='ltr'><strong>per</strong></span> <span class='ocrx_word' id='word_1_225' title='bbox 614 1920 784 1986; x_wconf 81' lang='lat' dir='ltr'><strong>ignem</strong></span> <span class='ocrx_word' id='word_1_226' title='bbox 829 1919 1084 1985; x_wconf 79' lang='lat' dir='ltr'><strong>passiOnis</strong></span> <span class='ocrx_word' id='word_1_227' title='bbox 1136 1919 1445 1986; x_wconf 87' lang='lat' dir='ltr'><strong>martyrium</strong></span> <span class='ocrx_word' id='word_1_228' title='bbox 1502 1925 2021 1969; x_wconf 73' lang='lat' dir='ltr'><strong>consummaverunt.</strong></span> 
     </span>
    </p>
   </div>
   <div class='ocr_carea' id='block_1_35' title="bbox 455 2005 1727 2078">
    <p class='ocr_par' dir='ltr' id='par_1_35' title="bbox 455 2005 1727 2078">
     <span class='ocr_line' id='line_1_35' title="bbox 455 2005 1727 2078; baseline -0.004 -15"><span class='ocrx_word' id='word_1_229' title='bbox 455 2005 483 2045; x_wconf 69' lang='grc' dir='ltr'>δ</span> <span class='ocrx_word' id='word_1_230' title='bbox 513 2007 734 2074; x_wconf 84' lang='lat' dir='ltr'><strong>Scripsit</strong></span> <span class='ocrx_word' id='word_1_231' title='bbox 760 2009 856 2061; x_wconf 90' lang='lat' dir='ltr'><strong>lioc</strong></span> <span class='ocrx_word' id='word_1_232' title='bbox 877 2007 1167 2078; x_wconf 77' lang='lat' dir='ltr'><strong>(Iyprianus</strong></span> <span class='ocrx_word' id='word_1_233' title='bbox 1195 2007 1244 2059; x_wconf 90' lang='lat' dir='ltr'><strong>iti</strong></span> <span class='ocrx_word' id='word_1_234' title='bbox 1276 2008 1408 2059; x_wconf 88' lang='lat' dir='ltr'><strong>libro</strong></span> <span class='ocrx_word' id='word_1_235' title='bbox 1430 2007 1493 2059; x_wconf 88' lang='lat' dir='ltr'><strong>de</strong></span> <span class='ocrx_word' id='word_1_236' title='bbox 1525 2007 1727 2073; x_wconf 87' lang='lat' dir='ltr'><strong>Lapsis.</strong></span> 
     </span>
    </p>
   </div>
   <div class='ocr_carea' id='block_1_36' title="bbox 529 2138 2016 2206">
    <p class='ocr_par' dir='ltr' id='par_1_36' title="bbox 529 2138 2016 2206">
     <span class='ocr_line' id='line_1_36' title="bbox 529 2138 2016 2206; baseline -0.001 -14"><span class='ocrx_word' id='word_1_237' title='bbox 529 2140 585 2192; x_wconf 88' lang='grc' dir='ltr'><strong>Β.</strong></span> <span class='ocrx_word' id='word_1_238' title='bbox 621 2181 637 2206; x_wconf 88' lang='grc'><em>,</em></span> <span class='ocrx_word' id='word_1_239' title='bbox 671 2139 851 2192; x_wconf 73' lang='lat' dir='ltr'><strong>Romae</strong></span> <span class='ocrx_word' id='word_1_240' title='bbox 886 2148 993 2193; x_wconf 90' lang='lat' dir='ltr'><strong>nat.</strong></span> <span class='ocrx_word' id='word_1_241' title='bbox 1024 2139 1119 2193; x_wconf 88' lang='lat' dir='ltr'><strong>SS.</strong></span> <span class='ocrx_word' id='word_1_242' title='bbox 1162 2138 1417 2200; x_wconf 81' lang='lat' dir='ltr'><strong>Faustini,</strong></span> <span class='ocrx_word' id='word_1_243' title='bbox 1452 2138 1735 2197; x_wconf 86' lang='lat' dir='ltr'><strong>Timothei,</strong></span> <span class='ocrx_word' id='word_1_244' title='bbox 1782 2138 2016 2191; x_wconf 62' lang='lat' dir='ltr'><strong>Venusii.</strong></span> 
     </span>
    </p>
   </div>
   <div class='ocr_carea' id='block_1_37' title="bbox 460 2207 2019 2272">
    <p class='ocr_par' dir='ltr' id='par_1_37' title="bbox 460 2207 2019 2272">
     <span class='ocr_line' id='line_1_37' title="bbox 460 2207 2019 2272; baseline -0.001 -10"><span class='ocrx_word' id='word_1_245' title='bbox 460 2207 516 2262; x_wconf 87' lang='lat' dir='ltr'><strong>In</strong></span> <span class='ocrx_word' id='word_1_246' title='bbox 542 2207 753 2262; x_wconf 82' lang='lat' dir='ltr'><strong>Corsica</strong></span> <span class='ocrx_word' id='word_1_247' title='bbox 802 2210 972 2261; x_wconf 77' lang='lat' dir='ltr'><strong>insula</strong></span> <span class='ocrx_word' id='word_1_248' title='bbox 1019 2209 1188 2272; x_wconf 87' lang='lat' dir='ltr'><strong>passio</strong></span> <span class='ocrx_word' id='word_1_249' title='bbox 1237 2209 1292 2263; x_wconf 92' lang='lat' dir='ltr'><strong>S.</strong></span> <span class='ocrx_word' id='word_1_250' title='bbox 1326 2212 1346 2238; x_wconf 73' lang='grc' dir='ltr'>θ</span> <span class='ocrx_word' id='word_1_251' title='bbox 1374 2207 1547 2263; x_wconf 65' lang='grc' dir='ltr'><strong>ΙυΙὶίιξ.</strong></span> <span class='ocrx_word' id='word_1_252' title='bbox 1596 2208 1647 2262; x_wconf 92' lang='lat' dir='ltr'><strong>In</strong></span> <span class='ocrx_word' id='word_1_253' title='bbox 1684 2207 2019 2260; x_wconf 82' lang='lat' dir='ltr'><strong>Atttisiodoro</strong></span> 
     </span>
    </p>
   </div>
   <div class='ocr_carea' id='block_1_38' title="bbox 458 2278 1320 2347">
    <p class='ocr_par' dir='ltr' id='par_1_38' title="bbox 458 2278 1320 2347">
     <span class='ocr_line' id='line_1_38' title="bbox 458 2278 1320 2347; baseline -0.002 -15"><span class='ocrx_word' id='word_1_254' title='bbox 458 2278 721 2347; x_wconf 81' lang='lat' dir='ltr'><strong>depositio</strong></span> <span class='ocrx_word' id='word_1_255' title='bbox 749 2278 804 2333; x_wconf 88' lang='lat' dir='ltr'><strong>S.</strong></span> <span class='ocrx_word' id='word_1_256' title='bbox 834 2284 858 2322; x_wconf 74' lang='grc' dir='ltr'>ἀ</span> <span class='ocrx_word' id='word_1_257' title='bbox 888 2279 1060 2330; x_wconf 72' lang='lat' dir='ltr'><strong>Elcna:</strong></span> <span class='ocrx_word' id='word_1_258' title='bbox 1086 2278 1320 2347; x_wconf 80' lang='lat' dir='ltr'><strong>virginis.</strong></span> 
     </span>
    </p>
   </div>
   <div class='ocr_carea' id='block_1_39' title="bbox 523 2388 1345 2445">
    <p class='ocr_par' dir='ltr' id='par_1_39' title="bbox 523 2388 1345 2445">
     <span class='ocr_line' id='line_1_39' title="bbox 523 2388 1345 2445; baseline -0.001 -1"><span class='ocrx_word' id='word_1_259' title='bbox 523 2388 615 2444; x_wconf 68' lang='grc'><strong>25.</strong></span> <span class='ocrx_word' id='word_1_260' title='bbox 650 2420 715 2431; x_wconf 89' lang='lat'><strong>-—</strong></span> <span class='ocrx_word' id='word_1_261' title='bbox 742 2390 788 2444; x_wconf 82' lang='grc' dir='ltr'><strong>Χ</strong></span> <span class='ocrx_word' id='word_1_262' title='bbox 817 2390 947 2444; x_wconf 67' lang='grc' dir='ltr'><strong>ΚΑΙ..</strong></span> <span class='ocrx_word' id='word_1_263' title='bbox 987 2391 1143 2443; x_wconf 79' lang='lat' dir='ltr'><strong>Vacat</strong></span> <span class='ocrx_word' id='word_1_264' title='bbox 1174 2390 1345 2445; x_wconf 67' lang='lat' dir='ltr'><strong>litetla.</strong></span> 
     </span>
    </p>
   </div>
   <div class='ocr_carea' id='block_1_40' title="bbox 526 2497 2016 2565">
    <p class='ocr_par' dir='ltr' id='par_1_40' title="bbox 526 2497 2016 2565">
     <span class='ocr_line' id='line_1_40' title="bbox 526 2497 2016 2565; baseline -0.005 -8"><span class='ocrx_word' id='word_1_265' title='bbox 526 2500 713 2557; x_wconf 71' lang='lat' dir='ltr'><strong>Florus</strong></span> <span class='ocrx_word' id='word_1_266' title='bbox 749 2502 800 2553; x_wconf 91' lang='lat' dir='ltr'><strong>in</strong></span> <span class='ocrx_word' id='word_1_267' title='bbox 826 2500 889 2554; x_wconf 88' lang='lat' dir='ltr'><strong>T.</strong></span> <span class='ocrx_word' id='word_1_268' title='bbox 923 2499 981 2553; x_wconf 87' lang='lat' dir='ltr'><strong>L.</strong></span> <span class='ocrx_word' id='word_1_269' title='bbox 1017 2539 1032 2563; x_wconf 95' lang='lat'><strong>,</strong></span> <span class='ocrx_word' id='word_1_270' title='bbox 1066 2497 1119 2550; x_wconf 85' lang='lat' dir='ltr'><strong>In</strong></span> <span class='ocrx_word' id='word_1_271' title='bbox 1146 2498 1319 2552; x_wconf 77' lang='lat' dir='ltr'><strong>Africa</strong></span> <span class='ocrx_word' id='word_1_272' title='bbox 1381 2499 1555 2565; x_wconf 62' lang='lat' dir='ltr'><strong>pas-tio</strong></span> <span class='ocrx_word' id='word_1_273' title='bbox 1619 2498 1811 2551; x_wconf 86' lang='lat' dir='ltr'><strong>Juliani</strong></span> <span class='ocrx_word' id='word_1_274' title='bbox 1875 2513 2016 2549; x_wconf 83' lang='lat' dir='ltr'><strong>mar—</strong></span> 
     </span>
    </p>
   </div>
   <div class='ocr_carea' id='block_1_41' title="bbox 452 2574 2015 2664">
    <p class='ocr_par' dir='ltr' id='par_1_41' title="bbox 452 2574 2015 2664">
     <span class='ocr_line' id='line_1_41' title="bbox 452 2574 2015 2664; baseline -0.004 -15"><span class='ocrx_word' id='word_1_275' title='bbox 452 2595 605 2664; x_wconf 78' lang='lat' dir='ltr'><strong>tyris.</strong></span> <span class='ocrx_word' id='word_1_276' title='bbox 643 2592 704 2646; x_wconf 86' lang='lat' dir='ltr'><strong>Et</strong></span> <span class='ocrx_word' id='word_1_277' title='bbox 732 2590 785 2643; x_wconf 92' lang='lat' dir='ltr'><strong>in</strong></span> <span class='ocrx_word' id='word_1_278' title='bbox 816 2574 1010 2643; x_wconf 59' lang='lat' dir='ltr'><strong>Vienna</strong></span> <span class='ocrx_word' id='word_1_279' title='bbox 1040 2589 1302 2655; x_wconf 69' lang='lat' dir='ltr'><strong>depositio</strong></span> <span class='ocrx_word' id='word_1_280' title='bbox 1327 2589 1385 2641; x_wconf 88' lang='grc'><strong>8.</strong></span> <span class='ocrx_word' id='word_1_281' title='bbox 1414 2591 1435 2617; x_wconf 76' lang='grc' dir='ltr'>θ</span> <span class='ocrx_word' id='word_1_282' title='bbox 1462 2588 1714 2640; x_wconf 60' lang='grc' dir='ltr'><strong>Βθςὶιιετὶἰ</strong></span> <span class='ocrx_word' id='word_1_283' title='bbox 1743 2588 1973 2655; x_wconf 83' lang='lat' dir='ltr'><strong>episcopi</strong></span> <span class='ocrx_word' id='word_1_284' title='bbox 2002 2604 2015 2642; x_wconf 87' lang='lat'>:</span> 
     </span>
    </p>
   </div>
   <div class='ocr_carea' id='block_1_42' title="bbox 462 2677 2019 2747">
    <p class='ocr_par' dir='ltr' id='par_1_42' title="bbox 462 2677 2019 2747">
     <span class='ocr_line' id='line_1_42' title="bbox 462 2677 2019 2747; baseline -0.001 -15"><span class='ocrx_word' id='word_1_285' title='bbox 462 2681 549 2747; x_wconf 91' lang='lat' dir='ltr'><strong>qui</strong></span> <span class='ocrx_word' id='word_1_286' title='bbox 595 2680 745 2747; x_wconf 88' lang='lat' dir='ltr'><strong>jussu</strong></span> <span class='ocrx_word' id='word_1_287' title='bbox 791 2677 1102 2733; x_wconf 83' lang='lat' dir='ltr'><strong>Theodorici</strong></span> <span class='ocrx_word' id='word_1_288' title='bbox 1133 2678 1273 2745; x_wconf 85' lang='lat' dir='ltr'><strong>regis</strong></span> <span class='ocrx_word' id='word_1_289' title='bbox 1320 2687 1373 2731; x_wconf 84' lang='lat' dir='ltr'><strong>et</strong></span> <span class='ocrx_word' id='word_1_290' title='bbox 1422 2678 1781 2731; x_wconf 77' lang='lat' dir='ltr'><strong>llrunechildis</strong></span> <span class='ocrx_word' id='word_1_291' title='bbox 1829 2679 2019 2743; x_wconf 75' lang='lat' dir='ltr'><strong>regina:</strong></span> 
     </span>
    </p>
   </div>
   <div class='ocr_carea' id='block_1_43' title="bbox 459 2769 2013 2839">
    <p class='ocr_par' dir='ltr' id='par_1_43' title="bbox 459 2769 2013 2839">
     <span class='ocr_line' id='line_1_43' title="bbox 459 2769 2013 2839; baseline 0.003 -18"><span class='ocrx_word' id='word_1_292' title='bbox 459 2769 626 2836; x_wconf 88' lang='lat' dir='ltr'><strong>primo</strong></span> <span class='ocrx_word' id='word_1_293' title='bbox 656 2781 736 2825; x_wconf 88' lang='lat' dir='ltr'><strong>cst</strong></span> <span class='ocrx_word' id='word_1_294' title='bbox 786 2771 1071 2839; x_wconf 88' lang='lat' dir='ltr'><strong>lapidatus:</strong></span> <span class='ocrx_word' id='word_1_295' title='bbox 1121 2781 1173 2823; x_wconf 91' lang='lat' dir='ltr'><strong>et</strong></span> <span class='ocrx_word' id='word_1_296' title='bbox 1220 2786 1337 2823; x_wconf 91' lang='lat' dir='ltr'><strong>cum</strong></span> <span class='ocrx_word' id='word_1_297' title='bbox 1373 2772 1480 2838; x_wconf 85' lang='lat' dir='ltr'><strong>jam</strong></span> <span class='ocrx_word' id='word_1_298' title='bbox 1514 2772 1671 2823; x_wconf 87' lang='lat' dir='ltr'><strong>vitam</strong></span> <span class='ocrx_word' id='word_1_299' title='bbox 1721 2772 2013 2835; x_wconf 72' lang='lat' dir='ltr'><strong>exhalaret,</strong></span> 
     </span>
    </p>
   </div>
   <div class='ocr_carea' id='block_1_44' title="bbox 454 2860 1894 2930">
    <p class='ocr_par' dir='ltr' id='par_1_44' title="bbox 454 2860 1894 2930">
     <span class='ocr_line' id='line_1_44' title="bbox 454 2860 1894 2930; baseline 0.002 -18"><span class='ocrx_word' id='word_1_300' title='bbox 454 2860 593 2916; x_wconf 76' lang='lat' dir='ltr'><strong>fuste</strong></span> <span class='ocrx_word' id='word_1_301' title='bbox 618 2863 670 2918; x_wconf 88' lang='lat' dir='ltr'><strong>in</strong></span> <span class='ocrx_word' id='word_1_302' title='bbox 694 2861 885 2916; x_wconf 80' lang='lat' dir='ltr'><strong>Collum</strong></span> <span class='ocrx_word' id='word_1_303' title='bbox 910 2874 1211 2930; x_wconf 85' lang='lat' dir='ltr'><strong>percussus,</strong></span> <span class='ocrx_word' id='word_1_304' title='bbox 1237 2869 1290 2914; x_wconf 92' lang='lat' dir='ltr'><strong>et</strong></span> <span class='ocrx_word' id='word_1_305' title='bbox 1318 2864 1394 2915; x_wconf 90' lang='lat' dir='ltr'><strong>sic</strong></span> <span class='ocrx_word' id='word_1_306' title='bbox 1424 2865 1767 2930; x_wconf 89' lang='lat' dir='ltr'><strong>interemptus</strong></span> <span class='ocrx_word' id='word_1_307' title='bbox 1793 2871 1894 2916; x_wconf 88' lang='lat' dir='ltr'><strong>est.</strong></span> 
     </span>
    </p>
   </div>
   <div class='ocr_carea' id='block_1_45' title="bbox 2362 1817 3695 1888">
    <p class='ocr_par' dir='ltr' id='par_1_45' title="bbox 2362 1817 3695 1888">
     <span class='ocr_line' id='line_1_45' title="bbox 2362 1817 3695 1888; baseline 0 -15"><span class='ocrx_word' id='word_1_308' title='bbox 2362 1822 2541 1873; x_wconf 67' lang='lat' dir='ltr'><strong>Romae</strong></span> <span class='ocrx_word' id='word_1_309' title='bbox 2574 1817 2593 1856; x_wconf 71' lang='grc' dir='ltr'><em>τ</em></span> <span class='ocrx_word' id='word_1_310' title='bbox 2641 1817 2755 1872; x_wconf 89' lang='lat' dir='ltr'><strong>Gaii</strong></span> <span class='ocrx_word' id='word_1_311' title='bbox 2791 1834 2936 1888; x_wconf 61' lang='lat' dir='ltr'><strong>papre</strong></span> <span class='ocrx_word' id='word_1_312' title='bbox 2982 1829 3036 1871; x_wconf 88' lang='lat' dir='ltr'><strong>et</strong></span> <span class='ocrx_word' id='word_1_313' title='bbox 3076 1818 3294 1872; x_wconf 79' lang='lat' dir='ltr'><strong>aliorum</strong></span> <span class='ocrx_word' id='word_1_314' title='bbox 3340 1819 3695 1873; x_wconf 81' lang='lat' dir='ltr'><strong>ducentorum</strong></span> 
     </span>
    </p>
   </div>
   <div class='ocr_carea' id='block_1_46' title="bbox 2129 1888 3687 1959">
    <p class='ocr_par' dir='ltr' id='par_1_46' title="bbox 2129 1888 3687 1959">
     <span class='ocr_line' id='line_1_46' title="bbox 2129 1888 3687 1959; baseline 0.001 -17"><span class='ocrx_word' id='word_1_315' title='bbox 2129 1892 2524 1959; x_wconf 68' lang='lat' dir='ltr'><strong>quinquaginta.</strong></span> <span class='ocrx_word' id='word_1_316' title='bbox 2553 1890 2809 1956; x_wconf 86' lang='lat' dir='ltr'><strong>Lugduno</strong></span> <span class='ocrx_word' id='word_1_317' title='bbox 2841 1898 2865 1935; x_wconf 76' lang='lat'><strong>8</strong></span> <span class='ocrx_word' id='word_1_318' title='bbox 2904 1890 3168 1952; x_wconf 77' lang='lat' dir='ltr'><strong>Epipotlii.</strong></span> <span class='ocrx_word' id='word_1_319' title='bbox 3201 1889 3258 1941; x_wconf 83' lang='lat' dir='ltr'><strong>V.</strong></span> <span class='ocrx_word' id='word_1_320' title='bbox 3286 1888 3532 1959; x_wconf 29' lang='lat' dir='ltr'><strong>[Vienna</strong></span> <span class='ocrx_word' id='word_1_321' title='bbox 3568 1907 3687 1953; x_wconf 80' lang='lat' dir='ltr'><strong>pas</strong></span> 
     </span>
    </p>
   </div>
   <div class='ocr_carea' id='block_1_47' title="bbox 2125 1958 3693 2029">
    <p class='ocr_par' dir='ltr' id='par_1_47' title="bbox 2125 1958 3693 2029">
     <span class='ocr_line' id='line_1_47' title="bbox 2125 1958 3693 2029; baseline 0.001 -18"><span class='ocrx_word' id='word_1_322' title='bbox 2125 1978 2205 2011; x_wconf 84' lang='lat' dir='ltr'><strong>sio</strong></span> <span class='ocrx_word' id='word_1_323' title='bbox 2233 1958 2288 2015; x_wconf 78' lang='lat' dir='ltr'><strong>S.</strong></span> <span class='ocrx_word' id='word_1_324' title='bbox 2319 1960 2570 2015; x_wconf 84' lang='lat' dir='ltr'><strong>Desiderii</strong></span> <span class='ocrx_word' id='word_1_325' title='bbox 2604 1961 2869 2029; x_wconf 73' lang='lat' dir='ltr'><strong>martyris,</strong></span> <span class='ocrx_word' id='word_1_326' title='bbox 2907 1961 3082 2025; x_wconf 75' lang='lat' dir='ltr'><strong>Quinti</strong></span> <span class='ocrx_word' id='word_1_327' title='bbox 3115 1959 3278 2018; x_wconf 85' lang='lat' dir='ltr'><strong>Lucii,</strong></span> <span class='ocrx_word' id='word_1_328' title='bbox 3302 1958 3555 2012; x_wconf 79' lang='lat' dir='ltr'><strong>Januarii.</strong></span> <span class='ocrx_word' id='word_1_329' title='bbox 3600 1964 3693 2017; x_wconf 80' lang='grc' dir='ltr'><strong>Α..</strong></span> 
     </span>
    </p>
   </div>
   <div class='ocr_carea' id='block_1_48' title="bbox 2125 2029 3694 2098">
    <p class='ocr_par' dir='ltr' id='par_1_48' title="bbox 2125 2029 3694 2098">
     <span class='ocr_line' id='line_1_48' title="bbox 2125 2029 3694 2098; baseline -0.001 -16"><span class='ocrx_word' id='word_1_330' title='bbox 2125 2032 2306 2082; x_wconf 77' lang='lat' dir='ltr'><strong>Natale</strong></span> <span class='ocrx_word' id='word_1_331' title='bbox 2328 2032 2384 2083; x_wconf 86' lang='grc'><strong>8.</strong></span> <span class='ocrx_word' id='word_1_332' title='bbox 2414 2029 2534 2082; x_wconf 85' lang='lat' dir='ltr'><strong>Julii</strong></span> <span class='ocrx_word' id='word_1_333' title='bbox 2564 2034 2826 2098; x_wconf 81' lang='lat' dir='ltr'><strong>martyris.</strong></span> <span class='ocrx_word' id='word_1_334' title='bbox 2867 2030 2928 2081; x_wconf 85' lang='lat' dir='ltr'><strong>Et</strong></span> <span class='ocrx_word' id='word_1_335' title='bbox 2961 2029 3212 2082; x_wconf 58' lang='lat' dir='ltr'><strong>D&#39;sitlcrii</strong></span> <span class='ocrx_word' id='word_1_336' title='bbox 3244 2030 3498 2095; x_wconf 77' lang='lat' dir='ltr'><strong>episcopi.</strong></span> <span class='ocrx_word' id='word_1_337' title='bbox 3528 2031 3609 2090; x_wconf 74' lang='grc' dir='ltr'><strong>Β..</strong></span> <span class='ocrx_word' id='word_1_338' title='bbox 3639 2031 3694 2081; x_wconf 89' lang='lat' dir='ltr'><strong>In</strong></span> 
     </span>
    </p>
   </div>
   <div class='ocr_carea' id='block_1_49' title="bbox 2129 2098 3695 2165">
    <p class='ocr_par' dir='ltr' id='par_1_49' title="bbox 2129 2098 3695 2165">
     <span class='ocr_line' id='line_1_49' title="bbox 2129 2098 3695 2165; baseline -0.001 -13"><span class='ocrx_word' id='word_1_339' title='bbox 2129 2100 2301 2153; x_wconf 77' lang='lat' dir='ltr'><strong>Africa</strong></span> <span class='ocrx_word' id='word_1_340' title='bbox 2355 2098 2378 2134; x_wconf 68' lang='grc' dir='ltr'>δ</span> <span class='ocrx_word' id='word_1_341' title='bbox 2431 2100 2634 2165; x_wconf 81' lang='lat' dir='ltr'><strong>Quinti,</strong></span> <span class='ocrx_word' id='word_1_342' title='bbox 2692 2100 2858 2151; x_wconf 90' lang='lat' dir='ltr'><strong>Lucii.</strong></span> <span class='ocrx_word' id='word_1_343' title='bbox 2888 2099 3080 2152; x_wconf 81' lang='lat' dir='ltr'><strong>llienna</strong></span> <span class='ocrx_word' id='word_1_344' title='bbox 3121 2100 3291 2165; x_wconf 75' lang='lat' dir='ltr'><strong>passio</strong></span> <span class='ocrx_word' id='word_1_345' title='bbox 3331 2098 3386 2151; x_wconf 86' lang='grc'><strong>8.</strong></span> <span class='ocrx_word' id='word_1_346' title='bbox 3434 2100 3695 2151; x_wconf 82' lang='lat' dir='ltr'><strong>Desiderii</strong></span> 
     </span>
    </p>
   </div>
   <div class='ocr_carea' id='block_1_50' title="bbox 2123 2168 3692 2237">
    <p class='ocr_par' dir='ltr' id='par_1_50' title="bbox 2123 2168 3692 2237">
     <span class='ocr_line' id='line_1_50' title="bbox 2123 2168 3692 2237; baseline -0.003 -16"><span class='ocrx_word' id='word_1_347' title='bbox 2123 2169 2355 2236; x_wconf 74' lang='lat' dir='ltr'><strong>episcopi</strong></span> <span class='ocrx_word' id='word_1_348' title='bbox 2385 2179 2439 2221; x_wconf 91' lang='lat' dir='ltr'><strong>et</strong></span> <span class='ocrx_word' id='word_1_349' title='bbox 2466 2169 2735 2237; x_wconf 75' lang='lat' dir='ltr'><strong>martyris.</strong></span> <span class='ocrx_word' id='word_1_350' title='bbox 2796 2168 2849 2221; x_wconf 92' lang='lat' dir='ltr'><strong>In</strong></span> <span class='ocrx_word' id='word_1_351' title='bbox 2880 2168 3139 2233; x_wconf 84' lang='lat' dir='ltr'><strong>Hispaniis</strong></span> <span class='ocrx_word' id='word_1_352' title='bbox 3171 2177 3276 2221; x_wconf 89' lang='lat' dir='ltr'><strong>nat.</strong></span> <span class='ocrx_word' id='word_1_353' title='bbox 3331 2168 3424 2221; x_wconf 90' lang='lat' dir='ltr'><strong>SS.</strong></span> <span class='ocrx_word' id='word_1_354' title='bbox 3459 2170 3692 2235; x_wconf 72' lang='lat' dir='ltr'><strong>Epictiti,</strong></span> 
     </span>
    </p>
   </div>
   <div class='ocr_carea' id='block_1_51' title="bbox 2121 2237 2825 2305">
    <p class='ocr_par' dir='ltr' id='par_1_51' title="bbox 2121 2237 2825 2305">
     <span class='ocr_line' id='line_1_51' title="bbox 2121 2237 2825 2305; baseline 0 -14"><span class='ocrx_word' id='word_1_355' title='bbox 2121 2237 2335 2305; x_wconf 54' lang='lat' dir='ltr'><strong>Aptoiii,</strong></span> <span class='ocrx_word' id='word_1_356' title='bbox 2362 2238 2537 2291; x_wconf 82' lang='lat' dir='ltr'><strong>Basilii</strong></span> <span class='ocrx_word' id='word_1_357' title='bbox 2568 2238 2825 2304; x_wconf 75' lang='lat' dir='ltr'><strong>episcopi.</strong></span> 
     </span>
    </p>
   </div>
   <div class='ocr_carea' id='block_1_52' title="bbox 2194 2326 3055 2382">
    <p class='ocr_par' dir='ltr' id='par_1_52' title="bbox 2194 2326 3055 2382">
     <span class='ocr_line' id='line_1_52' title="bbox 2194 2326 3055 2382; baseline -0.001 -1"><span class='ocrx_word' id='word_1_358' title='bbox 2194 2328 2285 2381; x_wconf 70' lang='grc'><strong>24.</strong></span> <span class='ocrx_word' id='word_1_359' title='bbox 2324 2356 2394 2368; x_wconf 89' lang='lat'><strong>-—</strong></span> <span class='ocrx_word' id='word_1_360' title='bbox 2435 2328 2497 2381; x_wconf 84' lang='grc' dir='ltr'><strong>ΙΧ</strong></span> <span class='ocrx_word' id='word_1_361' title='bbox 2532 2326 2662 2382; x_wconf 68' lang='grc' dir='ltr'><strong>ΚΜ..</strong></span> <span class='ocrx_word' id='word_1_362' title='bbox 2693 2327 2851 2381; x_wconf 78' lang='lat' dir='ltr'><strong>Vacat</strong></span> <span class='ocrx_word' id='word_1_363' title='bbox 2878 2328 3055 2381; x_wconf 64' lang='lat' dir='ltr'><strong>Baeda.</strong></span> 
     </span>
    </p>
   </div>
   <div class='ocr_carea' id='block_1_53' title="bbox 2200 2416 3693 2483">
    <p class='ocr_par' dir='ltr' id='par_1_53' title="bbox 2200 2416 3693 2483">
     <span class='ocr_line' id='line_1_53' title="bbox 2200 2416 3693 2483; baseline 0.003 -14"><span class='ocrx_word' id='word_1_364' title='bbox 2200 2416 2336 2483; x_wconf 77' lang='lat' dir='ltr'><strong>l).,i</strong></span> <span class='ocrx_word' id='word_1_365' title='bbox 2400 2419 2650 2471; x_wconf 81' lang='lat' dir='ltr'><strong>Manahen</strong></span> <span class='ocrx_word' id='word_1_366' title='bbox 2715 2418 2938 2471; x_wconf 84' lang='lat' dir='ltr'><strong>Herodis</strong></span> <span class='ocrx_word' id='word_1_367' title='bbox 2991 2419 3338 2482; x_wconf 78' lang='lat' dir='ltr'><strong>collactanei,</strong></span> <span class='ocrx_word' id='word_1_368' title='bbox 3395 2419 3693 2473; x_wconf 59' lang='lat' dir='ltr'><strong>Amiochie</strong></span> 
     </span>
    </p>
   </div>
   <div class='ocr_carea' id='block_1_54' title="bbox 2124 2488 3683 2558">
    <p class='ocr_par' dir='ltr' id='par_1_54' title="bbox 2124 2488 3683 2558">
     <span class='ocr_line' id='line_1_54' title="bbox 2124 2488 3683 2558; baseline -0.001 -17"><span class='ocrx_word' id='word_1_369' title='bbox 2124 2491 2463 2558; x_wconf 74' lang='lat' dir='ltr'><strong>quiescentis.</strong></span> <span class='ocrx_word' id='word_1_370' title='bbox 2497 2489 2555 2540; x_wconf 77' lang='grc' dir='ltr'><strong>Β.</strong></span> <span class='ocrx_word' id='word_1_371' title='bbox 2594 2489 2651 2558; x_wconf 62' lang='grc' dir='ltr'><strong>ν.</strong></span> <span class='ocrx_word' id='word_1_372' title='bbox 2683 2528 2697 2549; x_wconf 86' lang='grc'>,</span> <span class='ocrx_word' id='word_1_373' title='bbox 2731 2488 2782 2539; x_wconf 91' lang='lat' dir='ltr'><strong>lti</strong></span> <span class='ocrx_word' id='word_1_374' title='bbox 2814 2489 2968 2540; x_wconf 78' lang='lat' dir='ltr'><strong>i’ortu</strong></span> <span class='ocrx_word' id='word_1_375' title='bbox 2997 2488 3233 2540; x_wconf 78' lang='lat' dir='ltr'><strong>Romano</strong></span> <span class='ocrx_word' id='word_1_376' title='bbox 3260 2492 3431 2542; x_wconf 82' lang='lat' dir='ltr'><strong>natale</strong></span> <span class='ocrx_word' id='word_1_377' title='bbox 3459 2490 3513 2542; x_wconf 92' lang='grc'><strong>8.</strong></span> <span class='ocrx_word' id='word_1_378' title='bbox 3562 2490 3683 2541; x_wconf 67' lang='lat' dir='ltr'><strong>Vin-</strong></span> 
     </span>
    </p>
   </div>
   <div class='ocr_carea' id='block_1_55' title="bbox 2124 2557 3693 2627">
    <p class='ocr_par' dir='ltr' id='par_1_55' title="bbox 2124 2557 3693 2627">
     <span class='ocr_line' id='line_1_55' title="bbox 2124 2557 3693 2627; baseline 0.001 -16"><span class='ocrx_word' id='word_1_379' title='bbox 2124 2561 2306 2611; x_wconf 67' lang='lat' dir='ltr'><strong>t&#39;enlii.</strong></span> <span class='ocrx_word' id='word_1_380' title='bbox 2349 2558 2402 2610; x_wconf 89' lang='lat' dir='ltr'><strong>In</strong></span> <span class='ocrx_word' id='word_1_381' title='bbox 2432 2560 2583 2627; x_wconf 80' lang='lat' dir='ltr'><strong>Syria</strong></span> <span class='ocrx_word' id='word_1_382' title='bbox 2614 2557 2769 2619; x_wconf 73' lang='lat' dir='ltr'><strong>Zuili,</strong></span> <span class='ocrx_word' id='word_1_383' title='bbox 2797 2558 2995 2612; x_wconf 86' lang='lat' dir='ltr'><strong>Saturi.</strong></span> <span class='ocrx_word' id='word_1_384' title='bbox 3031 2560 3085 2610; x_wconf 64' lang='lat' dir='ltr'><strong>ll.</strong></span> <span class='ocrx_word' id='word_1_385' title='bbox 3122 2601 3136 2621; x_wconf 87' lang='lat'><strong>,</strong></span> <span class='ocrx_word' id='word_1_386' title='bbox 3167 2559 3345 2621; x_wconf 81' lang='lat' dir='ltr'><strong>Timii,</strong></span> <span class='ocrx_word' id='word_1_387' title='bbox 3396 2560 3693 2612; x_wconf 83' lang='lat' dir='ltr'><strong>Saturnini.</strong></span> 
     </span>
    </p>
   </div>
   <div class='ocr_carea' id='block_1_56' title="bbox 2130 2628 3693 2694">
    <p class='ocr_par' dir='ltr' id='par_1_56' title="bbox 2130 2628 3693 2694">
     <span class='ocr_line' id='line_1_56' title="bbox 2130 2628 3693 2694; baseline 0.002 -15"><span class='ocrx_word' id='word_1_388' title='bbox 2130 2628 2188 2681; x_wconf 77' lang='lat' dir='ltr'><strong>ll.</strong></span> <span class='ocrx_word' id='word_1_389' title='bbox 2214 2632 2276 2681; x_wconf 84' lang='lat' dir='ltr'><strong>A.</strong></span> <span class='ocrx_word' id='word_1_390' title='bbox 2306 2629 2368 2681; x_wconf 87' lang='grc' dir='ltr'><strong>Τ.</strong></span> <span class='ocrx_word' id='word_1_391' title='bbox 2406 2628 2464 2680; x_wconf 86' lang='grc' dir='ltr'><strong>Ι..</strong></span> <span class='ocrx_word' id='word_1_392' title='bbox 2494 2672 2507 2685; x_wconf 82' lang='grc'>,</span> <span class='ocrx_word' id='word_1_393' title='bbox 2558 2630 2611 2679; x_wconf 86' lang='grc' dir='ltr'><strong>1η</strong></span> <span class='ocrx_word' id='word_1_394' title='bbox 2640 2628 2805 2680; x_wconf 80' lang='lat' dir='ltr'><strong>Callia</strong></span> <span class='ocrx_word' id='word_1_395' title='bbox 2849 2630 3061 2681; x_wconf 89' lang='lat' dir='ltr'><strong>civitate</strong></span> <span class='ocrx_word' id='word_1_396' title='bbox 3096 2629 3346 2682; x_wconf 77' lang='lat' dir='ltr'><strong>Nannetis</strong></span> <span class='ocrx_word' id='word_1_397' title='bbox 3371 2630 3543 2694; x_wconf 76' lang='lat' dir='ltr'><strong>passio</strong></span> <span class='ocrx_word' id='word_1_398' title='bbox 3589 2632 3693 2682; x_wconf 80' lang='lat' dir='ltr'><strong>SS.</strong></span> 
     </span>
    </p>
   </div>
   <div class='ocr_carea' id='block_1_57' title="bbox 2130 2698 3693 2768">
    <p class='ocr_par' dir='ltr' id='par_1_57' title="bbox 2130 2698 3693 2768">
     <span class='ocr_line' id='line_1_57' title="bbox 2130 2698 3693 2768; baseline 0.003 -20"><span class='ocrx_word' id='word_1_399' title='bbox 2130 2700 2143 2768; x_wconf 72' lang='lat' dir='ltr'><strong>i</strong></span> <span class='ocrx_word' id='word_1_400' title='bbox 2184 2698 2451 2763; x_wconf 72' lang='lat' dir='ltr'><strong>llogatiaui</strong></span> <span class='ocrx_word' id='word_1_401' title='bbox 2483 2708 2532 2749; x_wconf 89' lang='lat' dir='ltr'><strong>ct</strong></span> <span class='ocrx_word' id='word_1_402' title='bbox 2560 2698 2828 2768; x_wconf 73' lang='lat' dir='ltr'><strong>Douatiani</strong></span> <span class='ocrx_word' id='word_1_403' title='bbox 2860 2713 3226 2765; x_wconf 82' lang='lat' dir='ltr'><strong>germanorum</strong></span> <span class='ocrx_word' id='word_1_404' title='bbox 3264 2711 3570 2768; x_wconf 82' lang='lat' dir='ltr'><strong>martyrum.</strong></span> <span class='ocrx_word' id='word_1_405' title='bbox 3602 2700 3693 2761; x_wconf 83' lang='grc' dir='ltr'><strong>Β..</strong></span> 
     </span>
    </p>
   </div>
   <div class='ocr_carea' id='block_1_58' title="bbox 2128 2766 3545 2822">
    <p class='ocr_par' dir='ltr' id='par_1_58' title="bbox 2128 2766 3545 2822">
     <span class='ocr_line' id='line_1_58' title="bbox 2128 2766 3545 2822; baseline 0.002 -3"><span class='ocrx_word' id='word_1_406' title='bbox 2128 2767 2182 2819; x_wconf 87' lang='lat' dir='ltr'><strong>In</strong></span> <span class='ocrx_word' id='word_1_407' title='bbox 2208 2768 2379 2819; x_wconf 67' lang='lat' dir='ltr'><strong>Ali-ica</strong></span> <span class='ocrx_word' id='word_1_408' title='bbox 2411 2771 2582 2820; x_wconf 84' lang='lat' dir='ltr'><strong>natale</strong></span> <span class='ocrx_word' id='word_1_409' title='bbox 2608 2766 2702 2821; x_wconf 82' lang='lat' dir='ltr'><strong>SS.</strong></span> <span class='ocrx_word' id='word_1_410' title='bbox 2735 2767 3004 2819; x_wconf 79' lang='lat' dir='ltr'><strong>Fortunati</strong></span> <span class='ocrx_word' id='word_1_411' title='bbox 3032 2779 3085 2820; x_wconf 90' lang='lat' dir='ltr'><strong>et</strong></span> <span class='ocrx_word' id='word_1_412' title='bbox 3114 2769 3332 2820; x_wconf 89' lang='lat' dir='ltr'><strong>aliorum</strong></span> <span class='ocrx_word' id='word_1_413' title='bbox 3368 2766 3545 2822; x_wconf 83' lang='lat' dir='ltr'><strong>trium.</strong></span> 
     </span>
    </p>
   </div>
   <div class='ocr_carea' id='block_1_59' title="bbox 2192 2856 3699 2927">
    <p class='ocr_par' dir='ltr' id='par_1_59' title="bbox 2192 2856 3699 2927">
     <span class='ocr_line' id='line_1_59' title="bbox 2192 2856 3699 2927; baseline 0.002 -19"><span class='ocrx_word' id='word_1_414' title='bbox 2192 2856 2281 2911; x_wconf 74' lang='grc'><strong>25.</strong></span> <span class='ocrx_word' id='word_1_415' title='bbox 2311 2887 2374 2897; x_wconf 90' lang='grc'><strong><em>-</em></strong></span> <span class='ocrx_word' id='word_1_416' title='bbox 2404 2857 2508 2911; x_wconf 72' lang='lat' dir='ltr'><strong>Vill</strong></span> <span class='ocrx_word' id='word_1_417' title='bbox 2537 2857 2667 2912; x_wconf 73' lang='grc' dir='ltr'><strong>ΚΑι..</strong></span> <span class='ocrx_word' id='word_1_418' title='bbox 2700 2857 2882 2912; x_wconf 60' lang='lat' dir='ltr'><strong>Bootae</strong></span> <span class='ocrx_word' id='word_1_419' title='bbox 2908 2858 3081 2912; x_wconf 84' lang='lat' dir='ltr'><strong>natale</strong></span> <span class='ocrx_word' id='word_1_420' title='bbox 3119 2857 3178 2913; x_wconf 90' lang='lat' dir='ltr'><strong>S.</strong></span> <span class='ocrx_word' id='word_1_421' title='bbox 3234 2857 3255 2894; x_wconf 80' lang='lat'><strong>&quot;</strong></span> <span class='ocrx_word' id='word_1_422' title='bbox 3304 2857 3497 2913; x_wconf 80' lang='lat' dir='ltr'><strong>Uibatti</strong></span> <span class='ocrx_word' id='word_1_423' title='bbox 3545 2875 3699 2927; x_wconf 69' lang='lat' dir='ltr'><strong>papa.-</strong></span> 
     </span>
    </p>
   </div>
   <div class='ocr_carea' id='block_1_60' title="bbox 1847 2965 2297 3025">
    <p class='ocr_par' dir='ltr' id='par_1_60' title="bbox 1847 2965 2297 3025">
     <span class='ocr_line' id='line_1_60' title="bbox 1847 2965 2297 3025; baseline -0.009 0"><span class='ocrx_word' id='word_1_424' title='bbox 1847 2970 2029 3025; x_wconf 63' lang='lat' dir='ltr'><strong>SillTH</strong></span> <span class='ocrx_word' id='word_1_425' title='bbox 2071 2965 2297 3022; x_wconf 74' lang='grc' dir='ltr'><strong>ΝΟΤᾹΞ.</strong></span> 
     </span>
    </p>
   </div>
   <div class='ocr_carea' id='block_1_61' title="bbox 528 2970 3689 3130">
    <p class='ocr_par' dir='ltr' id='par_1_61' title="bbox 528 2970 3689 3130">
     <span class='ocr_line' id='line_1_61' title="bbox 1827 2970 2297 3025; baseline -0.009 0"><span class='ocrx_word' id='word_1_426' title='bbox 1827 2970 2029 3025; x_wconf 65' lang='grc' dir='ltr'><strong>ΞΜΠῚΙ</strong></span> <span class='ocrx_word' id='word_1_427' title='bbox 2071 2970 2297 3022; x_wconf 63' lang='lat' dir='ltr'><strong>NOTAE.</strong></span> 
     </span>
     <span class='ocr_line' id='line_1_62' title="bbox 528 3057 3689 3130; baseline -0.001 -13"><span class='ocrx_word' id='word_1_428' title='bbox 528 3070 553 3096; x_wconf 72' lang='grc'>⁸</span> <span class='ocrx_word' id='word_1_429' title='bbox 586 3063 739 3117; x_wconf 76' lang='lat' dir='ltr'><strong>Casii.</strong></span> <span class='ocrx_word' id='word_1_430' title='bbox 771 3063 846 3117; x_wconf 88' lang='lat' dir='ltr'><strong>De</strong></span> <span class='ocrx_word' id='word_1_431' title='bbox 878 3064 956 3115; x_wconf 84' lang='lat' dir='ltr'><strong>liis</strong></span> <span class='ocrx_word' id='word_1_432' title='bbox 985 3063 1042 3118; x_wconf 89' lang='lat' dir='ltr'><strong>S.</strong></span> <span class='ocrx_word' id='word_1_433' title='bbox 1075 3062 1366 3130; x_wconf 64' lang='lat' dir='ltr'><strong>Cyprianus</strong></span> <span class='ocrx_word' id='word_1_434' title='bbox 1390 3064 1465 3116; x_wconf 87' lang='lat' dir='ltr'><strong>sic</strong></span> <span class='ocrx_word' id='word_1_435' title='bbox 1493 3063 1707 3117; x_wconf 83' lang='lat' dir='ltr'><strong>scribit:</strong></span> <span class='ocrx_word' id='word_1_436' title='bbox 1745 3084 1762 3114; x_wconf 75' lang='grc' dir='ltr'>ι</span> <span class='ocrx_word' id='word_1_437' title='bbox 1815 3064 1902 3116; x_wconf 86' lang='lat' dir='ltr'><strong>Sic</strong></span> <span class='ocrx_word' id='word_1_438' title='bbox 1924 3060 2015 3114; x_wconf 87' lang='lat' dir='ltr'><strong>Ca-</strong></span> <span class='ocrx_word' id='word_1_439' title='bbox 2045 3061 2089 3120; x_wconf 88' lang='lat' dir='ltr'><strong>C</strong></span> <span class='ocrx_word' id='word_1_440' title='bbox 2124 3060 2172 3110; x_wconf 90' lang='lat' dir='ltr'><strong>in</strong></span> <span class='ocrx_word' id='word_1_441' title='bbox 2226 3057 2339 3124; x_wconf 79' lang='lat' dir='ltr'><strong>ejus</strong></span> <span class='ocrx_word' id='word_1_442' title='bbox 2370 3057 2545 3130; x_wconf 78' lang='lat' dir='ltr'><strong>locum</strong></span> <span class='ocrx_word' id='word_1_443' title='bbox 2565 3058 2776 3130; x_wconf 80' lang='lat' dir='ltr'><strong>levatus</strong></span> <span class='ocrx_word' id='word_1_444' title='bbox 2820 3066 2903 3111; x_wconf 89' lang='lat' dir='ltr'><strong>est</strong></span> <span class='ocrx_word' id='word_1_445' title='bbox 2940 3071 3084 3130; x_wconf 83' lang='lat' dir='ltr'><strong>anno</strong></span> <span class='ocrx_word' id='word_1_446' title='bbox 3134 3057 3257 3112; x_wconf 83' lang='lat'><strong>596.</strong></span> <span class='ocrx_word' id='word_1_447' title='bbox 3308 3062 3433 3112; x_wconf 77' lang='lat' dir='ltr'><strong>Acta</strong></span> <span class='ocrx_word' id='word_1_448' title='bbox 3475 3071 3689 3115; x_wconf 79' lang='lat' dir='ltr'><strong>sancto-</strong></span> 
     </span>
    </p>
   </div>
   <div class='ocr_carea' id='block_1_62' title="bbox 454 3132 2015 3199">
    <p class='ocr_par' dir='ltr' id='par_1_62' title="bbox 454 3132 2015 3199">
     <span class='ocr_line' id='line_1_63' title="bbox 454 3132 2015 3199; baseline -0.001 -14"><span class='ocrx_word' id='word_1_449' title='bbox 454 3145 538 3185; x_wconf 86' lang='lat' dir='ltr'><strong>sto</strong></span> <span class='ocrx_word' id='word_1_450' title='bbox 584 3144 637 3184; x_wconf 83' lang='lat' dir='ltr'><strong>et</strong></span> <span class='ocrx_word' id='word_1_451' title='bbox 678 3134 895 3185; x_wconf 67' lang='lat' dir='ltr'><strong>Aimilio</strong></span> <span class='ocrx_word' id='word_1_452' title='bbox 928 3134 1208 3199; x_wconf 77' lang='lat' dir='ltr'><strong>aliquando</strong></span> <span class='ocrx_word' id='word_1_453' title='bbox 1256 3134 1506 3186; x_wconf 86' lang='lat' dir='ltr'><strong>Dominus</strong></span> <span class='ocrx_word' id='word_1_454' title='bbox 1554 3135 1793 3199; x_wconf 83' lang='lat' dir='ltr'><strong>ignovit:</strong></span> <span class='ocrx_word' id='word_1_455' title='bbox 1845 3134 1921 3186; x_wconf 90' lang='lat' dir='ltr'><strong>sic</strong></span> <span class='ocrx_word' id='word_1_456' title='bbox 1965 3132 2015 3185; x_wconf 87' lang='lat' dir='ltr'><strong>iti</strong></span> 
     </span>
    </p>
   </div>
   <div class='ocr_carea' id='block_1_63' title="bbox 456 3201 2017 3268">
    <p class='ocr_par' dir='ltr' id='par_1_63' title="bbox 456 3201 2017 3268">
     <span class='ocr_line' id='line_1_64' title="bbox 456 3201 2017 3268; baseline -0.001 -15"><span class='ocrx_word' id='word_1_457' title='bbox 456 3201 621 3265; x_wconf 87' lang='lat' dir='ltr'><strong>prima</strong></span> <span class='ocrx_word' id='word_1_458' title='bbox 661 3202 1035 3268; x_wconf 74' lang='lat' dir='ltr'><strong>congressione</strong></span> <span class='ocrx_word' id='word_1_459' title='bbox 1080 3203 1313 3256; x_wconf 69' lang='lat' dir='ltr'><strong>devictos</strong></span> <span class='ocrx_word' id='word_1_460' title='bbox 1343 3245 1356 3263; x_wconf 89' lang='grc'><em>,</em></span> <span class='ocrx_word' id='word_1_461' title='bbox 1411 3203 1633 3255; x_wconf 84' lang='lat' dir='ltr'><strong>victores</strong></span> <span class='ocrx_word' id='word_1_462' title='bbox 1688 3203 1736 3253; x_wconf 88' lang='lat' dir='ltr'><strong>itt</strong></span> <span class='ocrx_word' id='word_1_463' title='bbox 1786 3202 2017 3254; x_wconf 71' lang='lat' dir='ltr'><strong>seciittdo</strong></span> 
     </span>
    </p>
   </div>
   <div class='ocr_carea' id='block_1_64' title="bbox 456 3269 2013 3337">
    <p class='ocr_par' dir='ltr' id='par_1_64' title="bbox 456 3269 2013 3337">
     <span class='ocr_line' id='line_1_65' title="bbox 456 3269 2013 3337; baseline 0 -15"><span class='ocrx_word' id='word_1_464' title='bbox 456 3270 637 3333; x_wconf 72' lang='lat' dir='ltr'><strong>praelio</strong></span> <span class='ocrx_word' id='word_1_465' title='bbox 668 3269 913 3332; x_wconf 88' lang='lat' dir='ltr'><strong>reddidit,</strong></span> <span class='ocrx_word' id='word_1_466' title='bbox 949 3281 1003 3323; x_wconf 91' lang='lat' dir='ltr'><strong>ut</strong></span> <span class='ocrx_word' id='word_1_467' title='bbox 1032 3273 1273 3323; x_wconf 72' lang='lat' dir='ltr'><strong>fortiores</strong></span> <span class='ocrx_word' id='word_1_468' title='bbox 1302 3272 1506 3333; x_wconf 73' lang='lat' dir='ltr'><strong>ignibus</strong></span> <span class='ocrx_word' id='word_1_469' title='bbox 1534 3272 1739 3329; x_wconf 82' lang='lat' dir='ltr'><strong>ﬁerent.</strong></span> <span class='ocrx_word' id='word_1_470' title='bbox 1766 3272 1853 3337; x_wconf 86' lang='lat' dir='ltr'><strong>qui</strong></span> <span class='ocrx_word' id='word_1_471' title='bbox 1879 3272 2013 3337; x_wconf 88' lang='lat' dir='ltr'><strong>igni-</strong></span> 
     </span>
    </p>
   </div>
   <div class='ocr_carea' id='block_1_65' title="bbox 457 3339 2018 3405">
    <p class='ocr_par' dir='ltr' id='par_1_65' title="bbox 457 3339 2018 3405">
     <span class='ocr_line' id='line_1_66' title="bbox 457 3339 2018 3405; baseline -0.003 -13"><span class='ocrx_word' id='word_1_472' title='bbox 457 3339 554 3392; x_wconf 86' lang='lat' dir='ltr'><strong>bus</strong></span> <span class='ocrx_word' id='word_1_473' title='bbox 583 3350 704 3393; x_wconf 90' lang='lat' dir='ltr'><strong>anle</strong></span> <span class='ocrx_word' id='word_1_474' title='bbox 732 3341 1038 3405; x_wconf 77' lang='lat' dir='ltr'><strong>cessissent;</strong></span> <span class='ocrx_word' id='word_1_475' title='bbox 1067 3352 1121 3393; x_wconf 90' lang='lat' dir='ltr'><strong>ut</strong></span> <span class='ocrx_word' id='word_1_476' title='bbox 1148 3343 1285 3393; x_wconf 92' lang='lat' dir='ltr'><strong>unde</strong></span> <span class='ocrx_word' id='word_1_477' title='bbox 1314 3343 1543 3404; x_wconf 88' lang='lat' dir='ltr'><strong>superati</strong></span> <span class='ocrx_word' id='word_1_478' title='bbox 1568 3350 1763 3401; x_wconf 70' lang='lat' dir='ltr'><strong>essent,</strong></span> <span class='ocrx_word' id='word_1_479' title='bbox 1791 3343 1909 3392; x_wconf 77' lang='lat' dir='ltr'><strong>inde</strong></span> <span class='ocrx_word' id='word_1_480' title='bbox 1931 3356 2018 3391; x_wconf 83' lang='lat' dir='ltr'><strong>su-</strong></span> 
     </span>
    </p>
   </div>
   <div class='ocr_carea' id='block_1_66' title="bbox 458 3411 2017 3478">
    <p class='ocr_par' dir='ltr' id='par_1_66' title="bbox 458 3411 2017 3478">
     <span class='ocr_line' id='line_1_67' title="bbox 458 3411 2017 3478; baseline 0.003 -21"><span class='ocrx_word' id='word_1_481' title='bbox 458 3420 720 3473; x_wconf 86' lang='lat' dir='ltr'><strong>perarent.</strong></span> <span class='ocrx_word' id='word_1_482' title='bbox 758 3427 777 3459; x_wconf 77' lang='grc'><strong>»</strong></span> <span class='ocrx_word' id='word_1_483' title='bbox 806 3411 955 3475; x_wconf 79' lang='lat' dir='ltr'><strong>Apud</strong></span> <span class='ocrx_word' id='word_1_484' title='bbox 1001 3422 1265 3464; x_wconf 88' lang='lat' dir='ltr'><strong>auctorem</strong></span> <span class='ocrx_word' id='word_1_485' title='bbox 1305 3412 1471 3462; x_wconf 76' lang='lat' dir='ltr'><strong>ll:ed:e</strong></span> <span class='ocrx_word' id='word_1_486' title='bbox 1500 3411 1815 3478; x_wconf 88' lang='lat' dir='ltr'><strong>supposititii</strong></span> <span class='ocrx_word' id='word_1_487' title='bbox 1849 3411 2017 3478; x_wconf 78' lang='lat' dir='ltr'><strong>pridie</strong></span> 
     </span>
    </p>
   </div>
   <div class='ocr_carea' id='block_1_67' title="bbox 457 3478 1556 3533">
    <p class='ocr_par' dir='ltr' id='par_1_67' title="bbox 457 3478 1556 3533">
     <span class='ocr_line' id='line_1_68' title="bbox 457 3478 1556 3533; baseline 0 -2"><span class='ocrx_word' id='word_1_488' title='bbox 457 3479 720 3532; x_wconf 87' lang='lat' dir='ltr'><strong>coluntur.</strong></span> <span class='ocrx_word' id='word_1_489' title='bbox 749 3478 889 3530; x_wconf 75' lang='lat' dir='ltr'><strong>Passi</strong></span> <span class='ocrx_word' id='word_1_490' title='bbox 920 3493 1037 3530; x_wconf 92' lang='lat' dir='ltr'><strong>sunt</strong></span> <span class='ocrx_word' id='word_1_491' title='bbox 1072 3481 1121 3533; x_wconf 86' lang='lat' dir='ltr'><strong>lii</strong></span> <span class='ocrx_word' id='word_1_492' title='bbox 1154 3497 1289 3532; x_wconf 80' lang='lat' dir='ltr'><strong>Circa</strong></span> <span class='ocrx_word' id='word_1_493' title='bbox 1321 3498 1404 3531; x_wconf 88' lang='lat' dir='ltr'><strong>an.</strong></span> <span class='ocrx_word' id='word_1_494' title='bbox 1434 3480 1556 3533; x_wconf 68' lang='lat'><strong>250.</strong></span> 
     </span>
    </p>
   </div>
   <div class='ocr_carea' id='block_1_68' title="bbox 525 3547 1397 3617">
    <p class='ocr_par' dir='ltr' id='par_1_68' title="bbox 525 3547 1397 3617">
     <span class='ocr_line' id='line_1_69' title="bbox 525 3547 1397 3617; baseline 0.008 -21"><span class='ocrx_word' id='word_1_495' title='bbox 525 3548 554 3589; x_wconf 69' lang='grc' dir='ltr'>δ</span> <span class='ocrx_word' id='word_1_496' title='bbox 589 3548 751 3617; x_wconf 58' lang='lat' dir='ltr'><strong>verba</strong></span> <span class='ocrx_word' id='word_1_497' title='bbox 785 3547 1020 3617; x_wconf 72' lang='lat' dir='ltr'><strong>Scripsit,</strong></span> <span class='ocrx_word' id='word_1_498' title='bbox 1042 3563 1167 3605; x_wconf 82' lang='lat' dir='ltr'><strong>etc..</strong></span> <span class='ocrx_word' id='word_1_499' title='bbox 1198 3565 1305 3603; x_wconf 88' lang='lat' dir='ltr'><strong>om.</strong></span> <span class='ocrx_word' id='word_1_500' title='bbox 1336 3549 1397 3603; x_wconf 75' lang='grc' dir='ltr'><strong>ν.</strong></span> 
     </span>
    </p>
   </div>
   <div class='ocr_carea' id='block_1_69' title="bbox 527 3616 2018 3683">
    <p class='ocr_par' dir='ltr' id='par_1_69' title="bbox 527 3616 2018 3683">
     <span class='ocr_line' id='line_1_70' title="bbox 527 3616 2018 3683; baseline 0.002 -13"><span class='ocrx_word' id='word_1_501' title='bbox 527 3628 549 3654; x_wconf 73' lang='grc' dir='ltr'><em>ε</em></span> <span class='ocrx_word' id='word_1_502' title='bbox 580 3616 754 3670; x_wconf 70' lang='grc' dir='ltr'><em>ΙυΙίατ.</em></span> <span class='ocrx_word' id='word_1_503' title='bbox 813 3616 1016 3671; x_wconf 77' lang='lat' dir='ltr'><strong>Primus</strong></span> <span class='ocrx_word' id='word_1_504' title='bbox 1057 3622 1105 3672; x_wconf 88' lang='lat' dir='ltr'><strong>iti</strong></span> <span class='ocrx_word' id='word_1_505' title='bbox 1148 3621 1289 3671; x_wconf 78' lang='lat' dir='ltr'><strong>Actis</strong></span> <span class='ocrx_word' id='word_1_506' title='bbox 1362 3631 1680 3673; x_wconf 82' lang='lat' dir='ltr'><strong>memoratus</strong></span> <span class='ocrx_word' id='word_1_507' title='bbox 1726 3620 1887 3683; x_wconf 73' lang='lat' dir='ltr'><strong>locus,</strong></span> <span class='ocrx_word' id='word_1_508' title='bbox 1936 3630 2018 3673; x_wconf 89' lang='lat' dir='ltr'><strong>est</strong></span> 
     </span>
    </p>
   </div>
   <div class='ocr_carea' id='block_1_70' title="bbox 454 3688 2019 3755">
    <p class='ocr_par' dir='ltr' id='par_1_70' title="bbox 454 3688 2019 3755">
     <span class='ocr_line' id='line_1_71' title="bbox 454 3688 2019 3755; baseline 0.002 -17"><span class='ocrx_word' id='word_1_509' title='bbox 454 3688 735 3753; x_wconf 72' lang='lat' dir='ltr'><strong>Carthago,</strong></span> <span class='ocrx_word' id='word_1_510' title='bbox 789 3705 887 3755; x_wconf 70' lang='lat' dir='ltr'><strong>qua</strong></span> <span class='ocrx_word' id='word_1_511' title='bbox 918 3691 987 3741; x_wconf 87' lang='lat' dir='ltr'><strong>ab</strong></span> <span class='ocrx_word' id='word_1_512' title='bbox 1016 3692 1250 3742; x_wconf 79' lang='lat' dir='ltr'><strong>hostibus</strong></span> <span class='ocrx_word' id='word_1_513' title='bbox 1276 3690 1513 3743; x_wconf 83' lang='lat' dir='ltr'><strong>barbaris</strong></span> <span class='ocrx_word' id='word_1_514' title='bbox 1560 3702 1875 3755; x_wconf 63' lang='lat' dir='ltr'><strong>expugnata,</strong></span> <span class='ocrx_word' id='word_1_515' title='bbox 1926 3692 2019 3741; x_wconf 83' lang='lat' dir='ltr'><strong>ah-</strong></span> 
     </span>
    </p>
   </div>
   <div class='ocr_carea' id='block_1_71' title="bbox 453 3758 2013 3828">
    <p class='ocr_par' dir='ltr' id='par_1_71' title="bbox 453 3758 2013 3828">
     <span class='ocr_line' id='line_1_72' title="bbox 453 3758 2013 3828; baseline 0 -20"><span class='ocrx_word' id='word_1_516' title='bbox 453 3758 763 3828; x_wconf 17' lang='lat' dir='ltr'><strong>ductaiinde</strong></span> <span class='ocrx_word' id='word_1_517' title='bbox 792 3758 857 3810; x_wconf 82' lang='lat' dir='ltr'><strong>sit</strong></span> <span class='ocrx_word' id='word_1_518' title='bbox 898 3758 1053 3813; x_wconf 83' lang='lat' dir='ltr'><strong>Julia.</strong></span> <span class='ocrx_word' id='word_1_519' title='bbox 1088 3760 1341 3811; x_wconf 80' lang='lat' dir='ltr'><strong>llaronius</strong></span> <span class='ocrx_word' id='word_1_520' title='bbox 1367 3764 1414 3811; x_wconf 81' lang='lat' dir='ltr'><strong>iu</strong></span> <span class='ocrx_word' id='word_1_521' title='bbox 1450 3762 1587 3812; x_wconf 87' lang='lat' dir='ltr'><strong>notis</strong></span> <span class='ocrx_word' id='word_1_522' title='bbox 1608 3764 1670 3811; x_wconf 68' lang='lat' dir='ltr'><strong>ait</strong></span> <span class='ocrx_word' id='word_1_523' title='bbox 1706 3762 2013 3828; x_wconf 53' lang='grc' dir='ltr'><strong>Μαίη-τηις,-</strong></span> 
     </span>
    </p>
   </div>
   <div class='ocr_carea' id='block_1_72' title="bbox 453 3827 2015 3897">
    <p class='ocr_par' dir='ltr' id='par_1_72' title="bbox 453 3827 2015 3897">
     <span class='ocr_line' id='line_1_73' title="bbox 453 3827 2015 3897; baseline 0.001 -19"><span class='ocrx_word' id='word_1_524' title='bbox 453 3830 594 3891; x_wconf 76' lang='lat' dir='ltr'><strong>gium</strong></span> <span class='ocrx_word' id='word_1_525' title='bbox 622 3827 913 3880; x_wconf 75' lang='lat' dir='ltr'><strong>Romanum</strong></span> <span class='ocrx_word' id='word_1_526' title='bbox 938 3839 989 3880; x_wconf 90' lang='lat' dir='ltr'><strong>et</strong></span> <span class='ocrx_word' id='word_1_527' title='bbox 1018 3831 1067 3879; x_wconf 88' lang='lat' dir='ltr'><strong>iii</strong></span> <span class='ocrx_word' id='word_1_528' title='bbox 1099 3829 1388 3881; x_wconf 83' lang='lat' dir='ltr'><strong>Annalibus</strong></span> <span class='ocrx_word' id='word_1_529' title='bbox 1423 3830 1485 3880; x_wconf 87' lang='lat' dir='ltr'><strong>ad</strong></span> <span class='ocrx_word' id='word_1_530' title='bbox 1517 3846 1603 3880; x_wconf 84' lang='lat' dir='ltr'><strong>an.</strong></span> <span class='ocrx_word' id='word_1_531' title='bbox 1636 3830 1761 3890; x_wconf 67' lang='grc' dir='ltr'><strong>44η,</strong></span> <span class='ocrx_word' id='word_1_532' title='bbox 1787 3827 2015 3897; x_wconf 52' lang='grc' dir='ltr'><strong>νθὲῃριίι</strong></span> 
     </span>
    </p>
   </div>
   <div class='ocr_carea' id='block_1_73' title="bbox 454 3897 2017 3964">
    <p class='ocr_par' dir='ltr' id='par_1_73' title="bbox 454 3897 2017 3964">
     <span class='ocr_line' id='line_1_74' title="bbox 454 3897 2017 3964; baseline 0.002 -19"><span class='ocrx_word' id='word_1_533' title='bbox 454 3897 517 3947; x_wconf 90' lang='lat' dir='ltr'><strong>ad</strong></span> <span class='ocrx_word' id='word_1_534' title='bbox 554 3908 784 3963; x_wconf 86' lang='lat' dir='ltr'><strong>tempora</strong></span> <span class='ocrx_word' id='word_1_535' title='bbox 838 3898 1235 3956; x_wconf 83' lang='lat' dir='ltr'><strong>Wandalorum,</strong></span> <span class='ocrx_word' id='word_1_536' title='bbox 1270 3900 1479 3964; x_wconf 83' lang='lat' dir='ltr'><strong>quando</strong></span> <span class='ocrx_word' id='word_1_537' title='bbox 1511 3900 1576 3949; x_wconf 89' lang='lat' dir='ltr'><strong>ab</strong></span> <span class='ocrx_word' id='word_1_538' title='bbox 1611 3899 1689 3950; x_wconf 87' lang='lat' dir='ltr'><strong>liis</strong></span> <span class='ocrx_word' id='word_1_539' title='bbox 1716 3907 1867 3963; x_wconf 84' lang='lat' dir='ltr'><strong>capta</strong></span> <span class='ocrx_word' id='word_1_540' title='bbox 1922 3900 2017 3950; x_wconf 76' lang='lat' dir='ltr'><strong>l&#39;nit</strong></span> 
     </span>
    </p>
   </div>
   <div class='ocr_carea' id='block_1_74' title="bbox 452 3964 2016 4033">
    <p class='ocr_par' dir='ltr' id='par_1_74' title="bbox 452 3964 2016 4033">
     <span class='ocr_line' id='line_1_75' title="bbox 452 3964 2016 4033; baseline 0.003 -18"><span class='ocrx_word' id='word_1_541' title='bbox 452 3964 733 4027; x_wconf 80' lang='lat' dir='ltr'><strong>Carthago,</strong></span> <span class='ocrx_word' id='word_1_542' title='bbox 780 3975 835 4017; x_wconf 91' lang='lat' dir='ltr'><strong>et</strong></span> <span class='ocrx_word' id='word_1_543' title='bbox 880 3981 1041 4032; x_wconf 88' lang='lat' dir='ltr'><strong>usque</strong></span> <span class='ocrx_word' id='word_1_544' title='bbox 1074 3971 1135 4018; x_wconf 84' lang='lat' dir='ltr'><strong>ad</strong></span> <span class='ocrx_word' id='word_1_545' title='bbox 1169 3983 1362 4018; x_wconf 90' lang='lat' dir='ltr'><strong>annum</strong></span> <span class='ocrx_word' id='word_1_546' title='bbox 1409 3967 1510 4018; x_wconf 75' lang='grc'><strong>555</strong></span> <span class='ocrx_word' id='word_1_547' title='bbox 1541 3982 1806 4033; x_wconf 63' lang='lat' dir='ltr'><strong>posst-55a.</strong></span> <span class='ocrx_word' id='word_1_548' title='bbox 1858 3969 2016 4019; x_wconf 79' lang='lat' dir='ltr'><strong>I’aulo</strong></span> 
     </span>
    </p>
   </div>
   <div class='ocr_carea' id='block_1_75' title="bbox 454 4035 2015 4103">
    <p class='ocr_par' dir='ltr' id='par_1_75' title="bbox 454 4035 2015 4103">
     <span class='ocr_line' id='line_1_76' title="bbox 454 4035 2015 4103; baseline 0.004 -20"><span class='ocrx_word' id='word_1_549' title='bbox 454 4043 628 4103; x_wconf 82' lang='lat' dir='ltr'><strong>autem</strong></span> <span class='ocrx_word' id='word_1_550' title='bbox 660 4049 799 4097; x_wconf 89' lang='lat' dir='ltr'><strong>prius</strong></span> <span class='ocrx_word' id='word_1_551' title='bbox 821 4049 977 4101; x_wconf 88' lang='lat' dir='ltr'><strong>quant</strong></span> <span class='ocrx_word' id='word_1_552' title='bbox 1014 4036 1084 4087; x_wconf 89' lang='lat' dir='ltr'><strong>illi</strong></span> <span class='ocrx_word' id='word_1_553' title='bbox 1116 4037 1180 4087; x_wconf 88' lang='lat' dir='ltr'><strong>ab</strong></span> <span class='ocrx_word' id='word_1_554' title='bbox 1203 4035 1372 4088; x_wconf 78' lang='lat' dir='ltr'><strong>Africa</strong></span> <span class='ocrx_word' id='word_1_555' title='bbox 1409 4040 1816 4103; x_wconf 76' lang='lat' dir='ltr'><strong>expellerentur,</strong></span> <span class='ocrx_word' id='word_1_556' title='bbox 1852 4047 2015 4103; x_wconf 78' lang='lat' dir='ltr'><strong>potuit</strong></span> 
     </span>
    </p>
   </div>
   <div class='ocr_carea' id='block_1_76' title="bbox 455 4102 2018 4170">
    <p class='ocr_par' dir='ltr' id='par_1_76' title="bbox 455 4102 2018 4170">
     <span class='ocr_line' id='line_1_77' title="bbox 455 4102 2018 4170; baseline 0.005 -21"><span class='ocrx_word' id='word_1_557' title='bbox 455 4102 586 4153; x_wconf 87' lang='lat' dir='ltr'><strong>.lulia</strong></span> <span class='ocrx_word' id='word_1_558' title='bbox 618 4104 789 4155; x_wconf 86' lang='lat' dir='ltr'><strong>adhuc</strong></span> <span class='ocrx_word' id='word_1_559' title='bbox 816 4106 1023 4170; x_wconf 76' lang='lat' dir='ltr'><strong>parvula</strong></span> <span class='ocrx_word' id='word_1_560' title='bbox 1049 4105 1113 4156; x_wconf 89' lang='lat' dir='ltr'><strong>ab</strong></span> <span class='ocrx_word' id='word_1_561' title='bbox 1161 4106 1223 4158; x_wconf 89' lang='lat' dir='ltr'><strong>iis</strong></span> <span class='ocrx_word' id='word_1_562' title='bbox 1251 4107 1411 4159; x_wconf 81' lang='lat' dir='ltr'><strong>fuisse</strong></span> <span class='ocrx_word' id='word_1_563' title='bbox 1452 4102 1503 4158; x_wconf 91' lang='lat' dir='ltr'><strong>in</strong></span> <span class='ocrx_word' id='word_1_564' title='bbox 1554 4102 1862 4159; x_wconf 77' lang='lat' dir='ltr'><strong>servitutem</strong></span> <span class='ocrx_word' id='word_1_565' title='bbox 1895 4123 2018 4159; x_wconf 82' lang='lat' dir='ltr'><strong>ven-</strong></span> 
     </span>
    </p>
   </div>
   <div class='ocr_carea' id='block_1_77' title="bbox 449 4170 2011 4241">
    <p class='ocr_par' dir='ltr' id='par_1_77' title="bbox 449 4170 2011 4241">
     <span class='ocr_line' id='line_1_78' title="bbox 449 4170 2011 4241; baseline 0.004 -19"><span class='ocrx_word' id='word_1_566' title='bbox 449 4170 578 4235; x_wconf 87' lang='lat' dir='ltr'><strong>dita,</strong></span> <span class='ocrx_word' id='word_1_567' title='bbox 611 4182 663 4224; x_wconf 89' lang='lat' dir='ltr'><strong>et</strong></span> <span class='ocrx_word' id='word_1_568' title='bbox 704 4183 822 4238; x_wconf 89' lang='lat' dir='ltr'><strong>post</strong></span> <span class='ocrx_word' id='word_1_569' title='bbox 844 4172 914 4226; x_wconf 73' lang='lat'><strong>20</strong></span> <span class='ocrx_word' id='word_1_570' title='bbox 940 4183 1028 4225; x_wconf 78' lang='lat' dir='ltr'><strong>aut</strong></span> <span class='ocrx_word' id='word_1_571' title='bbox 1060 4176 1285 4241; x_wconf 89' lang='lat' dir='ltr'><strong>plurium</strong></span> <span class='ocrx_word' id='word_1_572' title='bbox 1327 4190 1583 4227; x_wconf 88' lang='lat' dir='ltr'><strong>annorum</strong></span> <span class='ocrx_word' id='word_1_573' title='bbox 1636 4178 1913 4229; x_wconf 82' lang='lat' dir='ltr'><strong>decursum</strong></span> <span class='ocrx_word' id='word_1_574' title='bbox 1948 4178 2011 4228; x_wconf 76' lang='lat' dir='ltr'><strong>aii</strong></span> 
     </span>
    </p>
   </div>
   <div class='ocr_carea' id='block_1_78' title="bbox 452 4241 2014 4312">
    <p class='ocr_par' dir='ltr' id='par_1_78' title="bbox 452 4241 2014 4312">
     <span class='ocr_line' id='line_1_79' title="bbox 452 4241 2014 4312; baseline 0.004 -20"><span class='ocrx_word' id='word_1_575' title='bbox 452 4241 723 4312; x_wconf 74' lang='lat' dir='ltr'><strong>Corsicam</strong></span> <span class='ocrx_word' id='word_1_576' title='bbox 766 4258 884 4294; x_wconf 88' lang='lat' dir='ltr'><strong>cum</strong></span> <span class='ocrx_word' id='word_1_577' title='bbox 941 4246 1153 4295; x_wconf 86' lang='lat' dir='ltr'><strong>domino</strong></span> <span class='ocrx_word' id='word_1_578' title='bbox 1206 4261 1302 4296; x_wconf 76' lang='lat' dir='ltr'><strong>suo</strong></span> <span class='ocrx_word' id='word_1_579' title='bbox 1350 4245 1635 4311; x_wconf 80' lang='lat' dir='ltr'><strong>appulisse.</strong></span> <span class='ocrx_word' id='word_1_580' title='bbox 1689 4250 1859 4312; x_wconf 86' lang='lat' dir='ltr'><strong>Atque</strong></span> <span class='ocrx_word' id='word_1_581' title='bbox 1917 4248 2014 4298; x_wconf 87' lang='lat' dir='ltr'><strong>lioc</strong></span> 
     </span>
    </p>
   </div>
   <div class='ocr_carea' id='block_1_79' title="bbox 450 4311 2008 4378">
    <p class='ocr_par' dir='ltr' id='par_1_79' title="bbox 450 4311 2008 4378">
     <span class='ocr_line' id='line_1_80' title="bbox 450 4311 2008 4378; baseline 0.003 -16"><span class='ocrx_word' id='word_1_582' title='bbox 450 4311 682 4365; x_wconf 80' lang='lat' dir='ltr'><strong>sensisse</strong></span> <span class='ocrx_word' id='word_1_583' title='bbox 705 4312 944 4365; x_wconf 88' lang='lat' dir='ltr'><strong>videntur</strong></span> <span class='ocrx_word' id='word_1_584' title='bbox 996 4313 1340 4366; x_wconf 72' lang='lat' dir='ltr'><strong>Brixieusiutn</strong></span> <span class='ocrx_word' id='word_1_585' title='bbox 1386 4313 1685 4367; x_wconf 87' lang='lat' dir='ltr'><strong>Lectionum</strong></span> <span class='ocrx_word' id='word_1_586' title='bbox 1750 4311 2008 4378; x_wconf 76' lang='lat' dir='ltr'><strong>auctores,</strong></span> 
     </span>
    </p>
   </div>
   <div class='ocr_carea' id='block_1_80' title="bbox 450 4385 2007 4451">
    <p class='ocr_par' dir='ltr' id='par_1_80' title="bbox 450 4385 2007 4451">
     <span class='ocr_line' id='line_1_81' title="bbox 450 4385 2007 4451; baseline 0.007 -24"><span class='ocrx_word' id='word_1_587' title='bbox 450 4396 624 4451; x_wconf 77' lang='lat' dir='ltr'><strong>conia</strong></span> <span class='ocrx_word' id='word_1_588' title='bbox 660 4392 893 4446; x_wconf 79' lang='lat' dir='ltr'><strong>tempore</strong></span> <span class='ocrx_word' id='word_1_589' title='bbox 924 4386 1160 4435; x_wconf 85' lang='lat' dir='ltr'><strong>tumu&#39;ati</strong></span> <span class='ocrx_word' id='word_1_590' title='bbox 1213 4388 1261 4435; x_wconf 87' lang='lat' dir='ltr'><strong>iti</strong></span> <span class='ocrx_word' id='word_1_591' title='bbox 1293 4385 1529 4451; x_wconf 73' lang='lat' dir='ltr'><strong>(imgona</strong></span> <span class='ocrx_word' id='word_1_592' title='bbox 1555 4390 1792 4449; x_wconf 82' lang='lat' dir='ltr'><strong>corporis</strong></span> <span class='ocrx_word' id='word_1_593' title='bbox 1844 4399 2007 4450; x_wconf 86' lang='lat' dir='ltr'><strong>usque</strong></span> 
     </span>
    </p>
   </div>
   <div class='ocr_carea' id='block_1_81' title="bbox 448 4448 2007 4517">
    <p class='ocr_par' dir='ltr' id='par_1_81' title="bbox 448 4448 2007 4517">
     <span class='ocr_line' id='line_1_82' title="bbox 448 4448 2007 4517; baseline 0.004 -17"><span class='ocrx_word' id='word_1_594' title='bbox 448 4450 515 4501; x_wconf 86' lang='lat' dir='ltr'><strong>ad</strong></span> <span class='ocrx_word' id='word_1_595' title='bbox 543 4448 781 4517; x_wconf 82' lang='lat' dir='ltr'><strong>ejusdem</strong></span> <span class='ocrx_word' id='word_1_596' title='bbox 825 4453 1059 4516; x_wconf 86' lang='lat' dir='ltr'><strong>corporis</strong></span> <span class='ocrx_word' id='word_1_597' title='bbox 1104 4448 1495 4505; x_wconf 64' lang='lat' dir='ltr'><strong>translationem</strong></span> <span class='ocrx_word' id='word_1_598' title='bbox 1524 4448 1747 4507; x_wconf 73' lang='lat' dir='ltr'><strong>tirixiatn</strong></span> <span class='ocrx_word' id='word_1_599' title='bbox 1782 4454 1877 4505; x_wconf 87' lang='lat' dir='ltr'><strong>sub</strong></span> <span class='ocrx_word' id='word_1_600' title='bbox 1915 4448 2007 4506; x_wconf 82' lang='lat' dir='ltr'><strong>att-</strong></span> 
     </span>
    </p>
   </div>
   <div class='ocr_carea' id='block_1_82' title="bbox 450 4519 2009 4577">
    <p class='ocr_par' dir='ltr' id='par_1_82' title="bbox 450 4519 2009 4577">
     <span class='ocr_line' id='line_1_83' title="bbox 450 4519 2009 4577; baseline 0.005 -9"><span class='ocrx_word' id='word_1_601' title='bbox 450 4534 572 4568; x_wconf 89' lang='lat' dir='ltr'><strong>num</strong></span> <span class='ocrx_word' id='word_1_602' title='bbox 605 4519 709 4572; x_wconf 75' lang='grc'><strong>765</strong></span> <span class='ocrx_word' id='word_1_603' title='bbox 730 4521 910 4572; x_wconf 83' lang='lat' dir='ltr'><strong>dicunt</strong></span> <span class='ocrx_word' id='word_1_604' title='bbox 951 4522 1165 4573; x_wconf 74' lang='lat' dir='ltr'><strong>ﬂuxisse</strong></span> <span class='ocrx_word' id='word_1_605' title='bbox 1192 4524 1293 4574; x_wconf 67' lang='lat'><strong>200</strong></span> <span class='ocrx_word' id='word_1_606' title='bbox 1316 4521 1527 4574; x_wconf 83' lang='lat' dir='ltr'><strong>circiter</strong></span> <span class='ocrx_word' id='word_1_607' title='bbox 1557 4538 1815 4575; x_wconf 90' lang='lat' dir='ltr'><strong>annorum</strong></span> <span class='ocrx_word' id='word_1_608' title='bbox 1840 4525 2009 4577; x_wconf 92' lang='lat' dir='ltr'><strong>curri-</strong></span> 
     </span>
    </p>
   </div>
   <div class='ocr_carea' id='block_1_83' title="bbox 446 4588 2008 4646">
    <p class='ocr_par' dir='ltr' id='par_1_83' title="bbox 446 4588 2008 4646">
     <span class='ocr_line' id='line_1_84' title="bbox 446 4588 2008 4646; baseline 0.004 -8"><span class='ocrx_word' id='word_1_609' title='bbox 446 4588 645 4641; x_wconf 79' lang='lat' dir='ltr'><strong>culum.</strong></span> <span class='ocrx_word' id='word_1_610' title='bbox 699 4589 1060 4643; x_wconf 81' lang='lat' dir='ltr'><strong>Hetisclienius</strong></span> <span class='ocrx_word' id='word_1_611' title='bbox 1110 4600 1287 4644; x_wconf 86' lang='lat' dir='ltr'><strong>autem</strong></span> <span class='ocrx_word' id='word_1_612' title='bbox 1350 4602 1532 4643; x_wconf 88' lang='lat' dir='ltr'><strong>censet</strong></span> <span class='ocrx_word' id='word_1_613' title='bbox 1580 4593 1635 4646; x_wconf 90' lang='grc'><strong>8.</strong></span> <span class='ocrx_word' id='word_1_614' title='bbox 1699 4592 1888 4645; x_wconf 86' lang='lat' dir='ltr'><strong>Juliatn</strong></span> <span class='ocrx_word' id='word_1_615' title='bbox 1958 4596 2008 4645; x_wconf 86' lang='lat' dir='ltr'><strong>iii</strong></span> 
     </span>
    </p>
   </div>
   <div class='ocr_carea' id='block_1_84' title="bbox 447 4658 2009 4731">
    <p class='ocr_par' dir='ltr' id='par_1_84' title="bbox 447 4658 2009 4731">
     <span class='ocr_line' id='line_1_85' title="bbox 447 4658 2009 4731; baseline 0.007 -25"><span class='ocrx_word' id='word_1_616' title='bbox 447 4661 751 4731; x_wconf 61' lang='lat' dir='ltr'><strong>servitutem</strong></span> <span class='ocrx_word' id='word_1_617' title='bbox 790 4661 1065 4731; x_wconf 74' lang='lat' dir='ltr'><strong>ab.i_uctam</strong></span> <span class='ocrx_word' id='word_1_618' title='bbox 1114 4661 1283 4727; x_wconf 90' lang='lat' dir='ltr'><strong>potius</strong></span> <span class='ocrx_word' id='word_1_619' title='bbox 1315 4658 1494 4723; x_wconf 78' lang='lat' dir='ltr'><strong>fuisse,</strong></span> <span class='ocrx_word' id='word_1_620' title='bbox 1528 4676 1643 4714; x_wconf 88' lang='lat' dir='ltr'><strong>ctttn</strong></span> <span class='ocrx_word' id='word_1_621' title='bbox 1680 4662 1873 4725; x_wconf 54' lang='lat' dir='ltr'><strong>Persii,</strong></span> <span class='ocrx_word' id='word_1_622' title='bbox 1910 4665 2009 4731; x_wconf 86' lang='lat' dir='ltr'><strong>Sy-</strong></span> 
     </span>
    </p>
   </div>
   <div class='ocr_carea' id='block_1_85' title="bbox 449 4725 2007 4798">
    <p class='ocr_par' dir='ltr' id='par_1_85' title="bbox 449 4725 2007 4798">
     <span class='ocr_line' id='line_1_86' title="bbox 449 4725 2007 4798; baseline 0.007 -22"><span class='ocrx_word' id='word_1_623' title='bbox 449 4725 545 4787; x_wconf 81' lang='lat' dir='ltr'><strong>ria,</strong></span> <span class='ocrx_word' id='word_1_624' title='bbox 594 4727 839 4796; x_wconf 58' lang='grc' dir='ltr'><strong>τεκνοις),</strong></span> <span class='ocrx_word' id='word_1_625' title='bbox 887 4725 1155 4798; x_wconf 79' lang='lat' dir='ltr'><strong>Libyaqtie</strong></span> <span class='ocrx_word' id='word_1_626' title='bbox 1200 4732 1457 4790; x_wconf 80' lang='lat' dir='ltr'><strong>decurss.</strong></span> <span class='ocrx_word' id='word_1_627' title='bbox 1514 4731 1885 4797; x_wconf 81' lang='lat' dir='ltr'><strong>Carthaginem</strong></span> <span class='ocrx_word' id='word_1_628' title='bbox 1915 4725 2007 4787; x_wconf 78' lang='lat' dir='ltr'><strong>oc-</strong></span> 
     </span>
    </p>
   </div>
   <div class='ocr_carea' id='block_1_86' title="bbox 448 4801 1772 4857">
    <p class='ocr_par' dir='ltr' id='par_1_86' title="bbox 448 4801 1772 4857">
     <span class='ocr_line' id='line_1_87' title="bbox 448 4801 1772 4857; baseline 0.005 -10"><span class='ocrx_word' id='word_1_629' title='bbox 448 4806 706 4857; x_wconf 87' lang='lat' dir='ltr'><strong>cuparunt</strong></span> <span class='ocrx_word' id='word_1_630' title='bbox 732 4814 872 4851; x_wconf 89' lang='lat' dir='ltr'><strong>anno</strong></span> <span class='ocrx_word' id='word_1_631' title='bbox 898 4804 1020 4852; x_wconf 79' lang='lat' dir='ltr'><strong>tito.</strong></span> <span class='ocrx_word' id='word_1_632' title='bbox 1052 4804 1188 4852; x_wconf 74' lang='lat' dir='ltr'><strong>Sane</strong></span> <span class='ocrx_word' id='word_1_633' title='bbox 1212 4814 1239 4850; x_wconf 85' lang='lat' dir='ltr'><strong>a</strong></span> <span class='ocrx_word' id='word_1_634' title='bbox 1267 4801 1379 4853; x_wconf 65' lang='lat' dir='ltr'><strong>haec</strong></span> <span class='ocrx_word' id='word_1_635' title='bbox 1400 4802 1648 4853; x_wconf 78' lang='lat' dir='ltr'><strong>crucilixa</strong></span> <span class='ocrx_word' id='word_1_636' title='bbox 1672 4816 1772 4854; x_wconf 86' lang='lat' dir='ltr'><strong>est.</strong></span> 
     </span>
    </p>
   </div>
   <div class='ocr_carea' id='block_1_87' title="bbox 518 4864 2007 4933">
    <p class='ocr_par' dir='ltr' id='par_1_87' title="bbox 518 4864 2007 4933">
     <span class='ocr_line' id='line_1_88' title="bbox 518 4864 2007 4933; baseline 0.001 -14"><span class='ocrx_word' id='word_1_637' title='bbox 518 4870 547 4911; x_wconf 70' lang='grc' dir='ltr'><strong>εἰ</strong></span> <span class='ocrx_word' id='word_1_638' title='bbox 595 4864 827 4920; x_wconf 67' lang='lat' dir='ltr'><strong>Helenae.</strong></span> <span class='ocrx_word' id='word_1_639' title='bbox 862 4870 990 4933; x_wconf 77' lang='lat' dir='ltr'><strong>Qua:</strong></span> <span class='ocrx_word' id='word_1_640' title='bbox 1038 4869 1274 4922; x_wconf 81' lang='lat' dir='ltr'><strong>interfuit</strong></span> <span class='ocrx_word' id='word_1_641' title='bbox 1305 4872 1363 4923; x_wconf 86' lang='lat' dir='ltr'><strong>S.</strong></span> <span class='ocrx_word' id='word_1_642' title='bbox 1407 4875 1638 4922; x_wconf 80' lang='lat' dir='ltr'><strong>Amatori</strong></span> <span class='ocrx_word' id='word_1_643' title='bbox 1675 4872 2007 4924; x_wconf 77' lang='lat' dir='ltr'><strong>Autissiodu—</strong></span> 
     </span>
    </p>
   </div>
   <div class='ocr_carea' id='block_1_88' title="bbox 453 4936 2007 5003">
    <p class='ocr_par' dir='ltr' id='par_1_88' title="bbox 453 4936 2007 5003">
     <span class='ocr_line' id='line_1_89' title="bbox 453 4936 2007 5003; baseline 0.005 -16"><span class='ocrx_word' id='word_1_644' title='bbox 453 4936 592 5003; x_wconf 81' lang='lat' dir='ltr'><strong>reusi</strong></span> <span class='ocrx_word' id='word_1_645' title='bbox 638 4937 888 5003; x_wconf 78' lang='lat' dir='ltr'><strong>episcopo</strong></span> <span class='ocrx_word' id='word_1_646' title='bbox 920 4941 968 4989; x_wconf 91' lang='lat' dir='ltr'><strong>in</strong></span> <span class='ocrx_word' id='word_1_647' title='bbox 1016 4939 1264 4991; x_wconf 77' lang='lat' dir='ltr'><strong>cathedra</strong></span> <span class='ocrx_word' id='word_1_648' title='bbox 1315 4953 1403 4991; x_wconf 88' lang='lat' dir='ltr'><strong>sua</strong></span> <span class='ocrx_word' id='word_1_649' title='bbox 1458 4942 1725 5000; x_wconf 86' lang='lat' dir='ltr'><strong>morienti.</strong></span> <span class='ocrx_word' id='word_1_650' title='bbox 1770 4944 1907 4995; x_wconf 82' lang='lat' dir='ltr'><strong>sicut</strong></span> <span class='ocrx_word' id='word_1_651' title='bbox 1955 4942 2007 4994; x_wconf 85' lang='lat' dir='ltr'><strong>in</strong></span> 
     </span>
    </p>
   </div>
   <div class='ocr_carea' id='block_1_89' title="bbox 446 5002 2004 5075">
    <p class='ocr_par' dir='ltr' id='par_1_89' title="bbox 446 5002 2004 5075">
     <span class='ocr_line' id='line_1_90' title="bbox 446 5002 2004 5075; baseline 0.007 -21"><span class='ocrx_word' id='word_1_652' title='bbox 446 5002 618 5075; x_wconf 15' lang='lat' dir='ltr'><strong>Orestis</strong></span> <span class='ocrx_word' id='word_1_653' title='bbox 642 5002 694 5059; x_wconf 72' lang='grc' dir='ltr'><strong>ὃ.</strong></span> <span class='ocrx_word' id='word_1_654' title='bbox 729 5002 995 5059; x_wconf 74' lang='lat' dir='ltr'><strong>Amatoris</strong></span> <span class='ocrx_word' id='word_1_655' title='bbox 1022 5009 1243 5075; x_wconf 83' lang='lat' dir='ltr'><strong>legitur;</strong></span> <span class='ocrx_word' id='word_1_656' title='bbox 1273 5018 1326 5061; x_wconf 86' lang='lat' dir='ltr'><strong>et</strong></span> <span class='ocrx_word' id='word_1_657' title='bbox 1356 5010 1660 5061; x_wconf 67' lang='lat' dir='ltr'><strong>multimodi</strong></span> <span class='ocrx_word' id='word_1_658' title='bbox 1694 5011 2004 5064; x_wconf 88' lang='lat' dir='ltr'><strong>meritorum</strong></span> 
     </span>
    </p>
   </div>
   <div class='ocr_carea' id='block_1_90' title="bbox 447 5074 2006 5133">
    <p class='ocr_par' dir='ltr' id='par_1_90' title="bbox 447 5074 2006 5133">
     <span class='ocr_line' id='line_1_91' title="bbox 447 5074 2006 5133; baseline 0.01 -15"><span class='ocrx_word' id='word_1_659' title='bbox 447 5074 640 5125; x_wconf 82' lang='lat' dir='ltr'><strong>virtute</strong></span> <span class='ocrx_word' id='word_1_660' title='bbox 670 5075 861 5128; x_wconf 87' lang='lat' dir='ltr'><strong>claruit</strong></span> <span class='ocrx_word' id='word_1_661' title='bbox 889 5087 941 5129; x_wconf 86' lang='lat' dir='ltr'><strong>et</strong></span> <span class='ocrx_word' id='word_1_662' title='bbox 983 5074 1251 5129; x_wconf 79' lang='lat' dir='ltr'><strong>miraculis</strong></span> <span class='ocrx_word' id='word_1_663' title='bbox 1288 5077 1502 5130; x_wconf 65' lang='lat' dir='ltr'><strong>effulsit.</strong></span> <span class='ocrx_word' id='word_1_664' title='bbox 1540 5080 1644 5132; x_wconf 64' lang='lat' dir='ltr'><strong>Nec</strong></span> <span class='ocrx_word' id='word_1_665' title='bbox 1675 5090 1875 5131; x_wconf 84' lang='lat' dir='ltr'><strong>tantum</strong></span> <span class='ocrx_word' id='word_1_666' title='bbox 1918 5085 2006 5133; x_wconf 77' lang='lat' dir='ltr'><strong>tle-</strong></span> 
     </span>
    </p>
   </div>
   <div class='ocr_carea' id='block_1_91' title="bbox 448 5144 2008 5209">
    <p class='ocr_par' dir='ltr' id='par_1_91' title="bbox 448 5144 2008 5209">
     <span class='ocr_line' id='line_1_92' title="bbox 448 5144 2008 5209; baseline 0.008 -20"><span class='ocrx_word' id='word_1_667' title='bbox 448 5144 635 5206; x_wconf 92' lang='lat' dir='ltr'><strong>positio</strong></span> <span class='ocrx_word' id='word_1_668' title='bbox 661 5144 774 5209; x_wconf 87' lang='lat' dir='ltr'><strong>ejus</strong></span> <span class='ocrx_word' id='word_1_669' title='bbox 802 5145 955 5198; x_wconf 91' lang='lat' dir='ltr'><strong>hodie</strong></span> <span class='ocrx_word' id='word_1_670' title='bbox 981 5147 1294 5207; x_wconf 84' lang='lat' dir='ltr'><strong>celebratur,</strong></span> <span class='ocrx_word' id='word_1_671' title='bbox 1332 5149 1424 5199; x_wconf 90' lang='lat' dir='ltr'><strong>sed</strong></span> <span class='ocrx_word' id='word_1_672' title='bbox 1456 5157 1509 5200; x_wconf 87' lang='lat' dir='ltr'><strong>et</strong></span> <span class='ocrx_word' id='word_1_673' title='bbox 1536 5151 1698 5202; x_wconf 78' lang='lat' dir='ltr'><strong>transl</strong></span> <span class='ocrx_word' id='word_1_674' title='bbox 1718 5152 1813 5202; x_wconf 57' lang='lat' dir='ltr'><strong>vtio</strong></span> <span class='ocrx_word' id='word_1_675' title='bbox 1836 5165 1850 5204; x_wconf 88' lang='lat'><strong>:</strong></span> <span class='ocrx_word' id='word_1_676' title='bbox 1884 5149 2008 5203; x_wconf 89' lang='lat' dir='ltr'><strong>licet</strong></span> 
     </span>
    </p>
   </div>
   <div class='ocr_carea' id='block_1_92' title="bbox 447 5212 2007 5285">
    <p class='ocr_par' dir='ltr' id='par_1_92' title="bbox 447 5212 2007 5285">
     <span class='ocr_line' id='line_1_93' title="bbox 447 5212 2007 5285; baseline 0.008 -25"><span class='ocrx_word' id='word_1_677' title='bbox 447 5212 724 5285; x_wconf 65' lang='lat' dir='ltr'><strong>Saussaius</strong></span> <span class='ocrx_word' id='word_1_678' title='bbox 746 5215 880 5266; x_wconf 88' lang='lat' dir='ltr'><strong>hanc</strong></span> <span class='ocrx_word' id='word_1_679' title='bbox 896 5214 1063 5285; x_wconf 75' lang='lat' dir='ltr'><strong>refert</strong></span> <span class='ocrx_word' id='word_1_680' title='bbox 1084 5216 1147 5267; x_wconf 87' lang='lat' dir='ltr'><strong>ad</strong></span> <span class='ocrx_word' id='word_1_681' title='bbox 1178 5216 1248 5271; x_wconf 63' lang='lat'><strong>20</strong></span> <span class='ocrx_word' id='word_1_682' title='bbox 1275 5216 1439 5269; x_wconf 89' lang='lat' dir='ltr'><strong>Junii.</strong></span> <span class='ocrx_word' id='word_1_683' title='bbox 1474 5218 1713 5283; x_wconf 84' lang='lat' dir='ltr'><strong>Quandiu</strong></span> <span class='ocrx_word' id='word_1_684' title='bbox 1746 5230 1862 5285; x_wconf 90' lang='lat' dir='ltr'><strong>post</strong></span> <span class='ocrx_word' id='word_1_685' title='bbox 1893 5220 2007 5273; x_wconf 90' lang='lat' dir='ltr'><strong>obi-</strong></span> 
     </span>
    </p>
   </div>
   <div class='ocr_carea' id='block_1_93' title="bbox 447 5280 2004 5352">
    <p class='ocr_par' dir='ltr' id='par_1_93' title="bbox 447 5280 2004 5352">
     <span class='ocr_line' id='line_1_94' title="bbox 447 5280 2004 5352; baseline 0.008 -23"><span class='ocrx_word' id='word_1_686' title='bbox 447 5290 555 5331; x_wconf 88' lang='lat' dir='ltr'><strong>tum</strong></span> <span class='ocrx_word' id='word_1_687' title='bbox 585 5280 643 5335; x_wconf 86' lang='lat' dir='ltr'><strong>S.</strong></span> <span class='ocrx_word' id='word_1_688' title='bbox 670 5283 959 5347; x_wconf 84' lang='lat' dir='ltr'><strong>Amatoris,</strong></span> <span class='ocrx_word' id='word_1_689' title='bbox 988 5286 1125 5337; x_wconf 85' lang='lat' dir='ltr'><strong>circa</strong></span> <span class='ocrx_word' id='word_1_690' title='bbox 1154 5301 1348 5338; x_wconf 87' lang='lat' dir='ltr'><strong>annum</strong></span> <span class='ocrx_word' id='word_1_691' title='bbox 1379 5280 1613 5338; x_wconf 49' lang='lat' dir='ltr'><strong>infrita</strong></span> <span class='ocrx_word' id='word_1_692' title='bbox 1648 5280 1829 5352; x_wconf 80' lang='lat' dir='ltr'><strong>functi,</strong></span> <span class='ocrx_word' id='word_1_693' title='bbox 1854 5291 2004 5342; x_wconf 82' lang='lat' dir='ltr'><strong>vixe-</strong></span> 
     </span>
    </p>
   </div>
   <div class='ocr_carea' id='block_1_94' title="bbox 445 5352 983 5420">
    <p class='ocr_par' dir='ltr' id='par_1_94' title="bbox 445 5352 983 5420">
     <span class='ocr_line' id='line_1_95' title="bbox 445 5352 983 5420; baseline 0.006 -21"><span class='ocrx_word' id='word_1_694' title='bbox 445 5360 512 5401; x_wconf 90' lang='lat' dir='ltr'><strong>rit</strong></span> <span class='ocrx_word' id='word_1_695' title='bbox 534 5352 639 5420; x_wconf 73' lang='lat' dir='ltr'><strong>illa,</strong></span> <span class='ocrx_word' id='word_1_696' title='bbox 670 5368 773 5404; x_wconf 89' lang='lat' dir='ltr'><strong>non</strong></span> <span class='ocrx_word' id='word_1_697' title='bbox 806 5352 983 5420; x_wconf 88' lang='lat' dir='ltr'><strong>liquet.</strong></span> 
     </span>
    </p>
   </div>
   <div class='ocr_carea' id='block_1_95' title="bbox 517 5418 2005 5487">
    <p class='ocr_par' dir='ltr' id='par_1_95' title="bbox 517 5418 2005 5487">
     <span class='ocr_line' id='line_1_96' title="bbox 517 5418 2005 5487; baseline 0.006 -18"><span class='ocrx_word' id='word_1_698' title='bbox 517 5429 539 5452; x_wconf 77' lang='grc' dir='ltr'>ε</span> <span class='ocrx_word' id='word_1_699' title='bbox 571 5418 942 5474; x_wconf 69' lang='grc' dir='ltr'><strong>υεεὶάενὶἕ.’1ιι</strong></span> <span class='ocrx_word' id='word_1_700' title='bbox 972 5424 1430 5487; x_wconf 80' lang='lat' dir='ltr'><strong>Augustodunettsi</strong></span> <span class='ocrx_word' id='word_1_701' title='bbox 1479 5426 1690 5478; x_wconf 76' lang='lat' dir='ltr'><strong>tivitate</strong></span> <span class='ocrx_word' id='word_1_702' title='bbox 1742 5441 1804 5479; x_wconf 80' lang='lat' dir='ltr'><strong>ex</strong></span> <span class='ocrx_word' id='word_1_703' title='bbox 1842 5428 2005 5479; x_wconf 90' lang='lat' dir='ltr'><strong>ttohili</strong></span> 
     </span>
    </p>
   </div>
   <div class='ocr_carea' id='block_1_96' title="bbox 445 5489 2008 5562">
    <p class='ocr_par' dir='ltr' id='par_1_96' title="bbox 445 5489 2008 5562">
     <span class='ocr_line' id='line_1_97' title="bbox 445 5489 2008 5562; baseline 0.006 -22"><span class='ocrx_word' id='word_1_704' title='bbox 445 5489 686 5562; x_wconf 78' lang='lat' dir='ltr'><strong>prosapie</strong></span> <span class='ocrx_word' id='word_1_705' title='bbox 711 5491 919 5546; x_wconf 88' lang='lat' dir='ltr'><strong>oriundi</strong></span> <span class='ocrx_word' id='word_1_706' title='bbox 945 5509 960 5556; x_wconf 90' lang='lat'><strong>;</strong></span> <span class='ocrx_word' id='word_1_707' title='bbox 1003 5494 1089 5558; x_wconf 89' lang='lat' dir='ltr'><strong>qui</strong></span> <span class='ocrx_word' id='word_1_708' title='bbox 1123 5494 1334 5545; x_wconf 67' lang='lat' dir='ltr'><strong>Viennae</strong></span> <span class='ocrx_word' id='word_1_709' title='bbox 1358 5496 1455 5548; x_wconf 86' lang='lat' dir='ltr'><strong>sub</strong></span> <span class='ocrx_word' id='word_1_710' title='bbox 1490 5504 1715 5561; x_wconf 83' lang='lat' dir='ltr'><strong>quatuor</strong></span> <span class='ocrx_word' id='word_1_711' title='bbox 1742 5498 2008 5562; x_wconf 83' lang='lat' dir='ltr'><strong>episcopis</strong></span> 
     </span>
    </p>
   </div>
   <div class='ocr_carea' id='block_1_97' title="bbox 441 5560 2005 5634">
    <p class='ocr_par' dir='ltr' id='par_1_97' title="bbox 441 5560 2005 5634">
     <span class='ocr_line' id='line_1_98' title="bbox 441 5560 2005 5634; baseline 0.004 -25"><span class='ocrx_word' id='word_1_712' title='bbox 441 5560 657 5634; x_wconf 80' lang='lat' dir='ltr'><strong>degens,</strong></span> <span class='ocrx_word' id='word_1_713' title='bbox 690 5563 893 5634; x_wconf 87' lang='lat' dir='ltr'><strong>accepit</strong></span> <span class='ocrx_word' id='word_1_714' title='bbox 930 5562 1122 5614; x_wconf 90' lang='lat' dir='ltr'><strong>ibidem</strong></span> <span class='ocrx_word' id='word_1_715' title='bbox 1149 5565 1457 5634; x_wconf 80' lang='lat' dir='ltr'><strong>diaconatus</strong></span> <span class='ocrx_word' id='word_1_716' title='bbox 1485 5560 1715 5617; x_wconf 59' lang='lat' dir='ltr'><strong>ot&#39;liciuru</strong></span> <span class='ocrx_word' id='word_1_717' title='bbox 1761 5560 1787 5617; x_wconf 37' lang='lat'><strong>:&#39;</strong></span> <span class='ocrx_word' id='word_1_718' title='bbox 1808 5577 1859 5618; x_wconf 93' lang='lat' dir='ltr'><strong>ct</strong></span> <span class='ocrx_word' id='word_1_719' title='bbox 1888 5560 2005 5618; x_wconf 83' lang='lat' dir='ltr'><strong>cum</strong></span> 
     </span>
    </p>
   </div>
   <div class='ocr_carea' id='block_1_98' title="bbox 446 5630 2001 5700">
    <p class='ocr_par' dir='ltr' id='par_1_98' title="bbox 446 5630 2001 5700">
     <span class='ocr_line' id='line_1_99' title="bbox 446 5630 2001 5700; baseline 0.004 -22"><span class='ocrx_word' id='word_1_720' title='bbox 446 5630 664 5682; x_wconf 81' lang='lat' dir='ltr'><strong>istorum</strong></span> <span class='ocrx_word' id='word_1_721' title='bbox 694 5632 1059 5700; x_wconf 79' lang='lat' dir='ltr'><strong>episcoporum</strong></span> <span class='ocrx_word' id='word_1_722' title='bbox 1107 5630 1323 5685; x_wconf 87' lang='lat' dir='ltr'><strong>ultimus</strong></span> <span class='ocrx_word' id='word_1_723' title='bbox 1352 5636 1407 5688; x_wconf 84' lang='grc'><strong>8.</strong></span> <span class='ocrx_word' id='word_1_724' title='bbox 1462 5634 1616 5688; x_wconf 88' lang='lat' dir='ltr'><strong>Uirus</strong></span> <span class='ocrx_word' id='word_1_725' title='bbox 1665 5635 1805 5687; x_wconf 85' lang='lat' dir='ltr'><strong>diem</strong></span> <span class='ocrx_word' id='word_1_726' title='bbox 1853 5635 2001 5697; x_wconf 76' lang='lat' dir='ltr'><strong>obiit,</strong></span> 
     </span>
    </p>
   </div>
   <div class='ocr_carea' id='block_1_99' title="bbox 2123 3127 3696 3197">
    <p class='ocr_par' dir='ltr' id='par_1_99' title="bbox 2123 3127 3696 3197">
     <span class='ocr_line' id='line_1_100' title="bbox 2123 3127 3696 3197; baseline 0.004 -18"><span class='ocrx_word' id='word_1_727' title='bbox 2123 3142 2236 3197; x_wconf 85' lang='lat' dir='ltr'><strong>rum</strong></span> <span class='ocrx_word' id='word_1_728' title='bbox 2260 3166 2273 3188; x_wconf 88' lang='lat'><strong>,</strong></span> <span class='ocrx_word' id='word_1_729' title='bbox 2306 3142 2447 3179; x_wconf 89' lang='lat' dir='ltr'><strong>anno</strong></span> <span class='ocrx_word' id='word_1_730' title='bbox 2488 3127 2611 3181; x_wconf 72' lang='lat'><strong>605.</strong></span> <span class='ocrx_word' id='word_1_731' title='bbox 2643 3131 2891 3197; x_wconf 70' lang='lat' dir='ltr'><strong>Synodus</strong></span> <span class='ocrx_word' id='word_1_732' title='bbox 2914 3128 3184 3179; x_wconf 86' lang='lat' dir='ltr'><strong>Cabillono</strong></span> <span class='ocrx_word' id='word_1_733' title='bbox 3214 3130 3477 3197; x_wconf 80' lang='lat' dir='ltr'><strong>colligitur</strong></span> <span class='ocrx_word' id='word_1_734' title='bbox 3505 3146 3519 3181; x_wconf 90' lang='lat'><strong>:</strong></span> <span class='ocrx_word' id='word_1_735' title='bbox 3550 3131 3696 3185; x_wconf 61' lang='lat' dir='ltr'><strong>Desi-</strong></span> 
     </span>
    </p>
   </div>
   <div class='ocr_carea' id='block_1_100' title="bbox 2117 3195 3701 3265">
    <p class='ocr_par' dir='ltr' id='par_1_100' title="bbox 2117 3195 3701 3265">
     <span class='ocr_line' id='line_1_101' title="bbox 2117 3195 3701 3265; baseline 0.004 -18"><span class='ocrx_word' id='word_1_736' title='bbox 2117 3195 2322 3265; x_wconf 83' lang='lat' dir='ltr'><strong>det-inm</strong></span> <span class='ocrx_word' id='word_1_737' title='bbox 2380 3195 2692 3262; x_wconf 85' lang='lat' dir='ltr'><strong>episcopum</strong></span> <span class='ocrx_word' id='word_1_738' title='bbox 2741 3195 3015 3263; x_wconf 81' lang='lat' dir='ltr'><strong>dejiciunt.</strong></span> <span class='ocrx_word' id='word_1_739' title='bbox 3073 3210 3123 3249; x_wconf 89' lang='lat' dir='ltr'><strong>et</strong></span> <span class='ocrx_word' id='word_1_740' title='bbox 3177 3195 3460 3265; x_wconf 78' lang='lat' dir='ltr'><strong>instigante</strong></span> <span class='ocrx_word' id='word_1_741' title='bbox 3508 3202 3701 3253; x_wconf 72' lang='grc' dir='ltr'><strong>Ατίάἰο</strong></span> 
     </span>
    </p>
   </div>
   <div class='ocr_carea' id='block_1_101' title="bbox 2116 3264 3690 3333">
    <p class='ocr_par' dir='ltr' id='par_1_101' title="bbox 2116 3264 3690 3333">
     <span class='ocr_line' id='line_1_102' title="bbox 2116 3264 3690 3333; baseline 0.003 -16"><span class='ocrx_word' id='word_1_742' title='bbox 2116 3264 2452 3333; x_wconf 85' lang='lat' dir='ltr'><strong>Lugdunensi</strong></span> <span class='ocrx_word' id='word_1_743' title='bbox 2496 3269 2744 3333; x_wconf 89' lang='lat' dir='ltr'><strong>episcopo</strong></span> <span class='ocrx_word' id='word_1_744' title='bbox 2788 3279 2840 3319; x_wconf 88' lang='lat' dir='ltr'><strong>et</strong></span> <span class='ocrx_word' id='word_1_745' title='bbox 2881 3267 3238 3329; x_wconf 79' lang='lat' dir='ltr'><strong>llrttnichiltle,</strong></span> <span class='ocrx_word' id='word_1_746' title='bbox 3271 3264 3424 3329; x_wconf 81' lang='lat' dir='ltr'><strong>quam</strong></span> <span class='ocrx_word' id='word_1_747' title='bbox 3458 3269 3527 3321; x_wconf 89' lang='lat' dir='ltr'><strong>ob</strong></span> <span class='ocrx_word' id='word_1_748' title='bbox 3582 3287 3690 3322; x_wconf 65' lang='lat' dir='ltr'><strong>nu-</strong></span> 
     </span>
    </p>
   </div>
   <div class='ocr_carea' id='block_1_102' title="bbox 2120 3337 3693 3404">
    <p class='ocr_par' dir='ltr' id='par_1_102' title="bbox 2120 3337 3693 3404">
     <span class='ocr_line' id='line_1_103' title="bbox 2120 3337 3693 3404; baseline 0.008 -21"><span class='ocrx_word' id='word_1_749' title='bbox 2120 3338 2251 3401; x_wconf 88' lang='lat' dir='ltr'><strong>ptias</strong></span> <span class='ocrx_word' id='word_1_750' title='bbox 2291 3340 2519 3388; x_wconf 70' lang='lat' dir='ltr'><strong>incestas</strong></span> <span class='ocrx_word' id='word_1_751' title='bbox 2561 3348 2837 3399; x_wconf 80' lang='lat' dir='ltr'><strong>arguisset,</strong></span> <span class='ocrx_word' id='word_1_752' title='bbox 2871 3337 3185 3399; x_wconf 82' lang='lat' dir='ltr'><strong>subrogatus</strong></span> <span class='ocrx_word' id='word_1_753' title='bbox 3241 3349 3321 3390; x_wconf 89' lang='lat' dir='ltr'><strong>est</strong></span> <span class='ocrx_word' id='word_1_754' title='bbox 3363 3340 3480 3392; x_wconf 88' lang='lat' dir='ltr'><strong>loco</strong></span> <span class='ocrx_word' id='word_1_755' title='bbox 3520 3342 3693 3404; x_wconf 82' lang='lat' dir='ltr'><strong>ipsius</strong></span> 
     </span>
    </p>
   </div>
   <div class='ocr_carea' id='block_1_103' title="bbox 2116 3405 3691 3468">
    <p class='ocr_par' dir='ltr' id='par_1_103' title="bbox 2116 3405 3691 3468">
     <span class='ocr_line' id='line_1_104' title="bbox 2116 3405 3691 3468; baseline 0.003 -13"><span class='ocrx_word' id='word_1_756' title='bbox 2116 3407 2427 3457; x_wconf 73' lang='lat' dir='ltr'><strong>sacerdotali</strong></span> <span class='ocrx_word' id='word_1_757' title='bbox 2470 3405 2645 3458; x_wconf 86' lang='lat' dir='ltr'><strong>ol&#39;iicio</strong></span> <span class='ocrx_word' id='word_1_758' title='bbox 2674 3406 2994 3468; x_wconf 74' lang='lat' dir='ltr'><strong>llomtiolus;</strong></span> <span class='ocrx_word' id='word_1_759' title='bbox 3031 3406 3328 3460; x_wconf 66' lang='lat' dir='ltr'><strong>DCSiIiCl&#39;iUS</strong></span> <span class='ocrx_word' id='word_1_760' title='bbox 3363 3424 3491 3460; x_wconf 83' lang='lat' dir='ltr'><strong>vero</strong></span> <span class='ocrx_word' id='word_1_761' title='bbox 3522 3413 3571 3459; x_wconf 91' lang='lat' dir='ltr'><strong>in</strong></span> <span class='ocrx_word' id='word_1_762' title='bbox 3605 3412 3691 3463; x_wconf 76' lang='lat' dir='ltr'><strong>in-</strong></span> 
     </span>
    </p>
   </div>
   <div class='ocr_carea' id='block_1_104' title="bbox 2117 3475 3689 3542">
    <p class='ocr_par' dir='ltr' id='par_1_104' title="bbox 2117 3475 3689 3542">
     <span class='ocr_line' id='line_1_105' title="bbox 2117 3475 3689 3542; baseline 0.003 -16"><span class='ocrx_word' id='word_1_763' title='bbox 2117 3475 2288 3526; x_wconf 90' lang='lat' dir='ltr'><strong>sulam</strong></span> <span class='ocrx_word' id='word_1_764' title='bbox 2352 3477 2630 3542; x_wconf 84' lang='lat' dir='ltr'><strong>quamdam</strong></span> <span class='ocrx_word' id='word_1_765' title='bbox 2702 3477 2888 3527; x_wconf 75' lang='lat' dir='ltr'><strong>exsilio</strong></span> <span class='ocrx_word' id='word_1_766' title='bbox 2957 3477 3262 3528; x_wconf 87' lang='lat' dir='ltr'><strong>retruditur.</strong></span> <span class='ocrx_word' id='word_1_767' title='bbox 3337 3477 3489 3529; x_wconf 76' lang='lat' dir='ltr'><strong>Anno</strong></span> <span class='ocrx_word' id='word_1_768' title='bbox 3560 3481 3689 3541; x_wconf 82' lang='grc'><strong>67,</strong></span> 
     </span>
    </p>
   </div>
   <div class='ocr_carea' id='block_1_105' title="bbox 2118 3544 3686 3615">
    <p class='ocr_par' dir='ltr' id='par_1_105' title="bbox 2118 3544 3686 3615">
     <span class='ocr_line' id='line_1_106' title="bbox 2118 3544 3686 3615; baseline 0.003 -21"><span class='ocrx_word' id='word_1_769' title='bbox 2118 3544 2481 3596; x_wconf 68' lang='grc' dir='ltr'><strong>ἸἸιευάυῐίιευδ</strong></span> <span class='ocrx_word' id='word_1_770' title='bbox 2532 3545 2756 3595; x_wconf 83' lang='lat' dir='ltr'><strong>consilio</strong></span> <span class='ocrx_word' id='word_1_771' title='bbox 2788 3545 3024 3610; x_wconf 82' lang='lat' dir='ltr'><strong>ejusdem</strong></span> <span class='ocrx_word' id='word_1_772' title='bbox 3077 3546 3236 3598; x_wconf 69' lang='lat' dir='ltr'><strong>Aridti</strong></span> <span class='ocrx_word' id='word_1_773' title='bbox 3270 3556 3442 3609; x_wconf 78' lang='lat' dir='ltr'><strong>triens,</strong></span> <span class='ocrx_word' id='word_1_774' title='bbox 3479 3562 3529 3601; x_wconf 81' lang='lat' dir='ltr'><strong>et</strong></span> <span class='ocrx_word' id='word_1_775' title='bbox 3563 3564 3686 3615; x_wconf 84' lang='lat' dir='ltr'><strong>per-</strong></span> 
     </span>
    </p>
   </div>
   <div class='ocr_carea' id='block_1_106' title="bbox 2117 3614 3692 3676">
    <p class='ocr_par' dir='ltr' id='par_1_106' title="bbox 2117 3614 3692 3676">
     <span class='ocr_line' id='line_1_107' title="bbox 2117 3614 3692 3676; baseline 0.005 -13"><span class='ocrx_word' id='word_1_776' title='bbox 2117 3628 2275 3665; x_wconf 85' lang='lat' dir='ltr'><strong>suasu</strong></span> <span class='ocrx_word' id='word_1_777' title='bbox 2305 3615 2435 3665; x_wconf 69' lang='lat' dir='ltr'><strong>aviae</strong></span> <span class='ocrx_word' id='word_1_778' title='bbox 2462 3630 2569 3665; x_wconf 75' lang='lat' dir='ltr'><strong>sua:</strong></span> <span class='ocrx_word' id='word_1_779' title='bbox 2610 3614 2977 3666; x_wconf 76' lang='lat' dir='ltr'><strong>Brunecliilda:</strong></span> <span class='ocrx_word' id='word_1_780' title='bbox 3008 3656 3020 3676; x_wconf 88' lang='lat'><strong>,</strong></span> <span class='ocrx_word' id='word_1_781' title='bbox 3049 3616 3106 3668; x_wconf 88' lang='lat' dir='ltr'><strong>S.</strong></span> <span class='ocrx_word' id='word_1_782' title='bbox 3143 3615 3467 3668; x_wconf 83' lang='lat' dir='ltr'><strong>Desideriuni</strong></span> <span class='ocrx_word' id='word_1_783' title='bbox 3497 3619 3563 3671; x_wconf 91' lang='lat' dir='ltr'><strong>de</strong></span> <span class='ocrx_word' id='word_1_784' title='bbox 3594 3635 3692 3671; x_wconf 64' lang='lat' dir='ltr'><strong>ex-</strong></span> 
     </span>
    </p>
   </div>
   <div class='ocr_carea' id='block_1_107' title="bbox 2116 3683 3690 3750">
    <p class='ocr_par' dir='ltr' id='par_1_107' title="bbox 2116 3683 3690 3750">
     <span class='ocr_line' id='line_1_108' title="bbox 2116 3683 3690 3750; baseline 0.006 -18"><span class='ocrx_word' id='word_1_785' title='bbox 2116 3683 2238 3736; x_wconf 79' lang='lat' dir='ltr'><strong>Silio</strong></span> <span class='ocrx_word' id='word_1_786' title='bbox 2271 3699 2567 3750; x_wconf 83' lang='lat' dir='ltr'><strong>regressum</strong></span> <span class='ocrx_word' id='word_1_787' title='bbox 2602 3685 2821 3750; x_wconf 84' lang='lat' dir='ltr'><strong>lapidari</strong></span> <span class='ocrx_word' id='word_1_788' title='bbox 2856 3688 3119 3749; x_wconf 70' lang='lat' dir='ltr'><strong>praecepit.</strong></span> <span class='ocrx_word' id='word_1_789' title='bbox 3153 3685 3251 3737; x_wconf 79' lang='lat' dir='ltr'><strong>l’er</strong></span> <span class='ocrx_word' id='word_1_790' title='bbox 3295 3688 3432 3747; x_wconf 79' lang='lat' dir='ltr'><strong>quod</strong></span> <span class='ocrx_word' id='word_1_791' title='bbox 3458 3692 3690 3741; x_wconf 68' lang='lat' dir='ltr'><strong>creden-</strong></span> 
     </span>
    </p>
   </div>
   <div class='ocr_carea' id='block_1_108' title="bbox 2116 3752 3691 3822">
    <p class='ocr_par' dir='ltr' id='par_1_108' title="bbox 2116 3752 3691 3822">
     <span class='ocr_line' id='line_1_109' title="bbox 2116 3752 3691 3822; baseline 0.004 -17"><span class='ocrx_word' id='word_1_792' title='bbox 2116 3752 2237 3805; x_wconf 88' lang='lat' dir='ltr'><strong>dum</strong></span> <span class='ocrx_word' id='word_1_793' title='bbox 2261 3763 2360 3817; x_wconf 84' lang='lat' dir='ltr'><strong>est,</strong></span> <span class='ocrx_word' id='word_1_794' title='bbox 2395 3767 2487 3818; x_wconf 89' lang='lat' dir='ltr'><strong>pro</strong></span> <span class='ocrx_word' id='word_1_795' title='bbox 2529 3756 2638 3822; x_wconf 89' lang='lat' dir='ltr'><strong>hoc</strong></span> <span class='ocrx_word' id='word_1_796' title='bbox 2666 3756 2805 3804; x_wconf 84' lang='lat' dir='ltr'><strong>malo</strong></span> <span class='ocrx_word' id='word_1_797' title='bbox 2832 3766 2982 3820; x_wconf 88' lang='lat' dir='ltr'><strong>gesto</strong></span> <span class='ocrx_word' id='word_1_798' title='bbox 3031 3770 3249 3822; x_wconf 87' lang='lat' dir='ltr'><strong>regnum</strong></span> <span class='ocrx_word' id='word_1_799' title='bbox 3293 3756 3607 3809; x_wconf 80' lang='lat' dir='ltr'><strong>Tlteodoiict</strong></span> <span class='ocrx_word' id='word_1_800' title='bbox 3637 3771 3691 3811; x_wconf 85' lang='lat' dir='ltr'><strong>et</strong></span> 
     </span>
    </p>
   </div>
   <div class='ocr_carea' id='block_1_109' title="bbox 2120 3821 3692 3894">
    <p class='ocr_par' dir='ltr' id='par_1_109' title="bbox 2120 3821 3692 3894">
     <span class='ocr_line' id='line_1_110' title="bbox 2120 3821 3692 3894; baseline 0.005 -21"><span class='ocrx_word' id='word_1_801' title='bbox 2120 3823 2346 3875; x_wconf 88' lang='lat' dir='ltr'><strong>liliornin</strong></span> <span class='ocrx_word' id='word_1_802' title='bbox 2373 3836 2590 3894; x_wconf 84' lang='lat' dir='ltr'><strong>suorum</strong></span> <span class='ocrx_word' id='word_1_803' title='bbox 2621 3821 2784 3876; x_wconf 77' lang='lat' dir='ltr'><strong>fuisse</strong></span> <span class='ocrx_word' id='word_1_804' title='bbox 2811 3821 3156 3877; x_wconf 84' lang='lat' dir='ltr'><strong>destructum.</strong></span> <span class='ocrx_word' id='word_1_805' title='bbox 3189 3823 3488 3894; x_wconf 79' lang='lat' dir='ltr'><strong>Fredegarii</strong></span> <span class='ocrx_word' id='word_1_806' title='bbox 3520 3828 3692 3882; x_wconf 85' lang='lat' dir='ltr'><strong>Scho-</strong></span> 
     </span>
    </p>
   </div>
   <div class='ocr_carea' id='block_1_110' title="bbox 2120 3892 2639 3945">
    <p class='ocr_par' dir='ltr' id='par_1_110' title="bbox 2120 3892 2639 3945">
     <span class='ocr_line' id='line_1_111' title="bbox 2120 3892 2639 3945; baseline 0.002 -3"><span class='ocrx_word' id='word_1_807' title='bbox 2120 3894 2285 3945; x_wconf 87' lang='lat' dir='ltr'><strong>lastici</strong></span> <span class='ocrx_word' id='word_1_808' title='bbox 2315 3892 2639 3945; x_wconf 82' lang='lat' dir='ltr'><strong>Chronicon.</strong></span> 
     </span>
    </p>
   </div>
   <div class='ocr_carea' id='block_1_111' title="bbox 2194 3960 3691 4031">
    <p class='ocr_par' dir='ltr' id='par_1_111' title="bbox 2194 3960 3691 4031">
     <span class='ocr_line' id='line_1_112' title="bbox 2194 3960 3691 4031; baseline 0.003 -16"><span class='ocrx_word' id='word_1_809' title='bbox 2194 3960 2212 3998; x_wconf 71' lang='grc' dir='ltr'><em>τ</em></span> <span class='ocrx_word' id='word_1_810' title='bbox 2248 3961 2387 4015; x_wconf 85' lang='lat' dir='ltr'><strong>Gaii.</strong></span> <span class='ocrx_word' id='word_1_811' title='bbox 2419 3964 2516 4026; x_wconf 74' lang='lat' dir='ltr'><strong>Qui</strong></span> <span class='ocrx_word' id='word_1_812' title='bbox 2549 3976 2707 4029; x_wconf 82' lang='lat' dir='ltr'><strong>supra</strong></span> <span class='ocrx_word' id='word_1_813' title='bbox 2738 3963 2929 4016; x_wconf 90' lang='lat' dir='ltr'><strong>colitur</strong></span> <span class='ocrx_word' id='word_1_814' title='bbox 2951 3962 3021 4015; x_wconf 63' lang='lat'><strong>2:).</strong></span> <span class='ocrx_word' id='word_1_815' title='bbox 3049 3963 3242 4031; x_wconf 85' lang='lat' dir='ltr'><strong>Aprilis</strong></span> <span class='ocrx_word' id='word_1_816' title='bbox 3263 3973 3317 4018; x_wconf 90' lang='lat' dir='ltr'><strong>et</strong></span> <span class='ocrx_word' id='word_1_817' title='bbox 3354 3964 3423 4017; x_wconf 71' lang='lat'><strong>20</strong></span> <span class='ocrx_word' id='word_1_818' title='bbox 3453 3963 3691 4019; x_wconf 82' lang='lat' dir='ltr'><strong>Februa-</strong></span> 
     </span>
    </p>
   </div>
   <div class='ocr_carea' id='block_1_112' title="bbox 2119 4032 3147 4100">
    <p class='ocr_par' dir='ltr' id='par_1_112' title="bbox 2119 4032 3147 4100">
     <span class='ocr_line' id='line_1_113' title="bbox 2119 4032 3147 4100; baseline 0.003 -16"><span class='ocrx_word' id='word_1_819' title='bbox 2119 4032 2200 4084; x_wconf 91' lang='lat' dir='ltr'><strong>rii.</strong></span> <span class='ocrx_word' id='word_1_820' title='bbox 2231 4033 2301 4085; x_wconf 86' lang='lat' dir='ltr'><strong>De</strong></span> <span class='ocrx_word' id='word_1_821' title='bbox 2324 4034 2438 4099; x_wconf 86' lang='lat' dir='ltr'><strong>ejus</strong></span> <span class='ocrx_word' id='word_1_822' title='bbox 2467 4035 2626 4085; x_wconf 85' lang='lat' dir='ltr'><strong>sociis</strong></span> <span class='ocrx_word' id='word_1_823' title='bbox 2655 4034 2726 4087; x_wconf 91' lang='lat' dir='ltr'><strong>nil</strong></span> <span class='ocrx_word' id='word_1_824' title='bbox 2749 4035 2870 4085; x_wconf 88' lang='lat' dir='ltr'><strong>alibi</strong></span> <span class='ocrx_word' id='word_1_825' title='bbox 2906 4036 3147 4100; x_wconf 77' lang='lat' dir='ltr'><strong>legimus.</strong></span> 
     </span>
    </p>
   </div>
   <div class='ocr_carea' id='block_1_113' title="bbox 2189 4101 3693 4173">
    <p class='ocr_par' dir='ltr' id='par_1_113' title="bbox 2189 4101 3693 4173">
     <span class='ocr_line' id='line_1_114' title="bbox 2189 4101 3693 4173; baseline 0.003 -22"><span class='ocrx_word' id='word_1_826' title='bbox 2189 4103 2212 4139; x_wconf 73' lang='grc'><strong>8</strong></span> <span class='ocrx_word' id='word_1_827' title='bbox 2247 4102 2500 4173; x_wconf 77' lang='lat' dir='ltr'><strong>Epipodii.</strong></span> <span class='ocrx_word' id='word_1_828' title='bbox 2554 4102 2626 4155; x_wconf 94' lang='lat' dir='ltr'><strong>De</strong></span> <span class='ocrx_word' id='word_1_829' title='bbox 2680 4101 2778 4155; x_wconf 84' lang='lat' dir='ltr'><strong>hoc</strong></span> <span class='ocrx_word' id='word_1_830' title='bbox 2805 4102 2920 4155; x_wconf 85' lang='lat' dir='ltr'><strong>vide</strong></span> <span class='ocrx_word' id='word_1_831' title='bbox 2948 4102 3018 4154; x_wconf 67' lang='lat'><strong>24</strong></span> <span class='ocrx_word' id='word_1_832' title='bbox 3058 4102 3273 4172; x_wconf 84' lang='lat' dir='ltr'><strong>Aprilis,</strong></span> <span class='ocrx_word' id='word_1_833' title='bbox 3307 4119 3410 4173; x_wconf 76' lang='lat' dir='ltr'><strong>quo</strong></span> <span class='ocrx_word' id='word_1_834' title='bbox 3455 4106 3543 4160; x_wconf 73' lang='lat' dir='ltr'><strong>die</strong></span> <span class='ocrx_word' id='word_1_835' title='bbox 3572 4120 3693 4158; x_wconf 87' lang='lat' dir='ltr'><strong>cum</strong></span> 
     </span>
    </p>
   </div>
   <div class='ocr_carea' id='block_1_114' title="bbox 2118 4171 2875 4225">
    <p class='ocr_par' dir='ltr' id='par_1_114' title="bbox 2118 4171 2875 4225">
     <span class='ocr_line' id='line_1_115' title="bbox 2118 4171 2875 4225; baseline -0.001 -1"><span class='ocrx_word' id='word_1_836' title='bbox 2118 4171 2173 4225; x_wconf 90' lang='lat' dir='ltr'><strong>S.</strong></span> <span class='ocrx_word' id='word_1_837' title='bbox 2210 4172 2509 4224; x_wconf 80' lang='lat' dir='ltr'><strong>Alexandro</strong></span> <span class='ocrx_word' id='word_1_838' title='bbox 2535 4183 2875 4225; x_wconf 90' lang='lat' dir='ltr'><strong>memoratur.</strong></span> 
     </span>
    </p>
   </div>
   <div class='ocr_carea' id='block_1_115' title="bbox 2188 4240 3689 4310">
    <p class='ocr_par' dir='ltr' id='par_1_115' title="bbox 2188 4240 3689 4310">
     <span class='ocr_line' id='line_1_116' title="bbox 2188 4240 3689 4310; baseline 0.005 -21"><span class='ocrx_word' id='word_1_839' title='bbox 2188 4240 2214 4279; x_wconf 72' lang='grc' dir='ltr'><strong>ιι</strong></span> <span class='ocrx_word' id='word_1_840' title='bbox 2243 4242 2441 4306; x_wconf 61' lang='lat' dir='ltr'><strong>Quinti.</strong></span> <span class='ocrx_word' id='word_1_841' title='bbox 2476 4242 2533 4293; x_wconf 89' lang='lat' dir='ltr'><strong>lli</strong></span> <span class='ocrx_word' id='word_1_842' title='bbox 2576 4240 2718 4310; x_wconf 87' lang='lat' dir='ltr'><strong>passi</strong></span> <span class='ocrx_word' id='word_1_843' title='bbox 2750 4254 3010 4310; x_wconf 66' lang='lat' dir='ltr'><strong>suntcum</strong></span> <span class='ocrx_word' id='word_1_844' title='bbox 3035 4241 3243 4295; x_wconf 85' lang='lat' dir='ltr'><strong>Juliano</strong></span> <span class='ocrx_word' id='word_1_845' title='bbox 3286 4243 3335 4294; x_wconf 84' lang='lat' dir='ltr'><strong>iii</strong></span> <span class='ocrx_word' id='word_1_846' title='bbox 3371 4241 3568 4308; x_wconf 79' lang='lat' dir='ltr'><strong>Africa,</strong></span> <span class='ocrx_word' id='word_1_847' title='bbox 3602 4247 3689 4297; x_wconf 80' lang='lat' dir='ltr'><strong>id—</strong></span> 
     </span>
    </p>
   </div>
   <div class='ocr_carea' id='block_1_116' title="bbox 2116 4308 3581 4378">
    <p class='ocr_par' dir='ltr' id='par_1_116' title="bbox 2116 4308 3581 4378">
     <span class='ocr_line' id='line_1_117' title="bbox 2116 4308 3581 4378; baseline 0.004 -18"><span class='ocrx_word' id='word_1_848' title='bbox 2116 4324 2217 4378; x_wconf 88' lang='lat' dir='ltr'><strong>que</strong></span> <span class='ocrx_word' id='word_1_849' title='bbox 2242 4312 2393 4377; x_wconf 76' lang='lat' dir='ltr'><strong>juxta</strong></span> <span class='ocrx_word' id='word_1_850' title='bbox 2421 4308 2746 4363; x_wconf 81' lang='lat' dir='ltr'><strong>Galesinium</strong></span> <span class='ocrx_word' id='word_1_851' title='bbox 2780 4313 2830 4365; x_wconf 88' lang='lat' dir='ltr'><strong>itt</strong></span> <span class='ocrx_word' id='word_1_852' title='bbox 2867 4308 3169 4364; x_wconf 82' lang='lat' dir='ltr'><strong>Waudalica</strong></span> <span class='ocrx_word' id='word_1_853' title='bbox 3196 4312 3581 4378; x_wconf 72' lang='lat' dir='ltr'><strong>persecutione.</strong></span> 
     </span>
    </p>
   </div>
   <div class='ocr_carea' id='block_1_117' title="bbox 2192 4378 3684 4449">
    <p class='ocr_par' dir='ltr' id='par_1_117' title="bbox 2192 4378 3684 4449">
     <span class='ocr_line' id='line_1_118' title="bbox 2192 4378 3684 4449; baseline 0.002 -18"><span class='ocrx_word' id='word_1_854' title='bbox 2192 4378 2208 4416; x_wconf 82' lang='grc' dir='ltr'>ί</span> <span class='ocrx_word' id='word_1_855' title='bbox 2247 4380 2519 4432; x_wconf 77' lang='lat' dir='ltr'><strong>Munalien.</strong></span> <span class='ocrx_word' id='word_1_856' title='bbox 2548 4379 2645 4446; x_wconf 79' lang='lat' dir='ltr'><strong>Qui</strong></span> <span class='ocrx_word' id='word_1_857' title='bbox 2665 4382 2949 4433; x_wconf 86' lang='lat' dir='ltr'><strong>secundum</strong></span> <span class='ocrx_word' id='word_1_858' title='bbox 2976 4383 3165 4434; x_wconf 82' lang='lat' dir='ltr'><strong>Lucam</strong></span> <span class='ocrx_word' id='word_1_859' title='bbox 3194 4384 3242 4432; x_wconf 90' lang='lat' dir='ltr'><strong>in</strong></span> <span class='ocrx_word' id='word_1_860' title='bbox 3272 4384 3487 4433; x_wconf 78' lang='lat' dir='ltr'><strong>Actibus</strong></span> <span class='ocrx_word' id='word_1_861' title='bbox 3512 4393 3684 4449; x_wconf 79' lang='lat' dir='ltr'><strong>apost.</strong></span> 
     </span>
    </p>
   </div>
   <div class='ocr_carea' id='block_1_118' title="bbox 2112 4450 3689 4523">
    <p class='ocr_par' dir='ltr' id='par_1_118' title="bbox 2112 4450 3689 4523">
     <span class='ocr_line' id='line_1_119' title="bbox 2112 4450 3689 4523; baseline 0.003 -21"><span class='ocrx_word' id='word_1_862' title='bbox 2112 4452 2208 4502; x_wconf 88' lang='lat' dir='ltr'><strong>sub</strong></span> <span class='ocrx_word' id='word_1_863' title='bbox 2230 4450 2429 4523; x_wconf 84' lang='lat' dir='ltr'><strong>initium</strong></span> <span class='ocrx_word' id='word_1_864' title='bbox 2461 4465 2576 4523; x_wconf 79' lang='lat' dir='ltr'><strong>cap.</strong></span> <span class='ocrx_word' id='word_1_865' title='bbox 2614 4464 2702 4502; x_wconf 82' lang='lat' dir='ltr'><strong>iuit</strong></span> <span class='ocrx_word' id='word_1_866' title='bbox 2728 4464 2845 4503; x_wconf 88' lang='lat' dir='ltr'><strong>cum</strong></span> <span class='ocrx_word' id='word_1_867' title='bbox 2876 4451 3090 4523; x_wconf 83' lang='lat' dir='ltr'><strong>Simone</strong></span> <span class='ocrx_word' id='word_1_868' title='bbox 3120 4451 3293 4518; x_wconf 81' lang='lat' dir='ltr'><strong>Nigro,</strong></span> <span class='ocrx_word' id='word_1_869' title='bbox 3314 4464 3363 4503; x_wconf 87' lang='lat' dir='ltr'><strong>et</strong></span> <span class='ocrx_word' id='word_1_870' title='bbox 3396 4452 3556 4504; x_wconf 88' lang='lat' dir='ltr'><strong>Lucio</strong></span> <span class='ocrx_word' id='word_1_871' title='bbox 3583 4454 3689 4523; x_wconf 80' lang='lat' dir='ltr'><strong>Cy-</strong></span> 
     </span>
    </p>
   </div>
   <div class='ocr_carea' id='block_1_119' title="bbox 2116 4521 3690 4589">
    <p class='ocr_par' dir='ltr' id='par_1_119' title="bbox 2116 4521 3690 4589">
     <span class='ocr_line' id='line_1_120' title="bbox 2116 4521 3690 4589; baseline 0.002 -17"><span class='ocrx_word' id='word_1_872' title='bbox 2116 4522 2325 4572; x_wconf 86' lang='lat' dir='ltr'><strong>renensi</strong></span> <span class='ocrx_word' id='word_1_873' title='bbox 2378 4521 2568 4579; x_wconf 82' lang='lat' dir='ltr'><strong>dicitur</strong></span> <span class='ocrx_word' id='word_1_874' title='bbox 2616 4534 2924 4589; x_wconf 81' lang='lat' dir='ltr'><strong>segregasse</strong></span> <span class='ocrx_word' id='word_1_875' title='bbox 2965 4522 3181 4574; x_wconf 84' lang='lat' dir='ltr'><strong>Sauluni</strong></span> <span class='ocrx_word' id='word_1_876' title='bbox 3225 4532 3279 4573; x_wconf 87' lang='lat' dir='ltr'><strong>et</strong></span> <span class='ocrx_word' id='word_1_877' title='bbox 3311 4523 3602 4575; x_wconf 81' lang='lat' dir='ltr'><strong>Barnabatn</strong></span> <span class='ocrx_word' id='word_1_878' title='bbox 3631 4521 3690 4576; x_wconf 83' lang='lat' dir='ltr'><strong>in</strong></span> 
     </span>
    </p>
   </div>
   <div class='ocr_carea' id='block_1_120' title="bbox 2114 4589 2567 4656">
    <p class='ocr_par' dir='ltr' id='par_1_120' title="bbox 2114 4589 2567 4656">
     <span class='ocr_line' id='line_1_121' title="bbox 2114 4589 2567 4656; baseline 0 -15"><span class='ocrx_word' id='word_1_879' title='bbox 2114 4605 2245 4656; x_wconf 86' lang='lat' dir='ltr'><strong>upns</strong></span> <span class='ocrx_word' id='word_1_880' title='bbox 2270 4589 2567 4641; x_wconf 88' lang='lat' dir='ltr'><strong>ministerii.</strong></span> 
     </span>
    </p>
   </div>
   <div class='ocr_carea' id='block_1_121' title="bbox 2188 4659 3697 4729">
    <p class='ocr_par' dir='ltr' id='par_1_121' title="bbox 2188 4659 3697 4729">
     <span class='ocr_line' id='line_1_122' title="bbox 2188 4659 3697 4729; baseline 0.004 -23"><span class='ocrx_word' id='word_1_881' title='bbox 2188 4660 2203 4706; x_wconf 91' lang='lat' dir='ltr'><strong>l</strong></span> <span class='ocrx_word' id='word_1_882' title='bbox 2243 4659 2513 4729; x_wconf 77' lang='lat' dir='ltr'><strong>[legationi</strong></span> <span class='ocrx_word' id='word_1_883' title='bbox 2549 4670 2593 4710; x_wconf 81' lang='lat' dir='ltr'><strong>et</strong></span> <span class='ocrx_word' id='word_1_884' title='bbox 2637 4659 2929 4711; x_wconf 78' lang='lat' dir='ltr'><strong>Douatiani.</strong></span> <span class='ocrx_word' id='word_1_885' title='bbox 2963 4660 3061 4725; x_wconf 86' lang='lat' dir='ltr'><strong>Qui</strong></span> <span class='ocrx_word' id='word_1_886' title='bbox 3093 4668 3329 4723; x_wconf 80' lang='lat' dir='ltr'><strong>tempore</strong></span> <span class='ocrx_word' id='word_1_887' title='bbox 3379 4659 3697 4716; x_wconf 51' lang='lat' dir='ltr'><strong>Diocletiani</strong></span> 
     </span>
    </p>
   </div>
   <div class='ocr_carea' id='block_1_122' title="bbox 2111 4729 3682 4794">
    <p class='ocr_par' dir='ltr' id='par_1_122' title="bbox 2111 4729 3682 4794">
     <span class='ocr_line' id='line_1_123' title="bbox 2111 4729 3682 4794; baseline 0 -13"><span class='ocrx_word' id='word_1_888' title='bbox 2111 4737 2168 4781; x_wconf 86' lang='lat' dir='ltr'><strong>ct</strong></span> <span class='ocrx_word' id='word_1_889' title='bbox 2199 4729 2490 4781; x_wconf 71' lang='lat' dir='ltr'><strong>Matttitiatti</strong></span> <span class='ocrx_word' id='word_1_890' title='bbox 2525 4744 2617 4794; x_wconf 89' lang='lat' dir='ltr'><strong>pro</strong></span> <span class='ocrx_word' id='word_1_891' title='bbox 2643 4732 2935 4783; x_wconf 74' lang='lat' dir='ltr'><strong>toustantia</strong></span> <span class='ocrx_word' id='word_1_892' title='bbox 2971 4732 3085 4779; x_wconf 84' lang='lat' dir='ltr'><strong>titlei</strong></span> <span class='ocrx_word' id='word_1_893' title='bbox 3121 4730 3171 4781; x_wconf 85' lang='lat' dir='ltr'><strong>in</strong></span> <span class='ocrx_word' id='word_1_894' title='bbox 3198 4744 3468 4781; x_wconf 79' lang='lat' dir='ltr'><strong>carcerem</strong></span> <span class='ocrx_word' id='word_1_895' title='bbox 3518 4734 3682 4790; x_wconf 69' lang='lat' dir='ltr'><strong>iiiiSsi,</strong></span> 
     </span>
    </p>
   </div>
   <div class='ocr_carea' id='block_1_123' title="bbox 2113 4798 3691 4865">
    <p class='ocr_par' dir='ltr' id='par_1_123' title="bbox 2113 4798 3691 4865">
     <span class='ocr_line' id='line_1_124' title="bbox 2113 4798 3691 4865; baseline 0.002 -16"><span class='ocrx_word' id='word_1_896' title='bbox 2113 4810 2166 4849; x_wconf 89' lang='lat' dir='ltr'><strong>et</strong></span> <span class='ocrx_word' id='word_1_897' title='bbox 2222 4798 2273 4849; x_wconf 90' lang='lat' dir='ltr'><strong>in</strong></span> <span class='ocrx_word' id='word_1_898' title='bbox 2324 4800 2530 4861; x_wconf 84' lang='lat' dir='ltr'><strong>equulei</strong></span> <span class='ocrx_word' id='word_1_899' title='bbox 2580 4809 2776 4849; x_wconf 80' lang='lat' dir='ltr'><strong>eatasta</strong></span> <span class='ocrx_word' id='word_1_900' title='bbox 2836 4814 3101 4865; x_wconf 78' lang='lat' dir='ltr'><strong>suspensi,</strong></span> <span class='ocrx_word' id='word_1_901' title='bbox 3148 4814 3209 4850; x_wconf 91' lang='lat' dir='ltr'><strong>ac</strong></span> <span class='ocrx_word' id='word_1_902' title='bbox 3260 4800 3459 4860; x_wconf 85' lang='lat' dir='ltr'><strong>laniati,</strong></span> <span class='ocrx_word' id='word_1_903' title='bbox 3493 4801 3691 4853; x_wconf 79' lang='lat' dir='ltr'><strong>deinde</strong></span> 
     </span>
    </p>
   </div>
   <div class='ocr_carea' id='block_1_124' title="bbox 2114 4869 3690 4937">
    <p class='ocr_par' dir='ltr' id='par_1_124' title="bbox 2114 4869 3690 4937">
     <span class='ocr_line' id='line_1_125' title="bbox 2114 4869 3690 4937; baseline 0.003 -20"><span class='ocrx_word' id='word_1_904' title='bbox 2114 4869 2296 4919; x_wconf 81' lang='lat' dir='ltr'><strong>lancea</strong></span> <span class='ocrx_word' id='word_1_905' title='bbox 2328 4870 2537 4920; x_wconf 84' lang='lat' dir='ltr'><strong>tniiitari</strong></span> <span class='ocrx_word' id='word_1_906' title='bbox 2565 4873 2803 4931; x_wconf 80' lang='lat' dir='ltr'><strong>perlossi.</strong></span> <span class='ocrx_word' id='word_1_907' title='bbox 2839 4870 3124 4920; x_wconf 65' lang='lat' dir='ltr'><strong>I|()Vis.\itlic</strong></span> <span class='ocrx_word' id='word_1_908' title='bbox 3153 4869 3321 4933; x_wconf 73' lang='lat' dir='ltr'><strong>capita</strong></span> <span class='ocrx_word' id='word_1_909' title='bbox 3349 4886 3532 4921; x_wconf 85' lang='lat' dir='ltr'><strong>eorum</strong></span> <span class='ocrx_word' id='word_1_910' title='bbox 3560 4886 3690 4937; x_wconf 68' lang='lat' dir='ltr'><strong>pra:-</strong></span> 
     </span>
    </p>
   </div>
   <div class='ocr_carea' id='block_1_125' title="bbox 2111 4937 2942 4997">
    <p class='ocr_par' dir='ltr' id='par_1_125' title="bbox 2111 4937 2942 4997">
     <span class='ocr_line' id='line_1_126' title="bbox 2111 4937 2942 4997; baseline 0 -9"><span class='ocrx_word' id='word_1_911' title='bbox 2111 4938 2217 4989; x_wconf 85' lang='lat' dir='ltr'><strong>ci-a</strong></span> <span class='ocrx_word' id='word_1_912' title='bbox 2243 4948 2382 4988; x_wconf 79' lang='lat' dir='ltr'><strong>sunt.</strong></span> <span class='ocrx_word' id='word_1_913' title='bbox 2420 4939 2671 4997; x_wconf 80' lang='lat' dir='ltr'><strong>l&#39;suitau.,</strong></span> <span class='ocrx_word' id='word_1_914' title='bbox 2704 4937 2942 4991; x_wconf 72' lang='lat' dir='ltr'><strong>NOTKEB.</strong></span> 
     </span>
    </p>
   </div>
   <div class='ocr_carea' id='block_1_126' title="bbox 2184 5004 3684 5068">
    <p class='ocr_par' dir='ltr' id='par_1_126' title="bbox 2184 5004 3684 5068">
     <span class='ocr_line' id='line_1_127' title="bbox 2184 5004 3684 5068; baseline -0.001 -10"><span class='ocrx_word' id='word_1_915' title='bbox 2184 5005 2205 5041; x_wconf 78' lang='lat'><strong>&quot;</strong></span> <span class='ocrx_word' id='word_1_916' title='bbox 2243 5004 2456 5058; x_wconf 75' lang='lat' dir='ltr'><strong>Urbani.</strong></span> <span class='ocrx_word' id='word_1_917' title='bbox 2488 5007 2709 5059; x_wconf 75' lang='lat' dir='ltr'><strong>Callisto</strong></span> <span class='ocrx_word' id='word_1_918' title='bbox 2736 5018 2910 5060; x_wconf 82' lang='lat' dir='ltr'><strong>autem</strong></span> <span class='ocrx_word' id='word_1_919' title='bbox 2963 5024 3099 5059; x_wconf 82' lang='lat' dir='ltr'><strong>anno</strong></span> <span class='ocrx_word' id='word_1_920' title='bbox 3132 5007 3235 5059; x_wconf 67' lang='grc'><strong>222</strong></span> <span class='ocrx_word' id='word_1_921' title='bbox 3283 5009 3553 5068; x_wconf 77' lang='lat' dir='ltr'><strong>defuncto,</strong></span> <span class='ocrx_word' id='word_1_922' title='bbox 3585 5005 3684 5060; x_wconf 82' lang='lat' dir='ltr'><strong>Ur-</strong></span> 
     </span>
    </p>
   </div>
   <div class='ocr_carea' id='block_1_127' title="bbox 2114 5077 3687 5143">
    <p class='ocr_par' dir='ltr' id='par_1_127' title="bbox 2114 5077 3687 5143">
     <span class='ocr_line' id='line_1_128' title="bbox 2114 5077 3687 5143; baseline 0.001 -14"><span class='ocrx_word' id='word_1_923' title='bbox 2114 5077 2281 5129; x_wconf 87' lang='lat' dir='ltr'><strong>banus</strong></span> <span class='ocrx_word' id='word_1_924' title='bbox 2323 5077 2513 5129; x_wconf 83' lang='lat' dir='ltr'><strong>eodem</strong></span> <span class='ocrx_word' id='word_1_925' title='bbox 2563 5093 2703 5129; x_wconf 87' lang='lat' dir='ltr'><strong>anno</strong></span> <span class='ocrx_word' id='word_1_926' title='bbox 2754 5078 3031 5130; x_wconf 73' lang='lat' dir='ltr'><strong>succe~sit.</strong></span> <span class='ocrx_word' id='word_1_927' title='bbox 3077 5078 3331 5130; x_wconf 71' lang='lat' dir='ltr'><strong>liaronius</strong></span> <span class='ocrx_word' id='word_1_928' title='bbox 3375 5080 3531 5143; x_wconf 84' lang='lat' dir='ltr'><strong>igitur</strong></span> <span class='ocrx_word' id='word_1_929' title='bbox 3579 5094 3687 5130; x_wconf 81' lang='lat' dir='ltr'><strong>non</strong></span> 
     </span>
    </p>
   </div>
   <div class='ocr_carea' id='block_1_128' title="bbox 2114 5146 3687 5214">
    <p class='ocr_par' dir='ltr' id='par_1_128' title="bbox 2114 5146 3687 5214">
     <span class='ocr_line' id='line_1_129' title="bbox 2114 5146 3687 5214; baseline 0.001 -18"><span class='ocrx_word' id='word_1_930' title='bbox 2114 5146 2281 5197; x_wconf 80' lang='lat' dir='ltr'><strong>falsus</strong></span> <span class='ocrx_word' id='word_1_931' title='bbox 2303 5156 2404 5207; x_wconf 89' lang='lat' dir='ltr'><strong>est,</strong></span> <span class='ocrx_word' id='word_1_932' title='bbox 2434 5160 2552 5198; x_wconf 90' lang='lat' dir='ltr'><strong>cum</strong></span> <span class='ocrx_word' id='word_1_933' title='bbox 2577 5147 2785 5209; x_wconf 59' lang='lat' dir='ltr'><strong>SCI&#39;iPail</strong></span> <span class='ocrx_word' id='word_1_934' title='bbox 2810 5148 3077 5201; x_wconf 84' lang='lat' dir='ltr'><strong>Urbanum</strong></span> <span class='ocrx_word' id='word_1_935' title='bbox 3108 5150 3467 5214; x_wconf 83' lang='lat' dir='ltr'><strong>pontiticatom</strong></span> <span class='ocrx_word' id='word_1_936' title='bbox 3500 5146 3687 5200; x_wconf 75' lang='lat' dir='ltr'><strong>iniisse</strong></span> 
     </span>
    </p>
   </div>
   <div class='ocr_carea' id='block_1_129' title="bbox 2112 5215 3683 5285">
    <p class='ocr_par' dir='ltr' id='par_1_129' title="bbox 2112 5215 3683 5285">
     <span class='ocr_line' id='line_1_130' title="bbox 2112 5215 3683 5285; baseline 0.001 -19"><span class='ocrx_word' id='word_1_937' title='bbox 2112 5230 2249 5285; x_wconf 64' lang='lat' dir='ltr'><strong>anim</strong></span> <span class='ocrx_word' id='word_1_938' title='bbox 2329 5215 2453 5265; x_wconf 73' lang='lat'><strong>227.</strong></span> <span class='ocrx_word' id='word_1_939' title='bbox 2525 5216 2576 5265; x_wconf 89' lang='lat' dir='ltr'><strong>In</strong></span> <span class='ocrx_word' id='word_1_940' title='bbox 2649 5217 2914 5269; x_wconf 88' lang='lat' dir='ltr'><strong>Chronico</strong></span> <span class='ocrx_word' id='word_1_941' title='bbox 2981 5220 3121 5269; x_wconf 84' lang='lat' dir='ltr'><strong>enim</strong></span> <span class='ocrx_word' id='word_1_942' title='bbox 3183 5216 3387 5267; x_wconf 87' lang='lat' dir='ltr'><strong>Dania-i</strong></span> <span class='ocrx_word' id='word_1_943' title='bbox 3451 5218 3683 5285; x_wconf 80' lang='lat' dir='ltr'><strong>legitur:</strong></span> 
     </span>
    </p>
   </div>
   <div class='ocr_carea' id='block_1_130' title="bbox 2116 5283 3684 5353">
    <p class='ocr_par' dir='ltr' id='par_1_130' title="bbox 2116 5283 3684 5353">
     <span class='ocr_line' id='line_1_131' title="bbox 2116 5283 3684 5353; baseline 0.003 -20"><span class='ocrx_word' id='word_1_944' title='bbox 2116 5302 2134 5333; x_wconf 76' lang='lat'><strong>¢</strong></span> <span class='ocrx_word' id='word_1_945' title='bbox 2165 5283 2412 5337; x_wconf 79' lang='lat' dir='ltr'><strong>Callistus</strong></span> <span class='ocrx_word' id='word_1_946' title='bbox 2440 5299 2611 5337; x_wconf 92' lang='lat' dir='ltr'><strong>annos</strong></span> <span class='ocrx_word' id='word_1_947' title='bbox 2636 5286 2886 5353; x_wconf 88' lang='lat' dir='ltr'><strong>quinque,</strong></span> <span class='ocrx_word' id='word_1_948' title='bbox 2912 5301 3123 5339; x_wconf 86' lang='lat' dir='ltr'><strong>menses</strong></span> <span class='ocrx_word' id='word_1_949' title='bbox 3145 5286 3298 5349; x_wconf 90' lang='lat' dir='ltr'><strong>duos,</strong></span> <span class='ocrx_word' id='word_1_950' title='bbox 3328 5287 3440 5338; x_wconf 88' lang='lat' dir='ltr'><strong>dies</strong></span> <span class='ocrx_word' id='word_1_951' title='bbox 3468 5283 3684 5338; x_wconf 75' lang='lat' dir='ltr'><strong>decent.</strong></span> 
     </span>
    </p>
   </div>
   <div class='ocr_carea' id='block_1_131' title="bbox 2120 5353 3684 5424">
    <p class='ocr_par' dir='ltr' id='par_1_131' title="bbox 2120 5353 3684 5424">
     <span class='ocr_line' id='line_1_132' title="bbox 2120 5353 3684 5424; baseline 0 -19"><span class='ocrx_word' id='word_1_952' title='bbox 2120 5353 2242 5406; x_wconf 91' lang='lat' dir='ltr'><strong>Fuit</strong></span> <span class='ocrx_word' id='word_1_953' title='bbox 2272 5360 2594 5424; x_wconf 74' lang='lat' dir='ltr'><strong>temporibus</strong></span> <span class='ocrx_word' id='word_1_954' title='bbox 2625 5355 2842 5407; x_wconf 83' lang='lat' dir='ltr'><strong>Macrini</strong></span> <span class='ocrx_word' id='word_1_955' title='bbox 2880 5369 2933 5408; x_wconf 88' lang='lat' dir='ltr'><strong>et</strong></span> <span class='ocrx_word' id='word_1_956' title='bbox 2976 5354 3318 5424; x_wconf 80' lang='lat' dir='ltr'><strong>tleliogahali.</strong></span> <span class='ocrx_word' id='word_1_957' title='bbox 3349 5371 3377 5405; x_wconf 88' lang='lat' dir='ltr'><strong>a</strong></span> <span class='ocrx_word' id='word_1_958' title='bbox 3405 5356 3684 5409; x_wconf 83' lang='lat' dir='ltr'><strong>consulatu</strong></span> 
     </span>
    </p>
   </div>
   <div class='ocr_carea' id='block_1_132' title="bbox 2110 5423 3685 5493">
    <p class='ocr_par' dir='ltr' id='par_1_132' title="bbox 2110 5423 3685 5493">
     <span class='ocr_line' id='line_1_133' title="bbox 2110 5423 3685 5493; baseline -0.003 -15"><span class='ocrx_word' id='word_1_959' title='bbox 2110 5424 2360 5478; x_wconf 82' lang='lat' dir='ltr'><strong>Antonini</strong></span> <span class='ocrx_word' id='word_1_960' title='bbox 2387 5437 2435 5477; x_wconf 91' lang='lat' dir='ltr'><strong>et</strong></span> <span class='ocrx_word' id='word_1_961' title='bbox 2468 5423 2717 5489; x_wconf 80' lang='lat' dir='ltr'><strong>Adventi,</strong></span> <span class='ocrx_word' id='word_1_962' title='bbox 2745 5441 2910 5493; x_wconf 83' lang='lat' dir='ltr'><strong>usque</strong></span> <span class='ocrx_word' id='word_1_963' title='bbox 2939 5423 3205 5491; x_wconf 75' lang='lat' dir='ltr'><strong>Antonino</strong></span> <span class='ocrx_word' id='word_1_964' title='bbox 3248 5440 3319 5489; x_wconf 83' lang='lat' dir='ltr'><strong>iv,</strong></span> <span class='ocrx_word' id='word_1_965' title='bbox 3358 5436 3413 5477; x_wconf 91' lang='lat' dir='ltr'><strong>et</strong></span> <span class='ocrx_word' id='word_1_966' title='bbox 3454 5429 3685 5476; x_wconf 73' lang='lat' dir='ltr'><strong>Ali-xan-</strong></span> 
     </span>
    </p>
   </div>
   <div class='ocr_carea' id='block_1_133' title="bbox 2110 5494 3685 5561">
    <p class='ocr_par' dir='ltr' id='par_1_133' title="bbox 2110 5494 3685 5561">
     <span class='ocr_line' id='line_1_134' title="bbox 2110 5494 3685 5561; baseline -0.001 -16"><span class='ocrx_word' id='word_1_967' title='bbox 2110 5496 2225 5545; x_wconf 86' lang='lat' dir='ltr'><strong>dro.</strong></span> <span class='ocrx_word' id='word_1_968' title='bbox 2268 5513 2285 5544; x_wconf 76' lang='grc' dir='ltr'>ι</span> <span class='ocrx_word' id='word_1_969' title='bbox 2320 5496 2448 5558; x_wconf 58' lang='lat' dir='ltr'><strong>Quae</strong></span> <span class='ocrx_word' id='word_1_970' title='bbox 2477 5504 2529 5544; x_wconf 92' lang='lat' dir='ltr'><strong>to</strong></span> <span class='ocrx_word' id='word_1_971' title='bbox 2554 5494 2691 5546; x_wconf 90' lang='lat' dir='ltr'><strong>idem</strong></span> <span class='ocrx_word' id='word_1_972' title='bbox 2724 5495 2898 5547; x_wconf 85' lang='lat' dir='ltr'><strong>verbis</strong></span> <span class='ocrx_word' id='word_1_973' title='bbox 2920 5495 3270 5561; x_wconf 80' lang='lat' dir='ltr'><strong>Cuspiniauus</strong></span> <span class='ocrx_word' id='word_1_974' title='bbox 3301 5498 3349 5547; x_wconf 93' lang='lat' dir='ltr'><strong>in</strong></span> <span class='ocrx_word' id='word_1_975' title='bbox 3390 5495 3561 5547; x_wconf 77' lang='lat' dir='ltr'><strong>Fa~tis</strong></span> <span class='ocrx_word' id='word_1_976' title='bbox 3592 5496 3685 5545; x_wconf 82' lang='lat' dir='ltr'><strong>lia-</strong></span> 
     </span>
    </p>
   </div>
   <div class='ocr_carea' id='block_1_134' title="bbox 2112 5562 3680 5632">
    <p class='ocr_par' dir='ltr' id='par_1_134' title="bbox 2112 5562 3680 5632">
     <span class='ocr_line' id='line_1_135' title="bbox 2112 5562 3680 5632; baseline -0.001 -17"><span class='ocrx_word' id='word_1_977' title='bbox 2112 5564 2217 5615; x_wconf 86' lang='lat' dir='ltr'><strong>bet.</strong></span> <span class='ocrx_word' id='word_1_978' title='bbox 2260 5562 2501 5615; x_wconf 71' lang='lat' dir='ltr'><strong>UrbEiuus</strong></span> <span class='ocrx_word' id='word_1_979' title='bbox 2525 5578 2653 5630; x_wconf 87' lang='lat' dir='ltr'><strong>papa</strong></span> <span class='ocrx_word' id='word_1_980' title='bbox 2677 5578 2815 5615; x_wconf 89' lang='lat' dir='ltr'><strong>anno</strong></span> <span class='ocrx_word' id='word_1_981' title='bbox 2840 5566 2964 5625; x_wconf 66' lang='lat'><strong>250,</strong></span> <span class='ocrx_word' id='word_1_982' title='bbox 3000 5565 3255 5632; x_wconf 73' lang='lat' dir='ltr'><strong>Agricola:</strong></span> <span class='ocrx_word' id='word_1_983' title='bbox 3285 5575 3335 5616; x_wconf 88' lang='lat' dir='ltr'><strong>et</strong></span> <span class='ocrx_word' id='word_1_984' title='bbox 3362 5564 3680 5615; x_wconf 73' lang='lat' dir='ltr'><strong>Ctenientnii</strong></span> 
     </span>
    </p>
   </div>
   <div class='ocr_carea' id='block_1_135' title="bbox 2111 5634 3689 5700">
    <p class='ocr_par' dir='ltr' id='par_1_135' title="bbox 2111 5634 3689 5700">
     <span class='ocr_line' id='line_1_136' title="bbox 2111 5634 3689 5700; baseline -0.001 -16"><span class='ocrx_word' id='word_1_985' title='bbox 2111 5635 2379 5685; x_wconf 55' lang='lat' dir='ltr'><strong>consulatu</strong></span> <span class='ocrx_word' id='word_1_986' title='bbox 2408 5643 2605 5697; x_wconf 87' lang='lat' dir='ltr'><strong>notato,</strong></span> <span class='ocrx_word' id='word_1_987' title='bbox 2639 5636 3011 5687; x_wconf 83' lang='lat' dir='ltr'><strong>mortalitatem</strong></span> <span class='ocrx_word' id='word_1_988' title='bbox 3055 5635 3309 5700; x_wconf 74' lang='lat' dir='ltr'><strong>expiem.</strong></span> <span class='ocrx_word' id='word_1_989' title='bbox 3335 5634 3387 5686; x_wconf 89' lang='lat' dir='ltr'><strong>in</strong></span> <span class='ocrx_word' id='word_1_990' title='bbox 3413 5634 3689 5685; x_wconf 80' lang='lat' dir='ltr'><strong>Chronico</strong></span> 
     </span>
    </p>
   </div>
  </div>
