3940 6188
188 322 285 377 9353

1248 286 1476 377 sum.
1523 326 1583 376 u.
1628 353 1696 365 -ο
1738 325 2292 380 1111111111111111111.

3332 347 3433 401 931

1427 434 1654 488 EDITIO
1695 436 2154 493 COLONlENSIS.

191 526 478 581 Marcellini
512 525 837 595 presbyteri,
869 538 917 579 et
948 526 1086 579 Petri
1118 528 1416 589 exorcistac,
1452 528 1538 593 qui
1568 529 1760 580 multos
1792 535 1836 589 Λ
1868 528 2142 596 sulphure,
2177 530 2413 597 piuntbo,
2448 532 2579 599 pice,
2612 545 2737 586 cera
2764 572 2778 596 ,
2825 532 3048 599 oleoque
3080 531 3265 585 solutis
3320 548 3439 602 per-

191 621 240 673 in
271 632 486 670 carcere
508 617 571 669 ad
612 616 769 671 fidem
797 616 1122 681 erudientes,
1150 632 1265 685 post
1289 621 1401 671 dira
1432 620 1636 671 vincula
1658 662 1671 685 ,
1716 631 1769 673 et

193 704 419 771 plurima
453 716 718 759 tormenta
750 707 996 760 decollati
1037 718 1159 761 sunt
1190 710 1287 761 sub
1314 708 1490 777 judice
1522 708 1767 771 Sereno;

193 807 239 848 et
272 798 359 862 qui
395 811 489 848 eos
537 795 844 859 decollavit,
876 798 1008 849 vidit
1054 799 1259 851 animas
1288 814 1469 851 eorum
1497 798 1771 865 Splendida

195 902 412 946 ornatas
442 894 504 946 ab
550 892 766 961 Angelis
817 893 943 947 ferri
983 895 1046 946 ad
1099 896 1285 954 culos,
1325 906 1375 946 et
1414 895 1771 960 pmnitentiam

195 998 359 1051 agens
390 983 488 1035 sub
512 982 650 1035 Julio
673 999 802 1051 papa
828 983 1121 1051 baptizatus
1146 993 1225 1037 est
1268 985 1319 1036 in
1360 995 1631 1036 senectu'e
1655 999 1770 1045 sua,

199 1076 416 1128 nomine
456 1066 790 1128 Theodorus.
835 1076 1075 1145 Lugduni
1118 1087 1314 1130 sancta,-
1356 1076 1624 1129 Bldlttllltm
1656 1090 1774 1129 cum

202 1168 447 1219 urtdeciin
498 1175 553 1219 et
599 1179 721 1219 octo
779 1169 1137 1234 martyribus,
1194 1167 1344 1235 cujus
1383 1183 1411 1219 a
1442 1166 1608 1229 prima
1662 1167 1778 1218 luce

206 1272 371 1319 usque
399 1256 467 1308 ad
495 1272 769 1324 vesperam
803 1267 1061 1309 turmeuta
1096 1273 1314 1324 semper
1340 1257 1676 1317 innovantcs,
1713 1254 1777 1307 ad

206 1344 447 1396 ultimum
479 1345 646 1397 victos
676 1360 735 1397 se
780 1354 1007 1397 tortores
1048 1347 1393 1402 conﬁtentur;
1425 1362 1542 1411 qua:
1588 1353 1642 1397 et
1690 1360 1778 1397 se-

203 1433 382 1488 cundo
415 1435 636 1501 pulsata,
686 1435 918 1487 cruciata
960 1450 1061 1484 non
1105 1443 1401 1497 superatur.
1438 1431 1619 1485 Tertio
1644 1447 1778 1499 quo-

204 1539 313 1591 que
342 1522 430 1576 die
460 1523 676 1593 religata
710 1525 773 1575 ad
797 1526 1047 1589 stipitem,
1080 1534 1237 1591 atque
1281 1527 1329 1575 in
1361 1524 1534 1576 crucis
1566 1524 1779 1575 modunt

206 1618 457 1681 di~tenta,
510 1617 691 1668 beStiis
743 1617 987 1682 pabulum
1040 1629 1385 1684 praeparatur.
1440 1618 1606 1682 Quam
1661 1631 1781 1669 cum

208 1706 354 1760 trulla
385 1722 448 1760 ex
487 1706 669 1760 bestiis
709 1711 929 1761 auderet
978 1718 1210 1774 tangere,
1246 1724 1453 1760 rursum
1508 1718 1783 1760 revocatur

207 1800 277 1852 ad
304 1813 607 1862 carcerem;
640 1813 827 1866 quarto
857 1800 1018 1853 etiam
1048 1800 1357 1853 verberibus
1386 1815 1520 1862 acta,
1554 1802 1781 1853 craticu-

1873 622 2041 683 fusus,
2072 622 2265 689 ingenti
2309 621 2563 674 miraculo
2596 623 2790 675 illzesns
2836 624 3097 688 apparuit.
3131 624 3283 686 Quod
3324 639 3445 677 cum

1874 710 2021 761 multi
2056 710 2315 771 viderent,
2353 712 2506 763 [idem
2535 710 2727 764 Cluisri
2754 712 2963 779 rejectis
3001 712 3159 765 idolis
3194 726 3445 781 suscepe-

1875 811 2014 853 runt.
2066 802 2189 854 Inde
2237 803 2496 857 immenso
2549 806 2781 870 pondere
2811 805 2936 856 l'erri
2986 804 3343 867 conSIrictus,
3397 806 3447 857 111

1875 907 2089 943 t-arcere
2120 894 2361 943 reclusus
2392 894 2489 945 sub
2532 893 2643 945 dira
2674 895 2909 945 custodia
2941 904 3041 956 est,
3070 895 3135 946 de
3163 909 3260 961 qua
3292 908 3451 961 ange-

1879 980 1976 1032 lica
2021 982 2324 1035 visitatione
2354 984 2557 1035 solutus
2588 985 2824 1049 eripitur.
2880 984 3071 1038 Verum
3116 985 3450 1050 postmodum

1878 1074 2172 1125 clarissima
2218 1074 2247 1133 11
2271 1075 2379 1125 sius
2411 1076 2543 1126 l'ama
2573 1079 2843 1141 vulgante,
2878 1087 3050 1129 tentus'
3082 1088 3159 1131 est
3185 1077 3253 1127 ab
3279 1076 3450 1129 altero

1878 1162 2198 1228 imperatore
2239 1162 2575 1222 Maximiano,
2601 1178 2627 1212 a
2660 1178 2763 1228 quo
2794 1164 3017 1215 diversis
3046 1162 3317 1231 suppliciis
3341 1173 3450 1216 tor-

1882 1263 1963 1303 tus
1994 1262 2074 1304 est
2104 1251 2153 1304 in
2191 1263 2414 1313 tantum,
2460 1262 2513 1304 ut
2561 1253 2734 1304 tnuica
2780 1253 2937 1319 ignita
2982 1271 3117 1307 a'rea
3150 1256 3451 1315 vestiretur,

1884 1344 2184 1411 iterumque
2216 1345 2266 1396 111
2317 1344 2442 1406 olla,
2478 1360 2597 1410 qua:
2628 1345 2865 1409 plumbo.
2902 1345 3037 1410 pice,
3084 1360 3226 1409 cera,
3258 1348 3451 1409 resina,

1882 1436 2003 1487 oleo
2034 1434 2321 1489 fervefacta
2355 1446 2505 1500 erat,
2568 1437 2761 1488 missus
2794 1437 2987 1487 virtute
3028 1436 3233 1488 Domini
3280 1439 3454 1490 omnia

1883 1538 2139 1591 superans
2172 1527 2370 1579 illaesus
2398 1526 2589 1577 exinde
2625 1526 2991 1593 progreditur;
3024 1526 3206 1593 sicque
3247 1527 3456 1581 tandem

1884 1618 1947 1669 ad
1997 1617 2418 1670 conﬁrmandum
2477 1628 2698 1669 cazteros
2729 1632 2755 1667 a
2792 1617 3020 1669 Domino
3067 1628 3349 1681 servatus,
3409 1616 3457 1669 iu

1886 1705 2224 1772 Campaniam
2259 1707 2489 1759 munitus
2519 1708 2758 1773 angelico
2803 1708 2994 1760 solatio
3045 1708 3326 1774 pervenit;
3374 1708 3458 1759 ubi

1886 1815 2005 1853 cum
2032 1799 2282 1866 plurimos
2311 1800 2422 1852 sive
2466 1800 2515 1850 in
2563 1799 2663 1852 tide
2712 1799 3035 1863 roborasset,
3065 1801 3176 1852 sive
3205 1800 3267 1851 ad
3304 1800 3458 1851 iidem

210 1893 280 1944 lis
304 1902 509 1948 θυμία.
540 1903 593 1943 et
633 1894 798 1944 multa
822 1893 919 1944 alia
955 1906 1223 1959 perpessa,
1254 1892 1316 1943 ad
1349 1891 1589 1944 ultimum
1614 1892 1788 1958 gladio
1820 1886 1864 1945 Β
1892 1888 2087 1942 Christi
2118 1890 2487 1951 convertisset,
2513 1898 2736 1943 vocante
2763 1888 2987 1941 Domino
3010 1892 3264 1959 martyrio
3286 1890 3462 1943 clarus

206 1980 505 2048 jugulatur.
534 1981 680 2034 Tunc
711 1994 761 2033 et
798 1981 1043 2034 l’ontiCtis
1092 1997 1238 2049 puer,
1272 1997 1527 2035 annorum
1569 1981 1787 2050 quinde-

210 2073 342 2132 cim,
374 2085 466 2138 per
494 2073 668 2123 omnia
705 2079 1085 2126 tormentorum
1137 2088 1326 2143 genera
1358 2088 1474 2127 cum
1526 2075 1633 2140 ipsa
1683 2073 1790 2125 cir-

211 2172 514 2224 ctrinactus,
545 2172 600 2215 et
646 2173 883 2217 materna
930 2164 1046 2231 ejus
1091 2166 1458 2218 cohortatione
1489 2166 1788 2227 roboratus,

211 2259 339 2303 ante
391 2254 534 2304 illam
578 2254 885 2322 martyrium
937 2257 1340 2306 consummavit.
1397 2254 1449 2306 111
1506 2254 1790 2317 Campania

216 2343 357 2395 beati
384 2341 585 2396 Erasini
605 2344 855 2411 martyris
879 2352 931 2397 et
958 2344 1213 2412 episcopi,
1239 2346 1332 2397 sub
1358 2343 1677 2396 Diocletiano
1701 2344 1797 2395 im-

216 2443 470 2499 peratore
513 2444 567 2487 et
612 2433 953 2497 Maximiano,
996 2437 1081 2501 qui
1106 2434 1256 2501 jussu
1304 2436 1447 2500 impii
1493 2432 1799 2488 Diocletiani

217 2523 603 2590 imperatoris,
664 2526 835 2590 primo
888 2525 1174 2591 plumbatis
1238 2524 1527 2577 crudeliter
1590 2537 1800 2585 caesus,

215 2613 424 2673 deinde
477 2617 700 2671 fustibus
751 2615 1046 2671 diutissime
1096 2624 1392 2682 mactatus,
1446 2623 1564 2680 post
1608 2616 1800 2677 resina,

1892 1990 2077 2033 sancto
2106 1979 2207 2033 line
2230 1980 2447 2048 quievit.

1964 2093 2026 2148 G.
2083 2093 2146 2147 111
2185 2094 2317 2147 Nox.
2352 2094 2513 2147 vau.
2575 2121 2644 2134 -—
2700 2092 2850 2162 Apud
2903 2094 3137 2147 Aretium
3197 2094 3460 2146 civitatem

1895 2185 2101 2239 Tusciae
2153 2183 2326 2236 natale
2371 2192 2675 2234 sanctorum
2726 2192 3015 2252 martyrum
3075 2180 3371 2249 Pergentini
3412 2192 3467 2233 et

1903 2273 2166 2329 Laurentii
2192 2272 2434 2335 fratrum,
2460 2273 2546 2337 qui
2573 2273 2945 2341 persecutione
2973 2272 3135 2335 Decii,
3167 2272 3265 2325 sub
3290 2271 3465 2339 judice

1902 2365 2115 2429 Turcio,
2141 2379 2260 2418 cum
2292 2365 2656 2429 essentpueri,
2683 2373 2799 2432 post
2831 2365 2962 2416 dura
2994 2364 3201 2417 vincula
3224 2364 3465 2427 tolerata,

1904 2467 1958 2511 et
1986 2470 2174 2523 magna
2206 2456 2455 2507 miracula
2482 2466 2718 2518 ostensa,
2736 2454 2910 2523 gladio
2934 2464 3055 2508 sunt
3078 2454 3220 2518 ciesi,
3255 2464 3309 2508 et
3329 2454 3466 2523 apud

1907 2545 2146 2600 eamdem
2180 2544 2362 2597 urbem
2390 2543 2615 2613 conditi.

1461 2724 1686 2779 EDITIO
1725 2718 2220 2777 BOLLANDIANA.

218 2835 373 2905 ginta
405 2842 606 2901 septem
638 2836 954 2908 martyrib-is
980 2854 992 2888 :
1022 2834 1104 2889 cui
1135 2851 1161 2886 a
1193 2835 1357 2904 prima
1389 2837 1503 2890 luce
1532 2851 1694 2903 usque
1724 2836 1787 2888 ad

233 2947 514 2999 vesperam
546 2939 804 2985 tormenta
835 2942 1048 2996 semper
1089 2929 1417 2989 innovantes,
1450 2928 1513 2980 ad
1558 2929 1798 2980 ultimum

232 3025 409 3079 victos
438 3036 499 3078 se
522 3032 751 3075 tortores
778 3022 1097 3074 conlitentur
1122 3039 1132 3071 :
1166 3033 1285 3088 qua;
1314 3022 1338 3050 “
1365 3031 1419 3071 et
1446 3018 1681 3072 Secundo
1711 3017 1803 3071 die

1904 2810 2173 2866 Antonino
2209 2808 2365 2862 Vero.
2393 2807 2660 2876 Scriptum
2712 2807 2763 2860 in
2810 2805 3035 2860 Historia
3084 2806 3463 2865 ecclesiastica.

1903 2903 2036 2955 libro
2062 2901 2263 2968 quinto.

1977 2990 2065 3071 \l.,
2103 2992 2301 3044 Eodem
2352 2989 2437 3042 die
2475 2987 2534 3043 S.
2563 2998 2587 3025 ο
2614 2987 2818 3041 Erasmi
2869 2986 3104 3055 episcopi
3152 2996 3207 3041 et
3253 2987 3465 3042 confes-

1910 3076 2065 3115 SOI‘IS.

233 3116 443 3185 pulsata
489 3116 809 3169 cruciatibus
845 3128 948 3166 non
992 3122 1292 3182 Superatur.
1326 3112 1351 3150 b
1382 3113 1559 3166 'l‘ertio
1591 3126 1802 3178 quoque
1834 3119 1878 3179 C
1912 3112 1925 3115 ⁷
2148 3149 2213 3201 ιη
2244 3148 2439 3201 Nam,“
2472 3145 2634 3201 vacat
2662 3147 2839 3200 unda.

237 3208 328 3260 die
378 3208 597 3277 religata
647 3205 711 3259 ad
759 3205 1013 3273 stipitem,
1065 3214 1222 3271 atque
1272 3207 1320 3256 in
1367 3203 1542 3255 crucis
1588 3204 1802 3255 modum

236 3296 495 3359 distenta,
543 3293 729 3348 bestiis
779 3293 1030 3363 pabulum
1078 3302 1422 3360 prreparatur.
1476 3294 1641 3357 Quam
1683 3306 1805 3345 cum

237 3382 387 3436 nulla
419 3397 485 3437 ex
532 3381 715 3437 bestiis
743 3380 964 3436 auderet
990 3383 1276 3450 attingere,
1304 3397 1515 3435 rursum
1565 3394 1809 3435 revocata

237 3473 308 3525 ad
340 3486 647 3536 carcerem;
676 3481 866 3540 quarto
911 3472 1069 3525 etiam
1112 3471 1421 3525 verberibus
1467 3480 1602 3533 acta,
1650 3470 1810 3523 crati-

238 3563 382 3616 culis
407 3571 620 3625 exusta,
648 3571 704 3615 et
730 3562 888 3615 multa
917 3561 1015 3614 alia
1045 3573 1316 3627 perpessa,
1344 3561 1407 3612 ad
1441 3562 1681 3613 ultimum
1707 3559 1810 3626 gla-

241 3653 335 3706 dio
373 3653 671 3722 jugulatur.
705 3651 851 3705 Tunc
879 3662 932 3706 et
977 3651 1229 3706 Ponticus
1263 3650 1374 3723 [L.,
1422 3651 1657 3722 Pontius]
1686 3666 1815 3719 puer

241 3757 507 3797 annorum
529 3740 850 3813 quindecim,
878 3759 971 3813 per
993 3745 1171 3797 omnia
1204 3751 1588 3797 tormentorum
1620 3758 1812 3811 genera

242 3850 367 3891 cum
400 3835 511 3902 ipsa
538 3834 909 3897 circumactus,
938 3846 991 3887 et
1035 3844 1271 3887 materna
1301 3832 1417 3901 ejus
1449 3834 1816 3889 cohortatione

248 3924 550 3987 roboratus,
582 3930 705 3976 ante
736 3922 878 3977 illam
927 3922 1238 3993 martyrium
1278 3923 1668 3975 consummavit
1718 3924 1819 3977 sub

1983 3238 2167 3292 Florus
2197 3240 2247 3290 in
2281 3241 2344 3291 A.
2374 3237 2433 3291 Τ.
2459 3238 2545 3299 L.,
2572 3236 2871 3291 Aurelianis
2919 3236 3037 3291 vico
3080 3236 3341 3305 Magtluno
3378 3237 3474 3291 de-

1914 3329 2106 3397 positio
2151 3326 2256 3382 S.d
2288 3327 2535 3395 Liphardi
2595 3327 2923 3397 presbyteri:
2954 3328 3040 3395 qui
3094 3336 3253 3381 tanta:
3306 3329 3474 3383 absti-

1917 3416 2106 3469 nentize
2154 3416 2251 3468 luit
2294 3427 2349 3469 ut
2382 3416 2531 3469 uncia
2566 3415 2851 3469 hordeacei
2884 3416 3033 3484 panis
3076 3417 3314 3470 manibus
3357 3432 3480 3483 111-οη

1919 3509 2043 3574 priiS
2087 3505 2385 3573 compositi,
2425 3516 2479 3560 et
2524 3506 2588 3559 ad
2636 3507 2777 3559 diem
2830 3508 3072 3571 tertium,
3125 3508 3175 3559 in
3227 3508 3480 3561 bibitione

1918 3611 2051 3665 aqua
2083 3596 2418 3648 solummodo
2451 3594 2758 3663 parcissime
2790 3604 3050 3648 uteretur.
3076 3595 3161 3655 T.,
3191 3596 3283 3647 llic
3311 3595 3477 3647 maxi-

1923 3690 2023 3741 mis
2057 3688 2260 3753 pollens
2290 3688 2510 3749 meritis,
2546 3688 2596 3739 in
2643 3686 2854 3739 sublimi
2888 3686 3179 3739 cmlestium
3211 3686 3477 3755 agminum

1918 3780 2135 3831 chorum
2158 3777 2720 3841 anitme'l‘bewdomiri,
2741 3778 3002 3845 quondam
3030 3778 3356 3831 Miciacensis
3383 3778 3479 3831 ab-

1920 3870 2054 3924 batis
2085 3867 2214 3921 vidit
2254 3882 2556 3931 occurrere,
2587 3876 2640 3921 et
2669 3882 2787 3920 cum
2837 3867 3026 3935 gaudio
3055 3868 3118 3919 ad
3149 3867 3341 3920 caelum
3387 3880 3481 3921 ca-

1924 3962 2095 4017 nendo
2125 3975 2289 4030 usque
2313 3959 2538 4014 deferre.
2572 3959 2833 4027 Scriptum
2869 3960 2920 4012 in
2952 3957 3127 4013 Gestis
3154 3958 3289 4027 ejus.

1621 4054 1824 4111 SMITH
1866 4051 2092 4108 NOTAE.

252 4147 396 4210 vius,
447 4142 679 4208 Primus,
727 4141 930 4214 Ulpius,
975 4144 1185 4210 Vitalis,
1230 4145 1517 4210 Cominus,
1562 4144 1811 4208 October,

255 4215 608 4279 Philuminus,
641 4214 913 4277 Geminus,
946 4215 1102 4282 Julia,
1137 4217 1345 4277 Albina,
1374 4215 1555 4275 Grata,
1592 4215 1812 4279 Rogata,

255 4284 497 4346 Emilia,
541 4284 793 4346 l‘utamia,
832 4285 1097 4352 Pompeia,
1129 4285 1400 4343 Rhodaua,
1436 4285 1615 4347 liiblis,
1644 4288 1814 4349 Quar-

256 4357 352 4417 tia,
382 4353 641 4413 Materna,
670 4354 862 4421 llelpes
889 4369 1006 4421 quae
1048 4365 1101 4407 et
1144 4357 1359 4407 Amnas.
1401 4352 1463 4407 Hi
1487 4364 1611 4407 sunt
1639 4366 1813 4407 autem

256 4425 347 4492 qui
388 4422 569 4476 bestiis
610 4423 783 4475 traditi
816 4433 975 4476 sunt:
1010 4424 1253 4485 Sanctus,
1286 4426 1541 4486 Maturus,
1586 4426 1812 4482 Attalus,

263 4494 590 4552 Alexander,
626 4493 895 4556 Ponticus,
936 4493 1208 4546 Dlaudina.
1245 4493 1304 4546 lli
1340 4510 1461 4545 vero
1507 4495 1555 4545 in
1604 4506 1816 4545 carcere

259 4560 509 4630 spiritum
553 4561 895 4615 reddiderunt
927 4580 939 4615 :
973 4565 1226 4615 Aristtetts
1254 4605 1265 4617 .
1317 4561 1620 4628 Cornelius,
1669 4559 1822 4614 Zosi-

262 4628 405 4694 tnus,
453 4628 621 4700 Titus,
664 4631 854 4695 Julius,
885 4630 1120 4695 Zoticus,
1148 4632 1478 4700 Apollonius,
1529 4630 1822 4684 Germinia-

264 4716 387 4763 nus,
438 4699 594 4761 Julia,
645 4704 918 4766 Ausonia,
966 4699 1206 4767 IEmilia,
1250 4703 1507 4765 Jamnica,
1558 4700 1823 4768 Pompeia,

265 4771 493 4830 Domita,
522 4769 689 4834 Jttsta,
740 4770 1047 4837 Trophitna,
1082 4774 1327 4823 Antonia.
1363 4769 1613 4837 Reliquiae
1644 4787 1672 4822 a
1706 4788 1826 4833 per-

259 4839 599 4896 secutoribus
629 4841 857 4893 incensa:
897 4850 1038 4903 sunt,
1072 4853 1123 4893 et
1164 4841 1214 4892 in
1260 4839 1573 4892 Rhodanum
1608 4839 1825 4892 ﬂuvium

263 4910 550 4975 dispersa.
596 4909 695 4963 Sed
726 4911 842 4962 loco
868 4923 970 4979 quo
1001 4908 1291 4979 combustae
1318 4920 1462 4974 sunt,
1493 4913 1700 4963 cineres
1722 4911 1830 4961 col-

270 4982 536 5049 legerunt,
577 4988 631 5032 et
674 4982 772 5032 sub
813 4978 964 5032 altari
1014 4978 1383 5033 condiderunt.
1417 4980 1586 5032 Locus
1628 4981 1679 5030 in
1731 4993 1836 5046 quo

270 5048 413 5117 passi
445 5057 571 5101 sunt
609 5050 917 5103 Atbanacho
946 5057 1300 5117 nuncupatur,
1335 5051 1562 5117 Ideoque
1592 5048 1840 5101 dicuntur

271 5127 536 5175 martvres
563 5120 977 5175 Athauacenses.

343 5197 371 5225 ⁸
418 5187 585 5241 Verba
616 5198 661 5240 et
687 5190 925 5252 secundo,
956 5198 1082 5255 etc.,
1112 5202 1275 5256 usque
1300 5187 1365 5241 ad
1397 5196 1573 5256 quarto
1605 5204 1711 5240 om.
1747 5187 1805 5240 L.

282 5257 373 5383 Vb
418 5258 614 5379 VerbaA
636 5257 801 5311 Tertio
846 5274 1061 5327 quoque,
1108 5270 1235 5324 etc.,
1269 5270 1432 5326 usque
1479 5260 1543 5309 ad
1594 5259 1847 5310 Antonino

328 5344 415 5380 ετο
440 5344 549 5379 0111.
627 5367 639 5380 .

328 5344 415 5380 ero
440 5344 549 5379 (1111.
577 5333 639 5380 Α.

352 5407 376 5436 ε
418 5396 641 5450 Erasini.
667 5397 721 5451 lu
745 5395 1030 5465 Campania
1062 5397 1221 5464 passi.
1245 5398 1343 5463 Qui
1369 5398 1418 5449 in
1449 5397 1647 5450 Libano
1672 5407 1849 5449 monte

279 5484 377 5533 per
402 5477 606 5535 septem
635 5482 804 5521 annos
830 5471 1005 5535 degit;
1033 5469 1124 5520 sed
1155 5469 1490 5533 postmodum
1514 5468 1664 5532 jussu
1700 5467 1847 5528 impii

286 5537 596 5591 Diocletiani
630 5538 798 5601 primo
823 5538 1106 5603 plumbatis
1131 5539 1417 5590 crudeliter
1437 5552 1627 5599 cassus,
1653 5536 1849 5589 deinde

282 5608 514 5661 fustibus
541 5608 843 5661 diutissime
873 5612 1130 5660 mactatus
1155 5623 1169 5671 ;
1199 5616 1319 5674 post
1342 5607 1537 5668 resina,
1573 5606 1846 5669 sulphure.

281 5678 521 5747 plumbo,
550 5677 685 5746 pice,
726 5690 847 5730 cera
876 5679 1100 5747 oleoque
1128 5678 1318 5731 solutis
1345 5676 1610 5745 perfusus,
1650 5676 1847 5744 ingenti

1919 4142 2170 4197 miraculo
2199 4142 2395 4195 illaesus
2422 4143 2679 4208 apparuit.
2707 4142 2853 4208 Quod
2884 4157 3003 4196 cum
3037 4143 3183 4195 multi
3218 4145 3479 4208 viderent,

1921 4213 2076 4266 Iidem
2117 4212 2311 4265 Christi
2342 4227 2703 4279 susceperunt.
2756 4213 2878 4263 lude
2930 4215 3190 4264 immenso
3241 4215 3478 4279 pondere

1920 4282 2043 4336 ferri
2073 4284 2412 4343 constrictus,
2448 4285 2496 4333 in
2520 4296 2734 4334 carcere
2762 4282 2993 4333 reclusus
3024 4283 3119 4331 sub
3152 4282 3267 4333 dira
3302 4293 3477 4334 custo-

1920 4353 2004 4403 dia
2029 4362 2129 4413 est,
2161 4351 2227 4404 de
2253 4366 2353 4419 qua
2375 4350 2607 4417 angelica
2636 4351 2929 4403 visitatione
2943 4360 3024 4404 est
3044 4354 3262 4404 solutis.
3293 4352 3480 4404 Verum

1924 4422 2252 4487 postmodum
2300 4422 2596 4473 clarissima
2644 4421 2781 4472 illius
2824 4421 2959 4473 fama
2992 4422 3253 4488 vulgante,
3304 4431 3479 4474 tentus

1922 4500 2003 4542 est
2032 4491 2099 4541 ab
2127 4493 2292 4542 altero
2320 4493 2637 4557 imperatore
2665 4490 3005 4552 Maximiano,
3054 4506 3080 4540 a
3128 4507 3231 4557 quo
3260 4491 3487 4544 diversis

1927 4561 2196 4625 suppliciis
2220 4569 2387 4613 tortus
2417 4572 2497 4613 est
2538 4563 2587 4613 iu
2622 4571 2842 4620 tantum,
2872 4570 2927 4611 ut
2958 4560 3130 4612 tunica
3160 4561 3317 4627 ignita
3349 4576 3483 4613 area

1932 4630 2232 4694 vestiretur,
2285 4633 2582 4697 iterumque
2630 4630 2681 4681 in
2735 4631 2839 4682 olla
2886 4645 3003 4693 qum
3060 4631 3298 4695 plumbo,
3345 4634 3482 4695 pice,

1928 4714 2071 4761 cera,
2122 4703 2315 4759 l‘eaill',
2353 4702 2470 4751 oleo
2520 4700 2798 4751 fervet'aCta
2850 4709 2981 4759 erat,
3034 4699 3243 4761 missus,
3296 4699 3490 4752 virtute

1936 4770 2140 4819 Domini
2172 4773 2346 4819 omnia
2391 4784 2649 4834 superans
2679 4770 2875 4819 illesus
2903 4768 3094 4821 exinde
3135 4769 3487 4835 progreditur.

1932 4840 2129 4905 Sicque
2162 4839 2370 4891 tandem
2421 4837 2471 4888 in
2520 4836 2863 4903 Campaniam
2912 4838 3186 4903 pervenit,
3237 4839 3323 4891 ubi
3372 4853 3490 4891 cum

1939 4909 2187 4972 plurnnns
2211 4922 2324 4960 s.ve
2356 4908 2403 4958 in
2439 4907 2538 4959 lide
2570 4911 2892 4968 roborasset,
2922 4910 3034 4959 sive
3064 4908 3126 4957 ad
3159 4907 3313 4960 tidem
3343 4908 3488 4960 Cirri-

1941 4976 2007 5028 sti
2052 4979 2430 5041 convertisset,
2481 4985 2703 5029 vocante
2754 4974 2977 5028 Domino
3030 4980 3285 5046 martyrio
3319 4978 3492 5029 clarus

1946 5056 2128 5098 sancto
2152 5050 2252 5098 line
2275 5047 2489 5111 quievit.
2523 5046 2752 5099 Usuano.
2781 5046 2936 5099 usus
2966 5062 3203 5111 suppos.,
3233 5047 3396 5098 Parit.
3429 5061 3494 5099 ns

1948 5114 2149 5169 NATAL.
2176 5113 2436 5168 Nmkeius
2461 5127 2657 5179 autem,
2685 5116 2796 5168 Ado
2823 5123 2877 5167 et
2901 5131 2999 5167 ms.
3028 5116 3340 5170 Divionense
3369 5118 3498 5169 intra

1951 5189 2079 5237 colit
2103 5201 2220 5235 eum
2252 5188 2336 5236 die
2364 5187 2621 5252 sequenti.

2023 5257 2050 5296 d
2090 5254 2349 5322 Liphardi.
2368 5256 2519 5319 Apud
2539 5255 2848 5307 Aureliauos
2881 5254 3077 5324 inclyta
3106 5256 3207 5306 orti
3234 5254 3502 5324 prosapia;

1958 5327 2044 5391 qui
2079 5327 2133 5376 ὃ.
2168 5324 2426 5376 Leonardi
2459 5338 2761 5388 germanus,
2790 5325 2973 5377 relicto
2995 5323 3219 5385 sarculo,
3244 5326 3302 5378 ὃ.
3327 5323 3504 5375 Remi-

1957 5396 2044 5461 gio
2078 5393 2359 5446 llltemensi
2390 5395 2639 5459 episcopo
2685 5394 2928 5456 adlusit,
2958 5404 3013 5446 et
3040 5394 3105 5446 ab
3153 5407 3217 5446 e0
3258 5396 3509 5445 diaconus

1954 5464 2227 5516 ordinatus
2253 5472 2334 5514 est
2359 5478 2373 5515 :
2397 5474 2575 5529 postea
2597 5478 2806 5532 quoque
2835 5462 2885 5514 in
2910 5473 3087 5515 munte
3114 5462 3370 5529 Magduno
3391 5478 3509 5512 cum

1956 5533 2169 5587 Urbicio
2201 5534 2363 5585 vitam
2402 5534 2508 5600 egit
2541 5531 2890 5597 eremiticam,
2937 5532 3023 5585 ubi
3070 5531 3350 5585 immanem
3394 5533 3514 5583 dra-

1951 5616 2139 5656 conem
2164 5602 2272 5654 suis
2303 5607 2550 5671 prec;bus
2572 5602 2856 5656 interfecit.
2890 5604 3093 5655 Marcus
3123 5600 3512 5654 Aurelianensis

1954 5672 2006 5726 in
2041 5672 2158 5726 vico
2187 5672 2427 5726 Clariaco
2470 5672 2537 5726 ob
2577 5681 2751 5727 certas
2781 5688 2966 5725 causas
2999 5672 3235 5725 residens
3278 5687 3399 5724 eum
3431 5686 3512 5726 sa-
