3990 6196
376 295 473 351 941

1488 298 1681 354 SECT.
1727 297 1791 354 ll.
1831 330 1898 341 -——
1938 290 2502 355 MARTYBOIMGIA.

3544 290 3646 354 ius

1660 413 1889 467 EDITIO
1930 411 2401 466 CULONIENSIS.

377 506 465 557 tiae
513 501 753 570 spiritum
802 502 1022 569 habuit,
1072 514 1153 558 ter
1205 504 1383 573 quinis
1451 506 1604 559 annis
1664 504 2032 566 Veroman-A
2062 504 2225 571 genti.
2270 502 2567 556 Novissime
2619 514 2743 555 vero
2792 502 2959 554 sancti
3014 510 3277 571 martyres
3308 514 3337 555 a
3388 501 3636 570 praedicto

376 594 623 648 densium
676 592 822 646 urbis
868 596 1229 661 episcopatan
1282 595 1485 658 tenuit,
1536 596 1601 647 ad
1658 604 1960 647 extremum

377 686 441 739 ad
473 685 706 739 caelestia
753 685 1006 751 migrans.
1054 682 1202 739 Tunc
1256 686 1318 737 ad
1371 685 1719 739 Suessionum
1774 685 1959 738 urbem

376 792 570 843 Corpus
598 776 713 843 ejus
747 776 1064 828 translatum
1107 786 1210 840 est,
1244 776 1420 843 ibique
1464 777 1728 844 sepultum
1779 774 1964 829 multis

377 869 630 922 virtutum
684 866 849 919 titulis
899 867 1111 919 claruit.
1177 866 1477 934 Andegavis
1529 865 1700 920 sancti
1773 866 1963 919 Licinii

376 957 613 1023 episcopi
648 964 701 1008 et
741 954 1094 1009 confessoris.
1147 955 1344 1008 Eodem
1394 955 1481 1008 die
1512 956 1681 1009 sancti
1732 953 1963 1007 Carilcfti

376 1046 726 1109 confessoris,
760 1056 814 1100 et
844 1045 1013 1098 sancti
1043 1044 1265 1099 Naboris
1290 1045 1633 1099 confessmis.
1664 1045 1719 1098 ln
1762 1044 1966 1097 Tharso

376 1134 575 1190 Cilicia:
619 1145 913 1204 martyrum
946 1135 1129 1203 viginti
1159 1136 1258 1189 sub
1285 1134 1562 1203 Simplicio
1586 1134 1785 1203 judice.

450 1229 510 1283 F.
562 1229 597 1282 V
642 1230 761 1283 lous
790 1229 951 1285 .loxn.
978 1256 1046 1267 -—
1082 1228 1260 1280 Itonia:
1290 1227 1341 1281 in
1374 1236 1554 1279 monte
1600 1227 1763 1279 (Iarlio
1792 1225 1967 1279 natale

378 1328 683 1373 sanctorum
740 1330 1035 1387 martyrum
1088 1316 1249 1369 Primi
1298 1326 1355 1369 et
1414 1315 1691 1377 Feliciani,
1725 1316 1813 1383 qui
1866 1314 1967 1368 sub

380 1408 709 1463 Diocletiano
744 1416 798 1461 et
846 1408 1164 1461 Maximiano
1197 1405 1611 1473 imperatoribus
1645 1420 1740 1473 pro
1768 1404 1966 1457 Christi

377 1500 595 1553 nomine
635 1499 797 1551 multa
842 1506 1098 1551 tormenta
1163 1497 1301 1561 passi
1344 1506 1485 1550 sunt.
1543 1498 1671 1549 Nam
1721 1497 1969 1551 l’rutuoto

381 1590 592 1656 praesidi
624 1588 721 1653 ipsi
768 1587 1082 1656 nequissimi
1132 1588 1481 1655 imperatores
1534 1587 1598 1639 ad
1642 1586 1967 1654 puniendum

378 1695 473 1735 eos
504 1680 853 1734 tradiderunt.
908 1679 1006 1745 Qui
1048 1694 1167 1732 cum
1202 1677 1407 1733 videret
1464 1693 1560 1732 eos
1611 1678 1757 1731 nullo
1812 1678 1971 1731 modo

380 1785 540 1840 posse
566 1786 594 1823 a
626 1770 823 1824 Christi
871 1768 1211 1824 confessione
1258 1768 1534 1830 converti,
1581 1770 1847 1835 separavit
1877 1782 1970 1821 eos

2062 595 2257 649 comite
2306 594 2551 647 decollati
2625 600 2779 656 sunt”;
2836 604 3063 661 quorum
3120 602 3340 661 corpdra
3403 601 3559 651 tioctu
3610 604 3642 653 a

2064 683 2376 737 Chr'stianis
2432 684 2674 736 fidelibus
2730 690 2900 750 rapta,
2955 684 3157 751 sepulta
3213 688 3337 736 Sunt
3377 685 3439 737 ad
3486 702 3644 739 arcus

2065 774 2427 827 Nomentanus
2477 774 2613 826 intra
2664 772 3024 825 harenarium.
3080 773 3134 825 In
3191 770 3376 825 Galliis
3426 774 3644 829 civitate

2065 865 2273 934 Agino,
2320 864 2440 918 loco
2493 862 2848 931 Pompeiaco,
2904 862 3078 927 paSsio
3121 862 3289 916 sancti
3351 862 3647 925 Vin'centii,

2066 952 2237 1005 leviue
2269 962 2323 1006 ct
2354 951 2622 1022 martyris.
2655 950 2706 1003 ln
2729 950 2907 1005 Scotia
2946 950 3114 1004 sancti
3144 951 3416 1005 Columba:
3441 953 3651 1007 confes—

2065 1046 2226 1097 soris.

2138 1139 2203 1192 (ἱ.
2235 1138 2299 1191 ιν
2331 1138 2451 1193 lous
2480 1134 2645 1193 Jotvtt.
2668 1168 2737 1177 —
2766 1136 2949 1191 Romae
2976 1138 3055 1191 ‘via
3105 1132 3342 1199 Aurelia,
3396 1139 3646 1192 milliaria

2068 1231 2227 1284 tertio
2255 1230 2484 1291 decimo,
2536 1230 2709 1283 natale
2754 1230 2921 1283 Sancti
2954 1225 3197 1283 Basilidis
3229 1230 3491 1300 martyris.
3525 1230 3649 1284 Tri-

2070 1322 2221 1388 podis
2252 1332 2304 1374 et
2326 1320 2587 1374 Mandalis
2615 1320 2713 1372 sub
2746 1320 3030 1374 Aureliano
3056 1320 3395 1386 imperatOre,
3432 1320 3651 1374 Platmie

2071 1412 2315 1479 praeside,
2360 1421 2413 1464 et
2442 1410 2667 1464 aliorum
2706 1409 2887 1480 viginti
2940 1420 3251 1480 martyrum.
3309 1408 3504 1463 Eodem
3564 1411 3651 1464 die

2072 1500 2210 1553 beati
2241 1500 2471 1553 Gethulii
2506 1500 2786 1570 martyris,
2824 1502 3151 1567 temporibus
3176 1499 3386 1555 Adriani
3416 1502 3649 1564 impera-

2072 1591 2223 1656 toris,
2256 1591 2354 1644 Sub
2396 1591 2575 1659 judice
2606 1592 2810 1644 Licinio
2843 1609 2853 1642 :
2886 1606 3006 1643 nam
3056 1606 3174 1643 cum
3230 1593 3370 1645 esset
3398 1589 3654 1645 CbriStia-

2073 1683 2346 1747 nissitmts,
2370 1696 2423 1737 et
2453 1684 2612 1736 multa
2646 1680 2781 1736 bona
2813 1698 2974 1751 opera
3026 1682 3263 1746 fecisset,
3297 1678 3523 1738 traditus
3570 1688 3652 1739 est

2072 1774 2273 1830 Co-reali
2307 1776 2501 1828 vicario
2530 1774 2595 1827 ad
2622 1774 2981 1843 puniendum;
3013 1776 3103 1827 sed
3131 1772 3343 1829 sanetns
3375 1773 3652 1829 Getbulitis

381 1862 703 1926 abinvicem,
735 1870 789 1914 et
821 1860 1062 1928 primitus
1110 1859 1433 1913 Felicianum
1483 1859 1747 1929 octoginta
1797 1874 1967 1913 annos
2001 1859 2043 1918 Β
2070 1879 2198 1919 sana
2231 1865 2604 1933 pra'dicatioue
2632 1865 2899 1919 convertit
2946 1866 3010 1917 ad
3061 1862 3219 1918 [idem
3248 1866 3464 1930 Christi,
3508 1867 3650 1921 ssc":

385 1952 695 2017 habentem,
735 1952 895 2021 jussit
924 1950 1208 2020 plumbatis
1257 1954 1426 2016 tuttdi,
1458 1962 1639 2021 postea
1672 1967 1795 2007 vero
1824 1954 1971 2007 misit

384 2058 509 2097 eum
541 2044 592 2097 in
621 2058 918 2107 carcerem,
948 2051 1003 2097 et
1028 2058 1201 2111 neque
1239 2043 1441 2107 cibum,
1471 2058 1641 2111 neque
1688 2059 1877 2109 aquam
1920 2043 1970 2098 ei

388 2133 597 2186 sinebat
623 2134 862 2202 przebere
895 2133 1063 2187 tribus
1091 2134 1315 2198 diebus;
1344 2134 1535 2187 deinde
1568 2132 1799 2187 l’rimntn
1830 2134 1975 2187 sitni-

389 2228 508 2283 liter
558 2229 715 2298 jussit
767 2229 998 2282 fustibus
1037 2228 1191 2293 cretii,
1248 2229 1441 2282 dehinc
1493 2243 1621 2282 vero
1672 2228 1724 2281 in
1766 2228 1971 2293 amphi-

389 2320 598 2372 theatro
627 2328 844 2374 sanctos
898 2330 1161 2386 martyres
1214 2318 1458 2372 leonibus
1511 2320 1645 2371 tradi
1680 2320 1968 2385 ptmcepit;

389 2411 486 2464 sed
517 2411 661 2463 nullo
691 2411 851 2464 modo
878 2410 943 2463 ab
969 2411 1045 2462 eis
1076 2410 1182 2462 laasi
1222 2418 1365 2462 sunt.
1398 2408 1548 2473 Quod
1581 2408 1819 2462 videntes
1863 2417 1972 2461 tur-

391 2502 472 2555 ba:
501 2502 841 2557 crediderunt
892 2502 945 2554 in
996 2502 1263 2555 Christum
1304 2503 1419 2570 plus
1447 2518 1601 2570 quam
1632 2502 1777 2556 mille
1820 2501 1974 2569 quiu-

2073 1956 2199 2011 fecit
2249 1958 2552 2010 Amantium
2625 1956 2899 2011 tribunum
2957 1956 3175 2010 fratrem
3232 1958 3365 2027 ejus.
3424 1959 3653 2015 sanctus

2075 2060 2201 2099 vero
2257 2045 2442 2100 Sixtus
2492 2054 2624 2117 papa
2688 2044 2974 2114 baptiZavit
3021 2043 3313 2109 Cerealem,
3358 2054 3408 2103 et
3459 2050 3654 2104 contir-

2076 2135 2240 2189 mavit
2271 2136 2321 2189 in
2347 2134 2473 2189 fide.
2507 2134 2697 2189 Postea
2730 2150 2853 2189 vero
2876 2146 3000 2190 cum
3052 2136 3285 2191 audisset
3315 2133 3417 2192 hoc
3458 2138 3652 2195 factum

2074 2225 2365 2295 prtedictus
2421 2225 2734 2293 imperator,
2790 2227 3007 2279 tradidit
3056 2232 3297 2282 sanctum
3340 2227 3651 2286 'Géthulium

2074 2316 2279 2371 Licinio
2337 2316 2590 2384 praefecto
2645 2330 2763 2382 suo,
2797 2325 2853 2369 ut
2903 2332 3025 2371 eum
3076 2332 3195 2372 cum
3240 2320 3399 2375 sociis
3444 2322 3574 2386 suis,
3607 2325 3652 2377 si

2074 2410 2240 2463 nollet
2268 2409 2569 2463 sacrillcare
2595 2407 2780 2473 idolis,
2814 2410 3053 2464 mitteret
3102 2410 3151 2464 in
3198 2413 3464 2467 caminum
3515 2404 3653 2483 ignis

2073 2500 2367 2554 ardentem.
2408 2499 2557 2567 Quod
2610 2514 2730 2554 cum
2778 2500 2976 2554 factum
3035 2499 3239 2570 fuisset,
3296 2504 3442 2559 nullo
3491 2507 3654 2563 modo

1637 2612 1868 2667 EDITIU
1912 2608 2415 2665 EOLLANDIANA.

391 2707 519 2763 latio
543 2708 599 2762 S.
622 2715 647 2743 ⁸
665 2704 951 2761 Andomari
980 2705 1061 2773 cpi
1083 2704 1211 2775 copi
1238 2704 1492 2759 secunda.
1530 2704 1617 2767 8.,
1645 2704 1702 2757 lu
1727 2704 1969 2758 Sardinia

395 2779 571 2833 natale
598 2777 625 2815 δ
648 2778 959 2832 Salustiaui.

462 2873 516 2925 9.
541 2901 610 2911 —
638 2870 678 2922 V
712 2870 830 2925 Inus
859 2870 1017 2925 Jusu.
1051 2868 1236 2923 Natale
1267 2868 1363 2924 SS.
1392 2868 1551 2923 Primi
1583 2878 1637 2923 et
1664 2880 1684 2907 ο
1712 2866 1964 2923 Felicianl

394 2970 710 3032 martyrum.

463 3054 739 3121 Adjertum
768 3060 879 3105 erat
911 3061 1099 3121 postea
1127 3052 1190 3104 ad
1215 3066 1313 3108 ms.
1348 3050 1429 3116 D.,
1458 3046 1524 3104 In
1553 3050 1739 3105 Cilmio
1770 3060 1971 3121 monte;

2152 2698 2240 2765 V.,
2273 2700 2394 2754 alibi
2424 2709 2446 2738 ε
2470 2694 2705 2773 Januarii
2728 2742 2742 2764 ,
2782 2688 3088 2773 Alexandri.
3146 2702 3228 2766 8.,
3254 2682 3650 2773 .RorntepaSsio

2076 2780 2377 2824 sanctorum
2402 2771 2626 2825 militum
2647 2772 2866 2824 numero
2894 2788 2980 2825 xv.
3016 2774 3070 2827 In
3093 2774 3409 2829 Alexandria
3436 2769 3648 2831 Maximi

2077 2842 2396 2912 presbyteri,
2431 2844 2653 2895 Amandi
2682 2851 2735 2897 et
2761 2841 3023 2898 Januarii.

2150 2952 2235 3007 l0.
2263 2983 2329 2991 —
2356 2952 2417 3006 lV
2450 2951 2585 3006 laus.
2624 2953 2781 3006 Vacat
2813 2952 2992 3007 Bteda.

2149 3044 2233 3105 0.,
2262 3043 2448 3097 Romm
2479 3044 2558 3096 via
2592 3044 2800 3097 Aurelia
2835 3050 2851 3088 t
2882 3043 3139 3113 Basilidis,
3170 3038 3416 3113 Tripotlis
3444 3042 3498 3101 et
3523 3049 3656 3103 alio:

392 3122 444 3176 iit
480 3124 519 3175 A
542 3110 695 3185 vero,
729 3124 779 3175 in
813 3110 977 3176 marite
1018 3122 1178 3175 (Σαξιθο
1214 3110 1426 3175 [laniata
1460 3122 1685 3175 Additur
1714 3122 1765 3175 iri
1793 3123 1875 3186 IL,
1911 3110 1975 3173 Et
2006 3126 2049 3185 C
2081 3130 2233 3186 ι’(ηῐιτΔ
2266 3115 2348 3177 IL,
2380 3113 2563 3186 Rtttttgl-
2596 3110 3122 3186 militnurllasilidis,
3160 3110 3369 3186 [tog-oti,
3404 3117 3647 3172 Martiani

392 3188 418 3231 ά
456 3188 711 3246 Vincenlii
744 3202 921 3258 mum;
969 3194 1021 3246 in
1067 3192 1127 3247 L.
1158 3203 1360 3255 autem,
1397 3190 1571 3246 Romae
1613 3194 1695 3244 via
1737 3191 1972 3246 Numen-

393 3268 541 3317 tunc.

469 3342 662 3406 Florus
694 3355 742 3405 in
774 3352 836 3405 A.
867 3352 954 3416 T.,
976 3352 1183 3420 Aginno
1212 3352 1387 3417 passio
1414 3350 1470 3406 S.
1493 3350 1519 3387 (ί
1543 3351 1798 3405 \‘iocentii
1832 3367 1973 3406 mar—

396 3444 553 3517 tyris,
585 3445 675 3513 qui
706 3444 927 3498 levitica:
959 3445 1110 3497 stola:
1141 3444 1376 3497 candore
1407 3444 1631 3509 micans,
1673 3458 1766 3510 pro
1793 3458 1975 3497 arnore

396 3537 591 3591 Christi
621 3537 935 3606 martyrium
969 3538 1215 3604 adeptus,
1247 3535 1453 3604 magnis
1482 3534 1782 3603 smpissime
1810 3533 1975 3588 virtu-

368 3627 535 3681 ‘tibus
563 3627 745 3695 fulget.

2082 3193 2134 3236 rt
2170 3184 2393 3236 aliorum
2434 3182 2636 3250 viginti.
2695 3184 2777 3241 ν..
2814 3184 2857 3236 lt
2896 3200 2994 3236 ma:
3027 3188 3108 3236 via
3143 3182 3353 3238 Aurelia
3399 3190 3651 3243 milliaria

2083 3254 2291 3308 decimo
2341 3253 2519 3315 tertio,
2572 3254 2771 3315 Basilii,
2803 3261 2827 3297 Β
2857 3255 3073 3316 Aut-isii,
3126 3253 3334 3323 Rogati,
3385 3258 3649 3313 Januarii.

2079 3323 2162 3387 l..,
2207 3324 2387 3377 Romae
2419 3324 2499 3375 via
2534 3323 2742 3377 Aurelia
2790 3326 2963 3391 passio
3011 3323 3110 3378 SS.
3144 3325 3357 3392 ltogati,
3406 3326 3649 3383 Januarii

2078 3410 2201 3447 cum
2254 3393 2412 3447 sociis
2444 3392 2717 3446 tredecim.
2764 3398 2827 3458 A.
2883 3394 2971 3458 'l‘.,
3022 3395 3201 3446 Itonia:
3231 3398 3405 3450 natale
3460 3400 3649 3450 Basili-s

2077 3463 2179 3528 dis,
2228 3464 2410 3530 Rogati
2443 3473 2494 3516 et
2528 3463 2775 3515 Victoris.
2808 3456 2869 3516 Τ.
2908 3456 2989 3525 IL,
3027 3463 3079 3516 In
3115 3464 3417 3517 Nicomedia
3467 3469 3643 3519 natale

2076 3535 2129 3586 S.
2172 3533 2464 3586 Zacharias.
2494 3531 2574 3595 l}.,
2603 3532 2656 3584 lu
2689 3532 3060 3586 Autissiodoro
3089 3533 3351 3601 depOsitio
3376 3532 3399 3570 δ
3424 3534 3650 3590 Censori

2076 3617 2334 3671 episcopi.

1808 3712 2013 3768 SMITII
2054 3713 2281 3769 ΝΟΤιΕ.

473 3812 497 3840 ³
528 3806 829 3859 Audomari.
858 3804 1094 3859 Molanus
1117 3804 1168 3857 io
1192 3804 1552 3858 additionibus
1579 3803 1642 3855 ad
1673 3802 1966 3857 l'suardum

394 3875 464 3931 de
494 3877 593 3930 hac
615 3877 985 3930 Tt'anslatimte
1016 3876 1093 3928 sic
1125 3877 1312 3927 scribit
1341 3892 1352 3927 :
1388 3892 1406 3923 r
1444 3874 1765 3926 Monastetio
1794 3872 1830 3925 S
1857 3874 1966 3926 tbiu

394 3946 584 4002 relatio
627 3950 683 3999 S.
716 3946 1004 4001 Audomari
1053 3945 1285 4012 episcopi
1331 3947 1542 4011 quando
1586 3944 1641 3994 S.
1680 3944 1971 4011 Folquinus

396 4027 594 4085 Corpus
646 4016 762 4085 ejus
815 4018 993 4085 fugato
1026 4014 1245 4083 llugnnc
1275 4014 1466 4065 abbate
1517 4012 1584 4065 de
1637 4013 1971 4085 Lisbnnr‘eb,

400 4084 580 4141 retulit
609 4084 748 4139 anno
779 4084 902 4145 8i-‘5,
956 4095 1010 4136 et
1058 4088 1108 4136 in
1143 4085 1313 4139 Sttbiu
1343 4085 1492 4148 juxta
1524 4098 1717 4149 corpus
1753 4084 1814 4135 ιι.
1846 4084 1970 4135 Ucr-

400 4158 495 4208 tirti
528 4159 626 4209 sub
658 4167 795 4208 terra
830 4154 1148 4208 recondidit.
1194 4154 1287 4208 Ubi
1322 4168 1416 4219 per
1449 4153 1645 4205 multos
1679 4167 1845 4205 annos
1874 4153 1971 4204 lto-

402 4231 573 4277 mines
604 4228 816 4292 quidem
850 4227 1032 4289 latuit;
1069 4234 1121 4276 at
1155 4224 1424 4277 revelatus
1454 4232 1558 4289 est,
1593 4223 1679 4275 ubi
1714 4222 1971 4275 Dominus

401 4296 589 4349 voluit.
627 4314 643 4346 ι

476 4364 502 4402 δ
533 4366 840 4418 Salustinni.
896 4363 1170 4417 Ferrarius
1215 4362 1266 4414 in
1313 4363 1556 4430 catalogo
1588 4360 1817 4431 generali
1850 4376 1970 4415 eum

408 4447 596 4489 censet
626 4437 761 4489 inter
788 4436 1121 4486 L‘alaritanos
1152 4433 1431 4498 episcOpos
1463 4431 1875 4486 numerandum.

480 4515 501 4540 ε
535 4503 805 4557 Feliciani.
854 4505 964 4559 Sub
996 4503 1322 4555 Diocletiano
1363 4510 1418 4554 et
1447 4502 1770 4554 Maximiano
1800 4502 1970 4568 impe-

406 4576 696 4628 ratoribus.
755 4575 813 4627 lli
862 4573 1076 4641 gloriosi
1124 4583 1407 4639 martyres,
1441 4583 1579 4624 nunc
1610 4571 1767 4623 simul
1800 4576 1970 4638 paria,

406 4658 548 4697 nunc
589 4644 894 4714 singillatim
926 4644 1133 4714 diversa
1162 4684 1176 4705 ,
1227 4652 1282 4692 et
1327 4642 1590 4714 exquisita
1642 4642 1975 4714 perferentes

405 4712 697 4779 tormenta,
730 4716 943 4768 tandem
994 4727 1022 4764 a
1073 4713 1319 4765 Promoto
1370 4712 1593 4777 praeside
1638 4712 1976 4764 Nomentano

403 4784 584 4852 gladio
614 4784 965 4837 animadversi
1009 4792 1152 4835 sunt.
1207 4781 1442 4847 Uscana,
1477 4786 1609 4835 Aoo.
1661 4781 1977 4852 Theodorus

406 4851 540 4920 papa
574 4856 946 4921 prmdictorum
979 4860 1269 4921 martyrum
1310 4867 1535 4919 corpora
1578 4867 1696 4919 qua:
1736 4861 1888 4905 erant
1922 4851 1975 4903 in

404 4927 653 4976 arenario
702 4926 783 4976 via
833 4924 1157 4976 Nomentana
1188 4962 1201 4982 ,
1256 4922 1531 4985 elevavit,
1584 4930 1639 4974 et
1686 4923 1737 4975 in
1789 4923 1977 4974 urbem

405 4994 725 5057 transtulit,
779 4992 1181 5058 rectindiditque
1235 4991 1287 5042 in
1343 4992 1562 5044 basilica
1613 4992 1671 5044 S.
1724 4990 1978 5057 Stephani

408 5065 817 5133 protomartyris
855 5065 1125 5129 multaque
1172 5060 1310 5114 dona
1357 5061 1567 5115 obtulit.
1621 5061 1881 5114 Baronius
1924 5061 1977 5113 in

404 5134 568 5185 notis.

483 5202 509 5239 ἀ
547 5201 817 5257 Vincenlii.
869 5202 1075 5269 Aginno
1105 5201 1223 5253 loco
1254 5200 1580 5267 Pompeiano
1623 5200 1787 5269 passi.
1828 5200 1975 5269 Atto.

403 5269 484 5327 De
532 5274 803 5325 miraculis
850 5268 1079 5340 ad"ejiis
1125 5274 1428 5338 sepulcrum
1473 5268 1781 5340 editisﬁagit
1814 5268 1976 5340 Greg.

405 5344 610 5395 Turno.
647 5342 739 5396 lib.
769 5343 835 5395 de
867 5338 1041 5396 Gloria
1075 5353 1362 5411 martymm
1410 5354 1529 5407 cap.
1568 5338 1687 5405 ηε,
1743 5345 1812 5411 et
1845 5338 1980 5411 Hist.

406 5427 503 5477 vn,
534 5412 621 5466 55.
680 5412 813 5465 lluic
842 5421 1025 5465 sancto
1056 5409 1275 5479 martyri
1310 5411 1492 5463 l’atres
1545 5412 1595 5463 in
1627 5409 1853 5463 concilio
1882 5409 1983 5462 Ca-

404 5484 670 5537 bilouensi
701 5482 1030 5551 congregati,
1060 5494 1154 5547 pro
1179 5482 1280 5532 vita
1306 5480 1597 5533 Cbl'odovei
1629 5480 1768 5548 regis
1798 5490 1983 5551 preces

405 5554 738 5619 obtulerunt,
770 5550 825 5605 ut
853 5561 1057 5604 constat
1088 5565 1151 5602 ex
1180 5552 1297 5616 ejus
1326 5551 1517 5618 synodi
1548 5552 1678 5604 actis
1708 5566 1756 5604 c.
1788 5550 1834 5602 l.

480 5634 502 5659 ε
535 5624 796 5676 Januarii.
834 5622 893 5675 lli
928 5624 977 5673 in
1006 5620 1321 5675 AleXandria
1352 5622 1490 5686 passi
1521 5632 1642 5673 sunt
1671 5636 1791 5675 cum
1820 5619 1982 5675 Maxi-

402 5710 495 5750 mo
524 5705 577 5750 et
604 5696 867 5748 Antando.
904 5692 1173 5762 Martyrol.
1207 5690 1541 5760 Hieronymi.

1998 4404 2050 4459 D

2154 3801 2171 3839 τ
2210 3800 2475 3878 Basilidis.
2497 3802 2577 3878 _E_t
2602 3800 2873 3872 Tripodis,
2906 3796 3147 3878 tempore
3177 3798 3448 3862 Aureliani
3478 3807 3653 3878 impe»

2078 3875 2269 3927 ratoris
2299 3874 2435 3939 apud
2468 3874 2733 3927 civitatem
2766 3875 3105 3930 Aureliauam
3138 3879 3463 3931 claruerunt.
3504 3874 3637 3934 eam

2079 3943 2508 4015 enimltasilides
2556 3953 2701 4013 esset
2740 3944 2984 3998 ofﬁcialis
3028 3948 3262 4003 Platonis
3309 3951 3545 4015 praefecti
3591 3952 3643 4004 in

2082 4013 2321 4079 partilms
2350 4013 2605 4083 (trientis,
2632 4014 2880 4068 Christus
2912 4019 2958 4066 ei
2991 4019 3265 4083 apparuit,
3312 4013 3366 4071 et
3398 4021 3645 4074 ministe-

2080 4084 2216 4158 rium
2267 4082 2479 4158 gentilis
2532 4095 2586 4134 ut
2636 4083 2958 4158 relinqueret
2995 4082 3313 4158 mandavit;
3374 4091 3653 4158 navigavit

2081 4152 2244 4221 igitur
2274 4148 2536 4206 Basilides
2567 4168 2685 4206 cum
2717 4148 2875 4208 sociis
2909 4156 2958 4207 in
2991 4157 3191 4209 Italiam
3224 4148 3531 4221 ad'portum
3563 4163 3648 4213 ci-e

2082 4224 2259 4295 vitatis
2312 4224 2559 4276 Aureliae.
2614 4223 2756 4295 Cum
2810 4234 2988 4295 autem
3040 4226 3367 4285 audivissent
3419 4230 3652 4295 qualiter

2082 4292 2398 4345 Aurelianus'
2428 4294 2758 4346 (ΣΙιτῑειίηιιῦε
2789 4289 3221 4361 persequebatur,
3265 4296 3330 4347 ad
3376 4289 3647 4350 civitatem

2083 4378 2159 4416 tre
2192 4364 2461 4415 timebant.
2523 4364 2715 4415 lterum
2746 4377 2922 4417 autem
2969 4366 3045 4417 eis
3075 4364 3321 4417 Christus
3360 4368 3602 4433 apparuit
3632 4403 3650 4431 ,

2078 4446 2134 4487 et
2163 4450 2255 4487 eos
2287 4438 2408 4485 cibo
2448 4434 2664 4496 refecit;
2704 4442 2771 4504 rt
2822 4442 3098 4501 postquam
3146 4434 3511 4488 comedissent
3548 4438 3650 4489 «νιν

2079 4506 2432 4556 dormierunt.
2467 4504 2616 4555 Mane
2640 4518 2765 4556 vero
2789 4517 2845 4555 se
2868 4511 3159 4557 excitantes
3183 4506 3246 4569 ad
3274 4507 3442 4567 ipsum
3472 4505 3648 4559 locum

2079 4574 2166 4625 ubi
2200 4575 2264 4625 de
2295 4573 2411 4626 navi
2445 4574 2689 4626 exierant
2719 4588 2777 4625 se
2807 4575 3142 4625 invenerunt.
3176 4575 3403 4627 Orantes
3429 4575 3551 4627 dein
3581 4578 3650 4630 ad

2077 4641 2351 4694 Christum
2378 4648 2432 4694 ut
2458 4659 2639 4695 eorum
2665 4643 2869 4694 anitnas
2893 4647 2940 4711 in
2967 4659 3095 4709 pace
3117 4646 3439 4710 susciperet,
3460 4646 3651 4699 eadem

2079 4712 2206 4763 liora
2242 4714 2489 4777 spiritum
2522 4715 2833 4764 emiserunt.
2872 4711 3033 4764 Pera.
3068 4730 3130 4765 nr.
3162 4713 3366 4767 Name.

2158 4790 2182 4826 8
2218 4782 2431 4833 Aurisii.
2464 4782 2600 4851 llic,
2633 4782 2718 4849 qui
2754 4782 2947 4834 dicitur
2977 4794 3029 4834 et
3058 4784 3299 4843 Art-sius,
3335 4794 3384 4835 et
3418 4783 3653 4851 [togatus

2077 4849 2226 4921 juxta
2264 4848 2675 4921 Hieronymum,
2730 4860 2783 4902 et
2832 4851 3041 4904 deam
3076 4853 3239 4921 vulg.,
3270 4863 3323 4906 et
3356 4848 3571 4916 latori"
3604 4856 3660 4909 in

2083 4920 2255 4988 Africa
2290 4921 2428 4988 passi
2458 4920 2601 4974 Sunt.

2152 4987 2176 5025 δ
2209 4987 2442 5044 Censori.
2475 4991 2573 5057 Qui
2622 4987 2753 5042 sedit
2790 5002 2955 5042 annos
2986 4989 3075 5051 58,
3127 5006 3337 5046 menses
3368 4990 3420 5056 5,
3456 4992 3570 5048 dies
3592 4992 3646 5046 6.

2085 5061 2175 5113 llic
2224 5073 2306 5112 est
2355 5062 2506 5126 cujus
2548 5060 2879 5127 temporibus
2915 5060 3255 5113 Constantius
3309 5074 3490 5115 orator
3547 5066 3649 5113 ob-

2085 5141 2233 5184 tt-ntu
2281 5130 2339 5183 S.
2390 5132 2642 5184 Patientis
2686 5129 3054 5199 Lugdunetnis
3085 5135 3317 5199 episcopi
3366 5134 3536 5185 \itam
3588 5134 3652 5184 lt.

2083 5200 2331 5253 Germani
2359 5202 2522 5253 edidit
2552 5200 2803 5269 omnique
2834 5196 3099 5269 dzligentia
3126 5196 3451 5254 elaboratam
3477 5204 3650 5255 eidem

2086 5269 2421 5339 posteodum
2473 5266 2727 5339 episcopo
2773 5266 3033 5322 Censorio
3081 5269 3375 5323 habendam
3436 5273 3651 5324 direxit.

2085 5341 2334 5404 Sepultus
2366 5351 2445 5393 est
2495 5343 2546 5393 in
2592 5341 2817 5395 ecClrsia
2849 5340 2906 5393 S.
2951 5339 3203 5394 Germani
3234 5345 3487 5407 eptsiopi.
3536 5340 3656 5394 Fu:t

2084 5418 2261 5463 autem
2309 5408 2633 5481 temporibus
2668 5410 3136 5481 Felit-is,_Gelasii,
3186 5412 3469 5472 Anastasii,
3501 5418 3661 5481 .‘yttl-

2088 5482 2284 5543 tuachi,
2335 5492 2492 5546 atque
2543 5480 2837 5534 llormisdze
2890 5479 3253 5534 Romanorum
3306 5479 3656 5547 ponttliciitn;

2090 5552 2474 5613 imperantibus
2506 5552 2789 5605 Anastasio
2810 5561 2864 5604 et
2891 5547 3101 5606 Iustino
3124 5551 3350 5603 seniore.
3383 5551 3516 5606 llist.
3545 5553 3657 5616 epi-

2089 5638 2371 5689 scoporum
2416 5621 2960 5677 Antissiodotensium
3009 5619 3148 5688 apud
3198 5618 3424 5691 Philippi
3478 5622 3657 5676 Labba

2091 5696 2226 5749 llibl.
2264 5696 2479 5746 Soram.
