3990 6196
310 268 411 322 943

1059 264 1260 320 BEDAS
1306 260 1749 316 vaNEttaouas
1789 235 1934 308 (ire.
1982 253 2154 307 mus
2194 252 2281 307 tv.
2316 281 2368 292 —
2427 253 2809 307 lllSTOlthA.

3446 258 3552 310 9H

1550 428 1551 431 η
1579 369 1807 425 Εῡιτιυ
1848 364 2318 423 COLONIENSIS.

304 470 370 521 ab
399 469 516 538 igne
546 466 654 521 1333i
688 478 829 520 sunt.
860 466 1007 518 Tunc
1036 465 1278 529 fustibus,
1302 464 1441 517 illisi)
1461 461 1651 529 capite,
1677 468 1875 526 marty-
1912 465 1958 525 Α
1991 455 2129 508 Vettii
2160 454 2278 506 Olet)
2319 455 2600 522 superfusi,
2659 453 2721 506 ad
2757 453 2995 506 ultimum
3026 455 3197 522 capite
3228 464 3552 509 truncantur.

305 559 440 612 rium
484 557 916 624 compleverunt;
969 569 1192 623 quorum
1224 568 1445 621 corpora
1479 551 1691 620 collegit
1727 548 1879 602 beata

308 647 677 715 Siniphorosa,
706 661 841 715 uxor
868 643 1098 699 Cethulii
1133 645 1403 712 martyris,
1445 649 1499 694 et
1528 639 1774 708 sepelivit
1827 637 1878 691 in

307 738 513 808 przedio
538 752 658 793 suo.
685 736 738 790 lu
762 735 936 791 Africa
964 732 1288 801 Aresirogati
1318 742 1372 786 et
1401 732 1620 785 aliorum
1662 728 1880 798 quinde-

309 827 433 880 cim.
479 826 531 879 lit
577 826 842 894 Hispaniis
871 823 1134 892 Chrispoli
1179 824 1431 876 restituti.
1474 821 1529 875 In
1578 819 1880 877 Nicomedia

310 919 479 973 sancti
535 917 821 970 Zacharie.
872 916 923 967 ln
958 915 1319 968 t‘Uli33i0ti0l‘0
1360 912 1623 982 depositio
1661 910 1882 965 Censori

314 1007 569 1073 episcopi.

384 1096 446 1148 A.
480 1096 544 1149 111
577 1094 693 1149 lous
721 1094 879 1149 JUNH.
919 1125 985 1134 --
1037 1093 1219 1148 Natale
1251 1093 1419 1148 sancti
1462 1090 1713 1145 Barnabre
1755 1104 1885 1158 apo-

313 1186 593 1254 stolizqui,
616 1199 732 1237 cum
757 1183 1159 1253 essetCyprius,
1191 1197 1309 1236 cum
1326 1182 1482 1236 Paulo
1504 1182 1733 1248 gentium
1759 1193 1884 1245 apo-

310 1277 479 1330 stolos
529 1277 802 1329 ordinatus
852 1284 953 1327 est.
1006 1272 1100 1326 llic
1140 1281 1316 1340 postea
1369 1281 1583 1338 pr0pter
1627 1269 1882 1323 Joannem

307 1366 659 1435 discipulum,
711 1364 799 1433 qui
837 1372 893 1417 et
928 1361 1135 1415 Marcus
1178 1360 1485 1423 vocabatur,
1534 1367 1811 1426 separatus
1857 1371 1885 1409 a

312 1459 506 1521 l’aulo,
542 1455 885 1511 nihilominus
914 1454 1242 1524 Evangelicae
1282 1451 1667 1521 prmdicationis
1711 1449 1888 1516 injun-

308 1557 450 1601 ctum
482 1546 580 1598 sibi
613 1560 745 1613 opus
772 1545 1025 1598 exercuit.
1044 1543 1206 1611 Cujus
1225 1556 1439 1607 corpus,
1467 1550 1700 1609 tempore
1723 1539 1889 1591 Zeno-

313 1642 394 1695 uis
426 1636 781 1706 imperatoris,
826 1637 942 1704 ipso
985 1634 1253 1688 revelante
1298 1640 1563 1699 repertum
1597 1639 1697 1683 est.
1741 1628 1889 1695 Apud

312 1731 622 1787 Corinthum
675 1727 842 1783 sancti
876 1725 1166 1780 Sosthenes
1190 1765 1203 1787 ,
1238 1721 1481 1789 diSripoli
1524 1720 1695 1773 sancti
1747 1718 1889 1771 l'auli

2058 545 2113 597 Β.
2150 544 2296 597 Puto.
2336 543 2452 597 lous
2479 545 2641 598 JUNII.
2669 572 2738 585 -
2769 542 2952 596 Romae
2980 543 3063 596 via
3090 545 3328 607 Aurelia,
3369 545 3555 598 millia-

1986 635 2064 687 rio
2088 635 2292 704 quinto,
2326 631 2499 701 passio
2544 644 2843 687 sanctorum
2895 640 3224 703 martyrum,
3284 634 3553 701 Basilidis,

1990 724 2192 793 Cyrini,
2226 724 2446 777 Naboris
2472 708 2787 787 et‘Nazarii;
2837 738 3059 792 quorum
3088 722 3346 777 Naborern
3374 736 3424 777 et
3452 725 3552 778 Na-

1986 815 2222 879 zat'ium,
2271 815 2426 867 simul
2473 829 2591 867 cum
2640 814 2905 881 Corgonio
2953 824 3187 885 martyre
3233 817 3495 869 transtulit
3524 833 3553 870 a

1994 905 2159 958 [iouia
2208 902 2259 957 in
2289 903 2507 956 Galliam
2536 902 2935 970 Crodegaudus,
2984 904 3230 957 Metensis
3256 908 3556 974 episcOpue,

1992 995 2328 1061 permittente
2360 993 2519 1047 Paulo
2548 1009 2677 1061 papa
2706 995 2967 1061 Romano,
3000 1010 3139 1048 anno
3165 996 3451 1052 Dominij
3472 997 3558 1051 ln-

1986 1085 2306 1138 carnatiouis
2322 1085 2791 1153 septingentesimo
2816 1089 3145 1155 sexagesimo
3161 1090 3362 1157 quinto,
3384 1102 3436 1143 et
3457 1092 3561 1144 cei-

1988 1173 2181 1227 locavit
2228 1174 2511 1242 praidictus
2541 1176 2821 1245 episcopos
2870 1188 3110 1231 sanetum
3150 1178 3471 1248 Gorgoniom
3505 1182 3555 1233 iu

1989 1265 2311 1319 monasterio
2341 1264 2480 1331 quod
2525 1265 2719 1319 dicitur
2750 1264 2977 1331 Corzia;
3027 1278 3266 1321 sanctum
3305 1284 3431 1322 vero
3458 1269 3560 1322 Na«

1990 1355 2170 1408 burem
2204 1354 2253 1407 in
2279 1358 2602 1410 monasterio
2642 1361 2784 1427 quod
2831 1359 3026 1414 dicitur
3064 1359 3209 1414 Nova
3235 1361 3368 1413 cella
3398 1378 3413 1413 :
3442 1376 3561 1413 san-

1991 1456 2133 1499 ctum
2162 1460 2371 1515 quoque
2409 1448 2688 1503 Nazariom
2722 1452 2773 1503 in
2804 1453 3153 1514 monasterio,
3183 1453 3322 1520 qttod
3370 1452 3561 1505 dicitur

1995 1538 2310 1603 Loreshain,
2352 1539 2437 1592 ubi
2469 1540 2615 1608 signa
2643 1552 2693 1593 et
2723 1542 2973 1595 miracula
3006 1542 3054 1594 in
3077 1543 3300 1596 sanitate
3329 1540 3565 1595 inﬁrmo-

1994 1646 2109 1683 rum
2148 1640 2200 1683 et
2231 1630 2483 1684 debilium
2504 1632 2696 1701 swpius
2723 1635 2873 1684 liont.
2924 1631 3203 1686 Mediolani
3235 1636 3406 1686 natale
3443 1647 3563 1685 sau-

1995 1730 2200 1774 ctnrum
2248 1733 2535 1790 martyrum
2581 1722 2784 1775 Nazarii
2837 1732 2891 1775 et
2940 1722 3074 1776 Celsi
3124 1723 3293 1790 pueri.
3340 1723 3564 1777 Sanctus

313 1821 560 1887 apostoli.
623 1820 675 1872 In
714 1816 951 1886 Aquileia
1003 1814 1177 1868 natale
1224 1822 1531 1866 sanctorum
1576 1819 1887 1878 martyrum,
1924 1816 1968 1876 Β
1996 1825 2219 1877 namque
2245 1810 2497 1865 Nazarios
2526 1825 2554 1863 a
2600 1811 2752 1865 beato
2777 1811 3050 1865 Clemente
3077 1811 3364 1866 instructus
3387 1822 3437 1865 et
3467 1813 3562 1864 ba-

316 1912 506 1966 Felicis
535 1920 585 1964 et
616 1907 907 1971 Fortunati,
956 1905 1053 1957 sub
1098 1904 1464 1971 persecutione
1492 1899 1801 1953 Diocletiani
1832 1909 1884 1953 et

318 2001 615 2057 Maximiani
650 2000 1055 2067 imperatorum,
1091 1994 1314 2063 prwside
1352 1992 1607 2046 Eusimio.
1640 1991 1736 2057 Qui
1766 2004 1887 2044 cum

313 2106 492 2150 essent
529 2091 764 2163 germani
812 2089 1022 2153 fratres,
1065 2087 1166 2139 (ide
1207 2084 1400 2138 Christi
1445 2084 1729 2146 ferventes,
1774 2082 1887 2150 pri-

323 2203 462 2241 mum
522 2186 572 2239 in
622 2182 849 2253 equuleo
898 2178 1137 2248 suiSpeusi
1185 2185 1345 2237 sunt,
1397 2175 1705 2228 ardentibus
1758 2174 1889 2225 lam-

317 2278 540 2346 pallibus
589 2275 726 2328 circa
773 2275 937 2325 latera
989 2269 1276 2337 appositis,
1322 2266 1414 2320 sed
1458 2280 1577 2318 mox
1627 2265 1893 2332 psallenti-

320 2371 417 2422 bus
463 2366 783 2436 martyribus
837 2362 1146 2423 exstinctis;
1205 2358 1325 2411 inde
1360 2372 1450 2428 per
1504 2364 1738 2408 ventrem
1790 2354 1893 2409 fcr-

1993 1901 2220 1969 ptizitos
2238 1910 2337 1965 est,
2371 1916 2524 1969 quem
2558 1902 2816 1955 Anoliuus
2858 1902 2956 1955 sub
2980 1902 3293 1961 Neroitiana:
3320 1917 3565 1970 persecu-

1997 1993 2152 2056 tionis
2178 1996 2322 2047 rab‘e
2349 1995 2438 2048 diu
2465 1994 2719 2049 amictum
2751 1994 2804 2048 in
2830 2009 3041 2049 carcere
3062 2009 3180 2048 cum
3203 1995 3357 2048 Celso
3380 2011 3563 2063 puero,

1996 2098 2150 2147 quem
2179 2085 2289 2151 ipse
2314 2086 2589 2150 nutrierat,
2617 2084 2792 2153 gladio
2819 2084 2976 2139 ferire
2997 2082 3172 2153 jussit,
3199 2099 3419 2154 quorum
3448 2100 3567 2139 cor-

1999 2191 2125 2245 pora
2152 2177 2429 2231 Christiani
2476 2178 2630 2232 forati
2662 2193 2755 2245 sep
2779 2178 2986 2232 ‘lierunt
3034 2179 3085 2231 in
3118 2178 3345 2247 pmpriis
3376 2177 3567 2239 hortis,

2002 2281 2133 2333 quos
2158 2267 2338 2321 beatus
2366 2267 2671 2321 Ambrosius
2703 2268 2925 2322 Domino
2953 2269 3225 2323 revelante
3253 2269 3469 2338 reperit.
3501 2270 3564 2320 lat

2001 2356 2264 2425 depositio
2293 2358 2459 2413 sancti
2487 2357 2656 2413 Odolii
2690 2357 3009 2428 presbyteri.

1549 2444 1770 2501 liDlTl’J
1814 2444 2313 2504 BOLLANDIANA.

390 2547 477 2602 H.
512 2574 579 2584 —
607 2544 669 2596 111
705 2542 843 2597 Inus.
880 2547 904 2575 ³
939 2542 1191 2594 Barnabze
1219 2539 1465 2607 apostoli.

395 2633 580 2685 Florus
612 2630 661 2682 in
692 2628 756 2681 A.
792 2627 1077 2695 prmsignat
1110 2622 1171 2676 In
1230 2622 1403 2689 ludia,
1438 2633 1491 2678 et
1525 2633 1632 2677 tum
1684 2626 1751 2677 ibi
1786 2634 1891 2679 tmn

322 2725 374 2776 in
400 2720 462 2775 Τ.
497 2734 557 2771 ac
586 2719 645 2771 11.
677 2718 943 2784 subjungit
975 2733 985 2765 :
1020 2712 1118 2778 Qui
1149 2714 1370 2781 pretium
1404 2715 1513 2782 agri
1544 2715 1626 2767 sui
1658 2724 1780 2770 ante
1804 2731 1894 2784 pe-

323 2813 419 2863 des
450 2805 812 2877 apostolorum
844 2803 1040 2866 attulit,
1081 2817 1143 2856 ac
1172 2802 1365 2856 deinde
1403 2819 1521 2856 cum
1556 2804 1717 2857 Paulo
1758 2820 1890 2874 gen-

326 2899 457 2952 tium
506 2895 779 2964 apostolos
834 2892 1110 2947 ordinatus
1149 2900 1229 2945 est
1282 2890 1585 2960 (Hactenus
1635 2894 1735 2962 L.)
1788 2894 1889 2949 Sed

329 2999 513 3057 postea
548 2995 763 3056 prOpter
792 2982 1050 3038 Joannem
1082 2980 1430 3049 discipulum,
1484 2984 1571 3049 qui
1605 2992 1659 3037 et
1688 2984 1895 3039 Marcus

338 3079 643 3138 vocabatur,
678 3083 953 3141 separatus
997 3086 1024 3122 a
1056 3070 1242 3135 Paulo,
1298 3071 1640 3126 nihilominus
1671 3087 1899 3142 evange-

330 3174 447 3225 lica:
476 3166 865 3238 praedicationis
889 3164 1179 3231 injunctnm
1209 3164 1308 3217 sibi
1337 3178 1470 3233 opus
1496 3166 1756 3219 exercuit.

407 3260 492 3320 0.,
528 3257 589 3310 Et
616 3254 641 3291 δ
669 3253 945 3309 Sosthenis
975 3252 1216 3317 discipuli
1252 3254 1415 3306 Pauli.
1465 3254 1551 3317 V.,
1583 3252 1762 3306 Ruina:
1808 3269 1902 3306 na-

335 3328 439 3382 tale
467 3329 527 3381 8.
551 3327 775 3378 Itasime.
808 3325 871 3375 Et
897 3324 1069 3377 natale
1096 3322 1152 3375 8.
1177 3320 1387 3389 Crispili
1414 3333 1464 3375 et
1489 3324 1713 3377 Onufrii.
1742 3325 1826 3386 IL,
1856 3323 1908 3375 In

338 3398 573 3467 Aquileia
590 3393 830 3461 Emeriti,
846 3392 1020 3447 llereti
1033 3434 1046 3460 ,
1062 3392 1362 3446 Victuriani.
1379 3392 1558 3447 Roma:
1574 3394 1830 3462 depositio
1848 3395 1903 3448 S.

2002 2542 2234 2595 Babillae.
2283 2544 2345 2597 Et
2375 2543 2469 2598 SS.
2518 2542 2746 2613 Crispuli
2792 2552 2843 2600 et
2896 2545 3165 2600 Resdtoti.
3228 2545 3363 2599 Alibi
3399 2546 3569 2601 natale

1998 2613 2094 2666 88.
2126 2625 2147 2651 ο
2174 2612 2393 2667 Naboris
2423 2624 2475 2670 et
2501 2612 2712 2670 Felicis.
2748 2618 2811 2670 Et
2848 2616 2905 2671 S.
2941 2617 2966 2652 (ί
2997 2617 3278 2684 Utmphrti.

2070 2723 2157 2778 12.
2182 2754 2249 2765 —-
2281 2723 2320 2778 ll
2352 2724 2486 2791 Itsus,
2535 2726 2717 2782 Natale
2747 2727 2839 2783 SS.
2875 2738 2896 2766 ε
2949 2728 3214 2794 Basilidis,
3242 2728 3428 2793 Cirini,
3457 2728 3560 2782 Na-

1999 2816 2146 2869 boris
2170 2825 2224 2870 et
2256 2816 2486 2870 Nazarii.

2070 2948 2228 3020 Addit
2254 2948 2319 3009 ν.
2364 2958 2417 3003 et
2445 2949 2529 3015 C.,
2566 2956 2583 2994 ῐ
2620 2950 2854 3019 Tripodis
2883 2962 2930 3005 et
2978 2952 3251 3020 Magdalis.
3286 2952 3367 3014 L..
3399 2955 3568 3020 praui-

2036 3029 2122 3071 nat
2168 3018 2361 3072 Romae.
2416 3021 2500 3084 D.,
2538 3018 2719 3088 primo
2742 3027 2878 3086 loco,
2909 3032 2962 3076 et
3007 3018 3192 3076 eodem
3244 3039 3345 3090 qun
3377 3018 3566 3077 ciete-ia

2021 3090 2172 3142 Suada:
2202 3093 2527 3152 charactere,
2559 3090 2636 3142 sic
2657 3092 2879 3144 habebat
2908 3100 2968 3145 :6
2990 3093 3263 3144 Mediolanii
3284 3093 3486 3145 Nazarii
3516 3103 3570 3146 et

2003 3160 2140 3212 Celsi
2174 3162 2317 3225 pueri
2354 3160 2584 3212 inventio
2613 3178 2624 3211 :
2679 3163 2816 3228 quod
2850 3178 2950 3213 non
2997 3164 3249 3214 audemtu
3280 3163 3563 3215 admittere

2006 3244 2070 3282 ex
2103 3243 2206 3280 uno
2251 3230 2364 3281 solo
2408 3244 2508 3282 ms.
2558 3241 2801 3297 tanquam
2850 3231 3036 3283 Bredze.
3088 3232 3176 3295 A.,
3206 3232 3268 3283 Et
3299 3235 3571 3285 translatio

2016 3297 2073 3351 S.
2109 3297 2135 3333 δ
2170 3298 2476 3365 Leodegarii
2518 3302 2749 3366 episcopi
2795 3311 2846 3353 et
2888 3299 2947 3353 8.
2983 3300 3194 3353 iOdulll
3224 3301 3566 3356 confessoris.

2017 3368 2097 3432 8.,
2134 3369 2148 3416 1
2187 3368 2332 3433 alibi,
2367 3366 2566 3435 Zabini,
2601 3369 2820 3435 Aurelii,
2855 3370 3130 3424 Secundae.

1746 3505 1945 3559 SMlTll
1984 3503 2209 3559 NOTAE.

418 3614 442 3641 ι
470 3601 742 3671 Barnabte.
778 3599 899 3671 Erat
934 3598 1179 3671 liicrouu‘s
1230 3613 1291 3653 ex
1325 3599 1648 3671 septuaginta
1682 3599 1917 3667 discipo—
1949 3611 1993 3671 ρ
2027 3598 2445 3671 translationem
2478 3596 2700 3652 Galliam
2733 3614 2835 3671 una
2882 3613 3000 3651 cum
3033 3598 3089 3652 S.
3122 3597 3409 3671 Gorgoni",
3444 3601 3576 3656 facta

344 3676 438 3737 lis,
473 3683 531 3725 ut
560 3670 743 3723 scribit
792 3668 984 3723 Euseb.
1020 3670 1071 3720 in
1123 3669 1254 3721 llist.
1308 3684 1365 3729 tt,
1424 3670 1471 3723 1.
1523 3669 1683 3739 Cujus
1726 3685 1917 3736 corpus

352 3756 593 3810 tempore
633 3739 864 3793 Zenonis
896 3739 1245 3810 imperatqris,
1282 3739 1393 3810 ipso
1419 3742 1704 3803 revelante,
1737 3755 1917 3807 τερεν-

351 3806 480 3867 ιιιιιί
502 3822 601 3871 est,
638 3823 735 3861 una
767 3824 885 3861 cum
916 3808 1097 3862 codice
1126 3806 1398 3877 Evangelii
1448 3810 1502 3863 8.
1548 3811 1773 3863 Mattluci
1802 3806 1921 3874 ejus

344 3898 510 3936 manu
541 3880 823 3944 descripto.
858 3881 991 3937 Auo.
1026 3880 1221 3930 Hauon.

428 3953 451 3988 ιι
486 3948 769 4003 Susthenis.
805 3948 897 4001 llic
938 3949 1124 4000 colitur
1152 3948 1309 4001 etiam
1360 3947 1446 4001 die
1496 3963 1655 4002 xxvtu
1698 3948 1922 4001 Νωριη-

348 4020 486 4076 Απὶδ.

432 4103 454 4130 ο
486 4085 709 4156 Naboris
738 4097 785 4138 et
816 4084 1023 4156 Felicis.
1059 4085 1117 4140 lli
1144 4088 1281 4156 passi
1306 4096 1427 4141 sunt
1455 4086 1730 4142 Mediolani
1762 4097 1810 4141 et
1833 4101 1922 4140 co-

358 4164 534 4214 luntur
565 4155 695 4209 infra
726 4155 812 4209 die
846 4169 915 4208 xu
956 4155 1098 4208 Julii.

437 4227 465 4267 ἀ
507 4226 781 4293 Unuphrii.
815 4227 985 4279 Cia-ci
1018 4237 1069 4279 et
1122 4225 1379 4279 Barouius
1405 4242 1521 4281 eum
1554 4226 1639 4280 die
1686 4225 1923 4293 sequenti

361 4300 569 4354 colunt.
603 4295 772 4348 Graeci
806 4298 854 4347 in
890 4294 1180 4363 Menologio
1205 4298 1270 4349 de
1300 4296 1484 4350 eodem
1511 4304 1674 4358 agunt
1706 4296 1785 4348 his
1813 4311 1927 4348 ver-

364 4372 452 4425 ibis
483 4387 495 4422 :
534 4386 554 4420 ι
588 4367 768 4422 Sancti
804 4365 965 4432 pattis
1012 4366 1464 4430 ttostri‘Unnphrii
1509 4365 1745 4435 [Egyptii
1775 4381 1786 4416 :
1836 4365 1923 4432 qui

358 4456 486 4495 cum
514 4445 657 4491 esset
687 4438 736 4489 in
767 4436 1010 4488 ctenoliio
1036 4435 1087 4486 in
1118 4436 1247 4488 urbe
1271 4436 1572 4503 llermopoli
1621 4435 1922 4488 Thebarum

364 4521 421 4565 et
460 4508 666 4561 audiret
693 4506 761 4560 de
794 4506 919 4557 Elia:
951 4506 1149 4571 prophe
1176 4521 1220 4556 ω
1250 4506 1376 4571 vita,
1410 4519 1657 4572 egressus
1682 4505 1927 4557 cu-nobio

364 4578 621 4634 habitavit
649 4590 884 4630 eremutn
918 4589 1084 4627 annos
1114 4574 1403 4641 sexaginta,
1435 4574 1698 4627 hominem
1725 4574 1925 4626 nullum

371 4651 576 4703 videns.
613 4664 631 4697 ι
691 4646 971 4712 Postquam
1018 4645 1229 4708 obierit,
1261 4658 1381 4697 eum
1435 4658 1652 4713 magnus
1685 4644 1930 4712 l’aplinuo

368 4721 473 4771 tius
501 4716 758 4783 sepelivit.

450 4797 475 4824 ο
513 4782 774 4847 Basilidis,
809 4795 910 4837 etc.
949 4784 1047 4846 Qui
1094 4782 1192 4836 sub
1223 4784 1590 4850 persecutione
1623 4782 1929 4836 Diocletiani

371 4856 557 4910 Roma:
588 4857 726 4921 passi
759 4862 902 4907 sunt.
937 4854 999 4906 lli
1029 4868 1089 4905 ex
1126 4853 1254 4907 urbe
1288 4854 1399 4920 ipsa
1441 4852 1646 4905 oriundi
1680 4853 1744 4905 ad
1801 4850 1931 4905 civi-

376 4937 537 4980 tatem
565 4924 835 4978 Aureliam
865 4924 1225 4988 devenientes,
1256 4925 1430 4974 omnia
1474 4937 1567 4974 sua
1612 4921 1929 4989 pauperibus

2024 3684 2051 3737 a
2082 3668 2432 3737 Crndegando
2465 3670 2680 3723 Metensi
2708 3670 2955 3737 episcopo
2982 3685 3120 3723 anno
3147 3670 3271 3732 7,65,
3299 3672 3414 3724 vide
3443 3672 3569 3724 Not-

2023 3736 2228 3802 kerum,
2253 3739 2438 3791 Molani
2466 3739 2771 3794 Additiones
2798 3740 2862 3793 ad
2894 3738 3210 3804 Usuardum,
3235 3752 3287 3796 et
3314 3741 3578 3808 Sigebertt

2021 3810 2217 3861 Chron.
2250 3822 2333 3860 an.
2366 3808 2488 3861 761.

2101 3876 2118 3914 ί
2152 3875 2390 3948 Tripodis
2419 3886 2463 3930 et
2483 3876 2773 3948 Magdah‘s.
2810 3878 2870 3932 lli
2903 3890 3264 3933 memorantur
3314 3895 3432 3933 cum
3477 3880 3585 3933 isto

2025 3946 2251 4018 Basilide
2282 3949 2367 4015 qui
2395 3962 2446 4000 ιχ
2472 3946 2613 4001 Junii
2638 3950 2848 4013 colitur,
2882 3951 2971 4018 qui
3013 3960 3093 4005 est
3121 3951 3367 4004 diversus
3390 3952 3458 4004 ab
3480 3951 3585 4006 hoc

2028 4015 2256 4070 Basilide
2288 4024 2351 4068 de
2380 4033 2483 4083 quo
2510 4017 2617 4085 jatn
2648 4020 2840 4086 agitur.

2100 4086 2467 4158 E_Mediolani.
2518 4086 2797 4140 Festivitas
2837 4088 3076 4158 martyrii
3123 4089 3218 4144 SS.
3273 4087 3477 4143 Nazarii
3526 4098 3581 4143 et

2026 4153 2166 4209 Celsi
2213 4158 2385 4223 agitor
2435 4157 2566 4209 infra
2602 4161 2784 4225 quinto
2832 4156 2948 4211 Kal.
2981 4153 3240 4225 'Augusti.
3286 4160 3575 4212 Latui-ruut

2030 4239 2158 4279 vero
2203 4240 2384 4278 eorum
2431 4240 2652 4294 corpora
2681 4242 2844 4293 usque
2898 4229 2961 4280 ad
3015 4229 3227 4281 Honorii
3278 4240 3329 4283 et
3376 4230 3586 4282 Arcadii

2028 4296 2406 4361 imperatorum
2438 4304 2696 4364 tempora.
2730 4298 2873 4363 Quos
2917 4299 2973 4351 Β.
3020 4300 3331 4351 Ambrosius
3360 4297 3587 4350 Domino

2028 4368 2295 4419 revelautc
2325 4369 2541 4433 reperit,
2570 4375 2624 4419 et
2654 4375 2938 4433 utrumque
2986 4372 3255 4420 uanstulit
3295 4369 3359 4421 ad
3405 4369 3587 4421 basili-

2028 4449 2146 4488 cam
2198 4438 2569 4500 Apostolorom
2628 4452 2744 4503 qua:
2796 4448 2876 4489 est
2928 4439 2979 4491 in
3034 4436 3290 4491 liotnana.
3350 4437 3582 4501 Sumus,

2030 4514 2160 4558 tom.
2190 4505 2279 4569 ιιι,
2315 4520 2397 4557 xix
2431 4505 2591 4559 Junii.
2623 4509 2755 4558 Apo.

2102 4573 2129 4611 h
2162 4572 2481 4643 Leodcgnrii.
2510 4577 2562 4628 Si
2595 4574 2676 4628 hic
2717 4573 3033 4644 intelligatur
3073 4575 3429 4643 Leodegarius
3470 4575 3589 4639 epi-

2030 4657 2222 4712 scopos
2254 4644 2760 4711 Augustodunensis,
2788 4644 2904 4713 ejus
2934 4647 3122 4700 natalis
3150 4655 3296 4700 est-tt
3322 4646 3585 4699 Octobris.

2112 4713 2125 4749 ί
2185 4712 2381 4781 Odulﬁ.
2443 4716 2541 4779 Qui
2597 4712 2927 4782 temporibus
2990 4717 3237 4769 Ludovici
3318 4717 3585 4782 Augusti,

2031 4781 2311 4835 Oorsehoti
2356 4784 2406 4835 in
2455 4781 2737 4836 Brabautia
2779 4792 2933 4837 natus
2982 4797 3107 4840 e~t:
3156 4781 3426 4851 voluitque
3472 4792 3594 4850 pust

2074 4852 2417 4916 resbyterium
2450 4854 2750 4921 Trajectum
2777 4855 2944 4918 adire,
2972 4857 3063 4921 sed
3098 4864 3371 4921 parentum
3417 4854 3593 4919 preci-

2073 4938 2132 4974 us
2176 4925 2368 4987 victus,
2425 4918 2678 4977 Ecclesiae
2726 4918 3449 4991 populique'Oorschotensis
3488 4922 3589 4975 ali.

376 4979 694 5063 erogaront;
741 5004 793 5047 et
840 4991 1059 5063 Romam
1112 4979 1394 5063 redeuntes
1442 4993 1509 5063 ad_
1554 4979 1928 5063 Maximianom
1959 4979 2266 5063 unandiu
2317 4979 2493 5056 pastor
2524 4992 2635 5046 fuit.
2671 4979 2862 5047 Vtiro'm
2915 4979 3016 5046 non
3051 4997 3215 5047 mul.o
3259 5004 3377 5062 post
3405 5006 3587 5047 cretio-

380 5060 756 5130 imperatorem
787 5062 994 5115 adducti
1027 5072 1168 5114 sunt.
1193 5062 1289 5126 Qui
1321 5063 1443 5114 dum
1473 5060 1738 5114 Christum
1765 5061 1930 5113 conli-

383 5134 485 5188 teri
533 5147 636 5184 non
684 5132 971 5193 timerent,
1020 5133 1190 5199 primo
1238 5130 1604 5195 scorpionibus
1654 5130 1932 5183 durissime

381 5203 525 5267 cesi,
555 5202 748 5254 di-Itiuc
778 5202 826 5252 in
857 5215 1122 5253 carcerem
1155 5202 1281 5252 trusi
1326 5209 1378 5252 et
1411 5216 1501 5268 per
1540 5201 1652 5253 dies
1680 5201 1709 5251 7
1743 5199 1933 5252 ibidem

384 5272 668 5333 macerati;
723 5271 843 5322 inde
895 5270 1067 5323 edocti
1115 5269 1264 5338 jussu
1314 5270 1552 5338 ejusdem
1604 5269 1935 5337 imperatoris

381 5344 561 5415 gladio
601 5340 846 5415 decollati
892 5351 1046 5415 stant,
1079 5340 1299 5415 etleris
1329 5341 1392 5392 ad
1441 5339 1801 5393 devorandum
1844 5353 1931 5391 ex-

387 5410 563 5482 positi.
616 5410 855 5482 Sedrper
905 5411 994 5462 Dei
1032 5410 1272 5482 gratiant
1299 5424 1521 5482 corpora
1562 5424 1766 5473 eorum,
1812 5422 1931 5482 cum

385 5476 548 5538 illaesa
580 5476 973 5544 invenirentur,
1026 5476 1059 5531 εἰ
1084 5476 1409 5532 Christianis
1425 5482 1626 5544 sepulti
1661 5487 1783 5529 sunt
1814 5476 1931 5529 mil-
1968 5528 1971 5529 ,

385 5556 542 5610 liario
568 5554 724 5606 tertio
752 5553 819 5603 ab
850 5547 1009 5610 Urbe,
1058 5550 1107 5599 in
1142 5549 1255 5601 loc-0
1300 5549 1388 5616 qui
1434 5551 1624 5601 dicitur
1656 5546 1935 5602 Cataeum-

387 5624 489 5679 bze.
524 5625 689 5679 Pent.
725 5636 792 5675 ne
820 5620 1019 5672 ΝΑτΑι..
1049 5620 1298 5672 Βοτυιιίιιε
1326 5628 1501 5670 autem
1523 5634 1613 5671 ens
1637 5621 1735 5669 sub
1777 5618 1939 5669 Aure-

386 5692 461 5752 lio
506 5690 759 5764 pt'wfecto
802 5704 984 5762 passos
1031 5689 1208 5742 tradit.
1257 5688 1327 5742 De
1364 5689 1581 5742 Nabaris
1621 5698 1675 5743 et
1728 5685 1936 5740 Nazarii

2037 5062 2210 5132 tritica;
2241 5062 2360 5114 vitae
2405 5064 2798 5132 amantissimus
2827 5064 2890 5115 ad
2923 5063 3291 5131 'l‘rajectenses
3323 5063 3588 5132 migravit.

2036 5129 2134 5203 lilii
2165 5130 2234 5182 ab
2263 5133 2512 5203 episcopo
2542 5131 2849 5203 iFrederieo
2896 5129 3121 5203 benigne
3167 5129 3443 5200 susceptos
3484 5141 3592 5186 est.

2034 5202 2271 5267 Cumque
2314 5202 2369 5255 S.
2420 5201 2731 5255 Fredericus
2771 5202 2971 5255 feroces
3019 5201 3304 5268 Fresones,
3352 5218 3450 5257 nec
3494 5217 3591 5269 per

2038 5283 2115 5330 se,
2163 5284 2260 5323 nec
2306 5285 2397 5338 per
2446 5270 2848 5324 archidiaconus
2889 5288 3141 5327 revocare
3184 5282 3383 5341 posset,
3428 5273 3595 5325 advo-

2039 5344 2175 5392 cavit
2203 5341 2299 5392 Stbi
2330 5341 2651 5406 Udulphom,
2683 5342 2770 5407 qui
2806 5352 2997 5410 prteter
3025 5344 3164 5409 quod
3192 5354 3457 5409 speratum
3485 5352 3593 5405 est,

2042 5409 2235 5481 multos
2261 5412 2542 5481 convertit,
2573 5420 2625 5464 et
2658 5426 2749 5479 per
2798 5409 2995 5481 aliquot
3041 5428 3299 5465 annorum
3329 5413 3595 5466 curricula

2034 5478 2281 5530 erudivit.
2316 5480 2438 5549 lude
2466 5478 2764 5547 Trajectunt
2808 5478 3077 5543 reversus,
3112 5484 3297 5549 plenus
3324 5497 3590 5535 annorum

2038 5549 2243 5620 modica
2292 5548 2419 5620 febri
2451 5549 2793 5604 obdormivit.
2841 5551 3002 5620 Cujus
3050 5554 3287 5619 reliquiae
3335 5552 3596 5606 habentur

2037 5619 2174 5685 apud
2206 5622 2261 5668 8.
2294 5619 2623 5673 Salvatotem
2656 5619 3149 5687 Trajecti.Sontos,
3187 5631 3315 5672 tom.
3345 5621 3430 5677 Ill.

2114 5688 2126 5735 i
2167 5686 2316 5741 Alibi.
2349 5688 2646 5745 Secundum
2691 5686 3086 5759 llieronymum,
3122 5691 3319 5746 lterum.
