3990 6196
476 424 581 477 ενοιό

1577 423 1764 476 SISC'I‘.
1809 422 1867 475 ll‘.
1910 450 1977 459 —-
2018 420 2573 475 MARTYIKOLOGIA.

3601 421 3709 477 9i6

1757 528 1977 581 EDI'IIO
2017 529 2475 584 COLONIENSIS.

548 623 607 677 C.
641 623 756 676 Inus
798 623 955 675 JUMI.
988 649 1056 680 -τ-
1104 620 1283 685 Romae
1329 620 1502 674 natale
1544 629 1740 673 saneta:
1788 619 2036 673 Felicolai
2065 621 2288 688 Aquet'i
2330 620 2471 687 jnssa
2519 631 2631 684 est,
2686 620 2855 672 donec
2905 617 3173 671 emitteret
3218 618 3457 685 spiritum
3491 636 3503 670 :
3554 628 3609 673 et
3640 621 3718 677 sic

480 711 720 778 virginis,
770 724 922 773 quam
972 723 1089 761 cum
1136 708 1352 762 Flaccus
1402 724 1581 763 comes
1624 719 1739 777 post
1768 723 2044 763 excessum

480 797 791 855 Petronellte
814 796 971 850 vellet
994 797 1186 851 ducere
1210 814 1449 864 uxorein,
1475 811 1631 866 atque
1653 800 1716 851 ad
1739 802 2043 853 terreiidnm

478 907 593 948 eam
625 891 983 959 proposuisset
1008 888 1183 941 dicens
1218 905 1231 940 :
1264 888 1438 943 Unum
1472 890 1566 941 tibi
1593 906 1622 942 e
1651 890 1855 943 duobus
1885 891 2042 958 elige,

478 995 568 1037 aut
592 990 706 1034 esto
738 994 866 1032 uxor
887 994 1023 1039 mea,
1056 987 1143 1031 aut
1166 978 1269 1031 diis
1300 979 1536 1031 sacriﬁca
1567 995 1580 1042 ;
1635 993 1946 1044 responsum
1980 981 2045 1033 ab

475 1089 539 1128 ea
568 1070 753 1139 accipit
782 1088 794 1121 :
828 1068 934 1123 Nec
965 1083 1095 1121 uxor
1129 1076 1215 1121 tua
1245 1082 1338 1122 ero
1390 1069 1533 1136 (quia
1583 1067 1796 1120 Christo
1841 1076 2043 1120 sacrata

476 1164 642 1229 sum),
698 1176 794 1215 nec
839 1161 1124 1215 iinniolabo
1158 1159 1315 1215 idolis
1364 1160 1503 1227 (quia
1548 1159 1849 1213 Christiana
1878 1161 2043 1226 sum).

475 1252 625 1305 Tunc
668 1250 887 1304 Flaccus
918 1250 1130 1303 tradidit
1156 1264 1272 1303 eam
1305 1249 1518 1312 vicario,
1569 1249 1656 1315 qui
1687 1247 1811 1303 fecit
1843 1263 1960 1303 eam
1994 1250 2045 1304 iii

477 1342 760 1397 tenebroso
781 1342 950 1395 claudi
983 1340 1240 1405 cubiculo,
1277 1340 1394 1393 sine
1416 1339 1535 1393 cibo
1565 1354 1658 1408 per
1677 1348 1878 1403 septem
1909 1338 2043 1391 dies.

478 1434 602 1487 I’ost
633 1433 745 1487 haec
785 1433 1045 1485 duxerunt
1090 1445 1207 1484 eam
1252 1430 1315 1483 ad
1349 1430 1575 1498 virgines
1624 1428 1796 1481 Vestae
1823 1469 1836 1489 ,
1871 1429 2047 1496 ibique

478 1541 572 1593 per
607 1526 803 1580 alteros
831 1534 1031 1592 septem
1068 1524 1180 1576 dies
1204 1521 1317 1576 sine
1338 1521 1455 1575 cibo
1476 1520 1797 1590 permansit;
1822 1535 1885 1573 eo
1906 1519 2045 1588 quod

477 1616 622 1669 nulla
652 1615 854 1668 ratione
884 1614 1058 1667 cibum
1092 1623 1358 1679 pateretur
1406 1610 1471 1664 de
1497 1625 1678 1663 eorum
1712 1624 1867 1661 manu
1910 1608 2047 1661 acci-

479 1719 624 1771 pere.
656 1702 857 1759 Dehinc
885 1703 1049 1757 levata
1081 1711 1159 1757 est
1189 1702 1241 1755 in
1273 1701 1553 1770 equuleum
1575 1743 1590 1768 ,
1640 1709 1691 1754 et
1718 1699 1894 1753 tandiu
1941 1706 2051 1751 tor-

2153 710 2474 779 prtecipitala
2505 719 2585 762 est
2615 709 2664 760 in
2690 707 2949 769 cloacam,
2975 722 3135 786 quam
3159 716 3371 761 sanctus
3404 706 3721 765 Nicomedes

2153 798 2429 867 presbyter
2453 799 2589 860 tulit,
2619 807 2671 851 et
2703 797 2943 865 sepelivit
2966 799 3195 863 septimo
3224 797 3469 853 milliario
3498 799 3564 853 ab
3588 803 3719 855 urbe

2155 890 2341 945 Roma.
2368 889 2421 941 In
2456 888 2652 951 Africa,
2687 890 2897 943 Luciani
2926 900 2979 944 et
3006 890 3299 945 Fortunati.

2222 978 2284 1030 D.
2316 978 2473 1035 XVIII
2520 978 2757 1033 KALEND.
2786 978 2947 1033 JULII.
2982 1010 3047 1018 —
3076 981 3286 1035 Ilelisaai
3318 982 3609 1051 prophetat,
3634 986 3721 1052 qui

2150 1069 2285 1132 apud
2310 1069 2598 1122 Samariam
2630 1071 2887 1123 Palaestini
2917 1074 3049 1125 situs
3079 1084 3181 1140 εει,
3212 1075 3296 1127 tibi
3326 1084 3376 1127 et
3407 1074 3604 1128 Abdias
3633 1091 3718 1129 re-

2151 1154 2392 1221 quiescit,
2428 1167 2476 1208 et
2496 1172 2598 1221 quo
2626 1156 2794 1223 major
2818 1159 2953 1211 inter
2978 1172 3126 1215 natos
3153 1164 3432 1217 mulierum
3469 1179 3571 1217 non
3598 1165 3715 1226 fuit,

2152 1242 2377 1297 Joannes
2409 1243 2662 1310 Baptista,
2693 1247 2781 1296 ubi
2812 1248 2971 1303 multa
3005 1251 3254 1304 miracula
3286 1253 3435 1305 (iant.
3471 1252 3719 1308 Suessio-

2156 1334 2237 1388 nis
2269 1335 2480 1387 civitate
2513 1337 2685 1401 passio
2732 1343 3032 1387 sanctorum
3078 1353 3392 1410 martyrum,
3445 1342 3638 1395 Valerii
3675 1355 3725 1396 et

2156 1424 2348 1478 IIulini.
2401 1422 2549 1490 Apud
2596 1422 2889 1475 Cresaream
2940 1426 3285 1492 Cappadocia:
3330 1433 3496 1483 sancti
3544 1432 3725 1486 Basilii

2152 1515 2405 1583 episcopi,
2466 1514 2640 1567 fratris
2693 1512 2929 1583 Gregorii
2976 1524 3031 1567 et
3076 1514 3237 1570 Petri.
3290 1517 3504 1571 Viennae
3552 1524 3721 1575 sancti

2156 1603 2350 1657 Etherii
2377 1602 2630 1669 episcopi.

2230 1695 2289 1747 Ε.
2326 1693 2461 1747 XVII
2487 1693 2723 1747 Kaaexo.
2758 1692 2913 1748 JULII.
2946 1723 3016 1737 --
3056 1695 3203 1764 Apud
3232 1696 3460 1750 Siciliam
3509 1707 3720 1752 sancto-

1725 1808 1948 1865 EDITIO
1987 1802 2494 1865 BOLLANDIANA.

551 1926 639 1982 i3.
668 1954 738 1966 —
786 1924 971 1979 IDIBUS.
1005 1923 1057 1978 In
1086 1922 1262 1977 Africa
1293 1922 1466 1976 natale
1494 1923 1591 1978 SS.
1626 1923 1866 1987 Luciani,
1912 1921 2045 1975 For-
2078 1925 2123 1984 Β
2152 1917 2484 1987 subjungens
2521 1915 2773 1983 elogium)
2806 1924 3045 1981 tempore
3100 1914 3404 1969 Diocletiani
3437 1924 3491 1970 et
3543 1916 3708 1971 Maxi-

482 2020 649 2073 tunati
676 2028 728 2073 et
756 2018 1134 2081 Cresceniiani,
1164 2017 1345 2071 Roma:
1370 2016 1429 2071 S.
1467 2026 1492 2055 η
1519 2018 1784 2072 Felieiilae.

555 2108 614 2161 V.
647 2109 705 2162 Β.
736 2108 796 2161 C.
844 2107 1023 2172 primis
1050 2107 1250 2160 addunt
1299 2108 1482 2161 ultimo
1523 2123 1711 2161 nomen
1755 2107 1940 2161 Teclw.
1978 2107 2042 2161 D.

478 2194 664 2232 omnes
694 2178 873 2231 omisit
901 2193 1186 2245 eorumque
1219 2180 1332 2230 loco
1363 2193 1428 2231 ex
1482 2179 1721 2245 sequenti
1767 2177 1853 2231 die
1885 2177 2044 2230 habet

486 2248 763 2301 Helisteuni
813 2247 1126 2316 praplietaiii.
1174 2245 1261 2309 T.,
1314 2247 1564 2300 Gaiidavo
1592 2258 1767 2302 castro
1814 2247 2037 2301 elevatio

478 2318 713 2388 corporis
741 2318 795 2371 S.
829 2315 854 2352 δ
886 2316 1175 2369 Landnaldi
1203 2317 1539 2371 confessoris.

551 2450 637 2504 H.
666 2477 737 2490 -
765 2447 925 2502 XVIII
974 2448 1108 2503 KAL.
1136 2448 1296 2503 JULII.
1348 2460 1368 2488 ο
1403 2448 1620 2503 IIelizaii
1651 2450 1919 2518 propheta
1940 2450 2046 2503 Au-

480 2542 692 2597 reliaiiis
718 2543 930 2595 civitate
962 2540 1235 2595 translatio
1276 2540 1520 2609 corporis
1552 2540 1610 2595 S.
1645 2541 1671 2581 ἀ
1696 2540 1888 2595 Aniani
1933 2538 2045 2609 epi-

483 2634 626 2702 sc0pi
657 2642 710 2687 et
738 2633 1079 2686 confessoris.

555 2726 605 2778 In
643 2726 702 2778 Ι).
734 2725 980 2777 scribitur
1009 2725 1194 2777 natalis
1225 2740 1243 2788 ,°
1278 2724 1330 2777 in
1367 2724 1427 2777 V.
1465 2724 1522 2777 Β.
1577 2722 1636 2777 C.
1689 2723 2040 2793 interponitur

481 2794 547 2847 Et
575 2793 837 2874 Γειίευιιε,
864 2808 1055 2846 nomen
1081 2810 1141 2847 ex
1172 2794 1257 2847 die
1290 2794 1606 2861 praecedenti
1637 2808 1912 2863 perperam
1958 2808 2044 2848 re-

485 2874 722 2931 petitum.

551 2976 741 3033 Florus
770 2977 819 3032 in
853 2979 918 3034 Α.
945 2976 1008 3033 Τ.
1041 2976 1124 3044 L.,
1160 2978 1212 3033 ln
1250 2993 1381 3047 pago
1407 2977 1712 3034 Suessionis
1742 2976 1915 3047 passio
1942 2974 2041 3033 SS.

477 3069 671 3125 Valerii
695 3080 747 3125 et
777 3074 799 3100 θ
834 3071 945 3123 Ruﬁ
976 3069 1085 3141 [ιη
1114 3070 1308 3141 Ruﬁni]
1342 3081 1629 3140 martyrum
1658 3086 1673 3124 :
1700 3070 1788 3138 qui
1816 3070 1897 3139 (ut
1921 3082 2037 3137 pro-

2157 2010 2315 2064 miaiii
2351 2009 2514 2061 Itonia
2547 2007 2744 2076 egressi
2774 2016 2829 2060 et
2854 2006 3051 2061 Gallias
3081 2008 3308 2075 aggressi
3339 2024 3367 2060 a
3409 2008 3711 2065 Rictiovaro

2156 2099 2404 2169 pra‘l‘ecto
2433 2098 2826 2165 comprehensi,
2853 2096 3055 2150 catenis
3080 2112 3142 2150 ac
3171 2098 3372 2151 carceri
3404 2099 3711 2167 mancipati,

2151 2192 2390 2261 eqniileis
2430 2190 2694 2256 suspensi,
2728 2189 3012 2258 plumbatis
3055 2190 3201 2254 cassi,
3258 2200 3401 2244 tanta
3439 2189 3711 2259 pinnarum

2150 2291 2272 2337 Sunt
2321 2282 2610 2336 acerbitate
2659 2278 2862 2346 afﬂicti,
2909 2288 2966 2334 ut
2998 2288 3160 2334 totam
3208 2281 3447 2349 corporis
3476 2284 3708 2351 speciem

2152 2387 2312 2428 unum
2343 2372 2531 2426 vulnus
2580 2371 2890 2436 obducerel,
2935 2381 2988 2425 et
3015 2386 3179 2426 carne
3207 2372 3476 2428 deﬂuente
3503 2384 3708 2429 secreta

2149 2461 2410 2517 viscerum
2462 2462 2841 2530 ponderentur.
2890 2462 3083 2531 Sicque
3125 2463 3313 2517 iterum
3360 2465 3413 2518 in
3443 2477 3712 2521 carcerem

2145 2553 2293 2609 missi
2321 2563 2373 2609 et
2402 2553 2595 2608 ibidem
2626 2554 2691 2607 ab
2718 2553 2909 2623 angelo
2946 2554 3150 2610 Domini
3178 2554 3483 2624 confortati,
3529 2556 3597 2611 ad
3626 2556 3708 2610 ul-

2144 2650 2325 2705 timum
2353 2649 2526 2719 gladio
2561 2649 2889 2719 jugulantur.

2219 2762 2271 2816 In
2301 2763 2364 2816 T.
2398 2762 2609 2815 additur
2639 2771 2685 2814 et
2721 2766 2739 2804 ί
2772 2762 3006 2815 liberalia
3031 2763 3194 2829 ipsius
3224 2763 3437 2817 civitatis
3461 2781 3493 2817 a
3542 2764 3706 2820 Wan-

2149 2834 2299 2886 dalis.
2332 2834 2396 2887 A.
2426 2833 2488 2885 Τ.
2525 2832 2605 2891 Β..
2640 2832 2692 2884 In
2728 2833 2963 2899 Aquileia
2994 2833 3165 2884 natale
3196 2833 3254 2888 S.
3290 2843 3314 2878 κ
3346 2834 3509 2891 Proti.
3539 2834 3622 2895 Β..
3653 2836 3707 2888 Ι·ι

2149 2904 2314 2957 Gallia
2344 2902 2644 2956 Suessionis
2674 2901 2886 2955 civitate
2920 2902 3096 2970 passio
3121 2901 3217 2956 SS.
3257 2903 3431 2958 [inlini
3460 2914 3513 2959 et
3544 2904 3710 2959 Vale-

2149 2973 2211 3029 rii
2244 2982 2551 3041 martyrum.

2220 3066 2303 3122 i5.
2330 3099 2401 3111 --
2428 3064 2567 3120 XVII
2598 3064 2734 3118 ΚΑῑ..
2776 3064 2957 3119 Natale
2985 3063 3040 3118 S.
3065 3062 3091 3100 ιι
3135 3064 3237 3118 Viti
3267 3067 3536 3136 martyris.

478 3163 713 3234 sequitur
744 3162 804 3216 L.
856 3164 1049 3225 solum,
1101 3161 1260 3217 Floro
1308 3161 1655 3218 nihilominus
1682 3159 2049 3231 imputandum
2076 3163 2125 3225 ο
2228 3158 2384 3212 Addit
2414 3156 2475 3210 V.
2503 3165 2554 3211 et
2590 3156 2649 3211 C.
2682 3156 2904 3211 Modesti
2933 3164 2985 3210 et
3014 3155 3355 3211 Crescentiai.

1830 3266 2036 3326 SMITH
2074 3266 2293 3323 NOTAE.

551 3372 576 3401 ι
606 3361 869 3417 Feliculw.
902 3362 1029 3428 Quae
1056 3360 1153 3414 l‘nit
1200 3361 1535 3415 collactaiiea
1568 3360 1882 3415 Petronellae
1928 3362 2037 3415 vir—

474 3433 611 3502 ginis
636 3448 669 3486 it
698 3432 815 3486 Kal.
839 3432 976 3485 Junii
1000 3433 1281 3502 celebratae
1302 3446 1370 3502 ,a
1401 3431 1590 3485 Flacco
1615 3441 1795 3484 autem
1818 3430 2033 3502 comite,

475 3500 566 3570 qui
595 3512 719 3572 post.
738 3503 939 3555 obitum
969 3503 1027 3556 S.
1076 3501 1421 3572 Petronellze,
1443 3514 1599 3572 quam
1648 3502 1793 3567 prius
1819 3500 2037 3572 adama-

479 3568 608 3638 Iiat,'
642 3572 829 3625 tradita
869 3582 969 3635 est,
1020 3571 1243 3640 quiaei
1285 3571 1452 3623 noluit
1500 3571 1721 3640 nubere,
1756 3584 1854 3640 nec
1883 3568 2036 3622 idolis

479 3641 775 3704 immolare,
826 3638 1051 3694 cuidam
1080 3639 1267 3706 judici,
1301 3642 1386 3707 qui
1438 3654 1554 3694 eam
1607 3638 1657 3691 iti
1713 3639 2048 3692 confessione

477 3710 673 3764 Christi
704 3719 1157 3778 perseverantem,
1185 3718 1303 3778 post
1333 3709 1719 3762 tenebricosam
1748 3707 2044 3762 custodiam

479 3790 534 3832 et
563 3777 714 3833 famis
745 3780 993 3843 inediam,
1030 3779 1209 3833 tandiu
1251 3777 1373 3831 fecit
1415 3779 1467 3832 in
1520 3780 1742 3846 equuleo
1787 3778 2042 3845 torqueri,

478 3851 646 3903 donec
675 3851 944 3903 emitteret
989 3849 1351 3916 spiritum;et
1385 3851 1462 3901 sic
1505 3848 1716 3899 demum
1760 3849 1951 3916 deponi
1994 3855 2048 3900 et

478 3920 531 3971 in
560 3921 791 3973 cloacam
821 3918 1135 3983 praecipitari
1168 3935 1179 3969 :
1212 3932 1369 3986 quam
1414 3918 1471 3971 S.
1513 3916 1826 3971 Nicomedes
1857 3916 2047 3984 sepeli-

476 3990 549 4041 vit
581 3987 672 4041 Via
722 3988 1015 4041 Ardeatina
1059 3988 1288 4056 septimo
1314 3986 1561 4041 milliario
1586 3987 1672 4056 ab,
1694 3988 1824 4056 urbe
1853 3987 2041 4040 ltoma.

487 4058 616 4111 Vide
645 4060 782 4126 apud
814 4060 943 4111 Acta
968 4054 1273 4110 sanctorum
1305 4071 1389 4111 res
1418 4066 1593 4126 gestas
1616 4054 1715 4110 SS.
1747 4055 2037 4126 Martyrum

477 4127 630 4181 Nerei
667 4136 722 4182 et
750 4126 993 4192 Achillei,
1021 4142 1092 4180 xu
1123 4127 1264 4182 Maii.

553 4214 580 4297 ξ
618 4215 935 4297 bandunldi.
979 4216 1143 4287 Cujus
1192 4218 1383 4273 natalis
1411 4232 1567 4288 supra
1617 4217 1915 4273 celebratur
1956 4231 2045 4271 xiv

475 4285 594 4341 Kal.
624 4286 842 4353 Aprilis.
1059 4285 1070 4287 ⁷
1478 4285 1491 4288 ⁷

549 4367 572 4393 ο
602 4356 837 4411 lleli‘zwi.
873 4356 971 4422 Qui
1024 4357 1355 4424 prOphetavit
1402 4365 1457 4410 et
1501 4356 1692 4409 claruit
1718 4357 1818 4411 sub
1860 4357 2040 4412 Joram

478 4434 535 4478 et
562 4426 697 4479 Jehu
727 4438 779 4480 et
808 4426 1040 4504 Joat-ha}
1065 4427 1458 4504 regibuslsrael
1488 4428 1536 4479 in
1566 4427 1825 4504 Samaria.
1856 4427 2043 4504 Sepul-

430 4534 435 4539 .
477 4505 560 4575 tus
581 4507 664 4584 lest
700 4498 956 4584 autem‘in
986 4494 1222 4584 Salmarlia
1254 4496 1570 4584 Palzestinze,
1598 4511 1753 4584 quam
1781 4499 2039 4577 Seliasten
2077 4524 2125 4584 υ

475 4566 527 4617 in
578 4563 833 4618 honorem
866 4566 1085 4634 Augusti
1135 4566 1368 4619 Herodes
1400 4568 1732 4633 postmodum
1780 4567 1987 4621 vocavit
2025 4585 2038 4620 :

482 4635 568 4687 tibi
600 4644 651 4688 et
676 4635 872 4687 Aliilias
901 4637 1150 4702 pl‘OpIIela
1182 4643 1237 4687 et
1262 4635 1496 4689 Joannes
1535 4636 1768 4703 Baptista
1801 4637 2039 4705 requies-

473 4714 623 4774 eunt.
659 4708 751 4774 _Ad
794 4721 1015 4772 quorum
1044 4705 1280 4774 sepulcra
1295 4707 1447 4774 _varia
1492 4706 1744 4759 miracula
1780 4707 1907 4759 Iiunt
1933 4747 1951 4774 ,
1987 4716 2041 4761 ut

473 4773 604 4828 dicit
628 4772 983 4841 HierOnymus
1015 4774 1150 4827 libro
1179 4774 1245 4828 de
1269 4772 1385 4827 Vita
1415 4774 1611 4830 Paulae.

472 4932 517 4987 Ν
545 4862 574 4901 (ι
599 4865 805 4987 Αιιὶαηὶ.
836 4865 997 4933 Cujus
1040 4864 1228 4920 natalis
1272 4865 1407 4919 infra
1453 4866 1751 4921 celebratur
1793 4866 1877 4922 die
1929 4882 2043 4923 xvn

521 4948 676 4987 ovem
721 4949 810 4987 I'IS.

521 4948 810 4988 OVCDIDI'IS.

547 5031 571 5060 ο
603 5022 949 5095 Ruﬁ._Aliter
1000 5022 1198 5077 Rulini.
1231 5023 1428 5078 IIorum
1459 5038 1681 5095 corpora
1713 5026 1839 5081 dum
1884 5026 2040 5082 Chri-

473 5094 631 5146 stiani
660 5094 725 5147 ad
754 5093 1113 5147 Rhemensem
1154 5094 1423 5148 civitatem
1461 5093 1669 5151 deferre
1699 5098 1930 5161 vellent,
1973 5099 2041 5152 de

476 5164 593 5215 loco
644 5163 696 5215 iti
747 5179 851 5231 quo
897 5165 1155 5217 decollata
1206 5162 1417 5217 fuerant
1467 5167 1766 5221 nullatenus
1821 5182 2040 5224 movere

474 5242 782 5301 potuerunt.
820 5233 999 5301 Ibique
1028 5247 1087 5286 ea
1116 5234 1463 5299 sepelierunt.

555 5299 572 5337 ί
624 5299 925 5355 ιὶὸεταιήοί
961 5303 1092 5355 Cum
1146 5311 1324 5356 autem
1373 5304 1533 5357 Attila
1586 5304 1892 5359 Chunorimi
1941 5321 2038 5360 rex

473 5370 909 5441 Aureliaiiensein
969 5373 1238 5425 civitatein
1293 5371 1571 5426 obsidione
1632 5384 1919 5441 premeret,
1972 5376 2031 5432 S.

472 5439 711 5494 Attianits
736 5441 971 5508 ejusdem
1002 5441 1100 5494 loci
1125 5441 1408 5509 episcopus
1441 5439 1686 5509 precibus
1730 5444 1842 5497 suis
1868 5439 2030 5498 a'l)eo

471 5508 723 5579 auxilium
750 5510 1081 5579 impetravit;
1111 5512 1295 5566 Aetius
1318 5508 1481 5569 enim,
1512 5520 1565 5564 et
1588 5511 1903 5567 Theodorus
1927 5512 2033 5569 Go-

475 5578 687 5633 thorum
721 5578 833 5644 rex,
863 5595 925 5634 ac
954 5580 1377 5634 Thorismundus
1410 5580 1546 5634 [ilius
1592 5582 1709 5649 ejus
1749 5583 1815 5636 ad
1846 5584 2029 5639 civita-

473 5658 576 5721 tein
626 5663 906 5721 accurrere
956 5660 1009 5705 et
1054 5651 1261 5721 hostem
1295 5651 1557 5719 repulere.
1619 5651 1773 5721 Greg.
1824 5654 2025 5709 'Iuron.

472 5717 604 5772 Ilist.
639 5734 696 5782 ii,
726 5718 775 5772 7.
812 5720 1149 5789 Freodegarii
1178 5717 1492 5787 Fragmenta
1521 5723 1586 5773 de
1615 5717 1749 5775 Hist:
1792 5722 2026 5776 Franco-

472 5801 608 5852 rum,
639 5803 757 5859 cap.
789 5791 839 5847 5.
868 5790 1127 5847 Scribitur
1156 5792 1208 5845 in
1238 5790 1468 5845 Historia
1494 5794 1906 5859 patriarcharum
1935 5794 2023 5848 Bi-

2152 3360 2518 3431 turicensium,
2548 3375 2666 3429 cap.
2698 3361 2783 3427 i5,
2808 3362 2943 3431 apud
2978 3362 3112 3416 Phil.
3148 3362 3361 3416 Lalihzei
3394 3363 3529 3417 Bibl.
3573 3363 3707 3419 Nov.

2145 3430 2205 3483 S.
2237 3433 2499 3483 Aniannm
2548 3430 2853 3485 liberavisse
2883 3432 3149 3485 civitatem
3183 3442 3337 3486 sexto
3366 3448 3504 3485 anno
3536 3433 3708 3487 Palla-

2145 3499 2215 3552 dii
2262 3500 2450 3570 decimi
2495 3500 2640 3570 tertii
2693 3502 2986 3569 Biturigum
3040 3501 3423 3570 archiepiscOpi
3451 3541 3467 3566 ,
3510 3502 3561 3555 id
3620 3513 3705 3555 est

2144 3582 2282 3620 anno
2310 3567 2507 3622 Christi
2536 3570 2604 3624 45
2618 3569 2660 3621 ί.

2218 3642 2242 3679 8
2269 3635 2432 3708 Proti.
2458 3638 2553 3692 IIie
2603 3653 2721 3691 cum
2745 3638 2930 3693 Cantio
2965 3647 3019 3695 et
3049 3638 3304 3692 Cantiano
3334 3653 3490 3708 supra
3513 3640 3707 3694 colitur

2146 3721 2247 3760 xxx
2273 3707 2410 3759 Maii.
2458 3708 2562 3761 llos
2601 3717 2774 3760 tamen
2799 3718 2999 3762 'onines
3028 3708 3300 3763 Ferrarius
3323 3709 3377 3762 in
3405 3707 3514 3763 suo
3553 3711 3706 3763 Catao

2148 3776 2268 3842 Iogo
2327 3780 2524 3830 euerali
2559 3778 2715 3831 hodie
2744 3788 3023 3831 memorat.

2216 3845 2243 3884 δ
2285 3792 2406 3899 ῧὶιὶ.
2442 3847 2660 3899 Modesti
2686 3858 2733 3899 et
2763 3846 3023 3899 Crescentii

2216 3845 2243 3884 δ
2285 3845 2406 3909 Viti,
2442 3847 2660 3900 Modesti
2686 3858 2733 3899 et
2763 3846 3078 3901 Crescentiaa.
3110 3847 3210 3914 Qui
3241 3846 3426 3902 beatus
3458 3848 3607 3903 Vitus
3651 3853 3705 3903 in

2149 3916 2444 3983 puerilitate
2512 3918 2791 3970 virtntilins
2841 3928 3117 3984 maturus,
3173 3920 3398 3986 primum
3470 3935 3499 3972 a
3553 3929 3700 3987 patre

2147 4001 2243 4056 suo
2266 3988 2522 4056 sacrilego
2546 3987 2696 4056 Hyla,
2718 3998 2774 4039 iit
2803 4003 2831 4039 a
2862 3988 2961 4042 (ide
2983 3987 3285 4055 decederet,
3319 3998 3547 4043 tentatus
3573 4000 3651 4042 est
3681 4006 3692 4042 :

2151 4054 2345 4107 deinde
2373 4070 2401 4107 a
2433 4054 2711 4109 Valeriano
2752 4057 2926 4124 judice
2953 4059 3213 4111 cathnmis
3238 4054 3431 4122 caesus,
3479 4060 3531 4111 in
3575 4072 3703 4111 con-

2151 4124 2384 4177 fessione
2432 4125 2630 4195 Christi
2688 4130 2993 4191 permansit.
3049 4128 3177 4181 Inde
3225 4128 3461 4181 redditus
3526 4129 3701 4195 patri,

2155 4208 2276 4247 cum
2307 4196 2474 4260 ptenis
2506 4194 2738 4261 al‘lligere
2768 4211 2886 4249 eum
2921 4204 3068 4264 pater
3097 4197 3462 4260 meditaretur,
3496 4194 3701 4249 monitu

2151 4264 2323 4331 angeli
2368 4264 2548 4316 navim
2590 4265 2953 4319 conscendens
2996 4267 3373 4319 comitantibus
3420 4282 3539 4319 eum
3589 4266 3701 4321 Mo-

2150 4333 2303 4386 desto
2346 4343 2399 4386 et
2445 4333 2763 4388 Crescentis:
2800 4335 3162 4398 nutritoribus,
3221 4335 3283 4386 ad
3323 4336 3492 4388 locum
3542 4351 3699 4403 quem

2150 4402 2491 4472 Allectorium
2541 4413 2728 4456 vocant
2778 4404 2995 4459 devenit
3039 4422 3051 4458 :
3099 4405 3223 4459 inde
3273 4416 3490 4472 promer
3538 4402 3701 4459 tiliam

2151 4471 2459 4527 Diocletiani
2486 4473 2746 4527 daemonio
2773 4488 3013 4529 vexatam
3043 4471 3293 4545 quaisitns
3332 4485 3387 4529 et
3418 4473 3697 4539 adductus,

2148 4557 2264 4598 eam
2311 4545 2550 4599 oratione
2594 4548 2816 4600 sanavit.
2849 4546 2953 4599 Sed
3003 4559 3120 4598 enin
3164 4548 3449 4612 imperator
3490 4560 3692 4613 nequa-

2147 4629 2301 4680 quam
2331 4628 2452 4668 eum
2496 4615 2561 4667 ad
2592 4630 2907 4673 consensum
2939 4615 3196 4668 idolorum
3244 4614 3564 4681 persuadere
3606 4630 3694 4683 po-

2148 4685 2355 4749 tuisset,
2387 4684 2613 4737 vinculis
2649 4684 2830 4737 terreis
2860 4686 3129 4739 astrictum
3169 4685 3220 4737 in
3250 4699 3519 4738 carcerem
3567 4700 3695 4737 cnn-

2141 4751 2231 4820 jici
2269 4753 2426 4818 jussit
2467 4768 2587 4806 cum
2644 4753 2882 4808 Modesto
2934 4764 3092 4823 atque
3143 4754 3444 4808 Crescenlia
3498 4770 3509 4806 :
3561 4769 3697 4822 quos

2147 4833 2330 4889 postea
2354 4823 2706 4877 Diocletianus
2727 4824 2777 4876 in
2802 4825 2962 4878 ollam
2994 4825 3169 4879 resina
3191 4834 3243 4879 et
3266 4824 3379 4891 pice
3403 4832 3455 4877 et
3479 4823 3697 4891 plumbo

2144 4904 2450 4963 succensam
2478 4892 2668 4959 jactari
2694 4896 2976 4961 praicepit:
3009 4896 3317 4963 egressique
3340 4894 3426 4963 Vde
3492 4892 3597 4946 olla
3618 4893 3693 4963 il-

2145 4960 2277 5024 laesi,
2305 4961 2554 5013 dimissus
2590 4964 2668 5015 eis
2712 4964 2792 5016 leo
2834 4960 3213 5027 ferocissimus,
3235 4960 3243 4962 ⁷
3263 4962 3351 5031 qni
3380 4977 3502 5015 mox
3532 4962 3694 5030 pedes

2143 5043 2327 5082 eorum
2381 5031 2576 5097 lingere
2601 5034 2781 5099 εωρίι.
2813 5033 3107 5087 Novissime
3135 5048 3260 5087 vero
3289 5042 3475 5086 orante
3521 5048 3689 5099 puero

2145 5107 2201 5170 ut
2227 5100 2691 5170 liberarentur,ab
2729 5103 2913 5170 angelo
2944 5103 3160 5169 repositi
3205 5113 3326 5156 sunt
3359 5102 3503 5156 illico
3544 5102 3693 5170 juxta

2142 5169 2356 5221 ﬂuvium
2387 5168 2476 5236 qui
2519 5168 2711 5223 dicitur
2749 5168 2948 5225 Silarus
2977 5168 3028 5225 in
3079 5172 3350 5237 Lucania;
3385 5174 3473 5226 ttlii
3513 5168 3694 5240 quies-

2141 5250 2321 5291 centes
2349 5241 2448 5291 sub
2493 5244 2702 5300 artiore,
2747 5242 2949 5294 animas
2995 5258 3120 5296 suas
3162 5243 3269 5296 Deo
3314 5243 3683 5296 reddiderunt.

2141 5307 2403 5360 Florentia
2434 5323 2559 5380 vero
2588 5310 2778 5363 l'einina
2826 5312 3179 5365 illu~trissima
3210 5327 3429 5380 corpora
3476 5319 3692 5365 sancto-

2139 5391 2251 5430 rum
2283 5379 2513 5442 collegit,
2544 5388 2595 5430 et
2621 5380 2826 5449 inloco
2847 5382 2933 5449 qui
2960 5382 3152 5437 dicitur
3170 5379 3451 5443 Marianos,
3476 5381 3690 5434 condita

2139 5448 2460 5517 aratnatihus
2490 5448 2751 5512 sepelivit.
2781 5448 2915 5513 Atio,
2954 5452 3171 5516 Sumus,
3206 5462 3331 5504 tom.
3368 5449 3454 5502 Ill.
3484 5451 3693 5517 Corpus

2136 5516 2192 5588 _S.
2231 5517 2327 5568 Viti
2357 5517 2664 5572 translatum
2695 5533 2813 5573 esse
2857 5520 3018 5576 Roma
3054 5522 3279 5575 Parisios
3314 5518 3498 5574 scribit
3541 5516 3690 5588 Sige-

2137 5586 2275 5641 bert.
2308 5591 2361 5639 in
2388 5589 2583 5640 Chron.
2614 5604 2754 5642 anno
2781 5589 2901 5645 755.
2937 5591 3061 5643 Inde
3090 5605 3233 5650 vero,
3267 5600 3321 5642 ut
3350 5590 3489 5643 idem
3519 5586 3619 5651 ait,
3639 5593 3691 5644 in

2135 5656 2418 5711 Saxoniam
2447 5657 2676 5712 delatum
2707 5670 2787 5713 est
2814 5674 2954 5714 anno
2984 5660 3109 5713 856.
3144 5658 3199 5712 In
3226 5658 3405 5713 Sicilia
3454 5661 3688 5714 maxime

2134 5726 2505 5800 celebrantur,
2539 5738 2593 5779 nt
2638 5740 2844 5784 constat
2889 5744 2954 5786 ex
3003 5728 3391 5800 Martyrologiis
3442 5730 3697 5795 Ustiardi,

2137 5796 2355 5859 Adonis,
2393 5797 2559 5851 Baeda:
2588 5813 2802 5868 suppos.
2836 5808 2889 5855 et
2918 5802 3080 5855 nostri
3110 5798 3273 5854 It‘lori.
