3990 6196
356 405 459 460 921

1110 398 1308 453 flED.E
1353 396 1799 452 \‘ENEIMBILIS
1839 396 1989 451 OI’P.
2032 397 2205 453 PARS
2249 398 2332 453 IV.
2376 430 2444 439 —
2486 399 2866 456 lifSTOfilC.\.

3520 396 3619 457 958

280 586 293 595 κ
1664 511 1891 566 Ευιτιο

2037 514 2395 570 ΑΟΝΗΞΝὸἰὸο

295 597 317 686 l
351 626 468 665 rum
501 616 792 679 martyrum
821 605 948 670 \‘iti,
972 605 1195 661 Modesti
1226 610 1281 659 et
1309 604 1651 661 Crescentite.
1680 603 1779 670 Qui
1811 603 1935 657 bea-
1962 613 2012 670 Α
2039 605 2359 660 aromatibus
2389 606 2650 674 sepelivit.
2684 606 2837 676 Apitd
2864 604 3075 660 Mes-iam
3107 604 3275 661 sancti
3322 602 3503 667 Esici't,
3534 607 3621 673 qui

352 714 437 755 tus
472 700 619 753 Vitas
647 698 696 752 in
730 696 1027 767 puerilitate
1077 694 1358 749 virtutibus
1407 705 1678 758 maturus,
1710 694 1936 763 primum

350 808 379 843 a
413 802 561 859 patre
590 802 688 842 suo
713 787 970 856 sacrilego
1000 785 1157 855 ffyla,
1209 794 1263 838 ut
1294 799 1321 837 a
1353 785 1559 837 cultura
1604 783 1695 836 Dei
1725 783 1938 837 recede-

351 891 453 945 ret,
486 888 715 934 tentatus
743 886 824 932 est
849 893 861 941 ;
896 876 1087 929 deinde
1113 892 1139 927 a
1170 874 1444 927 Valeriano
1465 873 1646 942 judice
1674 872 1936 926 catlioniis

352 984 542 1036 caesus,
576 969 626 1022 in
654 967 987 1022 confessione
1009 963 1205 1017 Christi
1248 963 1556 1031 permansit.
1607 961 1732 1015 inde
1763 960 1937 1013 reddi.

351 1071 435 1115 tus
454 1046 606 1129 patri,
625 1074 743 1113 cum
773 1059 943 1127 pinnis
970 1057 1209 1124 affligere
1230 1058 1373 1109 illum
1400 1066 1547 1123 pater
1569 1054 1932 1117 meditaretur,

350 1153 557 1205 monitu
588 1150 761 1218 angeli
793 1164 978 1203 navem
1006 1145 1392 1209 conscendens,
1443 1143 1813 1197 comitantibus
1843 1156 1931 1195 se-

348 1257 470 1296 cum
505 1240 743 1293 Modesto
790 1247 845 1292 et
889 1235 1192 1289 Crescentia
1247 1230 1612 1296 nutritoribus,
1664 1231 1729 1282 ad
1762 1230 1931 1285 Tliani

349 1330 699 1400 Agritlianum
729 1326 1057 1380 territorium
1088 1321 1329 1385 devenit;
1364 1321 1483 1375 inde
1515 1330 1729 1389 propter
1768 1322 1927 1375 filiam

349 1417 662 1473 Diocletiani
698 1410 1030 1481 imperatoris
1076 1410 1338 1465 daemonio
1371 1421 1646 1479 vexatam,
1678 1414 1930 1482 qumsitus

350 1516 407 1558 et
434 1504 693 1555 adductus
720 1501 783 1552 ad
810 1514 953 1565 cum,
986 1499 1099 1567 ejus
1123 1501 1283 1554 filiam
1307 1502 1549 1555 oratione
1576 1508 1805 1558 curavit.
1826 1507 1928 1560 Sed

350 1609 471 1648 eum
498 1595 783 1659 impeiator
807 1592 997 1658 impius
1023 1607 1351 1661 nequaquam
1377 1609 1495 1647 eum
1528 1596 1591 1648 ad
1615 1610 1929 1653 consensum

350 1683 615 1737 idolorum
649 1682 965 1751 persuadere
996 1683 1286 1750 potuisset,
1320 1683 1541 1739 vinculis
1569 1685 1756 1740 ferreis
1778 1690 1934 1742 astri-

350 1788 495 1831 ctum
553 1774 607 1828 iit
666 1775 990 1829 teterrimum
1040 1773 1215 1829 induci
1269 1790 1534 1829 carcerem
1568 1776 1762 1846 jussit,
1812 1795 1931 1834 cum

351 1873 590 1931 Modesto
616 1882 773 1941 atque
803 1871 1140 1937 Crescentia;
1195 1889 1325 1941 quos
1356 1884 1539 1942 postea
1580 1874 1934 1931 Diocletianus

2040 697 2141 751 sub
2168 700 2391 765 przeside
2421 700 2735 752 Maximiano
2767 699 3022 767 martyrio
3062 707 3346 750 coronatus
3372 706 3478 751 est.

2112 788 2173 844 F.
2208 788 2323 843 XVI
2354 790 2590 843 Kttcuu.
2624 790 2785 844 Jour.
2816 816 2888 827 -—-
2928 788 3077 856 Apud
3125 790 3307 842 urbem
3349 788 3621 843 Vesontio-

2042 894 2258 933 nensem
2289 889 2591 934 sanctorum
2627 880 2856 933 Feireoli
2888 878 3203 948 presbyteri,
3258 888 3312 932 et
3340 878 3621 933 Ferrutio-

2043 970 2125 1019 nis
2156 967 2384 1032 diaconi,
2413 969 2499 1035 qiii
2530 983 2558 1021 a
2593 969 2648 1023 lt.
2687 969 2929 1037 llyreiieo
2978 969 3318 1039 Logdunensi
3372 969 3620 1035 episcopo

2038 1066 2092 1109 et
2118 1068 2349 1125 martyre
2391 1056 2455 1109 ad
2483 1058 2872 1127 pra-dicandum
2914 1060 3134 1111 verbum
3182 1058 3273 1112 Dei
3304 1058 3448 1111 missi
3475 1098 3489 1123 ,
3520 1060 3618 1112 sub

2039 1147 2255 1211 Claudio
2273 1148 2450 1214 julice
2479 1148 2541 1200 ad
2567 1150 2829 1202 trochleas
2856 1149 3078 1211 extenti,
3110 1160 3160 1203 et
3192 1148 3443 1217 flagellati
3473 1158 3617 1212 sunt;

2038 1239 2227 1294 deinde
2260 1240 2443 1295 inclusi
2476 1254 2689 1293 carcere
2712 1284 2724 1308 ,
2760 1255 2916 1294 mane
2944 1238 3231 1307 amputatis
3260 1238 3447 1307 linguis
3478 1253 3616 1306 prte-

2038 1331 2283 1384 dicabant
2315 1332 2530 1384 verbum
2561 1329 2675 1383 Dei.
2712 1330 2836 1383 Post
2854 1332 2964 1382 haec
2992 1329 3196 1382 subula:
3222 1329 3430 1397 triginta
3460 1330 3618 1385 utris-

2038 1436 2139 1490 que
2173 1422 2346 1473 infixae
2376 1421 2619 1473 manibus
2660 1433 2711 1474 et
2740 1420 2959 1488 pedibus
3004 1433 3216 1489 pectore
3239 1459 3254 1483 ,
3282 1421 3346 1473 ad
3377 1422 3618 1476 ultimum

2037 1511 2211 1579 gladio
2242 1509 2521 1564 feriuntur.
2579 1511 2643 1563 Et
2691 1512 2743 1565 iii
2786 1512 2999 1565 civitate
3050 1513 3386 1581 Mogontiaco
3436 1515 3613 1582 passio

2035 1614 2339 1655 sanctorum
2368 1602 2525 1656 Aurei
2567 1610 2620 1655 et
2646 1601 2867 1656 Justinae
2896 1603 3100 1657 sororis
3130 1604 3266 1672 ejus,
3300 1605 3388 1673 qui
3417 1606 3485 1659 ab
3514 1605 3617 1659 flu-

2038 1695 2119 1748 nis
2144 1694 2469 1747 vastantibus
2516 1693 2855 1748 Germaniam
2904 1695 2955 1749 in
3006 1695 3238 1749 Ecclesia
3285 1697 3445 1751 occisi
3471 1709 3614 1751 sunt.

2036 1784 2167 1840 Item
2202 1788 2251 1840 in
2283 1786 2561 1852 Antiochia
2591 1800 2892 1842 sanctorum
2935 1787 3098 1843 Cirici
3143 1800 3196 1843 et
3226 1786 3402 1843 Julilae
3430 1792 3617 1845 matris

2036 1877 2174 1947 ejus,
2205 1894 2428 1946 quorum
2463 1880 2608 1947 prior
2640 1889 2759 1949 post
2786 1881 2898 1935 dira
2930 1881 3147 1935 verbera
3170 1920 3185 1947 ,
3225 1882 3385 1935 etiam
3416 1883 3615 1937 calcem

350 1968 408 2023 in
438 1966 595 2020 ollam
627 1967 801 2024 resina
828 1974 880 2019 et
909 1964 1049 2032 pice,
1080 1971 1133 2017 et
1163 1963 1377 2032 plumbo
1406 1979 1713 2019 succensum
1742 1967 1925 2035 jaCtari
1960 1989 2005 2048 Β
2039 1982 2157 2021 cum
2190 1978 2340 2022 aceto
2366 1980 2418 2024 et
2447 1971 2615 2039 sinapi
2662 1971 2713 2025 in
2742 1986 2803 2025 os
2834 1972 3059 2041 accepit.
3113 1970 3312 2026 Deinde
3339 1972 3503 2027 clavis
3531 1973 3615 2027 af—

347 2063 602 2132 prrccepit
634 2080 648 2114 :
677 2060 983 2131 egressique
1012 2059 1079 2113 de
1107 2057 1208 2113 olla
1236 2056 1385 2110 illaesi
1408 2100 1421 2123 ,
1451 2056 1701 2110 dimissus
1730 2059 1806 2111 eis
1846 2057 1929 2112 leo

344 2152 730 2215 ferocissimus,
779 2150 870 2221 qui
902 2165 1023 2205 mox
1068 2148 1233 2218 pedes
1274 2162 1457 2209 eorum
1506 2148 1705 2217 lingere
1735 2149 1926 2215 C(Bpil;

344 2244 633 2298 novissime
663 2259 785 2296 vero
805 2242 954 2310 juxta
986 2240 1201 2297 fluvium
1247 2241 1333 2308 qui
1364 2238 1557 2293 dicitur
1582 2238 1750 2301 Siler,
1782 2238 1931 2306 quie-

341 2345 555 2389 scentes
582 2333 681 2388 sub
704 2334 916 2397 arbore,
938 2329 1139 2384 animas
1167 2342 1293 2385 suas
1314 2329 1538 2383 Domino
1563 2327 1927 2382 reddiderunt.

349 2424 617 2480 Florentia
651 2439 776 2479 vero
805 2424 996 2481 femina
1044 2422 1422 2486 illustrissima,
1462 2436 1684 2489 corpora
1715 2433 1929 2475 sancto-

351 2532 469 2572 rum
494 2516 728 2586 collegit,
775 2524 829 2571 ct
857 2516 908 2569 iii
937 2516 1053 2569 loco
1082 2516 1169 2583 qui
1191 2513 1384 2567 dicitur
1405 2512 1688 2571 Marianos,
1722 2512 1930 2566 condita

2034 2061 2124 2115 ﬁxi
2158 2063 2354 2129 pariter
2381 2063 2577 2117 evulsis
2603 2062 2770 2118 oculis
2802 2065 2853 2118 in
2884 2078 3153 2118 carcerem
3182 2065 3309 2118 trusi
3328 2074 3471 2119 sunt.
3492 2065 3618 2121 Post

2036 2151 2149 2207 haec
2161 2152 2375 2206 decalra
2385 2153 2419 2206 ti
2443 2161 2496 2206 et
2511 2154 2763 2208 excoriati
2781 2169 2943 2224 super
2967 2156 3230 2210 carbones
3253 2158 3305 2208 in
3324 2155 3461 2209 lecto
3476 2170 3618 2210 aereo

2040 2241 2202 2294 assati
2219 2251 2341 2295 sunt
2359 2258 2372 2307 ;
2393 2243 2456 2295 ad
2480 2243 2722 2300 ultimum
2746 2245 2901 2299 ferris
2914 2246 3101 2313 attriti,
3118 2249 3403 2316 amputatis
3426 2247 3617 2317 linguis

2039 2333 2277 2402 martyrii
2290 2334 2369 2387 sui
2386 2347 2597 2387 cursum
2616 2334 3018 2390 obtruiicatiOne
3031 2337 3219 2404 capitis
3236 2337 3613 2406 impleverunt.

2038 2421 2187 2477 Passi
2210 2434 2331 2477 sunt
2354 2440 2471 2478 cum
2486 2426 2627 2479 eiset
2646 2426 2733 2479 alii
2756 2427 3120 2495 quadringenti
3140 2438 3388 2497 quatuor.
3414 2428 3613 2483 Eodem

2041 2512 2128 2567 die
2154 2514 2416 2583 depositio
2436 2518 2599 2570 sancti
2622 2516 2791 2572 Alexii
2820 2517 3166 2573 confessoris.

1600 2607 1825 2660 EDiTlO
1863 2606 2370 2662 BOLLANDIANA.

419 2696 630 2753 Plenius
682 2696 869 2748 Florus
918 2694 968 2747 iti
1017 2693 1082 2747 A.
1133 2694 1195 2747 Τ.
1245 2694 1306 2748 L.
1351 2710 1363 2745 :
1413 2693 1466 2747 ln
1518 2694 1699 2749 Sicilia
1751 2697 1928 2751 natale

342 2796 650 2850 sanctorum
682 2795 973 2853 martyrum
1006 2782 1108 2836 Viti
1142 2786 1309 2851 pueri,
1340 2792 1389 2836 et
1414 2781 1639 2836 Modesti
1669 2785 1815 2839 senis
1839 2794 1919 2839 at-

340 2888 447 2941 que
475 2871 795 2927 Crescenlitc
825 2871 913 2941 [Α.
945 2882 992 2924 et
1038 2870 1101 2923 L.
1144 2888 1244 2924 om.
1293 2872 1656 2943 Ct'escetititc],
1688 2874 1777 2941 qui
1820 2874 1918 2928 sub

342 2964 674 3019 Diocletiano
704 2972 759 3016 et
806 2963 1126 3015 Maximiano
1177 2963 1335 3015 variis
1384 2973 1505 3016 sunt
1557 2978 1653 3031 pro
1698 2963 1914 3018 nomine

340 3054 539 3111 Christi
569 3054 739 3124 panis
769 3054 951 3108 afflicti
980 3062 1033 3107 et
1065 3053 1398 3122 passionibus
1429 3056 1690 3108 coronati.

409 3148 473 3201 Τ.
505 3158 557 3201 et
586 3147 648 3202 L.
678 3145 794 3215 (sed
826 3149 922 3199 lioc
949 3147 1120 3199 locum
1150 3146 1392 3214 omittit),
1427 3146 1579 3214 Apud
1610 3146 1911 3214 Crispinum

343 3219 521 3273 natale
552 3218 607 3271 S.
643 3226 667 3251 ³
719 3217 996 3269 Landofini
1027 3217 1349 3269 confessoris
1379 3226 1432 3268 et
1466 3218 1779 3270 sacerdotis.
1832 3218 1914 3279 lt.,

341 3294 400 3359 In
418 3287 442 3324 δ
459 3288 698 3359 Aquileia
719 3285 979 3359 Cantiani,
1005 3286 1313 3340 Clementis.
1339 3286 1395 3339 fn
1417 3284 1647 3353 Lucania
1665 3287 1912 3354 Candidi,

338 3356 508 3433 Preti,
526 3356 843 3431 Crisiigoni.

410 3450 499 3507 16.
526 3478 599 3513 τ-
625 3447 743 3502 XVI
775 3446 907 3501 ΚΑι.
942 3455 965 3483 ε
1016 3445 1251 3500 Ferreoli
1285 3445 1577 3516 presbyteri
1609 3455 1663 3500 et
1706 3445 1909 3503 Ferru-

334 3540 501 3597 tionis
530 3540 758 3605 diaconi,
796 3538 887 3609 qui
934 3538 1034 3593 sub
1074 3538 1297 3592 Claudio
1324 3538 1500 3606 judice
1529 3538 1594 3590 ad
1646 3538 1911 3593 trochleas
1940 3548 1987 3610 ο
2020 3581 2078 3622 η

336 3634 538 3703 extenti
570 3642 623 3685 et
650 3631 933 3705 flagellati,
962 3630 1156 3683 deinde
1202 3629 1254 3683 in
1284 3643 1554 3682 carcerem
1589 3627 1808 3693 reclusi,
1858 3638 1913 3684 et

337 3741 497 3779 mane
545 3725 831 3793 amputatis
882 3722 1072 3792 linguis
1125 3721 1486 3791 praedicabant
1529 3722 1748 3775 verbum
1793 3721 1909 3777 Dei.

344 3819 471 3872 Post
512 3817 628 3888 lia-c
674 3816 877 3871 subula:
911 3814 1125 3883 triginta
1158 3815 1395 3883 utrisque
1440 3814 1615 3867 infixa:
1658 3813 1710 3867 in
1740 3814 1913 3868 mani-

340 3912 439 3963 lius
469 3918 522 3981 et
554 3910 794 3977 pedibus,
849 3917 903 3961 et
955 3916 1170 3975 pectore
1209 3907 1275 3960 ad
1327 3906 1571 3963 ultimum
1620 3905 1796 3975 gladio
1825 3904 1909 3961 fe-

340 4002 567 4067 riuntur.

411 4092 476 4145 A.
531 4089 594 4143 Τ.
644 4089 709 4143 ιι,
761 4088 1085 4159 prasigiiant
1133 4089 1185 4141 in
1234 4088 1439 4143 civitate
1497 4088 1799 4143 Visionensi.
1831 4090 1919 4155 (3.,

342 4158 698 4217 Ubisonceust'.
734 4164 787 4213 li.
799 4200 815 4223 ,
861 4158 1252 4212 Viitdocineuse.

416 4249 610 4303 Florus
636 4249 689 4321 in
738 4251 803 4302 A.
834 4258 887 4302 et
918 4247 1006 4315 T.,
1061 4249 1117 4302 fit
1158 4248 1467 4303 Nicomedia
1500 4248 1715 4303 civitate
1748 4249 1924 4318 passio

339 4342 400 4415 :5.
447 4343 473 4383 d
502 4340 717 4400 Adriani
749 4348 802 4394 et
830 4340 1084 4395 comitum
1132 4339 1250 4410 ejus
1278 4342 1366 4409 qui
1399 4341 1537 4409 passi
1569 4340 1786 4395 fuerunt
1826 4340 1925 4395 sub

341 4430 665 4493 Maximiano
695 4433 1037 4499 imperatore.
1074 4431 1133 4484 lli
1164 4432 1327 4497 enim,
1354 4445 1471 4485 cum
1496 4432 1691 4501 cogniti
1732 4440 1913 4486 essent

341 4522 652 4587 Christiani,
681 4521 816 4589 jussi
847 4533 970 4573 sunt
997 4521 1065 4574 ab
1113 4522 1433 4589 imperatore
1476 4524 1718 4591 extendi,
1774 4523 1915 4577 acri-

347 4622 530 4687 terque
564 4612 785 4687 fustibus
815 4613 948 4667 caedi
977 4629 988 4665 :
1025 4626 1087 4667 ac
1114 4612 1307 4687 deinde
1332 4622 1614 4684 susceptos
1645 4614 1696 4668 in
1725 4627 1913 4668 carce-

2027 2714 2164 2765 rem,
2192 2698 2351 2766 jussit
2380 2700 2619 2755 incudem
2647 2717 2847 2757 teneam
2878 2703 3095 2771 pedibus
3136 2720 3323 2761 eorum
3351 2710 3603 2779 supponi,

2024 2789 2205 2859 sicque
2231 2806 2323 2845 eos
2351 2791 2684 2861 abscindere,
2743 2796 3007 2866 tibiasque
3036 2811 3222 2852 eorum
3266 2798 3602 2872 confringere

2021 2880 2194 2937 donec
2226 2882 2542 2938 deficerent.

2088 3015 2231 3075 idem
2274 3020 2323 3073 in
2354 3017 2416 3072 Τ.
2452 3018 2623 3086 primo
2654 3019 2773 3074 loco
2814 3037 2826 3073 :
2862 3021 3013 3089 Apud
3046 3022 3390 3077 Antiochiam
3426 3025 3604 3093 passio

2026 3108 2084 3162 S.
2112 3109 2288 3179 Cyrici
2328 3117 2382 3163 et
2410 3107 2601 3162 fulitta:
2643 3108 2828 3163 matris
2858 3111 2971 3177 ejus
3005 3126 3017 3162 :
3048 3124 3277 3179 quorum
3312 3114 3456 3180 prior
3485 3123 3605 3183 post

2023 3200 2135 3255 dira
2176 3202 2417 3264 verbera,
2448 3201 2607 3255 etiam
2638 3201 2836 3254 calcem
2864 3216 2983 3254 cum
3008 3210 3161 3256 aceto
3192 3214 3243 3258 et
3270 3204 3441 3272 sinapi
3465 3204 3516 3257 iii
3541 3219 3602 3260 os

2020 3293 2226 3362 accepit
2258 3309 2272 3347 :
2306 3293 2497 3348 deinde
2523 3293 2719 3362 pariter
2740 3296 2907 3349 clavis
2948 3295 3168 3362 confixi,
3210 3296 3409 3351 evulsis
3434 3296 3602 3353 oculis

2024 3384 2077 3439 in
2110 3400 2379 3441 carcerem
2414 3386 2545 3440 trusi
2576 3394 2719 3441 sunt.
2764 3386 2889 3442 Post
2918 3387 3035 3442 fia'c
3062 3386 3327 3444 decalvati
3356 3397 3410 3444 et
3436 3404 3599 3446 exco-

2024 3477 2148 3532 riati
2188 3491 2348 3547 super
2376 3477 2638 3532 carbones
2670 3478 2721 3531 in
2756 3477 2892 3533 lecto
2930 3494 3084 3533 teneo
3123 3480 3287 3533 assati
3323 3490 3469 3534 sunt.
3500 3479 3601 3545 Qui

2081 3574 2279 3641 gnante
2306 3568 2634 3636 Alexandro,
2667 3569 2766 3622 sub
2798 3568 3029 3637 praiside
3058 3569 3398 3634 Alexandro,
3448 3584 3602 3623 mar-

2019 3656 2142 3727 tyrii
2176 3658 2257 3711 sui
2299 3670 2513 3711 cursum
2544 3658 2953 3713 obtruncatione
2983 3658 3173 3728 capitis
3220 3659 3597 3727 impleverunt.

2019 3746 2165 3804 Passi
2204 3756 2328 3803 sunt
2363 3758 2540 3803 autem
2580 3763 2700 3804 cum
2735 3752 2816 3806 eis
2857 3758 2911 3805 et
2947 3750 3039 3804 alii
3069 3750 3441 3821 quadringenti
3467 3764 3600 3820 qua-

2019 3839 2268 3912 draginta
2298 3852 2550 3911 quatuor.

2095 3971 2222 4039 Quae
2252 3972 2328 4028 sic
2364 3972 2595 4028 breviter
2633 3982 2688 4027 et
2730 3973 2916 4028 ultimo
2960 3973 3075 4028 loco
3104 3974 3273 4028 habes
3310 3974 3360 4028 in
3394 3975 3456 4027 A.
3487 3992 3499 4027 :
3532 3974 3598 4030 Et

2027 4044 2201 4096 natale
2231 4044 2408 4113 Cyrici
2454 4055 2508 4098 et
2557 4044 2749 4098 lulittaa
2798 4045 2983 4098 matris
3021 4045 3139 4113 ejus
3178 4060 3299 4097 cum
3341 4047 3593 4113 quadrin-

2024 4112 2197 4181 gentis
2226 4112 2449 4181 qoatuor
2477 4115 2816 4184 martyribus.
2844 4115 2899 4166 In
2936 4114 2993 4167 V.
3029 4112 3252 4182 simplex
3301 4112 3377 4177 fit,
3407 4124 3433 4151 ο
3463 4116 3591 4180 Qui-

2026 4184 2119 4237 rici
2168 4194 2221 4237 ct
2264 4184 2453 4238 lulitta:
2499 4188 2685 4237 matris
2717 4187 2832 4251 ejus
2880 4186 3100 4238 mentio.
3134 4188 3194 4238 ιι.
3243 4194 3298 4237 et
3324 4186 3384 4239 Β.
3418 4200 3509 4239 eos
3540 4185 3595 4239 fu

2026 4255 2303 4307 Antiochia
2350 4255 2692 4321 pratsignant.
2736 4256 2818 4313 11..
2857 4254 2908 4306 lu
2940 4256 3152 4308 civitate
3210 4255 3465 4308 Nannetis
3506 4268 3593 4308 na-

2032 4325 2139 4394 tale
2181 4326 2238 4378 S.
2272 4322 2291 4360 ί
2327 4326 2577 4377 Similini.
2639 4325 2696 4378 In
2744 4323 2924 4380 Africa
2975 4326 3151 4380 natale
3195 4325 3296 4380 SS.
3327 4324 3595 4394 Diogenis,

2029 4393 2248 4459 Valet-ii,
2283 4395 2507 4449 Mai'tim.

2092 4518 2385 4572 l7.—XV
2415 4516 2553 4571 Kac.
2594 4516 2894 4571 Aureliaiiis
2950 4518 3163 4573 civitate
3216 4516 3477 4588 depositio
3522 4513 3583 4573 S.

2024 4611 2202 4665 ΒΑνίιὶ
2234 4610 2526 4681 presbyteri
2566 4621 2619 4664 et
2648 4608 2999 4671 confessoris.

1759 4704 1960 4762 SMITII
2001 4703 2231 4758 NOTAE.

414 4795 443 4835 "-
472 4795 767 4850 Landolini.
818 4796 916 4863 Qui
969 4797 1240 4852 Camerat-i
1294 4806 1442 4851 ortus
1492 4806 1573 4851 est
1617 4812 1683 4851 ex
1736 4797 1899 4851 nobili
1929 4799 1982 4857 D

341 4864 668 4921 Francorum
700 4882 917 4938 genere,
952 4869 1278 4936 temporibus
1312 4868 1592 4937 Daguberti
1623 4868 1759 4936 regis
1788 4878 1840 4921 et
1870 4882 1900 4921 a

344 4939 406 5009 lt.
440 4938 698 5009 Autberto
747 4942 999 5006 episc0p0
1047 4938 1417 4992 Cameraceiisi
1463 4937 1650 5009 litteris
1695 4949 1749 4992 et
1800 4938 1901 5006 piis

343 5007 583 5061 moribus
614 5007 862 5060 imbutus.
903 5009 1162 5063 Seductus
1197 5019 1372 5061 tamen
1402 5024 1429 5060 a
1459 5008 1771 5076 quibusdam
1809 5024 1901 5061 co-

346 5078 519 5143 gnatis
544 5078 768 5147 aufugit,
802 5083 1073 5145 factusque
1121 5090 1200 5131 est
1248 5077 1479 5132 nefarius
1509 5079 1706 5145 praedo,
1738 5088 1791 5131 et
1835 5093 1901 5133 ne

345 5148 559 5201 nomine
589 5151 918 5214 proderetur,
949 5152 1152 5200 vocavit
1180 5164 1239 5202 se
1265 5148 1621 5214 Maurensuin;
1652 5150 1745 5201 sed
1776 5164 1897 5216 pre-

340 5217 491 5271 cibus
520 5224 685 5271 sancti
721 5218 978 5285 pontificis
1010 5219 1247 5272 Antherti
1298 5223 1567 5283 reductus,
1616 5219 1683 5275 ali
1710 5220 1897 5273 eodem

343 5299 527 5340 tonsus
556 5299 610 5341 ct
637 5284 882 5359 diuturna
912 5284 1219 5359 pmniteutia
1267 5290 1537 5355 excoCtus,
1569 5290 1724 5342 etiam
1755 5304 1900 5355 pres-

342 5361 498 5425 byter
574 5360 849 5411 ordinatus
907 5368 1009 5415 est.
1067 5358 1192 5413 Post
1242 5363 1430 5412 trinam
1475 5368 1651 5412 autem
1717 5362 1781 5412 ad
1840 5360 1904 5412 fi-

342 5431 480 5480 mina
538 5434 897 5495 apostoloruin
947 5429 1365 5493 profectionem,
1410 5430 1720 5482 auctoritate
1766 5430 1905 5483 Illar-

341 5498 435 5551 tini
486 5513 633 5567 papte
663 5512 886 5567 quatuor
924 5498 1203 5551 aedificavit
1254 5504 1600 5565 monasteria,
1645 5500 1901 5563 Lobium,

340 5570 553 5631 Aliiam,
612 5569 943 5637 Wasf-iriatn,
996 5580 1050 5622 et
1100 5578 1345 5636 quartum
1399 5572 1463 5619 ad
1520 5570 1736 5622 fluvium
1790 5571 1903 5624 lion

339 5640 478 5711 apud
509 5637 834 5711 Valeiicenas
861 5640 999 5706 quod
1028 5640 1344 5711 Crispinium
1376 5640 1679 5707 appellavit,
1712 5641 1763 5694 in
1800 5656 1906 5711 quo

342 5709 553 5778 tandem
585 5709 714 5778 obiit
742 5714 881 5762 circa
911 5728 997 5763 an.
1030 5708 1156 5778 660.
1188 5708 1405 5762 Culmus
1431 5711 1558 5763 Seu.

413 5777 437 5815 δ
467 5777 696 5843 Aquiliiu
728 5778 977 5831 Lucania.
1012 5780 1197 5833 Nonne
1228 5780 1281 5833 lii
1312 5781 1450 5833 idem
1504 5791 1628 5837 sunt
1673 5795 1791 5836 cum
1834 5782 1916 5847 eis,

339 5850 428 5919 qui
458 5861 617 5915 supta
648 5850 894 5902 coluntur
924 5863 1030 5902 xxx
1068 5849 1190 5905 Maii
1215 5860 1268 5906 et
1293 5848 1499 5918 pridie?

2085 4810 2105 4833 ο
2142 4794 2386 4848 Ferreoli.
2441 4792 2492 4847 fti
2543 4792 2733 4848 Galliis
2785 4794 2920 4863 apud
2966 4792 3147 4848 urbem
3186 4792 3588 4847 Vesontionem.

2015 4866 2209 4921 Eorum
2261 4866 2568 4934 martyrium
2601 4867 2699 4917 sub
2752 4866 2954 4917 initium
3006 4865 3259 4917 Antonini
3302 4864 3590 4934 Caracafla;

2011 4938 2297 5005 contigisse
2344 4933 2567 4989 censent
2619 4936 2713 4987 viri
2778 4937 2991 4989 eruditi.
3064 4934 3440 4987 Vesontionem
3502 4933 3588 5005 ubi

2013 5004 2175 5075 passi
2201 5017 2343 5069 sont,
2378 5006 2498 5058 fidei
2534 5006 2881 5072 prtedcatidte
2914 5020 3071 5059 causa
3104 5018 3136 5057 a
3166 5006 3222 5059 S.
3263 5007 3463 5057 Irenaeo
3510 5004 3592 5075 di-

2012 5074 2139 5130 recti
2170 5087 2311 5130 sunt.
2350 5076 2422 5129 De
2474 5074 2741 5128 miraculis
2790 5078 2855 5128 aif
2906 5091 3089 5129 eorum
3140 5076 3441 5143 sepulcrum
3486 5074 3591 5143 agit

2012 5146 2241 5213 Gregor.
2273 5148 2471 5200 'l‘uron.
2509 5148 2600 5197 lib.
2633 5148 2699 5197 de
2728 5145 2906 5199 Gloria
2941 5155 3256 5214 martyrum,
3282 5161 3401 5212 cap.
3428 5144 3520 5197 71.

2081 5217 2106 5252 α
2136 5218 2369 5270 Adriani.
2421 5217 2493 5270 De
2524 5222 2620 5269 hoc
2648 5232 2804 5283 supra
2846 5218 2964 5270 vide
3011 5216 3151 5269 diem
3186 5230 3235 5268 tv
3265 5215 3477 5279 Martii;
3510 5216 3591 5267 in-

2018 5288 2096 5341 f'ra
2132 5304 2223 5341 uti
2250 5288 2602 5356 Septembris.

2083 5367 2107 5395 ο
2141 5355 2353 5420 Quirici.
2382 5358 2454 5410 De
2476 5357 2555 5409 liis
2586 5356 2739 5407 tioilii:
2767 5370 2953 5411 omnes
2986 5355 3181 5419 Latini,
3210 5356 3379 5410 (ἔτωοί
3412 5365 3586 5409 autem

2010 5427 2063 5481 itt
2108 5429 2407 5497 Menologio
2441 5428 2615 5480 litibus
2642 5424 2786 5489 Julii,
2821 5430 2907 5480 ubi
2938 5427 3087 5497 Tatsi
3117 5425 3315 5480 Cilicia:
3358 5442 3453 5479 eos
3494 5439 3590 5478 occ

2008 5498 2253 5552 cubuisse
2284 5505 2535 5567 martyrio
2569 5500 2780 5567 tradunt
2807 5497 2989 5567 :quod
3023 5511 3208 5550 verum
3235 5510 3356 5567 esse
3383 5511 3589 5567 eorum.

2010 5570 2131 5620 dem
2177 5578 2293 5621 acta
2341 5566 2599 5620 testantur
2643 5566 2780 5631 apud
2828 5566 3040 5620 Surium
3093 5578 3220 5620 tom.
3258 5566 3341 5618 Ill.
3394 5566 3472 5619 Ex
3502 5566 3584 5617 his

2020 5642 2260 5707 plerique
2288 5638 2594 5692 Latinorum
2641 5646 2766 5689 sunt
2809 5636 3132 5707 corrigendi,
3164 5636 3251 5707 qui
3280 5637 3574 5691 Autioeftize

2021 5726 2114 5775 eos
2147 5723 2330 5776 passiis
2360 5708 2611 5761 referunt.

2097 5784 2114 5821 ί
2150 5775 2401 5831 δήηιὶιέηὸ.
2448 5778 2663 5831 ltecttus
2701 5775 2981 5832 Similiani.

2088 5854 2113 5903 δ
2152 5850 2305 5907 Aviti.
2360 5852 2453 5907 llic
2481 5849 2643 5907 abbas
2690 5849 2790 5911 fuit
2818 5847 3176 5909 Micianensis.
3207 5848 3390 5908 Avitus
3416 5855 3590 5905 autem
