3990 6196
431 389 536 448 955

1184 388 1386 443 BEDE
1430 385 1883 443 VENERABILIS
1922 387 2069 443 OPP.
2101 389 2273 445 PARS
2298 390 2385 446 IV.
2426 420 2493 439 ι·-
2535 390 2913 447 IIISTURICA.

3592 395 3693 451 956

1698 499 1922 555 EDI'I'IU
1961 501 2424 557 COLONIENSIS.

422 594 674 662 Baptista:
702 596 1042 662 przccursoris
1070 593 1301 659 Domini,
1333 594 1604 648 Zacharia:
1635 604 1685 648 et
1732 594 1999 648 Elisabetli
2032 598 2080 655 Α
2111 606 2230 664 post
2275 598 2546 652 innumera
2600 614 2717 667 qua":
2771 600 3095 667 perpetravit
3141 588 3299 657 bona,
3352 614 3381 653 a
3425 598 3699 656 Rauciano

426 684 542 747 ﬁlii,
575 685 663 754 qui
692 684 892 751 Spiritu
933 694 1116 738 sancto
1141 685 1379 751 repletus
1417 685 1592 738 adhuc
1634 685 1684 738 in
1715 694 1870 737 utero
1900 700 2009 737 ma-

427 776 525 827 tris
551 788 683 838 sua),
710 775 773 829 ad
796 776 949 829 Israel
978 775 1327 835 confortatus,
1347 775 1545 843 Spiritu
1563 774 1815 844 agebatur
1841 775 1891 828 in
1918 773 2011 828 de-

427 869 603 932 sertis,
636 868 858 921 vestitus
892 868 1009 933 pilis
1039 868 1386 930 camelorum,
1416 867 1615 920 habens
1637 880 1825 919 zonam
1861 866 2012 933 pelli—

428 974 576 1014 ceam
604 960 744 1013 circa
778 960 981 1013 lumbos
1011 975 1136 1013 suos
1161 976 1174 1023 ;
1227 973 1347 1011 esca
1378 969 1551 1013 autem
1581 960 1694 1027 ejus
1720 970 1830 1012 erat
1864 961 2012 1014 Iocu-

429 1058 534 1113 sta,
565 1060 616 1103 et
638 1050 740 1103 meI
767 1050 1015 1103 silvestre
1040 1049 1249 1103 edebat.
1274 1066 1375 1102 xxx
1407 1052 1578 1103 artatis
1607 1066 1764 1113 anno,
1798 1053 2013 1118 quinto-

429 1139 636 1193 decimo
667 1154 809 1193 anno
839 1139 1047 1206 imperii
1071 1141 1283 1208 Tyberii
1308 1134 1573 1208 Caesaris,
1606 1157 1727 1193 cum
1756 1157 2015 1209 ριἰῖοιιτιι-

428 1240 515 1288 tor
543 1244 685 1289 esset
711 1235 758 1289 in
783 1233 963 1287 Judaea
984 1233 1203 1299 Pilatus,
1230 1234 1446 1302 jamque
1469 1251 1687 1305 regnum
1710 1235 2013 1289 Judzeorum

429 1328 481 1380 in
508 1337 735 1392 quatuor
756 1327 1082 1395 principatus
1106 1334 1249 1379 esset
1271 1326 1518 1390 divisum,
1548 1328 1692 1381 venit
1722 1329 1770 1379 in
1801 1343 2013 1383 omnem

428 1420 699 1488 regionem
730 1419 975 1473 Jordanis
1001 1460 1013 1480 ,
1048 1420 1347 1488 praedicans
1399 1419 1717 1486 baptismum
1755 1422 2018 1487 paeniten-

431 1512 518 1564 tia:
546 1512 595 1563 in
618 1511 984 1565 remissionem
1020 1524 1380 1577 peccatorum.
1415 1512 1595 1565 Romae
1626 1490 1786 1577 Pisci,
1819 1513 2014 1578 Lucite,

430 1617 552 1656 cum
582 1601 698 1655 aliis
727 1602 912 1669 viginti
941 1602 1169 1654 duobus.
1188 1602 1576 1672 Augustuduno
1600 1602 1861 1672 depositio
1890 1620 2017 1657 san-

432 1693 499 1748 cli
530 1692 811 1760 Simplicii.

504 1790 569 1843 A.
606 1788 692 1843 VII
744 1788 985 1843 KALEND.
1019 1788 1180 1843 Jl‘LlI.
1236 1819 1303 1828 —
1345 1789 1495 1855 Apud
1555 1788 1797 1843 Berteam
1848 1792 2017 1846 sancti

433 1878 748 1948 Sosipatris,
783 1880 1024 1947 discipuli
1054 1881 1219 1933 sancti
1256 1880 1398 1933 Pauli
1424 1879 1669 1939 apostoli.
1712 1880 1863 1948 Apttd
1895 1882 2017 1935 Ale-

2114 688 2309 743 comite
2340 705 2618 757 percussus
2649 690 2821 757 gladio
2874 691 3121 754 migravit
3154 690 3217 743 ad
3252 691 3548 748 Christum.
3586 693 3697 747 Ro-

2115 796 2217 834 mae
2241 780 2413 834 Luciac
2439 781 2678 850 virginis,
2704 796 2821 834 cum
2850 780 2966 834 aliis
2991 782 3176 849 viginti
3200 781 3426 846 duobus,
3450 795 3503 838 et
3527 784 3700 838 Aeria:

2117 873 2280 941 regis.
2311 872 2709 926 Thessalonicm
2753 881 3083 935 sanctorum,
3133 873 3317 942 Bigati,
3366 874 3614 944 Lantani,
3648 885 3703 931 et

2116 962 2371 1016 dormitio
2400 961 2567 1015 sancti
2600 961 2817 1014 Joamus
2851 962 3223 1031 Evangelistae.

2190 1053 2247 1106 Β.
2282 1053 2347 1106 γι
2394 1053 2632 1106 ΚΑιεΝι).
2662 1052 2823 1108 Juut.
2855 1083 2924 1092 —
2964 1054 3148 1106 Roma:
3178 1053 3402 1109 Joannis
3451 1063 3506 1109 et
3552 1055 3699 1110 Pauli

2119 1144 2364 1208 fratrum,
2398 1158 2619 1210 quorum
2655 1142 2855 1209 primus
2904 1144 3241 1208 praepositus,
3295 1144 3562 1199 secundus
3593 1146 3704 1214 pri-

2124 1234 2376 1289 micerius
2405 1233 2502 1287 fuit
2526 1233 2854 1287 Constantia:
2882 1234 3121 1300 virginis,
3172 1234 3292 1289 lilia:
3341 1235 3702 1290 Constantini.

2120 1327 2220 1393 Qui
2249 1342 2366 1379 cum
2397 1326 2539 1379 omni
2571 1326 2658 1379 die
2688 1334 2887 1379 turmas
2913 1325 3336 1379 Christianorum
3370 1338 3703 1391 recreareut,

2121 1434 2185 1473 ex
2215 1419 2296 1471 his
2325 1418 2537 1483 Opibus,
2572 1431 2703 1486 quas
2732 1418 3093 1471 sacratissima
3144 1418 3292 1487 virgo
3341 1418 3538 1472 Christi
3575 1420 3706 1473 reli-

2119 1518 2305 1578 querat
2327 1548 2341 1572 ,
2374 1508 2617 1578 pervenit
2668 1506 2768 1560 hoc
2799 1508 2862 1560 ad
2893 1508 3201 1572 Julianum;
3246 1509 3333 1576 qui
3369 1508 3540 1561 misso
3568 1509 3705 1562 Ter-

2121 1602 2362 1656 rentiano
2390 1601 2561 1668 campi
2595 1598 2817 1652 ductore
2844 1638 2859 1663 ,
2892 1599 3026 1651 intra
3059 1598 3274 1651 domum
3308 1600 3578 1666 propriam
3609 1598 3707 1652 de-

2120 1693 2297 1747 collati
2341 1701 2504 1756 sunt;
2552 1690 2643 1758 qui
2691 1700 2867 1742 tamen
2920 1698 3098 1757 postea
3143 1688 3478 1742 Christianus
3531 1688 3708 1743 factus

2121 1794 2222 1839 e~t.
2278 1783 2474 1837 Eodem
2506 1782 2593 1835 die
2622 1780 2792 1834 sancti
2836 1780 3087 1845 Quadrati
3134 1781 3496 1848 apostolorum
3539 1782 3706 1835 disci-

2126 1876 2255 1945 puli,
2288 1875 2373 1942 qui
2408 1874 2457 1925 iu
2491 1872 2664 1927 locum
2695 1871 2833 1923 beati
2886 1870 3053 1923 Publii
3106 1871 3435 1925 Athenarum
3466 1871 3707 1940 episcopi

434 1970 711 2023 Xattdriam
742 1970 908 2022 sancti
939 1969 1192 2022 Gallicani
1228 1970 1497 2039 martyris,
1522 1970 1608 2037 qui
1643 1984 1735 2035 per
1760 1971 2015 2038 prredica-
2046 1954 2092 2012 Β
2124 1969 2481 2025 substituitur,
2516 1973 2568 2018 et
2602 1962 2889 2017 Ecclesiam
2935 1962 3119 2029 grandi
3172 1972 3378 2017 terrore
3406 1962 3707 2031 dispersam

436 2062 640 2116 tionem
671 2061 891 2116 Joannis
922 2072 976 2117 et
1007 2062 1151 2116 Pauli
1178 2062 1243 2115 ad
1277 2062 1431 2115 ﬁdem
1475 2062 1668 2116 Christi
1699 2077 2009 2131 conversus,

2127 2060 2232 2114 fide
2255 2068 2307 2112 et
2337 2054 2595 2110 industria
2622 2054 2983 2123 congregavit.

1692 2151 1918 2206 EDITIO
1959 2147 2452 2209 BOLLANDIANA.

437 2254 630 2311 pagum
678 2249 731 2293 et
781 2240 955 2293 locum
987 2238 1240 2303 ﬂuminis,
1277 2239 1362 2292 ubi
1409 2241 1580 2308 ipsum
1630 2255 1820 2309 corpus
1868 2245 2023 2296 annis

435 2335 819 2404 quinquaginta
850 2336 1090 2403 quinque
1113 2334 1381 2404 j:tcuerat,
1421 2338 1680 2402 pervenit,
1716 2347 2022 2405 prazconata

438 2424 683 2477 oratione
717 2439 729 2475 :
763 2425 826 2474 ad
859 2439 916 2477 se
948 2433 1159 2477 ventum
1193 2425 1356 2477 nimio
1382 2426 1612 2479 candore
1642 2435 1696 2480 et
1725 2430 1889 2481 odore
1920 2428 2024 2481 fra-

437 2518 610 2586 grauti
646 2518 786 2571 nulla
823 2519 1027 2572 macula
1074 2528 1378 2587 corruptum
1420 2520 1656 2588 suscepit
1689 2538 1699 2573 :
1730 2521 2023 2589 volensque

438 2625 559 2663 eum
586 2610 899 2663 Vermandis
922 2611 1118 2677 Oppido
1145 2613 1397 2678 sepelire,
1432 2621 1629 2665 tantam
1659 2614 1744 2667 sui
1772 2614 2021 2682 ponderis

436 2701 827 2770 gravitudiuem
861 2702 1027 2767 dedit,
1053 2714 1105 2755 ut
1147 2703 1212 2756 de
1260 2703 1399 2765 loco,
1424 2720 1581 2773 quem
1610 2719 1707 2759 suo
1736 2720 2019 2760 consecra-

438 2794 895 2863 veratsanguine,
928 2796 1127 2849 moveri
1174 2797 1398 2850 ulterius
1431 2813 1535 2850 non
1588 2806 1789 2866 posset.
1834 2799 2024 2853 Inven-

440 2888 561 2943 trici
584 2903 710 2944 vero
731 2904 841 2943 suae
866 2904 960 2959 pro
978 2889 1249 2945 beneﬁcuis
1271 2890 1521 2944 exhibitis
1546 2891 1721 2945 lumen
1741 2890 2020 2957 amissum;

437 2990 491 3034 et
515 2978 781 3047 omnibus,
827 2996 964 3050 quos
1009 2981 1195 3035 eadem
1251 2983 1377 3036 hora
1410 2982 1517 3037 illic
1562 2983 1786 3053 contigit
1817 2985 2019 3053 venire,

439 3074 659 3143 pristina
696 3085 775 3129 est
806 3076 1007 3129 reddita
1033 3077 1253 3131 sanitas.

514 3164 573 3219 Β.
621 3166 680 3218 C.
742 3165 828 3230 V.,
883 3165 1063 3217 Romrc
1095 3164 1189 3219 SS.
1249 3166 1394 3230 Sisti,
1432 3166 1659 3221 Luceize.
1708 3167 1872 3230 B.C.,
1906 3182 2025 3222 cum

441 3234 560 3307 aliis
587 3235 769 3307 viginti
798 3236 1023 3307 duobus.
1055 3239 1118 3288 A.
1148 3237 1212 3289 Τ.
1246 3237 1303 3289 Ι..
1339 3238 1423 3299 B.,
1460 3238 1844 3304 Augustoduno
1865 3241 2027 3307 depo-

439 3304 563 3359 sitio
583 3306 641 3360 S.
674 3315 699 3342 ⁸
731 3305 985 3371 Simplicii
1018 3307 1253 3374 episc0pi
1278 3322 1330 3360 et
1355 3307 1704 3362 confessoris.

511 3396 601 3453 25.
624 3425 695 3437 —
716 3396 802 3452 VII
833 3397 967 3452 ΚΑι..
998 3397 1159 3451 Vacat
1184 3398 1360 3452 Barda.

523 3490 608 3555 0.,
634 3489 987 3562 Pyrrltiheroa
1014 3490 1041 3529 ι’
1080 3490 1391 3559 Sosipatris,
1422 3492 1671 3551 discipuli
1705 3493 1850 3547 Pauli
1897 3507 2029 3560 apo-

446 3562 591 3635 stoli.
881 3562 1176 3635 Lamptani,
1235 3563 1521 3635 Salapiam
1552 3563 1659 3635 [C.,
1710 3563 2027 3635 Lalunicm],

448 3639 471 3704 ξ
494 3631 697 3704 Luccia:
719 3631 935 3704 virginis
958 3642 1009 3685 et
1037 3636 1258 3701 Accegze
1291 3634 1426 3703 regis
1451 3631 1573 3704 [νᾷ
1588 3636 1806 3703 Arcegte
1827 3635 1974 3688 Bina!

444 3698 532 3759 Ι...
560 3700 744 3773 Natale
791 3698 850 3756 S.
880 3702 1034 3773 Luca.-
1058 3698 1273 3770 virginis
1305 3698 1562 3757 et'Ancei
1586 3698 1871 3773 regis‘Cnm
1901 3698 2022 3757 aliis

443 3785 658 3826 novem.
682 3772 746 3836 A_.
775 3781 828 3829 et
852 3772 938 3839 T.,
974 3773 1029 3827 In
1061 3773 1445 3829 Thessalonica
1496 3779 1712 3829 civuate
1755 3776 1932 3829 natale
1959 3774 2018 3829 S.

2128 2239 2305 2295 Lucize
2334 2236 2574 2301 virginis.
2602 2235 2668 2287 Et
2696 2235 2870 2288 natale
2887 2234 2943 2287 S.
2971 2235 3202 2304 Agapiti.
3223 2234 3311 2295 A.,
3338 2236 3400 2287 Et
3428 2235 3487 2289 S.
3516 2240 3710 2292 Aman-

2132 2311 2187 2363 tii
2244 2308 2519 2377 episcopi.
2548 2306 2846 2377 Translatio
2869 2305 3097 2377 {Eligii
3132 2316 3185 2377 et
3216 2307 3507 2359 \‘iudiciani
3539 2308 3708 2373 primo

2128 2374 2389 2440 Inco."l‘.,
2418 2376 2612 2429 Eodem
2642 2377 2727 2429 die
2754 2376 2811 2428 S.
2841 2385 2863 2410 ε
2898 2374 3157 2428 Lietbuini
3221 2377 3452 2443 epiScopi
3486 2387 3541 2429 et
3580 2391 3710 2432 con-

2128 2449 2371 2511 fessoris,
2408 2458 2457 2499 et
2494 2446 2656 2499 Aucei
2682 2444 2818 2512 regis
2842 2460 2959 2497 cum
3007 2446 3124 2497 aliis
3154 2457 3297 2499 octo.
3344 2446 3427 2508 Β..
3462 2446 3514 2499 1ιι
3547 2447 3714 2502 Thes-

2128 2520 2365 2576 salonica
2398 2514 2671 2582 Lantptani
2701 2526 2749 2568 et
2784 2514 2981 2582 Bigitti.
3021 2516 3073 2567 In
3128 2514 3411 2569 Genelaico
3442 2517 3621 2572 natale
3649 2518 3709 2573 S.

2134 2594 2153 2632 τ
2189 2587 2411 2642 Amaudi
2437 2586 2777 2639 confessoris.

2200 2676 2293 2731 26.
2324 2706 2393 2717 —
2416 2674 2477 2728 VI
2506 2674 2638 2727 KAL.
2674 2674 2853 2726 [ton-te
2883 2674 2980 2728 SS.
3014 2683 3038 2720 ε
3069 2672 3291 2728 Joannis
3313 2684 3366 2729 et
3393 2675 3560 2741 Pauli,
3583 2692 3712 2746 quo.

2132 2785 2248 2825 rum
2298 2769 2499 2837 primus
2554 2766 2892 2834 prazpositus,
2946 2766 3213 2819 secundus
3253 2768 3587 2836 primicerius
3618 2769 3715 2823 fuit

2130 2860 2461 2914 Constantia:
2488 2859 2710 2924 virginis
2739 2857 2858 2910 lilia:
2883 2858 3218 2911 Constantini
3252 2876 3264 2911 :
3290 2862 3376 2929 qui
3408 2870 3591 2928 postea
3615 2860 3715 2915 sub

2131 2952 2343 3007 Juliano
2394 2950 2707 3018 martyrium
2755 2948 2947 3014 capitis
2997 2948 3327 3003 abscissione
3382 2960 3711 3015 meruerunt,

2136 3056 2230 3111 per
2260 3038 2640 3095 Terentianum
2681 3039 3130 3107 campiductorem
3166 3057 3177 3091 :
3210 3040 3297 3109 qni
3328 3038 3521 3095 deinde
3560 3041 3716 3095 Chri-

2133 3133 2339 3187 stianus
2373 3129 2543 3182 factus
2574 3138 2673 3183 est.

2203 3223 2433 3277 Additur
2464 3221 2515 3274 in
2546 3221 2612 3275 T.
2640 3232 2690 3275 et
2720 3219 2777 3274 L.
2806 3234 2836 3273 a
2869 3219 3028 3273 Floro
3051 3229 3103 3272 ut
3126 3219 3446 3287 opinamur:
3478 3219 3575 3273 llic
3594 3232 3715 3273 cum

2135 3313 2401 3382 quoddam
2449 3312 2649 3365 idolum
2699 3311 2750 3363 in
2805 3312 3033 3377 quodam
3084 3309 3201 3362 Ioco
3247 3308 3621 3378 conlregisset,
3663 3311 3716 3364 in

2136 3405 2374 3473 ejusdem
2407 3402 2534 3457 idoli
2562 3402 2672 3455 basi
2701 3401 2963 3465 residens,
2986 3410 3040 3455 et
3070 3401 3289 3456 verbum
3321 3401 3557 3454 divinum
3583 3415 3716 3468 pra:-

2135 3498 2340 3561 dicans,
2366 3495 2434 3549 ab
2462 3494 2652 3549 incolis
2681 3493 2782 3548 loci
2814 3494 2955 3548 illius
2988 3493 3156 3548 imbre
3188 3492 3419 3561 lapidum
3453 3492 3714 3558 obruitur,

2134 3603 2190 3648 et
2217 3592 2294 3646 sic
2323 3591 2561 3661 martyrii
2589 3589 2757 3659 gloria
2782 3596 3090 3641 coronatur.

2205 3703 2345 3756 Idem
2379 3702 2430 3754 in
2462 3701 2524 3753 Α.
2557 3699 2621 3754 Τ.
2657 3700 2741 3765 ι...
2768 3698 2887 3767 Ipso
2908 3698 2996 3752 die
3036 3698 3174 3767 apud
3228 3697 3573 3751 Valentianas
3603 3710 3720 3765 pas-

2131 3794 2210 3847 t-io
2231 3799 2287 3848 S.
2321 3793 2346 3829 ιι
2372 3793 2535 3850 Salvii
2563 3792 2801 3862 episCOpi
2845 3802 2897 3846 et
2945 3791 3218 3861 martyris.
3268 3789 3358 3853 T.,
3390 3790 3480 3858 qui
3511 3804 3604 3858 pro
3625 3802 3718 3842 no-

1826 3887 2033 3942 SMITII
2075 3887 2303 3943 NOTAS.

518 3984 544 4010 ⁸
578 3975 854 4046 Simplicii.
882 4006 951 4016 -—
971 3975 1069 4043 Qui
1096 3977 1353 4034 successit
1398 3976 1689 4046 Egemonio
1736 3978 1788 4029 in
1813 3976 2025 4041 episco-

446 4054 573 4127 patu
605 4044 866 4127 Aﬁduepsi
895 4065 907 4099 :
942 4047 1115 4100 Iiornit
1143 4059 1324 4127 autem
1353 4044 1684 4127 temporibus
1730 4047 2026 4127 Consul-itii

444 4115 605 4181 imp.,
642 4115 984 4184 interluitque
1013 4134 1112 4170 una
1142 4133 1259 4171 cum
1293 4118 1350 4172 S.
1397 4122 1637 4171 Servatio
1684 4115 1912 4172 concilio
1936 4119 2031 4170 Co-

447 4185 674 4241 loniensi
698 4195 880 4239 contra
911 4188 1228 4254 Euphratem
1258 4186 1494 4256 ejusdem
1529 4188 1674 4241 urbis
1715 4188 2029 4253 episcopum

445 4272 584 4327 anno
611 4258 717 4311 5&6
762 4258 1050 4312 celebrato.
1087 4259 1157 4311 De
1190 4260 1290 4311 hoc
1336 4259 1454 4312 vide
1497 4260 1646 4327 plura
1699 4258 1837 4321 apud
1864 4258 2025 4327 Greg.

447 4326 652 4382 Turon.
682 4328 771 4380 lib.
801 4329 865 4381 de
897 4330 1042 4382 Glnr.
1068 4327 1311 4382 Confess.
1336 4344 1453 4395 cap.
1476 4326 1565 4390 76,
1597 4330 1686 4392 77,
1710 4328 1801 4382 78.

520 4395 546 4434 ι’
580 4397 881 4463 Sosipatris.
918 4400 1067 4465 Apud
1095 4399 1277 4468 Pyrrhi
1311 4398 1573 4453 Bormam.
1600 4400 1748 4452 IIunc
1768 4398 2028 4465 Origenes

445 4467 497 4520 in
531 4468 699 4534 Epist.
732 4470 796 4522 ad
832 4468 987 4521 Itoni.
1019 4470 1090 4520 ait
1121 4467 1423 4520 Ordinatum
1480 4469 1645 4522 fuisse
1685 4469 2030 4521 Thessaloni-

2214 4053 2237 4081 ε
2260 4044 2538 4101 Lietbuini.
2572 4047 2625 4100 Si
2656 4046 2742 4099 hic
2771 4045 2839 4098 sit
2890 4045 3027 4098 idem
3079 4059 3198 4096 rum
3233 4042 3471 4097 Leouino
3500 4044 3719 4114 presby-

2139 4125 2275 4177 tero,
2296 4133 2360 4169 ex
2392 4118 2680 4183 Anglorum
2705 4130 2861 4183 gente
2883 4114 3140 4167 oriundus
3164 4123 3265 4178 est,
3294 4127 3342 4166 et
3368 4114 3434 4167 de
3460 4124 3600 4166 terra
3622 4127 3717 4166 sua

2140 4190 2322 4239 exiens
2350 4189 2498 4251 petiit
2527 4186 2827 4253 Trajectum
2867 4203 2879 4237 ε
2907 4194 2960 4238 et
2982 4200 3009 4237 a
3038 4184 3098 4239 S.
3130 4184 3411 4253 Gregorio,
3436 4185 3716 4252 episcopo,

2140 4271 2258 4309 cum
2292 4256 2348 4310 S.
2388 4252 2691 4311 Marcellino
2718 4257 2782 4309 ad
2814 4256 2996 4309 Iselam
3026 4252 3257 4307 ﬂuvium
3280 4255 3330 4305 in
3384 4252 3719 4306 Transiselao

2141 4341 2330 4378 norum
2366 4338 2538 4395 partes
2568 4328 2759 4381 missus
2786 4324 3118 4393 praedicavit;
3143 4334 3267 4395 post
3290 4327 3577 4378 multorum
3605 4331 3719 4395 tan-

2138 4395 2259 4449 dem
2290 4392 2691 4451 conversionem
2722 4392 3022 4450 ac'Iabores
3049 4394 3182 4446 obiit
3224 4393 3548 4455 Daventrize,
3584 4401 3638 4445 et
3660 4392 3717 4446 in

2138 4468 2431 4523 catliedrali
2463 4468 2690 4522 ecclesia
2717 4467 2986 4534 depositus
3017 4466 3131 4517 fuit.
3188 4463 3321 4534 Dies,
3362 4462 3718 4534 depositionis

446 4512 662 4591 rens'etn
698 4541 1025 4607 episc0pum,
1062 4540 1184 4592 licet
1214 4538 1513 4591 Dorotheus
1559 4542 1609 4591 in
1658 4539 1859 4608 Synop.
1909 4554 2030 4592 eum
2066 4512 2442 4591 Decleliratur
2498 4554 2565 4591 xu
2615 4512 2925 4608 Novetnbris
2952 4551 2964 4587 :
2994 4533 3357 4608 translationis
3404 4512 3509 4587 xrxv
3554 4532 3716 4588 Junii.

445 4608 653 4730 sedisse
683 4609 843 4664 Iconii
875 4618 1172 4678 assevezet,
1206 4620 1258 4662 et
1290 4609 1451 4663 inisse
1486 4625 1646 4662 unum
1680 4625 1741 4663 ex
1775 4609 1841 4661 72
1869 4608 2031 4662 disci-

445 4693 516 4730 ου
544 4694 607 4730 IS.

444 4693 607 4747 pnus.

524 4748 793 4805 °Luceia:.
837 4749 1029 4804 Luccia
1084 4753 1231 4819 virgo
1278 4757 1332 4803 et
1372 4750 1598 4803 Anccias
1647 4748 1893 4802 dominus
1916 4748 2032 4814 ejus

450 4821 759 4891 temporalis
813 4820 996 4875 Batnae
1048 4820 1361 4891 martyrium
1394 4820 1533 4889 passi
1555 4832 1678 4873 snnt
1704 4822 2033 4886 temporibus

447 4888 785 4945 DiOcIctiaui.
814 4888 1421 4958 lltncliomana'origiui‘
1445 4894 1511 4946 ab
1538 4891 1733 4943 Auceia
1782 4890 2034 4943 barbaio«

452 4974 568 5030 rum
605 4974 726 5027 rege
755 4970 905 5029 capta
938 4972 990 5015 et
1019 4965 1069 5015 in
1098 4964 1316 5030 patriam
1346 4962 1460 5029 ejus
1483 4962 1705 5014 adducta
1736 4972 1837 5013 est.
1863 4962 2031 5025 Quam

452 5028 577 5080 dum
610 5030 867 5084 barbarus
919 5028 1118 5086 violare
1164 5034 1325 5085 vellet
1354 5028 1623 5085 {audiens
1670 5030 1738 5082 ab
1782 5044 1843 5083 ea
1895 5031 2033 5095 quod

456 5097 622 5178 Deum
660 5101 894 5178 haberet
940 5119 1191 5170 SptIIISlIIII
1222 5104 1341 5171 ejus
1390 5101 2028 5178 delloratinnis_uItorem,

449 5171 696 5223 estimuit
743 5180 799 5224 et
851 5188 1163 5227 reverenter
1219 5190 1334 5228 eam
1385 5175 1649 5225 tractavit.
1683 5171 1843 5236 Cujus
1873 5172 2032 5223 etiam

453 5240 703 5312 precibus
754 5242 895 5295 idem
929 5259 1017 5296 rex
1052 5244 1254 5312 pluries
1285 5245 1351 5296 de
1404 5244 1515 5296 suis
1562 5242 1804 5294 hostibus
1850 5241 2034 5312 trium-

451 5311 650 5379 phavit,
686 5310 1129 5381 quamobrem'ad
1162 5313 1428 5369 Christum
1458 5326 1749 5366 conversus
1772 5310 2028 5379 virginem

447 5383 779 5441 manumisit.
825 5384 952 5436 Dum
1002 5394 1177 5437 autem
1232 5385 1318 5436 illa
1348 5385 1412 5435 ad
1457 5391 1678 5450 patriam
1722 5382 1896 5434 redire
1928 5384 2036 5434 γυι-

447 5452 540 5519 let,
597 5455 711 5523 ipse
754 5455 983 5508 Anceias
1025 5458 1238 5508 deserto
1289 5470 1451 5521 regno
1502 5455 1754 5521 virginem
1811 5453 2034 5523 Romam

447 5521 632 5591 usque
653 5537 866 5578 secutus
896 5535 997 5589 est,
1034 5526 1122 5578 ubi
1148 5528 1306 5578 ambo
1330 5524 1504 5591 gladio
1536 5527 1658 5577 ρευδὶ
1689 5528 1834 5575 sunt.
1864 5521 2032 5575 Pera.

450 5609 517 5645 ιιε
550 5596 753 5650 Νιιτλι..
790 5596 920 5652 Male
949 5599 1143 5650 dic.tur
1172 5596 1273 5649 hoc
1305 5597 1421 5648 loco
1452 5595 1619 5650 Lucia
1639 5594 2038 5675 Thessalonica:

485 5678 625 5715 as-a.

449 5678 482 5731 Ρ
523 5730 550 5769 ά
590 5734 748 5803 Eligii
793 5745 838 5789 et
903 5736 1216 5789 Ii’iudiciani.
1252 5734 1400 5802 Eligii
1449 5734 1711 5800 depositio
1737 5734 2037 5788 celebratur

450 5803 701 5861 Kalendis
729 5806 1033 5860 Decembris
1062 5824 1071 5859 :
1118 5806 1406 5862 Vindicium
1444 5817 1619 5861 autem
1642 5821 1668 5858 v
1691 5803 1809 5860 ldus
1841 5804 2031 5859 Martii.

2138 4608 2389 4662 Mounus
2417 4608 2483 4661 de
2507 4610 2604 4662 SS.
2645 4607 2826 4673 llelgii.
2861 4604 3081 4658 Culmus
3104 4607 3230 4658 SEN.

2210 4676 2228 4715 ί
2259 4680 2497 4731 Amundi.
2526 4679 2577 4731 In
2601 4677 2906 4733 Gemelaico
2934 4691 3053 4727 cum
3085 4674 3435 4729 Domnoleno.
3458 4673 3718 4728 Momms

2137 4748 2187 4800 in
2223 4749 2449 4802 Usnard.
2491 4748 2766 4802 Ferrarius
2795 4761 2889 4801 eos
2920 4746 3091 4816 pridie
3116 4752 3397 4808 memorat,
3419 4756 3473 4798 et
3525 4744 3721 4798 Lemo-

2136 4820 2263 4872 vicis
2295 4834 2477 4885 passos
2509 4819 2715 4871 scribit.

2209 4896 2232 4931 Β
2263 4884 2483 4945 Joannis
2536 4900 2582 4941 et
2628 4888 2802 4940 Pauli.
2872 4886 2944 4939 De
2987 4886 3067 4941 his
3096 4885 3218 4939 vide
3245 4886 3399 4954 plura
3429 4885 3484 4938 in
3507 4884 3721 4952 Adone,

2139 4958 2389 5023 Notkero,
2425 4960 2565 5011 I’etr.
2594 4959 2661 5011 de
2694 4957 2864 5011 Natal.

2208 5031 2236 5066 ιι
2269 5029 2450 5083 Salvii.
2491 5029 2735 5095 Episcopi
2768 5025 3205 5094 Engolismensis,
3236 5026 3323 5096 qui
3347 5025 3416 5079 de
3438 5023 3724 5091 Aquitania

2139 5100 2439 5167 Spargendo
2472 5100 2614 5152 verbi
2646 5098 2736 5151 Dei
2780 5097 3004 5167 semina.
3053 5100 3295 5162 pervenit
3346 5111 3465 5149 cum
3500 5110 3604 5148 uno
3628 5108 3729 5167 co-

2139 5165 2526 5237 rniteSuperio
2551 5172 2614 5222 ad
2644 5171 2915 5222 civitatem
2951 5166 3313 5229 Valencenas;
3348 5177 3401 5220 et
3450 5167 3527 5218 ire
3556 5165 3727 5217 voluit

2137 5243 2430 5294 Condatum
2476 5240 2538 5291 ad
2587 5242 2889 5294 coenobium
2936 5237 2993 5289 Β.
3044 5237 3246 5291 Mariae.
3279 5238 3335 5291 In
3386 5238 3505 5303 ipso
3545 5244 3730 5287 autem

2140 5312 2349 5376 itinere,
2372 5313 2421 5364 in
2455 5311 2573 5361 villa
2600 5326 2678 5367 sc.
2709 5324 2825 5376 quze
2856 5307 3051 5361 dicitur
3088 5307 3405 5367 Beviticum,
3433 5321 3461 5358 a
3488 5304 3725 5376 quodam

2141 5373 2367 5451 tyranno
2418 5373 2737 5448 Winegario'
2758 5378 2908 5447 jussu
2960 5377 3163 5431 domini
3194 5381 3274 5451 sui
3322 5376 3637 5451 Winegardi
3667 5373 3728 5428 in

2138 5447 2319 5519 capite
2346 5454 2515 5504 securi
2549 5447 2855 5518 percu5sus,
2880 5462 2999 5519 cum
3025 5447 3331 5519 supradicto
3351 5448 3550 5519 comite
3580 5458 3732 5500 mar-

2142 5516 2336 5590 tyrium
2367 5516 2673 5584 διιΙιίιιζριιὶ
2699 5519 2855 5572 ambo
2879 5516 2930 5571 in
2957 5518 3167 5590 stabulo
3193 5517 3595 5590 reconditipost
3620 5525 3735 5569 tres

2138 5587 2306 5645 annos
2336 5593 2660 5646 revelatiOue
2682 5591 2860 5643 divina
2887 5590 2953 5642 ab
2976 5589 3295 5655 imperatore
3315 5589 3508 5642 Carolo
3533 5587 3731 5653 Magno

2140 5662 2360 5727 inventi,
2394 5671 2448 5716 et
2478 5663 2527 5714 in
2561 5661 2677 5715 loco
2705 5660 2791 5713 ubi
2824 5672 2967 5712 nunc
3015 5654 3283 5727 prioratus
3331 5665 3414 5712 est
3441 5656 3499 5712 S.
3535 5654 3729 5727 Salvii,

2140 5734 2333 5800 sepulti
2350 5726 2509 5785 sunt.
2537 5731 2915 5785 Monasterium
2937 5726 3028 5782 est
3048 5736 3196 5781 extra
3240 5729 3568 5800 Valeneenas
3593 5726 3735 5778 dite-

2142 5799 2276 5859 ceSis
2302 5801 2736 5871 Cameracensis,
2772 5801 2859 5858 ubi
2888 5801 3003 5855 dies
3034 5800 3276 5870 martyrii
3302 5799 3555 5855 rccolitur
3574 5805 3733 5852 sexto
