3990 6196
305 224 404 281 961

1433 221 1623 276 SECT.
1669 220 1728 273 Il.
1771 250 1838 259 —-
1878 215 2439 271 M.\iiTYllOl."‘Gl.-\.
3460 215 3565 269 969.

1588 325 1814 385 EDITIO
1851 330 2312 384 (ZULONIENSIS.

304 424 711 481 circumcisione
756 423 1111 487 credideram,
1157 424 1208 476 in
1252 422 1441 481 Ponto.
1481 423 1704 485 Calatia,
1740 421 1877 489 Cap-
1909 429 1957 484 Α
2060 418 2122 474 F.
2145 417 2729 473 PRID.K.\LEND.JULII.
2754 417 2953 471 Eodem
2977 431 3133 481 anno,
3156 432 3259 486 quo
3277 433 3461 485 passus
3478 423 3565 473 es!

310 519 555 588 padocia,
608 518 726 569 Asia
758 523 813 568 et
842 514 1085 584 Bithynia
1131 515 1194 567 ad
1239 513 1647 581 expugnandum
1695 512 1883 566 Simo-

313 623 434 660 nem
466 619 676 673 magum
708 602 927 655 Romam
962 604 1154 655 missus
1179 611 1284 667 est,
1312 603 1492 668 ibique
1523 600 1703 668 viginti
1728 602 1883 669 quin-

312 710 417 762 que
469 708 638 745 annos
688 690 995 743 cathedram
1047 690 1431 744 sacerdotalem
1478 690 1668 756 tenuit,
1719 702 1885 757 usque

310 785 374 836 ad
425 785 664 836 ultimum
715 797 910 835 annum
961 780 1212 845 Neronis,
1266 796 1293 833 a
1343 796 1448 849 quo
1497 780 1688 833 afllxns
1737 780 1884 833 cruci

313 875 572 943 martyrio
603 881 685 926 est
711 881 1020 936 coronatus,
1070 873 1243 939 capite
1284 872 1348 925 ad
1395 882 1591 926 terram
1626 886 1801 937 verso,
1833 879 1888 925 et

315 965 367 1019 iu
398 965 624 1017 sublime
656 962 877 1030 pedibus
921 961 1165 1026 elevatis,
1215 977 1464 1016 asserens
1509 978 1567 1017 se
1615 962 1887 1029 indignum

312 1054 401 1122 qui
448 1052 845 1119 crucifigeretur
892 1061 944 1103 ut
994 1052 1248 1105 Dominus
1296 1068 1445 1105 suus.
1496 1051 1746 1118 Sepultus
1793 1065 1885 1104 au-

318 1159 423 1203 tem
471 1156 555 1202 est
598 1147 649 1200 in
695 1148 884 1201 eadem
940 1148 1071 1200 urbe
1114 1147 1164 1200 in
1217 1147 1509 1212 Vaticano,
1556 1145 1707 1215 juxta
1747 1147 1929 1213 viam,

316 1240 716 1309 Triumphalem
744 1278 759 1303 ,
801 1240 891 1307 qui
937 1240 1098 1293 totius
1138 1240 1283 1292 orbis
1324 1247 1607 1292 veneratur
1652 1238 1893 1292 celebra-

317 1340 481 1386 tione.
545 1332 640 1386 llic
698 1331 961 1384 ordinavit
1016 1330 1151 1383 duos
1213 1331 1532 1397 episcopos,
1595 1329 1783 1382 Linum
1839 1337 1893 1382 et

318 1426 552 1486 Clelum,
582 1428 669 1489 qui
703 1422 1107 1489 prmsentialiler
1132 1438 1289 1475 omne
1321 1422 1675 1475 ministerium
1709 1437 1893 1475 sacer-

316 1514 495 1569 dotale
546 1514 596 1565 in
649 1514 778 1566 urbe
812 1513 974 1566 Roma
1026 1513 1219 1581 pepnlo
1267 1514 1348 1565 vel
1397 1511 1894 1579 supervenientibus

317 1604 624 1657 exhibereut
652 1619 666 1663 ;
698 1602 810 1673 ipse
842 1619 968 1657 vero
999 1602 1228 1656 orationi
1273 1614 1327 1656 et
1373 1602 1737 1671 prmdicalioni
1767 1617 1893 1671 ope-

319 1712 433 1751 ram
464 1696 644 1750 dabat.

1986 511 2274 576 Dominus,
2313 521 2522 565 constat
2563 510 2780 564 Paulum
2811 508 2876 563 ad
2915 506 3073 561 ﬁdem
3109 508 3341 578 venisse.
3370 509 3563 562 Paulus

1985 618 2195 672 quoque
2215 612 2334 671 post
2358 603 2653 671 passionem
2680 600 2888 655 Domini
2912 601 3167 656 vicesimo
3190 600 3374 667 quinto
3395 615 3561 663 anno,

1986 695 2037 749 id
2070 703 2170 757 est,
2196 695 2429 749 secundo
2460 695 2703 757 Neronis,
2724 702 3002 761 postquam
3026 708 3051 743 a
3083 690 3375 746 Jerusalem
3399 705 3568 759 usque

1990 785 2251 854 Iliyricum
2300 786 2520 854 replevit
2553 783 2895 852 Evangelium
2927 782 3147 843 Christi.
3196 782 3414 835 Romam
3443 782 3561 835 vin-

1988 887 2105 931 ctus
2145 878 2337 930 missus
2366 887 2467 939 est,
2496 888 2549 930 et
2571 878 2708 930 sicut
2756 876 2869 943 ipse
2906 875 2957 928 in
2994 876 3222 929 secunda
3252 874 3473 941 epistola
3500 872 3567 925 ad

1988 972 2323 1026 Timotheum
2350 971 2553 1033 scribit,
2576 970 2831 1023 liberatus
2858 968 2924 1023 de
2945 982 3041 1021 ore
3064 967 3254 1030 leonis,
3292 964 3566 1031 videlicet,

1993 1063 2314 1116 ferocissimi
2343 1062 2698 1129 persecutoris
2725 1060 2966 1124 Neronis,
2996 1058 3336 1127 Evangelium
3367 1056 3565 1110 Christi

1994 1152 2048 1207 in
2105 1153 2412 1207 Occidentis
2459 1166 2670 1221 qucque
2721 1151 2959 1218 partibus
3006 1148 3333 1218 prmdicavit.
3387 1146 3455 1201 Et
3484 1148 3572 1199 hic

1994 1257 2121 1313 ergo
2174 1254 2362 1312 quarto
2406 1242 2615 1296 decimo
2665 1241 2890 1294 Neronis
2919 1255 3081 1303 anno,
3115 1239 3302 1293 eodem
3352 1237 3437 1291 die
3464 1250 3574 1304 quo

1998 1338 2211 1411 Petrus,
2246 1338 2429 1391 Romae
2472 1351 2566 1406 pro
2602 1335 2814 1390 Christo
2864 1333 3040 1401 capite
3070 1340 3363 1392 trttucatur,
3393 1325 3574 1395 sepul-

2000 1438 2193 1496 tusque
2240 1436 2322 1481 est
2372 1428 2423 1480 in
2472 1428 2555 1479 via
2604 1424 2864 1485 Ostiensi,
2912 1436 3054 1475 anno
3106 1430 3224 1488 post
3275 1418 3576 1486 passionem

1999 1516 2211 1571 Domini
2259 1516 2528 1570 tricesimo
2568 1514 2816 1583 septimo.
2850 1511 2979 1565 Item
3015 1510 3334 1565 beatissima!
3364 1506 3578 1561 Lucinae

2000 1605 2281 1673 discipulae
2330 1605 2719 1673 apostolorum,
2769 1612 2823 1657 et
2872 1600 3182 1655 Lemovicas
3229 1600 3401 1653 sancti
3443 1598 3582 1651 Mar-

2003 1693 2140 1747 tialis
2168 1695 2405 1761 episcopi
2446 1704 2495 1747 et
2544 1692 2889 1748 confessoris.
2942 1689 2997 1744 In
3040 1690 3329 1759 Agrippina
3359 1699 3573 1742 sancto-

1944 1778 1985 1835 B
2014 1797 2126 1836 rum
2154 1782 2421 1852 Asclyppi,
2453 1782 2734 1852 Pamphili.

1597 1875 1824 1931 EDITIO
1863 1872 2371 1932 DOLLANDIANA.

396 1970 484 2024 50.
512 1999 581 2009 -
606 1966 645 2022 ll
674 1966 804 2022 KAL.
845 1967 1002 2020 Vacat
1044 1967 1221 2020 Baeda.

400 2062 586 2116 Florus
614 2062 663 2113 in
698 2060 762 2113 A.
801 2058 862 2112 Τ.
897 2060 935 2112 L
966 2102 979 2124 ,
1019 2059 1329 2113 Lcmovicas
1377 2058 1593 2112 civitate
1639 2058 1905 2126 depositio

326 2162 351 2188 α
386 2150 636 2206 Martialis
671 2148 925 2218 episcopi,
956 2148 981 2185 ι’
1008 2150 1099 2216 qui
1154 2148 1251 2201 fuit
1296 2163 1431 2202 unus
1476 2149 1543 2202 de
1574 2153 1906 2218 septuaginta

325 2243 551 2295 duobus.
584 2241 646 2295 Τ.
681 2240 761 2301 L.,
802 2243 889 2306 qui
936 2255 964 2292 a
1011 2240 1241 2293 Romana
1302 2241 1432 2295 urbe
1479 2256 1508 2294 a
1562 2242 1619 2296 Β.
1673 2244 1828 2297 Petro
1858 2244 1908 2297 in

328 2334 528 2388 Gallias
560 2334 767 2392 missus,
804 2334 855 2387 iu
889 2334 1019 2387 urbe
1051 2333 1392 2388 Lemovicina
1427 2336 1717 2403 praedicare
1746 2353 1905 2391 exitr-

330 2441 424 2481 sus
467 2432 581 2488 est;
630 2424 933 2493 evel-sisque
979 2425 1382 2480 simulacrorum
1428 2427 1617 2481 ritibus
1645 2469 1659 2491 ,
1705 2429 1906 2494 repleta

1999 1972 2109 2041 jam
2187 1970 2319 2023 urbe
2386 1968 2476 2021 Dei
2542 1963 2898 2028 credulitate,
2968 1963 3213 2032 migravit
3268 1978 3298 2017 a
3356 1967 3577 2021 smculo.

2080 2063 2145 2117 A.
2180 2061 2268 2122 Τ..
2302 2057 2601 2127 Andcgavis
2622 2056 2838 2109 civitate
2864 2055 3151 2127 translatio
3168 2056 3406 2122 corporis
3430 2061 3450 2087 ο
3482 2058 3581 2110 At.

2010 2135 2119 2191 bini
2171 2130 2402 2198 episcopi
2453 2123 2507 2181 et
2549 2127 2901 2198 confessoris.
2930 2124 3014 2198 v.7,
3060 2123 3086 2162 ἀ
3115 2123 3579 2198 Commemoratio.

2012 2202 2099 2261 (3.,
2156 2194 2436 2254 Natales.
2488 2198 2633 2249 l’auli
2681 2194 2926 2263 apostoli.
2979 2196 3064 2256 C.,
3118 2195 3179 2246 Et
3230 2197 3400 2247 natale
3450 2196 3575 2261 SS.,

2021 2280 2041 2302 υ
2073 2270 2358 2332 Timothei,
2390 2266 2579 2329 Zolit'i,
2616 2264 2818 2320 Panthi.
2861 2264 2947 2327 3.,
2982 2264 3288 2316 Letnovicas
3318 2266 3584 2329 depositio

2014 2340 2072 2396 S.
2107 2340 2353 2395 Martialis
2382 2337 2614 2404 episc0pi
2648 2346 2699 2388 et
2734 2332 3077 2404 confessoris.
3122 2333 3421 2403 Andegavis
3449 2336 3583 2390 civi-

2018 2420 2125 2464 tate
2156 2403 2429 2464 translatio
2458 2406 2694 2475 corporis
2721 2404 2777 2458 S.
2810 2403 2982 2458 Albini
3012 2404 3266 2472 episcopi.

1704 2519 1911 2574 SMITll
1950 2521 2175 2578 NOTAE.

405 2614 427 2639 ι·
470 2603 743 2657 Martialis.
778 2605 875 2670 Qui
908 2605 1168 2670 interluit,
1196 2615 1251 2659 ιιι
1284 2604 1470 2670 fertur,
1501 2608 1624 2660 dum
1659 2606 1902 2663 Christus

329 2674 471 2729 5ιιυο
516 2674 753 2746 homines
794 2676 1002 2728 satiavit
1045 2691 1104 2728 cx
1140 2680 1369 2744 quinque
1414 2678 1640 2746 panibus
1686 2689 1739 2730 et
1775 2680 1903 2728 duo-

332 2746 430 2796 bus
480 2744 742 2811 piscibus;
791 2755 850 2816 et
884 2760 1003 2797 cum
1039 2746 1088 2798 in
1120 2761 1274 2799 cmua
1326 2744 1486 2816 pedes
1514 2748 1901 2816 discipulorum

329 2816 534 2886 abluit;
569 2824 685 2882 post
715 2814 1016 2886 passionem
1050 2817 1106 2868 Β.
1142 2818 1296 2869 Petro
1328 2814 1580 2882 adhaesit,
1632 2814 1754 2870 cum
1801 2835 1904 2886 quo

333 2884 387 2954 in
428 2884 721 2947 Galilaeam,
753 2885 1107 2950 Antiochiam,
1142 2898 1194 2940 et
1227 2887 1446 2940 Romam
1477 2887 1770 2954 profectus,
1807 2884 1902 2942 fuit

331 2946 605 3007 aliendi-in
657 2956 937 3023 episcopus
986 2946 1281 3021 ordinatus,
1317 2967 1369 3009 et
1408 2946 1899 3023 ad'prardicandum

2085 2622 2106 2649 ο
2138 2609 2328 2663 Albini.
2360 2608 2564 2674 Corpus
2586 2606 2702 2674 ejus
2741 2603 3003 2670 Sepultum
3057 2602 3153 2657 fuit
3195 2611 3246 2657 et
3272 2600 3575 2673 aliquandiu

2003 2680 2169 2748 jacuit
2205 2682 2254 2733 in
2299 2678 2508 2734 basilica
2562 2676 2619 2748 S.
2652 2675 2805 2748 Petri
2850 2674 3287 2748 _And_egavensis:
3318 2677 3409 2727 sed
3451 2675 3572 2748 inde

2013 2744 2116 2805 non
2160 2751 2328 2804 multo
2367 2757 2484 2817 post
2528 2746 2606 2817 ab,
2648 2746 2899 2810 Eutropio
2938 2744 3062 2817 ejus
3096 2758 3405 2817 sui-cessure
3433 2752 3486 2817 et
3516 2745 3578 2801 S.

2012 2821 2279 2875 Germano
2327 2813 2611 2872 Parisiensi
2646 2817 2869 2882 aliisque
2914 2813 3324 2881 provincialibus
3369 2815 3582 2882 episeo-

2011 2893 2112 2958 pis,
2166 2894 2215 2943 in
2264 2888 2567 2957 basilicam,
2615 2897 2882 2958 quaagtum
2928 2884 3050 2937 divo
3095 2883 3363 2937 Germano
3415 2885 3579 2958 Altis-

2008 2954 2303 3014 siodorensi
2353 2972 2506 3011 sacra
2548 2965 2682 3014 erat.
2714 2954 2781 3006 ab
2834 2968 2897 3006 eo
2947 2968 3073 3007 vero
3125 2963 3362 3019 tempore
3414 2954 3580 3019 ipsius

330 3024 382 3096 in
425 3024 646 3096 Galliam
697 3039 817 3076 cum
843 3018 1073 3078 ‘duobus
1130 3018 1470 3096 presbyteris.
1510 3018 1801 3094 'Alpiniano
1851 3039 1905 3081 et
1935 3018 1978 3079 C
2009 3031 2174 3083 sancti
2202 3028 2452 3081 antistitis
2482 3027 2695 3078 nomine
2725 3038 2786 3077 ac
2816 3023 3331 3096 tituloceleberrima
3354 3018 3580 3090 exstitit,

332 3094 745 3146 Austricliniano
775 3096 1004 3147 directus
1030 3114 1041 3147 :
1074 3113 1176 3161 quo
1207 3097 1256 3149 in
1289 3094 1480 3150 itinere
1514 3113 1605 3163 per
1636 3097 1900 3151 Ειιιιι-ἰςιιιι

327 3173 381 3215 et
412 3164 655 3217 'l‘nsciam
708 3166 991 3228 transiens,
1027 3167 1250 3219 traditur
1276 3178 1329 3220 et
1357 3167 1509 3221 Senis
1538 3177 1586 3220 et
1626 3170 1746 3219 rolli
1782 3167 1903 3220 Val—

326 3233 540 3285 tlisense
590 3235 795 3297 aliquos
842 3235 903 3285 ad
960 3236 1114 3287 iidem
1167 3238 1521 3290 convertisse.
1570 3238 1637 3289 At
1675 3238 1900 3290 Calliam

329 3302 603 3367 profectus
657 3304 950 3357 Letnovicis
999 3305 1214 3369 quidezn
1252 3307 1514 3373 praecipue
1547 3312 1765 3359 verbum
1798 3323 1899 3358 an-

330 3383 610 3443 nuntiavit,
671 3382 724 3425 et
772 3375 971 3439 primus
1003 3376 1196 3428 ibidem
1230 3378 1514 3443 episcopus
1545 3378 1776 3428 resedit:
1808 3377 1899 3429 sed

332 3442 527 3493 dicitur
571 3446 726 3494 etiam
771 3445 910 3509 quod
964 3442 1323 3509 Aniciensem,
1361 3446 1775 3508 Rutheuensetn,
1804 3449 1914 3510 Ar-,

332 3526 669 3576 vertiensem,
700 3514 1102 3578 Mimiateusetn,
1132 3517 1533 3579 liituricensem,
1559 3515 1897 3578 Tolosanam,

330 3590 385 3651 et
435 3582 565 3632 alias
615 3585 848 3635 i-rexerit
889 3587 1221 3651 episcopales
1273 3586 1557 3639 Ecclesias.
1615 3586 1666 3636 In
1707 3586 1900 3650 quibus

337 3650 464 3701 locis
495 3653 733 3704 diversas
760 3656 1019 3706 exstruxit
1067 3650 1119 3707 in
1171 3656 1423 3709 honorem
1467 3655 1577 3716 Dei,
1611 3654 1666 3705 Β.
1700 3654 1899 3717 Mariae,

333 3720 389 3769 S.
426 3721 702 3784 Stephani,
733 3738 793 3772 ac
823 3722 880 3776 S.
920 3723 1057 3776 l'etri
1084 3726 1347 3789 basilicas,
1391 3736 1441 3777 et
1476 3723 1899 3787 praedicationem

331 3804 482 3840 suam
516 3793 782 3843 miraculis
811 3792 1158 3846 conﬁrmavit.
1192 3796 1425 3847 Tandem
1450 3795 1597 3847 senio
1628 3793 1902 3845 confectus

333 3858 383 3931 in
419 3875 545 3924 pace
576 3862 772 3926 quievit
800 3877 939 3913 anno
963 3862 1164 3916 Domini
1198 3863 1287 3927 7i,
1324 3875 1561 3931 tempore
1596 3861 1900 3928 Vespasiani

331 3928 576 3991 Augusti,
606 3932 941 3995 episcopatus
970 3946 1148 3986 autem
1178 3938 1256 3986 sui
1283 3933 1373 3995 9.8,
1407 3928 1457 3985 ei
1490 3934 1785 3987 Lemovich
1819 3947 1903 3985 sc-

335 4001 639 4070 pultusgest.
664 4000 883 4054 GDINIUS
911 4006 1058 4067 Ssx,
1094 4004 1255 4057 Ps'ra.
1293 4020 1358 4056 ut;
1388 4003 1588 4057 NATAI..
1624 4000 1904 4070 [insigniter

327 4077 475 4147 Errat
504 4066 790 4147 Cregorins
817 4071 1011 4124 'l‘urou.
1043 4073 1134 4147 lib.
1166 4089 1202 4138 ι,
1230 4088 1356 4147 cap.
1391 4075 1479 4136 5t),
1508 4074 1629 4147 dum
1661 4066 1903 4147 tempore

330 4135 474 4212 Decii
522 4135 648 4204 imp.
675 4154 811 4212 _emn
860 4156 979 4193 cum
1011 4144 1125 4197 aliis
1155 4135 1242 4212 qui
1275 4135 1381 4198 illic
1424 4135 1819 4206 describuntur,
1852 4142 1900 4193 in

331 4204 531 4259 Gallias
571 4208 777 4262 venisse
810 4221 1053 4264 testatur.

401 4274 426 4311 δ
465 4274 631 4330 Verba
663 4280 751 4346 qui
783 4282 878 4348 [ait
910 4298 997 4332 tm.
1028 4284 1090 4335 (le
1114 4281 1255 4351 Sept.
1290 4283 1343 4335 ά.
1379 4296 1488 4337 om.
1520 4282 1581 4335 Τ.
1608 4282 1668 4336 L.

2008 3101 2316 3154 translatum
2367 3100 2479 3162 Iutt,
2530 3110 2591 3148 ac
2641 3097 2690 3146 in
2733 3109 2793 3146 ea
2840 3092 3079 3160 ejusdem
3126 3092 3356 3145 basilica:
3404 3104 3578 3161 parte,

2006 3186 2122 3238 qua:
2154 3168 2419 3223 confessio
2472 3164 2794 3238 appellatur,
2824 3162 3268 3238 collocat_um._l§x
3304 3162 3580 3238 Breviario

2006 3231 2300 3294 monastico
2347 3240 2403 3290 S.
2457 3231 2629 3289 Aibitti
2682 3234 3077 3298 Amlegavensis
3129 3231 3271 3286 edito
3315 3247 3344 3284 a
3395 3232 3577 3287 Mabil-

2010 3311 2118 3363 Ion.
2172 3305 2545 3362 sa‘culotSS.
2606 3304 3067 3356 Benedicunorum
3128 3302 3468 3355 Mabillonins
3526 3304 3581 3358 in

2007 3380 2158 3433 Notis
2185 3380 2369 3432 scribit
2401 3377 2537 3428 hanc
2560 3372 2959 3427 translationem
2981 3372 3263 3439 contigisse
3287 3386 3427 3426 anno
3452 3371 3579 3437 536,

2007 3450 2087 3501 vel
2120 3449 2245 3510 5.35,
2277 3462 2383 3515 quo
2412 3446 2707 3515 Germanus
2741 3442 3057 3495 [‘arisiacatn
3086 3440 3435 3515 sedem_iuiit,
3464 3452 3581 3515 post

2008 3532 2105 3570 sex
2150 3510 2318 3569 annos
2356 3531 2515 3582 quam
2566 3514 2788 3582 Albinus
2840 3524 3081 3565 mortuus
3110 3510 3370 3582 εει-ξιιμ
3397 3520 3449 3582 et
3476 3511 3579 3582 alia

2008 3587 2284 3639 translatio
2340 3577 2494 3651 hujus
2543 3582 2711 3636 sancti
2767 3580 2897 3631 iacta
2944 3596 3083 3633 anno
3126 3577 3269 3651 “28
3308 3577 3575 3651 Kalendis

2007 3655 2203 3716 Martii.
2252 3656 2366 3722 ipso
2410 3648 2499 3706 die
2547 3651 2758 3705 scilicet
2802 3664 2906 3715 quo
2954 3650 3214 3717 depositio
3271 3648 3387 3715 ejus
3430 3649 3581 3702 cele~

2006 3727 2211 3781 bratur.

2078 3795 2105 3833 d
2158 3792 2595 3869 commemoratio.
2674 3790 2799 3869 Quae
2850 3787 3009 3869 hodie.
3045 3786 3577 3869 celebratttrhqnit

2009 3866 2199 3920 festum
2246 3864 2521 3929 utriusque
2552 3860 2776 3929 apostoli
2805 3860 2991 3929 eailem
3026 3860 3109 3911 die
3142 3859 3313 3924 quoad
3348 3858 3583 3911 ol'licinm

2011 3952 2115 3990 non
2146 3942 2349 4002 poterat
2376 3928 2656 4002 celebrari,
2687 3928 2782 4002 sed
2808 3928 2941 3981 alter
2969 3930 3202 4002 ipsorum
3234 3937 3441 3981 careret
3461 3933 3581 3978 ulli-

2009 4008 2092 4060 cio
2121 4000 2376 4071 singulari
2416 4018 2430 4065 ;
2486 4000 2748 4054 ordinavit
2799 4002 2953 4068 igitur
2999 4000 3286 4071 Gregorius
3334 4012 3487 4071 papa,
3530 4004 3588 4048 ut

2008 4078 2121 4144 ipsa
2150 4066 2236 4128 die
2264 4090 2365 4141 qua
2399 4071 2542 4137 passi
2577 4066 2966 4144 fuerantl'ieret
2986 4067 3305 4144 solemnitas
3334 4066 3497 4131 Petri,
3530 4074 3585 4121 et

2010 4138 2069 4200 se
2092 4145 2252 4208 ,ueuti
2284 4138 2370 4195 die
2402 4142 2845 4195 commemoratio
2875 4138 3041 4191 Pauli.

2084 4206 2107 4245 δ
2136 4213 2408 4268 Timothei.
2444 4210 2506 4264 lli
2533 4210 2673 4281 passi
2705 4218 2830 4263 suat
2855 4210 2905 4261 iu
2935 4210 3129 4261 Al'rica.
3159 4206 3407 4263 Νοτιίειι.

332 4413 3582 4444 W

1690 4528 2142 4610 JULIUS.

1581 4686 1804 4742 EDITIO
1841 4687 2306 4741 COLONIENSIS.

1004 4773 1257 4840 JULIUS,

716 4865 876 4919 Habet
905 4867 1011 4919 dies
1042 4883 1164 4932 xxx,
1200 4868 1372 4919 (unum
1398 4882 1532 4920 xxx.

404 4955 470 5010 ϐ.
511 4956 745 5010 Κλιειιιι.
787 4958 946 5011 Juut.
995 4959 1046 5011 Ιιι
1089 4969 1274 5011 monte
1307 4959 1413 5012 llor
1443 4958 1708 5026 depositio
1740 4961 1915 5011 Aaron

1942 4783 1995 4841 υ
2022 4776 2338 4830 sacerdotis.
2384 4776 2584 4829 Eodem
2616 4776 2701 4829 die
2730 4777 2961 4829 Turonis
2991 4784 3188 4829 sanetae
3236 4773 3588 4846 Monegundis

2023 4868 2261 4935 virginis.
2316 4867 2533 4920 Vienna:
2573 4867 2711 4921 beati
2745 4868 2977 4931 Martini,
3012 4868 3151 4921 tertii
3179 4868 3414 4935 ejusdem
3443 4871 3589 4924 urbis

2024 4957 2283 5025 episc0pi,
2318 4956 2381 5009 ad
2416 4956 2683 5023 pra-latam
2724 4957 2906 5009 urbem
2945 4958 3012 5010 ab
3044 4959 3299 5025 apostolis
3332 4959 3504 5011 missi.
3536 4957 3588 5013 lu

1599 5049 1823 5103 EDITIO
1862 5047 2363 5104 BOLLANDIANA.

405 5138 456 5191 1.
480 5165 550 5175 -
576 5135 861 5190 Κιιεειυις.
900 5137 1059 5190 Vacat
1094 5138 1270 5192 Ba-da.

405 5229 595 5282 Florus
641 5229 691 5281 in
734 5233 797 5284 A.
828 5230 887 5281 Τ.
922 5231 1006 5296 L.,
1041 5229 1220 5281 Ruina:
1265 5230 1441 5282 natale
1468 5237 1766 5283 sanctarum
1801 5230 1905 5282 vir:

330 5321 509 5389 ginnm
540 5320 563 5346 ⁸
599 5318 765 5387 Fidei,
814 5320 936 5388 Spei
979 5330 1032 5372 et
1076 5312 1359 5383 Caritatis,
1386 5328 1439 5373 et
1485 5320 1695 5388 Sophia:
1727 5322 1910 5373 matris

330 5413 592 5479 ipsarum.
624 5412 855 5479 Quarum
886 5412 1072 5475 prima,
1111 5427 1229 5464 cum
1260 5414 1538 5465 duodecim
1569 5422 1714 5465 esset
1743 5426 1907 5462 anno-

2023 5150 2160 5199 rum,
2190 5136 2340 5201 jnssu
2393 5134 2605 5188 Adriani
2655 5136 2814 5189 nimia
2865 5136 3010 5190 cmde
3056 5148 3301 5200 mac2ata,
3333 5140 3594 5192 mamilla~

2022 5240 2139 5280 rum
2189 5224 2511 5278 abscissione
2554 5226 2802 5290 iacerata,
2843 5225 3113 5279 craticula
3143 5231 3496 5296 superposita,
3533 5228 3588 5281 in

2018 5314 2287 5384 sartagine
2319 5315 2578 5381 deposita,
2631 5315 2696 5367 ad
2751 5316 2991 5369 ultimum
3041 5316 3215 5384 gladio
3262 5318 3439 5385 punita
3482 5325 3585 5372 est.

2020 5408 2259 5463 Secunda
2302 5411 2497 5479 quippe
2526 5408 2613 5462 diu
2641 5409 2817 5464 nervis
2863 5418 3109 5478 contusa,
3159 5411 3210 5463 in
3250 5409 3423 5480 ignem
3456 5422 3588 5479 pro-

1705 5505 1905 5559 SMITII
1946 5503 2177 5558 NU'I‘r'E.

402 5610 425 5634 ει
464 5597 631 5653 Fidei.
680 5597 770 5650 ":1!
810 5597 858 5650 in
891 5596 1195 5651 Nicomedia
1242 5610 1412 5665 passm
1457 5595 1698 5648 dicuntur
1744 5610 1898 5664 supra
1938 5596 2077 5650 Junii
2113 5595 2196 5649 die
2225 5609 2372 5647 χχιιι.
