3990 6196
382 211 487 267 965

1514 212 1705 266 SEC'l'.
1753 210 1815 264 ll.
1866 239 1926 250 --
1968 204 2530 263 MARTYROIDGH.

3554 208 3661 265 966

1656 322 1886 377 EDITIO
1926 322 2394 377 COLONIENSIS.

371 413 517 468 cmsi.
550 411 787 482 Corpora
817 426 1002 467 eorum
1043 413 1195 467 beata
1244 412 1441 467 Lucina
1470 413 1711 481 collegit,
1744 425 1797 466 et
1828 428 1951 466 cum
1987 417 2030 471 Α
2064 427 2181 480 qua:
2208 412 2260 465 in
2284 413 2427 480 regia
2454 412 2582 465 urbe
2606 411 2876 465 celebrata
2901 420 3001 475 est,
3025 412 3112 465 ubi
3139 413 3371 467 damnati
3403 425 3525 467 sunt
3548 415 3657 484 Cy-

377 503 705 557 aromatibus
736 502 980 571 sepelivit
1010 503 1061 556 in
1101 503 1303 571 praedio
1332 517 1451 557 suo.
1482 503 1611 557 ltem
1643 512 1953 557 sanctorum

374 604 667 665 martyrum
696 636 709 659 ,
760 594 1044 649 Aristiouis
1066 638 1079 659 ,
1124 593 1488 647 Crescentiani
1516 633 1533 659 ,
1589 595 1910 664 Eutycltiani
1940 636 1956 660 ,

379 685 603 751 Urbani,
634 683 843 751 \‘italis,
866 683 1026 747 Justi,
1060 682 1397 749 Felicissimi,
1425 683 1640 745 Felicis,
1672 685 1880 738 Marcia:
1904 694 1958 738 et

377 779 767 847 Simpltorosat,
796 778 885 845 qui
914 791 1102 831 omnes
1140 777 1277 847 apud
1317 775 1661 843 Campaniam
1702 778 1958 847 martyrio

370 867 611 922 coronati
640 876 782 920 sunt.

444 961 503 1013 Β.
561 958 598 1012 ν
640 958 773 1011 Nux.
819 956 979 1012 JULII.
1029 956 1226 1011 Leonis
1290 973 1463 1025 paptc,
1496 957 1583 1024 qui
1612 957 1747 1011 sedit
1776 957 1960 1012 Roma:

368 1062 584 1103 menses
614 1049 821 1102 decem.
858 1048 953 1102 llic
990 1048 1465 1113 eloquentissimus
1495 1058 1548 1100 et
1577 1047 1771 1100 divinis
1804 1047 1953 1101 Scri-

372 1139 543 1207 pturis
593 1136 920 1191 sufficienter
960 1138 1251 1190 instructus
1292 1136 1410 1199 fuit,
1446 1136 1630 1189 Graeca
1667 1135 1959 1205 L'atiuaque

371 1229 547 1300 lingua
577 1228 839 1283 eruditus.
870 1227 963 1281 llic
988 1240 1227 1281 sanctam
1266 1237 1473 1280 sextam
1513 1226 1776 1295 synodum
1810 1226 1956 1291 fecit,

2075 519 2188 569 rus,
2216 503 2457 572 Sergius,
2485 503 2766 565 Ilonorius,
2798 502 3054 571 Pyrrhus,
3082 503 3295 566 Paulus,
3318 505 3529 571 Petrus,
3554 506 3655 561 Ma-

2070 596 2309 662 charius,
2334 594 2660 661 Stephanus,
2694 593 3081 664 Polycltronius
3126 604 3188 650 et
3233 611 3401 649 novus
3444 600 3653 662 Simon,

2068 687 2157 755 qui
2191 702 2346 741 unam
2372 688 2693 741 voluntatem
2721 696 2777 741 et
2803 686 3169 753 operationem
3197 688 3245 741 in
3273 688 3497 741 Domino
3526 691 3650 744 Jes‘u

2069 779 2281 833 Christo
2325 780 2704 849 praadicabant.
2754 779 2905 846 Apud
2963 778 3220 833 Edessam
3256 781 3653 846 Mesopotamia:

2080 872 2358 924 translatio
2394 870 2632 940 corporis
2667 870 2837 923 sancti
2868 869 3086 923 Tltomae
3118 870 3364 937 apostoli.
3399 871 3658 927 Caesarem

2084 957 2238 1011 Ponti
2288 959 2463 1012 natale
2510 959 2677 1011 sancti
2730 957 2973 1026 Gregorii
3020 957 3253 1025 episcopi
3286 969 3338 1012 et
3382 964 3654 1030 martyris,

2081 1048 2222 1104 beati
2239 1049 2573 1105 Athenodori
2596 1051 2832 1119 episcopi
2859 1051 3061 1115 fratris,
3080 1051 3169 1120 qui
3193 1054 3395 1106 orando
3412 1064 3658 1123 stagnum

2078 1140 2344 1209 quoddam
2375 1142 2641 1195 convertit
2671 1142 2722 1195 in
2747 1143 3061 1195 sietritatem.

2142 1228 2203 1283 C.
2247 1229 2311 1284 ιν
2356 1229 2490 1285 Non.
2523 1230 2682 1286 Jucu.
2733 1233 2883 1286 Oseze
2935 1241 2988 1286 et
3039 1233 3215 1302 Aggai
3250 1236 3653 1303 prophetarum.

1675 1334 1897 1389 EllITIO
1936 1335 2435 1393 BOLLANDIANA.

369 1428 438 1481 ab
452 1426 817 1479 lncarnatioue
836 1423 1047 1477 Domini
1064 1422 1959 1493 octingentesimoquinquagesimo

370 1498 626 1551 secundo.
659 1497 741 1555 Β..
772 1495 999 1547 Turonis
1028 1494 1289 1560 depositio
1320 1494 1376 1545 8.
1414 1502 1439 1527 ιι
1470 1492 1817 1562 Monegtmdte
1847 1497 1959 1550 vir-

369 1568 530 1636 ginis.
570 1568 652 1626 L.,
686 1569 708 1601 δ
742 1564 982 1617 Visitatio
1028 1566 1084 1616 ll.
1122 1565 1297 1617 Marize
1328 1562 1566 1631 virginis.

445 1658 631 1712 Florus
660 1659 708 1710 in
740 1658 805 1711 A.
839 1657 902 1710 Τ.
937 1656 1022 1721 L.,
1057 1656 1285 1709 'l‘uronis
1333 1654 1391 1710 S.
1421 1654 1767 1724 Muncguudis
1794 1696 1809 1720 ,
1843 1672 1961 1723 quae

370 1752 574 1806 duabus
604 1749 813 1802 filiabus
836 1747 1041 1811 orbata,
1070 1756 1249 1818 spreto
1272 1746 1366 1799 viri
1392 1746 1685 1811 consortio,
1708 1747 1771 1798 ad
1804 1747 1960 1800 Chri-

370 1853 516 1899 stum
543 1839 875 1903 convolavit;
904 1838 1055 1906 cujus
1086 1854 1267 1891 amore
1296 1837 1345 1891 itt
1379 1852 1537 1905 parva
1571 1836 1759 1891 cellula
1798 1853 1855 1890 sc
1882 1852 1959 1892 re-
1998 1854 2037 1912 Β

368 1934 593 1989 eludens
624 1931 816 1985 ibidem
847 1946 1034 1998 magna
1089 1927 1278 1982 t'nilttit
1324 1928 1643 1983 abstinentia
1677 1939 1729 1984 et
1760 1940 1881 1983 ante
1909 1939 1962 1984 et

373 2033 496 2093 post
527 2022 805 2075 transitum
840 2020 1179 2074 multitudine
1212 2020 1609 2073 miraculorum.

443 2113 478 2166 5
526 2143 595 2154 -
625 2114 661 2165 γ
694 2112 1234 2169 Nosas..Translatio
1281 2112 1339 2165 8.
1374 2110 1593 2165 ἸΊιοηιτε
1640 2111 1864 2180 apostoli
1909 2111 1960 2166 in

377 2216 403 2245 '-
441 2208 639 2261 Fdessa
670 2224 729 2261 cx
764 2207 929 2259 India.

444 2300 657 2353 Addidit
689 2300 770 2363 8.,
800 2301 886 2366 qui
918 2298 1011 2351 fuit
1047 2313 1229 2365 passus
1257 2298 1305 2350 in
1344 2298 1485 2351 ludia
1524 2315 1593 2353 xit
1626 2298 1740 2352 Kal.
1765 2298 1963 2353 Janua-

369 2369 458 2424 rii.
491 2373 552 2423 Δ.
580 2370 645 2421 Τ.
675 2371 755 2435 L.,
793 2371 845 2420 lu
873 2370 1189 2422 Alexandria
1222 2369 1394 2423 natale
1426 2369 1525 2423 SS.
1552 2370 1798 2433 Menelai,
1829 2369 1961 2421 Am-

371 2442 533 2511 Lnonii
564 2438 1043 2511 [L.,iAmtnonts]
1086 2449 1145 2511 et
1177 2439 1385 2511 Cyrilli.
1410 2440 1535 2511 _B.,_
1557 2439 1610 2492 In
1644 2439 1961 2511 Alexandria

368 2507 637 2575 Ttipottis,
676 2510 924 2563 Menelai.
971 2507 1180 2575 erilli,
1227 2507 1455 2575 Juliani,
1498 2508 1961 2578 Constantinopoli

371 2580 653 2642 Eufemiae,
688 2580 870 2640 Aeaci,
908 2579 1185 2632 Demettii.

440 2670 494 2723 Δ.
530 2698 600 2709 -
648 2669 711 2723 ιν
758 2670 955 2723 Nosas.
999 2669 1230 2724 Turonis
1277 2671 1552 2725 translatio
1603 2670 1662 2725 S.
1694 2671 1719 2706 ἀ
1755 2669 1963 2724 Martini

368 2757 715 2824 confessoris,
750 2762 832 2814 vel
866 2760 1127 2814 ordinatio
1155 2760 1493 2831 episcopatus
1524 2763 1660 2829 ejus,
1691 2777 1785 2817 seu
1808 2762 1964 2816 dedi-

372 2850 511 2903 catio
541 2850 770 2903 basilica:
806 2851 991 2917 ipsius.

442 2939 633 2993 Florus
681 2940 729 2993 iu
760 2941 825 2993 Α.
855 2942 919 2995 Τ.
955 2940 1042 3005 L.,
1096 2940 1276 2994 Roma:
1325 2942 1499 2996 natale
1534 2951 1556 2979 ε
1588 2941 1736 3004 Zom,
1788 2943 1965 2996 uxoris

374 3030 659 3086 Nettstrati
713 3032 1002 3101 (Hactenus
1035 3031 1151 3099 L.),
1186 3047 1302 3100 quae
1332 3034 1604 3086 nimietate
1634 3033 1964 3101 wgtituditiis

371 3138 466 3177 sex
494 3124 647 3176 annis
677 3132 844 3188 muta,
881 3134 934 3176 et
962 3140 988 3175 a
1023 3124 1077 3176 Β.
1111 3123 1429 3178 Sebastiano
1458 3136 1638 3179 curata
1664 3165 1678 3188 ,
1706 3126 1964 3179 Christia-

372 3215 701 3283 nissimaque
747 3213 933 3269 etfecta
967 3214 1132 3268 :dum
1185 3215 1234 3268 in
1285 3216 1444 3269 natali
1477 3217 1843 3284 apostolorum
1894 3217 1957 3268 ad
1991 3210 2037 3272 C

2076 1427 2465 1482 confessionem
2499 1430 2555 1481 Β.
2591 1430 2729 1484 Petri
2760 1440 2972 1498 oraret,
3002 1432 3069 1486 ab
3099 1433 3467 1491 insidiantibus
3496 1451 3655 1507 paga-

2069 1516 2153 1569 nis
2179 1527 2415 1570 arctatur
2445 1518 2759 1586 duciturque
2786 1520 2850 1573 ad
2887 1531 3169 1589 patronum
3202 1526 3433 1594 regionis
3469 1527 3485 1565 ί
3514 1530 3657 1582 Natt-

2070 1608 2359 1671 macltium,
2394 1619 2447 1663 et
2475 1610 2809 1678 compellitur
2831 1610 3014 1665 Martis
3042 1616 3362 1681 statunculo,
3387 1618 3525 1688 quod
3550 1620 3661 1674 illic

2074 1700 2269 1767 stabat,
2300 1702 2470 1758 thuris
2514 1714 2715 1772 guttam
2769 1707 3073 1761 incendere.
3110 1708 3398 1777 (Hactenus
3444 1710 3535 1781 A.)
3567 1712 3659 1766 Illa

2073 1792 2188 1847 bare
2225 1793 2471 1848 deridens
2500 1795 2551 1849 in
2577 1797 2814 1849 cttstodia
2862 1798 3237 1851 obscurissima
3269 1801 3529 1854 mittitur:
3562 1802 3654 1855 ubi

2069 1898 2163 1952 per
2192 1885 2425 1955 quinque
2455 1886 2588 1952 dies,
2638 1902 2736 1941 nec
2767 1888 2945 1942 lumen
2977 1890 3184 1951 videns,
3228 1906 3325 1946 nec
3355 1893 3530 1946 cibum
3562 1909 3660 1963 po-

2068 1986 2285 2045 tumque
2315 1979 2603 2047 accipiens,
2654 1981 2722 2033 ab
2754 1982 3023 2036 inclusore
3072 1984 3393 2041 minabatur.
3446 1987 3663 2043 Transi-

2066 2068 2237 2139 tisqtte
2266 2069 2462 2124 diebus
2492 2085 2583 2125 sex
2611 2070 2753 2139 jussa
2782 2081 2865 2126 est
2893 2087 2919 2124 a
2940 2073 3081 2127 collo
3109 2081 3163 2126 ct
3192 2076 3393 2143 capillis
3422 2077 3473 2131 iu
3505 2080 3662 2133 arbo-

2066 2175 2177 2214 rem
2206 2162 2476 2215 excelsam
2504 2164 2778 2231 suspendi.
2813 2172 2867 2216 ct
2896 2168 3078 2218 subter
3106 2164 3307 2219 fumum
3338 2183 3401 2221 ex
3434 2171 3663 2238 sterqui-

2067 2248 2198 2304 linio
2243 2251 2481 2306 adhiberi
2514 2270 2525 2304 :
2556 2254 2608 2307 in
2639 2270 2737 2318 qua
2789 2270 3049 2323 suSpensa
3096 2258 3147 2310 in
3171 2258 3512 2316 confessione
3558 2262 3661 2317 Do-

2067 2340 2194 2393 mini
2226 2339 2404 2395 emisit
2432 2343 2701 2409 spiritum.
2758 2342 2920 2413 Cujus
2951 2362 3143 2415 corpus
3179 2360 3547 2416 persecutores
3569 2368 3665 2407 au-

2068 2432 2297 2487 ferentes
2325 2447 2454 2487 saxo
2481 2435 2798 2504 ligaverunt,
2854 2444 2909 2490 et
2936 2436 3146 2492 Tiberis
3190 2440 3343 2495 alveo
3390 2443 3666 2499 immerse-

2069 2533 2214 2588 ruut,
2244 2524 2522 2582 dicentes:
2560 2527 2634 2582 Ne
2665 2528 2954 2584 Christiani
3009 2530 3059 2582 id
3108 2531 3329 2598 tollant,
3381 2544 3434 2589 et
3468 2535 3665 2592 faciant

2069 2620 2211 2673 illam
2243 2621 2343 2673 sibi
2380 2621 2555 2676 deam.
2592 2622 2858 2691 Scriptum
2891 2625 2940 2677 itt
2971 2624 3134 2693 gestis
3168 2624 3228 2678 Β.
3261 2624 3585 2679 SebaStiani.

2140 2754 2198 2808 C.
2238 2753 2322 2812 V..
2360 2754 2427 2807 Et
2455 2755 2632 2809 natale
2662 2754 2719 2809 S.
2752 2764 2777 2801 8
2811 2755 3058 2809 Lauriaui
3092 2771 3340 2825 martyris
3387 2755 3540 2824 cujus
3568 2770 3660 2811 oa-

2070 2835 2163 2898 put
2192 2824 2241 2898 in
2266 2826 2452 2898 Spanis
2480 2838 2838 2898 portatutucst
2971 2824 3512 2898 llisltalim’portatttttt
3534 2825 3662 2898 est],

2070 2896 2161 2947 scd
2195 2897 2257 2946 Α.
2293 2895 2355 2947 Ἰ“.
2387 2912 2447 2947 ac
2480 2895 2563 2960 L.,
2599 2895 3097 2949 Bituricas'civitate
3131 2899 3303 2963 passio
3330 2896 3384 2950 S.
3414 2895 3662 2952 Lauriatii

2073 2966 2355 3033 martyris;
2410 2965 2561 3033 cujus
2592 2978 2747 3033 caput
2800 2966 2849 3018 in
2886 2966 3189 3030 Hispaniain
3244 2975 3503 3033 portatum
3548 2979 3652 3021 est.

2074 3035 2156 3095 Β..
2195 3036 2244 3086 lu
2275 3034 2470 3088 Sirmia
2498 3036 2766 3089 Sabbatize
2817 3037 3077 3089 Innoceus
3127 3051 3246 3088 cum
3280 3037 3399 3087 aliis
3424 3037 3658 3103 triginta.

2073 3106 2320 3185 lietiriciu
2348 3105 2561 3159 civitate
2592 3109 2765 3159 natale
2812 3108 2868 3162 8.
2902 3106 3147 3159 Lauriani
3178 3106 3411 3175 episcopi
3443 3116 3496 3161 et
3524 3122 3665 3161 mar-

2073 3185 2227 3243 tyrts.

1789 3311 1998 3367 SMlTll
2040 3311 2270 3367 NOTAE.

460 3415 483 3440 η
515 3403 874 3473 Monegundw.
908 3404 1037 3469 Qum
1067 3402 1219 3457 vidua
1254 3402 1371 3466 fttit,
1400 3402 1961 3473 sedisanCIitnonialis,

381 3486 437 3529 et
458 3478 526 3527 ob
552 3475 601 3526 id
627 3472 1086 3543 virginisnontiue
1117 3479 1426 3527 honoratur.
1474 3472 1787 3543 Caruoteme
1817 3472 1964 3524 urbis

380 3546 481 3597 fuit
524 3541 787 3611 indigena.
831 3542 1086 3597 Cellnlam
1129 3556 1302 3597 autent
1349 3558 1496 3594 suam
1541 3541 1868 3609 relinquens,
1916 3543 1967 3595 in

381 3631 508 3682 qua,
540 3624 814 3681 postquam
854 3622 1000 3667 esset
1036 3613 1241 3667 filiabus
1278 3614 1495 3680 privata,
1532 3612 1818 3663 solitariam
1861 3614 1969 3678 egit

389 3698 576 3745 vuam,
615 3685 679 3737 ad
709 3685 948 3738 'l‘urones
989 3698 1047 3735 se
1093 3684 1337 3747 contulit,
1369 3683 1454 3734 ttbi
1500 3684 1547 3733 in
1578 3696 1737 3745 puva
1778 3682 1964 3734 cellula

382 3771 503 3822 qua:
545 3755 638 3807 fuit
680 3756 728 3805 itt
770 3754 995 3807 ecelesia
1020 3753 1076 3807 S.
1102 3754 1306 3806 Martini
1338 3766 1530 3819 paucas
1552 3752 1803 3822 colligens
1849 3767 1966 3803 tno-

382 3820 580 3878 nachas
626 3824 812 3876 durum
857 3826 975 3875 vita:
1018 3838 1228 3876 cursum
1270 3824 1515 3875 instituit.
1562 3820 1719 3888 Greg.
1761 3822 1961 3876 'l‘uron.

385 3895 519 3946 Vitae
547 3897 686 3946 l‘atr.
723 3909 839 3958 cap.
866 3893 951 3945 19.
998 3893 1212 3958 Sepulta
1260 3903 1339 3946 est
1381 3895 1430 3945 itt
1475 3892 1698 3945 eccle-ia
1740 3892 1796 3945 S.
1825 3892 1963 3944 Petri

379 3965 651 4033 puellaris,
679 3964 764 4015 ubi
788 3964 902 4027 ejus
925 3964 1159 4032 reliquia:
1193 3965 1243 4015 in
1275 3966 1423 4015 theca
1475 3964 1702 4029 pretiosa
1744 3974 1966 4033 servam}

378 4032 502 4087 sunt
543 4036 607 4086 ad
645 4049 733 4086 an.
764 4033 923 4097 1562,
947 4049 1052 4102 quo
1089 4034 1379 4087 Calviniani
1422 4034 1653 4084 furentes
1693 4048 1806 4085 eam
1838 4032 1966 4083 diri-

401 4116 630 4158 illerlllli.

401 4122 630 4158 inerunt.

379 4122 394 4173 1
451 4174 479 4211 ιι
522 4174 775 4228 l’isitatio.
811 4172 933 4226 Haec
974 4174 1183 4240 quidem
1229 4170 1626 4227 solentuitasah
1656 4171 1867 4225 Urbano
1894 4170 1961 4224 Vl

381 4245 641 4309 instituta,
681 4255 733 4298 et
773 4260 801 4296 a
836 4244 1099 4297 Bouifacio
1145 4243 1213 4296 IX
1254 4247 1564 4297 confirmata
1606 4252 1660 4295 et
1703 4244 1961 4308 puhticata

378 4325 483 4369 est.
1829 4333 1833 4337 '

460 4397 481 4423 ε
518 4383 733 4437 Edessa.
780 4385 832 4437 In
874 4401 973 4451 qua
1018 4383 1231 4437 civitate
1272 4385 1542 4451 egregium
1588 4383 1837 4448 templum
1883 4390 1967 4433 est

383 4454 445 4510 S.
472 4455 690 4509 Thoona:
731 4455 986 4517 dicatum,
1032 4458 1323 4522 crebraque
1369 4456 1413 4502 h-
1441 4455 1640 4504 tttittttttt
1686 4452 1967 4503 multitudo

386 4540 454 4581 eo
497 4537 710 4593 propter
752 4527 850 4578 loci
894 4535 1225 4577 sanctitatem
1275 4523 1547 4593 confiunt.
1600 4524 1846 4573 Socrates
1894 4537 1965 4587 tv,

394 4592 726 4657 “,Sozom.
760 4611 832 4659 vt,
869 4595 953 4647 18.
996 4595 1121 4647 Vide
1163 4594 1297 4646 infra
1326 4592 1444 4661 ejus
1476 4592 1612 4643 diem
1647 4592 1893 4643 ttalalctn.

467 4667 493 4706 ἀ
526 4665 756 4717 Martini.
798 4665 950 4718 Juxta
987 4664 1143 4731 Greg.
1177 4665 1379 4717 Turon.
1415 4664 1548 4715 Ilist.
1585 4679 1633 4724 χ,
1666 4662 1752 4715 51.
1788 4661 1967 4713 Marti-

391 4750 492 4788 nus
530 4736 667 4788 sedit
707 4750 875 4788 annos
913 4734 1004 4795 2&6,
1042 4750 1252 4787 menses
1282 4736 1335 4792 4.
1369 4734 1399 4785 d
1424 4750 1482 4785 es
1512 4733 1600 4785 27.
1652 4733 1781 4783 Cttttt
1816 4733 1971 4796 igitur

394 4807 456 4861 S.
483 4806 733 4858 Martinus
762 4808 849 4859 die
875 4819 929 4859 ιι
960 4806 1217 4858 Novemb.
1252 4805 1355 4856 460
1384 4806 1621 4869 spiritum
1655 4801 1764 4855 Deo
1796 4804 1971 4855 reddi-

394 4878 554 4939 derit,
584 4875 921 4928 manifestum
950 4886 1032 4927 est
1057 4876 1172 4940 ejus
1199 4875 1584 4927 ordinationem
1618 4887 1811 4923 atmutn
1843 4873 1969 4936 δη,

390 4946 640 5013 diemque
668 4960 733 4997 xv
764 4944 960 4999 mensis
984 4944 1149 5008 Junii,
1181 4947 1265 5011 qui
1303 4943 1640 4995 DUIItillit'alii
1669 4953 1803 5013 erat,
1840 4940 1971 4994 inri-

392 5012 565 5068 dtsse.
614 5014 925 5071 Cclebratr
973 5018 1183 5077 qutthm
1233 5017 1345 5067 dies
1391 5018 1506 5079 ejus
1547 5012 1893 5064 ordinationis
1923 5027 1971 5063 tv

391 5086 571 5139 Nonas
595 5086 739 5150 Julii,
775 5098 825 5137 ttt
860 5095 1051 5151 praeter
1082 5086 1444 5137 'I'tzrtmettsellt
1494 5084 1663 5147 ",14,
1700 5086 1838 5133 varia
1872 5084 1970 5130 ιι..-

388 5166 513 5210 cent
541 5155 932 5225 Martytologia.
973 5159 1162 5207 \t-rutn
1211 5155 1345 5225 sicut
1376 5153 1641 5225 ordinatio
1684 5152 1969 5225 3.8asilii,

388 5243 508 5292 qua:
535 5222 769 5280 cumdie
803 5222 887 5280 xiv
922 5226 1122 5279 mensis
1150 5225 1292 5278 Junii
1336 5224 1385 5276 in
1423 5223 1614 5275 tabulis
1643 5222 1972 5292 ecclesiasti-

386 5290 465 5350 cis
494 5298 794 5364 copulatur,
826 5312 892 5350 eo
922 5298 1009 5350 die
1038 5304 1247 5362 peracta
1278 5310 1393 5364 non
1430 5303 1530 5357 est,
1573 5293 1648 5343 sic
1694 5305 1791 5343 nec
1838 5290 1975 5343 ordi—

388 5370 536 5420 natio
565 5363 624 5420 S.
649 5367 861 5420 Martini
892 5367 983 5419 die
1035 5381 1083 5418 Iv
1118 5363 1317 5418 mensis
1343 5365 1486 5416 Jttlii.
1522 5364 1767 5414 ’lestatur
1795 5370 1972 5414 autem

386 5436 716 5491 Turonensis
768 5438 856 5491 lib.
894 5452 927 5500 ι,
980 5438 1045 5488 de
1093 5436 1359 5488 miraculis
1410 5436 1465 5484 8.
1497 5432 1708 5485 Martini
1767 5446 1885 5499 Cap.
1918 5432 1974 5495 6,

386 5522 529 5559 anno
562 5507 649 5569 64,
686 5520 804 5575 post
853 5510 1128 5559 transitum
1176 5506 1233 5575 8.
1269 5504 1499 5575 Martini,
1555 5504 1783 5575 ideoque
1833 5517 1975 5575 anno

386 5580 588 5631 Citriin
613 5572 707 5631 461
744 5577 893 5646 juxta
927 5574 1355 5646 supputationem
1381 5572 1651 5646 gregarii,
1687 5588 1807 5646 quie
1837 5573 1974 5627 hanc

386 5651 651 5719 cpocham
691 5642 760 5703 ab
802 5664 940 5702 anno
970 5648 1070 5701 597
1111 5644 1342 5715 deducit,
1378 5644 1657 5699 Turoni'cac
1697 5642 1841 5700 sedis
1879 5670 1971 5715 ca.

2075 3402 2318 3455 thedram
2354 3403 2666 3471 l‘crpctnuut
2717 3408 2962 3459 sortitum
3013 3420 3151 3470 esse,
3203 3416 3255 3459 et
3305 3406 3555 3471 reliquias
3594 3404 3653 3463 S.

2078 3473 2291 3524 Martini
2344 3474 2395 3525 in
2447 3476 2689 3541 ampliori
2747 3479 2969 3541 templo,
3001 3492 3157 3543 quam
3209 3477 3257 3527 id
3287 3478 3424 3540 quod
3461 3478 3662 3533 Bricius

2076 3551 2469 3614 construxerat,
2504 3543 2749 3594 honorari
2785 3547 3037 3597 voluisse.
3074 3544 3351 3597 Basilicam
3397 3546 3574 3614 itaque
3606 3548 3657 3600 iu

2078 3611 2333 3681 honorem
2377 3611 2437 3666 S.
2470 3614 2673 3663 Martini
2706 3613 3013 3675 aedificavit,
3044 3624 3095 3665 et
3131 3613 3333 3666 vicinos
3381 3611 3660 3681 episconos

2075 3695 2136 3732 ac
2163 3680 2381 3733 abhatcs
2430 3686 2765 3745 convocavit,
2799 3694 2851 3734 ut
2891 3700 3006 3735 eam
3058 3686 3106 3735 in
3138 3684 3383 3737 Kalendis
3413 3680 3538 3738 Julii
3565 3680 3660 3739 de-

2074 3751 2294 3810 dicaret,
2326 3760 2377 3803 et
2411 3751 2461 3803 itt
2493 3753 2734 3804 eamdem
2768 3752 2823 3805 S.
2853 3753 3057 3805 Martini
3113 3754 3360 3819 reliquias
3402 3758 3656 3809 transfer-

2075 3831 2188 3883 ret;
2222 3820 2311 3871 sed
2353 3834 2473 3873 cum
2512 3830 2648 3873 terra
2708 3838 2726 3871 t
2766 3838 2882 3889 qua!
2924 3838 3084 3889 super
3144 3835 3381 3876 sanctum
3424 3836 3533 3877 crat
3577 3837 3659 3881 tu-

2080 3908 2097 3938 t
2147 3889 2347 3942 mulum
2374 3890 2530 3943 effodi
2562 3906 2664 3943 non
2695 3902 2893 3957 posset,
2917 3893 3042 3945 diett
3074 3894 3119 3947 ei
3156 3909 3287 3945 unus
3318 3907 3380 3946 ex
3412 3896 3655 3959 Clericis.

2079 3977 2097 4008 ι
2144 3962 2344 4030 sciatis,
2376 3961 2497 4025 quia
2531 3970 2649 4027 post
2679 3968 2777 4015 hoc
2810 3963 3038 4015 lriduutn
3075 3964 3263 4017 natalis
3296 3964 3653 4030 Episcopatus

2079 4048 2097 4079 ι
2144 4029 2259 4098 ejus
2296 4046 2416 4083 esse
2459 4043 2832 4092 consueverat,
2881 4044 2933 4086 (ιι
2978 4035 3192 4087 forsitan
3246 4036 3294 4087 itt
3340 4036 3435 4087 hac
3474 4029 3559 4089 die
3600 4053 3656 4091 se

2077 4117 2095 4150 ι
2146 4099 2413 4152 transferri
2455 4101 2652 4155 dobere
2680 4118 2772 4153 vos
2816 4105 3086 4165 admonet,
3129 4123 3145 4155 ι
3194 4116 3248 4157 ttt
3281 4103 3444 4158 refert
3475 4107 3650 4160 'l‘uro-

2074 4169 2252 4223 nensis
2284 4172 2399 4223 loco
2428 4170 2657 4233 laudato,
2689 4175 2774 4239 qui
2806 4174 2950 4225 addit
2980 4178 3045 4226 ita
3080 4176 3270 4226 factum
3306 4174 3491 4229 fuiSse.
3524 4179 3648 4231 llaec

2074 4241 2348 4291 translatio
2394 4243 2502 4293 at-ci
2529 4242 2585 4292 sit
2630 4256 2768 4293 anno
2807 4244 2920 4306 t73,
2955 4246 3041 4306 qui
3072 4245 3393 4298 centesimus
3438 4251 3650 4301 eratab

2073 4310 2186 4377 ejus
2218 4311 2568 4363 ordinatione.
2606 4310 2729 4375 Pagi
2761 4328 2899 4363 anno
2930 4312 3052 4373 1:71,
3090 4329 3157 4375 vt,
3191 4326 3295 4367 etc.

2148 4390 2170 4416 θ
2200 4378 2339 4431 Ζοιε.
2377 4381 2448 4433 De
2488 4396 2547 4434 ea
2584 4381 2871 4445 Usuardus,
2911 4384 3042 4448 Adit,
3078 4383 3227 4435 Bteda
3279 4397 3500 4451 suppos.
3558 4384 3660 4439 Ba-

2075 4466 2168 4502 ron
2195 4466 2257 4520 us
2283 4465 2345 4502 ac
2374 4454 2548 4503 caeteri
2582 4467 2767 4504 omnes
2794 4465 2953 4520 agunt
2989 4454 3259 4518 postridie.

2152 4524 2169 4562 ί
2205 4518 2599 4573 Λάιιηιαειιὶιιηι.
2640 4518 3208 4583 MefiusNaumaciiiat,
3240 4532 3297 4576 ut
3323 4523 3574 4577 scribitur
3603 4525 3656 4580 in

2075 4590 2221 4642 Artis
2272 4594 2329 4646 8.
2361 4593 2659 4645 Schtstiani
2709 4610 2735 4645 a
2772 4594 3024 4645 titillando
3072 4610 3138 4646 xx
3188 4593 3419 4647 Januarii
3470 4596 3646 4649 editis.

2078 4660 2142 4710 lit
2175 4663 2347 4722 plures
2383 4664 2597 4726 quidem
2652 4664 2858 4714 fuerunt
2891 4664 3226 4716 Nautnztcltize
3262 4664 3313 4716 in
3357 4666 3519 4728 urbe;
3553 4665 3655 4718 Do-

2074 4731 2275 4782 tuitiaui
2326 4736 2541 4798 regione
2584 4732 2638 4795 9,
2689 4734 2808 4784 alia:
2850 4732 2935 4792 15.
2967 4735 3084 4786 duae
3122 4735 3210 4794 l4,
3243 4734 3643 4791 'l'ranstiberim.

2077 4800 2141 4851 Et
2176 4799 2430 4853 Baronius
2460 4818 2598 4853 anno
2625 4804 2751 4864 :86,
2783 4819 2927 4855 num.
2960 4802 3046 4866 15,
3096 4803 3195 4855 hoc
3245 4811 3391 4855 trans
3417 4804 3651 4858 Tibetilll

2073 4881 2277 4939 gestum
2329 4882 2532 4936 censet,
2575 4882 2628 4924 et
2675 4889 2807 4923 nova
2863 4888 3079 4925 munera
3134 4883 3256 4925 tunc
3294 4874 3452 4926 certis
3500 4875 3654 4939 locis,

2073 4938 2231 4991 ct-rtis
2274 4942 2580 4993 hominibus
2610 4942 2674 4994 ad
2717 4942 3063 5010 inquireudOs
3092 4943 3426 4995 Christianos
3459 4938 3654 4997 di5tiu4

2073 5019 2156 5062 cta
2192 5026 2203 5060 2
2238 5010 2315 5063 sic
2347 5022 2401 5061 ut
2431 5012 2519 5064 uni
2562 5028 2622 5064 ur
2648 5017 2705 5064 .is
2747 5014 2946 5079 regioni
2993 5014 3166 5080 plures
3206 5024 3379 5066 essent
3416 5017 3650 5080 prtelecti

2078 5081 2307 5160 patroni,
2332 5081 2421 5161 qui
2452 5081 2639 5149 singuli
2670 5086 2719 5135 iu
2749 5095 2899 5151 parte
2931 5084 3026 5136 sibi
3058 5083 3367 5137 cmcrcdtta
3402 5084 3653 5138 thristta-

2079 5166 2173 5201 IIUS
2204 5162 2551 5215 ιιισιυιτεωιιι.

2151 5230 2174 5265 κ
2207 5219 2469 5291 Laut-initi.
2502 5222 2735 5276 Joannes
2771 5222 2982 5276 Vasteus
3024 5224 3075 5276 in
3106 5224 3366 5277 Chronico
3396 5224 3658 5291 llispanite

2075 5290 2140 5341 ad
2173 5305 2369 5342 annum
2398 5289 2525 5355 5-H,
2562 5295 2672 5345 lucc
2704 5295 2859 5346 habet
2896 5312 2905 5345 :
2942 5294 3054 5347 Hoc
3085 5305 3309 5359 tempore
3339 5297 3422 5359 qui
3451 5289 3512 5343 de
3538 5311 3657 5345 san-

2076 5362 2166 5412 ctis
2201 5359 2471 5428 Ilispattiw
2500 5365 2830 5430 scripscruut,
2868 5370 3121 5417 meritoria:
3154 5365 3392 5414 Htaildrtnl
3429 5362 3485 5413 Β.
3517 5363 3654 5415 Latt-

2078 5447 2290 5483 t'eanuut
2327 5431 2681 5503 llispulettscm
2717 5437 3176 5503 urcltiepncoputtt,
3211 5433 3410 5485 natione
3441 5431 3652 5484 I’amto-

2078 5504 2233 5564 nium,
2264 5504 2426 5554 missis
2454 5522 2484 5555 a
2514 5502 2681 5555 Tutili:
2707 5502 2898 5556 Ariano
2923 5516 3041 5557 tunc
3072 5508 3122 5555 itt
3157 5504 3306 5555 Italia
3336 5503 3655 5571 Ustt'ogotltis

2077 5574 2355 5638 imperante
2374 5576 2461 5640 qui
2486 5576 2647 5640 ipsum
2670 5577 2974 5639 occiderent,
3007 5577 3173 5644 angeli
3204 5574 3466 5625 admonitu
3495 5576 3543 5624 itt
3578 5574 3657 5623 nl-

2085 5662 2315 5710 lroneum
2357 5644 2540 5699 exiisse
2583 5648 2835 5713 exsilium,
2868 5662 2925 5700 ac
2954 5658 3141 5715 septem
3184 5655 3295 5714 post
3326 5645 3496 5716 anuis,
3525 5644 3657 5713 ejus-
