3990 6196
337 150 440 203 :16?

1123 141 1325 196 BEDJ‘I
1373 139 1820 193 VENERAIBILIS
1859 140 2006 192 Ol‘l‘.
2054 139 2226 193 PARS
2268 140 2355 192 IV.
2398 169 2464 178 —
2508 137 2885 194 IIISTORICA.

3492 141 3599 196 968

1608 254 1837 306 EDITIO
1875 254 2339 311 COLONIENSIS.

342 353 574 411 Turonis
616 349 893 405 translatio
923 349 1090 402 sancti
1122 347 1328 400 Martini
1359 346 1594 414 episcopi
1621 356 1675 401 et
1704 346 1914 401 confes-
1943 353 1990 406 A
2017 362 2136 416 qua:
2177 348 2308 413 ripis
2342 346 2511 401 Rheni
2546 347 2781 402 ﬂuminis
2809 348 3080 419 contigua,
3114 351 3354 421 Trigriria
3386 370 3598 410 nuncn-

347 448 506 507 suris,
559 449 613 497 et
662 441 930 495 ordinatio
981 439 1317 507 episcopatus
1365 438 1499 504 ejus,
1553 446 1606 491 ct
1657 438 1919 493 dedicatio

344 536 577 591 basilica:
609 534 797 600 ipsius.
831 530 885 583 In
920 531 1092 583 Africa
1126 530 1292 581 sancti
1325 528 1643 581 .lucundiani
1672 531 1919 599 martyris

345 627 397 678 in
444 639 589 678 mare
642 622 822 677 mersi.
873 619 1028 689 Apud
1081 619 1333 673 Sirmium
1388 618 1565 672 natale
1610 630 1917 673 sanctorum

354 713 682 777 Innocentii,
737 711 1022 777 Sabbaliar,
1068 726 1183 763 cum
1231 709 1348 761 a‘iis
1394 710 1628 775 triginta.
1675 709 1729 762 In
1779 709 1921 762 Bitu-

355 809 461 860 rica
489 806 701 860 civitate
731 802 905 857 natale
933 801 1100 855 sancti
1137 799 1381 851 Lauriani
1426 800 1697 870 martyris,
1740 809 1793 854 et
1829 799 1921 853 de-

353 898 549 967 positio
578 895 745 951 sancti
778 893 970 948 Dalrici
1001 893 1237 961 episcopi
1271 900 1324 944 et
1352 891 1699 945 confessoris.

423 988 484 1042 D.
548 987 771 1039 IIINON.
822 983 977 1038 JULu.
1020 982 1173 1050 Apud
1222 982 1428 1053 Syriam
1481 981 1652 1035 sancti
1702 980 1917 1035 Domitii

351 1079 620 1149 martyris,
652 1077 737 1146 qui
770 1076 1052 1128 virtutibus
1091 1076 1205 1128 suis
1248 1074 1410 1128 multa
1443 1075 1633 1128 incolis
1664 1073 1921 1128 beneﬁcia

352 1176 585 1238 pra'stat.
624 1168 804 1220 Romae
833 1166 1005 1219 natale
1036 1176 1233 1217 sanctae
1266 1164 1408 1228 Z033,
1447 1164 1635 1217 uxoris
1666 1165 1802 1218 beati
1834 1163 1924 1217 Ni-

343 1259 561 1314 costrati
607 1258 874 1324 martyris,
926 1271 1045 1324 quae
1073 1255 1137 1308 ad
1170 1255 1566 1310 confessionem
1610 1255 1746 1309 beati
1774 1256 1919 1310 Petri

347 1348 576 1419 apostoli
607 1350 729 1402 dum
762 1357 971 1410 oraret,
1002 1362 1029 1400 a
1062 1347 1280 1416 paganis
1312 1357 1533 1415 arctata,
1564 1348 1717 1400 ducta
1747 1358 1828 1402 est
1856 1347 1920 1401 ad

352 1450 632 1511 patronum
676 1438 1043 1502 Naumachiir,
1077 1455 1105 1491 a
1137 1455 1239 1506 quo
1274 1440 1498 1506 primum
1531 1441 1582 1493 in
1614 1442 1918 1494 custodiam

352 1531 785 1585 obscurissimam
834 1540 999 1593 trusa,
1049 1540 1099 1581 et
1143 1544 1235 1596 per
1280 1529 1396 1582 dies
1426 1544 1514 1581 sex
1547 1528 1691 1582 omni
1731 1530 1922 1584 solatio

359 1623 498 1676 lucis
525 1631 578 1677 et
608 1622 775 1674 victus
818 1621 1078 1685 fraudata,
1122 1622 1349 1689 septimo
1380 1621 1463 1675 die
1494 1621 1706 1695 demum
1731 1638 1759 1675 a
1785 1622 1923 1677 Collo

2023 444 2196 504 patur,
2229 446 2388 505 atque
2418 437 2485 489 ad
2516 436 2795 491 dimczsim
2838 440 3067 506 pertinet
3116 441 3482 510 Trevirorum,
3526 447 3597 501 ibi

2024 527 2137 581 Deo
2176 528 2341 582 libere
2370 531 2573 582 servire
2602 529 2815 597 delegit,
2848 546 3013 599 usque
3038 533 3088 586 in
3120 535 3278 587 linem
3308 537 3429 591 vita:
3455 555 3589 594 suae.

2022 617 2207 672 [lorum
2248 619 2421 673 natale
2464 622 2630 673 sancti
2681 621 3030 690 Tranquilliui
3081 626 3371 695 martyris,
3433 632 3597 696 patris

2022 716 2328 762 sanctorum
2371 709 2531 763 Marci
2574 720 2627 763 et
2658 710 3003 774 Marcelliani,
3052 715 3139 781 qui
3170 717 3233 767 ad
3263 718 3597 782 praedicatio-

2024 814 2144 853 nem
2197 800 2333 853 beati
2388 801 2684 855 Sebastiani
2733 803 2957 857 credens
2988 805 3038 858 in
3080 805 3362 860 Dominum
3414 808 3594 864 Jesmn

2024 888 2321 954 Christum,
2349 891 2436 945 die
2467 902 2773 947 octavarum
2804 896 3170 963 aposwlorum
3200 899 3326 951 dum
3359 902 3425 952 ad
3454 902 3592 956 beati

2032 981 2179 1035 Pauli
2207 982 2601 1039 confessionem
2632 996 2832 1053 oraret,
2863 996 3039 1042 tentus
3068 1004 3095 1041 a
3126 992 3347 1059 paganis
3372 1007 3434 1045 ac
3463 994 3598 1061 lapi-

2025 1070 2180 1125 datus
2204 1074 2516 1144 martyrium
2548 1078 2954 1129 consummavit.

2098 1161 2157 1214 F.
2200 1162 2332 1216 Non.
2365 1162 2523 1217 .lt'ut.
2567 1164 2751 1218 Romae
2792 1166 3067 1220 beatorum
3092 1178 3404 1238 martyrum,
3439 1170 3599 1225 Nico-

2026 1254 2177 1306 strati
2220 1255 2582 1322 primiscrinii,
2622 1256 2826 1311 Claudii
2858 1263 3378 1325 commentarieusis,
3411 1263 3598 1317 Casto-

2026 1350 2088 1403 rii
2126 1350 2409 1420 Victorini,
2440 1352 2820 1421 Simphoriani,
2854 1369 2990 1422 quos
3021 1355 3206 1408 beatus
3250 1357 3599 1413 Sebastianus

2028 1442 2247 1497 credere
2261 1443 2526 1497 Christum
2556 1444 2752 1508 docuit,
2785 1455 2837 1499 et
2866 1454 3082 1500 sanctus
3108 1447 3430 1516 Polycarpus
3457 1463 3598 1516 pres-

2028 1532 2186 1603 byter
2235 1533 2541 1602 baptizavit.
2593 1534 2688 1601 Qui
2736 1549 2854 1588 cum
2897 1550 3118 1605 corpora
3155 1548 3457 1590 sanctorum
3501 1552 3600 1605 per

2032 1638 2125 1675 ora
2148 1622 2396 1676 Tiberina
2432 1624 2725 1691 requirunt,
2763 1625 2888 1677 lenti
2921 1634 3064 1689 sunt,
3100 1634 3152 1676 et
3181 1625 3244 1677 ad
3276 1626 3429 1678 Urbis
3458 1642 3597 1691 pra:-

357 1722 411 1768 et
448 1729 476 1767 a
520 1712 724 1782 capillis
771 1714 820 1766 in
864 1728 1089 1781 corpore
1129 1727 1407 1780 suspensa,
1460 1713 1698 1767 adhibito
1740 1714 1923 1766 subter
1958 1712 2002 1773 Β
2035 1711 2229 1766 fectum
2261 1712 2518 1781 perducti.
2557 1714 2682 1766 Erat
2708 1714 2847 1767 enim
2875 1714 3033 1780 judex
3070 1713 3351 1776 Fabianus,
3387 1716 3475 1781 qui
3501 1729 3597 1767 eos

357 1804 504 1859 fumo
544 1806 593 1858 in
634 1804 973 1858 confessione
1004 1804 1208 1857 Domini
1243 1804 1422 1856 emisit
1452 1804 1721 1871 spiritum.
1762 1805 1814 1859 In
1845 1804 1928 1860 Si—

358 1896 481 1949 cilia
529 1894 703 1948 natale
754 1893 1045 1964 Agathonis
1093 1902 1146 1946 et
1187 1893 1475 1963 Tripliinae.
1507 1894 1569 1948 Et
1602 1894 1654 1948 in
1687 1895 1925 1961 Thomis,

357 1987 568 2054 Marini,
602 1988 860 2042 Theodoti
891 1996 943 2041 et
972 1985 1255 2055 Sodephm.

425 2080 487 2133 Ε.
531 2080 681 2134 Pntn.
730 2079 861 2134 Non.
909 2078 1065 2133 Juui.
1121 2077 1265 2131 πεπρ
1294 2088 1344 2131 et
1374 2078 1488 2132 .loel
1528 2082 1926 2148 prophetarum,

359 2183 413 2228 et
457 2182 641 2227 octava
697 2172 1099 2241 apostolorum,
1157 2178 1210 2222 ct
1264 2170 1463 2237 primus
1515 2170 1651 2224 beati
1702 2172 1927 2240 apostoli

358 2263 505 2318 Pauli
551 2262 790 2331 ingesSus
824 2263 873 2314 in
906 2262 1086 2315 urbem
1121 2261 1341 2313 Romam
1385 2275 1525 2313 anno
1566 2263 1799 2316 secundo
1830 2263 1930 2315 Ne-

368 2353 536 2406 ronis.
589 2352 715 2405 Item
763 2352 1023 2420 depositio
1068 2350 1203 2404 beati
1251 2348 1439 2403 Goaris
1469 2352 1808 2415 confessoris,
1841 2352 1928 2420 qui

362 2440 418 2495 in
469 2442 734 2510 provincia
786 2442 1080 2509 Aquitaniae
1126 2451 1308 2505 ortus,
1363 2443 1690 2507 t‘emporihus
1747 2442 1930 2496 Hilde-

358 2530 493 2584 berti
526 2531 662 2598 regis
694 2530 1041 2597 Francorum,
1073 2532 1251 2584 statim
1282 2532 1349 2584 ab
1380 2531 1599 2586 infantia
1636 2535 1930 2599 veruscul-

354 2631 439 2675 tor
458 2620 553 2676 Dei
585 2622 696 2674 fuit.
734 2620 829 2675 Hic
858 2623 1195 2689 postmodum
1228 2621 1296 2675 ibi
1327 2625 1601 2690 presbyter
1632 2637 1930 2675 consecra-

363 2725 469 2778 tus,
514 2716 734 2782 patriam
780 2723 1131 2783 parentesque
1167 2713 1422 2779 deseruit,
1456 2724 1509 2767 et
1555 2714 1603 2767 in
1637 2715 1923 2778 provincia,

2039 1804 2346 1859 hortabatur
2373 1806 2436 1859 ad
2467 1805 2895 1865 sacrificandum,
2949 1821 3041 1872 per
3086 1806 3267 1859 decem
3298 1805 3411 1857 dies
3441 1805 3597 1858 minis

2041 1913 2134 1952 eos
2163 1909 2215 1951 et
2239 1899 2507 1952 blanditiis
2557 1912 2755 1965 agens,
2809 1908 2859 1951 et
2913 1898 3109 1950 nullum
3170 1902 3380 1965 penitus
3431 1898 3599 1964 potuit

2035 2003 2393 2043 commovere.
2430 1987 2576 2042 Tunc
2606 1988 2730 2041 fecit
2756 1988 2821 2040 de
2850 1989 2925 2040 eis
2955 1986 3348 2055 suggestionem
3374 1987 3599 2050 impera—

2040 2082 2243 2135 toribus
2285 2082 2481 2149 quique
2526 2080 2735 2149 jussere
2764 2095 2857 2134 eos
2887 2081 3041 2134 tertio
3064 2080 3316 2148 torqueri.
3363 2078 3600 2145 Cumque

2040 2172 2183 2225 nulla
2236 2171 2439 2226 ratione
2486 2170 2744 2235 compulsi
2794 2169 3066 2232 ccdirent,
3113 2168 3386 2237 jusserunt
3424 2183 3513 2219 eos
3547 2168 3597 2219 in

2036 2277 2184 2314 mare
2216 2261 2516 2330 praecipites
2546 2261 2693 2313 dare.
2727 2260 3003 2313 lmmensis
3032 2259 3211 2327 itaque
3240 2259 3425 2312 arctati
3464 2274 3597 2322 pon-

2035 2353 2276 2417 deribus,
2312 2350 2487 2422 pelagi
2509 2352 2756 2408 fluctibus
2781 2353 2885 2406 dati
2915 2361 3058 2416 sunt,
3094 2360 3149 2405 ut
3179 2352 3227 2405 in
3262 2354 3378 2405 loco
3407 2351 3603 2404 mundo

2043 2443 2178 2496 inter
2207 2459 2373 2511 aquas
2400 2458 2650 2498 coronam
2700 2445 2937 2511 martyrii
2979 2444 3335 2497 celebrarent.
3384 2441 3439 2493 In
3479 2442 3603 2494 Ale-

2041 2534 2259 2587 xandria
2301 2536 2467 2588 sancti
2511 2534 2755 2601 Panteni,
2787 2536 2882 2587 viri
2920 2532 3216 2604 apostolici.
3254 2532 3466 2584 Vienna:
3501 2530 3605 2582 Eo-

2037 2624 2144 2677 oldi
2173 2626 2433 2693 episc0pi.
2475 2627 2603 2679 Item
2654 2628 2704 2679 in
2754 2625 3069 2679 Alexandria
3116 2624 3288 2677 natale
3333 2620 3600 2685 Parnieni,

2040 2716 2205 2770 Eracli
2237 2759 2251 2783 ,
2308 2718 2470 2784 Elim,
2516 2718 2810 2786 Apollonii,
2862 2714 3069 2782 Auovi,
3137 2725 3193 2770 et
3235 2715 3456 2768 aliorum
3503 2712 3603 2766 de-

1604 2803 1827 2858 EDITIO
1869 2804 2361 2861 BOLLANDIANA.

427 2896 480 2952 5.
513 2925 584 2938 --
620 2896 684 2952 lll
714 2894 909 2951 Nonas.
950 2895 1111 2949 Vacat
1142 2894 1316 2948 Baeda.

428 2989 514 3051 0.,
546 2987 695 3058 Syria
719 2988 773 3058 S.
807 2994 831 3058 ξι
863 2986 1043 3058 Donati
1076 2986 1339 3056 martyris.
1383 2985 1561 3058 Romae
1588 2985 1613 3024 ι)
1641 2984 1762 3040 Zoae
1794 3002 1925 3039 uxo-

357 3061 430 3111 ris
456 3056 757 3112 Nicostrati.
785 3056 847 3109 C.
882 3056 979 3120 ν..
1018 3058 1068 3109 ln
1119 3058 1293 3109 Sicilia
1347 3057 1662 3124 Agathonis,
1699 3058 1926 3124 'I‘ripho-

362 3132 463 3190 nis,
498 3127 765 3196 Feratoris
792 3126 1082 3196 [Feratoris
1110 3127 1161 3196 in
1192 3129 1299 3179 solo
1329 3125 1434 3196 C.],
1473 3127 1779 3188 Theodosii,
1827 3129 1925 3181 Se—

358 3197 596 3248 cundini.
630 3200 690 3247 A.
713 3195 775 3247 Τ.
810 3195 891 3255 L.,
924 3195 976 3246 lu
998 3195 1177 3247 Tomis
1200 3195 1410 3249 civitate
1438 3196 1610 3248 natale
1631 3197 1724 3249 SS.
1750 3196 1926 3248 'I‘heo-

359 3265 471 3318 doti
498 3275 550 3319 et
582 3265 884 3319 Secundini.
939 3266 998 3316 A.
1036 3264 1122 3327 'I‘.,
1157 3264 1211 3315 In
1247 3264 1559 3317 Alexandria
1603 3268 1658 3319 S.
1691 3265 1923 3332 Arpotis.

358 3334 423 3388 Τ.
452 3334 509 3387 L.
546 3334 629 3395 Β..
660 3334 714 3386 In
744 3332 916 3387 Sicilia
964 3333 1134 3397 passio
1163 3334 1261 3386 SS.
1289 3333 1577 3401 Agathonis
1626 3350 1670 3388 ei
1702 3335 1929 3399 Tripha-

361 3404 462 3459 nis.
496 3404 578 3466 8.,
614 3404 664 3455 lu
692 3402 873 3455 Tomis
901 3402 1174 3463 Slratoris,
1201 3402 1499 3468 Theodori,
1534 3403 1791 3468 llodolias,
1825 3408 1932 3459 Se-

360 3474 598 3528 cundini.
635 3473 687 3527 lu
717 3471 1039 3525 Alexandria
1076 3473 1306 3538 lﬁrpotis.

432 3570 484 3617 ο.
511 3594 581 3605 ——
608 3565 649 3620 ll
679 3563 875 3618 Nosas.
919 3574 940 3603 ο
972 3562 1118 3617 Isaia:
1169 3564 1438 3632 praphetae
1484 3575 1536 3619 et
1567 3574 1765 3620 octava:
1806 3581 1935 3635 apo-

361 3657 640 3711 stolarum.

453 3748 640 3802 Florus
680 3748 729 3801 in
761 3752 825 3803 A.
856 3749 917 3800 Τ.
950 3748 1008 3801 L.
1030 3789 1045 3813 ,
1074 3746 1255 3801 Ronim
1301 3749 1474 3817 passio
1520 3749 1577 3804 S.
1606 3747 1630 3785 d
1658 3749 1936 3818 Tranquil-

369 3839 484 3903 lini,
516 3838 687 3894 Patris
718 3840 828 3911 μη
854 3837 1040 3907 I’etrisl
1068 3839 1225 3892 lllarcr
1254 3849 1307 3894 et
1334 3840 1651 3893 Marcelliani
1681 3861 1692 3893 :
1726 3843 1811 3907 qui
1844 3841 1939 3893 do-

366 3931 551 3985 ctrinis
579 3931 640 3984 B.
691 3932 988 3986 SebaStiani
1020 3932 1505 3985 Christianissimus
1534 3933 1750 3987 effectus
1772 3975 1785 3996 ,
1816 3933 1941 3986 dum

1954 2900 1997 2958 C
2031 2899 2094 2950 ad
2149 2903 2173 2932 ο
2201 2897 2591 2951 confessionem
2638 2897 2698 2950 Β.
2756 2895 2900 2950 Pauli
2932 2894 3273 2960 accessisset,
3322 2908 3604 2964 perpessus

2036 2987 2273 3051 insidias,
2303 2997 2477 3042 tentus
2530 2997 2579 3040 et
2626 3002 2654 3040 a
2689 2988 2878 3055 papqu
2908 2985 3185 3051 lapidatus,
3234 2996 3476 3038 mortuus
3499 2995 3606 3045 est,

2034 3090 2330 3145 corpusque
2356 3078 2469 3145 ejus
2500 3077 2751 3130 Tiberino
2796 3077 2982 3144 gurgiti
3036 3075 3411 3145 mancipatum.
3463 3076 3608 3130 Scri-

2038 3175 2182 3236 ptum
2225 3168 2463 3237 ingestis
2496 3169 2552 3222 Β.
2588 3168 2905 3222 Sebastiani.

2111 3259 2192 3322 8.,
2226 3259 2279 3311 In
2310 3260 2459 3327 Syria
2492 3258 2678 3323 Zotici,
2714 3259 2956 3321 Amandi,
2988 3258 3205 3311 Arteris.
3243 3257 3608 3326 Augustidmio

2038 3328 2301 3396 depositio
2329 3334 2383 3383 S.
2420 3330 2623 3383 Leontil
2652 3330 2908 3397 episcopi.
2941 3333 2995 3380 ln
3027 3330 3359 3397 Alexandria
3381 3331 3607 3397 {\rthott,

2039 3397 2169 3467 Zeti.
2206 3401 2262 3450 Β.
2297 3398 2383 3464 L.,
2419 3401 2481 3451 Et
2511 3401 2560 3451 in
2591 3401 2751 3467 Binga
2782 3402 2954 3453 natale
2990 3398 3046 3452 S.
3086 3397 3103 3435 ί
3138 3399 3323 3452 Goaris
3351 3396 3436 3466 [Β.
3466 3399 3611 3450 Gao-

2039 3465 2131 3535 ris]
2162 3470 2499 3522 confessoris.

2113 3564 2163 3614 7.
2189 3591 2256 3600 ——
2278 3562 2462 3615 NONIS.
2498 3561 2657 3615 Vacat
2687 3562 2860 3616 Bzeda.

2114 3653 2172 3704 C.
2223 3653 2280 3705 Β.
2316 3652 2400 3719 V.,
2445 3652 2497 3703 lu
2549 3652 2857 3705 Alexandria
2911 3650 3194 3705 Parthemii
3222 3692 3235 3714 ,
3269 3650 3460 3703 Eraclii
3496 3647 3609 3720 [B.,

2045 3722 2305 3789 Apollonii
2326 3720 2343 3789 ⁷1
2369 3763 2381 3785 ,
2414 3722 2586 3793 ᾼΡιὼιὶἱ
2616 3737 2733 3775 cum
2778 3722 2895 3775 aliis
2924 3724 3104 3775 decem
3137 3722 3154 3793 [
3188 3721 3272 3785 V.,
3304 3736 3491 3793 novem
3518 3720 3533 3789 ι
3560 3729 3615 3793 et

2046 3803 2185 3844 octo.
2222 3796 2281 3843 Α.
2316 3793 2377 3844 'l‘.
2412 3791 2494 3855 L.,
2543 3795 2593 3843 lu
2636 3793 2951 3846 Alexandria
2999 3788 3174 3844 natale
3203 3792 3302 3846 SS.
3338 3788 3614 3856 Apollonii

2051 3860 2158 3930 |L.,
2189 3860 2447 3931 Heraclei]
2470 3904 2483 3927 ,
2517 3860 2662 3931 Helei
2703 3873 2755 3915 et
2785 3861 3021 3914 Parmeni
3049 3901 3062 3922 ,
3093 3861 3344 3913 hactenus
3374 3866 3458 3920 A.,
3491 3874 3613 3931 cum

2050 3933 2169 3985 aliis
2198 3929 2580 3985 notemdecitu.
2616 3930 2697 3994 B.,
2726 3933 2787 3984 lit
2812 3932 2933 3985 alibi
2958 3931 3267 3994 Alexandri,
3301 3929 3610 3983 l’art‘uniuit.

1746 4024 1950 4080 SMITII
1991 4022 2218 4076 ΝΟΤτΕ.

385 4116 495 4166 dem
520 4112 699 4167 Tolin
725 4114 935 4181 imperio
980 4114 1031 4165 in
1063 4111 1284 4167 Francia
1312 4116 1474 4182 capite
1506 4123 1815 4167 truncatum.
1849 4113 1947 4165 Ca-

373 4196 460 4253 put
496 4183 746 4245 Hispalim
778 4185 1023 4247 delatum,
1057 4186 1309 4236 civitatem
1340 4187 1508 4237 multis
1547 4185 1944 4247 calamitatibus,

368 4254 551 4321 quibus
581 4254 672 4305 hoc
704 4264 806 4306 toto
838 4255 1093 4321 septennia
1124 4255 1459 4320 laboraverat,
1495 4256 1787 4307 asseruisse.
1817 4256 1947 4305 Cor-

378 4339 473 4390 pus
511 4341 537 4375 a
571 4324 629 4375 Il.
659 4325 883 4377 Eusebio
927 4324 1215 4376 Arelatensi
1264 4326 1513 4390 episcoiio
1565 4326 1614 4376 in
1659 4323 1941 4385 Biturensi,

378 4397 490 4460 lege
539 4394 845 4446 llituricensi
899 4403 952 4445 et
987 4393 1220 4460 intellige
1261 4394 1460 4445 nonde
1504 4394 1612 4456 ips:t
1642 4392 1941 4459 llletropoh,

372 4466 464 4516 Sed
494 4464 560 4517 de
590 4464 688 4516 alia
720 4478 836 4532 qua:
860 4461 1160 4532 rVastiuuin,
1192 4462 1353 4532 Vatan
1384 4464 1693 4529 appellatur,
1728 4464 1949 4532 civrtate

377 4533 461 4598 pie
514 4530 801 4599 sepultum.
854 4531 980 4597 Ejus
1030 4530 1201 4597 passio
1249 4531 1573 4585 describitur
1622 4535 1757 4598 apud
1809 4531 1944 4583 Phil.

383 4602 580 4668 Labbe,
616 4603 748 4656 Bibl.
780 4602 912 4654 Nov.
944 4611 1070 4653 tom.
1098 4599 1160 4661 Il,
1189 4616 1239 4667 p.
1263 4601 1391 4662 Ml,
1421 4600 1509 4663 qui
1535 4601 1607 4653 ait
1639 4611 1947 4667 persecuto-

377 4689 486 4726 rem
523 4672 765 4727 Lauriaui
811 4673 982 4737 potius
1026 4670 1303 4723 dicendum
1336 4672 1568 4739 Agilam,
1601 4671 1688 4737 qui
1741 4682 1863 4724 tunc
1896 4671 1945 4723 in

380 4743 630 4810 lliSpania
660 4740 992 4808 Wesegothis
1026 4751 1266 4806 pra'erat,
1301 4757 1454 4806 quam
1485 4741 1735 4810 Totilam.

454 4808 718 4867 ‘00::ati.
766 4811 984 4863 Rei-tius
1013 4810 1242 4872 liomiiii,
1274 4819 1327 4861 ut
1363 4820 1621 4862 tesmntur
1651 4808 1946 4871 Usuardus,

383 4881 521 4944 Ado,
550 4884 825 4946 llaronius,
875 4881 941 4933 de
971 4896 1075 4946 quo
1097 4880 1252 4947 tireg.
1281 4880 1481 4933 Turon.
1513 4882 1579 4934 de
1608 4877 1786 4933 Gloria
1816 4896 1952 4932 mar-

383 4964 630 5020 tyrum,t,
658 4953 777 5005 IOU.
812 4950 958 5004 llunc
986 4948 1240 5002 Baronius
1271 4949 1447 5020 nescio
1476 4964 1575 5018 qua
1604 4950 1669 5003 de
1699 4965 1856 5003 causa
1884 4948 1950 5002 ab

384 5018 507 5085 iSto,
532 5037 687 5088 quem
719 5020 1003 5085 Gregorius
1039 5021 1231 5084 laudat,
1266 5018 1558 5087 distinguit.

454 5093 479 5126 ιι
513 5092 638 5143 Ibid.
668 5091 807 5144 Zow.
841 5090 915 5143 De
944 5104 1002 5141 ea
1035 5088 1201 5155 pridie
1228 5090 1497 5156 agebatur.

459 5172 479 5198 ο
512 5158 686 5214 Isaia.
717 5164 813 5225 Qui
844 5159 941 5212 sub
968 5159 1204 5211 Manassc
1236 5174 1355 5221 rege
1384 5171 1559 5211 seetus
1590 5159 1638 5208 in
1670 5156 1803 5210 duas
1832 5170 1951 5225 par-

385 5240 464 5284 tes
490 5231 758 5291 occubuit,
783 5229 1124 5295 sepultusque
1149 5238 1232 5280 est
1256 5230 1353 5280 sub
1379 5243 1575 5295 quercu
1602 5228 1766 5296 Rogel
1793 5226 1949 5296 juxta

385 5302 662 5354 transitum
692 5315 966 5364 aquarum.
1015 5296 1295 5351 Bantmtus.

459 5373 483 5411 d
522 5369 879 5439 Tranquilliui.
910 5367 1037 5420 Vide
1062 5369 1192 5420 Acta
1218 5366 1513 5421 Sebastiani
1544 5366 1682 5436 apud
1709 5364 1947 5419 Bollaud.

386 5440 471 5491 die
503 5456 566 5490 xx
599 5440 858 5493 Januarii.

458 5519 481 5545 ε
513 5510 909 5573 Cenjessiourm.
950 5508 1229 5563 Coufcs~io
1267 5506 1401 5577 apud
1434 5507 1645 5565 hmines
1678 5506 1815 5560 idem
1847 5512 1946 5569 est,

2054 4114 2194 4180 quod
2224 4111 2361 4180 apud
2392 4114 2605 4166 Grmcos
2646 4114 2989 4182 martyrium;
3041 4114 3278 4181 quamvis
3322 4128 3424 4166 non
3474 4115 3614 4167 idem

2059 4198 2273 4248 prorsus
2301 4184 2435 4248 apud
2466 4183 2603 4247 illos,
2637 4184 2723 4252 qui
2753 4186 2889 4247 apud
2922 4198 3038 4247 nos,
3070 4198 3251 4237 earum
3281 4199 3467 4235 vocum
3493 4200 3619 4237 sen-

2052 4266 2142 4303 sus
2180 4253 2266 4302 sit.
2302 4253 2429 4303 Ram
2477 4252 2647 4306 Grarci
2694 4254 2931 4321 martyrii
2984 4254 3196 4306 nomine
3241 4268 3618 4321 nonnunquam

2054 4329 2215 4372 totam
2251 4322 2522 4374 Basilicam
2573 4322 2893 4392 martyribus
2923 4322 3149 4375 dicatam
3200 4326 3482 4390 appellant.
3520 4324 3615 4375 La-

2054 4393 2144 4442 tini
2180 4405 2304 4443 vero
2336 4405 2533 4457 partem
2576 4401 2776 4444 tantum
2817 4394 2958 4445 illam
3002 4393 3054 4444 in
3096 4394 3340 4449 ecclesia.
3373 4392 3457 4444 ubi
3489 4410 3622 4444 eun-

2052 4460 2104 4512 di
2133 4476 2177 4513 ω
2216 4470 2338 4513 sunt
2379 4461 2614 4529 reliquia:
2658 4463 2754 4514 sub
2797 4462 2970 4522 altari,
3006 4478 3106 4513 non
3150 4463 3316 4530 ipsam
3359 4464 3620 4524 integrant

2052 4532 2331 4583 ecelesiam
2406 4532 2675 4599 appellant
2746 4534 3154 4586 confessionem.
3240 4535 3506 4586 BARONIUS
3566 4532 3620 4583 in

2054 4600 2212 4651 notis.

2129 4667 2380 4740 τασαν-ξε.
2433 4668 2487 4722 In
2540 4683 2673 4739 pago
2719 4670 3041 4724 Trevirensi.
3097 4670 3198 4737 Qui
3249 4672 3299 4725 in
3347 4671 3622 4740 provincia

2055 4739 2356 4806 Aquitania:
2384 4747 2553 4804 ortus,
2602 4740 2926 4811 temporibus
2952 4740 3243 4796 llildeberti
3286 4739 3422 4811 regis
3452 4741 3621 4794 Fran-

2052 4821 2255 4879 corumi‘
2274 4812 2490 4879 patriam
2526 4820 2872 4876 parentesque
2896 4810 3153 4876 deseruit,
3186 4822 3240 4866 et
3271 4814 3321 4865 iu
3352 4812 3620 4879 provincia

2054 4892 2172 4943 qua:
2224 4874 2406 4929 liheno
2455 4878 2657 4931 flumini
2706 4874 2974 4946 contigua,
3015 4874 3253 4947 'l‘rtgoria
3300 4874 3617 4947 appellatur,

2052 4958 2211 5013 atque
2260 4949 2323 4999 ad
2353 4948 2608 5001 diter-esin
2643 4952 2873 5015 pertinet
2902 4951 3264 5015 Trevirorum,
3301 4952 3408 5003 Dro
3436 4952 3622 5003 deser-

2054 5018 2167 5069 vire
2198 5017 2453 5071 decrevit.
2491 5018 2863 5085 Episcopatum
2895 5019 3264 5073 Trevireusem
3302 5020 3401 5073 sibi
3432 5034 3621 5085 magna

2055 5085 2303 5139 instantia
2333 5088 2589 5150 oblatum,
2622 5089 2813 5140 nedum
2845 5092 3124 5152 recusavit,
3157 5092 3249 5142 sed
3281 5104 3347 5142 ne
3375 5090 3440 5141 ad
3473 5090 3619 5141 illum

2056 5156 2354 5207 traheretur
2405 5159 2617 5219 invitus,
2672 5173 2698 5209 a
2734 5157 2840 5211 Deo
2889 5160 3113 5211 obtinuit
3159 5160 3292 5211 intra
3339 5158 3621 5212 terminum

2053 5223 2123 5296 20
2154 5226 2359 5277 dierum
2388 5228 2467 5278 sui
2499 5242 2736 5290 corporis
2765 5226 3103 5281 Solutionem.
3145 5231 3349 5296 Corpus
3374 5238 3551 5281 autem
3591 5242 3618 5277 a

2055 5295 2258 5364 duobus
2290 5296 2611 5364 presbyteris
2653 5299 2811 5348 sociis
2857 5303 2989 5358 suis,
3017 5310 3069 5351 et
3110 5302 3177 5351 ab
3207 5295 3325 5351 aliis
3358 5300 3623 5360 sepultum

2054 5363 2155 5435 [uit
2206 5367 2255 5415 in
2286 5363 2469 5435 eadem
2501 5366 2723 5418 ecclesia
2756 5382 2910 5432 quant
2964 5366 3075 5435 ipse
3104 5368 3458 5421 :edilicavcrat
3486 5381 3625 5418 anno

2057 5432 2264 5487 Domini
2293 5432 2415 5488 600.
2451 5435 2617 5489 l‘mn.
2646 5451 2711 5489 DE
2738 5436 2948 5491 Νλτλι..
2980 5432 3135 5494 Cum.
3166 5438 3292 5491 Ssx.
