3990 6196
1469 244 1657 300 SECT.
1701 244 1761 298 Il.
1801 277 1870 288 —-
1911 246 2463 302 MAR'I‘YROLOCIA.
3252 239 3255 242 ’
3471 239 3568 296 970

1622 355 1843 409 EDITIO
1882 356 2344 412 COLONIENSIS.

346 457 460 499 cem
490 454 542 499 et
569 459 778 499 novem.
826 443 1020 498 Eodem
1073 444 1154 496 die
1199 447 1363 498 sancti
1394 442 1656 498 Wilihaldi
1703 444 1909 498 confes-
1933 464 1979 518 Α
2013 449 2178 500 sancti
2229 447 2458 503 Zenonis
2496 448 2763 519 martyris,
2797 459 2848 502 et
2873 447 3095 502 aliorum
3127 448 3306 501 decem
3342 446 3562 502 milium

351 243 454 301 969

345 550 502 589 SOI‘IS.

417 623 480 679 (ἶ.
526 624 632 679 VIII
678 624 796 679 Inus
840 625 996 680 .qut.
1040 624 1094 679 In
1141 640 1272 694 pago
1323 626 1580 688 Austrim,
1636 633 1690 678 ct
1735 636 1908 679 castro

346 715 558 769 nomine
582 714 1070 783 Wirciburg,,juxta
1094 715 1303 768 Menum
1331 715 1542 770 ﬂuvium
1575 716 1698 781 sito,
1731 717 1907 770 natale

345 806 512 859 sancti
542 805 736 859 Kiliani
778 804 1047 874 martyris,
1097 814 1152 858 et
1195 805 1416 859 duorum
1464 805 1724 858 sociorum
1773 807 1909 872 ejus,

2013 535 2356 591 ducentorum
2382 548 2434 593 et
2468 539 2646 593 trium.
2677 539 2732 593 In
2755 539 2967 594 civitate
2995 537 3136 606 Tyro
3167 537 3338 590 natale
3363 549 3570 591 sancto-

2016 641 2130 679 rum
2162 628 2451 681 Anatholia:
2479 637 2532 682 et
2561 631 2805 688 Audaris.
2857 629 2953 682 sub
3012 625 3171 681 Decio
3225 626 3567 694 imperatore.

1990 710 2224 776 Qtzorum
2254 716 2534 770 Anatholia
2576 730 2696 770 cum
2724 718 2915 769 multos
2953 716 3002 769 itt
3039 716 3236 770 Piceno
3258 716 3451 783 oppido
3484 718 3568 770 itt-

1997 802 2202 869 firmos,
2226 803 2485 858 lunaticos
2510 821 2570 860 ac
2598 806 2958 861 daemoniacos
3003 817 3264 872 curasset,
3298 807 3452 859 ducta
3474 816 3576 870 est,

1987 894 2208 965 jubente
2240 899 2601 967 Faustiniano,
2648 901 2712 953 ad
2765 900 3028 954 civitatem
3059 901 3279 970 Tyrum,
3325 911 3378 955 et
3409 899 3580 953 diver-

1997 986 2076 1038 sis
2130 989 2398 1056 plagarum
2441 989 2726 1059 generibus
2771 1000 3000 1055 vcxata;
3055 989 3244 1043 deinde
3286 1005 3405 1043 cum
3464 1003 3579 1042 ser-

1994 1086 2153 1144 pente
2174 1089 2281 1134 tota
2309 1091 2464 1136 nocte
2497 1083 2720 1146 inclusa,
2753 1081 2895 1135 nihil
2916 1082 3037 1136 ltesa
3067 1084 3382 1152 est,quinet
3406 1081 3575 1150 ipsum

1991 1166 2243 1236 Marsum,
2273 1171 2358 1239 qui
2387 1183 2686 1240 serpentem
2721 1174 3020 1234 dimiserat,
3041 1176 3253 1228 nomine
3287 1176 3576 1228 Audacem.

344 895 430 962 qui
474 895 540 947 ab
579 893 823 948 Ilibet-nia
873 894 1152 947 Scotorum
1185 893 1352 947 insula
1389 894 1679 957 venientes,
1714 885 1906 948 nomen

343 981 539 1036 Christi
585 983 636 1036 in
685 983 953 1051 prmdictis
982 983 1114 1036 locis
1147 985 1585 1052 praedicaverunt,
1634 987 1806 1054 ibique
1839 987 1909 1040 ob

343 1073 582 1126 veritatis
627 1073 1021 1126 confessionem
1056 1074 1154 1126 sub
1183 1075 1409 1142 quodam
1438 1076 1615 1140 judice
1639 1077 1905 1131 Gozberto

345 1165 594 1218 trucidati
638 1175 782 1228 sunt,
831 1175 884 1218 et
931 1164 1108 1218 multis
1157 1176 1336 1232 postea
1377 1167 1541 1234 signis
1570 1169 1677 1221 veri
1708 1168 1904 1222 Christi

342 1266 602 1324 martyres
630 1269 749 1310 esse
777 1255 1102 1309 claruerunt.
1136 1253 1190 1307 In
1226 1253 1501 1308 Palaestina
1536 1258 1709 1310 natale
1735 1259 1903 1312 SnnCli

339 1345 606 1414 Procopii,
650 1345 736 1414 qui
768 1361 796 1398 a
826 1344 1064 1413 Nicopoli
1115 1345 1306 1399 ductus
1345 1344 1665 1414 Caesaream,
1705 1348 1771 1401 ad
1798 1349 1905 1414 pri-

339 1453 480 1491 mam
533 1438 934 1506 responsionum
983 1436 1380 1495 confidentiatn.
1428 1437 1560 1492 irato
1590 1437 1769 1507 judice
1798 1439 1902 1493 Fa-

337 1528 514 1594 biano,
548 1530 716 1598 capite
746 1543 914 1583 caesus
942 1537 1044 1582 est.
1078 1527 1230 1595 Apud
1276 1526 1450 1580 Asiam
1487 1529 1742 1582 minorem
1775 1543 1901 1582 san-

336 1627 542 1670 ctorum
596 1617 797 1687 Aquilae
840 1625 894 1671 et
940 1610 1199 1672 Priscilla:
1244 1617 1426 1671 uxoris
1478 1617 1615 1686 ejus,
1671 1631 1893 1687 quorum

337 1703 507 1760 Lucas
537 1706 586 1759 in
618 1707 834 1759 Actibus
864 1706 1228 1772 apostolorum
1262 1705 1520 1758 meminit.

2005 1265 2163 1306 mane
2202 1267 2232 1306 a
2270 1267 2366 1306 suo
2410 1264 2658 1323 serpente
2703 1253 3089 1319 devorandum,
3137 1253 3349 1323 eripuit,
3400 1264 3454 1309 et
3499 1258 3563 1308 ad

2002 1341 2267 1398 Christum
2315 1345 2741 1416 martyriumque
2784 1347 3071 1400 convertit.
3127 1345 3256 1400 Nam
3287 1347 3398 1414 ipse
3447 1354 3565 1414 post

2004 1432 2116 1487 haec
2141 1435 2208 1486 ob
2236 1435 2625 1488 confessionem
2683 1435 2918 1489 veritatis
2959 1436 3012 1490 in
3054 1435 3342 1491 custodiam
3386 1435 3562 1500 datus,

2002 1540 2101 1580 nec
2130 1541 2276 1579 mora
2309 1525 2518 1592 capitali
2548 1529 2807 1581 sententia
2837 1534 2919 1582 est
2947 1537 3252 1582 coronatus.
3285 1527 3399 1595 Ipsa
3430 1542 3565 1594 qno-

2001 1634 2104 1690 que
2132 1618 2276 1687 virgo
2313 1618 2508 1674 Christi
2557 1618 3006 1684 transverberata,
3039 1633 3156 1673 cum
3186 1626 3350 1672 staret
3379 1627 3565 1669 exten-

2000 1712 2079 1766 sis
2129 1712 2370 1765 manibus
2399 1710 2450 1764 in
2481 1712 2741 1776 oratione,
2793 1711 2860 1764 ita
2911 1718 2968 1763 ut
3011 1724 3107 1779 per
3151 1710 3393 1762 dextrum
3427 1709 3566 1761 latus

411 1797 479 1852 A.
518 1795 606 1852 Vll
639 1795 754 1851 Inus
792 1796 952 1852 Juut.
994 1794 1179 1848 Roma:
1222 1795 1287 1848 ad
1337 1794 1550 1849 Guttam
1599 1805 1898 1852 manantem
1930 1789 2208 1868 Bgladius
2258 1801 2490 1868 missus,
2540 1813 2633 1868 per
2679 1799 2954 1854 sinistrum
3003 1798 3192 1864 exiret,
3236 1796 3437 1863 sepulta
3483 1805 3565 1850 est

1579 1904 1801 1960 EDITIO
1843 1905 2339 1962 BOLLANDIANA.

337 2015 425 2078 D.,
461 2011 776 2082 Alexandria
807 2011 872 2082 S.
897 2020 922 2048 ι
944 2010 1182 2082 Panteni.
1211 2010 1410 2082 Romae,
1440 2020 1725 2082 martyrum
1755 2011 1779 2050 ιι
1803 2012 1898 2067 Ni-

333 2084 551 2137 costrati
572 2125 587 2148 ,
624 2081 812 2144 Primi,
841 2080 1061 2146 Sesinii,
1094 2091 1116 2118 ο
1140 2079 1338 2134 Claudii
1368 2079 1893 2146 contmeittariensis,

335 2153 560 2207 Castorii
585 2191 601 2218 ,
637 2151 925 2211 Victorini.
972 2150 1338 2220 Symphoriani
1365 2191 1380 2215 ,
1421 2164 1554 2220 quos
1589 2151 1661 2220 rll.
1701 2150 1897 2205 Sebas-

335 2224 510 2276 tianus
551 2222 767 2276 credere
812 2220 1082 2274 Christum
1124 2220 1339 2286 docuit,
1386 2228 1441 2274 et
1479 2219 1536 2274 S.
1569 2219 1894 2291 Polycarpus

334 2293 610 2362 presbyter
640 2291 939 2359 baptizavit.

406 2379 686 2435 8.—-Vlll
740 2378 878 2434 Inus.
925 2377 1108 2433 Natale
1146 2374 1435 2448 dProcopii
1483 2377 1533 2432 in
1583 2377 1892 2447 Palaestina,

332 2471 420 2541 qui
453 2472 522 2526 ab
544 2470 852 2541 Scytbopoli
884 2470 1071 2524 ductus
1095 2468 1410 2534 Cresaream,
1434 2469 1499 2525 ad
1528 2472 1750 2537 primam
1780 2487 1895 2527 res-

334 2562 649 2632 ponsionum
683 2562 796 2630 ejus
824 2560 1195 2616 confidentiam
1227 2560 1362 2617 irato
1391 2560 1573 2616 Judice
1606 2563 1892 2629 Flaviano,

331 2651 504 2718 capite
529 2663 698 2705 caesus
723 2659 823 2704 est.

407 2737 490 2801 Β..
544 2737 777 2806 Angusta
807 2735 1207 2791 Virmandorum
1258 2738 1491 2792 inventio
1539 2738 1777 2804 corporis
1827 2739 1886 2794 S.

336 2806 610 2876 OrQnintini
661 2806 926 2876 martyris.
962 2808 1045 2876 Et
1092 2807 1218 2862 alibi
1263 2808 1512 2876 Agresti,
1555 2808 1790 2866 Pritnuli.
1836 2810 1893 2864 In

332 2875 488 2930 Nicen
520 2874 764 2941 Sostrati,
796 2874 993 2930 Eradii.

403 2964 662 3020 9.—Vll
711 2963 847 3020 Inus.
881 2965 936 3020 In
984 2964 1194 3021 civitate
1243 2965 1440 3037 'Tyrze
1491 2966 1585 3039 [V.
1619 2967 1792 3022 Tom.
1830 2967 1893 3022 Τ.

331 3053 528 3126 Tityro.
563 3054 626 3109 ι..
654 3052 856 3128 Τίινίω1,
886 3056 1062 3112 natale
1093 3057 1193 3114 SS.
1223 3057 1514 3113 Anatbolia:
1555 3067 1609 3113 et
1664 3060 1894 3114 Audacis

1994 2015 2095 2071 sub
2125 2015 2284 2071 Decio
2316 2017 2664 2086 imperatore;
2689 2031 2913 2086 quorum
2944 2016 3243 2082 Anatholia,
3276 2033 3394 2072 cum
3423 2021 3556 2074 mul-

1994 2111 2079 2159 tos
2129 2105 2181 2159 in
2229 2104 2419 2160 Piceno
2469 2106 2744 2172 infirmos,
2796 2107 3055 2162 lttnaticos
3101 2122 3162 2162 ac
3207 2108 3558 2163 daemoniacos

1992 2205 2228 2250 curasset
2255 2212 2268 2260 ;
2309 2196 2463 2250 ducta
2493 2207 2573 2252 est
2605 2197 2822 2266 jubente
2854 2197 3157 2252 Festiniano
3190 2198 3254 2251 ad
3287 2198 3556 2253 civitatem

1993 2285 2165 2355 Tyras,
2194 2295 2246 2339 et
2269 2285 2492 2340 diversis
2523 2287 2790 2356 plagarum
2818 2289 3101 2354 generibus
3123 2299 3327 2341 vexata.
3355 2287 3556 2344 Deinde

1994 2391 2114 2432 cum
2163 2384 2413 2447 serpente
2464 2387 2568 2430 tota
2619 2387 2772 2432 nocte
2819 2378 3016 2432 inclusa
3046 2417 3062 2441 ,
3093 2377 3218 2432 nihil
3269 2378 3392 2433 laesa
3435 2390 3554 2434 est:

1994 2467 2119 2537 quin
2150 2479 2202 2522 et
2232 2457 2402 2536 ipsum
2436 2467 2756 2531 ministrum,
2785 2469 2872 2535 qui
2905 2478 3201 2536 serpentem
3235 2469 3550 2536 immiserat,

1996 2560 2208 2613 nomine
2237 2558 2530 2624 Audacem,
2557 2571 2710 2612 mane
2736 2573 2762 2610 a
2793 2572 2890 2611 suo
2920 2568 3168 2625 serpente
3194 2559 3552 2613 devorandum

1995 2650 2210 2718 eripuit,
2236 2659 2290 2705 et
2316 2650 2381 2703 ad
2403 2652 2600 2706 Christi
2623 2652 2928 2720 martyrium
2955 2653 3234 2710 convertit.
3263 2653 3552 2724 (Hactenus

1999 2745 2090 2813 A.)
2119 2745 2247 2798 Nam
2278 2745 2388 2813 ipse
2417 2753 2537 2812 post
2583 2746 2683 2798 hoc
2710 2745 2779 2799 ob
2816 2746 3199 2800 confessionem
3233 2748 3469 2801 veritatis
3503 2748 3552 2801 in

1999 2834 2294 2891 custodiam
2322 2835 2496 2896 datus.
2537 2850 2633 2890 nec
2663 2850 2835 2900 mora,
2866 2835 3076 2904 capitali
3107 2837 3366 2890 sententia
3397 2851 3553 2890 coro-

2001 2935 2156 2981 natus
2200 2934 2301 2980 est.
2335 2926 2447 2994 Ipsa
2491 2941 2698 2994 quoque
2731 2927 2886 2996 Virgo
2919 2927 3113 2980 Christi
3159 2928 3334 2995 gladio
3381 2937 3552 2981 trans-

2001 3018 2276 3072 verberata
2305 3025 2423 3084 est,
2457 3032 2576 3070 cum
2616 3024 2781 3071 staret
2808 3016 3038 3071 extensis
3068 3018 3308 3072 manibus
3347 3019 3398 3072 in
3425 3033 3551 3071 ori-

403 3248 429 3276 ι
464 3239 695 3295 Ραηιεηὶ.
748 3237 936 3293 Stoicae
987 3245 1144 3292 sectas
1198 3237 1536 3306 philosophi,
1587 3237 1674 3306 qtti
1705 3146 2190 3307 Sjtiiaﬂcthzfn
2220 3235 2339 3290 ldus
2370 3235 2556 3307 .Iulias.
2589 3235 2755 3290 Graeci
2793 3250 3004 3304 quoque
3045 3235 3143 3307 hoc
3184 3237 3297 3306 ipso
3323 3237 3410 3293 die
3439 3254 3547 3292 me-

331 3312 611 3379 quamdam
661 3318 894 3363 veterem
930 3309 994 3379 in
1043 3309 1356 3362 Alexandria
1400 3309 1833 3379 consuetudinem
1860 3348 1878 3376 ,

333 3376 420 3434 tibi
447 3394 476 3431 a
508 3379 682 3433 Marco
727 3377 1046 3445 evangelista
1080 3391 1291 3446 semper
1336 3377 1681 3446 ecclesiastici
1731 3376 1883 3433 fuere

332 3449 618 3512 dortores,
673 3456 831 3501 tanta:
879 3447 1167 3515 prudentia:
1199 3445 1269 3498 et
1314 3445 1624 3499 eruditionis
1675 3455 1780 3500 tam
1832 3449 1883 3502 in

336 3517 626 3585 Scripturis
656 3517 845 3570 divinis
873 3529 1029 3584 quam
1061 3517 1110 3569 in
1157 3515 1394 3585 szecnlari
1431 3516 1718 3568 litteratura
1750 3515 1881 3581 fuit,

334 3597 393 3639 ut
426 3583 478 3639 in
509 3587 705 3640 Indiam
733 3601 966 3655 quoque
991 3595 1203 3655 rogatus
1233 3584 1300 3637 ab
1337 3583 1475 3636 illius
1504 3586 1672 3651 gentis
1699 3586 1883 3655 legatis

335 3669 366 3707 a
420 3655 683 3710 Demetrio
735 3653 1074 3708 Alexandria!
1112 3653 1360 3722 episcOpo
1407 3656 1744 3718 mitteretur;
1794 3654 1881 3708 ubi

338 3726 539 3790 reperit
565 3723 1002 3778 Bartholommttm
1047 3723 1113 3776 de
1156 3722 1430 3775 duodecim
1481 3724 1734 3788 apostolis
1784 3724 1880 3776 ad-

333 3804 548 3849 ventum
578 3794 781 3846 Domini
807 3793 929 3846 .Iesu
955 3793 1102 3859 juxta
1130 3791 1353 3844 Matthmi
1378 3791 1714 3860 Evangelium
1748 3806 1883 3857 prae-

333 3865 539 3917 dicasse
561 3903 576 3926 ,
605 3864 740 3929 quod
773 3861 1044 3916 Hebraicis
1072 3862 1259 3914 litteris
1289 3862 1576 3927 scriptum,
1609 3871 1881 3916 revertens

332 3934 726 3997 Alexandriam,
750 3946 926 3986 secum
950 3932 1156 3983 detulit.
1187 3931 1371 3983 Docuit
1391 3931 1488 3983 sub
1514 3931 1712 3984 Severo
1738 3933 1884 3996 prin-

331 4003 451 4069 cipe
480 4011 532 4055 et
557 4003 824 4055 Antonino
849 4009 1198 4067 cognomento
1225 3998 1514 4069 Caracalla.
1548 3999 1666 4069 Fuit
1690 4010 1741 4052 et
1761 4001 1884 4054 Cle-

334 4066 528 4124 mentis
571 4071 1263 4191 Alexandriniirrmceptor.
1298 4066 1510 4122 Hieron.
1545 4068 1596 4121 itt
1628 4068 1879 4136 Catalngo

334 4144 513 4191 script.
543 4140 670 4191 eccl.
704 4140 893 4191 Euseb.
973 4141 1056 4191 ist.
1083 4154 1132 4191 v.
1165 4139 1249 4191 l0.
1278 4139 1363 4191 Η.

329 4140 670 4220 διετίνικεεοΙ.
704 4140 893 4219 Euseb.
923 4139 1056 4219 Ilist.
1083 4154 1132 4198 v,
1165 4139 1249 4202 l0,
1278 4139 1363 4191 tl.
1777 4208 1786 4218 .

406 4206 761 4262 I’Ntcostrott.
811 4210 975 4261 Μαι-ιιι
1024 4207 1080 4261 5.
1126 4206 1247 4261 Ζοεε
1275 4246 1288 4270 ,
1322 4222 1437 4274 qua:
1483 4221 1638 4272 supra
1689 4206 1881 4260 colitur

328 4293 380 4332 Iv
412 4278 546 4331 Non.
578 4276 721 4331 Julii.
771 4277 890 4331 Fuit
938 4287 990 4330 et
1039 4277 1138 4345 hic,
1171 4276 1552 4343 primiscrittius
1577 4315 1592 4340 ,
1643 4291 1735 4344 pro
1773 4291 1879 4345 quo

334 4350 468 4401 male
487 4347 734 4401 scribitur
764 4347 941 4410 Primi,
973 4344 1183 4400 Sesinii.

407 4427 431 4454 ο
455 4416 678 4470 Claudii.
704 4415 778 4469 De
805 4415 886 4468 bis
913 4415 1155 4467 omnibus
1183 4411 1433 4479 scriptum
1464 4424 1546 4466 est
1570 4412 1620 4465 in
1643 4412 1789 4466 Artis
1814 4413 1875 4468 S.

343 4486 622 4540 tebastiani
665 4485 802 4552 apud
852 4483 1157 4552 Bollandum
1203 4483 1359 4534 editis
1391 4498 1457 4534 xx
1487 4481 1741 4552 Januarii.
1772 4483 1877 4552 Di-

1987 3309 2210 3362 moriam
2249 3305 2522 3362 celebrant
2569 3308 2742 3376 magni
2791 3308 3037 3376 martyris
3067 3305 3307 3368 Procoiiii
3336 3348 3350 3368 ,
3383 3319 3437 3360 ttt
3470 3313 3546 3359 \‘i-

1983 3378 2112 3432 dere
2160 3385 2241 3431 est
2291 3377 2343 3429 in
2392 3391 2575 3430 eorum
2622 3375 2838 3429 Memno.
2876 3375 3064 3428 verum
3116 3377 3214 3428 iste
3259 3378 3544 3440 Procopius

1986 3448 2139 3514 longe
2166 3446 2405 3499 diversus
2428 3455 2507 3499 est
2532 3459 2560 3496 a
2591 3454 2801 3509 nostro,
2836 3445 2959 3498 licet
2984 3444 3240 3498 Alliensis
3271 3445 3460 3510 fuerit,
3492 3461 3546 3498 et

1982 3513 2169 3569 eodem
2203 3515 2314 3567 fere
2350 3523 2586 3578 tempore
2615 3516 2904 3582 eademque
2933 3513 2984 3566 in
3017 3515 3228 3568 civitate
3260 3529 3447 3582 passus
3472 3517 3539 3568 sit

1985 3599 2086 3652 qua
2119 3594 2295 3636 noster
2318 3582 2627 3652 Procopius.
2655 3583 2780 3635 Nam
2808 3586 2889 3634 hic
2909 3583 3121 3652 quidem
3145 3594 3343 3645 noSter,
3371 3584 3538 3638 lector

1983 3651 2139 3722 atque
2168 3651 2427 3722 exorcista
2461 3651 2578 3722 [uit,
2608 3659 2664 3722 ut
2696 3660 2914 3722 testatur
2937 3651 3213 3722 Eusebius.
3238 3653 3384 3705 Alter
3411 3669 3536 3707 vero

1984 3717 2072 3775 ille
2097 3760 2112 3785 ,
2153 3721 2255 3773 dux
2299 3720 2396 3772 fuit
2437 3717 2670 3789 .Egypti.
2704 3720 2853 3773 Prior
2893 3718 3225 3773 Christianus
3266 3735 3294 3773 a
3339 3737 3541 3788 puero;

1984 3792 2116 3844 alter
2144 3791 2292 3843 initio
2321 3789 2416 3842 fuit
2441 3791 2738 3841 dmutonum
2767 3790 2959 3842 cultor.
2987 3789 3176 3842 Noster
3197 3792 3350 3844 nullis
3379 3807 3533 3846 vexa-

1985 3868 2067 3914 tus
2097 3859 2372 3913 tormentis
2399 3858 2570 3924 gladio
2596 3860 2752 3911 vitam
2786 3858 2981 3923 amisit,
3007 3858 3320 3913 brevissimo
3351 3867 3535 3914 tnurtis

1979 3943 2172 3996 genere
2202 3942 2450 3982 coronam
2481 3928 2718 3992 martyrii
2750 3933 3086 3996 promeritus.
3114 3930 3262 3982 Alter
3291 3944 3416 3984 vero
3442 3931 3535 3984 ille

1980 3999 2229 4052 diuturno
2271 4011 2332 4050 ac
2379 3997 2686 4050 difﬁcillimo
2741 3999 2992 4066 martyrio
3041 3998 3344 4065 perfunctus
3377 4039 3392 4061 ,
3434 4002 3534 4053 sub

1979 4067 2186 4121 duobus
2215 4067 2511 4120 Palaestina:
2542 4067 2854 4134 praesidibus
2881 4068 3029 4120 Justo
3055 4077 3107 4120 et
3135 4067 3387 4122 Flaviano
3417 4084 3535 4136 gra-

1979 4137 2192 4188 vissima
2240 4147 2496 4189 tormenta
2545 4138 2809 4187 sustinuit.
2853 4136 3041 4189 Noster
3079 4136 3305 4203 denique
3351 4149 3536 4201 captus

1979 4214 2064 4259 est
2111 4205 2456 4273 Scythopoli,
2506 4213 2664 4271 atque
2713 4206 2834 4258 inde
2886 4205 3180 4257 CmSaream
3238 4205 3532 4258 Palaestinae

1979 4275 2295 4342 perductus,
2329 4274 2522 4326 ibidem
2570 4276 2739 4338 capite
2782 4287 2949 4326 cmsus
2988 4283 3088 4326 est.
3135 4275 3438 4342 Alterivcro
3479 4277 3530 4328 in

1979 4341 2215 4412 Egypto
2241 4344 2686 4409 comprehensus.
2722 4343 2772 4395 in
2807 4343 2935 4395 urbe
2970 4342 3245 4394 Phteuices
3276 4341 3532 4396 Caesareae

1978 4427 2093 4481 qua:
2121 4421 2178 4466 et
2205 4413 2404 4481 Paneas
2431 4412 2572 4481 dicta
2602 4423 2682 4481 est
2708 4451 2724 4476 ,
2755 4413 3062 4480 martyrium
3103 4413 3487 4465 consummavit
3517 4457 3529 4476 ,

1978 4479 2021 4534 si
2051 4481 2316 4535 credimus
2343 4479 2575 4536 Simeoni
2605 4479 2992 4550 MetapttraStm.
3032 4482 3263 4535 Valesius
3293 4484 3342 4534 in
3385 4481 3530 4535 Notis

341 4556 477 4632 versi
507 4550 719 4632 omnino
743 4563 864 4607 sunt
894 4551 1170 4632 hi_ab_illis
1202 4551 1655 4632 martyribusaqui
1687 4550 1870 4632 iisdem
1904 4574 1953 4632 Ι)
1978 4550 2043 4604 ad
2061 4551 2286 4632 Eusebii
2312 4551 2824 4632 caputprtedictmn.

331 4624 630 4678 eoininibus
658 4631 782 4675 sunt
816 4621 1084 4690 appellati,
1115 4629 1169 4690 et
1206 4636 1426 4687 quorum
1467 4620 1646 4690 agitur
1688 4621 1876 4674 natalis

337 4692 551 4745 :nferius
597 4691 660 4744 ad
708 4707 757 4745 vt
801 4689 922 4745 ldus
950 4689 1202 4744 Novemb.
1252 4698 1406 4757 prout
1448 4689 1654 4742 diversa
1693 4703 1874 4744 eorum

328 4769 460 4814 Acta
490 4761 778 4814 declarant.

400 4829 426 4864 ά
452 4829 710 4899 Procopii.
745 4828 1030 4895 Proc0pius
1056 4827 1212 4899 domo
1240 4827 1334 4881 fuit
1363 4827 1638 4899 IEliensis,
1672 4826 1875 4899 habita-

325 4899 400 4951 vit
450 4913 575 4951 vero
618 4897 923 4966 Scythopoli
952 4938 966 4961 ,
998 4908 1154 4964 atque
1201 4897 1250 4949 itt
1299 4911 1358 4949 ea
1409 4898 1535 4951 urbe
1565 4900 1746 4966 Alector
1783 4897 1877 4950 fuit

325 4977 488 5034 atque
514 4964 791 5027 exorcista,
811 4964 864 5020 et
888 4979 1063 5019 sacras
1084 4967 1382 5032 Scripturas
1405 4981 1520 5034 qua:
1552 4964 1738 5019 Graeco
1763 4980 1877 5019 ser—

328 5050 488 5090 mone
517 5039 568 5089 in
594 5037 816 5089 ecclesia
846 5035 1171 5103 legebantur,
1205 5037 1486 5089 vernacula
1508 5076 1522 5099 ,
1558 5035 1607 5088 id
1636 5043 1719 5088 est
1744 5037 1874 5102 Syra

326 5107 503 5172 lingua
531 5146 546 5168 ,
580 5105 714 5171 plebi
760 5105 1128 5171 interpretatus
1156 5114 1254 5157 est.
1297 5104 1555 5157 Eusebius
1601 5106 1652 5156 in
1701 5103 1878 5157 libello

323 5175 394 5228 de
412 5171 731 5244 Martyribus
760 5171 1053 5244 Palatinae
1082 5187 1196 5244 cap.
1225 5187 1261 5240 t,
1298 5174 1438 5225 hunc
1469 5183 1620 5226 vocat
1650 5173 1872 5239 primttm

323 5258 392 5296 ex
435 5239 748 5312 martyribus
777 5239 1108 5312 Palaestina,
1140 5243 1397 5312 docetque
1423 5256 1543 5295 eum
1577 5251 1871 5312 truncatum

322 5326 446 5364 esse
483 5309 584 5364 die'
609 5322 797 5364 octavo
842 5312 1036 5364 mensis
1079 5310 1257 5376 Desii,
1287 5312 1386 5363 hoc
1414 5323 1493 5364 εει
1517 5351 1532 5375 ,
1565 5320 1622 5362 ut
1653 5309 1870 5362 Romani

321 5382 508 5432 dicunt
533 5419 549 5444 ,
579 5390 699 5433 ante
732 5380 869 5433 diem
897 5380 1176 5445 septimum
1205 5380 1322 5432 ldus
1351 5379 1534 5432 lunias
1560 5396 1571 5431 :
1598 5379 1872 5447 Inscriptio

318 5448 484 5515 hujus
513 5454 764 5502 Actorum
797 5464 844 5501 tv
876 5450 1052 5502 Nonas
1080 5450 1296 5516 Augusti
1325 5450 1553 5501 natalem
1581 5449 1719 5501 diem
1747 5462 1874 5500 con-

314 5517 535 5585 sigttat:
567 5522 693 5572 Acta
739 5519 850 5585 ipsa
884 5517 1058 5570 Nonas
1100 5517 1284 5571 Julias.
1315 5519 1368 5572 In
1408 5517 1653 5570 omnibus
1699 5528 1873 5569 tamen

316 5583 703 5656 Martyrologiis
753 5583 940 5638 natalis
989 5589 1050 5638 Β.
1105 5587 1341 5655 Procopii
1391 5586 1744 5642 celebrandus
1795 5595 1876 5639 est

603 5697 871 5757 Ρλτιιοι.
919 5696 1132 5757 XCIV.

344 5781 369 5789 η.

2056 4630 2079 4656 ’
2104 4621 2352 4684 Quintini.
2383 4622 2455 4674 De
2484 4620 2580 4672 hac
2608 4621 2909 4674 inventione
2937 4619 3013 4673 sic
3041 4617 3223 4672 scribit
3249 4619 3434 4673 Petrus
3463 4621 3530 4673 de

1983 4687 2152 4742 Natal.
2195 4707 2212 4738 ι
2253 4691 2374 4742 Post
2401 4689 2678 4743 decursum
2721 4698 2896 4743 autem
2945 4704 3200 4741 annorum
3232 4689 3364 4754 520,
3406 4691 3530 4742 dum

1989 4773 2010 4808 α
2046 4772 2236 4828 corpus
2263 4761 2429 4828 sancti
2463 4761 2711 4827 martyris
2734 4761 2922 4813 iterum
2945 4767 3084 4812 esset
3102 4758 3446 4828 incognitum,
3470 4762 3526 4814 S.

1990 4843 2010 4875 ο
2051 4827 2216 4895 Eligio
2256 4827 2592 4897 Noviomensi
2639 4829 2890 4896 episcopo
2937 4827 3236 4882 revelatur.’
3266 4829 3362 4894 Qui
3410 4840 3529 4897 post

1990 4913 2008 4946 t
2043 4897 2294 4964 jejunium
2320 4895 2634 4959 triduanum,
2660 4895 2783 4950 dum
2813 4899 2983 4952 locum
3011 4899 3107 4951 sibi
3139 4895 3421 4951 ostensutn'
3439 4900 3529 4951 ubi

1991 4980 2013 5014 ι
2051 4968 2242 5019 latebat
2268 4966 2521 5018 ell‘oderet
2545 4983 2556 5016 :
2583 4977 2735 5020 nocte
2760 4967 2845 5020 lux
2875 4968 2940 5021 de
2968 4971 3103 5022 malo
3130 4975 3269 5020 tanta
3302 4969 3530 5020 circum-

1990 5051 2011 5085 s
2050 5034 2194 5087 fulsit
2223 5035 2317 5087 εἰιι
2349 5036 2461 5087 dies
2501 5046 2613 5087 orta
2640 5049 2666 5087 a
2699 5037 2932 5104 pluribus
2978 5037 3282 5089 crederetur
3310 5037 3530 5091 :odoris

1985 5119 2006 5153 ι
2042 5119 2251 5175 quoque
2293 5104 2591 5157 suavissimi
2622 5105 2905 5175 flagrantia
2945 5106 3136 5172 erupit.
3165 5104 3372 5170 Corpus
3401 5121 3528 5174 ergo

1983 5189 2002 5222 ι
2039 5173 2208 5228 sancti
2241 5183 2505 5240 repertum
2532 5188 2592 5226 ac
2620 5173 2845 5226 levatum
2871 5174 3160 5228 honorifico
3186 5177 3373 5230 locello
3397 5173 3529 5229 con—

1982 5258 2001 5290 ε
2037 5243 2169 5310 didit
2196 5283 2210 5307 ,
2259 5245 2640 5310 ecclesiamque
2676 5253 2729 5296 et
2757 5243 3130 5299 monasterium
3173 5245 3371 5299 ibidem
3400 5246 3532 5299 aedis

1980 5328 1999 5361 α
2034 5309 2210 5365 ficavit
2235 5326 2374 5365 anno
2400 5311 2522 5365 657.
2555 5309 2574 5362 s
2731 5349 2744 5354 .-

2050 5378 2475 5454 [Τῃνωκρυιὶυε
2503 5381 2699 5454 Thora.
2728 5381 2892 5448 Quam
2941 5382 3158 5454 Dionys.
3203 5384 3533 5454 Halicarnas.

1976 5461 2004 5500 a
2056 5448 2226 5504 Reate
2280 5450 2514 5504 Latinam
2572 5451 2707 5504 viam
2757 5466 2938 5507 versus
2989 5448 3175 5507 stadiis
3225 5453 3294 5505 40
3339 5453 3538 5504 distare

1979 5526 2218 5574 testatur.

3037 5689 3104 5748 3t
