3990 6196
434 294 534 351 971

1206 294 1413 350 ΒΕΟΛΕ
1455 290 1903 348 ΥΕΜΞΒΑΒΠΛΒ
1941 289 2091 343 OPP.
2133 286 2307 342 PARS
2349 285 2437 341 IV.
2478 316 2545 325 —
2578 285 2951 341 HISTORICA.

3578 284 3681 343 97?»

1704 404 1929 462 EDITIO
1966 401 2431 459 COLONIENSIS.

436 515 593 557 mane
637 515 663 554 a
704 500 906 555 civibus
950 498 1314 570 Tyriensibus,
1345 512 1461 565 quae
1497 511 1645 563 passa
1675 506 1755 550 est
1784 494 2006 564 septima
2038 498 2086 555 Α
2116 491 2188 545 ris
2214 499 2269 545 et
2294 489 2488 547 Felicis
2512 489 2914 557 decollatorum,
2968 508 3194 563 quorum
3227 508 3447 565 corpora
3478 498 3693 556 Medio-

442 592 561 645 ldus
582 590 700 644 Julii
722 607 736 655 ;
761 590 947 646 Audax
973 604 1097 643 vero
1121 589 1241 658 quia
1272 588 1337 639 de
1357 586 1575 641 Oriente
1598 596 1733 652 eral,
1750 584 1817 640 ab
1839 600 2004 641 uxore

432 695 532 737 sua
563 691 615 734 ct
645 680 763 735 [iliis
792 680 883 735 illo
913 680 1198 734 translatus
1223 686 1325 732 est.

511 772 569 825 Β.
600 771 676 827 ’γι
710 771 824 827 lous
850 770 1011 826 Jour.
1057 770 1234 823 Roma:
1262 758 1466 836 septem
1498 766 1737 833 fratrum,
1772 766 2003 822 filiorum

434 873 635 916 sancta:
687 860 1015 914 Felicitatis:
1048 858 1099 912 id
1148 865 1251 923 est,
1306 855 1565 921 Januarii,
1618 855 1833 921 Felicis,
1882 854 2007 909 Phi-

444 950 591 1018 lippi,
637 949 855 1015 Silvani,
908 946 1220 1012 Alexandri,
1266 945 1447 1001 Vitalis
1486 955 1540 1001 et
1584 944 1856 1011 Martialis,
1904 946 2003 1000 sub

433 1041 689 1110 praefecto
715 1039 857 1091 urbis
885 1037 1088 1101 Publio,
1116 1047 1352 1105 tempore
1377 1035 1632 1089 Antonini
1660 1036 1939 1104 principis.
1965 1037 2007 1090 E

440 1130 628 1197 quibus
648 1128 931 1184 Januarius
957 1136 1071 1197 post
1098 1128 1319 1181 verbera
1342 1126 1605 1195 virgarum
1631 1134 1684 1180 et
1705 1140 2004 1196 carcerum,

442 1218 725 1285 plumbatis
765 1218 973 1273 occisus
1018 1227 1137 1271 est:
1169 1215 1316 1269 Felix
1359 1224 1412 1270 et
1461 1214 1734 1283 Philippus
1778 1214 2005 1271 fustibus

440 1309 670 1375 mactati,
688 1308 935 1365 Silvanus
963 1307 1256 1376 prazcipitio
1282 1306 1629 1373 interemptus
1651 1313 1752 1369 est,
1781 1306 2007 1359 Alexan-

432 1400 558 1467 der,
585 1399 772 1453 Vitalis
793 1409 847 1452 et
869 1397 1121 1451 Martialis
1143 1394 1351 1464 capitali
1380 1394 1640 1450 sententia
1672 1394 1835 1463 puniti
1859 1403 2004 1449 sunt.

448 1490 510 1545 In
544 1490 717 1544 Africa
746 1487 920 1543 natale
949 1496 1250 1541 sanctorum
1298 1485 1560 1551 Januarii,
1604 1486 1816 1550 Marini,
1847 1485 2016 1540 Nabo-

2114 581 2292 635 Ianum
2315 580 2564 635 translata
2591 591 2735 635 sunt.

2183 669 2244 724 C.
2287 670 2327 723 V
2362 670 2479 724 IDUS
2508 670 2675 725 Juut.
2705 672 3001 727 Translatio
3030 676 3195 728 sancti
3225 673 3494 732 Benedicti
3521 679 3691 734 abba-

2118 759 2203 815 tis.
2233 761 2512 830 Postquam
2543 761 2708 827 enim,
2738 763 2874 817 sicut
2910 762 3023 831 ipse
3060 764 3240 818 vivens
3272 767 3535 835 praedixit,
3571 786 3692 824 mo—

2116 855 2404 910 nasterium
2458 854 2575 926 ejus
2622 870 2651 909 a
2703 855 2949 925 gentibus
2994 866 3256 911 vastatum
3305 870 3411 926 est,
3459 860 3691 917 Domino

2115 948 2418 1011 revelante,
2451 957 2717 1017 repertum
2770 956 2853 1002 est
2897 961 3090 1015 corpus
3138 949 3286 1019 ejus,
3326 952 3458 1004 etin
3488 951 3694 1008 Gallias

2117 1043 2453 1108 translatum,
2505 1051 2667 1110 atque
2700 1043 2751 1095 in
2782 1043 3106 1096 monasterio
3135 1043 3273 1111 quod
3314 1053 3531 1097 vocatur
3559 1044 3692 1097 Flo-

2117 1119 2340 1197 riacnm,
2370 1131 2636 1199 condigne
2681 1130 2971 1198 sepultum.
3008 1128 3347 1184 Translatnm
3376 1140 3458 1185 est
3485 1133 3695 1199 pariter

2118 1222 2272 1276 etiam
2301 1235 2496 1287 corpus
2524 1220 2693 1275 beatae
2733 1220 3102 1283 Scholasticae,
3133 1220 3333 1274 sororis
3359 1220 3496 1289 ejus,
3526 1229 3696 1287 atque

2119 1309 2171 1364 in
2219 1310 2453 1379 partibus
2498 1307 2978 1364 Cenomanensium
3010 1308 3377 1377 religiosorum
3406 1308 3698 1366 devotione

2118 1399 2408 1454 conditum.
2446 1399 2499 1453 In
2529 1398 2777 1454 Armenia
2804 1397 3031 1465 minore,
3062 1398 3276 1453 civitate
3296 1398 3555 1468 Nicopoli,
3590 1415 3697 1454 nae

2122 1492 2225 1545 tale
2257 1502 2565 1545 sanctorum
2609 1503 2928 1561 martyrum,
2958 1490 3195 1545 Januarii
3232 1499 3285 1545 et
3312 1490 3558 1561 Pelagia,
3598 1492 3698 1560 qui

1714 1575 1943 1629 EDITIO
1983 1576 2486 1634 BOLLANDIANA.

435 1669 621 1734 tione;
654 1669 721 1723 ita
755 1678 809 1722 ut
839 1683 933 1738 per
961 1667 1205 1722 dextrum
1239 1667 1375 1722 latus
1406 1666 1610 1738 gladius
1643 1667 1836 1721 missus
1859 1707 1874 1732 ,
1914 1682 2009 1736 per
2038 1673 2086 1733 B
2112 1670 2171 1726 8.
2209 1671 2497 1726 Felicitatis
2522 1712 2537 1737 ,
2569 1671 2619 1725 id
2650 1680 2731 1725 est
2761 1671 2974 1737 Felicis,
3001 1672 3265 1742 Philippi,
3298 1672 3511 1739 Vitalis,
3543 1674 3695 1729 Mar-

440 1764 714 1817 sinistrum
747 1762 934 1815 exiret.
968 1759 1096 1826 Qua:
1141 1775 1293 1828 passa
1336 1768 1420 1814 est
1459 1775 1528 1813 vn
1577 1759 1693 1813 ldus
1724 1758 1886 1824 Julii;
1928 1773 2016 1813 se-

441 1854 583 1923 pulta
610 1861 785 1906 autem
813 1867 968 1906 mane
994 1866 1021 1903 a
1048 1850 1253 1905 civibus
1274 1850 1620 1919 Tyrensibus.
1650 1849 1833 1903 Audax
1862 1863 2012 1913 vero,

442 1943 531 2012 qui
561 1942 628 1995 ab
656 1941 877 1995 Oriente
904 1949 1042 2007 erat,
1076 1940 1144 1993 ab
1176 1954 1337 1994 uxore
1366 1953 1458 1992 sua
1490 1949 1543 1993 et
1574 1938 1693 1994 (iliis
1723 1939 1815 1993 illo
1841 1947 2013 1993 trans-

444 2034 581 2089 latus
611 2042 711 2086 est.
746 2030 944 2085 Eodem
974 2031 1060 2085 die
1089 2029 1352 2099 depositio
1388 2030 1446 2086 S.
1481 2030 1539 2085 P.
1572 2030 1635 2085 N.
1670 2039 1693 2065 ⁸
1725 2030 1974 2099 Ephrem.

517 2125 706 2180 Florus
754 2124 806 2177 in
855 2121 918 2176 Τ.
969 2131 1021 2177 et
1071 2121 1161 2191 L.,
1206 2122 1261 2177 In
1293 2120 1527 2191 Egypto
1575 2122 1749 2190 passio
1778 2118 2013 2191 bCyrilli

440 2215 682 2286 episcOpi
716 2232 730 2269 :
762 2215 850 2285 qui
900 2223 1141 2283 tempore
1189 2211 1331 2269 Decii
1380 2211 1753 2283 imperatoris,
1795 2210 2015 2281 iubente

438 2307 610 2364 Lucio
631 2305 792 2371 Duce,
820 2305 1049 2376 primum
1082 2305 1132 2359 in
1156 2303 1329 2373 ignem
1356 2302 1646 2372 projectus,
1672 2316 1793 2356 cum
1818 2301 2013 2357 illaesus

430 2400 631 2465 exiret,
662 2408 844 2468 postea
875 2396 1086 2464 capitali
1117 2394 1376 2450 sententia
1409 2403 1491 2449 est
1516 2392 1823 2449 damnatus.

520 2492 607 2555 Α..
632 2487 824 2542 Sennis
851 2486 910 2542 S.
945 2496 967 2525 ο
996 2484 1183 2539 Eraclii
1214 2485 1445 2553 episcopi
1476 2493 1530 2555 et
1559 2482 1897 2539 confessoris.
1930 2482 2012 2547 8.,

449 2554 634 2613 Roma:
666 2560 843 2611 natale
872 2557 1131 2625 virginum
1161 2555 1441 2619 Florianae,
1476 2554 1762 2609 Faustina.

510 2648 604 2703 40.
629 2675 700 2690 —
733 2644 798 2710 Vl
848 2645 988 2701 locs.
1028 2644 1211 2700 Romae
1250 2653 1453 2714 septem
1485 2643 1707 2699 fratrum
1732 2681 1748 2707 ,
1782 2642 2011 2699 filiorum

2121 1760 2258 1815 tialis
2282 1799 2297 1824 ,
2343 1759 2667 1826 Alexandri,
2716 1760 2880 1816 Silani
2912 1770 2965 1817 et
2998 1760 3260 1827 Januarii,
3301 1762 3400 1817 sub
3438 1762 3694 1831 praefecto

2119 1851 2265 1904 urbis
2296 1850 2481 1906 Publio
2506 1891 2521 1913 ,
2556 1860 2795 1917 tempore
2826 1852 3076 1905 Antonini
3115 1852 3388 1921 principis.
3428 1854 3469 1908 E
3499 1856 3694 1923 quibus

2118 1942 2400 1997 Januarius
2427 1983 2443 2007 ,
2483 1952 2603 2013 post
2651 1942 2872 1998 verbera
2918 1943 3182 2010 virgarum
3227 1952 3281 1997 et
3309 1957 3579 1999 carcerem
3626 1960 3693 2000 ac

2121 2035 2418 2105 plumbatas
2446 2075 2460 2099 ,
2492 2034 2700 2088 occisus
2728 2042 2830 2089 est.
2861 2033 3009 2088 Felix
3055 2043 3107 2087 et
3148 2034 3418 2103 Philippus
3464 2034 3692 2089 fustibus

2119 2124 2331 2178 mactati
2353 2122 2594 2179 :Silanus
2621 2124 2913 2192 pratcipitio
2941 2123 3293 2191 interemptus
3319 2133 3400 2179 est
3422 2142 3436 2178 :
3461 2125 3693 2180 Alexan-

2117 2216 2234 2283 der,
2264 2215 2451 2271 Vitalis
2477 2225 2533 2271 et
2560 2214 2810 2270 Martialis
2838 2215 3048 2283 capitali
3078 2216 3340 2271 sententia
3370 2216 3559 2285 puniti.

2190 2325 2274 2389 L.,
2308 2323 2427 2392 Ipso
2468 2323 2556 2379 die
2598 2324 2772 2379 natale
2798 2324 2856 2380 S.
2879 2321 2905 2362 δ
2930 2324 3175 2378 Etthonis
3204 2326 3436 2394 episcopi
3477 2336 3530 2381 et
3556 2341 3686 2381 con.

2117 2395 2354 2449 fessoris.
2383 2394 2444 2447 V.
2471 2394 2555 2458 C.,
2581 2394 2778 2449 Eodem
2800 2394 2886 2448 die
2908 2396 3079 2450 natale
3099 2405 3400 2463 sanctarum
3421 2397 3685 2463 virginum

2121 2474 2152 2547 ,ο
2171 2465 2395 2605 nautium,
2423 2464 2685 2521 Secunda:
2712 2474 2762 2520 et
2787 2464 3091 2520 Fortunata:
3114 2462 3191 2536 [et
3222 2462 3525 2521 Fortunata
3543 2467 3687 2522 dust

2121 2551 2168 2588 ιη
2244 2577 2250 2583 .

2115 2551 2168 2588 m
2195 2551 2250 2588 υ.

2188 2646 2275 2701 ll.
2301 2676 2372 2686 -—
2392 2645 2530 2701 lous.
2560 2644 2828 2716 Depositio
2857 2644 2915 2702 S.
2945 2643 2964 2684 ί
2992 2644 3260 2701 Benedicti
3286 2646 3513 2705 abbatis.

1819 2754 2025 2812 SMITH
2062 2757 2288 2814 NOTZE.

502 2860 539 2888 ίι
562 2848 807 2919 Ephrem.
836 2849 1118 2903 Edessena
1140 2846 1396 2919 Ecclesiae
1412 2845 1642 2919 diaconi.
1670 2844 1805 2919 Ejus
1815 2846 2012 2919 natalis

432 2938 472 2976 δ
502 2913 699 2976 Latinis
730 2936 744 2974 ι
775 2918 1082 2982 Februarii,
1117 2934 1145 2971 a
1176 2916 1376 2972 Graecis
1401 2932 1564 2971 xxvm
1591 2913 1827 2969 Januarii
1858 2916 2003 2971 cele-

442 2996 646 3047 liratur.
672 2993 739 3046 At
763 3004 945 3059 neque
966 2990 1086 3053 hoc,
1122 3004 1292 3056 neque
1320 2986 1412 3041 illo
1441 2987 1525 3041 die
1553 2985 1752 3059 abiisse
1773 2985 2004 3059 videtur.

2115 2846 2294 2919 Italos,
2329 2846 2471 2919 inter
2494 2845 2844 2919 cassinenses
2870 2856 2924 2903 et
2952 2848 3319 2904 Floriacenses
3346 2851 3639 2912 monachos
3664 2892 3683 2919 ,

2112 2917 2180 2990 de
2207 2918 2514 2990 communis
2543 2917 2712 2990 Patris
2746 2921 3009 2973 Benedicti
3057 2920 3399 2974 translatione
3440 2917 3685 2990 corpwris

2113 2986 2441 3042 intercessit.
2475 2985 2611 3041 Galli
2643 3001 2835 3054 magno
2883 3003 3096 3042 suorum
3140 2998 3194 3042 et
3233 2985 3551 3044 exterorum‘
3570 2990 3684 3048 fere

439 3064 571 3117 Nam
605 3078 724 3116 cum
755 3053 1018 3113 Paliadins
1047 3059 1095 3113 ei
1125 3053 1449 3130 cesi-laneus,
1476 3056 1673 3109 scribat
1691 3054 1754 3130 _in
1786 3053 2007 3130 historia
2033 3056 2079 3119 c
2111 3058 2347 3130 omnium
2392 3070 2657 3130 consensu
2702 3053 2971 3130 affirmant
2994 3099 3008 3120 ,
3040 3073 3286 3130 eversoa
3319 3058 3682 3130 Langobardis

441 3132 701 3186 Lansiaca
728 3144 847 3195 cap.
874 3130 997 3192 lOl,
1021 3144 1140 3182 cum
1172 3141 1314 3182 anno
1344 3128 1551 3193 integro
1578 3125 1735 3193 a>gris
1758 3125 2009 3195 curandis

442 3204 663 3255 Edessa:
690 3192 949 3263 vacasset,
975 3199 1191 3265 jamque
1218 3198 1426 3265 frugum
1457 3192 1607 3261 Copia
1635 3192 2003 3259 successisset,

440 3271 507 3324 ad
536 3270 723 3322 cellam
755 3282 1043 3331 reversum,
1070 3276 1123 3319 et
1150 3274 1273 3334 post
1300 3279 1533 3319 mensem
1565 3271 1828 3316 mortuum
1862 3277 2005 3327 esse;

443 3340 618 3409 potius
647 3337 862 3391 ineunte
887 3336 1298 3409 autumno_,_v_el
1328 3335 1513 3387 saltem
1551 3340 1777 3409 aestate,
1808 3334 2005 3409 et‘for-

442 3401 536 3464 san
584 3410 683 3460 hoc
733 3408 848 3473 ipso
892 3405 980 3459 die
1030 3420 1083 3458 ιι
1127 3404 1292 3473 Julii,
1325 3414 1563 3459 mortuus
1594 3401 1759 3458 videri
1805 3404 2004 3470 debet,

432 3492 601 3549 quam
631 3476 812 3549 media
835 3476 1047 3549 hyeme.

516 3545 763 3618 I>Cyrifli.
796 3541 966 3618 Locus
1015 3543 1375 3618 hnjus__sanc_ti
1424 3541 1731 3618 certaminis
1778 3541 2008 3618 maxime

438 3613 679 3675 incert‘us
709 3625 809 3671 est.
848 3615 1034 3670 Petrus
1068 3615 1133 3670 de
1161 3613 1435 3669 Natalibus
1461 3628 1582 3669 eum
1611 3613 1831 3667 Romam
1859 3654 1873 3677 ,
1906 3613 2006 3665 Ba-

434 3688 626 3744 ‘ronius
657 3686 926 3757 Cortynen
960 3686 1012 3739 in
1039 3685 1541 3757 Creta,_llrabanus
1571 3698 1696 3736 vero
1723 3691 1777 3735 et
1802 3680 2009 3757 Nolite:

446 3774 535 3812 rus
565 3771 685 3810 cum
737 3748 916 3811 nostro
961 3766 1180 3810 auctore
1205 3748 1498 3823 Egyptum
1544 3761 1801 3805 statuunt.
1819 3748 2007 3823 Graeci

450 3827 499 3880 in
532 3825 827 3896 .‘llenOIOgio
875 3828 1184 3895 martyrium
1233 3819 1368 3896 ejus
1401 3822 1708 3896 describunt
1747 3820 1848 3875 sub
1876 3819 2009 3896 Din-

438 3898 677 3951 clctiano
706 3890 1129 3950 consummatum
1172 3910 1185 3944 :
1218 3890 1347 3946 Acta
1377 3901 1551 3947 autem
1579 3890 1695 3959 ejus
1726 3904 1844 3957 quas
1878 3890 2013 3944 reci-

448 3975 526 4020 tat
553 3965 738 4018 Surius
767 3972 896 4019 tom.
932 3963 994 4016 ιν
1027 3964 1126 4016 sub
1158 3962 1317 4016 Decio
1344 3976 1558 4031 passum
1590 3973 1708 4014 esse
1737 3959 1951 4031 docent.

524 4032 795 4089 °Eraclii.
857 4032 951 4085 llic
1001 4030 1659 4099 Senonensis’episcopus
1710 4030 1904 4099 colitur
1958 4030 2010 4099 in

446 4101 584 4158 Phil.
618 4102 797 4167 Labbe
828 4101 963 4156 Bibl.
998 4103 1129 4156 Nov.
1168 4116 1284 4170 pag.
1320 4099 1459 4165 700,
1492 4097 1641 4155 sexto
1688 4098 1810 4153 ldus
1847 4097 2007 4170 Junii.

444 4172 621 4227 Hodie
666 4179 842 4225 autem
889 4170 1026 4239 apud
1072 4168 1303 4227 Ferrarii
1356 4170 1655 4239 catalogum
1706 4168 2011 4237 generalem

447 4244 747 4300 celebratur
778 4242 1049 4297 lleraclius
1079 4243 1357 4310 episcopus
1389 4239 1688 4310 Trecensis.

520 4311 830 4365 dEtthom's.
876 4308 1210 4380 Collegae—8.
1263 4308 1897 4380 Fursasisvenituautem
1943 4319 2013 4380 ex

446 4382 699 4437 Hibernia
730 4396 849 4434 cum
883 4381 999 4434 aliis
1019 4375 1052 4448 ,⁷
1068 4392 1123 4435 ut
1150 4380 1366 4435 verbum
1402 4380 1490 4448 Dei
1520 4379 1572 4431 in
1599 4375 2010 4448 Galliisprzedi-

2113 3126 2419 3198 Gassinen‘si
2483 3128 2812 3198 monasterio
2845 3127 3147 3198 _Aignlfum
3198 3128 3382 3182 divino
3436 3126 3679 3198 monitu,

2112 3194 2398 3267 h_l_ummoli_
2446 3194 3066 3267 abbatisuFloriacensis
3130 3197 3329 3266 jussu.
3387 3194 3681 3267 principatu.

2108 3264 2400 3318 Chlodovei
2425 3265 2641 3318 secundi
2669 3264 2995 3321 Francorum
3024 3264 3183 3335 regis,
3208 3268 3407 3323 Italiam
3442 3264 3683 3337 petiisse;

2108 3352 2171 3391 ac
2214 3349 2392 3390 sacras
2429 3347 2732 3389 sanctorum
2768 3339 3033 3391 Benedicti
3067 3349 3118 3393 et
3151 3339 3500 3393 Scholastica:
3555 3342 3689 3395 reli-

2109 3406 2260 3473 quias
2283 3420 2314 3459 e
2338 3405 2625 3461 solitudine
2653 3406 2958 3460 Cassinensi
2992 3409 3043 3461 in
3074 3407 3404 3461 Gallicanum
3433 3410 3682 3463 Aurelia.

2109 3475 2289 3529 nensis
2334 3476 2443 3548 a_gri
2465 3475 2795 3548 Accenobium
2826 3476 3074 3548 ,__dictum
3126 3477 3426 3548 Floriacum
3453 3518 3467 3540 ,
3496 3493 3682 3548 aspor-

2111 3554 2293 3609 tasse;
2340 3544 2707 3599 Floriacenses
2753 3546 2811 3598 8.
2842 3546 3155 3610 Benedicti,
3206 3544 3677 3604 Cenomannenses

2110 3615 2445 3681 Oppidanos,
2491 3615 2580 3683 qui
2628 3614 2842 3682 Aigulfo
2898 3616 3103 3670 itineris
3149 3616 3276 3671 socii
3328 3616 3576 3683 fuerant,
3618 3618 3676 3673 8.

2109 3682 2456 3738 Scholasticre
2485 3682 2720 3754 reliquiis
2767 3684 3114 3754 locupletatos
3161 3686 3339 3739 fuisse.
3372 3682 3682 3743 Cassinates

2110 3768 2143 3806 e
2170 3763 2359 3807 contra
2390 3752 2729 3808 externorum
2760 3752 3023 3822 suffragiis
3061 3754 3327 3817 destituti,
3358 3755 3514 3808 divisi
3548 3756 3685 3813 inter

2111 3837 2171 3877 se
2211 3824 2493 3878 sententiis
2519 3861 2534 3884 ,
2563 3824 2652 3876 alii
2703 3824 3097 3877 translationem
3144 3823 3449 3891 praedictam
3496 3827 3687 3879 admit-

2115 3900 2231 3946 tunt
2259 3934 2274 3958 ,
2301 3903 2355 3947 at
2388 3892 2697 3947 relationem
2728 3896 2778 3946 in
2809 3892 3126 3947 Cassinense
3175 3895 3562 3948 monasterium
3595 3896 3687 3949 ad-

2112 3970 2320 4017 struere
2367 3963 2660 4016 tnoliuntur
2688 3976 2703 4026 ;
2732 3961 2818 4014 alii
2845 4003 2860 4028 ,
2891 3976 3015 4030 pars
3045 3962 3221 4030 utique
3252 3966 3482 4017 maxima
3508 4006 3523 4027 ,
3559 3965 3690 4020 Leo-

2114 4046 2236 4085 nem
2267 4031 2617 4087 Marsicanum
2668 4031 2996 4085 cardinalem
3044 4032 3345 4087 Ostiensem
3389 4045 3689 4099 sequuntur

2111 4100 2305 4154 ducem
2335 4142 2349 4166 ,
2380 4103 2467 4171 qui
2500 4103 2669 4169 ipsam
2705 4102 3106 4157 translationem
3142 4113 3413 4171 pernegat.
3460 4105 3567 4158 lllis
3597 4120 3692 4157 au-

2117 4178 2220 4223 tem
2248 4210 2263 4232 ,
2289 4172 2378 4239 qui
2409 4170 2572 4240 hoc,
2621 4171 2871 4224 nimirum
2908 4174 3047 4240 quod
3079 4188 3206 4226 vere
3234 4172 3290 4229 S.
3314 4170 3382 4230 Ρ.
3414 4173 3688 4229 Benedicti

2115 4238 2353 4309 reliquiis:
2406 4239 2456 4293 in
2507 4238 2729 4292 Galliam
2780 4238 3045 4296 translatae
3094 4251 3258 4308 sunt,
3309 4253 3539 4306 tuentur,
3585 4245 3690 4298 hoc

2116 4308 2243 4364 loco
2283 4308 2433 4381 Ven.
2470 4310 2639 4381 Btedze
2688 4309 3047 4381 teStimonium
3096 4312 3438 4381 suD‘ragatur,
3486 4314 3569 4365 cui
3619 4328 3687 4367 eo

2118 4381 2285 4450 magis
2315 4380 2539 4450 credere
2584 4380 2746 4443 licet,
2780 4380 2920 4446 quod
2974 4382 3051 4433 vir
3078 4380 3417 4435 doetissimus
3460 4395 3525 4436 eo
3570 4381 3687 4434 fere

449 4425 849 4515 ἑέίτξίίᾱυίεῖῖι
878 4425 1156 4519 postquam
1181 4425 1634 4519 multumrl‘ructus
1657 4445 1765 4519 Deo
1792 4425 2010 4519 fecerat,
2039 4425 2089 4483 ἶ)
2122 4425 2365 4519 tempore
2391 4425 2604 4507 ﬂoruit,
2634 4425 2746 4517 q‘uo'
2770 4425 2882 4503 lianc
2912 4425 3183 4503 translatio
3202 4425 3683 4517 'n'c'iSZsC'QiSni

447 4514 706 4586 Fisciaci,
741 4514 1149 4574 circa'Ave'snas
1179 4518 1504 4586 Harmoniae,
1540 4516 1593 4569 in
1638 4518 1871 4586 prioratn
1920 4514 2015 4569 de-

451 4582 713 4663 pendente
744 4604 772 4643 a
805 4589 1051 4663 Laetiensi
1080 4588 1318 4663 abbatis;
1348 4584 1442 4663 sed
1459 4594 1593 4663 hante
1619 4582 1821 4663 aliquot
1847 4597 2017 4663 annos

452 4651 737 4716 iranslatus
766 4669 851 4714 est
879 4659 1070 4713 Laetias
1093 4703 1107 4728 ,
1141 4658 1229 4713 ubi
1267 4656 1427 4712 hodie
1456 4655 1648 4711 festum
1680 4651 1872 4723 agitur.
1905 4651 2018 4709 Mo-

452 4746 616 4787 Lanus
649 4731 716 4785 de
739 4728 837 4784 SS.
869 4728 1052 4798 Belgii.

526 4804 549 4833 ε
579 4801 798 4866 Ruﬁne.
838 4798 933 4853 Ιιέε
962 4793 1164 4855 nobiles
1193 4797 1334 4853 cives
1362 4795 1615 4850 Romana:
1642 4833 1657 4859 ,
1687 4802 1837 4866 patre
1866 4793 2019 4866 Aste-

457 4871 559 4934 rio,
590 4862 759 4924 matre
788 4869 1001 4924 Aurelia
1030 4868 1190 4923 claris
1218 4876 1348 4922 ortae
1378 4866 1668 4931 natalibus,
1690 4862 2020 4919 ’Chrisﬁanze

372 5004 378 5010 _
453 4941 792 4996 Armentario
838 4949 890 4993 et
926 4938 1117 4994 Verino
1161 4936 1443 5010 gentilibus
1474 4937 1526 4990 in
1561 4948 1784 5000 sponsas
1812 4934 2020 5010 traditae

454 5020 617 5074 sunt;
661 5024 793 5077 quas
838 5024 957 5063 cum
1004 5003 1185 5077 Sponsi
1233 5008 1552 5063 christianas
1598 5003 2018 5077 cognovissent,

458 5073 778 5132 accusabant
804 5091 895 5132 eas
920 5073 1233 5133 Archesilao
1270 5077 1449 5132 comiti
1475 5115 1489 5138 ,
1521 5074 1609 5143 qui
1641 5073 1733 5143 eas
1760 5088 1879 5127 cum
1906 5073 2021 5143 suis

458 5147 712 5202 militibus
745 5148 1011 5202 insecutus
1062 5147 1306 5202 milliario
1336 5147 1402 5199 ab
1434 5141 1565 5200 urbe
1599 5142 1665 5197 Η
1706 5144 1758 5196 in
1788 5144 1870 5197 via
1903 5141 2020 5193 Fla-

458 5216 620 5272 minia
653 5218 793 5287 ipsas
814 5219 991 5287 cepit,
1024 5226 1077 5273 et
1105 5218 1168 5270 ad
1202 5217 1400 5287 urbem,
1427 5228 1690 5270 revocans
1736 5212 1892 5287 Junio
1921 5212 2023 5287 ρο·-

460 5298 585 5342 nato
617 5280 1242 5354 priefecto'praesentavit
1268 5303 1283 5351 ;
1315 5285 1403 5354 qui
1436 5286 1486 5338 in
1527 5282 1892 5354 persecutione
1923 5280 2024 5334 Va-

459 5352 646 5413 lcriani
695 5352 1000 5425 etAGallieni
1050 5368 1169 5425 post
1213 5352 1627 5415 alia'tormenta
1677 5352 2024 5425 adnuilillltﬂll

458 5430 683 5483 alteram
729 5423 1021 5490 decollari,
1050 5420 1290 5479 'alterius
1336 5424 1595 5479 cervicem
1646 5422 1777 5475 caedi
1823 5420 2019 5489 jussit:

457 5514 681 5564 quarum
719 5510 942 5563 corpora
990 5496 1042 5548 in
1084 5494 1298 5548 basilica
1328 5493 1667 5564 Lateranensi
1700 5505 1864 5559 prope
1897 5491 2026 5564 bap-

461 5561 720 5621 tisterium
765 5561 940 5621 debito
980 5565 1183 5619 honore
1235 5572 1532 5619 servantur.
1575 5562 1772 5617 Sumus
1797 5600 1814 5627 ,
1847 5576 1897 5615 tv
1928 5561 2028 5613 Ba-

464 5638 598 5688 ronii
627 5645 781 5689 mart.

541 5703 861 5761 ‘Benedictt’.
911 5704 1235 5762 Gravissima
1286 5702 1505 5769 quastio
1553 5700 1737 5759 Gallos
1784 5700 1921 5757 inter
1969 5707 2027 5756 et

2121 4532 2218 4588 nos
2246 4518 2458 4588 quidem
2488 4520 2904 4583 translationem,
2932 4518 2974 4572 is
3001 4520 3389 4588 depositionem
3422 4522 3680 4588 appellat.

2118 4587 2223 4641 Sed
2269 4587 2389 4655 quis
2436 4588 2506 4641 sit
2550 4588 2665 4641 dies
2716 4587 3238 4657 dcpositionisrapud
3288 4587 3682 4644 ecclesiasncos

2120 4657 2408 4725 scriptores
2437 4666 2632 4711 norunt
2662 4658 2743 4713 vel
2777 4658 2964 4713 leviter
2996 4658 3168 4728 periti.
3223 4658 3421 4727 Nempe
3452 4660 3567 4713 dies
3594 4671 3683 4713 est

2121 4741 2226 4796 quo
2256 4729 2423 4781 sancti
2470 4728 2695 4795 alicujus
2738 4742 2932 4796 corpus
2964 4731 3043 4782 vel
3076 4729 3127 4781 in
3160 4730 3467 4796 primarium
3513 4738 3686 4781 tumu-

2121 4795 2254 4860 lum,
2285 4797 2367 4868 vel
2397 4806 2515 4866 post
2544 4795 2941 4868 translationem
2971 4795 3198 4868 aliquam
3230 4799 3387 4852 alium
3421 4799 3473 4851 in
3493 4799 3683 4868 lor-uin

2122 4865 2443 4936 receiiditur,
2475 4875 2529 4921 et
2580 4865 2766 4920 Florus
2814 4868 3026 4932 quidem
3059 4865 3214 4921 'hanc
3253 4869 3422 4936 ipsam
3472 4867 3695 4935 deposio

2124 4935 2283 4989 tionis
2315 4936 2584 5005 notionem
2627 4937 2713 4989 hic
2753 4938 3050 4992 luculenter
3073 4935 3322 5005 explicat.
3350 4936 3564 4991 Certum
3603 4946 3696 4990 est

2126 5004 2530 5059 translationem
2579 5005 2723 5060 illam
2771 5007 3074 5061 Chlodoveo
3124 5004 3403 5075 Dagoberti
3456 5008 3565 5058 lilio
3600 5021 3700 5059 re-

2121 5086 2317 5143 gnante
2345 5075 2631 5145 contigisse
2658 5116 2673 5141 ,
2706 5088 2809 5128 non
2842 5078 3053 5143 quidem
3086 5077 3352 5145 prioribus
3385 5076 3532 5144 regni
3574 5078 3700 5138 ejus

2125 5146 2323 5226 annis,
2379 5147 2568 5212 quibus
2624 5145 3336 5226 Floriacensis__monasterii
3368 5146 3519 5226 jacta
3575 5156 3712 5198 suiit

2126 5216 2510 5279 fundamenta,
2563 5216 2655 5269 sed
2708 5217 3110 5283 posterioribus.
3160 5216 3319 5284 Atqui
3372 5216 3523 5283 juxta
3578 5229 3709 5267 eam

2124 5298 2283 5353 quam
2316 5284 2617 5339 Hadrianus
2651 5285 2886 5339 Valesius
2918 5325 2931 5349 ,
2964 5287 3290 5340 clarissimus
3320 5284 3708 5338 Franticamm

2128 5369 2306 5408 rerum
2352 5357 2601 5421 scriptor,
2636 5370 2921 5423 regnorum
2970 5354 3252 5423 Dagoberti
3291 5369 3354 5415 ac
3398 5354 3708 5423 ChlodoAvei

2130 5424 2245 5477 iniit
2275 5439 2337 5477 ac
2364 5418 2622 5478 stabilivit
2652 5418 2933 5489 ra'tionem,
2967 5418 3307 5480 Chlodoveus
3332 5425 3399 5479 ab
3422 5438 3566 5476 anno
3595 5418 3711 5476 653

2126 5493 2192 5546 ad
2218 5493 2322 5564 651
2367 5495 2520 5564 regni
2566 5494 2798 5549 habenas
2843 5498 3035 5550 tenuit.
3069 5494 3295 5564 Proinde
3340 5493 3712 5564 Floriacrnsis

2126 5563 2352 5618 coenobii
2374 5563 2671 5633 primordia
2692 5580 2833 5621 anno
2858 5565 3073 5623 circiter
3094 5563 3189 5620 6H
3206 5604 3223 5633 ,
3252 5563 3527 5620 translatio
3556 5576 3710 5617 armo

2129 5634 2337 5690 circiter
2364 5631 2468 5689 653
2502 5634 2773 5704 illiganda.
