3990 6196
407 353 509 408 975

1150 357 1348 412 DEDE
1393 358 1837 413 VENERABlLlS
1875 360 2022 413 OPP.
2067 359 2243 413 PARS
2283 359 2369 414 IV.
2409 389 2478 399 —
2517 359 2876 416 IIISTORICA

3545 369 3647 425 976

1637 469 1860 524 EDITIO
1907 471 2379 525 COLONIENSIS.

403 557 564 624 Juda,
596 566 772 626 postea
803 558 868 611 ab
907 559 1146 626 apostolo
1177 559 1340 613 Paulo
1365 569 1698 627 assumptus,
1727 559 1979 630 prtedica-
2006 566 2057 622 Α
2086 562 2395 614 discrimine
2441 561 2662 614 liberata
2709 561 2798 614 sit.
2849 561 3028 616 Romze
3079 565 3130 617 in
3175 577 3328 633 porlu
3376 567 3646 640 Eutropii,

408 649 566 701 tionis
607 645 836 702 ofﬁcium
878 648 1042 716 gratia
1084 647 1287 702 Domini
1336 649 1523 718 plenus
1552 649 1809 702 instanter
1853 664 1980 702 con-

406 737 709 800 summavit,
753 744 912 805 atque
957 737 1097 803 apud
1143 737 1499 791 Macedoniam
1550 737 1601 792 in
1649 737 1979 806 passionibus

406 827 515 880 suis
556 825 822 880 Christum
863 827 1189 893 clarificans,
1219 827 1556 896 postmodum
1603 828 1879 896 requievit.
1922 827 1977 881 ln

409 916 686 969 Antiochia
715 914 888 984 passio
910 925 1105 970 sanctae
1136 917 1437 985 Margaretze
1463 917 1701 988 virginis.

477 1007 535 1060 [ε’.
578 1006 724 1060 Pntn.
759 1006 874 1062 IDUS
919 1006 1076 1061 Juut.
1125 1007 1276 1075 Apud
1324 1007 1548 1062 Pontum
1588 1008 1760 1063 natale
1801 1010 1966 1063 sancti

409 1095 598 1150 Phoce
629 1096 862 1164 episcopi
911 1096 1136 1151 civitatis
1180 1097 1414 1165 Sinopis,
1457 1098 1544 1166 qui
1593 1098 1691 1152 sub
1737 1099 1965 1167 Trajano

403 1186 756 1251 imperatore,
809 1185 1054 1252 praefecto
1079 1185 1350 1250 Africano,
1391 1201 1681 1251 carcerem,
1731 1189 1964 1254 vincula,

402 1275 624 1339 ferrum,
655 1274 827 1343 ignem
872 1275 1028 1329 etiam
1073 1291 1170 1343 pro
1213 1277 1424 1331 Christo
1472 1278 1778 1345 superavit:
1813 1280 1963 1346 cujus

406 1366 640 1434 reliquiae
680 1366 732 1420 in
782 1365 996 1421 basilica
1047 1368 1408 1434 apostolorum
1440 1368 1491 1422 in
1526 1368 1722 1423 Vienna
1751 1368 1967 1424 civitate

411 1457 592 1511 Galliae
634 1457 912 1513 habentur.
943 1458 1204 1529 Lugdune
1230 1457 1414 1514 Galliae
1441 1461 1617 1515 natale
1642 1461 1807 1515 sancti
1831 1461 1968 1516 Justi

402 1550 634 1619 episcopi
664 1558 716 1603 et
743 1547 1084 1604 confessoris.

481 1642 545 1696 G.
583 1643 698 1696 Inus
721 1641 882 1696 Jun.
915 1639 1078 1694 Nisibi
1112 1641 1283 1695 natale
1306 1642 1473 1696 saneti
1500 1640 1676 1697 Jacobi
1705 1643 1936 1712 episcom
1955 1683 1973 1708 ,

416 1747 621 1802 magnae
649 1733 860 1787 virtutis
885 1732 1006 1799 viri,
1042 1731 1110 1786 ita
1143 1741 1198 1786 ut
1219 1732 1284 1787 ad
1311 1733 1426 1801 ejus
1457 1747 1638 1802 preces
1665 1748 1806 1800 saepe
1853 1735 1978 1790 urbs

2087 652 2310 704 Zo'simm
2337 663 2384 703 et
2412 651 2632 703 Bouosm
2661 667 2925 705 sororum.
2977 654 3030 706 In
3075 653 3392 710 Alexandria
3433 671 3649 713 sancto-

2085 757 2202 796 rum
2252 741 2498 808 Philippi,
2546 739 2800 803 Zenonis,
2835 741 3042 802 Narsei.
3072 751 3127 796 et
3154 743 3408 799 infantum
3441 747 3645 805 decem.

2083 827 2285 883 Eodem
2315 828 2403 882 die
2433 830 2727 884 sublevatio
2767 831 3005 897 corporis
3041 833 3208 885 sancti
3255 833 3462 888 Henrici
3489 839 3649 901 impe~

2086 916 2296 969 ratoris.
2345 917 2397 969 In
2430 917 2748 986 Carthagine
2796 919 2968 972 natale
3021 931 3319 974 sanctorum
3372 924 3648 990 Florentii,

2082 1005 2309 1061 Calulini
2351 1007 2560 1061 diaconi
2629 1007 2882 1074 Januarii,
2907 1009 3053 1063 Juliae
3097 1021 3150 1064 et
3193 1012 3378 1079 Justae,
3410 1018 3498 1083 qui
3530 1029 3648 1073 sunt

2078 1099 2238 1166 positi
2274 1101 2326 1151 in
2361 1098 2575 1152 basilica
2608 1098 2809 1159 Fausti,
2840 1107 2894 1151 et
2926 1099 2976 1152 in
3006 1100 3203 1154 Sirmio
3232 1105 3520 1173 Agrippini,
3555 1109 3648 1163 se.

2077 1189 2317 1254 cuntlini,
2349 1189 2611 1243 Maximini
2658 1189 2912 1244 Martialis
2942 1200 2996 1244 et
3024 1192 3202 1246 Jacobi
3253 1195 3506 1263 episcopi.
3541 1199 3642 1250 Eo-

2078 1282 2198 1334 dem
2231 1282 2315 1335 die
2344 1291 2540 1336 sancta:
2571 1281 3206 1354 Reginswiudzn'virginis
3230 1325 3247 1351 ,
3296 1295 3350 1340 et
3387 1287 3644 1357 dispersio

2080 1371 2465 1439 apOStolorum.

2154 1461 2216 1515 A.
2254 1460 2389 1514 XVII
2415 1459 2651 1515 Kacsan.
2694 1465 2928 1516 Aucusr.
2968 1461 3026 1517 ln
3071 1464 3214 1518 Ostia
3263 1468 3432 1522 natale
3483 1470 3648 1526 sancti

2083 1551 2345 1617 llilarini,
2387 1552 2475 1619 qui
2523 1551 2622 1605 sub
2670 1553 3034 1618 persecutione
3081 1554 3273 1609 Juliani
3315 1572 3435 1612 cum
3487 1561 3648 1613 nollet

2086 1642 2414 1706 sacriﬁcare,
2448 1639 2673 1694 fustibus
2696 1653 2866 1695 carsus
2888 1646 3193 1712 martyrium
3225 1647 3465 1714 sumpsit.
3498 1649 3646 1716 Apud

2088 1734 2422 1789 Antiochiam
2465 1733 2635 1804 Syria:
2674 1733 2846 1789 natale
2891 1736 3057 1788 sancti
3114 1735 3383 1792 Eustachii
3413 1739 3648 1808 episcopi

1639 1823 1861 1879 EDITIO
1899 1825 2401 1880 BOLLANDIANA.

479 1914 654 1969 M.—
683 1912 726 1967 ll
753 1911 893 1969 lous.
924 1912 982 1967 S.
1016 1918 1041 1946 α
1069 1911 1259 1966 Ρίιοοω
1307 1910 1396 1984 [In
1441 1914 1510 1967 A.
1540 1913 1607 1970 Τ.
1660 1914 1722 1969 ι..
1772 1912 1975 1986 Focati]
2012 1921 2056 1980 Β
2084 1918 2250 1979 cialis,
2280 1925 2333 1988 et
2361 1915 2418 1969 8.
2453 1924 2477 1988 ξ
2509 1914 2686 1969 Jacobi
2719 1915 2949 1988 episcopi
2982 1914 3194 1983 Nisibis,
3227 1919 3313 1984 qui
3346 1920 3395 1974 in
3423 1935 3648 1988 corpore

407 2007 643 2075 episcopi
676 2003 826 2058 Ponti
856 2020 868 2055 :
899 2001 987 2073 qui
1020 2003 1120 2056 sub
1148 2003 1376 2072 Trajano
1423 2004 1744 2074 imperatore
1775 2044 1790 2070 ,
1839 2020 1978 2074 prae-

409 2097 548 2152 fecto
591 2093 860 2159 Africano,
891 2107 1179 2158 carcerem,
1224 2095 1466 2164 ungulas,
1514 2096 1710 2150 ferrum
1735 2135 1751 2161 ,
1804 2096 1980 2166 ignem

402 2187 561 2240 etiam
607 2198 703 2254 pro
739 2183 951 2239 Christo
980 2184 1277 2251 superavit;
1323 2184 1474 2253 cujus
1517 2184 1756 2254 reliquiae
1799 2184 1850 2238 in
1884 2185 2003 2248 lia-1

407 2276 556 2331 silica
604 2276 960 2345 apostolorum
1019 2274 1071 2331 in
1126 2273 1293 2330 Gallia
1348 2275 1566 2331 civitate
1621 2276 1828 2332 Vienna
1881 2275 1979 2333 ha-

406 2371 618 2426 bentur.

477 2475 563 2534 A.,
592 2468 711 2536 Ipso
739 2469 824 2524 die
854 2469 905 2522 in
950 2468 1073 2522 villa
1104 2483 1221 2537 qua:
1250 2468 1444 2523 dicitur
1491 2469 1734 2524 Somnias
1764 2467 1978 2537 deposi-

403 2540 475 2593 tio
523 2542 580 2594 B.
629 2539 656 2578 δ
691 2539 947 2594 Vincentii
992 2539 1124 2606 :qui
1173 2540 1388 2594 monitis
1445 2538 1506 2594 Β.
1543 2539 1790 2593 Autberti
1845 2554 1982 2608 pon-

406 2609 560 2663 tiﬁcis
591 2611 844 2662 mundum
894 2610 1216 2677 relinquens,
1267 2609 1318 2662 in
1364 2610 1518 2664 factis
1570 2609 1723 2662 bonae
1752 2623 1978 2662 conver-

409 2678 630 2733 sationis
679 2693 737 2731 se
783 2680 1038 2733 exercuit.
1090 2679 1186 2742 L.,
1242 2680 1393 2746 Apud
1447 2680 1826 2734 monasterium
1879 2677 1982 2731 So-

411 2750 593 2818 negias
647 2747 844 2818 dictum
905 2751 1076 2801 natale
1135 2749 1194 2802 S.
1257 2749 1517 2803 Vincentii
1581 2750 1830 2812 abbatis;
1889 2746 1979 2818 qui

407 2816 703 2887 construxit
732 2817 902 2871 locum
958 2819 1264 2872 Altimontis
1315 2834 1409 2887 per
1455 2819 1700 2882 angelum
1749 2816 1977 2871 Domini.

400 2887 461 2942 (Ξ.
496 2889 558 2958 γ.
577 2929 592 2954 ,
637 2885 802 2958 Gallia
831 2887 1005 2958 natale
1032 2887 1090 2958 8.
1118 2897 1141 2926 ο
1170 2885 1328 2943 Ιυδιι
1349 2888 1582 2958 episcopi
1612 2897 1666 2942 et
1708 2887 1981 2958 confesso-3

403 2959 494 3012 ris.
524 2957 584 3013 Β.
604 2998 619 3024 ,
645 2957 896 3028 Lugduno
917 2956 1100 3014 Gallia:
1127 2955 1399 3030 depositio
1424 2958 1481 3014 S.
1512 2956 1645 3013 Justi
1676 2965 1728 3013 et
1749 2962 1776 3001 (ι
1801 2955 1979 3011 Amati

405 3051 795 3118 episcoporum.

478 3158 564 3211 15.
583 3188 653 3200 -
670 3159 865 3214 lntnus.
889 3159 1052 3215 Vacat
1081 3158 1258 3214 Baeda.

475 3266 534 3320 D.
563 3267 645 3328 8.,
669 3276 691 3304 °
713 3268 881 3338 Cyrici
907 3277 962 3322 et
989 3267 1172 3338 matris
1189 3267 1325 3335 ejus.
1343 3265 1800 3338 B.,Juﬁlitt:e,qute
1829 3266 1880 3321 in
1897 3265 1969 3338 ι).

406 3338 706 3391 scribuntur
753 3336 982 3403 rubrica,
1013 3337 1151 3406 quod
1208 3346 1316 3391 toto
1361 3338 1414 3390 in
1463 3336 1643 3391 libello
1689 3337 1861 3391 solum
1891 3337 1974 3391 bis

408 3407 705 3475 reperitur:
735 3408 1041 3475 eorumdem
1067 3407 1240 3461 natale
1272 3406 1442 3471 primo
1472 3407 1631 3459 etiam
1663 3406 1779 3460 loco
1823 3408 1874 3460 in
1907 3406 1968 3461 T.

405 3474 637 3532 notatur.
663 3475 725 3532 C.
756 3477 814 3531 V.
847 3477 928 3547 S.,
957 3474 1194 3547 ‘Cyrici,
1226 3476 1472 3546 Philippi,
1506 3476 1812 3542 Secundini,
1837 3477 1972 3530 Mar-

2085 1987 2240 2038 tnnlta
2273 1987 2415 2051 signa
2449 1983 2590 2049 fecit,
2621 1997 2673 2039 et
2701 2000 2877 2039 arcam
2909 1985 3018 2039 Noe
3046 1989 3190 2040 solus
3221 1983 3348 2043 vidit
3396 1991 3446 2043 in
3497 1983 3646 2045 tiron-

2084 2066 2133 2108 te
2161 2073 2172 2107 :
2208 2056 2334 2107 nulli
2362 2055 2446 2106 alii
2478 2056 2650 2124 deﬂiis
2678 2057 2762 2123 qui
2811 2069 2931 2109 cum
2963 2071 3026 2108 eo
3073 2070 3417 2124 perrexerant
3463 2062 3647 2115 videre

2079 2135 2160 2177 est
2191 2123 2624 2193 permissutu.T.,
2647 2124 2841 2179 Eodem
2864 2126 2950 2178 die
2963 2127 3019 2179 S.
3038 2123 3337 2182 hFlorentii
3359 2144 3373 2191 ;
3397 2139 3451 2182 et
3469 2130 3524 2184 S.
3554 2131 3642 2185 Ja-

2080 2195 2197 2266 cobi
2223 2193 2481 2266 episcopi,
2501 2193 2590 2258 L.,
2633 2193 2773 2247 hunc
2803 2196 3086 2264 praesiguat
3107 2196 3156 2248 in
3179 2197 3428 2252 Armenia
3468 2207 3521 2252 et
3550 2216 3644 2266 pa-

2081 2263 2211 2339 r_ite_r
2241 2264 2595 2339 prosequitur,
2638 2278 2730 2339 per
2759 2263 2926 2339 quem
2970 2266 3247 2339 Dominus
3274 2269 3434 2339 multa
3491 2263 3645 2339 signa

2081 2333 2224 2404 fecit.
2257 2334 2338 2398 8.,
2365 2335 2419 2404 ln
2451 2333 2761 2387 Alexandria
2791 2336 2961 2389 natale
2989 2336 3082 2390 SS.
3113 2333 3364 2403 Philippi,
3389 2333 3641 2404 Zenonis,

2081 2402 2235 2475 Nasci
2266 2413 2319 2475 et
2347 2401 2531 2475 decem
2562 2417 2825 2475 sororum.
2859 2404 2913 2457 l-u
2941 2401 3343 2475 CartliagineVS.
3381 2401 3643 2464 Catholini

2081 2473 2314 2550 diaconi.
2346 2472 2538 2550 Divisio
2563 2473 2728 2550 prima
2759 2471 2948 2550 [prima
2977 2485 3046 2550 est
3090 2471 3274 2550 in'solo
3297 2477 3389 2550 A.]
3431 2490 3646 2548 aposto-

2084 2543 2252 2596 lorum
2284 2541 2585 2595 duodecim.
2617 2541 2680 2612 Τ.
2730 2541 2875 2597 addit
2923 2544 2990 2595 ad
3035 2541 3438 2612 praedicandum.
3465 2541 3537 2603 Ἀ.
3568 2551 3646 2604 sic

2085 2614 2418 2687 prosequitur
2450 2627 2466 2663 :
2497 2611 2707 2687 quando
2759 2613 2873 2687 ipse
2900 2611 3148 2669 Dominus
3188 2617 3341 2687 Jesus
3367 2630 3490 2673 ante
3526 2636 3644 2687 pas-

2081 2683 2286 2756 sionem
2320 2696 2466 2734 suam
2501 2681 2788 2756 misitLeos
2811 2684 2875 2734 ad
2924 2686 3312 2756 praedicandum
3340 2696 3395 2740 et
3417 2681 3644 2756 evange-

2082 2751 2346 2806 lizandum
2375 2765 2596 2820 regnum
2644 2752 2756 2815 Dei,
2789 2753 3097 2819 praecipiens
3131 2755 3209 2808 eis
3252 2767 3306 2809 et
3329 2757 3508 2810 dicens
3537 2751 3643 2812 {In

2082 2824 2220 2876 viam
2247 2821 2481 2899 gentium
2507 2835 2572 2872 ne
2601 2820 2862 2899 abieritis,
2885 2830 2940 2876 et
2979 2822 3030 2876 in
3059 2823 3322 2880 civitatein
3351 2827 3648 2881 Samarita-

2082 2906 2268 2946 norum
2300 2905 2368 2944 ne
2389 2891 2732 2953 intraveritis,
2757 2902 2858 2944 etc.

2154 2962 2350 3015 Eodem
2383 2960 2468 3013 die
2519 2960 2705 3013 relatio
2735 2961 2792 3014 S.
2827 2959 2842 2998 ί
2878 2961 3088 3016 Vedasti
3128 2963 3194 3017 de
3241 2963 3464 3021 Belvaco
3505 2982 3646 3022 anno

2081 3030 2524 3098 octingentesimo
2551 3033 2891 3098 nonagesimo
2915 3034 3068 3086 tertio
3097 3034 3380 3089 Dominicte
3402 3037 3647 3091 lncarna-

2085 3101 2262 3156 tionis.
2320 3099 2436 3152 Fuit
2481 3109 2654 3152 autem
2707 3101 2844 3168 apud
2885 3103 3182 3168 pra-dictam
3229 3105 3412 3159 urbem
3455 3111 3506 3159 in
3558 3122 3646 3160 ec-

2081 3171 2242 3226 clesia
2282 3168 2339 3225 8.
2371 3168 2657 3241 Stephani“
2680 3172 3078 3241 protomartyris
3123 3189 3289 3226 annos
3321 3176 3596 3230 duodecim
3621 3219 3636 3240 ,

2082 3254 2294 3294 menses
2344 3255 2561 3309 novem,
2610 3239 2722 3293 dies
2749 3241 2929 3309 viginti
2974 3239 3107 3296 tres.
3159 3243 3416 3300 Praedicta
3470 3247 3520 3300 in
3558 3239 3640 3298 die

2079 3319 2235 3379 capta
2258 3308 2696 3381 estHierusalem
2741 3308 2824 3362 ab"
2854 3314 3086 3365 exercitu
3130 3314 3560 3381 Christianorum,
3590 3331 3631 3369 ο

2080 3381 2297 3435 liberata
2327 3379 2394 3434 de
2425 3395 2582 3433 manu
2614 3393 2953 3447 paganorum.

2152 3468 2471 3524 lG.—XVll
2500 3467 2634 3522 ΚΑι..
2663 3467 2901 3524 Aucusr.
2929 3470 2986 3526 ln
3008 3471 3151 3528 Ostia
3173 3475 3345 3530 natale
3371 3474 3429 3530 S.
3455 3474 3470 3526 i
3504 3474 3653 3531 Hilao

1802 3563 2010 3621 SMITH
2048 3558 2273 3618 ΝΟΤᾸΞ.

480 3667 504 3694 ⁸
533 3657 741 3712 ΡΙιοεαν.
769 3656 1051 3713 Sciendum
1073 3665 1248 3712 autem
1272 3656 1403 3710 duos
1425 3655 1585 3710 fuisse
1608 3655 1809 3711 Phocas
1832 3672 1973 3711 mar-
2005 3677 2013 3684 ·

409 3741 576 3800 tyres,
595 3730 914 3800 alterumue
943 3744 1047 3798 quo
1079 3728 1177 3800 hoc
1215 3727 1322 3800 die,
1355 3727 1749 3800 alterumvero
1775 3728 1974 3800 dequo

407 3796 563 3854 tertio
588 3798 766 3852 Nonas
803 3796 972 3852 Martii
1014 3799 1204 3864 agitur.
1239 3799 1332 3850 llic
1360 3797 1426 3848 de
1453 3811 1557 3863 quo
1591 3797 1748 3850 hodie
1777 3796 1970 3865 agitur,

407 3885 471 3922 ex
503 3879 658 3921 nauta
705 3873 986 3935 episcopus
1015 3867 1181 3920 factus
1211 3866 1306 3920 fuit
1334 3866 1662 3934 Synopensis
1691 3867 1744 3919 in
1782 3867 1971 3931 Ponto,

408 3939 494 3990 ubi
539 3950 724 4004 passus
753 3945 857 3998 est,
885 3945 938 3989 et
961 3945 1077 4003 post
1101 3937 1263 3988 multa
1292 3944 1550 3989 tormenta
1574 3938 1772 3999 absque
1800 3936 1973 4002 gladio

408 4003 654 4075 migravit
690 4005 740 4057 in
771 4005 994 4068 cmlum;
1022 4004 1112 4075 ille
1141 4019 1267 4056 vero
1309 4003 1584 4058 hortorum
1613 4005 1783 4058 cultor
1813 4006 1975 4060 luisse

406 4073 738 4155 perhibetur,
768 4083 820 4128 et
850 4073 1141 4127 Antiochiae
1173 4083 1442 4129 truncatus
1487 4075 1657 4143 capite
1687 4075 1970 4144 complevit

409 4155 737 4198 martvrtum.

481 4215 506 4252 ιν
529 4211 814 4267 'Vincentii.
843 4212 1128 4268 llannoniae
1154 4213 1383 4279 comitis,
1407 4212 1496 4282 qui
1525 4221 1676 4266 antea
1708 4212 1970 4281 Madelga-

409 4284 518 4338 rius
544 4283 735 4346 dictus,
767 4293 819 4338 et
843 4285 978 4337 inter
1011 4284 1274 4337 Palatinos
1306 4282 1444 4353 regis
1491 4282 1808 4336 Francorum
1860 4285 1970 4334 Da-

407 4357 609 4419 goberti
634 4369 733 4407 non
755 4355 969 4407 intimus
989 4354 1103 4406 l'uit.
1127 4353 1490 4406 Habuitetiam
1519 4367 1738 4405 uxorem
1760 4353 1967 4407 beatam

408 4424 804 4478 Waldetrutlem
836 4441 847 4475 :
881 4423 1156 4490 ipsumque
1187 4437 1278 4475 rex
1313 4421 1491 4474 habuit
1537 4421 1603 4473 ad
1655 4435 1824 4474 annos
1869 4421 1968 4474 ali-

2082 3653 2200 3708 vide
2228 3665 2418 3720 supra;
2451 3649 2619 3705 Grzeci
2650 3657 2824 3705 autem
2853 3651 3028 3708 hodie.

2156 3721 2174 3760 τ
2207 3722 2395 3799 Cyri_ct',
2420 3731 2522 3776 etc.
2542 3722 2726 3799 Hinon
2755 3721 2946 3799 eo_dein
2975 3723 3253 3799 locopassi
3281 3734 3422 3799 sunt.
3453 3726 3514 3783 S.
3543 3727 3646 3799 Cy-

2081 3793 2223 3848 ricus
2253 3791 2392 3862 enim
2439 3807 2558 3846 cum
2585 3792 2777 3862 Julitta
2797 3791 2982 3857 Tarsi;
3017 3794 3284 3862 Philippus
3332 3798 3384 3850 in
3417 3791 3644 3851 Alexan-

2081 3865 2227 3924 dria;
2275 3861 2605 3916 Secundinus
2634 3872 2686 3914 et
2733 3859 2983 3916 Martialis
3029 3865 3078 3918 in
3108 3859 3300 3919 Sirmio
3333 3875 3387 3922 et
3414 3866 3644 3923 Jacobus

2080 3931 2244 3988 Nisibi
2277 3933 2535 3999 prmcipue
2563 3931 2830 3984 coluntur.
2864 3932 3085 3987 “IEBON.
3120 3945 3273 3988 mart.

2153 4011 2178 4050 ι
2199 3999 2397 4074 Jacobi.
2432 4000 2677 4068 Episcopi
2709 3999 2926 4067 Nisibis,
2942 4004 3022 4074 vel
3042 4004 3397 4059 Antiochiaain
3424 4005 3645 4074 Mygdo-

2080 4072 2188 4126 nia.
2220 4069 2317 4124 Hic
2349 4085 2576 4142 unusex
2610 4085 2826 4123 numero
2847 4075 2944 4124 su‘b
2963 4072 3276 4127 Maximiano
3306 4069 3644 4142 persecutore

2076 4142 2433 4214 confessorum
2480 4139 2593 4204 fuit,
2636 4147 2695 4214 _et
2746 4155 2928 4214 eorum
2970 4143 3145 4210 quiin
3183 4139 3391 4197 Nicaéua
3441 4147 3647 4214 synodo

2077 4212 2390 4263 Arianorum
2418 4209 2815 4276 perversitatem
2847 4209 3195 4274 damnarunt;
3225 4209 3640 4267 interfuit'etiam

2077 4281 2408 4333 Antiocheno
2441 4279 2663 4331 concilio
2721 4293 2816 4346 pro
2860 4281 3135 4334 catholicis
3180 4292 3363 4335 contra
3394 4284 3644 4338 Arianos.

2077 4349 2312 4404 Mortuus
2341 4357 2424 4401 est
2463 4349 2756 4402 Constantii
2804 4352 3146 4416 temporibus,
3197 4359 3252 4403 et
3281 4353 3419 4403 intra
3463 4368 3644 4407 muros

2080 4420 2227 4473 urbis
2267 4419 2526 4472 Nisibenze
2554 4420 2808 4484 sepultus.
2838 4418 3140 4473 Gennadius
3169 4420 3235 4473 de
3275 4419 3465 4474 illustr.
3495 4424 3643 4476 Eccl.

408 4506 535 4560 quot
566 4492 825 4546 Hibernia:
848 4482 1274 4560 gubernatorem.
1308 4490 1456 4543 Unde
1488 4498 1668 4560 postea
1700 4491 1750 4542 in
1775 4491 1971 4544 Gallias
2000 4482 2049 4543 D
2076 4487 2272 4560 Script.
2302 4489 2516 4560 cap_.__lr._
2542 4482 2816 4560 Quomodo
2851 4499 3025 4542 autem
3055 4488 3139 4542 hic
3165 4490 3267 4554 vir,
3299 4492 3496 4558 Sapore
3521 4507 3647 4559 rege

410 4558 638 4628 rediens,
681 4558 900 4615 adduxit
942 4575 1120 4615 secum
1163 4561 1256 4615 SS.
1285 4560 1582 4622 Foilanum,
1614 4558 1882 4612 Fursaeum
1921 4573 1976 4614 et

410 4635 541 4686 alios
591 4634 708 4686 fidei
743 4631 1132 4698 prtedicatores.
1182 4629 1422 4684 Autberti
1470 4628 1717 4698 consilio,
1759 4631 1974 4684 militari

409 4702 616 4770 cingulo
642 4697 845 4762 relicto,
870 4703 932 4754 ad
956 4702 1232 4756 Sambram
1263 4701 1313 4753 in
1340 4697 1620 4770 municipio
1641 4700 1778 4765 quod
1804 4699 1976 4753 Mons-

412 4767 548 4824 alttis
595 4775 804 4834 dicitur,
839 4771 1213 4824 monasterium
1258 4767 1589 4830 construxit,
1630 4777 1683 4821 et
1735 4769 1975 4836 pluribus

411 4841 561 4894 annis
592 4841 899 4908 regulariter
930 4838 1086 4903 vixit;
1117 4854 1222 4908 quo
1251 4839 1435 4908 etiejus
1467 4838 1714 4908 exemplo
1733 4838 1818 4889 alii
1849 4853 1974 4904 per-

412 4907 685 4974 rexerunt,
718 4911 1006 4964 Ausbertus
1052 4907 1252 4962 scilicet
1291 4907 1733 4974 Rothomagensis
1764 4910 1972 4974 episco-

399 4995 510 5045 pus
535 4981 720 5033 eXsilio
748 4981 1094 5047 proscriptus,
1119 4988 1172 5032 et
1198 4976 1302 5047 alii,
1331 4977 1420 5029 Dei
1441 4973 1647 5031 famuli.
1673 4973 1976 5031 [Edilicarit

413 5049 570 5101 etiam
617 5048 866 5116 Sonegias
918 5046 1242 5110 ctenobiutn,
1296 5046 1346 5116 in
1393 5060 1500 5114 quo
1547 5047 1805 5114 reliquum
1857 5047 1974 5100 vitm

413 5127 607 5170 sancta:
638 5115 803 5181 duxit,
832 5127 885 5172 et
906 5119 1204 5169 terminavit
1234 5117 1283 5167 in
1328 5115 1571 5180 Domina,
1594 5117 1654 5168 et
1684 5115 1974 5183 depositio-

414 5202 534 5239 nem
593 5188 822 5252 accepit,
876 5187 1167 5255 claruitque
1221 5185 1489 5255 miraculis
1532 5189 1672 5255 circa
1729 5200 1817 5238 an.
1869 5183 1994 5237 640.

413 5258 629 5312 Games
650 5251 920 5308 Sensusrs.
953 5251 1202 5310 Mutamus
1239 5257 1304 5306 de
1329 5253 1425 5307 SS.
1458 5251 1641 5319 Belgii.

489 5338 510 5365 ε
543 5325 699 5380 Justi.
733 5326 932 5377 Colitur
960 5327 1043 5378 hic
1064 5341 1098 5378 ll
1138 5323 1486 5393 Septembris,
1516 5337 1621 5393 quo
1645 5321 1732 5393 die
1762 5321 1889 5376 obiit
1911 5322 1969 5376 in

413 5397 659 5466 ltigygto,
692 5393 775 5448 ubi
791 5391 1224 5466 anachoreticam
1245 5394 1530 5466 egitvitam
1564 5406 1577 5442 :
1612 5391 1768 5447 hodie
1796 5402 1970 5449 autem

410 5461 723 5573 Lugdunum
752 5463 984 5531 gloriose
1007 5465 1286 5517 translatus
1312 5471 1410 5514 est.
1445 5461 1687 5513 Nomen.

544 5535 701 5573 Amat;
755 5533 854 5573 Hui
889 5533 1094 5573 Amimnc
1122 5533 1316 5573 dieitur
1345 5545 1372 5573 τι
1408 5529 1638 5573 Nntkern
1675 5547 1687 5573 ι

536 5535 722 5588 Amuli.
755 5529 856 5598 Qui
884 5533 1095 5586 Amicus
1122 5533 1316 5587 dicitur
1345 5545 1372 5582 a
1405 5529 1638 5584 Notkero
1675 5541 1727 5584 et
1756 5531 1806 5583 in
1851 5532 1973 5586 Ilie-

413 5605 722 5676 ronymiano
761 5602 1156 5674 Martyrologio.
1184 5602 1315 5668 Quis
1343 5599 1425 5653 hic
1449 5601 1539 5667 sit,
1571 5613 1675 5654 non
1704 5602 1829 5655 satis
1852 5617 1970 5656 cer-

416 5685 522 5727 tum
555 5682 655 5727 est.

541 5741 726 5813 ευήεὶ.
756 5739 830 5796 De
862 5741 940 5799 his
970 5741 1139 5797 Latini
1171 5749 1326 5809 agunt
1353 5754 1437 5793 xvr
1466 5737 1628 5805 Junii,
1651 5755 1807 5810 quem
1832 5741 1970 5795 diem

2080 4557 2358 4612 Persarum
2391 4556 2592 4611 Nisibin
2623 4556 2898 4610 obsidione
2948 4568 3255 4625 premente,
3297 4556 3415 4613 eam
3455 4556 3642 4613 urbem

2077 4629 2328 4750 precibus
2352 4629 2682 4710 incolumem
2713 4632 2965 4692 servavit,
2994 4629 3134 4708 legas
3160 4628 3299 4708 apud
3323 4630 3348 4680 Ἰ
3365 4629 3646 4684 heodoreti

2103 4697 2213 4750 list.
2244 4711 2302 4750 ll.
2351 4697 2442 4750 00.
2473 4696 2641 4749 braver
2671 4710 2792 4749 eum
2837 4698 3017 4750 colunt
3045 4698 3207 4750 nrtdte
3258 4697 3478 4750 Kalend.
3531 4700 3645 4750 No-

2103 4696 2213 4752 list.
2244 4711 2302 4762 ll,
2351 4697 2442 4767 50.
2473 4694 2641 4767 Gr‘wei
2671 4710 2792 4749 eum
2837 4698 3017 4751 colunt
3041 4694 3207 4767 pridie
3258 4697 3478 4752 Kalend.
3531 4700 3645 4754 No-

2077 4769 2250 4834 vemb.
2285 4768 2334 4818 in
2360 4766 2674 4834 Menologio.

2147 4834 2173 4871 ιι
2201 4833 2470 4904 Florentii.
2504 4833 2597 4887 llic
2629 4850 2810 4902 passus
2829 4846 2911 4891 est
2940 4849 3058 4892 cum
3089 4835 3365 4891 Catholino
3385 4836 3640 4904 diacono,

2076 4905 2164 4973 qui
2195 4905 2349 4971 paulo
2375 4903 2596 4957 inferius
2618 4915 2963 4972 memoratur,
2986 4907 3300 4974 Carthagine
3331 4907 3383 4960 in
3409 4903 3649 4960 Wanda-

2080 4975 2176 5028 lica
2210 4974 2600 5040 persecutione.
2626 4975 2718 5028 Hic
2750 4975 2834 5028 ille
2865 4976 3198 5040 Catholinus,
3223 4989 3314 5028 seu
3340 4977 3644 5043 Catulinus,

2075 5044 2128 5096 in
2154 5043 2313 5112 cujus
2336 5043 2540 5112 laudem
2582 5043 2638 5098 S.
2680 5045 3026 5112 Augustinum
3060 5055 3334 5098 tractatum
3367 5047 3646 5111 habuisse,

2074 5114 2257 5166 scribit
2299 5111 2505 5164 Possid.
2538 5113 2589 5166 in
2635 5111 2870 5167 ludiculo
2912 5129 2960 5167 c.
2995 5113 3046 5168 9.
3081 5113 3239 5167 Positi
3290 5123 3412 5167 sunt
3460 5127 3647 5169 autern

2075 5183 2127 5235 hi
2159 5184 2209 5235 in
2252 5180 2464 5235 basilica
2497 5180 2704 5247 Fausu,
2738 5184 2887 5249 cujus
2916 5184 3153 5237 meminit
3194 5185 3379 5237 concil.
3415 5184 3650 5237 Cartha-

2073 5254 2181 5320 gin.
2218 5251 2269 5305 in
2314 5250 2611 5317 principio,
2656 5263 2708 5304 et
2762 5253 2954 5305 concil.
3002 5254 3234 5306 African.
3266 5253 3483 5319 capitul.
3543 5253 3643 5305 Η.

2078 5322 2254 5375 Victor
2279 5322 2401 5371 item
2425 5320 2492 5373 de
2520 5321 2889 5386 persecutione
2919 5321 3247 5385 Wandalica,
3275 5322 3365 5374 lib.
3399 5337 3455 5375 ιι.

2152 5388 2165 5428 ί
2209 5387 2437 5442 Vedastt‘.
2467 5389 2541 5442 De
2572 5392 2673 5442 alia
2706 5393 3046 5444 translatione
3077 5391 3193 5444 vide
3216 5407 3264 5444 vt
3292 5392 3468 5444 Nonas
3491 5390 3649 5450 Julii.

2145 5460 2161 5510 l
2203 5457 2448 5511 Hilarint'.
2478 5458 2740 5523 Monachi.
2784 5461 2879 5526 Qui
2912 5462 2977 5514 de
2999 5461 3210 5514 civitate
3257 5460 3420 5513 Aretii
3452 5465 3647 5513 oriun-

2073 5529 2172 5600 dus
2211 5543 2327 5600 cum
2372 5528 2526 5581 beato
2549 5527 2758 5600 Donato
2788 5530 3039 5596 episcopo
3068 5537 3123 5583 et
3169 5531 3651 5600 martyredudum

2073 5598 2677 5662 habuitcommercium,
2707 5607 2760 5652 et
2794 5600 3015 5666 plurima
3065 5614 3165 5652 una
3213 5598 3333 5651 cum
3379 5599 3469 5652 illo
3520 5601 3654 5653 fecit

2072 5670 2341 5721 miracula.
2378 5666 2616 5720 Posthzec
2644 5668 2693 5719 in
2721 5668 2934 5721 civitate
2963 5669 3191 5722 Ostiensi
3211 5669 3432 5736 degens,
3475 5666 3654 5722 Galli-

2071 5752 2259 5792 canum
2292 5745 2577 5804 martyrem
2610 5751 2672 5792 eo
2702 5737 3001 5792 venientem
3045 5738 3299 5812 suscepit,
3329 5749 3380 5792 et
3405 5742 3454 5790 in
3485 5736 3656 5793 Chri-
