3940 6188
404 267 505 321 977

1514 269 1702 327 SEtZ'I‘.
1741 269 1805 323 Il.
1843 298 1910 309 ——
1951 269 2505 326 MARTYBULOGIA.

3533 280 3633 335 978

1646 375 1870 432 EDITIO
1906 378 2367 435 COLONIENSIS.

403 476 459 520 ct
484 466 821 529 confessoris,
849 466 935 535 qui
965 468 1065 521 sub
1087 472 1393 521 Constantio
1433 469 1666 535 principe
1687 469 1754 523 ob
1778 470 1962 525 catho-
1989 473 2041 532 Α
2132 466 2197 525 C.
2227 468 2317 523 XV
2364 469 2601 524 KALEND.
2648 469 2880 525 Avousr.
2940 473 3089 541 Apud
3136 474 3501 544 Carthaginem
3539 496 3634 532 na.

407 557 561 611 licam
590 555 745 610 fidem
777 556 830 610 in
858 554 1251 627 Trajanopolim
1282 559 1550 613 civitatem
1582 559 1824 615 Thraciae
1852 562 1966 632 pul-

407 660 499 701 sus
530 646 738 708 exsilio,
768 646 963 701 ibidem
996 648 1275 717 requievit.

478 742 538 796 B.
578 740 696 796 XVI
740 742 978 796 Kauso.
1021 744 1254 799 Ancus'r.
1313 742 1369 797 In
1423 742 1742 815 Carthagine
1800 745 1971 801 natale

408 841 708 888 sanctorum
752 830 1165 899 Scillitanorum,
1214 832 1265 887 id
1297 845 1400 897 est,
1440 835 1675 903 Sperati.
1710 836 1970 905 Narthali,

412 920 640 991 tfythini,
690 921 943 985 Bethurii,
996 921 1207 989 Felicis,
1233 923 1485 993 Aquilini.
1519 926 1743 994 Letacii,
1776 926 1971 981 Janua-

408 1014 524 1074 τίω.
563 1011 870 1075 ϐαθεῖ-οδω.
920 1010 1121 1077 ΒθΠίω,
1172 1013 1385 1068 Donata:
1435 1024 1491 1070 et
1528 1015 1819 1081 Secundae,
1872 1018 1971 1072 sub

408 1102 697 1156 Saturnino
740 1100 1013 1170 praefecto,
1057 1104 1142 1171 qui
1186 1114 1301 1170 post
1333 1105 1555 1172 primam
1582 1104 1970 1161 confessionem

408 1192 607 1245 Christi
651 1190 705 1244 in
746 1204 1014 1246 carcerem
1044 1192 1212 1255 missi,
1254 1202 1307 1247 et
1333 1192 1385 1246 in
1413 1192 1552 1262 ligno
1570 1192 1789 1257 conﬁxi,
1818 1208 1973 1248 mane

410 1282 585 1351 gladio
628 1279 877 1334 decollati
922 1289 1064 1334 sunt.
1112 1279 1306 1334 florum
1355 1281 1588 1349 reliquiae
1614 1295 1735 1336 cum
1764 1282 1975 1337 ossibus

409 1371 548 1426 beati
577 1369 845 1439 Cypriani,
872 1378 923 1424 et
945 1370 1115 1436 capite
1142 1372 1307 1424 sancti
1340 1370 1671 1425 Pantaleonis
1700 1372 1971 1441 martyris,

407 1476 474 1516 ex
518 1462 690 1516 Africa
719 1462 772 1516 in
798 1460 996 1517 Gallias
1029 1458 1324 1525 translatas,
1375 1469 1693 1515 venerantur
1733 1460 1975 1531 Lugduni

410 1554 462 1607 in
508 1552 724 1607 basilica
774 1551 912 1608 beati
950 1550 1167 1606 Joannis
1208 1548 1484 1621 Baptistae,
1517 1560 1572 1606 et
1598 1551 1768 1605 sancti
1794 1552 1978 1608 Alexis

409 1642 752 1700 confessoris.

2077 559 2182 614 tale
2211 569 2409 614 sanctae
2431 559 2734 629 Gundenes,
2764 577 2882 629 quae
2914 562 3192 620 Plautiano
3219 577 3271 621 et
3293 566 3419 622 leta
3445 585 3635 625 censu-

2074 648 2257 716 libus,
2324 650 2472 720 jussu
2538 652 2706 706 Rufini
2772 654 3116 721 proconsulis,
3196 666 3381 727 quater
3404 658 3629 716 diversis

2072 741 2400 806 temporibus
2429 742 2638 811 equulei
2660 744 2969 800 extensione
2994 756 3179 801 vexata
3203 787 3219 809 ,
3243 758 3296 802 et
3325 750 3631 818 ungularum

2079 829 2341 885 horrenda
2373 832 2692 889 laceratione
2714 834 2942 889 cruciata
2973 877 2987 902 ,
3027 840 3256 892 carceris
3281 838 3440 894 etiam
3472 856 3634 909 squa-

2075 920 2191 976 lore
2235 921 2532 978 diutissime
2559 924 3105 991 alflictarnovissime
3148 930 3321 999 gladio
3348 945 3484 987 caesa
3528 944 3628 988 est.

2071 1011 2220 1080 Apud
2277 1013 2540 1069 civitatem
2585 1015 2892 1071 Metensium
2939 1019 3110 1074 sancti
3149 1021 3349 1075 Arnolfi
3391 1024 3627 1091 episcopi

2072 1112 2124 1157 et
2152 1102 2490 1171 confessoris,
2529 1106 2616 1174 qui
2668 1108 2945 1164 sanctitate
2987 1120 3041 1165 et
3085 1111 3459 1169 miraculorum
3504 1131 3627 1185 gra-

2077 1192 2146 1245 tia
2171 1192 2408 1259 illustris,
2437 1196 2763 1251 eremiticam
2786 1198 2943 1253 vitam
2973 1200 3199 1271 diligens
3241 1204 3394 1259 beato
3417 1206 3520 1259 ﬁne
3552 1222 3633 1260 re-

2075 1283 2289 1352 quievit.
2346 1284 2413 1340 Et
2460 1287 2631 1343 sancti
2678 1287 2895 1344 Materni
2949 1292 3177 1362 episcopi
3225 1305 3276 1350 et
3314 1298 3631 1353 confessoris

2076 1372 2393 1428 Mediolano.

2151 1461 2211 1515 Ι).
2244 1461 2359 1517 XIV
2385 1462 2620 1519 KALEND.
2670 1466 2907 1523 Aususr.
2939 1468 3087 1535 Apud
3111 1469 3430 1526 Thebaidam
3468 1473 3630 1527 sancti

2081 1551 2249 1606 Patris
2280 1554 2444 1608 nostri
2473 1555 2703 1621 Arsenii,
2734 1555 2802 1611 de
2832 1572 2935 1624 quo
2967 1559 3017 1610 in
3048 1559 3225 1613 verbis
3251 1561 3522 1614 seniorum
3548 1577 3633 1616 re-

2083 1641 2249 1696 fertur
2276 1680 2296 1707 ,
2361 1643 2479 1712 quia
2526 1657 2739 1714 propter
2783 1646 3219 1702 redundationem
3284 1649 3631 1718 lacrymarum

1635 1733 1861 1789 EDITIO
1900 1731 2161 1789 BOLLAN
2170 1736 2226 1789 DI
2238 1734 2393 1789 ΑΝΑ.

411 1827 547 1891 riui;
575 1825 662 1895 qui
706 1822 807 1879 sub
830 1822 1199 1892 persecutione
1226 1820 1440 1888 Iuliani,
1468 1835 1587 1877 cum
1618 1823 1781 1877 nollet
1806 1822 1968 1877 sacri-
1999 1820 2047 1880 Β
2081 1890 2110 1896 _
2140 1822 2209 1896 Ο(
2233 1822 2291 1896 _V-
2312 1862 2351 1896 .u
2381 1822 2798 1896 Autissiode
2832 1824 3113 1896 ’Πιευαοείῖ
3159 1829 3415 1896 ερίεοορίηο
3450 1830 3537 1896 νον
3572 1830 3633 1883 Εί

411 1920 595 1983 (icore,
626 1915 851 1971 fustibus
874 1928 1043 1969 caesus
1070 1913 1378 1985 martyrium
1415 1914 1656 1985 sumpsit.

482 2010 544 2065 (Ξ.
573 2008 660 2071 V..
692 2006 748 2076 I_n
792 2005 1411 2076 Antiochia_Theodosii.
1464 2004 1975 2076 Eustasiionstasii

412 2080 550 2134 abeat
578 2074 758 2148 aiV.],
792 2075 1046 2145 Dionysii.
1079 2074 1164 2148 L_.,
1186 2074 1427 2148 Ip_so‘die
1459 2075 1569 2148 SS.
1605 2083 1630 2148 ξ
1663 2074 1874 2128 Monulli
1923 2084 1980 2130 et

415 2147 657 2203 Gundulli
680 2142 1070 2213 episcoporum.
1100 2143 1190 2207 Τ..
1221 2144 1416 2199 Eodem
1441 2144 1529 2198 die
1566 2142 1822 2197 adventus
1856 2159 1976 2197 cor-

415 2219 560 2289 poris
588 2217 647 2289 8.
679 2215 918 2289 Cassiani
949 2214 1182 2289 episcopi
1211 2214 1264 2268 in
1297 2214 1534 2289 basilica.
1577 2213 1809 2289 Quintini
1841 2228 1979 2266 mar-

416 2283 567 2359 iyris,
592 2287 764 2359 signis
794 2293 847 2359 et
887 2283 1268 2359 miraculorum
1297 2283 1577 2359 virtutibus
1625 2283 1853 2352 gloriose
1883 2298 1977 2337 co-

415 2350 697 2413 ruscantis.
728 2356 791 2409 Et
814 2350 916 2411 S.‘D
952 2351 1147 2408 Berlini
1165 2366 1355 2420 corpus
1382 2350 1692 2407 transfertur
1712 2360 1766 2407 et
1793 2367 1981 2406 recon-

416 2432 575 2483 ditur.
610 2428 700 2492 B.,
738 2425 795 2480 In
840 2422 1080 2479 Caesarea
1108 2422 1305 2492 natale__
1327 2421 1425 2476 SS.
1470 2422 1640 2492 Pauliﬁ
1659 2430 1713 2476 et
1743 2434 1764 2461 ε
1793 2422 1980 2492 Mam—

418 2500 592 2552 metis.
628 2490 696 2551 Et
727 2493 902 2550 natale
929 2503 1233 2550 sanctorum
1269 2490 1577 2558 Valentinus,
1600 2490 1825 2559 Tbeoni,
1859 2491 1980 2546 Dio-

416 2568 590 2622 cletis.

489 2657 664 2713 l7.—
687 2653 804 2710 XVI
829 2653 963 2709 Κιι..
999 2652 1054 2706 1η
1095 2650 1411 2722 Carthagine
1448 2651 1879 2719 Scillidanorum,
1926 2650 1978 2706 id

414 2757 519 2812 est,
568 2745 849 2811 Marcialis,
900 2742 1060 2799 Citbii
1111 2743 1207 2817 [Β.
1257 2741 1420 2813 Urii],
1455 2742 1717 2807 Vesturii,
1769 2743 1977 2807 Felicis,

418 2837 671 2908 Aquilini,
700 2836 979 2902 Lactantii,
1006 2832 1265 2900 Januarii,
1282 2833 1532 2889 Generosi
1548 2833 1631 2905 [Α.
1649 2831 1979 2905 Generosaa],

417 2930 592 2984 Vestae
620 2926 707 3000 [Β.
736 2926 935 2997 Vastaz]
958 2966 975 2991 ,
1008 2926 1222 2980 Donata:
1252 2934 1306 2979 et
1352 2926 1632 2995 Secunda,
1674 2930 1775 2982 sub
1798 2927 1982 2981 Satur-

416 3022 545 3075 nino
591 3018 881 3091 praefecto;
920 3016 1009 3087 qui
1037 3025 1153 3085 post
1200 3017 1419 3085 primam
1447 3017 1642 3071 Christi
1693 3018 1982 3074 confessio-

417 3124 540 3165 nem
568 3109 619 3164 in
647 3121 916 3164 carcerem
947 3105 1093 3163 missi
1114 3115 1168 3162 et
1196 3106 1248 3162 in
1277 3106 1417 3178 ligno
1442 3107 1679 3164 cruciﬁxi
1702 3149 1719 3176 ,
1768 3109 1820 3165 in
1850 3109 1979 3165 mari

416 3200 592 3272 gladio
635 3200 876 3257 decollati
912 3206 1056 3254 sunt.

2001 3187 2051 3253 C

2077 1890 2157 1965 8.
2181 1892 2353 1965 ᾼΙᾳιίἱ
2395 1893 2447 1945 iu
2469 1894 2714 1965 _Ap...7Et
2741 1895 2979 1965 Marium.
3035 1900 3095 1950 Α.
3124 1890 3281 1953 Τ.Ἰ...
3303 1940 3318 1965 ,
3343 1890 3547 1953 ’Βοηιὼ
3574 1902 3631 1955 8.

2080 1970 2105 1999 ο
2132 1961 2311 2084 ᾔζειὶε
2357 1961 2696 2019 confessoris.
2736 1962 2820 2029 Β..
2848 1963 3142 2021 Mediolano
3172 1961 3347 2024 natale
3394 1968 3451 2025 S.
3500 1969 3632 2024 Mar-

2080 2045 2136 2084 ce
2181 2047 2216 2084 ι.

2076 2045 2216 2086 CCIII.

2152 2121 2237 2176 I8.
2264 2150 2335 2162 —
2353 2122 2445 2177 XV
2474 2122 2606 2179 ΚΑι..
2636 2124 2821 2180 Natale
2844 2127 2901 2182 8.
2936 2123 2956 2164 ί
2983 2127 3185 2181 Arnum
3213 2128 3559 2185 confessoris.

2150 2212 2311 2267 Addit
2337 2212 2526 2267 Florus
2556 2213 2608 2268 in
2637 2216 2704 2270 A.
2732 2214 2796 2270 T.
2829 2214 2916 2282 L.,
2948 2214 3107 2285 Cujus
3130 2217 3240 2271 vita
3271 2216 3515 2272 maximat
3544 2233 3635 2273 ex.

2077 2304 2212 2360 stitit
2239 2304 2558 2360 sanctitatis.

2148 2394 2370 2483 aetatu
2403 2402 2590 2483 ista:
2628 2394 2852 2483 I'PJH.
2873 2395 2927 2483 ιη
2952 2396 3162 2483 ,εβίεέιίίε
3201 2396 3360 2483 Si”:
3392 2397 3629 2483 ’ξαιιίιίερθ

2080 2465 2255 2546 passio
2301 2464 2360 2519 S.
2390 2464 2593 2545 _AI_-nu|ﬂ
2622 2464 2853 2544 episc0pi
2897 2482 2909 2516 :
2951 2467 3004 2546 in
3032 2467 3094 2519 Τ.
3130 2482 3277 2530 vero,
3323 2464 3519 2521 Eodem
3546 2469 3632 2522 die

2080 2550 2134 2589 ιη
2166 2534 2333 2605 Gallia
2362 2541 2571 2605 civitate
2598 2534 2751 2605 Meus
2779 2536 3039 2602 depositio
3075 2537 3133 2589 8.
3166 2536 3366 2590 Arnulti
3396 2538 3629 2605 episcopi

2078 2614 2134 2674 et
2162 2600 2481 2674 confessoris
2510 2622 2522 2655 :
2548 2613 2630 2656 ast
2651 2603 2701 2656 in
2735 2604 2798 2674 Ι..
2820 2600 2922 2674 non
2949 2614 3241 2674 praenotato
3275 2607 3388 2659 loco
3416 2600 3559 2659 solus
3582 2600 3630 2659 ei

2079 2673 2232 2746 datur
2262 2673 2446 2725 titulus
2474 2675 2735 2743 martyris.
2768 2673 2829 2726 C.
2864 2673 2973 2746 V.._
2998 2673 3176 2746 Romae
3203 2683 3228 2719 κ
3258 2674 3629 2746 Symphorosm

2080 2742 2264 2797 matris
2292 2750 2494 2809 septem
2524 2742 2913 2808 germanorum.
2947 2744 3005 2797 Β.
3035 2742 3177 2796 addit
3209 2742 3419 2796 nomina
3451 2755 3501 2797 et
3524 2747 3635 2797 elo-

2078 2813 2361 2882 giuiuqum
2398 2814 2530 2865 infra
2569 2811 2950 2885 vide__tttt_Kal_.
2992 2813 3081 2885 A_.,
3127 2814 3334 2885 Sancta
3377 2814 3633 2885 Sympho-

2082 2881 2216 2935 rosa:
2239 2897 2358 2935 cum
2388 2889 2591 2948 septem
2636 2881 2773 2935 (iliis.
2810 2882 2890 2943 Β..
2931 2881 2998 2949 In,
3028 2882 3191 2935 Ponto
3227 2881 3483 2936 Amantia)
3511 2885 3633 2935 civi-

2081 2959 2208 3032 tate,
2244 2950 2471 3017 Pontini,
2515 2950 2746 3015 Filantii,
2779 2950 3011 3005 Ileliauaa
3042 2952 3280 3019 virginis,
3323 2953 3500 3007 Mariae
3526 2953 3630 3006 viro

2117 3034 2237 3074 IIIIS.

2117 3037 2127 3071 Ι
2222 3057 2237 3073 ο

2079 3036 2237 3167 ετξ.
2265 3138 2327 3152 -
2366 3109 2477 3167 XIV
2522 3109 2657 3166 liae.
2704 3110 2755 3167 S.
2815 3109 2871 3167 P.
2915 3107 2973 3166 Ν.
3009 3107 3039 3149 ιι
3068 3109 3296 3181 Arsami,
3339 3111 3405 3170 de
3432 3127 3536 3184 quo
3582 3112 3633 3169 in

1779 3291 1980 3349 SMITII
2018 3287 2245 3345 NOT/E.

421 3384 490 3438 sti
539 3381 643 3437 ﬁde
678 3380 1040 3451 confirmavit.
1069 3380 1263 3450 Captus
1311 3381 1540 3451 denique
1565 3396 1593 3435 τι
1621 3382 1978 3448 Quadratiano

420 3452 647 3522 prmside
674 3450 740 3522 in,
772 3450 916 3522 ostia
943 3453 1150 3522 occisus
1195 3459 1296 3522 est.
1328 3450 1469 3522 Petr.
1500 3452 1566 3506 de
1594 3452 1765 3506 Natal.
1812 3451 1976 3505 Baro-

422 3520 541 3576 nius
578 3536 704 3575 vero
730 3521 785 3574 in
815 3521 966 3574 Mart.
996 3520 1072 3574 ait
1096 3522 1234 3575 hunc
1272 3521 1439 3591 Aretii
1481 3523 1532 3575 in
1562 3521 1750 3575 Tuscia
1782 3530 1978 3591 marty-

422 3594 557 3646 rium
608 3591 919 3662 sumpsisse,
941 3598 995 3645 et
1032 3605 1225 3661 corpus
1268 3590 1387 3662 ejus
1421 3592 1488 3647 ad
1534 3591 1679 3646 Ostia
1725 3590 1977 3646 Tiberina

424 3664 733 3715 translatum
763 3660 943 3715 fuisse.
1134 3660 1137 3661 ⁷
1302 3660 1309 3662 ⁷
1836 3670 1841 3673 ς

498 3738 525 3765 ι
550 3729 817 3798 Monulphi
867 3739 911 3784 et
964 3728 1276 3799 Gondulphi.
1311 3730 1388 3785 Ex
1426 3729 1616 3797 quibus
1644 3728 1978 3798 Monulphus,

427 3800 723 3871 filiusregis
753 3800 977 3854 Dionati.
1004 3804 1152 3871 Apud
1180 3801 1390 3866 Legiam
1405 3799 1650 3871 condidit
1688 3800 1980 3871 oratorium

427 3872 524 3926 SS.
545 3870 750 3923 Cosma:
766 3880 820 3923 et
837 3869 1100 3935 Damiani;
1122 3881 1176 3925 et
1191 3870 1415 3938 Traiecti
1434 3870 1485 3922 in
1508 3869 1760 3924 honorem
1782 3870 1840 3923 S.
1859 3869 1979 3924 Ser-

427 3940 549 3994 vaiii
586 3939 918 4009 magniﬁcum
947 3943 1193 4009 templum
1223 3938 1621 4009 exstruxittubi
1651 3940 1871 3993 clericos
1900 3941 1983 3994 in-

426 4008 615 4064 stituit.
639 4008 736 4073 Qui
766 4018 1037 4078 postquam
1059 4008 1204 4066 circa
1234 4010 1301 4065 59
1316 4022 1485 4064 annos
1501 4008 1729 4078 Trajecti
1756 4010 1983 4064 resedis-

424 4089 528 4144 set,
559 4078 751 4131 ibidem
785 4077 838 4131 in
867 4079 1050 4133 eadem
1081 4080 1301 4134 ecclesia
1322 4080 1549 4133 animam
1591 4077 1698 4133 Deo
1724 4080 1980 4145 reddidit,

426 4158 479 4203 et
502 4148 736 4216 sepultus
762 4157 847 4201 est
874 4164 1013 4203 anno
1040 4151 1247 4204 circiter
1288 4150 1413 4202 600.
1453 4150 1509 4203 S.
1540 4157 1717 4203 autem
1745 4147 1981 4203 Gondul-

428 4220 563 4341 “IIIS
613 4215 714 4270 luit
749 4216 897 4298 ducis
948 4219 1299 4288 Lotharingiat
1342 4221 1498 4283 tilias,
1538 4228 1593 4271 et
1636 4218 1860 4299 Trajecti
1918 4218 1983 4271 ad

483 4301 633 4341 osam
674 4295 919 4341 nutritus.
953 4290 1073 4341 Post
1119 4289 1177 4341 S.
1203 4288 1539 4341 Monulohum
1584 4299 1637 4341 et
1681 4288 1983 4341 Traiecten-

483 4301 633 4341 osam
674 4289 919 4343 nutritus.
953 4290 1073 4342 Post
1119 4289 1177 4342 S.
1203 4288 1539 4355 Monulphum
1584 4299 1637 4343 et
1681 4288 1986 4355 Trajecten-

431 4374 543 4411 sem
588 4367 641 4411 et
678 4356 1034 4425 Tungrensem
1069 4358 1354 4413 Ecclesiam
1389 4359 1664 4424 septeuuio
1709 4360 1883 4422 rexit,
1933 4366 1987 4410 et

432 4427 678 4493 migravit
726 4441 790 4480 ex
840 4426 938 4480 hoc
987 4428 1183 4481 sarculo
1226 4428 1365 4481 circa
1395 4442 1586 4479 annum
1612 4429 1747 4492 607,
1799 4426 1985 4481 eodem

430 4497 554 4551 anni
575 4497 659 4550 die
685 4510 788 4563 quo
822 4498 1209 4562 praedecessor;
1241 4498 1325 4551 cui
1346 4497 1504 4552 etiam
1539 4512 1627 4563 par
1659 4496 1882 4564 meritis,
1907 4505 1990 4549 est

430 4566 770 4691 gausepultus
803 4565 855 4620 in
902 4566 1077 4620 medio
1122 4568 1360 4621 ecclesia:
1406 4566 1462 4619 S.
1492 4567 1736 4620 Servatii.
1766 4566 1986 4620 Gntaws

471 4648 698 4689 ENENSIS.

471 4648 698 4689 ENENSIS.

508 4704 534 4742 δ
566 4703 779 4760 Bertim'.
805 4704 975 4759 Verba
1026 4713 1150 4758 sunt
1203 4702 1316 4758 haec
1356 4703 1550 4759 Moloni
1598 4706 1649 4759 in
1703 4704 1988 4757 additioni-

436 4775 537 4827 bus
564 4775 629 4826 ad
656 4774 946 4827 Usuardum
978 4791 989 4826 :
1021 4772 1336 4828 Monasterio
1377 4774 1545 4827 Sithiu
1574 4773 1633 4828 8.
1665 4773 1831 4827 Patris
1862 4773 1988 4827 Iler-

436 4843 531 4896 tini
560 4857 751 4909 corpus
778 4863 803 4894 a
834 4843 891 4896 Β.
938 4843 1207 4911 Folquano
1235 4842 1567 4907 transfertur,
1590 4852 1644 4896 et
1689 4843 1988 4898 recoudtur

438 4929 576 4965 anno
601 4911 724 4966 846.
757 4913 830 4967 De
852 4913 955 4966 alia
990 4915 1332 4967 translatione
1360 4913 1514 4981 hujus
1558 4914 1725 4967 sancti
1760 4912 1880 4965 vide
1907 4930 1989 4966 su-

439 4997 535 5130 pr:
554 4982 871 5130 ﬁliiﬁlii-etis.
903 5049 1083 5130 Ilu]us_
1106 5052 1402 5130 passionem
1431 5051 1872 5130 prodigiquuam
1903 5065 1991 5105 ve-

441 5121 582 5190 ritati
604 5121 913 5175 similiorem
945 5120 1261 5190 explicatam
1307 5122 1485 5173 viduas
1508 5121 1645 5190 apud
1677 5120 1989 5190 Notkeruni.

511 5189 537 5227 ἀ
567 5190 858 5245 Theodosii.
891 5193 963 5245 De
990 5187 1089 5245 hoc
1133 5192 1210 5244 sic
1237 5191 1481 5244 scribitur
1523 5191 1573 5243 in
1606 5187 1747 5244 Phil.
1796 5189 1994 5245 Labbei

439 5260 576 5315 Bibl.
610 5260 742 5315 Nov.
774 5271 900 5314 tom.
930 5260 977 5323 I,
1012 5276 1062 5326 p.
1088 5261 1193 5314 M8
1221 5278 1233 5313 :
1262 5278 1281 5311 ι
1309 5258 1635 5313 Theodosius
1663 5260 1800 5313 sedit
1827 5274 1996 5314 annos

449 5349 467 5383 ι
508 5332 560 5393 8.
590 5331 703 5383 dies
723 5329 813 5393 25,
838 5342 892 5383 et
931 5329 1082 5383 hodie
1110 5330 1239 5382 obiit
1267 5339 1477 5394 peracto
1503 5328 1622 5381 vita:
1650 5344 1761 5383 suae
1789 5338 1993 5396 tempo-

450 5419 469 5452 ι
510 5415 565 5455 re
592 5400 662 5454 70
705 5410 757 5453 et
788 5401 819 5453 5
862 5399 1013 5451 anuis
1036 5437 1052 5461 ,
1095 5413 1291 5467 proque
1328 5411 1439 5451 sua:
1488 5397 1677 5451 merito
1705 5396 1997 5451 sanctitatis

450 5490 468 5522 ι
508 5471 734 5524 nobilem
763 5471 813 5521 in
842 5469 1061 5524 ecclesia
1091 5470 1151 5522 Β.
1197 5467 1444 5522 Germani
1470 5470 1683 5522 sortitus
1713 5478 1795 5522 est
1821 5469 1998 5531 sepul-

451 5559 469 5591 ι
507 5552 696 5594 turam.
725 5538 845 5593 Fuit
872 5549 1041 5591 autem
1068 5537 1391 5605 temporibus
1422 5536 1692 5600 Bonifacii,
1723 5546 1778 5593 et
1797 5537 1991 5591 Mercu-

452 5629 471 5661 ι
509 5611 571 5663 rii
593 5611 679 5677 qui
710 5619 762 5663 et
788 5609 1016 5663 Joannes
1043 5617 1253 5661 vocatus
1280 5618 1381 5671 est,
1413 5622 1577 5676 usque
1601 5609 1665 5661 ad
1690 5610 1989 5676 Agapitum,

453 5700 471 5731 ι
510 5676 798 5750 itupeiaute
844 5678 1135 5753 Ju-tiuiano
1163 5681 1413 5743 Augusto,
1448 5676 1727 5748 Lampadio
1757 5678 1991 5735 consule.

2086 3399 2106 3434 σ
2146 3381 2449 3436 Invenimus
2476 3390 2527 3436 et
2556 3379 2692 3435 hunc
2718 3387 2955 3433 sanctum
2979 3379 3144 3435 virum
3178 3381 3476 3437 interfuisse
3509 3402 3639 3439 con.

2083 3469 2110 3505 s
2139 3453 2262 3505 cilio
2291 3452 2681 3518 episcoporum,
2713 3450 2855 3517 quod
2882 3458 3056 3504 actum
3085 3461 3248 3505 estex
3276 3453 3423 3518 jussu
3451 3453 3639 3508 Clodo-

2084 3537 2106 3573 t
2142 3522 2222 3574 vei
2254 3522 2421 3587 Magni
2456 3521 2775 3574 Francorum
2826 3520 2963 3587 regis
3010 3519 3149 3589 apud
3194 3521 3627 3579 Aurelianensem

2082 3604 2105 3641 ι
2146 3588 2329 3643 Galliae
2358 3591 2642 3643 civitatem.
2682 3604 2702 3639 ι

2152 3669 2176 3697 ο
2196 3660 2383 3713 Alanis.
2418 3659 2532 3713 Filii
2564 3655 2907 3729 Euphemiani
2935 3657 3196 3729 senatoris
3220 3668 3271 3713 et
3291 3659 3504 3729 Aglaia.
3535 3662 3635 3727 Qui

2079 3729 2248 3798 prima
2288 3738 2438 3783 nocte
2467 3727 2783 3797 nuptiarum,
2814 3740 3003 3793 sponsa
3049 3727 3263 3791 intacta,
3294 3744 3325 3783 e
3344 3727 3511 3784 domo
3534 3746 3627 3785 sua

2079 3800 2388 3864 abscedens,
2418 3813 2480 3851 ac
2528 3807 2643 3864 post
2688 3799 2894 3865 longam
2923 3797 3392 3865 peregrinationem
3433 3801 3502 3855 ad
3532 3801 3630 3855 Ur-

2079 3869 2198 3923 bem
2226 3868 2457 3934 rediens,
2482 3867 2663 3921 decem
2703 3878 2757 3921 et
2782 3875 2985 3933 septem
3013 3881 3179 3939 annos
3219 3877 3472 3939 tanquam
3510 3885 3633 3938 ege-

2080 3954 2181 3994 nus
2227 3938 2279 3992 in
2326 3939 2483 4010 domo
2533 3944 2745 4010 paterna
2794 3946 3035 4010 receptus
3082 3935 3348 4003 hospitio,
3392 3935 3631 4010 incOgni-

2080 4022 2168 4061 ius
2205 4008 2395 4062 mansit
2429 4024 2443 4060 :
2483 4007 2574 4061 sed
2626 4015 2742 4074 p0~t
2789 4006 2988 4077 obitum
3014 4046 3030 4069 ,
3071 4018 3124 4059 et
3180 4022 3309 4062 voce
3360 4023 3452 4077 per
3489 4006 3633 4064 urbis

2081 4077 2346 4132 Lcelesias
2372 4077 2546 4129 audita
2574 4118 2589 4140 ,
2644 4085 2700 4130 et
2736 4074 2935 4141 scripto
2970 4090 3067 4127 suo
3088 4078 3297 4143 agnitus
3318 4119 3334 4143 ,
3362 4074 3637 4133 'lnnocen-

2084 4156 2158 4201 tto
2187 4147 2245 4212 I,
2279 4146 2523 4214 pontifice
2549 4147 2798 4208 maximo,
2845 4145 2911 4197 ad
2957 4145 3233 4199 ecclesiam
3289 4150 3344 4201 S.
3380 4148 3631 4202 Bonifacii

2082 4231 2290 4270 summo
2341 4216 2538 4269 honore
2583 4214 2787 4268 delatus
2830 4221 2931 4266 est.
2972 4214 3173 4268 Claruit
3199 4218 3339 4271 circa
3380 4233 3469 4272 an.
3500 4218 3623 4274 588.

2082 4287 2253 4341 Ρετιι.
2286 4300 2353 4340 nat
2377 4286 2693 4339 ΝΑτΑιιθυδ.

2159 4354 2179 4395 ί
2225 4356 2493 4424 Amulphi.
2526 4355 2676 4408 Metis
2709 4354 2761 4407 in
2788 4351 2953 4424 Gallia
3072 4353 3326 4424 Arnulphi
3369 4356 3625 4423 episcopi,

2083 4427 2171 4498 qui
2202 4421 2457 4498 clarys'in
2484 4425 2674 4498 palatio
2705 4423 2867 4489 regis,
2889 4432 2945 4498 et
2972 4421 3482 4498 Pipinolirabantize
3509 4421 3635 4479 duci

2085 4493 2278 4549 charus
2301 4493 2415 4559 fuit,
2450 4506 2500 4548 et
2522 4497 2588 4547 ah
2609 4508 2673 4547 eo
2699 4508 2727 4545 a
2753 4493 2974 4551 secretis
3002 4494 3265 4548 adhibitus
3288 4512 3305 4558 ;
3329 4495 3480 4562 cujus
3506 4510 3632 4548 con-

2087 4566 2206 4619 silio
2248 4566 2475 4617 maxime
2522 4564 2734 4631 Pipinus
2770 4563 3147 4617 delectabatur.
3204 4564 3414 4628 Papoue
3457 4576 3632 4617 autem

2019 4656 2069 4716 ο
2092 4633 2311 4716 hletensi
2340 4635 2585 4716 episcopo
2607 4633 2875 4710 defuncto,
2908 4632 3217 4716 ‘Arttulplms
3242 4633 3441 4713 invitus
3467 4638 3637 4714 praeti-

2094 4706 2230 4757 citor
2261 4721 2273 4755 :
2307 4700 2531 4770 at‘post
2569 4717 2735 4770 annos
2763 4700 3067 4768 quindecim
3103 4704 3433 4756 eremiticam
3476 4705 3637 4756 vitam

2094 4771 2265 4837 duxit,
2295 4781 2349 4825 et
2375 4769 2503 4826 obiit
2527 4786 2667 4823 anno
2695 4769 2818 4833 650,
2845 4784 3141 4839 corpusque
3169 4772 3291 4825 inde
3329 4772 3508 4828 Metim
3538 4772 3636 4825 deo

2093 4842 2280 4896 latum.
2308 4842 2516 4903 Sumus,
2549 4850 2674 4892 tom.
2703 4839 2785 4891 IV.

2166 4920 2191 4980 β
2234 4910 2612 4979 Sympltorosw.
2640 4910 2710 4962 De
2733 4912 2820 4980 his
2836 4907 2954 4961 vide
2973 4907 3106 4980 infra
3130 4925 3216 4965 ut
3242 4909 3398 4980 hujus
3419 4911 3633 4965 mensis.

2165 4976 2196 5019 Ιι
2234 4976 2449 5032 Arrenii.
2499 4981 2675 5030 Itonia:
2722 4978 2861 5037 nati;
2907 4979 2994 5045 qui
3032 4978 3211 5045 etiam,
3255 4976 3529 5046 postquam
3574 4982 3638 5033 ad

2097 5050 2208 5117 ipsa
2235 5048 2745 5119 adytaAdoctrinaaget
2768 5046 3141 5119 philosophiam
3167 5061 3221 5102 et
3247 5064 3409 5103 sacra:
3434 5065 3639 5118 proces—

2095 5116 2275 5183 sisset,
2304 5116 2334 5169 a
2377 5116 2610 5171 Romana
2661 5117 2890 5169 Ecclesia
2936 5117 3184 5169 diaconus
3232 5116 3501 5173 ordinatus
3538 5134 3638 5172 est.

2098 5189 2381 5256 Postquam
2424 5196 2597 5241 autem
2644 5185 2973 5238 Theodosius
3021 5199 3134 5252 post
3172 5190 3437 5244 Valentem
3478 5192 3641 5254 impe-

2097 5257 2235 5312 rium
2282 5258 2616 5323 suscepisset,
2648 5256 2899 5308 Gratiano
2941 5256 3260 5322 imperatore
3304 5268 3360 5313 et
3405 5259 3641 5312 Romano

2097 5326 2323 5397 praesule
2348 5325 2620 5397 suadente,
2657 5324 2910 5397 Arseuius
2941 5327 3133 5397 invitus
3172 5333 3237 5381 ad
3266 5326 3635 5382 Constantino-

2099 5394 2258 5466 polim
2292 5396 2554 5463 profectus
2583 5404 2682 5457 est,
2715 5404 2769 5448 et
2794 5394 3077 5466 Theodosii
3117 5397 3312 5451 liberos
3355 5397 3636 5451 Arcadium

2100 5464 2156 5521 et
2202 5465 2490 5519 Honorium
2534 5466 2737 5533 accepit
2764 5464 3079 5519 erudiendos
3128 5483 3141 5518 :
3185 5476 3239 5520 et
3274 5481 3394 5519 cum
3426 5476 3637 5533 prOpter

2094 5537 2342 5591 delictum
2371 5536 2629 5601 quoddam
2660 5538 2945 5588 admissum
2974 5535 3150 5601 ﬂagris
3178 5537 3457 5590 Arcadium
3485 5536 3637 5589 casti-

2100 5615 2291 5675 gasset,
2322 5621 2351 5658 a
2378 5607 2647 5672 spathario
2679 5605 2885 5675 Arcadii
2919 5616 3147 5659 monitus
3176 5616 3278 5670 est,
3308 5608 3446 5673 quod
3478 5610 3643 5663 Arca-

2100 5674 2214 5731 dius
2244 5691 2363 5731 eum
2410 5680 2519 5729 neci
2548 5676 2673 5730 dare
2716 5674 2996 5729 meditatus
3023 5686 3102 5731 est
3138 5696 3149 5728 :
3194 5677 3451 5732 Arsenius
3478 5680 3634 5751 igitur
