3990 6196
369 306 471 366 979

1103 307 1301 362 BEDAS
1346 305 1785 359 \‘ENEllABlLlS
1819 302 1968 356 OPP.
2010 302 2185 357 PARS
2225 302 2311 358 IV.
2352 333 2419 346 -
2457 302 2826 361 IIISTORICA.

3485 303 3591 359 980

1622 411 1840 467 EDITIO
1876 408 2338 466 COLONIENSIS.

364 504 666 577 tergendam
696 504 963 559 sudarium
994 519 1205 574 semper
1228 505 1280 558 in
1311 505 1428 557 sinu
1462 504 1543 557 vel
1568 504 1619 557 in
1643 518 1799 555 manu
1830 502 1925 553 ba-
1961 502 2003 559 Α
2035 511 2123 553 est
2151 500 2332 555 Justus
2358 542 2373 567 ,
2405 516 2597 569 quique
2626 516 2744 555 cum
2773 498 2928 554 beato
2960 499 3200 565 Matthia,
3236 509 3289 554 ut
3319 518 3596 558 numerum

366 599 559 653 buerit.
606 596 756 661 Apud
802 595 1106 664 Hispaniam
1156 594 1208 647 in
1236 593 1454 647 civitate
1506 592 1704 661 Ilispaii
1754 592 1927 645 natale

366 697 666 742 sanctarum
702 685 867 741 Justm
892 695 945 739 et
977 684 1196 745 Rufinae,
1229 698 1345 750 qua:
1376 698 1401 733 a
1440 682 1762 751 Diogeniano
1786 697 1925 750 pra:-

365 781 480 836 side
516 778 934 847 comprehensae,
968 776 1174 842 equulei
1205 776 1517 828 exten-i0tie
1536 784 1587 828 et
1616 774 1922 841 ungularum

364 870 651 925 ianiatione
696 876 899 920 vexata:
925 873 1086 930 sunt;
1137 864 1330 918 deinde
1361 874 1516 917 trusze
1547 864 1597 917 in
1629 877 1925 929 carcerem,

365 960 540 1014 inedia
569 969 624 1013 et
658 956 928 1012 doloribus
971 954 1197 1008 afﬂictae.
1235 955 1357 1008 l‘ost
1388 956 1501 1007 haec
1531 954 1688 1020 jussit
1712 967 1925 1020 praeses,

367 1059 420 1101 ut
449 1059 777 1115 quocumque
796 1045 892 1099 iret
938 1044 1049 1111 ipse
1070 1085 1084 1107 ,
1114 1044 1271 1096 nudis
1303 1043 1523 1111 pedibus
1552 1052 1923 1111 sequerentur.

362 1138 596 1192 Tandem
619 1136 763 1189 Justa
792 1135 845 1193 in
875 1149 1087 1189 carcere
1116 1135 1355 1201 Spiritum
1386 1131 1652 1188 exhalavit
1683 1151 1695 1185 :
1727 1148 1923 1201 corpus

363 1228 479 1294 ejus
506 1224 559 1279 in
606 1234 818 1293 puteum
848 1224 1165 1292 projectum,
1206 1234 1256 1275 et
1294 1238 1324 1276 a
1353 1223 1548 1277 Sabino
1570 1223 1817 1292 episcOpo
1848 1224 1927 1278 le-

360 1326 560 1379 vatum,
601 1316 653 1367 in
683 1314 973 1381 Hispaniensi
996 1312 1305 1367 cmmeterio
1344 1314 1613 1366 conditum
1638 1322 1738 1367 est.
1774 1314 1926 1367 [luli-

365 1421 445 1458 nze
483 1405 661 1459 cervix
712 1402 1005 1467 confracta,
1036 1412 1090 1458 et
1144 1418 1336 1471 corpus
1360 1403 1473 1471 ejus
1522 1403 1629 1473 igni
1671 1405 1923 1460 traditum

361 1506 473 1559 est;
504 1495 658 1562 cujus
684 1495 917 1562 reliquiae
944 1508 969 1545 a
999 1492 1242 1547 fidelibus
1270 1502 1467 1547 curata:
1495 1500 1640 1546 sunt.

430 1584 490 1639 Ε.
536 1583 647 1637 XIII
676 1582 914 1638 KALEND.
947 1584 1176 1637 At‘GUST.
1208 1582 1389 1636 Natale
1419 1583 1590 1635 sancti
1642 1582 1921 1650 Epapitrm,

360 1677 448 1743 qui
479 1687 507 1729 a
538 1677 693 1730 beato
739 1676 903 1729 Paulo
932 1672 1283 1727 Callosseosis
1306 1674 1585 1742 episcopus
1628 1676 1924 1737 ordinatus,

358 1766 530 1819 clarus
576 1765 857 1818 virtutibus
904 1763 1141 1833 martyrii
1189 1764 1413 1832 palmam
1466 1779 1560 1831 pro
1606 1765 1793 1819 ovibus
1822 1764 1921 1819 sibi

2032 589 2405 643 duodecimum
2452 588 2716 658 impleret,
2750 593 2817 642 ab
2872 590 3126 654 apostolis
3175 593 3454 655 statuitur;
3503 595 3597 647 sed

2029 680 2247 734 Mattbia
2280 682 2447 733 locum
2480 681 2627 734 Judzc
2656 681 3074 750 praevaricatoris
3112 681 3384 750 implente,
3416 683 3598 738 beatus

2028 772 2229 840 Josepli
2262 773 2602 826 nihilominus
2630 773 3020 840 praedicationis
3050 781 3104 826 et
3148 776 3449 829 sanctitatis
3476 776 3597 828 offi-

2028 866 2111 918 cio
2140 864 2446 928 inserviens,
2474 865 2794 933 multamque
2820 880 2912 933 pro
2933 863 3034 917 fide
3055 863 3248 918 Christi
3278 867 3598 932 persecutio-

2030 970 2149 1009 nem
2204 970 2233 1009 a
2279 954 2473 1009 Judmis
2525 956 2833 1018 sustinens,
2902 952 3339 1007 victoriosissimo
3393 952 3498 1007 fine
3544 957 3596 1008 in

2032 1046 2213 1100 Judara
2240 1045 2453 1111 quievit.
2482 1045 2555 1100 De
2577 1060 2678 1112 quo
2695 1045 2922 1098 refertur
2935 1046 3069 1112 quod
3086 1058 3343 1097 venenum
3377 1044 3589 1107 biberit,

2032 1145 2086 1191 et
2109 1137 2233 1189 nihil
2250 1151 2312 1190 ex
2337 1135 2435 1190 hoc
2452 1137 2620 1201 triste,
2648 1142 2858 1204 propter
2876 1130 3079 1186 Domini
3100 1132 3276 1196 fidem,
3298 1134 3589 1200 pertulerit.

2037 1227 2093 1281 lu
2127 1229 2379 1280 Damasco
2407 1236 2706 1280 sanctorum
2757 1222 2937 1280 Sabini
2970 1264 2986 1289 ,
3032 1223 3299 1277 Maximini
3332 1267 3346 1290 ,
3376 1222 3593 1287 Iuliani,

2030 1317 2301 1381 Macrobii,
2332 1317 2554 1382 Cassia,
2590 1316 2782 1380 Paulze,
2812 1328 2933 1369 cum
2978 1313 3091 1367 aliis
3120 1313 3328 1367 decem.
3368 1313 3419 1367 In
3456 1314 3596 1367 Afri-

2028 1423 2087 1461 ca
2116 1408 2291 1461 natale
2320 1407 2557 1473 Luciani,
2591 1407 2751 1471 Petri,
2798 1397 3076 1471 Amabilis,
3106 1404 3330 1469 Nunnaa,
3370 1413 3425 1460 et
3454 1405 3598 1460 The-

2030 1497 2198 1552 baida:
2234 1495 2476 1551 Victoris.

2101 1587 2160 1641 F.
2191 1585 2281 1640 XII
2313 1586 2547 1640 Ksssxo.
2583 1588 2819 1640 Aucos'r.
2861 1584 3037 1638 Sancti
3090 1583 3320 1638 Danielis
3361 1583 3593 1649 praphe-

2029 1685 2117 1737 tr,
2145 1674 2324 1728 Romae
2352 1685 2546 1728 sancta:
2568 1673 2818 1728 Praxedis
2849 1672 3084 1742 virginis.
3113 1671 3235 1725 llazc
3256 1686 3377 1725 cum
3409 1686 3594 1724 sorore

2027 1779 2122 1819 sua
2154 1765 2461 1819 Potentiaua
2495 1803 2509 1827 ,
2564 1779 2591 1817 a
2647 1762 2801 1817 beato
2842 1762 3074 1817 Pudente
3104 1772 3247 1830 patre
3286 1760 3485 1816 eludit:
3542 1761 3593 1814 in

361 1854 744 1909 commendatis
785 1854 917 1908 virili
950 1870 1118 1924 agone
1164 1855 1398 1922 pert-epit
1428 1870 1440 1916 ;
1474 1856 1715 1923 sepultus
1747 1856 1798 1909 in
1832 1870 1921 1910 ea-
1950 1833 1997 1893 Β
2027 1854 2169 1909 omni
2204 1853 2445 1908 castitate
2476 1865 2528 1908 et
2558 1852 2677 1923 iege
2704 1854 2895 1918 divina,
2928 1862 3046 1921 post
3083 1852 3275 1906 multas
3295 1851 3592 1919 elecmosy~

360 1945 477 1998 dein
512 1945 667 2001 urbe.
701 1944 766 1998 Et
789 1945 963 2000 natale
984 1945 1119 2000 beati
1145 1943 1368 2014 Joseph,
1400 1944 1489 2014 qui
1517 1944 1919 2015 cognominatus

2029 1958 2123 1997 nas
2146 1952 2199 1997 et
2229 1943 2525 2010 sepulturas
2546 1954 2846 2000 sanctorum
2876 1983 2893 2011 ,
2951 1957 3079 2012 quas
3109 1940 3253 2004 fecit,
3290 1940 3445 1996 beato
3490 1942 3594 1995 fine

1602 2035 1825 2089 EDITIO
1866 2032 2364 2089 BOLLANDIANA.

364 2131 547 2185 Verbis
573 2130 846 2185 seniorum
874 2128 1119 2191 refertur,
1163 2126 1285 2194 quia
1327 2134 1545 2194 propter
1592 2126 1933 2180 redundatio-

362 2237 483 2275 nem
513 2221 858 2290 lacrymarum
879 2217 1186 2287 tergendam
1212 2218 1483 2271 sudarium
1503 2232 1712 2285 semper
1733 2216 1785 2270 in
1810 2218 1928 2271 sinu

368 2317 448 2369 vel
478 2316 527 2367 itt
554 2329 707 2367 manu
740 2312 1005 2369 habuerit.

432 2426 492 2478 εἰ.
524 2423 608 2486 ν..
642 2424 703 2477 Et
733 2423 856 2477 alibi
887 2431 911 2459 ⁸
944 2420 1282 2492 ῐὶιιδιῑείηνη
1308 2420 1614 2492 Presbyteri
1637 2419 1927 2492 retconfesf

366 2496 519 2548 souis.
557 2494 640 2559 Β.⁹
674 2494 924 2561 Lugdune
953 2492 1136 2544 Galliae
1162 2491 1417 2559 depositio
1446 2490 1645 2561 Rustici
1685 2490 1920 2558 episcopi

367 2565 786 2685 etlconftissloris.
822 2562 876 2616 In
901 2561 1214 2616 Alexandria
1255 2561 1474 2615 Sisinni.
1518 2560 1571 2613 In
1599 2560 1788 2628 Spania
1822 2574 1920 2613 na-

361 2644 411 2684 ta
435 2649 466 2686 e
497 2636 551 2686 S.
674 2632 793 2685 usti.

430 2735 519 2787 9.0.
554 2765 621 2775 ——
650 2736 761 2790 χιιι
795 2735 926 2790 ΚΑΙ..
955 2733 1118 2789 Vacat
1143 2732 1320 2788 Baeda.

437 2844 498 2897 D.
528 2844 709 2898 Natale
737 2845 796 2897 Β.
827 2843 1043 2910 Josepb,
1072 2844 1158 2912 qui
1188 2844 1592 2910 cognominatus
1614 2853 1693 2898 est
1720 2842 1920 2909 Justus,

362 2918 555 2985 quique
580 2930 697 2969 cum
747 2916 805 2973 Β.
837 2915 1069 2980 Matthia,
1114 2923 1168 2969 ut
1196 2930 1473 2968 ttutnerum
1505 2914 1782 2968 duodecim
1820 2915 1923 2967 im-

2039 2124 2230 2190 pleret,
2278 2123 2345 2177 ab
2393 2122 2643 2187 apostolis
2685 2123 2947 2177 statuitur.
2985 2121 3046 2176 C.
3076 2121 3165 2182 V..
3211 2120 3392 2175 Romae
3419 2124 3594 2188 passio

2034 2194 2090 2265 ὃ.
2148 2192 2915 2265 Striaa,_Magrini,_l\e§tir:e
2970 2192 3049 2265 [(3.
3101 2192 3359 2265 Nestitzj,
3408 2194 3591 2265 Satiri,

2040 2262 2297 2325 Amat-ini,
2347 2262 2597 2317 Secundi.
2648 2262 2733 2326 Β..
2764 2261 2943 2315 Romae
2972 2261 3147 2315 natale
3182 2262 3278 2315 SS.
3313 2261 3591 2327 Passeriae,

2033 2332 2270 2390 Macrini.
2300 2331 2495 2386 Saturi.
2531 2332 2584 2385 In
2610 2330 2783 2384 Africa
2813 2331 3015 2387 Sabini.
3044 2331 3277 2395 Luciani,
3312 2332 3589 2385 Amabilis.

2038 2401 2093 2453 ln
2118 2400 2380 2454 Thebaida
2412 2401 2584 2454 natale
2616 2400 2859 2454 Victoris.
2892 2402 2959 2456 A.
2989 2401 3051 2453 Τ.
3084 2399 3168 2464 ι...
3203 2401 3254 2453 In
3291 2400 3463 2453 Africa
3493 2416 3590 2453 na-

2030 2470 2133 2524 tale
2160 2471 2254 2525 SS.
2290 2470 2523 2535 Luciani,
2553 2470 2729 2524 Sabini
2755 2479 2805 2522 et
2834 2470 2992 2539 Saudi
3022 2469 3199 2539 [Sandi
3223 2471 3359 2523 abest
3388 2469 3449 2521 ab
3474 2468 3585 2537 A.].

2032 2541 2149 2607 Ipso
2168 2541 2253 2593 die
2284 2543 2455 2607 passio
2483 2541 2543 2609 S.
2566 2551 2587 2578 ο
2618 2539 2920 2607 Margareta:
2951 2537 3275 2609 [Margaretzn
3296 2539 3537 2609 abestaT
3565 2581 3582 2605 ,

2028 2619 2122 2680 e_st_
2147 2619 2315 2680 autem
2342 2611 2395 2662 in
2426 2608 2510 2680 (1.]
2559 2610 2773 2678 virginis
2810 2616 2863 2680 et
2903 2608 3165 2680 martyris.
3297 2648 3311 2670 ,
3358 2608 3410 2662 In
3437 2624 3589 2680 _pago

2029 2677 2212 2732 Gallim
2243 2677 2550 2732 Dononeusta
2578 2677 2894 2731 mdnaslerio
2920 2677 3171 2731 Silmaco.
3198 2678 3260 2730 Τ.
3295 2680 3380 2742 A.,
3417 2677 3586 2743 depo-

2029 2749 2150 2802 sitio
2178 2750 2236 2804 S.
2269 2748 2295 2785 4
2329 2749 2555 2800 aninart
2599 2748 2823 2801 abbatis.
2858 2749 2938 2810 υ..
2994 2748 3049 2801 In
3111 2747 3364 2802 Damasco
3406 2749 3585 2802 natale

2033 2817 2293 2885 Lucianii,
2326 2817 2595 2882 Macrobii,
2617 2832 2737 2870 cum
2764 2818 2883 2870 aliis
2911 2816 3120 2872 decem.

2100 2917 2191 2975 2t.
2219 2948 2291 2959 —
2318 2917 2409 2973 XII
2454 2916 2589 2973 KAL.
2639 2916 2821 2972 Natale
2846 2916 2905 2972 S.
2932 2926 2955 2954 ε
2992 2916 3241 2973 Praxedis
3264 2915 3501 2989 virginis,
3529 2925 3585 2971 et

1895 3026 1935 3080 ll
1973 3026 2202 3084 NOTAE.

1895 3026 1910 3079 t
2185 3066 2202 3084 .

365 3124 502 3177 clam
534 3119 772 3177 ascendit
792 3119 963 3174 navim
992 3132 1107 3187 quze
1130 3126 1306 3187 parata
1326 3126 1406 3172 est
1434 3117 1681 3187 navigare
1703 3025 1935 3170 Silain}
1951 3026 2187 3179 ἕ
2235 3133 2362 3172 xvnt
2392 3116 2560 3183 Junii,
2612 3116 2809 3172 habent
2838 3113 3089 3171 Marinam
3120 3114 3281 3171 fuisse
3309 3128 3374 3171 ex
3403 3116 3584 3173 Antio-

356 3193 563 3252 driam;
596 3205 698 3255 quo
727 3206 846 3243 cum
880 3190 1108 3242 venisset
1131 3227 1146 3248 .
1178 3188 1243 3239 ad
1274 3187 1468 3241 Scetim
1499 3196 1731 3241 montem
1778 3198 1919 3240 recta

359 3277 417 3315 se
447 3260 673 3327 recepit,
725 3260 1051 3324 inseruitque
1092 3258 1142 3309 in
1194 3272 1469 3309 numerum
1508 3255 1918 3327 monachorum,

357 3331 443 3397 qui
478 3325 586 3383 illic
615 3343 674 3381 se
714 3328 1052 3381 exercebant.
1104 3328 1189 3377 Sic
1219 3340 1311 3391 per
1343 3334 1502 3378 totam
1524 3325 1817 3397 Theodosii
1843 3326 1919 3379 vi-

356 3394 459 3453 tam
493 3400 645 3452 latuit
674 3398 958 3459 Arsenius;
993 3402 1270 3462 postquam
1298 3403 1472 3447 autem
1505 3394 1766 3447 Arcadius
1795 3409 1917 3447 sue-

353 3469 605 3522 cessisset
634 3466 879 3535 imperio,
910 3465 1135 3519 Arsenio
1156 3464 1294 3535 misit
1325 3463 1528 3535 litteras
1558 3463 1675 3532 ejus
1704 3463 1921 3535 insidias

353 3540 691 3599 confitentes,
712 3532 1106 3601 otierentesque
1124 3534 1171 3586 ei
1200 3533 1357 3586 totius
1382 3532 1594 3602 Egypti
1621 3534 1917 3600 vectigalia,

356 3618 411 3660 ut
443 3623 503 3659 ea
548 3606 866 3676 pauperibus
913 3606 981 3657 ab
1012 3607 1139 3676 ipso
1166 3603 1609 3676 distribuerentur
1640 3613 1692 3656 et
1737 3618 1919 3676 niouaf

358 3672 671 3745 steriis’qua':
701 3684 853 3729 erant
879 3673 1218 3739 necessaria;
1249 3672 1527 3745 humiliter
1548 3681 1746 3745 tamen,
1777 3674 1918 3745 quod

355 3742 689 3809 oblatus'est,
716 3745 926 3799 renuit:
962 3745 1028 3798 Et
1053 3746 1104 3797 in
1136 3743 1452 3797 monacham
1482 3743 1564 3812 pie
1595 3742 1731 3796 vixit
1756 3743 1917 3797 obiit-

463 3853 477 3868 .
508 3816 721 3868 Sumus.
754 3823 884 3866 tom.
919 3816 1004 3868 IV.

355 3832 477 3883 que.
508 3816 721 3879 Sumus,
754 3823 884 3866 tom.
919 3813 1004 3868 IV.

431 3895 454 3921 ι
498 3883 716 3939 Rustici.
751 3883 844 3937 Hic
866 3883 1003 3938 idem
1030 3881 1234 3937 videtur
1260 3896 1378 3935 cum
1410 3895 1495 3947 eo,
1525 3884 1614 3950 qui
1643 3881 1835 3936 colitur
1863 3894 1916 3938 et

356 3969 457 4008 xxv
488 3954 705 4019 Aprilis.

427 4023 453 4060 δ
493 4021 651 4074 Juiti.
708 4022 886 4073 Melius
913 4021 1095 4082 Jnslm,
1125 4019 1275 4088 juxta
1326 4020 1465 4089 quod
1504 4021 1752 4075 scribitur
1778 4022 1915 4087 apud

359 4102 583 4146 czeteros
634 4091 1036 4160 Martyrologos.
1086 4092 1217 4153 Quae
1244 4105 1362 4141 cum
1408 4090 1592 4143 Rufina
1624 4092 1674 4144 in
1703 4091 1918 4147 civitate

360 4162 559 4229 llispali
589 4163 687 4214 sub
711 4160 1037 4229 Diogeniano
1060 4160 1284 4227 praeside
1306 4165 1615 4229 martyrium
1640 4175 1788 4227 passa
1812 4174 1916 4215 est.

358 4234 567 4299 tiorpus
595 4240 770 4284 autem
811 4231 973 4284 Justaa
1022 4230 1074 4282 in
1126 4238 1342 4297 puteum
1387 4231 1703 4297 projectum,
1736 4231 1858 4284 inde
1886 4246 1915 4283 a

358 4302 554 4355 Sabino
607 4301 859 4367 episcopo
907 4300 1136 4353 levatum
1182 4308 1340 4365 atque
1387 4301 1645 4367 sepultum
1682 4310 1765 4354 est
1807 4316 1819 4351 :
1863 4310 1918 4354 at.

355 4373 601 4439 quoniam
634 4370 839 4423 Rutilia:
868 4370 1094 4422 cadaver
1124 4368 1454 4422 combustum
1482 4380 1564 4421 est
1589 4408 1605 4432 ,
1644 4384 1764 4421 ossa
1797 4369 1914 4437 ejus

2024 3186 2143 3241 cilia
2175 3187 2445 3241 Gallecizn.

2090 3256 2116 3295 δ
2163 3256 2438 3310 Wulmari.
2490 3256 2563 3310 Ex
2596 3256 2827 3309 Bononia
2863 3254 3187 3310 Morinorum
3229 3254 3316 3310 hic
3345 3257 3489 3310 venit
3513 3257 3579 3310 ad

2022 3326 2199 3380 Altum
2236 3337 2469 3381 montem
2501 3327 2901 3391 monasterium,
2932 3326 3070 3393 quod
3102 3325 3153 3379 in
3187 3325 3459 3379 Haunoiiia
3512 3328 3580 3379 ad

2021 3397 2298 3450 Sambram
2328 3399 2489 3451 situm
2518 3406 2620 3449 est.
2651 3396 2721 3450 lbi
2752 3396 2978 3463 primum
2998 3404 3053 3449 et
3079 3395 3260 3448 ludum
3288 3395 3577 3449 litterarum

2023 3466 2430 3536 frequentabat;
2461 3476 2516 3519 et
2541 3466 2678 3519 circa
2728 3466 2889 3536 boves
2919 3466 3210 3532 pascendos
3242 3464 3484 3536 lignaque
3513 3467 3581 3519 ad

2023 3535 2244 3590 fratrum
2273 3537 2512 3591 officinas
2539 3535 2868 3603 importanda
2894 3535 3216 3588 Versabatur.
3248 3535 3329 3588 Ab
3359 3535 3458 3587 hoc
3480 3536 3585 3587 mi-

2022 3607 2245 3660 nisterio
2273 3608 2568 3669 absolutus,
2606 3606 2656 3659 in
2688 3606 2885 3660 clerum
2936 3604 3230 3674 adscriptas
3266 3613 3367 3668 est,
3398 3612 3452 3657 et
3494 3619 3583 3656 sa-

2020 3677 2311 3729 cerdotium
2345 3678 2478 3729 iniit.
2515 3674 2576 3729 Ut
2607 3686 2782 3729 autem
2832 3676 3102 3727 hominum
3150 3674 3327 3727 laudes
3366 3674 3577 3740 vitaret,

2022 3745 2292 3812 ingressus
2343 3756 2425 3799 est
2472 3760 2709 3799 eremutn
2768 3743 3048 3812 Fiandrim.
3099 3741 3225 3795 inde
3274 3744 3337 3795 ad
3391 3759 3578 3812 agrum

2024 3811 2396 3868 Beloniensem
2456 3815 2507 3867 in
2563 3828 2666 3882 quo
2717 3822 2869 3865 natus
2915 3811 3081 3864 fuerat
3132 3813 3403 3882 prolettns
3436 3811 3577 3877 est,

2020 3885 2107 3936 ubi
2152 3885 2202 3938 in
2236 3898 2454 3938 nemore
2495 3879 2791 3936 construxit
2822 3879 3197 3935 monasterium
3233 3882 3287 3935 in
3317 3879 3576 3935 honorem

2021 3952 2078 4005 Β.
2114 3953 2294 4007 Maria:
2336 3964 2389 4007 et
2429 3954 2486 4008 S.
2522 3952 2684 4006 Petri.
2712 3953 2944 4015 Quiescit
2990 3950 3039 4002 in
3079 3951 3219 4004 dicto
3249 3952 3576 4004 monasterio

2022 4022 2156 4077 haud
2186 4024 2363 4091 procul
2396 4038 2423 4074 a
2476 4022 2652 4090 Belgio
2697 4030 2887 4091 nostro
2922 4022 2971 4073 in
3002 4019 3217 4091 dioecesi
3270 4020 3577 4073 Morinensi.

2023 4090 2159 4145 Vixit
2181 4088 2317 4145 circa
2346 4106 2539 4145 annum
2569 4088 2770 4144 Domini
2797 4088 2921 4144 688.
2950 4092 3103 4143 Juxta
3132 4089 3403 4157 Epitoinen
3430 4091 3570 4142 enim

2016 4163 2134 4227 ejus
2170 4163 2304 4215 Vita:
2342 4161 2477 4229 apud
2523 4159 2732 4215 Surium
2765 4159 3051 4229 Ceadualla;
3093 4174 3181 4211 rex
3234 4158 3582 4229 West-Saxo-

2020 4226 2169 4297 num,
2203 4231 2325 4283 dum
2360 4226 2622 4295 profectus
2648 4239 2729 4281 est
2764 4229 3011 4292 Romam,
3042 4227 3141 4280 hoc
3175 4238 3257 4281 est
3296 4242 3436 4297 anno
3470 4226 3577 4280 688

2014 4296 2171 4368 juxta
2204 4299 2378 4353 Baulis
2410 4300 2551 4353 Eccl.
2585 4300 2719 4352 Hist.
2752 4314 2804 4366 v,
2835 4298 2865 4349 7
2896 4312 3014 4368 eum
3047 4297 3243 4368 invisit.
3269 4297 3364 4350 Ms.
3396 4296 3574 4351 Codex

2020 4366 2156 4424 unde
2175 4370 2311 4423 hanc
2348 4370 2624 4437 Epitomen
2648 4369 2831 4422 Snrius
2847 4366 3128 4432 descripsit
3155 4374 3373 4437 testatur
3399 4376 3571 4419 trans-

353 4436 420 4516 :_.'b
445 4439 631 4516 eodem
662 4453 909 4516 episcopo
938 4439 1153 4516 collecta
1180 4476 1196 4500 ,
1228 4453 1326 4489 una
1355 4451 1474 4516 cum
1500 4453 1719 4505 corpore
1745 4436 1910 4516 J‘usta:
1943 4457 1992 4516 υ
2018 4441 2178 4493 latum
2220 4453 2339 4516 esse
2383 4436 2553 4516 virum
2590 4438 2679 4516 llei
2713 4436 3156 4516 xvttndieuJu‘nii.
3194 4436 3424 4516 ptumus
3468 4438 3568 4489 Ss-

352 4512 407 4563 in
469 4510 737 4564 civitatem
805 4507 1168 4573 Hispalensem
1242 4506 1495 4560 translata
1555 4519 1696 4562 sunt.
1753 4511 1909 4575 Aoo,

354 4578 587 4634 U~UARD.
619 4578 786 4633 Pera.
812 4593 879 4632 ns
905 4580 1106 4631 Nimis.

424 4654 447 4681 '
488 4648 810 4718 Murgantia.
839 4649 965 4713 Quae
993 4646 1182 4718 fuitgex
1222 4643 1436 4718 civitate
1462 4644 1758 4718 Antiochiae
1782 4645 1911 4700 Pisi-

351 4720 472 4781 diae,
500 4727 554 4771 et
596 4715 697 4771 tilia
728 4717 937 4771 Edesii
967 4718 1054 4783 qui
1088 4715 1183 4768 fuit
1211 4716 1436 4769 maxime
1468 4716 1687 4783 insignis
1724 4731 1908 4769 sacer-

351 4791 448 4840 dos
478 4787 757 4852 idolorum,
786 4787 873 4857 qui
918 4801 1033 4839 eam
1069 4795 1344 4853 propterea
1372 4786 1500 4839 odio
1537 4784 1909 4857 liabuit,_qttod

351 4857 504 4909 tidem
536 4855 873 4911 Christianam
909 4857 1223 4909 imbibisset.
1267 4858 1395 4907 Cum
1423 4867 1598 4907 autem
1632 4855 1910 4920 praefectus

351 4927 599 4996 Olybrius
627 4940 655 4978 a
686 4928 924 4993 partibus
955 4926 1093 4979 Asiae
1123 4925 1466 4996 Antiochiam
1485 4938 1670 4996 versus
1693 4935 1913 4996 conten-

348 4993 522 5060 deret,
551 5006 831 5064 conspecta
861 4996 1180 5063 Margareta,
1204 5008 1320 5063 qua:
1345 5002 1399 5047 et
1422 4993 1580 5064 aliter
1612 4994 1809 5045 Mariua
1832 4994 1913 5047 di-

350 5066 506 5131 citur,
524 5062 707 5119 amore
732 5068 847 5135 ejus
869 5062 1455 5119 veltemeuterardebat
1477 5079 1493 5135 ;
1513 5062 1579 5115 ab
1606 5078 1808 5135 cavero
1831 5078 1916 5118 re-

353 5137 556 5200 pulsam
584 5132 779 5201 ferens,
800 5150 915 5187 eam
944 5134 1246 5187 immaniter
1268 5134 1543 5197 cruciavit,
1568 5132 1773 5186 scilicet
1801 5136 1913 5185 vin-

348 5206 752 5269 culis,c.ircere,
782 5203 1286 5273 ﬂagellis,cquuleo.
1313 5202 1480 5273 Quam
1505 5212 1558 5255 et
1586 5203 1828 5256 diabolus
1859 5203 1913 5256 in

350 5276 593 5328 draconis
618 5278 793 5341 specie
814 5316 828 5337 ,
864 5272 1110 5324 similiter
1134 5282 1189 5327 et
1219 5272 1485 5337 [Ethiopis
1528 5274 1784 5336 tentavit,
1816 5274 1909 5325 sed

352 5360 445 5413 per
472 5346 675 5411 signum
706 5344 876 5413 crucis
896 5351 1304 5413 superatusest.
1344 5342 1637 5395 Novissime
1667 5356 1790 5393 vero
1820 5357 1912 5408 per

352 5411 655 5480 praedictum
688 5412 993 5483 prafecttun
1035 5411 1293 5483 decollata
1321 5412 1634 5483 martyrium
1664 5413 1908 5475 comple-

350 5486 444 5539 ιιι.
476 5480 701 5541 Usuard.
727 5484 910 5537 Surius
944 5490 1070 5532 tom.
1107 5480 1192 5534 IV.
1225 5508 1290 5521 --
1322 5482 1444 5534 liae
1491 5481 1688 5533 Marina
1719 5484 1910 5533 colitur

347 5555 481 5618 apud
512 5555 796 5608 Notlterum
828 5564 877 5605 et
908 5552 1208 5604 llrabanum
1244 5567 1363 5603 xviii
1393 5550 1554 5603 Junii.
1582 5552 1677 5603 Est
1706 5562 1756 5603 et
1807 5552 1908 5603 alia

348 5625 539 5676 Marina
589 5640 706 5690 qua:
748 5634 802 5677 et
846 5636 975 5676 xvut
1024 5622 1165 5673 Junii
1198 5637 1352 5684 supra
1386 5621 1705 5683 celebratur,
1756 5622 1907 5686 cujus

348 5693 640 5748 teitauiinis
669 5696 815 5749 locus
842 5695 941 5747 t'uLt
970 5692 1312 5748 Alexandria.
1360 5692 1573 5759 llispani
1608 5690 1657 5744 in
1690 5692 1903 5747 LcCtio-

2013 4524 2212 4574 usus”,
2239 4510 2489 4563 Mammas
2512 4509 2576 4563 de
2602 4510 2806 4562 Sanctis
2831 4505 3009 4574 Belgii.
3036 4507 3162 4559 Sua.
3185 4504 3305 4559 Jun.
3335 4520 3462 4559 xm.

2089 4590 2111 4616 ο
2156 4578 2425 4632 Praxedis.
2456 4579 2585 4646 Quae
2616 4593 2767 4631 soror
2795 4577 2887 4629 fuit
2914 4580 2975 4629 S.
3002 4576 3342 4646 Potentianm,
3374 4586 3428 4628 et
3459 4575 3563 4626 lilia

2017 4648 2074 4701 S.
2110 4648 2392 4712 Pudentis;
2438 4645 2503 4702 de
2533 4648 2719 4715 quibus
2760 4657 2929 4701 actum
2971 4655 3047 4698 est
3081 4661 3110 4697 x
3145 4645 3231 4698 die
3257 4645 3372 4715 Maii
3407 4661 3421 4696 :
3455 4656 3576 4712 post

2017 4719 2291 4771 transitum
2315 4720 2479 4786 patris
2501 4714 2695 4787 vigiliis
2713 4726 2765 4787 et
2793 4716 3114 4787 orationibus
3142 4714 3356 4787 assidue
3382 4729 3573 4767 vacans

2016 4801 2175 4841 omne
2202 4786 2571 4855 patrimonium
2591 4786 2745 4839 simul
2772 4802 2888 4838 cum
2912 4786 3065 4840 beata
3085 4800 3270 4855 sorore
3288 4786 3337 4837 in
3361 4792 3576 4837 susten-

2022 4853 2271 4909 tationem
2327 4871 2609 4925 pauperum
2640 4857 2876 4922 erogavit
2929 4873 2942 4906 :
2981 4864 3096 4921 post
3123 4853 3321 4906 obitum
3371 4854 3574 4925 sororis

2020 4929 2165 4979 venit
2194 4940 2311 4979 eam
2339 4927 2667 4979 consolatam
2713 4927 2772 4978 S.
2814 4925 3109 4991 Novatus;
3132 4938 3237 4990 quo
3276 4938 3380 4974 non
3415 4924 3573 4991 longo

2020 5006 2131 5061 post
2162 5005 2396 5063 tempore
2426 4995 2705 5058 moriente,
2735 4996 2880 5063 virgo
2911 4990 3116 5063 Domini
3145 4991 3395 5063 Praxedis
3418 4990 3569 5063 roga-

2019 5065 2091 5117 vit
2121 5061 2626 5133 Pium—episcopum,
2657 5061 3180 5133 uttbe'rmasﬁov-ati
3204 5062 3255 5115 iu
3288 5062 3571 5133 ecclesiam

2015 5131 2370 5195 Consecraret,
2403 5136 2539 5201 quod
2572 5145 2625 5186 et
2658 5135 2846 5200 placuit
2878 5131 2938 5185 S.
2971 5131 3085 5194 Pio,
3114 5131 3445 5200 thertnteque
3466 5131 3574 5183 No-

2017 5207 2121 5257 vati
2152 5204 2406 5258 dedicatze
2427 5213 2549 5255 sunt
2579 5203 2627 5255 in
2656 5204 2907 5255 honorem
2939 5201 3108 5254 beatae
3132 5201 3346 5265 virginis
3372 5202 3569 5253 Poten-

2018 5274 2175 5326 tianae
2205 5276 2255 5327 in
2288 5274 2406 5325 vico
2432 5276 2518 5339 qui
2558 5272 2847 5339 appellatur
2876 5270 3155 5324 Patricius.
3204 5270 3445 5322 Dedicata
3486 5280 3571 5322 est

2013 5351 2068 5395 et
2107 5345 2203 5396 alia
2239 5338 2465 5395 ecclesia
2495 5344 2595 5394 sub
2624 5338 2837 5395 nomine
2864 5343 2920 5394 S.
2943 5340 3199 5393 Praxedis
3227 5338 3358 5391 infra
3382 5340 3571 5391 urbem

2017 5412 2236 5465 Romam
2267 5412 2320 5464 in
2352 5413 2468 5464 vico
2510 5412 2597 5480 qui
2637 5410 2831 5463 dicitur
2870 5412 3177 5480 Lateranus.
3223 5408 3354 5480 Cum
3392 5419 3571 5459 autem

2015 5485 2282 5549 c0gnitum
2313 5491 2395 5535 est
2432 5478 2697 5535 Antonino
2728 5479 3064 5547 imperatori,
3103 5478 3244 5545 quod
3272 5486 3571 5530 conventus

2017 5554 2202 5603 tierent
2227 5554 2277 5603 in
2310 5550 2461 5603 titulo
2491 5550 2766 5614 l'raxedis,
2799 5550 2998 5610 multos
3020 5561 3086 5599 ex
3115 5549 3237 5611 illis,
3272 5549 3409 5600 inter
3432 5559 3569 5612 quos

2016 5619 2346 5686 Simetrium,
2380 5621 2609 5687 cepit,et
2640 5620 2831 5672 indicta
2856 5631 3011 5671 causa
3042 5617 3214 5687 gladio
3238 5616 3405 5684 puniri
3432 5630 3566 5687 prie-

2016 5692 2171 5758 cepit.
2205 5685 2457 5756 Quorum
2480 5704 2709 5759 corpora
2760 5700 2919 5744 noetu
2955 5689 3010 5746 Β.
3047 5686 3300 5742 Praxetlis
3328 5685 3567 5756 sepelivit
