3990 6196
1523 330 1713 387 δεετ.
1756 328 1820 385 ll.
1858 360 1928 372 -—-
1966 329 2522 389 MARTYROLOGIA.

1662 440 1886 495 EDlTlO
1924 437 2385 498 COLONIENSIS.

394 538 635 608 quievit,
665 537 870 605 sepulta
896 536 1045 607 juxta
1083 552 1319 594 sororem
1348 553 1499 593 suam
1530 538 1711 591 anre
1746 537 1823 591 via
1853 536 1963 593 Sa-
1994 542 2047 599 A
2136 540 2201 594 G.
2252 540 2320 595 XI
2371 540 2608 594 lineae.
2658 536 2899 593 Accusr.
2930 564 3000 578 —
3028 536 3208 591 Natale
3237 548 3430 593 sanctae
3469 540 3646 594 Maria.»

398 626 551 681 laria.
584 626 778 682 Eodem
806 627 890 682 die
939 629 1112 695 passio
1152 630 1322 682 sancti
1356 628 1582 683 Victoris
1611 628 1972 683 Massiliensis
2069 629 2390 697 Magdalenze
2412 669 2426 695 ,
2451 629 2516 682 de
2542 644 2642 697 qua
2663 669 2677 692 ,
2709 636 2764 681 ut
2801 627 3140 696 Evangelium
3196 627 3393 693 refert,
3442 641 3643 697 septem

397 714 657 785 episcopi,
688 716 800 784 qui,
827 715 925 770 sub
952 716 1280 771 Diocletiano
1311 728 1363 772 et
1397 719 1719 772 Maximiano
1738 718 1977 786 impera-
2068 721 2333 774 diemonia
2367 720 2523 789 ejecit
2555 720 2806 772 Dominus
2833 736 2843 770 :
2876 732 2996 786 quae
3026 718 3185 772 etiam
3210 718 3348 771 inter
3378 718 3483 771 alia
3509 720 3645 773 dona

400 806 622 872 toribus,
656 817 869 875 propter
897 806 1052 860 ﬁdem
1104 805 1298 862 Christi
1343 824 1434 875 per
1472 808 1737 861 Arterium
1790 805 1975 875 prmsi-
2076 810 2326 879 insignia,
2357 809 2627 864 Christum
2656 824 2684 862 a
2712 809 2934 862 mortuis
2964 818 3333 879 resurgentem
3376 811 3543 877 prima
3573 813 3651 864 vi-

397 898 520 948 dem
552 896 837 950 trucidatus
865 905 969 962 est,
994 896 1151 951 simul
1182 913 1302 951 cum
1351 897 1610 953 militibus
1642 895 1977 962 Alcitandro,
2075 898 2201 953 dere
2232 901 2451 953 meruit.
2486 899 2546 951 Et
2590 897 2911 951 obdormitio
2956 896 3125 951 beatze
3171 897 3485 968 Syntyclnc,
3530 914 3649 968 qua:

398 986 685 1051 Felieiano,
718 987 960 1060 Longino
984 997 1036 1043 et
1064 988 1384 1046 Deutherio.
2077 988 2337 1058 Philippis
2382 987 2578 1043 dormit
2622 986 2861 1056 sepulta,
2895 986 2962 1040 de
3000 1002 3100 1055 qua
3151 987 3334 1041 beatus
3364 987 3652 1056 Apostolus

1652 1099 1875 1156 EDITIO
1914 1099 2416 1157 BOLLANDIANA.

398 326 501 384 981
1523 330 1713 387 SECT.
1756 328 1820 385 ll.
1858 360 1928 372 -—-

2065 330 2152 387 ΒΤ
2163 333 2424 389 YROLOG
2433 332 2522 388 ΙᾹ.
3547 336 3652 392 932

397 1192 457 1249 S.
490 1200 516 1227 ⁸
550 1191 780 1246 Dauielis
811 1191 1101 1261 prepbetae.
1150 1193 1218 1247 Et
1241 1193 1378 1261 apud
1405 1193 1745 1249 Tiburtinam
1774 1194 1963 1248 urbem

399 1284 562 1340 Italia:
606 1284 779 1338 natale
816 1284 875 1340 S.
922 1284 947 1323 δ
993 1286 1368 1355 Symphorosa:
1403 1300 1527 1341 cum
1562 1294 1769 1354 septem
1825 1284 1970 1350 ﬁliis,

396 1380 724 1443 Crescente,
763 1377 997 1442 Juliano,
1052 1378 1321 1444 Nemesio,
1366 1378 1685 1442 Primitivo,
1734 1376 1969 1441 Justino,

393 1470 627 1532 Stacteo,
676 1468 912 1538 Eugenio
946 1487 958 1521 :
992 1485 1111 1522 cum
1139 1469 1334 1538 quibus
1374 1469 1531 1523 simul
1564 1482 1717 1536 passa
1770 1476 1859 1523 est
1903 1467 1970 1523 ab

393 1559 630 1615 Adriano
671 1560 939 1628 principe;
997 1562 1083 1628 qui
1133 1561 1301 1628 ipsam
1345 1561 1766 1631 Symphorosam
1802 1559 1967 1629 jussit

393 1651 581 1720 palmis
609 1650 762 1714 caedi,
808 1650 1002 1706 deinde
1029 1650 1281 1719 suSpendi
1310 1650 1575 1713 crinibus;
1604 1651 1697 1705 sed
1726 1664 1847 1704 cum
1880 1662 1972 1702 su-

393 1740 566 1807 perari
599 1740 899 1795 nullatenus
924 1750 1122 1808 posset,
1147 1740 1307 1809 jussit
1334 1754 1453 1794 eam
1486 1740 1709 1809 alligato
1741 1752 1873 1793 saxo
1914 1737 1969 1792 in

391 1826 611 1881 ﬂuvium
639 1827 957 1895 praecipitari
1006 1843 1022 1883 :
1071 1830 1221 1898 cujus
1254 1829 1415 1884 frater
1440 1828 1730 1897 Eugenius,
1769 1826 1970 1896 princi-

392 1916 529 1985 palis
558 1917 718 1971 curize
745 1916 1069 1982 Tiburtinae,
1115 1918 1368 1986 colligens
1398 1932 1595 1987 corpus
1625 1917 1745 1986 ejus
1775 1915 1970 1985 sepeli-

390 2008 483 2059 vit.
533 2005 599 2061 Et
639 2021 795 2062 mane
837 2008 1127 2076 imperator
1157 2006 1318 2077 jussit
1345 2017 1553 2077 septem
1602 2007 1691 2076 ﬁgi
1734 2007 1965 2075 Stipites,

390 2095 569 2166 ibique
601 2096 737 2152 ﬁlios
765 2100 881 2166 ejus
911 2097 977 2152 ad
1011 2098 1277 2153 trochleas
1302 2098 1519 2153 extendi
1560 2115 1571 2152 :
1625 2109 1676 2154 et
1708 2099 1970 2154 Crescen-

392 2193 498 2238 tem
547 2186 598 2239 in
645 2194 856 2255 gutture
902 2186 1180 2254 transﬁgi,
1232 2174 1524 2242 Lucianum
1588 2187 1643 2242 in
1700 2196 1919 2256 pectore
1948 2227 1965 2253 ,

391 2274 697 2332 Nemesium
753 2278 805 2332 in
868 2278 1053 2342 corde,
1112 2278 1441 2333 Primitivum
1497 2294 1590 2348 per
1633 2280 1965 2347 umbilicum,

390 2366 655 2421 Justinum
719 2384 815 2437 per
865 2368 1102 2423 membra
1152 2368 1446 2423 distensum
1497 2369 1666 2423 scindi
1716 2385 1809 2438 per
1855 2370 1967 2425 sin-

390 2455 546 2524 gulos
598 2457 838 2526 corporis
893 2458 1060 2512 nodos
1116 2466 1275 2526 atque
1325 2457 1639 2527 juncturas,
1694 2460 1965 2516 Stacteum

390 2548 589 2603 lanceis
630 2548 1100 2605 innumerabilibus
1146 2551 1319 2606 donec
1364 2563 1664 2607 moreretur
1712 2553 1765 2609 in
1823 2562 1965 2609 terra

2069 1193 2291 1263 conﬁgi,
2345 1191 2635 1263 Eugenium
2698 1188 2822 1244 ﬁndi
2866 1203 2897 1244 a
2953 1196 3167 1254 pectore
3222 1203 3388 1259 usque
3437 1191 3501 1243 ad
3558 1190 3643 1244 ξιιμ

2070 1284 2290 1340 feriores
2336 1292 2530 1353 partes.
2571 1281 2884 1353 (Hactenus
2933 1280 3042 1350 A.)
3101 1281 3277 1336 Altera
3330 1290 3504 1337 autem
3559 1283 3646 1337 die

2070 1380 2333 1433 Adrianus
2366 1375 2614 1444 przecepit
2647 1388 2871 1444 corpora
2902 1372 2953 1444 [a
2982 1387 3203 1441 corpora
3248 1373 3482 1426 mutilum
3531 1383 3649 1427 erat

2073 1467 2162 1538 ιλ]
2203 1467 2386 1524 eorum
2416 1466 2614 1520 auferri
2643 1474 2696 1519 et
2724 1464 2907 1534 projici
2941 1466 2994 1517 in
3022 1462 3228 1519 foveam
3260 1465 3443 1529 altam,
3469 1474 3522 1519 et
3551 1480 3645 1532 po-

2071 1568 2290 1612 suernnt
2332 1554 2607 1625 pontiﬁces
2637 1569 2827 1609 nomen
2862 1554 2959 1610 loci
2993 1554 3129 1609 illius
3160 1553 3240 1609 Ad
3283 1562 3492 1624 septem
3523 1554 3643 1609 Bio—

2075 1648 2340 1701 thanatos.

2148 1741 2302 1794 Deest
2333 1742 2430 1793 hoc
2460 1739 2699 1793 ultimu'u
2731 1739 2782 1791 in
2814 1738 2875 1792 Τ.
2905 1753 2966 1791 ac
2999 1738 3060 1792 L.
3091 1748 3144 1794 et
3174 1754 3268 1804 pro
3294 1754 3358 1794 eo
3407 1739 3634 1805 ponitur,

2078 1825 2174 1863 nec
2214 1811 2487 1863 christiani
2528 1824 2586 1862 ea
2622 1810 2877 1861 haherent
2903 1825 2915 1859 :
2946 1809 3096 1862 deest
3120 1810 3277 1863 etiam
3307 1808 3357 1863 in
3392 1810 3448 1861 Β.
3482 1810 3543 1861 ad
3572 1823 3639 1864 xv

2003 1899 2049 1958 Β
2076 1880 2188 1958 ἔξω.
2221 1880 2546 1958 [ιηβορειῃ
2582 1878 2927 1958 diejlictoris
2958 1878 3501 1958 sociorumguenejus.
3534 1878 3638 1958 Β...

2075 1951 2276 2004 Eodem
2307 1949 2393 2002 die
2421 1950 2477 2003 S.
2511 1947 2741 2001 Danielis
2777 1948 3070 2013 propheta).
3105 1949 3158 2002 In
3198 1948 3423 2001 Massilia
3460 1948 3637 2003 natale

2073 2020 2171 2077 SS.
2199 2031 2220 2059 ο
2256 2018 2506 2083 Victoris,
2540 2018 2847 2084 Alexandri,
2880 2017 3133 2072 Feliciani
3169 2026 3223 2071 et
3250 2018 3494 2087 Longini.

2140 2110 2231 2165 22.
2262 2138 2331 2150 —-
2360 2107 2427 2163 XI
2454 2108 2590 2164 ΚΑι..
2632 2108 2812 2163 Natale
2837 2114 2864 2153 ὁ
2893 2109 3071 2163 Maria:
3102 2108 3451 2179 Magdalenaa.

2146 2202 2472 2256 Pri-notatur
2503 2200 2556 2253 in
2583 2198 2670 2260 T.,
2705 2199 2758 2251 In
2785 2198 3030 2252 Massilia.
3069 2197 3125 2251 Β.
3156 2196 3218 2252 C.
3254 2198 3339 2262 V.,
3369 2199 3422 2253 In
3455 2200 3645 2253 Antio-

2072 2273 2187 2325 chia
2214 2281 2236 2307 °
2266 2269 2446 2340 Cyrilli
2478 2269 2559 2341 [(1.
2609 2268 2806 2341 Arilli.]
2852 2268 3100 2341 Audrey.
3126 2268 3218 2341 _B.,
3240 2268 3498 2341 _Tabelli.

2073 2336 2515 2395 Massilia'nalal'e
2553 2341 2609 2392 S.
2658 2336 2897 2392 Adriani.
2929 2340 2991 2408 AA.
3022 2337 3088 2408 Τ.
3125 2337 3207 2399 ι..
3239 2336 3308 2392 Εῑ
3338 2338 3393 2392 S.
3429 2340 3634 2408 Cyrilli.

2075 2411 2141 2465 Et
2166 2414 2214 2463 in
2245 2410 2490 2463 cmnobio
2523 2409 2844 2463 Fontanelhe
2880 2406 2982 2462 S.f
3020 2406 3643 2477 Wandregisiliabbatis.

2072 2486 2163 2544 Δ..
2218 2481 2279 2534 Et
2310 2488 2335 2526 ε
2367 2488 2556 2532 octava
2596 2479 2657 2533 S.
2700 2477 2908 2547 Veilasti
2952 2478 3218 2547 episcopi,
3248 2479 3419 2534 Patris
3447 2478 3640 2533 nostri.

2073 2552 2157 2616 B.,
2190 2550 2254 2612 Et
2272 2550 2395 2604 alibi
2422 2548 2595 2604 natale
2622 2549 2678 2604 S.
2706 2546 2735 2585 ιι
2768 2546 3026 2603 Platonis.

1814 2660 2020 2719 SMITH
2057 2658 2283 2716 ΝΟΤΕ.

390 2751 494 2824 sub
510 2750 599 2824 die
627 2766 696 2804 vn
728 2748 1013 2824 K_al._Junii
1039 2751 1090 2824 in
1114 2753 1422 2807 cmmeterio
1446 2752 1698 2810 Priscilla
1722 2767 1737 2805 :
1765 2762 1959 2824 etpost

389 2822 507 2875 dies
533 2821 601 2874 54
625 2821 891 2892 passionis
940 2822 1310 2892 praedictorum
1358 2835 1661 2877 sanctorum
1703 2826 1814 2892 ipsa
1842 2821 1955 2879 'de-

390 2891 591 2953 functa,
615 2891 761 2960 juxta
789 2900 992 2963 patrem
1024 2891 1311 2963 Pudentem
1344 2909 1372 2945 a
1403 2894 1459 2946 B.
1492 2891 1956 2963 Pastorepresby-

392 2972 509 3016 tero
534 2963 737 3029 sepulta
767 2970 847 3014 est
883 2962 965 3014 via
1009 2962 1211 3015 Salaria
1250 2963 1299 3016 in
1331 2965 1637 3018 ctemeterio
1671 2965 1947 3022 Priscilla.

392 3032 552 3087 Juxta
598 3040 900 3099 computum
954 3031 1419 3087 Bollandianorum
1472 3038 1689 3087 fratrum
1723 3035 1774 3087 in
1805 3050 1952 3088 com-

2061 2750 2303 2813 abduxit,
2330 2758 2386 2804 et
2410 2763 2527 2803 eam
2549 2746 2690 2817 apud
2712 2748 3013 2816 Aquensem
3039 2746 3249 2813 urbem,
3276 2751 3357 2803 cui
3386 2751 3638 2817 praeside-

2036 2821 2170 2885 bat,
2205 2820 2447 2889 sepelivit
2493 2819 2832 2889 defunctam.
2852 2819 3089 2889 Aquensi
3138 2833 3267 2872 vero
3297 2820 3430 2874 urbe
3455 2838 3482 2874 a
3510 2823 3637 2876 Sar-

2057 2888 2277 2945 racenis'
2294 2890 2547 2953 desolata,
2573 2904 2764 2955 corpus
2789 2888 2904 2957 ejus
2933 2904 2963 2942 a
3009 2888 3248 2943 Gerardo
3276 2891 3470 2944 comite
3496 2890 3632 2946 Bur-

2054 2961 2265 3029 gundize
2303 2960 2368 3014 ad
2412 2958 2711 3015 ctenobium
2759 2958 3076 3029 Viceliacum
3114 2972 3151 3029 _a
3181 2972 3239 3013 se
3270 2970 3631 3016 constructum

2062 3027 2391 3087 transfertur.
2435 3033 2764 3097 Quamquam
2802 3028 2961 3095 aliqui
3001 3027 3280 3093 scribant,
3325 3031 3462 3097 quod
3504 3033 3634 3086 illud

388 3102 652 3157 mentario
699 3102 894 3169 praevio
935 3102 1081 3157 Actis
1132 3104 1494 3171 Pudentiante,
1545 3114 1650 3159 etc.
1699 3101 1956 3160 Praxedis
1985 3100 2032 3166 C
2060 3103 2199 3169 apud
2224 3100 2489 3171 Ephesum
2512 3100 2767 3171 quiescat,
2798 3099 3001 3171 nullum
3022 3112 3266 3171 super‘se
3298 3107 3503 3169 tegmen
3537 3102 3632 3155 ha-

388 3174 589 3227 ob.isse
614 3182 860 3226 censetur
888 3187 1027 3225 anim
1054 3174 1265 3229 circiter
1297 3174 1418 3229 159.

471 3254 494 3278 α
541 3241 995 3311 l)anielis._Cr:nci
1045 3243 1113 3297 de
1160 3258 1226 3296 eo
1264 3254 1424 3311 agunt
1471 3260 1575 3299 una
1619 3259 1741 3299 cum
1789 3246 1960 3301 tribus

391 3313 570 3385 pueris
592 3314 656 3366 ad
685 3326 773 3385 xvi
799 3309 916 3385 Kal.
940 3310 1171 3385 Januarii
1205 3315 1254 3367 in
1288 3309 1602 3382 Menologio.
1637 3317 1959 3383 Epiphanius

392 3382 461 3439 de
490 3384 593 3435 vita
636 3393 690 3435 et
735 3382 950 3434 interitu
1004 3384 1246 3450 prophet.
1293 3398 1411 3450 cap.
1463 3386 1528 3438 10
1579 3382 1693 3439 hinc
1720 3386 1873 3439 habet
1907 3388 1960 3441 in

394 3457 501 3510 ﬁne
535 3471 549 3506 :
587 3469 606 3505 t
642 3452 894 3505 Humatus
934 3462 1017 3505 est
1058 3455 1109 3506 in
1146 3461 1364 3520 angusta
1397 3468 1624 3509 caverna
1671 3456 1959 3511 honoribus

401 3544 419 3575 ι
461 3522 698 3592 magnis;
728 3532 1011 3589 exsulque
1025 3533 1424 3593 monumentum
1446 3523 1561 3593 ejus
1584 3540 1748 3593 usque
1766 3527 1832 3578 ad
1861 3527 1962 3580 hoc

402 3613 422 3646 ι
458 3594 709 3647 saeculum
754 3602 1012 3663 inostrum
1063 3592 1114 3645 in
1173 3592 1441 3663 Babylone
1486 3592 1691 3650 cunctis
1745 3594 1961 3650 notissi-

401 3683 419 3715 ι
460 3678 690 3735 mum.)
748 3662 1052 3735 Trahslatas
1113 3662 1297 3735 eorum
1366 3663 1614 3732 reliquias
1690 3665 1959 3735 Babylone

392 3733 791 3797 Alexandriam,
841 3734 978 3785 etin
1022 3733 1246 3786 ecclesia
1295 3744 1600 3788 sanctorum
1648 3733 1868 3788 Joannis
1906 3745 1960 3797 et

384 3804 511 3873 Cyri
545 3802 765 3870 positas,
798 3801 927 3855 Acta
947 3804 1254 3873 eorumdem
1286 3804 1618 3872 signiﬁcant;
1649 3800 1960 3873 eaedemque

385 3873 639 3927 Venetias
684 3876 950 3924 translatae
1002 3872 1271 3926 dicuntur.
1329 3873 1545 3937 Insuper
1598 3884 1652 3927 et
1707 3875 1960 3929 Vercellis

383 3959 512 3997 crus
536 3942 594 3997 S.
628 3940 853 3995 Danielis
881 3945 1145 3997 asservari
1183 3942 1370 3998 fertur.
1418 3945 1682 3998 Basorva
1716 3944 1769 3999 io
1810 3945 1960 4000 Notis

387 4016 455 4067 ad
487 4011 939 4084 Martyrologium.
959 4080 1002 4084 __
1207 4019 1217 4027 '

458 4085 486 4123 δ
526 4080 907 4154 Sgﬁtphqrosw.
956 4080 1215 4152 Martyres
1248 4082 1299 4137 hi
1329 4092 1384 4140 et
1414 4097 1575 4154 supra
1620 4083 1961 4141 celebrantur

384 4170 517 4211 xvm
549 4158 636 4207 die
669 4152 825 4220 hujus
856 4154 1071 4205 mensis.

460 4234 483 4263 ο
532 4223 772 4276 Victoris.
823 4222 925 4288 Qui
966 4222 1065 4276 sub
1111 4224 1483 4289 persecutione
1534 4224 1846 4279 Diocletiani
1901 4233 1958 4280 et

384 4294 712 4357 Maximiani,
741 4305 860 4346 cum
891 4301 1035 4346 esset
1058 4294 1231 4358 miles,
1254 4305 1309 4349 et
1334 4309 1433 4349 nec
1456 4296 1683 4349 militare
1709 4309 1809 4350 nec
1839 4295 1956 4350 ido-

387 4367 457 4420 lis
486 4364 787 4418 sacriﬁcare
813 4362 992 4428 vellet,
1024 4364 1250 4429 primum
1280 4379 1308 4415 a
1338 4364 1550 4418 tribuno
1580 4379 1678 4417 suo
1713 4368 1959 4419 Austerio

384 4437 734 4491 incarcerem
766 4441 964 4495 trusus,
992 4432 1088 4486 sed
1117 4432 1262 4487 omni
1290 4443 1444 4488 nocte
1471 4434 1535 4487 ad
1566 4435 1857 4488 visitandos
1878 4435 1957 4488 iu-

389 4508 572 4560 lirmos
598 4504 663 4558 ab
704 4501 1142 4573 angeloeductus
1171 4512 1280 4557 est.
1314 4503 1514 4558 Deinde
1534 4504 1683 4573 jussu
1716 4506 1957 4573 Eutychii

389 4573 623 4645 prtefecti
645 4573 875 4645 _retortis
903 4571 1134 4645 brachiis
1165 4573 1296 4628 loris
1334 4571 1620 4629 subtilibus
1659 4571 1873 4645 ligatus,
1904 4586 1959 4630 et

389 4642 613 4713 pedibus
639 4642 763 4697 fune
790 4642 1129 4713 constrictus,
1155 4658 1250 4713 per
1281 4645 1507 4698 mediam
1534 4642 1729 4699 tractus
1759 4653 1841 4699 est
1867 4644 1955 4699 ci-

381 4712 625 4768 vitatem.
651 4712 777 4766 Post
799 4712 911 4767 hinc
932 4712 1337 4770 fustibuscmsus
1358 4730 1422 4770 ac
1446 4729 1735 4783 suspensus
1761 4728 1823 4769 ac
1847 4724 1957 4769 tau-

387 4788 496 4839 reis
534 4784 800 4838 cruciatus
826 4794 927 4837 est.
962 4786 1065 4837 Ara
1107 4784 1270 4838 etiam
1311 4784 1364 4839 ei
1409 4785 1661 4846 exhibita,
1689 4799 1807 4839 cum
1838 4800 1954 4839 eam

386 4869 490 4910 nec
514 4854 775 4921 reapicere
802 4857 1090 4919 sustinens,
1117 4854 1183 4910 de
1204 4870 1364 4909 manu
1392 4856 1682 4910 sacerdotis
1698 4857 1845 4909 calce
1868 4871 1958 4909 ex-

381 4925 659 4987 cussisset,
692 4923 877 4993 pedem
908 4938 1105 4992 praeses
1128 4926 1286 4993 jussit
1313 4926 1496 4980 incidi.
1527 4924 1606 4980 Ad
1638 4926 1876 4979 ultimum
1906 4929 1956 4979 in

384 4994 731 5049 confessione
757 4994 954 5048 Christi
991 4996 1310 5062 persistens,
1344 4997 1537 5049 missus
1563 5004 1646 5049 est
1672 4997 1722 5049 in
1762 4996 1956 5049 molam

382 5066 656 5133 pistoriam
685 5106 702 5130 ,
752 5063 929 5132 ibique
984 5068 1296 5135 martyrium
1344 5066 1753 5119 coosummavit.
1809 5066 1957 5120 Passi

382 5145 511 5188 sunt
553 5150 671 5188 cum
722 5148 788 5190 eo
833 5135 1149 5199 Alexander,
1200 5135 1501 5190 Feliciauus
1552 5147 1607 5190 et
1651 5136 1954 5203 Longinus;

386 5220 523 5272 puer
550 5220 760 5272 quoque
783 5204 1083 5266 Deuterius,
1103 5206 1229 5259 dum
1261 5206 1325 5259 ad
1354 5209 1656 5274 sepulcrum
1680 5207 1801 5274 ejus
1831 5222 1950 5260 ora-

383 5285 490 5341 ret,
521 5277 698 5329 emisit
739 5276 1004 5342 spiritum.
1038 5275 1180 5329 Petr.
1208 5276 1274 5330 de
1299 5276 1472 5330 Natal.
1497 5304 1571 5316 —
1590 5275 1710 5328 Fuit
1740 5277 1957 5343 insuper

384 5346 525 5399 alius
555 5346 731 5400 Victor
762 5346 1104 5399 Massiliensis
1128 5385 1146 5410 ,
1174 5348 1262 5413 qui
1290 5348 1586 5400 eruditione
1618 5348 1791 5399 clarus
1822 5348 1953 5399 vixit

387 5417 715 5481 temporibus
758 5415 1039 5469 Theodosii
1081 5416 1313 5471 Junioris
1355 5426 1410 5470 et
1454 5414 1805 5470 Valentiniani
1853 5418 1957 5471 im-

388 5497 691 5607 peratgrum
715 5528 733 5555 ,
782 5492 849 5539 de
897 5501 999 5554 quo
1037 5486 1341 5544 Gennadius
1380 5486 1449 5543 de
1477 5484 1619 5542 Viris
1663 5486 1959 5545 illustribus

388 5570 505 5607 can.
573 5595 587 5607 .

453 5572 505 5664 ἐἶ’
528 5572 731 5680 Biar-its.
755 5624 1132 5681 Persecutione
1162 5634 1283 5696 post
1306 5625 1677 5695 lapidationem
1699 5627 1957 5696 Stephani

385 5700 793 5768 protomartyris
819 5708 982 5763 mota,
1015 5698 1337 5752 Maximinus
1367 5713 1504 5753 unus
1531 5699 1596 5754 de
1624 5701 1699 5751 71
1723 5700 1955 5768 discipu-

385 5769 452 5822 lts
479 5770 543 5823 ad
569 5766 768 5824 Gallias
796 5768 1080 5833 transiens,
1123 5769 1337 5825 Mariam
1383 5771 1742 5839 Magdaleuam
1774 5766 1952 5825 secum

1991 4466 2039 4527 D

2062 3167 2214 3226 bens.
2247 3170 2508 3225 SIGEBERT
2530 3167 2695 3237 agens
2724 3167 2791 3222 de
2811 3168 2926 3234 ejus
2964 3167 3305 3222 translatione
3333 3167 3475 3224 anno
3502 3171 3629 3227 754.

2134 3240 2399 3311 {CyrillL
2430 3240 2650 3311 Quifuit
2673 3254 2761 3292 xix
2780 3240 3074 3311 Autlesbim
3096 3238 3395 3311 episcopus.
3422 3242 3547 3311 Agit
3570 3246 3640 3299 de

2059 3327 2126 3370 eo
2148 3309 2410 3367 Eusebius
2441 3311 2491 3366 in
2523 3310 2722 3365 Chron.
2749 3318 2805 3364 et
2836 3310 2981 3364 Eccl.
3015 3309 3150 3363 Hist.
3187 3325 3276 3374 vn,
3307 3309 3394 3362 52.
3431 3309 3639 3368 Sedere

2061 3393 2237 3437 autem
2283 3382 2443 3448 erepit
2494 3381 2561 3435 ab
2609 3396 2747 3435 anno
2777 3377 2812 3431 4
2853 3382 2982 3448 imp.
3016 3379 3196 3447 Probi,
3242 3382 3541 3450 mansitque
3571 3384 3639 3437 ad

2062 3467 2263 3506 annum
2296 3466 2462 3519 usque
2488 3466 2594 3505 xvn
2627 3450 2962 3504 Diocletiani.

2140 3520 2158 3558 ι
2204 3520 2589 3591 νγαηανερεεειε.
2640 3520 2739 3586 Qui
2770 3522 2996 3591 primum
3018 3520 3117 3575 sub
3142 3521 3436 3591 Dagoberto
3456 3535 3639 3578 comes

2059 3590 2237 3660 palatii
2267 3591 2364 3643 fuit
2386 3606 2400 3643 :
2420 3590 2556 3660 Erat
2578 3598 2755 3660 autem
2782 3590 3139 3660 avusgejuer.
3166 3592 3471 3658 Arnulphus
3496 3594 3644 3659 prin-

2059 3658 2188 3730 ceps
2213 3658 2598 3723 Lothariensis,
2630 3668 2684 3713 et
2705 3658 2958 3713 Metensis
2988 3659 3290 3727 episc0pus.
3322 3661 3481 3729 ltegia
3498 3658 3635 3715 vero

2062 3729 2342 3798 Dagoberti
2373 3729 2512 3795 aula,
2546 3738 2601 3782 et
2632 3743 2826 3797 sponsa
2856 3743 2976 3782 cum
3003 3744 3109 3797 qua
3136 3742 3283 3785 caste
3318 3731 3548 3798 vixerat,
3580 3742 3636 3787 et

2059 3816 2177 3871 qua:
2202 3801 2313 3868 pari
2342 3814 2603 3871 consensu
2633 3798 2903 3871 religionis
2935 3799 3171 3854 h'abitum
3199 3810 3522 3871 sumpserat,
3550 3816 3637 3857 re-

2060 3870 2219 3933 lictis,
2267 3873 2315 3922 in
2352 3868 2673 3939 Virdunensi
2722 3869 2960 3939 regione,
3012 3871 3063 3922 in
3114 3868 3336 3939 propria
3357 3872 3506 3937 villa,
3537 3873 3632 3925 do-

2060 3956 2205 3995 mum
2230 3941 2553 4004 construxit,
2589 3938 2676 3993 ubi
2702 3937 2919 4008 jejunii‘s
2949 3951 3003 3993 et
3033 3937 3361 3995 orationibus
3401 3940 3509 3995 Deo
3542 3958 3631 3994 va-

2058 4011 2217 4066 cavit.
2246 4008 2448 4064 D;inde
2475 4009 2736 4064 Bobieuse
2763 4007 2897 4062 adiit
2925 4010 3305 4064 monasterium
3331 4012 3388 4065 S.
3416 4010 3637 4065 Colum-

2059 4082 2216 4146 bani;
2268 4088 2323 4135 et
2376 4078 2560 4133 Romae
2614 4079 2794 4132 limina
2848 4082 3208 4145 apostolorum
3259 4080 3439 4135 invisit
3489 4097 3503 4134 ε
3563 4082 3632 4138 ad

2060 4155 2284 4219 patriam
2324 4161 2497 4202 autem
2528 4148 2757 4219 rediens,
2809 4150 3127 4203 transversis
3155 4151 3400 4217 Alpibus.
3432 4152 3482 4204 in
3515 4166 3634 4207 mo-

2060 4217 2295 4274 basterio
2345 4219 2597 4273 Romanis
2641 4217 2806 4280 dicto,
2838 4227 3116 4287 exceptus,
3159 4222 3406 4274 monachi
3462 4222 3630 4277 vitam

2059 4290 2230 4369 duxit.
2265 4290 2500 4369 Denique
2523 4287 2914 4369 itothomagmn
2940 4298 3155 4368 vocatus
3185 4288 3322 4343 fama
3350 4302 3403 4344 et
3433 4296 3629 4369 sancti-

2061 4368 2167 4413 tate
2196 4355 2431 4413 Audoeui
2454 4355 2697 4430 episcopi
2723 4397 2738 4423 ,
2766 4355 3004 4425 ejusdem
3033 4358 3185 4430 jussu
3225 4374 3253 4412 a
3295 4371 3481 4414 sancto
3517 4364 3629 4415 Au-

2066 4430 2288 4483 domaro
2327 4428 2601 4497 presbyter
2638 4437 3003 4482 consecratur.
3052 4428 3416 4484 Fontanellam
3447 4440 3626 4485 autem

2067 4500 2369 4555 coenobium
2394 4498 2691 4553 construxit
2715 4514 2855 4553 anno
2875 4498 3001 4566 645,
3048 4500 3137 4552 ubi
3169 4515 3334 4568 usque
3362 4500 3427 4551 ad
3456 4516 3624 4554 annos

2060 4573 2229 4625 artatis
2274 4567 2342 4623 92
2390 4570 2702 4638 permansit,
2744 4580 2799 4622 et
2838 4570 2923 4622 ubi
2950 4569 3229 4631 defunctus
3254 4567 3496 4638 sepultus
3541 4581 3627 4624 est

2058 4655 2198 4694 anno
2224 4638 2349 4692 665.
2386 4638 2579 4694 Verum
2624 4650 2840 4707 prepter
2890 4638 3322 4692 Nortmannicam
3375 4655 3623 4708 pereccu-

2060 4711 2259 4764 tionem
2294 4710 2560 4763 Boloniam
2607 4710 2893 4762 translatus
2920 4719 2999 4762 est
3031 4724 3044 4761 :
3076 4721 3133 4762 et
3161 4710 3281 4764 inde
3311 4710 3624 4765 Gandavum

2058 4796 2178 4833 cum
2213 4780 2473 4834 Ansberto
2494 4788 2547 4833 et
2579 4776 2911 4833 Wulfrauno.
2940 4779 3132 4833 Sumus
3166 4788 3293 4833 tom.
3327 4779 3415 4835 ιγ.
3439 4778 3633 4836 Mou-

2059 4866 2155 4904 tvus
2175 4851 2243 4903 de
2272 4852 2481 4904 Sanctis
2510 4850 2653 4919 Belg.
2688 4848 2845 4903 Cum.
2873 4852 3147 4904 Sessssrs.

2133 4929 2156 4968 ε
2185 4920 2392 4974 Octava.
2418 4918 2718 4975 'l‘ranslatio
2741 4920 2885 4974 enim
2913 4920 3066 4989 hujus
3092 4920 3261 4975 sancti
3293 4918 3435 4978 facta
3458 4933 3540 4977 est
3566 4941 3625 4975 xv

2059 4991 2146 5046 die
2175 4991 2335 5055 hujus
2365 4993 2583 5046 mensis.

2132 5060 2155 5097 δ
2198 5060 2456 5117 Platonis.
2482 5060 2632 5128 Apud
2662 5059 2927 5131 Ancyram
2958 5060 3225 5115 civitatem
3255 5060 3481 5119 Galatia:
3510 5078 3628 5131 pro-

2058 5132 2248 5187 vincite
2271 5134 2410 5201 passi
2433 5143 2668 5200 tempore
2691 5129 2993 5184 Maximiani
3019 5135 3352 5199 imperatoris
3373 5135 3472 5189 sub
3495 5129 3631 5202 prie-

2060 5202 2202 5258 fecto
2227 5206 2539 5273 Agrippino.
2579 5203 2714 5256 Cum
2743 5212 2916 5273 autem
2944 5216 3092 5273 sacra
3129 5202 3230 5256 iliis
3270 5202 3442 5260 facere
3476 5218 3626 5259 recu-

2059 5284 2226 5340 sai-et,
2261 5271 2430 5337 primo
2458 5273 2670 5342 quidem
2701 5287 2731 5325 a
2780 5271 2846 5324 l2
2893 5273 3019 5325 viris
3051 5271 3149 5325 sibi
3179 5273 3403 5328 invicem
3443 5287 3634 5328 succe-

2060 5344 2307 5400 dentibus
2333 5346 2565 5413 graviter
2605 5343 2847 5404 catditur,
2890 5344 2984 5413 sed
3026 5343 3312 5397 immobilis
3343 5345 3634 5411 persistens

2062 5416 2115 5468 in
2143 5412 2411 5470 carcerem
2435 5413 2710 5484 conjicitur
2736 5429 2751 5477 ;
2775 5412 3277 5484 deindepostquam
3308 5414 3630 5484 carbonibus

2061 5495 2233 5539 tostus
2261 5497 2424 5550 esset,
2458 5482 2574 5554 post
2592 5488 2875 5552 equuleum
2898 5494 2948 5537 et
2976 5482 3120 5537 iaces
3148 5484 3342 5551 ignitas
3374 5483 3629 5554 lateribus

2059 5556 2363 5617 aclhibitas,,
2413 5552 2528 5623 pust
2567 5558 2730 5610 etiam
2762 5557 2861 5607 alia
2899 5554 3134 5623 inaudita
3167 5562 3450 5621 tormenta,
3482 5552 3638 5609 deui-

2057 5641 2163 5695 que
2204 5627 2379 5697 gladio
2416 5622 2593 5694 capite
2638 5635 2910 5695 truncatus
2935 5622 3213 5697 est._Pe_tr.
3243 5623 3310 5678 de
3341 5624 3633 5697 Naulibus.

2055 5693 2130 5736 J—
2147 5693 2472 5751 Ju'stinianus
2491 5693 2680 5766 imper.
2698 5712 2749 5751 in
2767 5698 3021 5751 honorem
3037 5694 3097 5749 S.
3114 5693 3349 5766 Piatonis
3370 5694 3640 5766 amplissi-

2062 5784 2203 5824 mum
2228 5772 2397 5825 erexit
2427 5764 2932 5841 monumentumrut
2953 5766 3136 5823 scribit
3156 5764 3470 5841 Procopius.
