3990 6196
392 378 497 437 ςεε

1141 377 1341 434 πολε
1383 372 1824 431 ιἐειςεΑΒιωε
1863 374 2013 429 ore.
2055 371 2228 429 rans
2268 373 2353 428 iv.
2394 402 2464 414 --
2505 370 2882 429 ιιιετοιιιω.
2932 342 2939 357 “

3536 370 3637 427 984

1646 479 1867 538 EDITIO
1906 478 2352 536 COLONIENSIS

392 580 820 651 Philippeusibus
855 580 1037 633 scribit
1079 593 1094 632 :
1130 576 1374 630 Ei-odiam
1416 589 1564 645 roga,
1591 583 1634 627 et
1663 573 1971 642 Syntychem
1999 575 2051 633 Α
2082 570 2263 623 centii.
2318 570 2469 637 Apud
2514 567 2801 623 Emeritam
2850 566 3113 638 Hispania:
3154 565 3415 621 civitatem
3466 565 3642 622 natale

390 674 635 741 deprecor
662 712 676 735 ,
717 672 771 725 id
792 673 955 739 ipsum
982 685 1157 740 sapere
1186 669 1236 721 in
1268 667 1509 721 Domino.
1538 666 1766 734 Ancyra:
1796 663 1966 716 fiala-

391 766 477 817 tia:
513 766 687 817 natale
711 762 890 817 Sancti
935 760 1166 814 Platonis
1191 757 1439 827 martyris
1469 798 1483 821 ,
1518 756 1669 823 cujus
1698 765 1843 824 gesta
1872 753 1964 806 hac

394 852 603 905 bentur.
629 851 683 906 ln
718 848 992 904 Antiochia
1023 847 1202 917 Cyrilli
1232 845 1489 914 episcopi,
1520 853 1573 899 et
1600 845 1847 899 Andreae.

471 941 532 994 A.
564 940 611 993 Χ
640 939 878 993 ΚΑιεευ.
933 942 1165 991 Aucusr.
1219 936 1374 1003 Apud
1442 935 1759 1003 Ravennam
1796 932 1964 987 sancti

388 1027 702 1095 Apollinaris
749 1025 1003 1093 episcopi.
1057 1024 1150 1079 llic
1182 1023 1361 1079 Romae
1396 1024 1670 1078 ordinatus
1719 1040 1748 1077 a
1812 1024 1966 1077 beato

388 1118 544 1171 Petro
572 1116 851 1184 apostolo,
903 1115 1205 1169 Ravennam
1256 1113 1490 1169 directus
1515 1121 1617 1168 est.
1660 1114 1758 1180 Qui
1804 1114 1962 1167 etiam

385 1206 440 1260 in
472 1205 687 1261 Emilia
713 1206 1059 1277 praedicavit,
1090 1213 1141 1259 et
1170 1206 1402 1274 partibus
1447 1204 1841 1260 Corinthiorum
1868 1247 1883 1272 ,
1908 1215 1964 1262 et

387 1295 443 1347 in
475 1294 657 1366 Mysia,
692 1305 745 1350 et
768 1298 818 1349 in
851 1297 961 1362 ripa
990 1294 1229 1355 Danubii,
1259 1303 1313 1347 et
1356 1295 1407 1348 in
1440 1296 1675 1363 partibus
1696 1295 1959 1362 Thracias,

393 1387 444 1436 in
488 1385 678 1454 quibus
719 1384 847 1438 locis
886 1384 1075 1438 exsilio
1123 1385 1386 1453 relegatus
1417 1395 1523 1449 est,
1580 1396 1632 1440 et
1663 1385 1963 1455 ubicunque

387 1473 649 1541 pervenit,
682 1475 987 1529 innumeras
1037 1474 1257 1529 virtutes
1288 1475 1431 1542 fecit,
1478 1486 1532 1531 et
1573 1477 1847 1545 passiones
1877 1492 1965 1531 su-

384 1567 590 1621 stinuit.
640 1566 771 1620 Nam
797 1581 917 1620 cum
949 1566 1113 1621 nimia
1158 1565 1303 1620 caede
1329 1576 1489 1632 esset,
1511 1577 1565 1621 et
1605 1582 1811 1622 rursum
1837 1568 1962 1620 diu-

397 1658 500 1711 tius
543 1656 769 1710 fustibus
814 1671 1006 1725 caesus,
1036 1670 1099 1711 ac
1127 1657 1284 1711 nudis
1326 1657 1543 1726 pedibus
1584 1671 1744 1724 super
1769 1673 1965 1727 prunas

392 1750 694 1819 impositus,
728 1765 935 1803 rursum
965 1764 1156 1817 caasus,
1187 1760 1236 1803 et
1262 1751 1486 1817 equuleo
1517 1765 1822 1820 suspensus,
1855 1761 1965 1806 tor-

388 1852 474 1894 tus
529 1850 711 1903 est,et
760 1854 887 1894 saxo
933 1854 993 1893 os
1052 1840 1167 1909 ejus
1214 1849 1519 1906 contusum,
1566 1850 1620 1896 et
1648 1842 1964 1912 gravissimo

2068 660 2242 713 sancti
2295 659 2522 713 Victoris
2551 659 2814 724 militaris,
2866 658 2955 727 qui
2999 672 3117 711 cum
3154 656 3360 710 duobus
3390 654 3641 711 fratribus

2068 749 2342 813 Trichino,
2393 757 2450 804 et
2488 749 2821 818 Antinogeno
2868 748 3092 802 diversis
3137 746 3466 801 examinatus
3512 759 3642 813 sup-

2069 841 2257 910 plii-iis,
2312 841 2622 911 martyrium
2666 839 3074 893 consummavit.
3115 838 3171 892 ln
3200 837 3343 907 Tyro
3370 835 3508 904 apud
3534 835 3641 891 Ita-

2068 934 2213 998 liam,
2245 948 2362 1002 quae
2390 942 2472 987 est
2500 932 2641 985 circa
2687 930 2855 986 lacum
2889 929 3186 997 Vulsinum,
3222 927 3396 982 natale
3440 936 3639 982 sancta

2064 1024 2344 1080 Chi-istiuas
2394 1023 2633 1094 virginis,
2671 1038 2788 1092 qua:
2830 1024 2879 1074 in
2920 1020 3187 1075 Christum
3218 1018 3466 1081 credens,
3508 1018 3640 1070 deos

2065 1134 2256 1174 aureos
2284 1125 2339 1173 et
2384 1126 2663 1186 argenteos
2690 1113 2890 1170 Urbani
2921 1112 3153 1183 praefecti
3210 1112 3373 1180 patris
3401 1110 3479 1163 sui
3508 1122 3641 1163 con-

2066 1209 2245 1279 fregit,
2270 1208 2696 1279 pauperibusque
2710 1206 2995 1261 distribuit.
3021 1204 3102 1260 0b
3126 1204 3224 1259 hoc
3242 1203 3464 1273 jubente
3485 1212 3639 1271 patre

2065 1302 2259 1357 afﬂicta
2294 1302 2482 1370 alapis,
2509 1300 2919 1369 verberibusque
2946 1298 3219 1366 dilaniata,
3244 1296 3386 1350 ferro
3419 1304 3637 1360 onusta,

2066 1394 2119 1447 in
2149 1408 2417 1448 carcerem
2457 1404 2538 1448 est
2572 1391 2832 1460 conjecta.
2884 1390 3009 1444 Post
3037 1389 3150 1443 huic
3194 1402 3311 1441 cum
3338 1384 3640 1440 diutissime

2065 1492 2120 1538 et
2148 1483 2517 1538 crudelissime
2559 1480 2932 1544 dilaniaretur,
2980 1479 3048 1534 de
3073 1478 3323 1533 carnibus
3364 1476 3475 1531 suis
3499 1476 3638 1545 patri

2066 1575 2119 1631 in
2177 1574 2363 1630 faciem
2397 1575 2636 1646 projecit.
2668 1573 2902 1641 Cumque
2947 1571 3159 1640 alligata
3202 1579 3333 1624 rota
3372 1567 3476 1637 igni
3502 1582 3635 1635 sup-

2067 1669 2240 1737 posito
2269 1678 2320 1724 et
2365 1669 2482 1722 fuso
2528 1667 2759 1733 desuper
2816 1665 2940 1720 oleo
2985 1671 3296 1725 terreretur,
3349 1674 3634 1729 erumpens

2065 1759 2276 1813 ﬂamma
2321 1758 2465 1812 mille
2511 1756 2792 1827 gentilium
2850 1752 3130 1808 interfecit.
3188 1751 3379 1806 lterum
3432 1748 3630 1805 carceri

2068 1851 2277 1915 tradita,
2309 1851 2501 1916 angelo
2532 1847 2778 1903 visitante
2807 1855 2989 1902 sanata
3015 1854 3096 1900 est
3142 1853 3197 1899 et
3237 1844 3430 1898 refecta
3456 1860 3471 1908 ;
3510 1841 3631 1896 dein

388 1930 521 1984 ferri
553 1928 789 1998 pondere
835 1928 1092 1995 inclusus,
1140 1930 1190 1982 in
1220 1944 1436 1984 carcere
1479 1930 1753 1998 horrifico,
1802 1941 1961 2001 atque

2075 1958 2183 1997 cum
2209 1957 2397 2011 magno
2428 1939 2538 1995 saxi
2569 1939 2799 2009 pondere
2842 1938 2892 1991 in
2924 1950 3069 1990 mare
3092 1934 3290 2005 jactata
3321 1974 3338 1999 ,
3395 1932 3632 2001 angelico

384 2022 442 2076 in
468 2020 610 2091 ligno
634 2031 889 2075 extensus
930 2029 1034 2086 est,
1068 2019 1153 2073 ubi
1187 2020 1255 2074 ab
1284 2019 1585 2074 hominibus
1614 2021 1826 2089 quidem
1862 2037 1957 2075 ue-

387 2116 613 2180 glectus,
638 2113 732 2167 sed
779 2112 846 2165 ab
873 2111 1116 2180 angelico
1159 2110 1367 2180 publice
1394 2118 1580 2181 pastus
1614 2120 1696 2166 est
1722 2129 1736 2179 ;
1767 2113 1961 2168 deinde

379 2214 655 2259 catenatus
694 2205 745 2257 in
793 2203 1036 2259 exsilium
1083 2201 1319 2257 directus
1360 2209 1464 2267 est,
1519 2202 1573 2256 in
1619 2218 1725 2272 quo
1751 2218 1957 2259 rursum

383 2296 581 2350 diutius
614 2295 835 2351 fustibus
865 2309 1055 2361 caesus,
1103 2305 1156 2349 et
1195 2309 1403 2349 rursum
1434 2295 1625 2363 ligatus
1656 2311 1683 2349 a
1719 2298 1954 2367 paganis,

384 2402 555 2440 caesus
580 2395 659 2441 est
691 2396 745 2441 et
777 2386 1103 2451 vulneratus,
1146 2397 1198 2440 et
1229 2385 1418 2441 iterum
1448 2386 1497 2440 in
1530 2400 1797 2442 carcerem
1821 2387 1954 2442 mis-

2070 2031 2313 2100 prwsidio
2363 2029 2579 2084 liberata
2633 2036 2735 2082 est.
2792 2024 2923 2080 Cum
2959 2034 3134 2078 autem
3188 2033 3403 2092 propter
3431 2022 3632 2076 scelera

2077 2132 2170 2181 sua
2200 2124 2348 2185 pater
2372 2116 2489 2185 ejus
2513 2115 2692 2170 fuisset
2712 2115 3023 2178 exstinctus,
3048 2125 3323 2167 successor
3350 2110 3466 2179 ejus
3500 2111 3633 2164 Dion

2066 2211 2247 2263 multis
2278 2223 2393 2264 eam
2441 2207 2714 2277 suppliciis
2756 2205 2962 2260 afﬂixit.
3009 2203 3306 2259 Novissime
3355 2216 3637 2257 successor

2067 2300 2325 2370 praedicti,
2356 2299 2598 2356 Julianus
2625 2302 2839 2354 nomine
2871 2339 2889 2364 ,
2938 2306 3056 2367 post
3084 2296 3349 2351 fornacem
3396 2295 3638 2349 canden-

2070 2402 2200 2455 tem,
2233 2392 2318 2446 ubi
2341 2392 2573 2461 quinque
2598 2391 2784 2445 diebus
2839 2389 3000 2443 illarsa
3034 2386 3352 2457 permansit,
3374 2396 3497 2454 post
3523 2399 3638 2439 ser-

377 2492 470 2530 sus
496 2519 509 2543 ,
534 2488 585 2533 et
613 2494 780 2532 caesus
814 2478 1122 2547 martyrium
1163 2477 1573 2542 consummavit,
1614 2478 1713 2531 sub
1750 2478 1960 2547 Vespa-
2062 2492 2249 2553 pentes
2270 2497 2296 2534 a
2317 2482 2552 2537 venefico
2574 2477 2974 2545 immissos,sed
2992 2479 3092 2532 llde
3107 2476 3308 2533 Christi
3334 2486 3636 2543 superatos,

379 2567 530 2621 siano
556 2569 787 2633 Czesare,
822 2567 1182 2622 Demosthene
1213 2567 1452 2634 patricio.
1475 2566 1629 2621 Rexit
1655 2565 1955 2623 Ecclesiam
2061 2581 2180 2642 post
2208 2571 2587 2626 abscissionem
2635 2571 2849 2640 linguai,
2880 2567 3084 2639 sagittis
3110 2582 3227 2621 eam
3274 2566 3468 2633 conligi
3495 2579 3640 2633 pra:-

378 2674 551 2712 annos
579 2660 759 2726 viginti
787 2669 932 2723 octo,
958 2659 1071 2712 dies
1101 2668 1346 2726 quatuor.

496 2792 509 2805 .
540 2752 609 2806 lx
639 2748 878 2807 KALEND.
912 2754 1145 2808 Aucusr.
1193 2749 1375 2804 Roma:
1413 2749 1588 2805 natale
1627 2753 1795 2805 sancti
1826 2752 1953 2808 Vin-

2065 2663 2245 2732 cepit,
2275 2662 2458 2729 sicque
2504 2659 2744 2730 martyrii
2789 2658 2871 2714 sui
2905 2671 3119 2713 cursum
3154 2654 3466 2723 complevit,
3495 2668 3639 2708 anno

2057 2752 2232 2808 aetatis
2257 2751 2553 2807 undecimo.
2579 2749 2781 2806 Eodem
2801 2749 2888 2804 die
2903 2746 3080 2818 vigilia
3097 2746 3154 2802 S.
3172 2745 3353 2801 Jacobi
3370 2742 3635 2814 Apostoli.

1611 2860 1833 2916 EDl'IlO
1873 2861 2346 2919 BOLLANDIANA
2359 2902 2372 2916 .

452 2952 543 3010 23.
585 2983 652 2995 -ο
689 2954 732 3008 Χ
775 2953 907 3007 ΚΑι..
947 2950 1133 3007 Natale
1158 2951 1216 3006 S.
1258 2950 1576 3022 Apollinaris
1622 2951 1854 3021 episcopi
1899 2951 1954 3007 in

383 3046 632 3101 Ravenna
666 3062 681 3098 :
712 3044 799 3114 qui
832 3043 1014 3097 Romae
1044 3042 1321 3097 ordinatus
1368 3051 1451 3097 est
1480 3041 1546 3095 ab
1586 3042 1826 3111 apostolo
1858 3042 1957 3098 Pe-

384 3150 466 3191 tro
495 3147 549 3191 et
574 3136 697 3190 illuc
724 3134 919 3188 missus
945 3142 1025 3188 est
1059 3149 1070 3185 :
1104 3134 1191 3201 qui
1222 3130 1381 3187 etiam
1423 3132 1475 3184 in
1520 3130 1735 3186 IEmilia
1768 3128 1956 3200 praedi-

2061 2968 2254 3017 czesus,
2283 2960 2339 3007 et
2379 2964 2589 3006 rursum
2633 2948 2688 3003 in
2716 2946 2970 3003 Ravenna
3001 2945 3190 3015 ligatus
3232 2958 3262 2998 a
3292 2941 3509 3013 paganis
3534 2956 3639 2998 cae-

2062 3060 2152 3101 sus
2198 3054 2252 3100 et
2295 3042 2624 3105 vulneratus,
2671 3049 2725 3094 et
2768 3052 2978 3093 rursum
3018 3036 3070 3090 in
3110 3049 3325 3090 carcere
3353 3035 3547 3089 missus
3582 3041 3641 3089 et

2062 3149 2233 3190 caesus
2278 3134 2358 3188 sic
2402 3130 2715 3201 martyrium
2742 3126 3135 3183 consummavit
3176 3125 3275 3180 sub
3311 3124 3639 3194 Vespasiano

384 3230 543 3293 cavit,
574 3239 627 3282 et
657 3229 706 3280 in
739 3226 974 3295 partibus
1002 3223 1395 3280 Corinthiorum
1425 3220 1544 3295 [D.,
1570 3222 1954 3289 Tlioritiorum,
1984 3257 2033 3320 ο
2063 3225 2294 3291 Caesare,
2344 3222 2705 3278 Demosthene
2749 3219 2989 3290 patricio.
3030 3215 3191 3273 Rexit
3218 3215 3513 3271 Ecclesiam
3540 3229 3635 3270 an-

386 3326 515 3392 {arte
552 3316 992 3388 (Zarintliioruml.
1023 3325 1077 3371 et
1124 3316 1177 3370 in
1205 3316 1366 3382 Mysia
1405 3315 1537 3369 etin
1580 3314 1696 3381 ripa
1736 3313 1959 3368 Danubii

382 3421 440 3468 et
464 3412 516 3466 in
549 3410 785 3478 partibus
815 3407 1090 3462 'l‘aracliize
1121 3405 1208 3479 [T.
1244 3405 1328 3470 L.,
1349 3402 1611 3475 Thracias]
1646 3423 1658 3457 :
1692 3405 1744 3458 in
1773 3405 1962 3473 quibus

386 3505 516 3559 locis
544 3501 731 3558 exsilio
762 3498 1023 3566 relegatus
1053 3505 1154 3552 est.
1210 3497 1272 3551 Et
1315 3496 1618 3563 ubicunque
1666 3494 1837 3563 potuit
1882 3496 1956 3549 in-

385 3608 634 3649 numeras
662 3593 886 3647 virtutes
933 3589 1080 3654 fecit,
1109 3595 1162 3642 et
1204 3587 1477 3654 passiones
1516 3586 1762 3640 sustinuit
1794 3603 1807 3638 :
1841 3599 1961 3639 nam

384 3683 545 3740 nimia
595 3698 715 3736 cum
765 3679 911 3735 cmde
957 3684 1222 3731 mactatus
1270 3686 1373 3742 est,
1424 3683 1475 3729 et
1521 3688 1729 3729 rursum
1768 3673 1964 3728 diutius
2064 3673 2161 3763 ,ιρ

384 3774 609 3828 fustibus
655 3786 844 3835 caesus,
895 3783 957 3824 ac
1004 3768 1158 3822 nudis
1200 3765 1419 3836 pedibus
1448 3779 1606 3833 super
1637 3777 1831 3834 prunas
1855 3764 1954 3817 im-

388 3865 611 3933 positus,
641 3874 693 3916 et
719 3861 945 3931 equuleo
987 3873 1255 3927 appensus
1303 3866 1481 3911 tensus
1508 3864 1609 3920 est,
1649 3862 1704 3909 et
1741 3868 1870 3908 saxo
1898 3867 1958 3908 os

388 3954 504 4026 ejus
534 3963 813 4007 contusum
842 3958 944 4017 est,
976 3959 1030 4001 ct
1057 3962 1175 4002 cum
1216 3945 1533 4015 gravissimo
1573 3945 1694 3999 ferri
1725 3942 1959 4012 pondere

386 4042 625 4098 inclusus
671 4054 885 4095 carcere
934 4036 1173 4091 horribili
1221 4046 1377 4105 atque
1428 4035 1479 4090 in
1519 4035 1660 4105 ligno
1711 4042 1961 4089 extensus

383 4140 493 4197 est,
522 4129 547 4157 ⁸
580 4130 667 4185 ubi
723 4129 1026 4183 hominibus
1067 4126 1279 4197 quidem
1325 4126 1615 4196 neglectus,
1647 4122 1741 4178 sed
1774 4125 1839 4178 ab
1866 4140 1960 4180 au-

386 4224 506 4293 gelo
529 4223 743 4293 publice
764 4236 948 4290 passus
978 4228 1080 4277 est.
1109 4216 1137 4255 δ
1174 4218 1375 4274 Deinde
1403 4224 1679 4271 catenatus
1707 4224 1762 4269 et
1790 4217 1843 4269 in
1873 4230 1965 4269 ex-

384 4316 563 4369 silium
607 4314 839 4369 directus
884 4321 987 4379 est,
1034 4312 1088 4366 in
1133 4325 1238 4381 quo
1284 4323 1492 4363 rursum
1519 4306 1715 4361 diutius
1747 4305 1968 4361 fustibus

2065 3318 2151 3372 uls
2176 3314 2361 3384 viginti
2386 3313 2503 3369 dies
2530 3321 2672 3368 octo.

2138 3428 2213 3482 Ita
2255 3426 2318 3485 D.
2350 3428 2445 3489 Ast
2474 3427 2530 3481 Β.
2560 3423 2622 3480 C.
2663 3424 2730 3479 A.
2773 3423 2862 3486 'l'..
2892 3420 3058 3477 Annis
3086 3419 3270 3490 viginti
3298 3427 3418 3490 octo
3444 3427 3498 3473 et
3524 3417 3641 3473 dies

2065 3508 2314 3568 quatuor.
2335 3497 2422 3568 V.,
2450 3497 2619 3551 Annis
2646 3495 2857 3564 triginta
2884 3503 2941 3549 et
2965 3504 3108 3548 octo.
3134 3489 3218 3558 L.,
3250 3489 3419 3545 Annis
3451 3490 3639 3545 decem

2066 3567 2122 3624 et
2148 3576 2268 3622 octo
2297 3576 2350 3623 et
2372 3567 2559 3621 diebus
2586 3574 2833 3635 quatuor.

2137 3638 2199 3692 (Ξ.
2234 3636 2321 3703 ν..
2370 3637 2551 3691 Roma:
2577 3627 2619 3666 θ’
2647 3632 2930 3688 Vincentii.
2979 3630 3164 3687 Natale
3209 3628 3498 3685 Primitivi.
3542 3627 3642 3697 Β..

2166 3708 2425 3762 rimitivse.

2131 3818 2220 3876 24.
2239 3848 2307 3861 -—
2327 3818 2398 3874 IX
2421 3816 2556 3874 Kac.
2578 3815 2762 3873 Natale
2783 3815 2841 3873 S.
2876 3818 2902 3849 ⁶
2922 3813 3234 3871 Christianae
3252 3811 3370 3883 (sic)
3399 3811 3642 3881 virginis.

2133 3934 2198 3989 A.
2238 3934 2302 3988 Τ.
2345 3933 2430 3998 L.,
2464 3938 2759 3997 praenotant
2800 3931 2855 3983 in
2895 3930 3092 3983 civitate
3129 3927 3290 3998 Tyro.
3336 3926 3399 3980 C.
3442 3925 3541 3998 Δν..
3583 3924 3643 3979 lu

2062 4005 2279 4060 Am.....
2311 4004 2369 4058 S.
2406 3995 2426 4039 ί
2460 3995 2734 4055 Victorini.
2762 4001 2819 4053 Β.
2851 4000 2915 4053 A.
2944 3999 3006 4052 Τ.
3040 3998 3123 4061 L.,
3152 3995 3207 4050 lii
3239 3995 3489 4049 Armenia
3520 4008 3646 4061 pas-

2062 4076 2146 4130 sio
2191 4072 2290 4129 SS.
2332 4071 2626 4135 Theozoui,
2663 4069 2910 4133 Victoris,
2951 4078 3005 4121 et
3042 4064 3284 4138 Militaris
3312 4064 3423 4138 [B.,
3455 4064 3648 4138 Milite-

2070 4142 2175 4215 nis]
2209 4161 2222 4196 :
2249 4144 2337 4212 qui
2371 4145 2532 4215 multa
2565 4150 2825 4215 tormenta
2855 4139 2994 4215 passi
3032 4146 3173 4190 sunt.
3210 4135 3409 4188 llorum
3442 4135 3645 4215 primus

2070 4206 2223 4267 abest
2266 4206 2297 4266 ξ
2345 4227 2445 4267 ωε.
2489 4210 2551 4264 1...
2598 4211 2724 4265 Sola
2758 4208 2990 4278 regionis
3016 4216 3070 4261 et
3096 4214 3391 4275 martyrum
3429 4206 3647 4261 nomina

2071 4291 2338 4352 ponuntur
2367 4283 2418 4336 in
2450 4282 2510 4336 Β.

1813 4418 1976 4473 ΜΙἸῊ
2015 4418 2240 4476 ΝΟΤΙΕ.

1813 4419 1881 4473 Ml
2015 4418 2057 4472 Ν
2155 4418 2240 4476 [Ε.

453 4528 481 4557 ι
514 4516 689 4572 Verba
716 4514 799 4568 ubi
822 4513 1041 4580 homirn,
1067 4522 1196 4576 etc.,
1220 4525 1385 4579 usque
1412 4509 1477 4564 ad
1503 4525 1665 4580 caesus
1691 4420 1807 4565 oms.
1831 4418 2042 4569 L.THD
2062 4418 2340 4575 (diiuncta,
2371 4523 2650 4564 successor
2680 4507 2797 4578 ejus
2828 4506 2962 4580 Dion
2993 4505 3174 4580 multis
3211 4502 3412 4580 iterum
3441 4502 3649 4580 suppli-

456 4587 483 4626 δ
517 4586 688 4641 Verba
725 4583 984 4638 Deinde...
1012 4579 1233 4636 directus
1261 4590 1335 4634 est
1360 4596 1467 4632 om.
1500 4579 1567 4633 A.

459 4669 483 4699 ο
524 4656 795 4712 Vincentii.
847 4654 1028 4707 Romae
1076 4652 1156 4705 via
1204 4651 1498 4706 Tiburtina.
1546 4650 1621 4704 De
1668 4663 1772 4717 quo
1812 4650 1963 4704 Bazda

386 4730 530 4797 vnlg.
566 4726 820 4797 Usnard.,
847 4725 983 4797 Ado,
1007 4723 1261 4797 Raronius
1286 4722 1480 4797 aliique
1509 4719 1760 4797 postridie
1781 4730 1962 4788 agunt.

459 4788 506 4834 ιΓ
524 4788 815 4849 Primitivus.
855 4795 947 4847 Via
992 4793 1189 4846 Accnla
1239 4788 1407 4861 passie
1445 4791 1594 4859 juxta
1625 4788 1913 4845 Notkerum
1947 4806 1962 4845 :

391 4870 493 4929 Atii
525 4867 705 4920 Romae
737 4866 899 4918 solius
928 4860 1247 4917 mentionem
1280 4860 1498 4914 faciunt.

463 4950 487 4978 ο
518 4934 807 4990 Christince.
834 4933 889 4987 ln
920 4934 1107 4987 Tuscia
1137 4932 1273 4999 apud
1306 4932 1573 5001 civitatem
1600 4929 1822 5001 Tyrum,
1846 4943 1966 4997 qute

388 5021 472 5063 est
492 5007 639 5074 juxta
668 5006 836 5058 lacum
859 5004 1155 5074 vulsinum,
1181 5015 1370 5070 passae.
1394 5000 1491 5067 Qui
1521 5000 1784 5074 in__tenera
1806 5011 1964 5074 aetate

388 5069 583 5132 Christi
634 5076 737 5129 fide
784 5071 1113 5138 confirmata,
1158 5069 1287 5125 deos
1331 5085 1523 5123 aureos
1574 5069 1771 5123 Urbani
1805 5070 1965 5133 patris

392 5152 473 5203 sui
507 5145 738 5215 prafeei
767 5141 1017 5215 contrivit
1037 5142 1431 5215 etpauperibus
1452 5139 1849 5215 distribuit._0b_
1866 5140 1966 5194 hoc

386 5208 607 5291 jnbe'nte
651 5224 798 5281 patre
842 5212 1009 5291 alapis
1055 5210 1271 5276 afﬂicta,
1323 5210 1634 5291 verberibus
1689 5208 1963 5291 «inlaudata,

390 5278 534 5344 ferro
580 5278 820 5343 onerata,
869 5278 1231 5335 incarcerem
1279 5278 1517 5348 conjecta
1564 5288 1665 5333 est.
1700 5278 1825 5331 Post
1854 5282 1968 5333 hinc

390 5376 510 5414 cum
542 5354 837 5409 diutissime
860 5361 912 5404 et
934 5351 1301 5404 crudelissime
1324 5350 1689 5413 dilaniaretur,
1714 5350 1779 5401 de
1806 5362 1967 5404 carne

389 5446 485 5485 sua
537 5426 669 5495 patri
723 5424 772 5495 in
821 5420 1006 5495 faciem
1037 5420 1274 5495 projecit.
1309 5420 1545 5495 Cumque
1582 5419 1792 5487 alligata
1838 5430 1966 5473 rotae

391 5500 496 5568 igni
527 5489 799 5568 supposito
827 5492 1017 5568 (ξι-[υεο
1038 5490 1267 5568 desuper
1306 5489 1426 5568 oleo
1456 5499 1766 5568 terreretur,
1791 5504 1968 5542 crum-

390 5556 523 5637 p'ens
551 5556 773 5637 (lautitia
786 5562 929 5616 mille
950 5556 1225 5637 gentilium
1255 5559 1539 5612 interfecit.
1573 5556 1767 5637 lterum
1792 5568 1967 5611 autem

391 5627 592 5691 S-arceri
643 5633 874 5695 tradita,
926 5627 992 5684 ab
1040 5629 1230 5698 angelo
1282 5638 1462 5681 sanata
1514 5638 1569 5682 et
1615 5627 1812 5682 refecta
1865 5640 1969 5682 est.

394 5705 595 5760 Deinde
641 5718 762 5755 cum
815 5715 1011 5771 magno
1047 5700 1161 5754 saxi
1206 5698 1440 5771 pondere
1482 5698 1539 5752 in
1580 5713 1727 5753 mare
1754 5700 1968 5771 jactata,

397 5774 631 5845 angelico
671 5768 927 5840 prrsidio'
963 5770 1181 5825 liberata
1228 5779 1327 5824 est.
1370 5768 1558 5837 Quam,
1606 5776 1753 5838 patre
1799 5768 1972 5827 subito

2069 4582 2164 4635 ciis
2208 4572 2393 4634 afflixit
2423 4599 2433 4633 :
2464 4581 2557 4634 sed
2606 4572 2793 4634 orante
2841 4578 2950 4635 illa.
2997 4575 3340 4629 simulacrum
3382 4572 3649 4641 Apollinis

2070 4665 2226 4720 quem
2256 4651 2476 4720 adorare
2503 4650 2807 4715 jubebatur,
2833 4645 3142 4720 iufavillam
3171 4646 3347 4720 subito
3374 4644 3646 4720 redactum

2072 4713 2173 4775 est.
2225 4722 2342 4786 Quo
2386 4713 2643 4774 miraculo
2693 4720 2788 4772 tria
2836 4716 3001 4769 millia
3048 4714 3317 4786 hominum
3359 4713 3429 4786 ad
3486 4714 3643 4766 [idem

2069 4784 2265 4844 Christi
2294 4805 2551 4845 conversa
2591 4798 2733 4842 sunt.
2764 4788 3081 4849 Novissime,
3110 4784 3275 4837 Dione
3300 4784 3460 4837 etiam
3499 4797 3648 4836 moro

2073 4868 2182 4925 tuo,
2239 4875 2405 4914 novus
2454 4858 2732 4927 praefectus
2779 4857 3019 4912 Julianus
3046 4854 3480 4927 postfornacem
3517 4867 3650 4905 can~

2071 4923 2304 4990 dentem.
2348 4923 2470 4998 post
2511 4938 2784 4996 serpentes
2819 4941 2854 4998 7a
2880 4926 3135 4998 venefico
3181 4923 3481 4998 immissos,
3531 4931 3653 4998 post

2072 4992 2451 5053 abscissionem
2483 4992 2693 5067 linguie,
2721 4996 2922 5067 sagittis
2960 5010 3077 5067 eam
3117 4993 3309 5067 conligi
3352 4992 3649 5067 praecepit:

2073 5071 2254 5136 sicque
2299 5084 2513 5123 cursum
2556 5061 2807 5139 inartyrii
2846 5066 2926 5139 sui
2972 5066 3119 5139 beata
3170 5063 3318 5130 virgo
3360 5061 3647 5139 complevit

2072 5131 2212 5193 anno
2252 5141 2423 5193 aetatis
2458 5154 2569 5194 sua;
2597 5131 2821 5191 decimo.
2866 5135 3000 5198 Aoo,
3029 5135 3271 5186 NOTKER.
3300 5140 3354 5184 et
3380 5131 3521 5184 circa
3548 5145 3651 5183 an.

2075 5225 2199 5263 num
2245 5209 2376 5264 287.
2407 5210 2611 5276 Corpus
2656 5222 2828 5261 autem
2875 5205 2996 5276 ejus
3035 5204 3266 5276 delatum
3312 5199 3561 5276 Venetia:
3590 5201 3649 5254 in

2075 5281 2457 5333 monasterium
2485 5272 2540 5333 S'.
2567 5279 2722 5331 Marci
2750 5281 2817 5328 ah
2845 5274 3029 5328 incolis
3055 5273 3175 5335 loci,
3208 5287 3347 5324 nunc
3372 5272 3654 5335 quiescere

2074 5352 2399 5417 perhibetur.
2451 5351 2615 5401 Perit.
2664 5362 2730 5400 ne
2777 5345 2980 5417 Navita.
3017 5344 3226 5417 Corpus
3264 5342 3323 5395 S.
3364 5340 3653 5417 Christi"?

2074 5410 2321 5473 l’anormi
2374 5419 2425 5471 in
2474 5417 2653 5471 Sicilia
2696 5415 2956 5469 asservari
2999 5410 3213 5475 dicitur,
3260 5425 3358 5464 nec
3394 5412 3553 5464 aliam
3580 5410 3654 5466 ab

2074 5487 2174 5542 hac
2202 5503 2322 5543 esse
2352 5488 2583 5541 tradunt.
2618 5487 2814 5540 Banos.
2845 5485 2896 5537 in
2927 5482 3076 5536 Notis
3102 5483 3167 5535 ad
3201 5481 3468 5549 Martyrol.

2145 5557 2165 5597 ί
2206 5557 2473 5613 Victorini.
2524 5557 2578 5609 In
2616 5555 2943 5609 Auiiternina
2984 5553 3199 5607 civitate
3229 5550 3477 5604 milliario
3499 5560 3655 5605 octo—

2107 5630 2276 5684 esimo
2307 5631 2463 5682 tertio
2492 5628 2561 5680 ab
2587 5626 2720 5680 urbe
2749 5624 2940 5687 Roma,
2961 5623 3047 5675 via
3083 5622 3306 5692 Salaria,
3325 5620 3654 5692 ‘Hierouymi

2107 5644 2276 5684 esimo
2307 5644 2463 5682 lerllo
2492 5644 2561 5680 au
2587 5644 2720 5680 urue
2749 5644 2940 5687 noma,
2962 5644 3047 5675 VIa
3083 5644 3306 5682 Damna,
3339 5644 3551 5692 nieruuj

2071 5644 2341 5771 ξιπιγτοι.
2386 5698 2518 5753 Eum
2554 5695 2739 5752 Roma:
2768 5706 2979 5765 passum
3008 5691 3195 5750 scribit
3221 5688 3502 5747 Notkerus.
3548 5694 3551 5695 ⁷
