3940 6188
972 340 975 343 ,
988 315 1032 337 π

296 362 405 423 985

1484 364 1674 423 SECT.
1706 363 1769 420 ll.
1800 394 1869 406 —-
1892 364 2441 425 MARTYROLOGIA.

3455 364 3558 424 386

1584 476 1806 532 EDITIO
1831 475 2287 536 COLONIENSIS.

368 568 428 624 C.
466 567 571 621 VIII
620 566 857 621 Κλιειω.
911 565 1145 622 Aucusr.
1194 562 1385 625 Natale
1430 564 1488 622 S.
1531 564 1709 620 Jacobi
1754 581 1877 633 apo-
1906 572 1954 624 Δ
1985 574 2089 633 tus,
2121 580 2273 624 aceto
2295 575 2349 623 et
2375 567 2559 635 sinape
2589 563 2831 635 perfusus
2851 572 2951 618 est.
2980 561 3221 633 Cumque
3262 561 3458 619 illasus
3488 564 3557 619 ab

294 662 442 726 stoli,
478 659 564 712 [Ilii
597 657 860 712 Zebedmi.
896 657 950 711 In
976 655 1180 719 Cilicia,
1208 658 1419 712 civitate
1445 658 1666 723 Samon,
1701 657 1878 713 natale

297 746 470 803 sancti
522 744 888 812 ChristOpltnri
941 747 1221 817 martyris,
1265 749 1352 814 qui
1398 747 1497 801 sub
1544 746 1725 817 Dagno
1752 761 1877 816 rege

293 838 458 907 virgis
489 836 673 891 ferreis
712 835 922 889 attritus
947 879 962 904 ,
1007 850 1037 889 a
1084 836 1310 891 ﬂammis
1337 839 1607 891 aestuantis
1646 836 1876 892 incendii

294 928 491 983 Christi
539 929 732 981 virtute
759 929 994 982 salvatus
1023 938 1140 993 est,
1172 928 1236 981 ad
1285 929 1522 982 ultimum
1561 929 1871 998 sagittarum

294 1019 489 1074 ictibus
528 1016 835 1081 confossus,
878 1017 1186 1086 martyrium
1235 1017 1422 1085 capitis
1466 1018 1873 1072 obtruncatione

297 1106 604 1175 complevit.
633 1104 687 1159 In
717 1103 1239 1172 Hispaniis,civitate
1270 1104 1582 1169 Barcinooa,
1608 1106 1781 1159 natale
1809 1106 1870 1160 S.

294 1198 622 1266 Cucuphatis
644 1198 915 1267 martyris,
945 1196 1032 1265 qui
1056 1211 1124 1251 ex
1148 1196 1359 1250 civitate
1384 1196 1657 1251 Scillitana
1688 1197 1871 1250 oriun-

301 1290 404 1344 dus
433 1288 551 1355 fuit,
583 1299 638 1344 et
669 1289 979 1343 Barcinona:
1020 1289 1120 1343 sub
1148 1288 1359 1343 Galerio
1385 1298 1435 1344 et
1472 1289 1795 1344 Maximiano
1821 1298 1875 1345 et

295 1381 491 1435 Ruﬁno
520 1396 728 1449 passus,
761 1381 933 1450 primo
963 1382 1276 1450 gravissime
1305 1390 1471 1436 tortus
1495 1392 1549 1435 et
1571 1396 1742 1435 caesus
1768 1392 1869 1449 est,

296 1474 424 1529 dein
469 1473 674 1527 catenis
720 1473 998 1538 astrictus,
1044 1471 1097 1526 in
1142 1471 1391 1527 craticula
1443 1472 1655 1539 insuper
1694 1481 1878 1525 exten-

1986 657 2109 728 igue
2150 658 2511 727 apparuisset,
2562 657 2750 710 iterum
2808 654 2948 709 ferro
2990 653 3234 721 vinctus,
3280 653 3332 707 in
3376 662 3560 706 custo-

1980 748 2120 802 diam
2152 760 2391 803 retrusus
2419 755 2533 809 est;
2564 747 2653 800 ubi
2684 746 2863 799 divino
2901 744 3184 812 Splendore
3231 744 3556 805 consolatur,

1980 846 2035 891 et
2085 848 2209 893 tunc
2257 838 2433 893 nervis
2482 836 2670 891 ferreis
2715 846 2770 890 et
2817 836 3040 889 taurinis
3085 833 3450 888 crudelissime
3478 841 3560 887 est

1979 943 2169 982 caesus.
2205 929 2259 982 In
2287 929 2471 983 ultimo
2498 929 2693 983 dictata
2716 936 2800 984 est
2821 926 3082 980 sententia
3108 943 3122 978 :
3148 943 3167 976 ι
3196 925 3556 991 Cucuphatem

1979 1018 2230 1074 rebellem
2250 1019 2426 1089 gladio
2448 1019 2604 1075 ferire
2621 1020 2890 1089 juhemus.
2920 1036 2939 1071 ι
2962 1018 3125 1090 Cujus
3144 1033 3336 1087 corpus
3357 1032 3386 1071 a
3406 1018 3561 1073 Chri-

1980 1110 2171 1165 stianis
2198 1111 2475 1177 sepelitur.

2055 1201 2119 1254 D.
2154 1200 2241 1255 VII
2272 1201 2511 1256 Kscsso.
2544 1202 2780 1255 Aucus'r.
2818 1200 3000 1255 Natale
3028 1201 3174 1257 beati
3202 1200 3433 1269 Herasti,
3463 1199 3559 1271 qui

1983 1288 2243 1360 Philippis
2269 1306 2299 1345 a
2329 1292 2485 1346 beato
2516 1290 2683 1345 Paulo
2710 1292 2994 1359 episcopus
3034 1292 3247 1345 relictus
3273 1332 3289 1356 ,
3319 1292 3387 1346 ibi
3412 1306 3557 1344 mar-

1932 1458 1941 1465 .
1983 1379 2119 1450 tyrio
2144 1391 2429 1435 coronatus
2457 1380 2677 1449 quievit.
2714 1380 2895 1435 Romae
2923 1381 2973 1434 in
3000 1391 3153 1449 portu
3182 1382 3427 1448 lacincti,
3458 1382 3558 1436 sub

1983 1470 2252 1524 consulari
2296 1470 2540 1537 Leontio,
2589 1470 2847 1536 Luxuria,
2893 1470 3064 1542 primo
3102 1471 3328 1526 civitatis
3355 1472 3561 1527 Terra-

1557 1561 1781 1617 EDITIO
1813 1560 2278 1617 BOLLANDIANA
2290 1601 2303 1614 .

368 1655 460 1711 25.
489 1686 560 1696 -—
589 1654 701 1710 VIII
744 1653 881 1709 ΚΜ..
924 1652 1112 1709 Natale
1155 1652 1216 1710 S.
1258 1652 1441 1708 Jacobi
1487 1652 1745 1722 apostoli,
1784 1651 1882 1708 Ze-

299 1748 525 1894 Μξῗίᾖι
554 1837 741 1892 Florus
768 1838 820 1891 in
848 1836 912 1891 Τ.
944 1847 995 1890 ει
1026 1835 1113 1902 L.,
1144 1834 1351 1890 Fratris
1395 1833 1618 1890 Joannis
1658 1847 1885 1904 evangeo

1988 1658 2043 1706 et
2090 1665 2118 1704 a
2169 1649 2426 1706 militibus
2467 1650 2778 1721 sagittarum
2825 1651 3016 1705 ictibus
3044 1650 3288 1721 pulsatus
3323 1658 3425 1705 est.
3459 1648 3563 1705 Sed

1990 1742 2199 1813 sagittis
2227 1758 2256 1796 a
2285 1742 2488 1797 dextris
2517 1740 2633 1811 ejus
2657 1751 2711 1797 et
2739 1756 2768 1795 a
2794 1741 3024 1795 sinistris
3049 1741 3342 1809 suspensis,
3374 1755 3477 1794 una
3498 1756 3565 1795 ex

1989 1835 2069 1890 eis
2090 1835 2237 1889 velut
2267 1834 2406 1888 venti
2436 1832 2651 1887 flamine
2687 1841 2886 1887 retorta
2913 1874 2926 1893 .
2957 1834 3008 1886 in
3039 1832 3247 1886 oculum
3282 1831 3443 1901 Dagni
3472 1846 3566 1898 pe-

293 1931 453 1995 listaz,
480 1930 631 1998 cujus
674 1928 975 1996 passionem
1008 1934 1032 1961 ³
1060 1926 1313 1981 Clemens
1361 1925 1751 1979 Alexandrinus
1788 1926 1882 1980 de-
1910 1963 1960 2026 Β
1990 1925 2240 1991 netravit,
2272 1925 2455 1995 sicque
2490 1926 2611 1977 data
2642 1925 2903 1978 sententia
2932 1922 3098 1977 isdem
3144 1921 3339 1977 athleta
3369 1921 3566 1976 Christi

292 2020 573 2076 scribens:
617 2036 634 2070 ι
675 2020 737 2071 Et
769 2017 834 2083 is,
865 2017 1057 2085 inquit,
1088 2016 1175 2086 qui
1203 2015 1465 2069 obtulerat
1486 2030 1606 2069 eum
1627 2058 1643 2082 ,
1672 2013 1698 2051 ι’
1727 2014 1882 2069 Jaco-

292 2117 418 2171 bum
450 2114 676 2175 scilicet,
702 2111 871 2181 judici
904 2111 969 2164 ad
998 2109 1308 2178 martyrium
1328 2153 1343 2177 ,
1372 2118 1546 2162 motus
1576 2107 1733 2161 etiam
1765 2108 1879 2176 ipse

292 2207 573 2261 confessus
603 2215 683 2259 est
710 2219 767 2257 se
815 2217 935 2258 esse
970 2201 1339 2255 christianum.
1381 2219 1399 2251 ι
1440 2200 1589 2253 Ducti
1621 2208 1746 2252 sunt
1775 2188 1878 2253 aui-

294 2305 401 2350 teni
434 2294 596 2350 ambo
622 2296 818 2362 pariter
849 2292 914 2345 ad
938 2292 1274 2361 supplicium.
1303 2290 1507 2345 Etcum
1531 2290 1877 2358 ducerentur,

294 2386 348 2440 in
383 2386 464 2437 via
510 2383 716 2449 rogavit
763 2380 1021 2436 Jacobum
1064 2380 1192 2434 dare
1241 2379 1340 2434 sibi
1381 2379 1769 2434 remissionem.
1813 2381 1883 2435 At

293 2477 385 2531 ille
411 2489 697 2544 parumper
714 2473 1040 2533 deliberans,
1074 2490 1092 2524 ι
1121 2471 1225 2525 Pax
1251 2470 1366 2536 tibi,
1395 2491 1413 2522 ι
1441 2471 1626 2541 ἰηψ-ἰῑ,
1650 2479 1705 2526 ει
1726 2485 1883 2525 oscu-

293 2567 431 2622 latus
461 2576 543 2621 est
571 2581 691 2618 eum
719 2582 730 2617 :
754 2572 808 2618 et
840 2563 910 2616 ita
941 2562 1099 2617 ambo
1128 2562 1287 2616 simul
1327 2562 1497 2629 capite
1549 2561 1689 2629 plexi
1732 2569 1881 2616 sunt.

366 2657 509 2710 Idem
543 2653 730 2708 Florus
759 2652 809 2705 in
842 2653 905 2706 A.
932 2660 986 2705 et
1012 2650 1101 2716 T.,
1131 2649 1332 2703 Eodem
1362 2649 1446 2704 die
1484 2650 1535 2702 in
1566 2648 1725 2718 Lycia
1754 2649 1884 2703 civi-

296 2756 406 2801 tate
434 2745 635 2800 Samnn
667 2742 843 2796 natale
866 2741 924 2797 S.
961 2752 983 2780 ο
1016 2739 1407 2809 ChristOphori.
1435 2740 1580 2794 Idem
1609 2741 1800 2811 legitur
1827 2741 1880 2795 in

300 2838 389 2902 8.,
419 2846 473 2892 et
497 2834 667 2904 pergit
695 2834 866 2888 solum
896 2834 986 2895 T.,
1018 2832 1118 2899 Qui
1139 2832 1289 2901 jussu
1321 2833 1481 2902 Dagni
1516 2834 1653 2902 regis
1682 2832 1735 2888 in
1758 2848 1878 2888 car-

297 2943 422 2984 cere
465 2927 739 2991 reclusus,
772 2925 982 2979 Niceam
1010 2932 1066 2979 et
1103 2923 1404 2993 Aquilinam
1427 2964 1442 2988 ,
1475 2939 1606 2993 quas
1653 2925 1765 2994 ipse
1799 2936 1886 2996 ty-

294 3032 493 3075 rannus
526 3017 589 3070 ad
623 3015 986 3069 seducendum
1034 3028 1155 3067 eum
1202 3014 1439 3077 miserat,
1474 3014 1544 3067 ita
1575 3018 1881 3083 convertit,

299 3117 357 3162 ut
388 3108 524 3161 idola
553 3104 700 3161 Jovis
726 3114 779 3160 et
808 3102 1104 3173 Apollinis,
1138 3118 1255 3171 qua:
1288 3113 1412 3158 ante
1456 3104 1743 3171 colebant,
1779 3106 1882 3162 ﬁde

300 3197 505 3254 Christi
554 3197 844 3260 ferventes,
886 3194 1035 3248 zonis
1068 3194 1181 3247 suis
1208 3193 1363 3262 ligata
1410 3194 1476 3249 ad
1528 3205 1722 3251 terram
1754 3212 1884 3267 pro-

301 3296 623 3342 sternerent.
676 3283 867 3352 Unde,
924 3283 1263 3353 prazcipieute
1311 3284 1529 3355 Dagno,
1581 3288 1747 3343 altera
1802 3298 1883 3346 est

296 3378 556 3434 membrls
603 3376 863 3443 disrupta,
912 3376 1078 3430 altera
1126 3376 1290 3444 stipiti
1339 3391 1619 3447 suspensa,
1677 3389 1733 3435 et
1773 3385 1884 3453 igni

303 3472 582 3542 apposita,
626 3484 689 3524 ac
733 3468 928 3523 deinde
971 3467 1148 3538 gladio
1189 3468 1471 3524 trucidata.
1502 3470 1728 3526 Sanctus
1757 3489 1886 3531 vero

298 3562 761 3630 ChristOpliorus,
810 3560 979 3630 ligatis
1023 3560 1266 3615 manibus
1317 3573 1372 3616 et
1412 3562 1669 3631 pedibus,
1721 3567 1885 3637 virgis

301 3652 493 3707 ferro-is
520 3665 712 3714 οωευε,
747 3650 941 3704 deinde
986 3651 1037 3705 in
1076 3664 1295 3705 scamno
1337 3652 1544 3716 ferreo,
1585 3665 1640 3709 et
1683 3656 1735 3711 in
1765 3658 1889 3727 igne

292 3742 399 3796 olei
434 3741 642 3811 liquore
662 3738 946 3811 superfuso
973 3740 1209 3809 positus;
1241 3741 1363 3795 hinc
1390 3744 1559 3812 stipiti
1589 3760 1885 3815 appensus,

1985 2016 2161 2083 capite
2190 2016 2378 2084 plexos
2422 2022 2527 2068 est.
2557 2015 2680 2067 Post
2709 2013 2861 2082 cujus
2888 2013 3295 2067 deeollationem
3326 2012 3439 2081 ipse
3465 2011 3568 2065 Da-

1983 2120 2122 2173 gnus
2165 2105 2229 2158 ad
2280 2104 2583 2173 sepulcrum
2625 2104 2743 2172 ejus
2783 2104 2947 2159 altera
2990 2103 3077 2158 die
3106 2103 3346 2167 veniens,
3377 2116 3571 2157 secun-

1990 2196 2117 2250 dum
2148 2194 2553 2263 promissionem
2588 2193 2755 2261 ipsius
2796 2194 3045 2263 martyris
3070 2200 3127 2248 et
3150 2192 3289 2247 oculi
3314 2192 3396 2246 sui
3426 2192 3569 2245 sani-

1987 2298 2148 2342 tatem
2193 2286 2434 2353 recepit,
2466 2294 2521 2340 et
2570 2283 2850 2356 magniﬁce
2898 2282 3066 2339 Dcitm
3108 2283 3167 2338 S.
3196 2280 3566 2351 Christopbori

1987 2379 2328 2450 gloriﬁcavit.

2053 2491 2115 2546 L.
2143 2489 2207 2545 C.
2235 2487 2296 2543 ν.
2330 2488 2661 2557 simpliciter_
2690 2502 2890 2542 nomen
2918 2484 3288 2557 intristopItori
3326 2485 3426 2543 hoc
3476 2484 3567 2543 die

1986 2561 2182 2617 habent
2209 2578 2221 2613 :
2250 2560 2335 2615 cui
2361 2555 2508 2614 addit
2536 2558 2597 2613 V.
2634 2555 2699 2611 In
2729 2569 2878 2627 portu
2901 2556 2962 2613 S.
2986 2558 3208 2611 Acontii.

2058 2671 2312 2741 Ejusdem
2346 2670 2491 2725 Flori
2521 2683 2643 2723 esse
2671 2667 2883 2723 videtur
2906 2668 2957 2721 in
2986 2666 3047 2721 Τ.
3081 2677 3136 2722 ει
3176 2666 3263 2733 L.,
3293 2665 3348 2721 In
3392 2666 3570 2721 Barci-

1985 2778 2123 2819 nona
2148 2762 2361 2816 civitate
2381 2760 2440 2815 S.
2471 2759 2498 2799 ἀ
2523 2758 2848 2827 Cucupbatis
2896 2757 3166 2828 martyris.
3207 2758 3270 2811 Et
3311 2755 3373 2813 8.
3401 2761 3426 2790 ⁸
3456 2755 3566 2810 Eu-

1987 2851 2181 2924 tyciani
2216 2865 2364 2921 papae
2394 2858 2446 2905 et
2475 2847 2727 2917 martyris
2761 2865 2774 2900 :
2805 2847 2895 2916 qui
2944 2862 3065 2901 cum
3120 2845 3414 2901 Ecclesiam
3461 2845 3568 2900 Ro—

1987 2957 2198 2997 manam
2220 2942 2374 2995 annis
2398 2941 2584 3011 viginti
2607 2940 2695 3012 [ι.
2714 2956 2816 2993 om.
2842 2937 3053 3010 viginti]
3073 2948 3193 2994 octo
3214 2945 3334 3007 post
3353 2936 3565 2992 Petrum

1987 3034 2252 3101 rexisset,
2300 3040 2568 3088 trecentos
2596 3031 2941 3101 quadraginta
2969 3033 3106 3086 duos
3147 3041 3410 3101 martyres
3440 3046 3567 3098 pro-

1988 3124 2118 3192 priis
2161 3124 2406 3179 manibus
2455 3122 2735 3193 sepelivit,
2767 3136 3061 3193 passusque
3117 3131 3201 3178 est
3251 3122 3564 3194 martyrium

1991 3213 2320 3285 temporibus
2348 3211 2640 3268 Aureliani.

1918 3327 1966 3392 ο
2066 3352 2156 3412 Α..
2187 3351 2304 3421 Ipso
2327 3350 2415 3406 die
2442 3349 2701 3421 depositio
2731 3348 2815 3414 8.,
2838 3345 2859 3387 ι
2890 3346 3076 3404 Judoci
3121 3345 3320 3421 egregii
3358 3347 3570 3403 confus-

1994 3424 2175 3476 soris:
2205 3420 2289 3476 cui
2322 3420 2638 3487 astipulatur
2685 3420 2822 3473 inter
2870 3427 3093 3473 cteteras
3138 3420 3395 3481 virtutes,
3445 3434 3566 3487 qua

1995 3506 2105 3561 pra:
2135 3491 2473 3546 multitudine
2490 3489 2813 3561 dinumerari
2845 3503 2947 3561 non
2974 3497 3216 3561 possunt,
3236 3488 3403 3561 etiam
3424 3487 3559 3561 duos

1999 3557 2239 3614 inortuos
2284 3562 2589 3615 suscitasse.
2628 3559 2708 3619 Β..
2747 3557 2961 3611 Parisiis
3009 3558 3285 3612 translatio
3330 3557 3571 3627 corporis

1993 3630 2053 3686 S.
2081 3639 2106 3677 ε
2131 3630 2378 3686 Germani
2410 3628 2643 3697 episcOpi
2672 3637 2726 3683 et
2765 3628 3106 3682 confessoris.

2064 3742 2153 3796 26.
2182 3771 2251 3783 —
2275 3741 2356 3796 VII
2384 3741 2517 3797 ΚΑι..
2546 3740 2710 3796 Vacat
2740 3738 2912 3794 Baeda.

1683 3855 1889 3912 SMlTll
1940 3852 2163 3912 ΝΟΉΕ.

371 3952 397 3982 ι
440 3941 691 3997 Cinnam.
749 3940 900 4007 Quod
952 3941 1037 3996 hic
1090 3939 1412 3994 exscribitur
1467 3956 1531 3996 ex
1587 3942 1879 4001 Clementis

296 4013 641 4069 Alexandrini
671 4012 897 4080 septimo
928 4010 1318 4080 Institutionum
1351 4010 1485 4066 libro
1509 4052 1524 4078 ,
1553 4013 1680 4068 citat
1716 4017 1877 4072 etiam

304 4084 568 4138 Eusebius
600 4082 651 4136 in
683 4078 825 4140 Eccl.
858 4081 995 4135 Ilist.
1025 4096 1085 4141 tt.
1114 4078 1168 4133 9.

372 4152 399 4191 δ
423 4154 701 4206 Iacobum.
736 4153 809 4205 De
835 4167 900 4205 eo
921 4151 1090 4205 ϐταδεὶ
1124 4152 1175 4203 in
1205 4150 1509 4219 Menologio
1528 4163 1694 4220 agunt
1714 4154 1882 4220 pridie

297 4222 416 4278 Kal.
448 4222 593 4286 Maii,
624 4238 728 4290 quo
756 4222 841 4275 die
862 4223 929 4273 ab
952 4220 1159 4274 Herode
1179 4220 1349 4274 Occidi
1372 4220 1553 4289 jussus
1576 4232 1681 4279 est.
1709 4225 1881 4281 Latini

297 4308 429 4346 vero
459 4292 558 4345 hac
585 4293 669 4362 die
699 4306 821 4345 eum
848 4291 1154 4362 celebrant,
1189 4291 1399 4362 quando
1437 4290 1551 4359 ejus
1580 4308 1775 4362 corpus
1812 4310 1879 4351 ex

298 4362 390 4417 Ilia
425 4362 601 4416 Flavia
625 4359 1039 4427 Compostellam
1090 4360 1400 4414 translatum
1447 4369 1565 4429 est,
1612 4359 1701 4417 ubi
1745 4366 1885 4422 cele-

298 4432 535 4488 berrimo
560 4431 743 4484 ofﬁcio
776 4431 1028 4485 hactenus
1055 4428 1323 4483 coluntur.

377 4514 399 4541 ε
431 4500 803 4567 Christopltori.
849 4499 1104 4553 Barouius
1134 4507 1318 4553 cc-uset
1346 4514 1468 4553 eum
1501 4515 1605 4554 non
1646 4502 1744 4557 sub
1777 4504 1884 4559 Da-

300 4585 439 4640 gno,
470 4570 565 4624 sed
591 4574 689 4624 sub
722 4570 883 4625 Decio
920 4569 1237 4635 imperatore
1268 4583 1498 4640 passum.
1532 4571 1584 4623 In
1628 4571 1786 4627 Petro
1814 4575 1882 4629 de

298 4639 572 4697 Natalibus
603 4641 837 4694 inaudita
860 4647 942 4693 est
970 4640 1164 4703 fabula,
1190 4640 1239 4691 in
1269 4654 1372 4705 qua
1394 4639 1589 4693 dicitur
1609 4642 1879 4700 Christum

299 4722 451 4765 trans
475 4710 698 4791 tiu-vium.
734 4708 969 4791 humeris
1000 4716 1270 4791 portasse,
1302 4718 1356 4762 et
1383 4709 1479 4762 alia
1508 4709 1625 4777 ejus
1659 4713 1842 4769 farina:
1862 4752 1879 4781 ,

298 4795 423 4852 qua
451 4791 505 4832 et
533 4779 700 4834 Judaei
733 4780 898 4847 ipsius
924 4777 1123 4845 Apellea
1154 4776 1312 4831 fidem
1342 4776 1613 4845 superant.
1862 4776 1874 4781 ⁷

302 4922 311 4923 7
374 4849 400 4887 δ
431 4849 951 4923 Cucupltatis._0r_tus
980 4857 1061 4902 est
1085 4856 1263 4923 autem
1295 4847 1376 4923 hic
1398 4864 1464 4902 ex
1493 4851 1704 4923 civitate
1726 4854 1882 4923 Scyl-

298 4922 463 4975 Iitana
490 4936 507 4981 ;
536 4930 584 4974 et
615 4934 735 4973 cum
769 4918 943 4972 Felice
970 4917 1199 4986 quodam
1218 4987 1222 4988 ν
1244 4917 1510 4984 profectus
1553 4917 1849 4978 Caesaream
1870 4966 1885 4988 ,

299 4990 392 5044 ubi
440 4998 717 5055 comperto
769 4988 910 5054 quod
964 4987 1264 5054 persecutio
1320 4988 1418 5041 sub
1458 4988 1781 5047 Maximiano
1831 4987 1886 5049 et

300 5060 630 5113 Diocletiano
677 5069 807 5129 aestu
864 5059 1096 5129 maximo
1150 5059 1201 5129 in
1250 5059 1463 5111 Oriente
1509 5062 1795 5129 flagraret,
1829 5064 1884 5117 in

300 5130 645 5184 Occidentem
676 5128 987 5197 navigantes
1014 5126 1361 5197 Barcinonem
1389 5126 1627 5195 appulit,
1663 5133 1747 5185 ubi
1778 5126 1883 5188 Cu-

300 5199 507 5267 cupbas
538 5196 817 5252 miraculis
834 5199 1050 5267 claruit;
1082 5211 1306 5265 quorum
1340 5196 1473 5250 fama
1504 5200 1569 5251 ad
1599 5215 1754 5254 aures
1780 5203 1884 5255 Ga-

302 5266 426 5323 lerii
472 5267 804 5335 proconsulis
831 5266 1202 5335 perveniente,
1224 5267 1430 5337 milites
1470 5268 1609 5321 misit
1642 5271 1727 5337 qui
1758 5288 1881 5326 eum

300 5339 369 5392 ad
402 5340 632 5392 tribunal
675 5338 918 5403 trahunt,
948 5345 1003 5389 et
1046 5335 1308 5407 cumdiis
1332 5352 1442 5407 non
1492 5335 1670 5393 thura»
1698 5340 1879 5407 daret,

298 5410 615 5478 gravissime
641 5422 812 5462 cazsus
849 5415 932 5459 est
963 5420 1127 5474 usque
1154 5406 1279 5478 dum
1310 5406 1525 5478 dirupto
1553 5423 1778 5478 corpore
1804 5406 1885 5464 vi-

301 5476 453 5533 scera
504 5481 619 5547 ejus
662 5478 1122 5547 conspicerentur.
1159 5476 1358 5530 Deinde
1402 5479 1515 5531 viro
1558 5476 1664 5533 Dei
1697 5496 1881 5547 preces

304 5545 545 5602 Domino
561 5549 811 5601 fundente
830 5586 845 5611 ,
880 5545 1121 5600 Galerius
1151 5558 1365 5614 repente
1393 5558 1628 5603 mortuus
1657 5545 1881 5607 decidit.

304 5618 349 5671 Α
378 5617 693 5671 Maximiano
723 5617 948 5687 praeside
979 5628 1157 5683 postea
1197 5616 1247 5687 in
1282 5616 1604 5687 craticulam
1634 5633 1883 5677 extensus

302 5698 410 5751 est,
440 5686 739 5754 illassusque
785 5687 1074 5741 crudeliter
1119 5686 1329 5741 carduis
1377 5686 1568 5743 ferreis
1599 5697 1655 5743 et
1683 5694 1884 5746 tanreis

301 5760 639 5826 caedebatur;
666 5759 788 5813 dum
818 5764 995 5812 autem
1028 5754 1341 5825 ﬂagellatur,
1370 5756 1478 5814 Deo
1502 5762 1667 5815 sancti
1701 5776 1883 5831 preces

1992 3946 2184 4000 iterum
2210 3945 2531 4000 exaudiente
2551 3952 2606 3998 et
2633 3940 2978 3997 Maximianus
2997 3938 3159 4007 judex
3189 3948 3361 3994 morte
3392 3940 3565 3995 subita

1986 4017 2239 4082 abreptus
2260 4026 2360 4070 est.
2379 4013 2567 4069 Ruﬁno
2587 4028 2715 4070 vero
2736 4012 2900 4082 impio
2916 4009 3159 4080 jubeute,
3185 4010 3360 4079 capite
3379 4010 3565 4080 plexus

1987 4095 2088 4141 est.
2117 4083 2373 4152 Sepultus
2394 4094 2477 4140 est
2507 4085 2845 4142 Barcinonaz;
2876 4084 2969 4135 sed
2997 4090 3174 4152 postea
3206 4083 3493 4135 translatus
3529 4095 3562 4135 a

1994 4151 2230 4210 Fulcado
2251 4156 2442 4210 abbate
2463 4154 2693 4210 emnobii
2714 4153 2814 4208 SS.
2842 4151 3099 4220 Dionysii,
3126 4151 3327 4204 ltustici
3351 4153 3569 4220 etEleu—

1990 4225 2169 4286 tberii,
2201 4225 2252 4278 in
2283 4226 2472 4280 cellam
2520 4224 2758 4293 ejusdem
2807 4219 3057 4293 cteriobii.
3083 4219 3567 4293 Sunnus,_tom.lv.

2063 4305 2087 4334 ο
2116 4294 2449 4364 Eutychiani.
2482 4288 2609 4364 Ejus
2645 4292 2760 4364 dies
2808 4290 3060 4364 obitualis
3089 4300 3172 4364 est
3215 4305 3265 4364 vi
3308 4288 3431 4364 Idus
3460 4288 3567 4364 De?

1991 4366 2170 4421 cetnb.
2205 4360 2598 4433 Papebrocltius
2625 4364 2675 4417 in
2699 4363 2903 4417 Conatu
2928 4360 3468 4433 chronica-historico
3487 4360 3558 4433 ad

1990 4429 2299 4505 Catalogum
2331 4434 2639 4507 pontificum
2674 4429 3259 4507 Romanorutncolligit
3309 4430 3565 4507 elevatio-

1991 4523 2112 4561 nem
2142 4499 2225 4561 νει
2254 4499 2650 4560 translationem
2683 4504 2909 4571 aliquam
2945 4500 3105 4554 hodie
3154 4500 3344 4571 factam
3401 4499 3566 4553 fuisse

1992 4578 2189 4631 smnio
2215 4578 2400 4645 quinto
2426 4568 2863 4645 subrlnnocentio
2892 4575 3082 4645 primo,
3126 4583 3247 4645 cum
3287 4568 3339 4645 is
3362 4572 3429 4645 in_
3451 4583 3566 4645 etn-

1998 4638 2439 4701 meterin'Calixti
2466 4644 2747 4701 aediﬁcavit
2771 4643 3028 4711 insignem
3051 4642 3106 4695 S.
3132 4638 3429 4711 Sebastiani
3461 4640 3567 4692 ba-

1993 4716 2197 4770 silicam
2226 4716 2293 4770 ad
2323 4716 2673 4770 Catacumbas
2693 4754 2709 4776 .
2752 4710 2913 4781 super
2960 4710 3247 4763 I’latnniam
3273 4750 3291 4776 ,
3331 4710 3432 4763 sub
3462 4722 3567 4778 qua

1913 4762 1967 4825 D
1994 4795 2297 4841 sanctorum
2330 4787 2468 4839 Petri
2495 4795 2548 4839 et
2578 4762 2724 4837 Pauli
2749 4762 2971 4847 corpora
3002 4781 3090 4833 dtu
3115 4762 3414 4848 jacueraut.

2069 4857 2087 4895 ί
2116 4854 2326 4909 Judaei.
2361 4856 2525 4923 Hujus
2554 4851 3086 4923 nataliscelebraturA
3112 4849 3319 4923 xmdic
3340 4848 3564 4923 Decent-

1991 4926 2122 4992 bris,
2146 4941 2304 4993 quem
2331 4917 2463 4980 infra
2491 4925 2630 4979 vide.
2650 4922 2815 4977 Hodie
2838 4921 3015 4993 forsan
3038 4917 3156 4989 ejus
3176 4920 3426 4985 elevatio,
3442 4934 3563 4987 qua

1992 4990 2117 5066 post
2138 4990 2306 5049 annos
2330 4996 2421 5059 60,
2444 5012 2599 5064 quam
2626 4994 2967 5061 sepeliretur,
2991 4990 3126 5043 facta
3153 4999 3253 5042 est.

2062 5076 2088 5114 ι
2119 5064 2381 5120 Germani.
2423 5065 2723 5119 Translatio
2756 5066 2869 5117 hac
2899 5062 3031 5114 facta
3058 5067 3142 5114 est
3165 5074 3230 5113 ex
3281 5059 3480 5113 sacello
3502 5060 3561 5113 S.

1990 5136 2386 5208 Symplioriaui
2414 5137 2463 5189 in
2496 5136 2773 5189 basilicam
2803 5143 3001 5208 sancta
3025 5131 3232 5208 Crucis_
3247 5140 3301 5208 et
3436 5129 3559 5208 Viu-

1990 5201 2145 5261 réutii
2179 5206 2279 5274 ipsi
2310 5206 2669 5260 cohaerentem
2689 5245 2704 5269 ,
2739 5220 2877 5257 anno
2908 5202 3023 5269 ipso
3053 5216 3166 5274 quo;
3200 5201 3457 5269 Pippinus
3496 5204 3564 5253 ab

1991 5272 2262 5345 Stephano
2304 5291 2437 5344 papa
2483 5285 2670 5329 unctus
2713 5278 2787 5345 iui
2817 5286 2993 5345 regem
3024 5282 3131 5345 est,
3156 5272 3271 5345 hoc,
3297 5285 3376 5345 eat
3421 5284 3563 5345 agno

1992 5339 2118 5401 754'.
2144 5339 2531 5399 Translationis
2557 5355 2743 5398 auctor
2768 5344 2863 5397 fuit
2886 5339 3202 5397 Lautl'redus
3226 5342 3410 5401 abbas,
3442 5339 3561 5406 Pip-

1991 5418 2144 5487 pinus
2188 5432 2280 5487 rex
2326 5417 2648 5487 approbator
2691 5424 2743 5487 et
2798 5413 3075 5487 testis.__ld
3111 5411 3563 5487 _est_I._antfredus

1992 5480 2150 5556 quem
2182 5480 2414 5556 Carolus
2432 5487 2675 5556 princeps
2704 5486 2931 5556 legatum
2952 5480 3147 5556 direxit
3166 5480 3556 5556 adﬂuuoldutn

1991 5551 2288 5628 Aquitania:
2316 5551 2527 5612 ducem.
2559 5551 2847 5611 Historiam
2876 5552 3044 5628 hujus
3078 5551 3440 5628 translatinnis
3461 5551 3560 5628 _le-

1988 5621 2114 5755 εὲἓε
2144 5637 2246 5754 ιεει
2296 5629 2347 5684 in
2395 5629 2627 5685 secunda
2673 5635 2825 5699 parte
2867 5621 3047 5685 saxuli
3097 5637 3151 5679 IIl
3181 5626 3298 5679 Act.
3460 5621 3563 5678 Ile-

1989 5717 2020 5754 u
2092 5715 2181 5755 ιε.

1989 5699 2181 5756 uedict.
