3990 6196
448 332 549 390 987

1186 328 1388 385 ΒΕΟᾹΞ
1428 326 1873 385 VENEBABILIS
1911 325 2061 382 OPP.
2102 324 2297 381 PARS.
2342 322 2430 377 IV.
2471 350 2541 364 -
2581 318 2972 405 IIISTOBICA.

3564 315 3679 372 983

1676 440 1901 497 EDlTlO
1937 438 2398 495 COLONIENSIS.

447 535 603 596 cinae.
637 532 902 597 tradente,
924 531 1010 601 qui
1035 531 1225 585 missus
1247 531 1300 585 in
1330 531 1502 599 ignem
1528 531 1674 585 nullo
1700 532 1857 586 modo
1884 518 2000 585 findi
2031 535 2081 592 Α
2113 539 2216 583 tem
2266 528 2441 581 natale
2469 526 2635 579 sancti
2662 522 2929 578 Hermolai
2958 519 3280 591 presbyteri,
3307 519 3457 588 cujus
3478 520 3680 575 doctri-

448 623 635 693 potuit.
672 621 799 675 inde
832 622 1183 691 praecipitatus
1206 621 1256 674 in
1282 620 1669 675 validissimum
1688 632 1996 686 torrentem,

448 711 729 766 incolumis
757 710 958 779 ejectus
982 718 1064 763 est
1090 710 1153 761 ad
1184 709 1346 761 littus.
1380 708 1695 765 Nuntiantur
1736 712 1848 764 hzec
1878 726 2005 764 con-

450 801 612 855 sulari
641 800 885 865 Leontio,
937 801 1023 866 qui
1070 796 1210 851 misit
1252 798 1628 867 spiculatoreni
1659 814 1778 853 cum
1827 800 2005 854 militi-

448 890 569 951 bus.
596 899 650 943 ut
679 905 800 941 eum
850 887 1291 956 comprehensum
1330 887 1506 956 gladio
1551 888 1789 943 ferirent.
1845 888 2004 956 Cujus

446 994 640 1049 corpus
661 980 797 1035 Julia
824 993 942 1031 cum
970 979 1141 1033 servis
1187 979 1297 1033 suis
1324 988 1480 1034 nocte
1524 980 1755 1048 collegit,
1802 987 1855 1033 et
1883 993 2001 1033 cum

447 1071 650 1125 bonore
700 1069 943 1137 sepelivit
984 1070 1034 1122 iu
1080 1070 1276 1137 praedio
1304 1084 1420 1135 suo,
1462 1070 1610 1138 juxta
1656 1071 1839 1125 urbem
1897 1069 2003 1124 Bo-

382 1174 412 1227 ς’
444 1177 606 1217 mam.
635 1162 691 1215 in
718 1161 941 1231 Phrygia
963 1172 1266 1217 sanctorum
1292 1162 1494 1218 Joviani
1527 1174 1580 1218 et
1616 1164 1835 1218 Juliaui.

512 1250 575 1307 E.
609 1250 669 1305 Vl
698 1250 940 1306 KALEND.
974 1254 1206 1307 Aususr.
1237 1253 1388 1322 Apud
1418 1253 1774 1310 Nicomediam
1811 1251 2001 1307 civita-

2109 632 2175 670 na
2224 616 2405 670 beatus
2456 615 2742 668 Pantaleon
2790 611 2856 664 ad
2886 611 3040 664 fidem
3090 622 3383 663 conversus
3427 617 3530 662 est.
3575 608 3681 675 Qui

2110 717 2283 762 tentus
2311 722 2341 759 a
2373 706 2688 760 Maximiano
2718 718 2837 758 cum
2869 703 3075 756 duobus
3106 699 3371 770 germanis
3407 701 3516 753 suis
3542 699 3678 753 lier-

2108 800 2284 869 mippo
2333 806 2388 851 et
2416 796 2783 859 Hermocrate,
2816 792 3027 862 capitali
3068 791 3332 845 sententia
3362 787 3680 863 ohzconfes-

2105 888 2309 943 sionem
2339 884 2537 940 Christi
2565 885 2779 953 punitus
2806 891 2906 937 est.
2941 882 2994 936 ln
3024 879 3203 937 Sicilia
3251 880 3517 935 Simeonis
3561 894 3683 933 mo-

2112 978 2287 1032 naclii.
2316 977 2373 1030 ln
2402 974 2613 1030 civitate
2636 973 2854 1039 Nolana,
2901 972 3112 1035 Felicis,
3138 971 3289 1026 Julia
3318 980 3370 1026 et
3397 969 3678 1025 Jucundae.

2111 1066 2475 1133 Autissiodoro
2504 1067 2676 1120 natale
2703 1066 2871 1119 sancti
2900 1064 3102 1121 Etherii
3123 1062 3377 1131 episcopi.

2180 1158 2240 1212 ιε’.
2279 1157 2338 1211 ν.
2370 1157 2605 1210 ΚΑιεδυ.
2651 1158 2887 1211 Ancusr.
2938 1153 3256 1210 Nicomedia
3297 1153 3471 1222 passio
3507 1151 3679 1206 sancti

2114 1247 2444 1301 Pantaleonis
2484 1248 2749 1316 martyris,
2793 1246 3052 1316 quicum,
3095 1244 3312 1315 jubente
3341 1244 3681 1313 Maximiano,

1669 1342 1896 1395 EDITIO
1937 1337 2433 1393 BOLLANDIANA.

514 1432 703 1487 Florus
743 1432 795 1487 in
832 1434 897 1486 Α.
939 1433 1001 1485 Τ.
1045 1432 1130 1499 L.,
1169 1433 1224 1486 In
1265 1432 1509 1487 Laodicia
1553 1433 1793 1501 Phrygiae
1838 1431 2011 1483 natale

442 1521 502 1576 S.
524 1519 810 1586 Saturnini,
843 1529 895 1574 et
915 1520 971 1573 S.
1003 1519 1193 1573 Juliani
1224 1529 1278 1574 et
1306 1522 1514 1575 Felicis.
1547 1520 1603 1573 lu
1634 1520 1775 1573 Italia
1798 1519 2013 1573 civitate

445 1610 629 1665 Aretio
678 1609 852 1678 passio
893 1607 990 1664 SS.
1036 1618 1062 1645 ἰ
1104 1610 1291 1662 Donati
1319 1609 1550 1677 episcopi
1590 1619 1644 1662 et
1674 1607 1867 1663 Elarini
1900 1621 2015 1669 mos

444 1698 600 1753 naclii
632 1697 760 1767 :qui
793 1707 1029 1765 tempore
1072 1696 1266 1751 Juliani
1314 1696 1647 1766 imperatoris
1686 1696 1871 1764 capitis
1900 1708 2013 1746 am-

443 1787 713 1856 putatione
754 1787 1063 1856 martyrium
1093 1793 1615 1851 consummaverunt,
1645 1786 1742 1837 sub
1780 1782 2012 1850 Quadra-

444 1878 590 1932 tiano
618 1877 728 1951 [A.,
758 1878 1021 1943 Adriano;
1056 1875 1140 1940 L.,
1169 1875 1513 1946 Quadritone]
1542 1875 1810 1944 prrefecto.

514 1988 601 2052 1).,
643 1988 824 2042 Roma:
866 1988 921 2042 in
959 1996 1111 2054 portu
1152 1987 1208 2043 S.
1240 1987 1267 2026 δ
1301 1985 1576 2057 Hiacyutbi
1616 1987 1883 2057 martyris,
1925 1986 2015 2053 qui

443 2072 630 2127 passus
655 2068 735 2111 est
764 2058 863 2111 sub
892 2056 1702 2127 consulariLeoutio,Luxurio
1726 2056 1895 2127 primo
1935 2057 2011 2127 ci-

445 2124 624 2180 vitatis
660 2127 915 2181 tradente.
954 2127 1009 2181 B.
1041 2126 1101 2179 C.
1136 2126 1220 2189 V.,
1263 2126 1317 2180 In
1370 2126 1608 2179 Laod'cia
1653 2125 1888 2193 Phrygi-1'
1925 2124 2015 2177 Jo-

442 2197 605 2261 biaui,
635 2195 849 2261 Juliani,
880 2196 1090 2258 Felicis,
1124 2196 1391 2252 Marciani.
1417 2208 1469 2249 et
1492 2207 1513 2234 ο
1547 2196 1747 2247 I'astori
1793 2195 2016 2261 presby-

428 2266 541 2319 teri
589 2264 815 2336 [Pastori
869 2265 1156 2336 presbyteri
1206 2266 1422 2336 incolo
1482 2264 1589 2336 Μ.
1639 2266 1721 2331 B.,
1777 2265 1842 2316 Et
1890 2264 2013 2317 alibi

440 2334 740 2389 sanctarum
771 2334 1067 2398 Marcianas,
1100 2334 1363 2390 Laudaite.

511 2424 600 2478 27.
637 2454 708 2466 —
748 2425 810 2478 Vl
838 2424 974 2477 ΚΑΙ..
1006 2422 1166 2478 Vacat
1198 2423 1369 2476 Bmda.

515 2516 705 2571 Florus
750 2516 800 2571 in
832 2515 898 2573 Α.
939 2515 1003 2571 Τ.
1061 2514 1144 2584 L.,
1181 2515 1375 2570 Eodem
1407 2514 1494 2571 die
1523 2515 1705 2570 Romae
1742 2514 1917 2585 passio
1954 2513 2014 2570 S.

442 2605 467 2642 ά
500 2606 835 2677 Symphronii
876 2620 1045 2661 :eum
1090 2621 1195 2675 quo
1239 2606 1511 2675 Olympius
1561 2621 1679 2660 cum
1731 2621 1892 2660 uxore
1922 2621 2015 2660 sua

443 2696 704 2765 Exuperia
747 2706 800 2753 et
837 2698 947 2753 ﬁlio
992 2698 1281 2764 Theodolo,
1332 2698 1479 2768 jussu
1527 2698 1786 2751 Valeriani
1827 2709 1876 2752 et
1915 2697 2017 2750 Ga-

2044 1835 2091 1895 Β

2062 1434 2079 1449 ⁸
2115 1426 2257 1491 lieni,
2292 1427 2497 1493 ignibus
2524 1433 2647 1479 sunt
2676 1422 2869 1478 exusti.

2186 1518 2254 1584 Β.
2277 1517 2335 1569 C.
2372 1517 2431 1568 D.
2467 1515 2531 1569 V.
2562 1516 2625 1569 A.
2657 1514 2746 1581 T.,
2778 1513 2832 1566 In
2865 1522 2889 1550 ⁸
2918 1511 3069 1583 Syria
3099 1513 3213 1584 [D.,
3258 1514 3438 1584 Rigia;
3477 1514 3568 1575 Β..
3600 1516 3687 1570 Si-

2114 1582 2255 1654 cilia]
2283 1586 2543 1655 Simeonis
2577 1584 2939 1655 nionaclii._A.
2962 1582 3060 1649 'T.,
3088 1582 3284 1655 Romae
3326 1582 3419 1655 SS.
3449 1587 3683 1655 Δ,Αεοιιιίἰ

2115 1665 2169 1708 et
2200 1651 2433 1708 Eineriti.
2464 1653 2526 1707 T.
2563 1656 2643 1715 IL,
2676 1651 3042 1707 Autissiodoro
3069 1653 3325 1716 depositio
3351 1654 3406 1707 S.
3444 1651 3464 1691 ¹
3502 1651 3683 1708 Etheri

2115 1724 2348 1793 episcopi
2380 1733 2434 1778 et
2462 1723 2799 1776 confessoris.
2836 1722 2918 1786 B.,
2948 1720 3005 1775 lu
3036 1721 3339 1781 Nicomedia
3380 1724 3555 1778 natale
3581 1724 3683 1781 SS.

2116 1794 2290 1851 Juliae,
2319 1792 2566 1851 Secundi.
2596 1792 2880 1845 Januaritn.

2151 1806 2290 1857 ultae,
2319 1806 2566 1855 Secundi,
2596 1806 2880 1845 Januartm.

2182 1886 2272 1940 28.
2296 1912 2366 1923 --
2392 1882 2435 1937 Υ
2463 1882 2595 1937 ΚΜ..
2624 1881 2787 1934 Vacat
2814 1880 2992 1936 Baeda.

2186 1976 2371 2030 Florus
2400 1976 2450 2027 iu
2479 1976 2538 2028 Α.
2569 1973 2629 2026 Τ.
2661 1972 2742 2033 ι...
2774 1972 2826 2024 1η
2854 1971 3148 2025 Mediolano
3180 1971 3353 2037 passio
3393 1971 3493 2028 SS.
3530 1971 3685 2027 s’Na-

2112 2064 2239 2119 zarii
2274 2074 2327 2118 et
2365 2062 2504 2117 Celsi
2536 2061 2721 2131 pueri:
2756 2061 2840 2128 qui
2878 2060 3029 2130 jussu
3073 2060 3297 2116 Neronis
3334 2064 3432 2116 sub
3477 2062 3685 2117 Juliano

2113 2152 2385 2221 praefecto,
2438 2150 2725 2219 amputatis
2773 2149 3032 2217 capitibus
3061 2150 3274 2206 Christo
3323 2160 3446 2206 sunt
3494 2153 3685 2207 immo.

2115 2243 2228 2298 lati.
2281 2242 2476 2296 Horum
2521 2255 2743 2309 corpora
2796 2239 2853 2293 Β.
2896 2238 3225 2303 Ambrosius,
3274 2240 3497 2296 Domino
3538 2258 3684 2297 reve-

2114 2334 2278 2396 lante,
2303 2332 2437 2385 miro
2477 2331 2634 2384 modo
2677 2341 2987 2384 conservata
3032 2329 3251 2384 invenit.
3280 2330 3538 2401 Lugduno
3576 2331 3684 2404 [L.,

2116 2419 2169 2475 in
2213 2417 2536 2486 Nicomedia]
2567 2419 2742 2471 natale
2771 2416 2796 2454 ιι
2826 2418 3159 2471 Pantaleonis
3191 2435 3204 2472 :
3236 2420 3322 2487 qui
3368 2422 3467 2474 sub
3514 2422 3687 2475 Maxi-

2119 2512 2298 2567 miano
2326 2511 2645 2580 imperatore
2679 2507 2932 2580 martyrio
2960 2519 3241 2564 coronatus
3267 2519 3368 2566 est.
3402 2511 3685 2583 (Hactenus

2120 2603 2206 2671 L.)
2239 2601 2500 2655 Britannia
2531 2601 2854 2653 monasterio
2883 2599 3010 2655 Dolo
3032 2599 3291 2668 depositio
3310 2600 3367 2655 S.
3395 2601 3408 2636 ί
3432 2601 3682 2671 Sampso-

2123 2692 2206 2747 nis
2234 2690 2467 2761 episcopi
2498 2699 2551 2746 et
2573 2689 2913 2746 confessoris.

1813 2784 2019 2841 SMITII
2060 2779 2288 2836 NOTAE.

520 2888 543 2917 ⁸
571 2877 777 2933 Donati.
801 2878 875 2932 De
906 2877 986 2930 bis
1019 2876 1136 2931 vide
1161 2876 1292 2931 infra
1317 2892 1385 2930 vtt
1414 2876 1535 2931 ldus
1555 2875 1798 2945 Augusti.

518 2948 545 2989 δ
570 2948 871 3018 Hiacynlhi.
904 2948 1003 3015 Qui
1035 2949 1201 3018 primo
1243 2947 1293 2999 in
1321 2949 1496 3018 ignem
1542 2944 1788 3011 injectus,
1818 2944 2011 2999 deinde

442 3035 495 3075 tn
517 3016 866 3088 profluentem
892 3016 1271 3088 praecipitatus,
1301 3016 1494 3088 illmsns
1519 3018 1721 3080 evasit;
1756 3024 1881 3088 post,
1898 3018 2010 3088 hac

2156 2876 2333 2934 ropter
2360 2867 2623 2921 Christum
2666 2865 2927 2921 interfecti
2969 2864 3196 2929 fuerant,
3227 2868 3575 2922 sanctissimis
3604 2885 3683 2924 re-

2114 2883 2290 2991 iiuuiis
2334 2938 2633 2991 collocavit.
2665 2938 2879 2991 SUMUS.
2914 2949 3041 2989 tom.
3086 2936 3169 2991 ιν.
3203 2938 3253 2990 in
3290 2937 3403 2991 Vita
3434 2940 3683 2991 Stephani

2136 2937 2290 3005 iquiis
2334 2938 2633 2991 collocavit.
2665 2938 2879 3002 SUNUS,
2914 2949 3041 2989 tom.
3086 2936 3169 3000 iV,
3203 2938 3253 2990 in
3290 2937 3403 2991 Vita
3434 2940 3683 3004 Stephani

2116 3022 2287 3075 papae.
2335 3007 2430 3077 Hic
2476 3007 2664 3061 colitur
2714 3010 2881 3077 pridie
2926 3006 3063 3074 apud
3113 3005 3335 3062 Usuardi
3385 3017 3439 3061 ct
3476 3009 3684 3064 Barunii

442 3105 473 3145 a
505 3076 724 3143 Lemnia
756 3076 1166 3164 consula_ri_'s_ub
1198 3076 1427 3164 Trojano
1475 3076 1794 3164 imperatore
1835 3084 2010 3153 gladio
2037 3086 2083 3148 (ζ
2116 3076 2511 3164 Μὶιέῐὲηψῗιεὶἓ,

443 3172 747 3240 percussus,
772 3157 930 3237 vitam
959 3155 1172 3240 fini-vir:
1203 3156 1349 3222 cujus
1380 3155 2009 3240 corpusJulia‘matruua

444 3223 497 3281 in
529 3227 725 3294 praedio
748 3240 842 3279 suo
868 3228 1013 3295 juxta
1048 3226 1242 3280 Urbem
1267 3226 1532 3295 sepelivit.
1558 3224 1692 3290 Ano,
1721 3223 2007 3292 Banomns,

444 3293 656 3359 Senius,
684 3306 811 3347 tom.
843 3293 929 3347 lV.

518 3369 541 3397 ε
577 3364 799 3417 Pastori.
852 3362 942 3417 Vel
991 3363 1241 3417 Pastoris.
1291 3362 1388 3430 Qui
1435 3362 1574 3428 quod
1609 3360 1744 3429 apud
1789 3361 2013 3416 Anasta-

446 3436 583 3489 sium
619 3433 1079 3487 Bibliotliecarium
1126 3434 1361 3502 aliosque
1407 3433 1611 3487 diczitur
1656 3433 1817 3486 frater
1842 3433 1899 3487 S.
1935 3432 2008 3487 Pii

444 3503 706 3573 pontificis
750 3503 994 3573 Romani,
1039 3518 1141 3555 non
1182 3510 1431 3557 continuo
1480 3502 1824 3565 admittimus,
1861 3518 2012 3557 vere-

444 3572 665 3642 inurque
694 3574 862 3642 nehsit
896 3572 962 3624 ab
1006 3573 1068 3626 iis
1098 3574 1377 3633 iutrusum.
1404 3573 1488 3638 qui
1518 3580 1838 3642 censuerunt
1862 3587 2010 3626 eum-

445 3640 716 3697 dem—esse
757 3640 1079 3704 Hermetem,
1108 3643 1192 3695 cui
1226 3642 1441 3708 angelus
1470 3643 1518 3694 in
1558 3642 1735 3694 habitu
1779 3641 2009 3695 Pastoris

446 3711 709 3779 apparuit,
745 3712 831 3778 qui
869 3725 900 3764 a
947 3712 1181 3778 pluribus
1220 3712 1410 3767 dicitur
1435 3710 1601 3765 frater
1632 3712 1687 3765 S.
1728 3709 1805 3763 Pii
1837 3726 2007 3777 papae.

446 3780 683 3834 Dubitari
712 3787 868 3833 etiam
903 3791 1078 3847 posset
1107 3796 1209 3848 quo
1238 3795 1395 3834 sensu
1423 3781 1481 3835 S.
1514 3780 1699 3833 Pastor
1728 3781 2010 3834 Timotheo

446 3852 755 3918 presbytero
801 3857 916 3901 acta
967 3850 1301 3903 Pudentiante
1342 3860 1395 3904 et
1453 3851 1702 3903 i’raxedis
1751 3850 2008 3915 scribens,

445 3920 621 3972 statim
651 3918 802 3971 initio
828 3918 1062 3984 epistola:
1084 3919 1241 3981 dicat,
1275 3938 1294 3969 ι
1328 3920 1532 3973 Pudens
1560 3920 1717 3972 frater
1746 3928 1945 3983 noster,
1985 3938 2004 3969 ι

448 3988 542 4055 sed
573 3992 701 4055 satis
729 3986 925 4038 clarum
953 3987 1179 4049 videtur.
1222 3989 1623 4051 fraternitatem,
1665 4004 1768 4041 non
1799 3988 2010 4055 sanguis

446 4054 553 4123 nis,
576 4054 669 4109 sed
699 4055 967 4122 religionis
999 4058 1235 4123 intelligi.
1265 4057 1429 4121 Hujus
1457 4058 1656 4111 nomini
1703 4059 1762 4110 S.
1798 4054 2007 4113 Pudens

444 4121 783 4195 Pudentiauge
805 4121 970 4195 pater
1000 4121 1203 4179 titulum
1240 4128 1497 4180 dedicavit
1530 4145 1543 4179 :
1574 4126 1877 4195 Ouuphrius
1914 4142 2010 4180 au-

445 4201 551 4265 tem
601 4193 859 4265 l’auvjnus
900 4193 951 4246 in
997 4207 1096 4249 suo
1142 4197 1207 4249 de
1251 4198 1524 4265 praecipuis
1572 4193 1726 4250 Urbis
1767 4196 2010 4251 ecclesiis

445 4261 601 4328 hujus
631 4271 683 4315 et
729 4262 1063 4316 Pudentiana:
1094 4261 1303 4319 titulum
1332 4261 1573 4320 ent—tidem
1624 4280 1742 4320 esse
1789 4267 2006 4331 scribit;

445 4332 540 4386 sed
570 4334 690 4386 licet
718 4332 768 4385 in
795 4334 978 4385 eodem
1013 4335 1227 4400 quidem
1262 4336 1378 4390 vico
1416 4334 1642 4390 Patricio
1687 4334 1900 4399 fuerint,
1928 4336 2008 4388 di-

447 4414 616 4455 versa:
644 4409 815 4454 tamen
838 4412 989 4455 erant
1011 4405 1279 4467 ecclesia;
1310 4405 1403 4458 scd
1426 4420 1544 4459 cum
1571 4405 1795 4459 ecclesia
1824 4405 2008 4458 PaSIo-

445 4448 625 4524 is};
646 4448 2010 4539 “asini;th'igi'a'génI.‘é§.éif}.i2}i‘aaiista
2036 4448 2084 4510 θ
2112 4467 2363 4539 liquidum
2394 4470 2660 4523 immissus
2686 4481 2796 4533 est;
2832 4479 3009 4538 postea
3050 4472 3102 4523 in
3131 4484 3277 4525 mare
3307 4479 3362 4524 et
3388 4448 3455 4523 ard
3485 4472 3681 4526 bestias
3779 4534 3785 4539 ,

447 4539 631 4593 tituitts
662 4540 797 4609 ejus,
830 4538 1087 4594 incertum
1118 4543 1329 4609 quando
1350 4552 1402 4595 et
1441 4538 1545 4608 quo
1586 4553 1826 4607 auctore,
1868 4543 2008 4599 forte

443 4623 570 4679 vero
608 4610 704 4679 sub
748 4608 1049 4679 innocentio
1081 4608 1269 4677 primo,
1304 4612 1380 4665 vel
1421 4613 1608 4667 saltem
1656 4615 1911 4679 secundo,
1953 4622 2009 4670 nt

441 4677 807 4735 lienschenius
830 4678 1045 4745 conjicit
1084 4682 1134 4733 in
1180 4680 1576 4737 Commentario
1605 4693 1727 4738 ante
1752 4677 2010 4738 Δρωιύ-

442 4746 725 4811 deminuat,
756 4760 884 4812 eun,
917 4749 1002 4804 die
1028 4764 1116 4803 ιιι
1144 4751 1284 4805 Maii.

516 4815 541 4853 ιι
568 4817 919 4886 Symphronii.
949 4820 1047 4884 Qui
1091 4822 1313 4877 famulus
1365 4822 1457 4877 fuit
1505 4821 1731 4876 Nemesii
1785 4821 2002 4875 tribuni.

442 4884 574 4963 cum
614 4884 793 4939 autem
843 4890 1085 4963 t_)lyuipio
1134 4893 1341 4943 tribuno
1391 4893 1716 4959 inquirente,
1760 4907 1820 4963 se
1865 4892 2005 4963 chri-

443 4955 671 5033 stianum
698 4969 815 5010 esse
843 4955 1015 5011 fassus
1055 4971 1227 5033 esset,
1250 4955 1477 5033 allatum'
1495 4971 1575 5014 est
1604 4963 1781 5033 Martis
1811 4961 2005 5033 idolum

446 5029 648 5098 inhejus
689 5038 1050 5098 conspectum.
1083 5029 1231 5093 Quod
1270 5044 1386 5082 cum
1440 5030 1787 5098 Sempronius
1830 5030 2005 5085 vidit:

449 5107 473 5162 ς
499 5090 766 5157 Conterat,
800 5090 988 5162 inquit,
1018 5105 1068 5151 te
1100 5090 1351 5151 Dominus
1379 5098 1530 5151 Jcsus
1556 5090 1814 5151 Christus.
1849 5116 1867 5149 ι
1898 5099 2009 5151 lloc

442 5160 605 5226 dicto,
639 5172 852 5237 repente
871 5160 1077 5237 idolnin
1111 5168 1444 5234 liquefactum
1475 5176 1576 5221 est.
1609 5170 1883 5237 Olympius
1912 5184 2006 5237 an:

443 5239 548 5309 tein
596 5230 661 5283 ad
709 5246 924 5309 uxorem
974 5230 1291 5309 Exuperiam
1341 5239 1557 5309 veniens
1605 5230 1837 5309 narravit
1883 5236 2007 5305 quid

441 5298 788 5370 Sempronius
838 5298 1316 5359 invocato'Cbristi
1360 5308 1571 5361 ttotnine
1618 5306 1868 5370 fecisset,
1900 5298 2009 5359 "nec

440 5382 611 5447 mora,
639 5371 704 5447 _in
737 5367 1017 5447 Christum
1066 5375 1317 5440 credidit;
1360 5387 1413 5430 et
1450 5367 2009 5447 confractisuom—nibus

442 5440 544 5491 diis
572 5440 700 5502 suis,
736 5440 1028 5508 baptizatus
1055 5450 1136 5496 est
1164 5459 1281 5498 cum
1312 5461 1475 5500 uxore
1512 5456 1564 5500 et
1594 5446 1702 5499 ﬁlio
1734 5444 2009 5498 Theoduio

439 5520 468 5585 ξι
501 5511 561 5560 Β.
590 5509 858 5585 Stephano
901 5510 1166 5585 pontifice.
1212 5511 1530 5581 Sempronio
1567 5516 1710 5579 jussu
1745 5513 2006 5569 Valeriani

440 5579 777 5650 imperatoris
806 5579 1013 5647 ignibus
1040 5592 1246 5649 exusto,
1280 5579 1424 5636 venit
1464 5585 1520 5637 B.
1560 5585 1858 5650 Stephanus
1888 5599 2006 5637 cum

441 5646 644 5723 elericis
670 5646 875 5723 etviris
896 5650 1174 5723 religiosis,
1204 5646 1268 5723 S.
1294 5652 1592 5718 Sempronii
1624 5646 1869 5722 reliquias
1898 5656 2007 5705 col-

443 5713 582 5781 legit,
630 5726 683 5769 et
728 5717 844 5773 illas
885 5713 1018 5773 cum'
1045 5713 1272 5791 Olympii
1313 5732 1363 5777 et
1402 5713 1690 5792 sociorum,
1736 5713 1821 5792 qui
1863 5726 2007 5791 prius

2115 3214 2149 3269 Γ
2190 3155 2212 3182 ⁶
2247 3142 2427 3215 Syria.
2454 3144 2751 3202 Secundum
2780 3143 3016 3200 Adonem
3047 3153 3100 3199 et
3124 3142 3422 3201 Usuardum
3468 3148 3523 3202 in
3553 3148 3682 3203 Sici-

2136 3232 2204 3268 ta.

2190 3282 2208 3323 f
2238 3283 2433 3338 Etheri.
2463 3285 2560 3351 Qui
2593 3295 2708 3353 post
2736 3284 3030 3339 Romanum
3057 3284 3193 3339 sedit
3212 3294 3429 3339 octavus
3452 3286 3685 3343 decimus

2110 3355 2392 3423 episcopus
2418 3356 2684 3409 Autissiod
2712 3355 2893 3409 .rensis
2917 3370 3084 3409 annos
3106 3354 3159 3420 9,
3184 3369 3391 3409 menses
3412 3356 3465 3409 6.
3494 3358 3686 3411 Defunc

2113 3435 2230 3478 ctus
2260 3426 2495 3493 Sepultus
2524 3436 2605 3479 est
2633 3428 2682 3478 in
2718 3426 2927 3479 basilica
2961 3426 3019 3479 B.
3045 3424 3467 3495 GrrmaniJ‘uit
3487 3436 3686 3495 tempo-

2111 3495 2256 3547 ribus
2291 3496 2557 3547 Benedicti
2608 3510 2778 3563 papac,
2824 3498 3117 3563 imperante
3164 3494 3379 3549 Tiberio
3424 3494 3682 3551 Constan-

2112 3568 2239 3617 tino.
2270 3564 2463 3618 Lanam
2491 3565 2622 3617 Bibl.
2658 3565 2789 3617 Nov.
2819 3573 2946 3618 tom.
2980 3567 3017 3627 i,
3053 3580 3103 3633 p.
3141 3563 3264 3617 419.

2184 3642 2207 3680 s
2244 3634 2487 3689 Nazarii.
2521 3634 2582 3687 Hi
2614 3650 2716 3687 non
2755 3636 2855 3687 sub
2897 3634 3127 3696 Juliano,
3175 3634 3267 3688 sed
3308 3634 3407 3688 sub
3462 3636 3687 3690 Anulino

2113 3705 2339 3771 prmside
2370 3704 2506 3773 passi
2550 3712 2691 3768 sunt,
2726 3713 2844 3772 post
2892 3704 3036 3758 varia
3087 3719 3163 3758 sc.
3215 3715 3473 3758 tormenta
3511 3708 3689 3774 gladio

2112 3775 2373 3841 percussi,
2406 3784 2461 3826 nt
2486 3782 2700 3843 constat
2728 3790 2789 3825 ex
2807 3787 3005 3843 _eorutn
3036 3774 3181 3827 Aetis
3226 3773 3379 3827 editis
3421 3773 3559 3843 apud
3592 3777 3685 3831 Su-

2112 3845 2247 3895 rium
2276 3851 2403 3897 tum.
2435 3842 2520 3907 Ill,
2564 3858 2615 3909 p.
2646 3842 2770 3897 396.
2805 3841 3103 3896 Translatio
3133 3843 3320 3897 horum
3353 3841 3484 3898 facta
3511 3856 3595 3899 est
3617 3860 3685 3899 xu

2117 3912 2201 3981 die
2228 3912 2402 3977 Junii;
2431 3914 2674 3965 coluntur
2697 3923 2748 3965 et
2779 3927 2867 3966 at:
2895 3913 2980 3966 die
3010 3914 3203 3967 mensis
3232 3913 3490 3981 ejusdem.

2180 3977 2208 4016 δ
2240 3980 2586 4035 Pantaleonis.
2644 3981 2737 4036 Hic
2780 3982 2917 4036 filius
2958 3982 3218 4050 Eustorgii
3263 3977 3386 4035 fuit.
3419 3985 3518 4048 Qui
3561 3999 3680 4040 cum

2105 4048 2324 4117 jubeute
2352 4054 2662 4104 Maximiano
2702 4060 2869 4121 artem
2900 4054 3126 4106 disceret
3158 4048 3468 4117 medicinae,
3497 4069 3528 4106 a
3561 4069 3680 4121 pre-

2110 4121 2326 4188 sbytero
2357 4121 2638 4173 Hermolao
2664 4120 2727 4173 ad
2760 4121 2915 4175 fidem
2964 4120 3157 4175 Christi
3189 4134 3477 4176 conversus
3520 4120 3681 4177 multa

2111 4190 2366 4243 miracula
2392 4189 2538 4255 fecit,
2570 4198 2880 4258 patremque
2917 4206 3070 4245 suum
3106 4191 3439 4259 Eustnrgium
3466 4206 3682 4246 senato.

2112 4271 2223 4311 rem
2252 4260 2552 4313 christiana:
2577 4259 2695 4313 fidei
2730 4261 3045 4326 sulijugavit.
3086 4260 3166 4314 0b
3194 4274 3351 4327 quam
3380 4276 3599 4315 causam
3631 4263 3682 4316 in

2112 4327 2253 4399 ligno
2300 4329 2398 4382 fuit
2442 4343 2712 4399 appensus
2755 4337 2810 4384 ct
2857 4329 3042 4386 ferreis
3095 4330 3319 4399 laniatus
3361 4335 3600 4399 ungulis;
3633 4343 3682 4386 et

2113 4395 2255 4468 faces
2304 4395 2553 4453 lateribus
2605 4400 2830 4453 admotae
2864 4409 3030 4454 sunt:
3061 4398 3253 4454 deinde
3301 4404 3353 4453 iit
3406 4395 3680 4468 piumbum

2109 4537 2399 4603 conjectus,
2450 4554 2571 4592 cuni
2617 4537 2842 4608 denique
2886 4541 2979 4592 bas
3020 4554 3204 4593 omnes
3255 4554 3437 4605 poenas
3487 4542 3685 4596 illa-sus

2110 4611 2389 4672 evasisset,
2417 4609 2627 4661 laudent
2656 4613 2825 4676 capite
2852 4609 3184 4676 puuiebatur.
3212 4608 3405 4664 Senius
3434 4620 3561 4662 tum.
3593 4612 3677 4665 iV.

2111 4678 2288 4730 Pridie
2333 4677 2523 4731 colitur
2551 4692 2580 4729 a
2611 4679 2839 4731 Baronio
2879 4688 2933 4732 et
2966 4679 3118 4731 Bteda
3170 4683 3378 4746 vulgato
3403 4689 3457 4731 et
3484 4679 3682 4735 Graecis

2111 4748 2160 4799 in
2195 4747 2514 4816 lilenologio.
2548 4748 2640 4802 liic
2670 4764 2772 4801 non
2806 4748 3066 4819 Lugduni,
3095 4747 3188 4802 sed
3218 4747 3540 4802 Nicomedia:
3560 4763 3682 4817 pas-

2108 4830 2203 4871 Slts
2231 4825 2334 4869 est.

2186 4884 2201 4921 ί
2235 4882 2520 4938 Samsonis.
2573 4886 2625 4938 In
2671 4885 2906 4939 Demetia
2944 4900 3062 4953 quae
3091 4884 3252 4940 estin
3288 4884 3488 4940 Walliaa
3518 4887 3683 4954 parti-

2107 4953 2208 5008 bus
2260 4954 2626 5021 occidentalis,
2675 4970 2738 5008 ex
2788 4955 3089 5021 parentibus
3139 4958 3397 5009 Ammone
3432 4966 3487 5010 et
3522 4953 3683 5012 ’Anua

2108 5025 2214 5093 nati
2243 5040 2255 5074 :
2286 5023 2370 5077 hic
2414 5034 2590 5077 autem
2642 5025 2817 5078 Eituto
2862 5025 2919 5078 S.
2967 5023 3216 5079 Germani
3258 5025 3518 5093 discipulo
3554 5042 3682 5083 eru-

2108 5092 2333 5162 diendos
2361 5093 2603 5157 traditur,
2642 5104 2693 5147 et
2723 5094 2776 5146 in
2816 5095 2981 5148 sacris
3019 5094 3307 5162 Scripturis
3352 5092 3682 5151 sufficienter

2109 5161 2396 5233 institutus,
2428 5178 2457 5214 a
2488 5163 2737 5217 Dubricio
2764 5164 3035 5227 diaconus,
3081 5161 3152 5218 eti
3177 5172 3297 5231 post
3324 5180 3521 5218 annum
3555 5181 3681 5233 pre-

2108 5231 2289 5301 sbyter
2317 5234 2590 5285 ordinatus
2618 5243 2718 5286 est.
2753 5234 2884 5285 Cum
2914 5234 3204 5287 acrioribus
3233 5231 3569 5288 incumberet
3597 5237 3679 5301 je-

2104 5298 2290 5372 juniis,
2323 5318 2387 5355 ex
2440 5302 2601 5355 Eltuti
2647 5304 2894 5356 cmuobio
2944 5315 3215 5372 egressum
3261 5304 3543 5357 meditatus
3578 5298 3682 5370 est,

2111 5372 2174 5422 ad
2210 5371 2448 5425 Pirenetn
2479 5374 2527 5424 in
2559 5372 2783 5425 insulam
2805 5371 3109 5437 quamdam,
3134 5373 3308 5427 Eltuto
3338 5376 3678 5440 permittente

2107 5441 2393 5494 concessit.
2427 5441 2620 5495 Pirene
2657 5450 2830 5495 autem
2880 5442 3148 5507 defuncto,
3176 5442 3341 5495 abbas
3372 5442 3681 5497 monasterii

2110 5510 2251 5563 illius
2277 5513 2475 5563 electus
2500 5519 2601 5575 est,
2630 5512 2768 5577 quod
2808 5526 2927 5564 cum
2971 5511 3195 5564 rexisset
3240 5526 3344 5564 non
3393 5511 3508 5578 plus
3538 5526 3681 5567 anno

2108 5587 2164 5634 et
2194 5580 2437 5645 dimidio,
2471 5581 2523 5634 in
2552 5580 2894 5634 solitudinem
2917 5594 3034 5634 cum
3066 5590 3211 5646 patre
3234 5595 3333 5634 suo
3352 5579 3460 5648 jam
3490 5596 3680 5634 mona-

2109 5651 2211 5703 cho
2240 5649 2379 5702 facto
2407 5661 2461 5704 et
2489 5650 2607 5703 aliis
2628 5648 2835 5704 duobus
2855 5650 3098 5703 secessit.
3125 5650 3201 5702 Ex
3222 5652 3529 5705 anachoresi
3556 5665 3683 5706 vero

2112 5721 2162 5777 iu
2186 5720 2445 5787 synodum
2468 5720 2748 5790 quamdam
2779 5728 3015 5787 vocatus,
3042 5720 3364 5776 monasterio
3392 5734 3422 5773 a
3449 5719 3507 5777 S.
3546 5720 3679 5777 Cer-
