3990 6196
285 332 389 391 £89

1417 336 1604 393 SECT.
1646 339 1707 391 ll.
1747 370 1816 382 -—
1857 340 2420 400 MARTYROLOGIA.

3428 351 3536 409 990

1574 453 1796 509 EDITIO
1831 457 2303 516 COLONIENSIS.

285 557 455 601 artem
482 545 712 599 disceret
750 541 1048 607 medii-ium,
1079 558 1107 595 a
1140 543 1447 614 presbytero
1472 544 1760 600 Hermolao
1788 549 1856 602 ad
1888 553 1938 611 Α
1966 550 2252 605 cruciatus.
2296 551 2401 606 Sed
2474 552 2613 607 inter
2656 551 2770 607 hac
2836 551 3061 609 Domino
3102 555 3203 609 sibi
3252 570 3538 626 apparente

287 636 445 691 fidem
472 633 668 690 Christi
707 645 1020 695 conversus,
1063 631 1224 684 multa
1271 634 1528 689 miracula
1570 634 1713 699 fecit,
1774 652 1865 704 pa-

290 737 528 794 tremque
567 736 718 775 suum
765 730 1064 774 senatorem
1124 720 1463 789 Eustorgium
1496 723 1697 779 Christi
1739 727 1864 780 fidei

286 815 607 884 subiugavit.
646 812 729 867 Ob
746 827 904 878 quam
943 827 1159 865 causam
1195 822 1373 866 tentus
1421 824 1504 868 est
1550 816 1619 870 ab
1670 818 1862 874 eodem

289 904 629 971 Maximiano,
670 901 880 971 equulei
929 915 1107 969 pinna,
1142 910 1195 955 et
1233 902 1544 972 lampadum
1583 908 1864 965 exustione

1974 640 2332 708 refrigeratus,
2369 643 2579 696 tandem
2610 643 2714 696 ictu
2742 643 2903 712 gladii
2947 647 3259 715 martyrium
3291 662 3539 705 consum-

1970 729 2153 784 mavit.
2183 729 2435 797 Lugdune
2459 731 2628 785 sancti
2658 729 2924 801 Peregrini
2955 734 3270 804 presbyteri.

2042 819 2106 874 Ο.
2126 820 2189 874 IV
2218 818 2435 875 ΚΑιεΜι
2469 823 2697 877 Aususr.
2720 823 2900 878 Romae
2921 825 3088 879 sancti
3118 826 3306 882 Felicis
3328 830 3533 894 pontifi-

1966 909 2063 964 cis.
2086 910 2477 966 lficdeclaravit
2496 910 2862 968 Constantium
2885 914 3047 968 ﬁlium
3067 915 3405 973 Constantini
3416 934 3537 974 esse

1569 999 1799 1054 EDlTlO
1837 1001 2338 1058 BOLLANDIANA.

365 1089 427 1144 V.
457 1087 541 1155 C.,
570 1088 625 1142 In
655 1087 957 1142 Nicomedia
980 1085 1193 1149 Juliani,
1220 1087 1465 1149 Jocundi.
1498 1099 1550 1143 et
1574 1090 1632 1143 8.
1668 1090 1858 1144 Ριιηιιιο

287 1161 462 1217 leonis
491 1158 756 1228 martyris.
792 1157 1083 1228 mediolano
1114 1158 1320 1228 Nazarii
1348 1171 1402 1212 et
1430 1160 1585 1213 Celsi.
1635 1161 1687 1212 In
1738 1161 1853 1214 Bri-

290 1232 465 1284 tannia
490 1230 547 1283 S.
578 1226 888 1295 Sampsonis
909 1227 1141 1293 e;»isc0pi
1168 1240 1219 1280 et
1244 1230 1579 1282 confessoris.
1616 1230 1858 1284 Nicome-

287 1302 486 1353 dienses
514 1291 687 1351 tamen
709 1291 767 1350 in
796 1295 854 1350 C.
892 1291 1153 1349 habentur
1191 1296 1275 1351 die
1318 1298 1654 1365 pmcedenli.
1691 1301 1773 1365 8.,
1802 1302 1856 1355 In

286 1369 589 1424 Nicomedia
622 1368 793 1421 natale
821 1367 917 1421 SS.
950 1366 1155 1421 Nazarii
1203 1376 1258 1421 et
1301 1368 1457 1421 Celsi.
1496 1369 1547 1421 In
1596 1370 1852 1424 Laodicea

283 1440 496 1494 civitate
538 1438 777 1507 Phrygia:
825 1437 997 1491 natale
1061 1438 1153 1491 SS.
1201 1437 1513 1505 Theophili,
1559 1439 1853 1506 Prudentii,

284 1509 533 1575 Philippi,
565 1507 873 1561 Alexandri.
908 1508 971 1559 Iit
1007 1508 1134 1561 alibi
1180 1508 1353 1560 natale
1379 1509 1436 1561 S.
1475 1513 1722 1576 Augustae
1753 1511 1859 1561 vir-

318 1579 421 1631 inis
455 1583 504 1630 in
536 1578 768 1631 occiduis
797 1580 1051 1642 partibus.
1090 1578 1175 1640 V.,
1223 1578 1540 1646 Nicomedia:
1588 1581 1762 1646 passio
1799 1580 1855 1632 S.

318 1593 421 1631 tnts
455 1595 504 1630 tn
536 1593 768 1631 occtuuts
797 1593 1051 1642 partibus.
1095 1593 1175 1640 V.,
1223 1593 1540 1630 Nicomedia:
1588 1594 1762 1646 passm
1799 1593 1855 1632 8.

280 1593 622 1704 gentaleonis
656 1666 667 1700 :
701 1649 784 1714 qui
813 1661 931 1700 cum
976 1647 1196 1714 juhente
1231 1645 1549 1701 Maximiano
1578 1658 1748 1702 artem
1779 1650 1856 1701 di-

282 1729 455 1771 sceret
484 1718 778 1780 medicinm,
807 1717 872 1770 ab
915 1716 1195 1770 Ilermolao
1221 1718 1529 1785 presbytero
1560 1718 1623 1770 ad
1663 1716 1857 1772 Christi

283 1788 440 1841 tidem
483 1803 792 1851 conversus,
854 1788 1015 1840 multa
1064 1787 1312 1841 miracula
1357 1786 1499 1843 fecit.
1550 1788 1643 1853 T.,
1675 1788 1860 1843 Romae

278 1857 339 1913 S.
370 1866 396 1894 ⁸
431 1857 651 1911 Victoris
678 1858 928 1923 episcopi.

1964 1093 2196 1148 Faustini
2222 1104 2275 1148 et
2303 1096 2574 1150 Beatricis.
2610 1098 2808 1152 Eodem
2839 1099 2925 1153 die
2954 1099 3217 1168 depositio
3245 1100 3302 1156 S.
3337 1100 3364 1140 ⁴
3398 1102 3535 1172 Lupi

1959 1184 2194 1252 episcopi
2236 1184 2302 1239 de
2336 1185 2567 1239 Trecas:
2600 1189 2687 1255 qui
2718 1203 2836 1241 cum
2867 1189 3136 1244 Germano
3158 1192 3297 1245 venit
3326 1193 3537 1247 Britan-

1962 1278 2126 1344 niam,
2156 1288 2210 1332 et
2232 1279 2609 1349 quinquaginta
2640 1279 2772 1333 duos
2801 1294 2969 1333 annos
2999 1283 3303 1338 sacerdotio
3328 1284 3537 1341 functus

1960 1379 2076 1425 est:
2106 1373 2193 1439 qui
2226 1381 2463 1439 tempore
2500 1372 2697 1435 Attilze,
2730 1373 2819 1441 qui
2853 1370 3077 1426 Galliam
3108 1376 3367 1441 vastabat,
3402 1380 3537 1434 sicut

1964 1459 2014 1516 in
2048 1462 2244 1532 hymno
2283 1466 2397 1530 ejus
2420 1464 2648 1529 canitur,
2681 1464 2806 1517 dum
2838 1464 2973 1519 bella
3013 1476 3199 1521 cuncta
3232 1470 3534 1539 perderent,

1962 1555 2164 1608 orando
2192 1555 2391 1609 Trecas
2421 1555 2635 1609 muniit.

2036 1647 2171 1700 Anni
2204 1647 2481 1700 sacerdotii
2527 1648 2579 1699 in
2624 1648 2685 1701 υ.
2734 1648 2988 1702 duntaxat
3034 1667 3125 1704 sea:
3151 1667 3171 1705 :
3216 1652 3268 1705 in
3301 1653 3341 1705 A
3371 1663 3421 1704 et
3451 1652 3531 1716 Β..

1961 1719 2362 1786 quinquaginta;
2389 1718 2438 1769 in
2466 1716 2523 1769 C.
2559 1718 2681 1771 nulli
2712 1721 3097 1784 exprimuntur.
3133 1722 3195 1775 V.
3228 1722 3528 1777 nominibus

1966 1786 2580 1858 martyrum_subjungit,
2628 1787 2690 1840 Et
2720 1788 2779 1858 S.
2817 1798 2840 1824 ο
2872 1788 3137 1850 Seraphin:
3174 1793 3380 1858 virginis
3409 1808 3427 1846 :
3456 1805 3537 1845 at-

1964 1872 2068 1931 que
2113 1869 2227 1931 post
2368 1857 2503 1931 Lupi
2528 1856 3059 1931 memoriartlibidem
3094 1856 3282 1925 legitur
3315 1876 3328 1913 :
3366 1866 3536 1931 Depo-

350 1949 438 2007 29.
468 1980 536 1988 —
567 1948 630 2002 1V
684 1948 812 2003 ΚΑι..
862 1948 1046 2003 Natale
1088 1948 1186 2004 88.
1216 1947 1244 1987 δ
1278 1948 1488 2016 Felicis,
1524 1961 1546 1989 ε
1582 1948 1837 2018 Simplicii

1968 1928 2088 1980 sitio
2116 1927 2175 1979 Β.
2206 1926 2224 1963 ι
2261 1926 2506 1996 Prosperi
2531 1927 2783 1996 episc0pi.
2810 1925 3068 1983 Eumdem
3097 1932 3254 1985 habet
3281 1931 3341 1986 C.

1696 2038 1898 2095 SMITH
1938 2039 2163 2094 NOTAE.

276 2144 436 2184 manu
461 2136 771 2182 constructo
820 2128 1097 2197 praefectus
1128 2137 1209 2181 est
1236 2145 1252 2183 :
1303 2138 1357 2183 et
1387 2146 1488 2185 non
1539 2133 1705 2184 multo
1737 2142 1855 2197 post

275 2203 554 2265 episcopus
600 2200 890 2252 ordinatus.
958 2199 1064 2253 Deo
1112 2212 1360 2269 monente
1410 2201 1461 2253 in
1519 2204 1849 2257 Artuoricatn

278 2270 508 2332 transiit,
541 2280 593 2322 et
627 2269 811 2341 Delum
842 2270 1217 2341 monasterium
1264 2273 1577 2334 construxit,
1613 2274 1697 2327 ubi
1735 2283 1853 2341 post

278 2341 441 2392 vitam
494 2339 761 2392 miraculis
816 2338 1023 2405 plenam
1079 2340 1217 2407 piam
1271 2342 1556 2407 exspiravit
1595 2338 1848 2403 animam.

277 2409 409 2462 Vide
459 2409 627 2462 Vitam
676 2408 828 2474 hujus
875 2410 1041 2462 sancti
1075 2410 1323 2478 scriptam
1372 2412 1439 2464 ab
1478 2426 1692 2469 auctore
1722 2430 1849 2467 ano-

273 2493 437 2550 nymo
473 2480 785 2552 subaequali,
818 2494 973 2552 quam
1019 2481 1181 2533 edidit
1227 2482 1564 2552 Mabillonius
1594 2486 1644 2537 in
1677 2486 1847 2552 primo

271 2548 471 2604 saecqu
498 2550 616 2604 Act.
652 2550 778 2602 Ben.
824 2548 1114 2604 Ediderunt
1134 2559 1193 2603 et
1225 2550 1379 2619 hujus
1408 2552 1578 2606 Vitam
1608 2548 1838 2609 Joannes

273 2620 588 2692 BosciusAin
614 2619 932 2692 Bibliotheca
964 2619 1282 2692 Floriaceusi
1329 2630 1383 2674 et
1427 2622 1696 2692 fialdricus
1726 2627 1835 2692 epi-

272 2704 467 2753 smpus
500 2689 737 2742 Dolensis
766 2690 961 2742 saeculo
990 2706 1080 2743 xu.
1119 2688 1395 2743 Matthams
1427 2688 1843 2749 Wesmtonaste-

270 2760 466 2813 riensis
494 2758 557 2811 ad
585 2756 815 2831 ξιιμ-50⁸1
834 2758 1025 2827 aliique
1050 2768 1167 2831 post
1195 2776 1336 2821 eum,
1363 2761 1673 2817 Samsonem
1709 2766 1844 2818 Ebo-

268 2843 546 2883 racensem
587 2828 1290 2895 archiepiscopumvocant.
1335 2831 1465 2885 Cum
1517 2833 1571 2887 S.
1616 2833 1839 2889 Samson

268 2900 499 2952 concilio
526 2914 563 2953 ιι
591 2898 868 2969 Parisieusi
897 2914 1037 2954 anno
1086 2899 1189 2955 556
1240 2900 1420 2954 habio
1448 2902 1841 2969 Subscripserzt,

271 2984 372 3022 uec
401 2969 697 3022 interfuerit
741 2968 1035 3023 Turonensi
1077 2972 1254 3023 itidem
1297 2985 1352 3026 u.
1402 2974 1540 3036 quod
1572 2968 1710 3026 anno
1735 2968 1842 3029 556

267 3038 591 3092 celebratum
631 3050 735 3105 est,
770 3041 910 3093 Cirta
936 3055 1129 3093 annum
1162 3039 1265 3094 565
1294 3039 1487 3093 obiisse
1520 3044 1743 3096 videtur.
1780 3048 1848 3099 At

267 3124 373 3160 neu
402 3112 573 3174 attigit
600 3108 697 3163 120
723 3124 913 3173 annos,
945 3121 997 3161 ut
1020 3121 1200 3162 auctor
1227 3109 1353 3162 Vitae
1376 3125 1405 3162 a
1428 3111 1630 3165 Joanne
1660 3114 1849 3166 Bosvio

268 3181 424 3231 edice
471 3181 689 3232 scribit:
722 3180 852 3232 alias
897 3179 952 3231 S.
987 3180 1287 3247 Maglorius,
1321 3180 1409 3247 qui
1440 3182 1535 3247 ipsi
1569 3185 1846 3249 successit,

268 3249 468 3315 diuque
496 3250 814 3318 supervixit,
839 3249 953 3318 ejus
972 3250 1367 3319 c:.ndiscipulus
1395 3252 1447 3304 in
1475 3252 1635 3306 Eltuti
1660 3256 1843 3309 schola

263 3334 386 3371 esse
416 3335 519 3370 non
559 3321 742 3385 potuit.

338 3392 365 3420 ³
397 3385 641 3442 Victoris.
675 3387 963 3459 Eleuthero
1007 3389 1255 3459 pontifice
1304 3388 1543 3445 Romano
1572 3407 1710 3447 anno
1744 3395 1842 3449 185

263 3438 415 3532 diem
435 3438 715 3523 obeuntia,—
719 3438 984 3532 Vile—terei
1010 3438 1307 3524 rsuccvssit,
1347 3469 1402 3514 et
1447 3463 1634 3516 sedere
1680 3438 1841 3532 ccepi:
1866 3438 1915 3499 (ἶ

261 3528 352 3582 die
380 3543 452 3581 xtt
485 3532 680 3582 mensis
709 3528 869 3581 Junii.
907 3528 999 3582 llic
1026 3531 1522 3594 excumniunicavit,
1555 3533 1634 3586 vel
1668 3528 1840 3600 ponus

260 3601 728 3652 excommunicare
768 3600 999 3652 minatus
1025 3610 1106 3652 est
1136 3601 1359 3654 Asianos
1402 3602 1601 3656 Pascha
1632 3604 1837 3659 decima

259 3677 448 3737 quarta
478 3669 599 3721 luna
622 3668 996 3723 celebrandum
1025 3671 1409 3724 contendentes
1428 3712 1443 3734 ,
1498 3672 1680 3727 lrcnzei
1708 3688 1839 3727 vero

261 3748 383 3806 post
413 3740 633 3809 monita
678 3739 727 3790 in
759 3739 982 3808 gratiam
1010 3741 1187 3793 statim
1221 3742 1490 3795 redierunt
1535 3743 1838 3809 Polycrates

258 3819 320 3879 et
337 3807 551 3879 Asiatici
585 3807 787 3875 reliqui.
821 3809 1016 3863 Euseb.
1050 3812 1181 3864 Hist.
1215 3826 1264 3873 ν,
1297 3810 1400 3877 24;
1428 3807 1712 3869 Sozomen.
1741 3830 1834 3879 vu,

262 3876 495 3933 19.—-ln
516 3878 722 3952 Barouii
746 3880 1029 3952 Annalibus
1054 3894 1195 3933 anno
1212 3882 1330 3945 198,
1354 3876 1419 3952 ad
1444 3897 1587 3936 num.
1613 3884 1699 3951 17,
1727 3876 1839 3952 epiL

255 3952 394 4003 stola
431 3949 601 4023 tertia
621 3947 847 4023 Victoris
876 3949 939 4023 a_d
973 3951 1300 4023 Desiderium
1332 3947 1694 4023 Viennensem
1720 3947 1834 4023 epi-

256 4034 503 4091 scopum,
537 4020 744 4091 aliaque
785 4021 848 4091 ad
891 4019 1211 4073 Paracodam
1260 4020 1566 4089 episcopum
1594 4023 1660 4075 de
1686 4019 1834 4091 quin-

257 4091 432 4145 Stione
464 4087 761 4151 Paschalis,
796 4089 847 4143 in
887 4104 1106 4155 quarum
1136 4087 1318 4143 ultima
1349 4087 1559 4155 dicitur,
1589 4087 1834 4147 Orienta-

256 4161 361 4214 lem
415 4157 709 4211 Ecclesiam
764 4168 977 4226 propter
1033 4160 1248 4215 Paschse
1302 4161 1710 4216 celebrationem
1768 4165 1836 4217 ab

257 4227 949 4302 Uccitleutalidisjuuctam,
993 4239 1049 4283 et
1078 4230 1128 4284 in
1161 4232 1322 4298 priori
1378 4232 1716 4302 presbyteros
1745 4235 1832 4301 qui

256 4300 526 4366 apostolos
558 4300 817 4360 viderunt,
851 4315 1016 4365 u~que
1057 4303 1122 4352 ad
1156 4302 1242 4353 illa
1289 4300 1831 4367 tetnpora‘Viennen-

258 4368 950 4441 semil'lcclesiamrexisse,
983 4380 1245 4437 suspecta:
1294 4380 1418 4424 sunt
1471 4371 1613 4436 fidei,
1668 4375 1836 4441 inquit

258 4438 504 4493 Labbeus
534 4448 659 4510 tum.
697 4438 712 4488 1
740 4439 1120 4510 [Juncilioruun
1144 4452 1195 4494 et
1226 4456 1406 4493 revera
1429 4444 1623 4510 stylum
1650 4438 1833 4496 recen-

256 4512 447 4563 tiorem
475 4509 706 4574 sapiunt.
738 4507 867 4562 Duae
918 4510 1076 4563 etiam
1125 4511 1239 4578 ejus
1270 4507 1510 4577 epistolae
1539 4513 1833 4569 decretales

256 4581 383 4633 viris
413 4580 635 4633 eruditis
672 4588 794 4632 sunt
834 4592 1111 4643 suSpectae.
1137 4581 1212 4633 Ad
1243 4580 1381 4633 diem
1412 4580 1657 4647 migravit
1687 4598 1830 4637 anno

255 4650 379 4715 197,
431 4658 707 4716 postquam
743 4650 969 4703 sedisset
1010 4664 1176 4702 annos
1224 4650 1311 4715 1“),
1361 4666 1596 4704 mensem
1644 4668 1828 4715 unum,

253 4720 370 4774 dics
403 4721 490 4782 16,
522 4718 565 4771 si
596 4733 845 4773 numeres
871 4733 948 4771 sc.
977 4733 1005 4771 a
1036 4721 1120 4774 die
1150 4720 1213 4773 12
1242 4721 1378 4773 Junii
1410 4721 1531 4774 anni
1562 4719 1685 4785 185,
1723 4738 1829 4785 quo

252 4791 443 4845 sedere
464 4790 646 4857 cmpit,
680 4804 845 4861 usque
871 4789 935 4841 ad
963 4790 1101 4861 diem
1128 4806 1231 4858 quo
1255 4792 1488 4861 sepultus
1514 4800 1615 4845 est.
1648 4789 1822 4846 Codex
1859 4801 1910 4861 Ι)

253 4860 543 4915 Nomiuutu
585 4860 996 4925 apostolicorum
1027 4860 1166 4913 diem
1197 4861 1255 4914 S.
1292 4860 1515 4914 Victoris
1562 4872 1827 4916 emortua-

252 4933 357 4986 lem
392 4929 557 4981 fuisse
588 4944 655 4981 xx
687 4928 879 4995 Aprilis
911 4938 1151 4991 testatur,
1185 4931 1276 4983 sed
1303 4943 1483 4984 comra
1515 4931 1672 4985 fidem
1718 4932 1828 4987 fere

252 5004 492 5056 omnium
517 4998 1031 5068 Martyrologiorum.
1051 4998 1313 5053 Victorem
1340 5010 1624 5069 martyrem
1644 5002 1826 5069 fuisse,

251 5068 588 5141 quod‘tradit
619 5070 893 5141 barouius,
928 5070 1102 5122 nullos
1132 5070 1464 5136 autiquorutu
1482 5068 1647 5124 dixit.

327 5140 353 5176 ιι
384 5137 595 5191 Felicis.
626 5138 838 5193 Liberio
869 5152 1082 5207 pr0pter
1116 5141 1270 5192 fidem
1311 5141 1623 5194 catholicam
1652 5142 1703 5195 in
1733 5156 1827 5197 ex-

251 5214 430 5266 silium
483 5210 783 5277 deportato,
835 5209 981 5263 Felix
1034 5210 1102 5262 ab
1158 5210 1365 5262 Arianis
1415 5210 1688 5264 ordinatus
1743 5223 1827 5266 est

249 5296 393 5336 armo
422 5277 547 5345 355,
578 5280 717 5333 sicut
744 5279 990 5334 Socrates
1025 5277 1212 5335 scribit
1241 5293 1300 5342 ll,
1327 5279 1416 5343 57,
1461 5291 1514 5333 et
1539 5281 1821 5335 Sozomeu.

251 5369 325 5413 tv,
374 5350 430 5403 2.
480 5350 801 5403 Athanasius
846 5349 898 5401 in
953 5348 1171 5415 epistola
1228 5351 1290 5402 ad
1335 5352 1620 5403 solitariam
1662 5350 1822 5405 vitam

247 5428 493 5491 agentes,
522 5429 578 5474 et
599 5420 813 5491 llieron.
843 5420 895 5474 in
914 5421 1110 5475 Chron.
1139 5421 1203 5491 ad
1226 5419 1738 5474 an.532.-—-Tamen
1770 5421 1820 5474 iu

250 5488 472 5561 antiquo
502 5488 809 5558 pontificum
853 5490 1106 5556 Catalogo
1136 5489 1382 5561 dicuntur
1406 5491 1706 5561 congregati
1736 5505 1823 5543 sa-

249 5559 496 5618 cerdotes
520 5571 575 5615 et
602 5575 719 5614 cum
773 5562 993 5614 consilio
1036 5575 1217 5612 eorum
1266 5559 1505 5612 Liberius
1546 5560 1822 5615 ordinasse

252 5635 303 5688 in
333 5635 506 5687 locum
532 5632 647 5699 ejus
676 5630 926 5684 Felicem.
958 5632 1111 5682 Anno
1139 5627 1265 5693 358,
1293 5643 1410 5681 cum
1442 5627 1684 5699 Liberius
1714 5630 1822 5683 for-

252 5704 407 5758 tnuf=e
431 5702 550 5755 fidei
579 5702 838 5755 haeretica:
869 5701 919 5753 in
945 5699 1219 5754 Sirtnieusi
1248 5700 1451 5769 synodo
1482 5698 1650 5753 tertiae
1691 5698 1821 5753 sub-

255 5774 575 5841 scripsisset,
606 5772 896 5828 Constantii
927 5770 1077 5826 venia
1124 5779 1175 5825 et
1223 5768 1400 5839 populi
1426 5768 1687 5827 desiderio
1714 5776 1815 5833 hoc

1962 2130 2075 2199 ipso
2118 2129 2204 2182 die
2244 2129 2461 2201 Romam
2518 2129 2702 2193 rediit,
2752 2138 2806 2201 et
2845 2130 3073 2185 Felicem
3105 2133 3323 2201 expulit.
3370 2135 3532 2190 Sozu-

1961 2214 2127 2262 men.,
2157 2214 2226 2263 tv,
2254 2200 2351 2264 15;
2384 2200 2731 2270 Hieronymus
2759 2200 2809 2254 iu
2846 2201 3136 2267 Chronico,
3168 2200 3218 2257 et
3250 2204 3531 2261 Faustinus

1957 2280 2010 2323 et
2033 2270 2364 2325 Marcellinus
2387 2271 2435 2322 in
2460 2272 2667 2338 prmfat.
2691 2271 2755 2324 ad
2776 2270 3010 2325 libellum
3030 2275 3530 2337 precum—Iidem

1959 2340 2295 2393 Marcellinus
2324 2352 2377 2393 et
2407 2340 2705 2405 Faustinus,
2739 2350 2945 2394 narrata
2970 2342 3180 2409 gemina
3223 2346 3533 2408 expulsione

1958 2409 2145 2463 Felicis
2173 2410 2238 2463 ab
2270 2409 2429 2476 Urbe,
2462 2410 2608 2463 aiunt
2641 2428 2651 2462 :
2691 2427 2709 2461 ι
2748 2411 2874 2464 Ωοεῑ
2908 2426 3076 2463 annos
3106 2421 3247 2475 octo,
3291 2414 3532 2469 Valenti-

1955 2480 2113 2532 niano
2142 2489 2195 2532 et
2224 2479 2439 2532 Valente
2464 2494 2627 2546 coss.,
2677 2495 2817 2533 anno
2856 2495 2933 2534 sc.
2963 2481 3087 2544 565,
3119 2497 3152 2535 x
3180 2482 3530 2538 Kalendarum

1952 2549 2317 2603 Decembrium
2341 2549 2617 2603 defunctus
2640 2559 2722 2604 est
2745 2550 2911 2604 Felix.
2944 2570 2962 2602 ι
2993 2552 3344 2619 Depositionis
3375 2555 3533 2614 igitur

1949 2619 2015 2671 ab
2044 2620 2370 2690 episeopatu,
2401 2636 2503 2690 non
2529 2622 2719 2673 natalis
2757 2620 2872 2674 dies
2917 2622 3002 2674 hic
3043 2621 3356 2677 celebratur.
3394 2625 3526 2690 Quia

1950 2703 2081 2741 vero
2124 2703 2242 2759 quia
2290 2689 2354 2739 de
2387 2688 2575 2743 Felii-is
2612 2690 2863 2753 martyrio
2894 2690 3051 2743 tradit
3100 2688 3433 2759 Anastasius,
3478 2705 3531 2750 et

1950 2772 2013 2810 ex
2045 2773 2108 2812 eo
2142 2758 2252 2811 Ado
2282 2759 2475 2828 aliique
2507 2759 2870 2828 martyrologi,
2904 2760 3142 2813 fabulosa
3172 2762 3437 2827 videntur,
3472 2771 3528 2818 et

1950 2828 2286 2881 Marcellinus
2329 2837 2383 2881 et
2427 2827 2731 2893 Faustinus,
2769 2830 2958 2897 quibus
3006 2830 3127 2883 licet
3174 2832 3530 2890 schismaticis

1950 2905 2063 2951 tuto
2097 2898 2193 2951 hac
2225 2900 2273 2950 in
2303 2913 2360 2949 re
2392 2897 2523 2951 fides
2570 2898 2749 2951 haberi
2794 2909 2989 2967 poteSt,
3038 2915 3158 2955 cum
3205 2916 3266 2954 ea
3314 2915 3531 2958 narrent

1952 2983 2069 3033 qua)
2098 2967 2149 3020 in
2183 2970 2342 3021 totius
2373 2968 2526 3022 Urbis
2553 2980 2837 3032 conspectu
2872 2972 3138 3034 videntur,
3173 2971 3286 3025 loco
3316 2973 3527 3029 laudato

1952 3052 2072 3089 eum
2126 3047 2299 3091 morte
2347 3038 2574 3089 naturali
2622 3037 2932 3091 defunctum
2980 3040 3228 3103 tradunt,
3280 3042 3529 3095 existimo

1956 3106 2092 3179 hunc
2125 3106 2351 3179 Felicem
2377 3107 2495 3179 ideo
2516 3117 2803 3177 martyrem
2825 3109 3147 3175 appellatum
3174 3109 3354 3176 fuisse,
3385 3114 3527 3179 quod

1952 3178 2114 3229 multa
2168 3192 2262 3250 pro
2305 3176 2516 3250 Christo
2563 3176 2859 3250 pertulerit,
2912 3193 3013 3250 non
3068 3194 3212 3250 vero?
3242 3182 3380 3247 quod
3404 3176 3530 3250 ejus

1951 3260 2109 3298 causa
2139 3247 2346 3300 occisus
2376 3246 2553 3316 fuerit.
2580 3246 2692 3299 Non
2725 3257 2804 3300 est
2833 3247 2973 3316 quod
3016 3247 3134 3315 quis
3163 3249 3303 3303 dicat
3332 3253 3415 3305 hic
3441 3246 3528 3305 in-

1953 3316 2297 3385 telligendqu
2353 3329 2472 3370 esse
2518 3314 2751 3372 Felicem
2808 3314 3041 3384 primum
3091 3319 3188 3373 sub
3244 3322 3529 3377 Aureliano

1951 3386 2258 3453 martyrium
2310 3400 2543 3454 passum.
2577 3386 2705 3440 Nam
2752 3387 2896 3441 Felix
2949 3389 3150 3456 primus
3206 3390 3360 3456 paulo
3404 3401 3527 3446 ante

1949 3458 2370 3527 persecutionem
2416 3458 3042 3527 AureliauamadDeum
3092 3458 3361 3527 migravit,
3391 3472 3443 3514 et
3474 3465 3525 3518 in

1945 3525 2177 3578 lndiculo
2206 3525 2535 3596 Bucheriano
2556 3525 2897 3596 depositionis
2922 3525 3289 3596 episcoporum
3318 3546 3524 3586 memo-

1942 3603 2407 3667 ratur_,_nongvero
2433 3595 2482 3667 in
2517 3595 2751 3667 Indiculo
2782 3595 3128 3663 depositionis
3154 3610 3468 3667 martyrum.

2018 3674 2038 3701 ε
2071 3663 2344 3731 Simplicii.
2382 3663 2587 3717 Priures
2628 3664 2733 3717 duo
2765 3666 3089 3732 temporibus
3125 3663 3428 3721 Diocletiani
3472 3679 3526 3725 et

1941 3731 2249 3786 Maximiani
2283 3741 2401 3801 post
2432 3735 2591 3786 multa
2617 3731 2893 3802 supplicia,
2919 3735 3133 3803 alligato
3158 3750 3341 3791 eorum
3370 3741 3522 3797 Collis

1940 3818 2091 3869 saxo,
2126 3818 2152 3854 a
2185 3813 2342 3870 ponte
2373 3803 2564 3876 Lepidi
2615 3803 2666 3857 in
2720 3804 2950 3857 Tiberim
2977 3806 3157 3872 jactati
3199 3819 3338 3860 sunt.
3374 3809 3519 3876 Quo-

1940 3888 2055 3945 rum
2101 3888 2327 3945 corpora
2373 3874 2543 3945 levata
2568 3888 2597 3926 a
2624 3889 2807 3928 sorore
2837 3890 3020 3928 eorum
3056 3875 3291 3930 Beatrice
3318 3889 3371 3932 et
3400 3874 3518 3945 pre-

1938 3943 2168 4017 sbyteris
2195 3942 2382 4017 Crispo
2411 3955 2464 3996 et
2490 3943 2731 4017 Joanne,
2766 3946 2969 4017 sepulta
3000 3956 3123 3999 sunt
3158 3946 3219 4017 in
3268 3947 3382 4002 loco
3404 3942 3518 4017 qui

1939 4013 2229 4084 appellatur
2257 4014 2474 4069 Sextum
2506 4013 2755 4081 Philippi,
2786 4016 2866 4068 via
2894 4015 3192 4070 Portuensi.
3226 4017 3341 4084 Quo
3368 4013 3514 4074 eum-

1940 4092 2120 4154 perto,
2164 4082 2439 4138 Lucretius
2490 4085 2700 4151 quidam
2757 4098 2910 4139 nocte
2958 4082 3409 4154 praaf’ocari'fecit
3457 4092 3517 4146 8.

1937 4152 2226 4207 Beatricem
2253 4170 2461 4228 {quam
2485 4156 2543 4208 Β.
2576 4154 2771 4228 Lucina
2814 4152 2970 4228 juxta
2984 4166 3198 4228 sanctos
3227 4156 3357 4228 ejus
3398 4175 3519 4228 ger-

1938 4238 2121 4295 manus
2142 4226 2404 4295 sepelivit.
2438 4226 2631 4281 Sumus
2660 4225 2709 4279 in
2741 4228 2887 4279 Actis
2916 4225 2975 4282 8.
3003 4226 3237 4280 Anthitni
3272 4225 3515 4295 tomfllf,

1936 4292 2030 4367 die
2054 4309 2104 4367 x_t
2138 4293 2285 4367 Maii.
2309 4296 2445 4367 Anq-

2008 4362 2032 4400 ίι
2060 4362 2215 4430 Lupi.
2256 4366 2354 4430 Qui
2378 4362 2425 4418 θ’
2440 4364 2697 4418 monacho
2739 4365 2999 4419 Lirinensi
3032 4366 3196 4420 factus
3225 4366 3508 4433 episcopus

1934 4432 2219 4487 Trecarum
2260 4449 2378 4488 cum
2425 4436 2482 4488 S.
2528 4435 2790 4489 Germano
2838 4432 3273 4491 Autisiodorensi’
3302 4439 3354 4491 in
3397 4442 3511 4492 Bri-

1938 4509 2169 4576 tanniam
2211 4506 2472 4574 navigavit
2509 4518 2690 4559 contra
2743 4507 3047 4576 Pelagianos
3094 4507 3506 4572 decertaturus;

1936 4574 2020 4645 ubi
2058 4574 2336 4629 Verolamii
2382 4580 2584 4645 synodo
2617 4574 2884 4630 interfuit.
2908 4578 3076 4629 Bzedaa
3124 4578 3265 4631 Eccl.
3302 4579 3432 4633 flist.
3466 4595 3506 4643 t,

1937 4643 2022 4706 17,
2052 4656 2155 4698 etc.
2185 4643 2498 4712 Complures
2548 4647 2593 4699 ei
2637 4647 2893 4715 epistolas
2920 4644 3170 4701 Sidonius
3213 4646 3442 4715 scripsit,
3477 4664 3507 4703 a

1933 4728 2039 4781 quo
2087 4715 2367 4783 episcopus
2420 4716 2789 4783 episcoporum
2820 4754 2836 4777 ,
2867 4714 3052 4769 Gallia:
3100 4714 3401 4783 pontiticum
3432 4719 3511 4773 fa-

1934 4784 2034 4836 cile
2065 4787 2331 4851 priuceps,
2386 4787 2465 4838 vir
2490 4795 2721 4846 sanctus,
2770 4795 2899 4850 ctc.,
2946 4799 3049 4838 non
3097 4787 3259 4839 semel
3290 4787 3501 4843 dicitur.

1932 4852 2062 4906 Cum
2094 4856 2247 4927 anuis
2276 4854 2344 4907 52
2382 4854 2681 4927 sacerdotio
2710 4854 2916 4927 functus
2945 4864 3088 4927 esset
3116 4855 3313 4927 Trecis,
3345 4856 3509 4927 obiit,

1935 4932 1987 4976 et
2008 4926 2246 4995 sepultus
2274 4932 2354 4995 est
2380 4926 2429 4978 in
2453 4925 2752 4978 suburbana
2783 4925 3008 4993 ecclesia
3036 4924 3097 4979 8.
3122 4926 3319 4988 Mariae,
3358 4924 3505 4995 post;

1934 4994 2149 5047 modum
2196 4995 2253 5048 8.
2282 4994 2409 5060 Lupi
2450 4995 2610 5058 dicta,
2649 4996 2718 5047 ob
2742 4996 2927 5048 crebra
2971 4995 3224 5048 miracula
3273 4994 3390 5064 qua:
3438 4998 3504 5053 ad

1930 5063 2045 5130 ejus
2076 5066 2382 5132 sepulcrum
2426 5066 2641 5118 fiebant.
2685 5064 2793 5118 Hac
2830 5065 3055 5120 ecclesia
3106 5063 3303 5120 sarculo
3332 5082 3383 5120 ix
3433 5068 3510 5121 la-

1931 5134 2091 5186 bente
2119 5151 2146 5186 a
2172 5135 2507 5187 Nortmannis
2527 5134 2816 5197 destrueta,
2850 5149 2983 5189 nova
3015 5136 3147 5188 intra
3192 5137 3375 5190 urbem
3407 5141 3508 5193 sub

1930 5204 2166 5270 ejusdem
2199 5204 2256 5259 S.
2288 5204 2416 5270 Lupi
2462 5208 2673 5258 nomine
2703 5206 2858 5271 paulo
2889 5214 3005 5270 post
3030 5216 3295 5261 exsxructa
3319 5218 3422 5272 est,
3452 5208 3506 5263 in

1931 5289 2031 5340 qua
2060 5273 2200 5348 beati
2249 5274 2511 5348 pontiﬁcis
2541 5275 2774 5348 reliquiae
2797 5273 3051 5344 depositae
3090 5287 3232 5333 sunt.
3262 5277 3389 5348 Ejus
3420 5277 3506 5333 Vi-

1937 5352 2040 5395 tam
2071 5343 2259 5398 Surius
2290 5345 2445 5399 hodie
2476 5345 2651 5398 habet.

2000 5421 2023 5450 ⁶
2054 5413 2341 5480 Seraphiar.
2379 5414 2466 5468 Vel
2497 5414 2825 5482 Seraphinre,
2859 5415 2909 5469 in
2954 5415 3225 5471 Mamiensi
3268 5415 3502 5482 civitate,

1928 5484 2208 5547 anost,
2238 5485 2447 5538 MOLANI
2473 5486 2649 5537 Addit.
2678 5487 2727 5537 in
2757 5484 3073 5541 Usuardum.

2001 5557 2018 5593 ῐ
2055 5553 2311 5622 Prosperi.
2360 5556 2628 5609 Successit
2656 5554 2738 5608 hic
2790 5558 2847 5611 8.
2898 5558 3162 5611 Arriano:
3195 5565 3404 5611 exstant
3431 5555 3498 5611 ad

1925 5625 2065 5679 hunc
2106 5626 2298 5677 litterae
2339 5625 2541 5678 Sidonii
2585 5626 2912 5692 Apollinaris
2963 5627 3054 5680 lib.
3102 5642 3174 5689 ιι,
3220 5626 3372 5693 epist.
3410 5625 3498 5681 15.

1928 5694 2067 5749 Vixit
2110 5694 2435 5765 temporibus
2480 5694 2675 5750 Lt‘Oltls
2718 5697 2889 5765 Magni
2937 5696 3162 5751 Romani
3211 5696 3497 5765 pontificis,

1921 5774 2137 5840 .equalts
2170 5763 2227 5818 8.
2259 5765 2505 5835 l’rospcri
2535 5763 2985 5837 AquitanifNota:
3018 5768 3209 5823 Baron.
