3990 6196
504 318 608 385 991

1248 325 1449 383 ΒΕυᾹΞ
1488 326 1937 383 VENEBABILIS
1974 328 2121 384 OPP.
2164 329 2359 385 PARS.
2403 330 2488 383 IV.
2531 359 2597 369 —
2637 327 3009 384 IIISTORICA.

3633 326 3749 380 99‘!

1776 439 1996 492 EDITIU
2031 438 2487 493 COLONIENSIS.

511 523 840 587 haereticum,
877 537 995 578 cum
1033 523 1264 577 secundo
1287 523 1702 591 rebaptizaretur
1743 526 1809 580 ab
1839 525 2064 581 Eusebio
2092 532 2141 588 Α
2171 528 2250 595 gis
2301 529 2502 591 Attilze,
2545 528 2632 596 qui
2677 528 2902 582 Galliam
2959 528 3212 592 vastabat,
3267 528 3404 581 sicut
3449 528 3500 581 in
3532 527 3738 597 hymno

507 615 909 670 Nicomediense
954 615 1226 683 episcopo,
1275 624 1326 668 et
1354 616 1500 682 juxta
1547 627 1865 684 praeceptum
1915 619 2067 686 ejus-

507 705 628 760 dem
682 705 972 758 Constantii
1019 703 1238 770 Augusti
1287 705 1456 767 capite
1500 703 1864 759 detruncatur.
1919 707 2067 762 Sedit

508 806 686 851 autem
709 799 758 849 in
783 797 1087 862 episcOpatu
1120 809 1314 848 annum
1347 811 1529 861 unum,
1561 813 1770 852 menses
1793 807 1922 860 tres,
1950 799 2066 854 dies

507 886 658 940 duos.
694 886 891 939 Eodem
939 885 1024 937 die
1057 885 1231 952 passio
1268 895 1564 941 sanctorum
1609 890 1886 958 Simplicii,
1932 891 2070 945 Fau-

506 974 626 1028 stini
658 988 1050 1042 germanorum,
1084 973 1170 1042 qui
1199 975 1296 1027 sub
1327 975 1650 1031 Diocletiano
1670 987 1722 1032 et
1743 979 2068 1034 Maximiano

508 1064 559 1117 in
592 1063 717 1116 urbe
766 1063 997 1116 Romana
1051 1076 1264 1132 propter
1306 1065 1459 1120 ﬁdem
1489 1067 1706 1133 Christi,
1742 1080 1860 1137 post
1901 1072 2064 1124 multa

507 1167 570 1206 ac
593 1153 799 1207 diversa
831 1154 1082 1221 supplicia
1125 1154 1369 1208 decollati
1396 1165 1555 1221 sunt;
1599 1167 1653 1210 et
1690 1173 1938 1226 germana
1979 1175 2069 1214 eo-

506 1259 624 1298 rum
667 1245 878 1298 Beatrix
925 1245 1156 1308 nomine,
1203 1260 1267 1296 eo
1310 1247 1446 1311 quod
1473 1261 1691 1314 corpora
1722 1261 1903 1300 eorum
1943 1263 2068 1301 cum

504 1333 690 1402 Crispo
717 1341 771 1388 et
811 1333 1017 1388 Joanne
1060 1333 1384 1402 presbyteris
1431 1336 1688 1402 sepelivit,
1743 1353 1772 1390 a
1817 1337 2065 1392 Lucretio

508 1422 757 1490 praefecto
784 1421 1084 1490 praefocata,
1118 1422 1330 1476 tradidit
1355 1423 1613 1490 spiritum.
1651 1425 1931 1480 Lucretius
1971 1443 2066 1482 ve-

505 1527 567 1566 ro
613 1512 680 1567 ab
737 1513 1009 1567 immundo
1062 1513 1250 1581 spiritu
1297 1523 1560 1581 arreptus,
1591 1516 1642 1569 in
1693 1517 1937 1570 convivio
1965 1531 2068 1572 suo

507 1600 789 1667 expiravit.
837 1600 968 1654 Item
1019 1601 1280 1670 depositio
1334 1603 1471 1658 beati
1513 1603 1641 1671 Lupi
1669 1606 1924 1674 episcopi,
1973 1606 2066 1675 qui

507 1705 630 1745 cum
651 1705 903 1760 germano
952 1691 1096 1746 venit
1136 1692 1190 1746 in
1235 1692 1580 1759 Britanniam,
1609 1706 1662 1750 et
1689 1696 2068 1766 quinquaginta

503 1781 709 1839 duobus
733 1784 889 1840 annis
914 1783 1213 1840 sacerdotio
1237 1785 1448 1840 functus
1477 1795 1579 1852 est,
1598 1787 1684 1856 qui
1720 1795 1954 1856 tempore
1983 1803 2066 1841 re-

2169 615 2286 680 ejus
2311 615 2540 679 canitur,
2593 614 2718 667 dttm
2767 615 2899 668 bella
2946 624 3134 668 cuncta
3182 614 3481 681 perderent,
3527 617 3736 672 orando

2169 702 2367 757 Trecas
2395 703 2638 756 munivit.
2674 703 2739 756 Et
2761 702 3020 770 depositio
3046 702 3182 755 beati
3209 700 3456 770 Prosperi
3477 702 3736 772 episcopi.

2240 795 2306 846 A.
2345 791 2408 844 III
2447 791 2682 844 KALEND.
2725 793 2953 846 Ausus-1'.
2982 790 3162 844 Bonna:
3189 791 3376 844 Abdon
3413 801 3467 846 et
3516 791 3737 847 Sennen

2169 881 2436 950 subreguli
2477 881 2776 934 Persarum.
2803 880 2902 946 Qui
2931 895 3049 933 cum
3087 879 3326 934 Corduba
3353 881 3568 934 civitate
3608 882 3735 934 Per-

2169 986 2345 1026 sarum
2395 970 2600 1023 vincula
2656 976 2957 1036 paterentur
3011 983 3038 1020 a
3099 967 3258 1022 Decio
3290 1008 3304 1031 ,
3363 968 3430 1021 ad
3487 968 3734 1022 ultimum

2169 1059 2316 1114 duxit
2336 1074 2428 1114 eos
2453 1059 2671 1113 Romam
2702 1059 2900 1113 catenis
2927 1057 3200 1126 obligatos,
3233 1067 3285 1111 et
3311 1055 3534 1110 diversis
3565 1057 3737 1124 pinnis

2169 1160 2493 1214 maceratus,
2546 1150 2632 1202 ubi
2681 1149 2855 1216 primo
2891 1147 3170 1215 plumbatis
3207 1147 3352 1211 cesi,
3401 1147 3522 1200 dein
3559 1147 3739 1216 gladio

2170 1240 2427 1295 interfecti
2468 1250 2611 1294 sunt.
2660 1239 2813 1308 Apud
2866 1238 3097 1292 Africam
3149 1237 3413 1291 civitatem
3463 1237 3738 1299 Taburbo,

2167 1330 2458 1386 Iucernaria
2518 1330 2691 1398 passio
2759 1341 3058 1382 sanctarum
3112 1325 3418 1394 virginum,
3466 1325 3737 1391 Maxima,

2170 1421 2442 1476 Donatill.c
2463 1429 2518 1474 et
2540 1418 2812 1481 Secundae,
2845 1419 2943 1472 sub
2976 1417 3204 1487 Anylino
3228 1418 3582 1484 proconsule:
3614 1431 3737 1484 qua

2170 1519 2290 1580 post
2317 1509 2569 1579 plurimas
2597 1521 2728 1577 quas
2756 1507 3123 1560 sustinuerunt
3168 1521 3262 1573 pro
3291 1505 3498 1560 Christo
3533 1507 3734 1572 passio-

2168 1615 2283 1664 nes,
2313 1592 2486 1667 glaidio
2515 1613 2665 1652 caesa:
2695 1599 3003 1667 martyrium
3049 1605 3576 1652 consummaverunt.
3623 1598 3734 1652 An-

2169 1689 2454 1744 tissiodoro
2475 1687 2735 1756 depositio
2761 1689 2926 1740 sancti
2957 1686 3075 1741 Ursi
3105 1685 3360 1754 episcopi.

2241 1782 2298 1836 Β.
2332 1780 2480 1835 PMB.
2521 1779 2654 1833 ΚΑι..
2682 1777 2922 1835 Aususr.
2951 1776 3205 1832 Caesarea:
3233 1778 3403 1848 passio
3430 1778 3602 1832 sancti
3629 1776 3735 1832 Fa-

1724 1898 1948 1953 EDITIO
1991 1893 2484 1952 BOLLANDIANA.
3603 1967 3605 1969 _

568 1989 657 2046 '50.
685 2018 756 2029 —
780 1987 846 2043 lll
888 1988 1024 2043 ΚΑΙ..
1067 1988 1249 2044 Romte
1279 1993 1305 2021 ⁸
1337 1989 1521 2043 Abdon
1553 2000 1604 2042 et
1635 1990 1836 2044 Sennes
1883 1989 2067 2044 subre—
2099 1993 2142 2051 Β
2171 1987 2270 2040 bus
2295 1983 2520 2036 afflictus
2545 1989 2646 2044 est,
2678 1980 2870 2036 deinde
2913 1979 3157 2050 Sapricio
3187 1979 3437 2050 praefecto
3487 1982 3731 2048 traditus,

499 2079 735 2150 gulorum
761 2096 772 2132 :
797 2094 883 2146 qut
903 2094 1019 2132 cum
1048 2079 1101 2132 in
1125 2079 1377 2133 Cerdubze
1408 2079 1517 2150 [0,
1544 2079 1764 2134 Credula
1787 2096 1800 2143 ;
1829 2077 1915 2143 Β..
1936 2079 2065 2134 Cor-

497 2172 616 2224 tlula
642 2186 655 2234 ;
686 2169 766 2234 C.,
814 2167 1079 2240 Corduba]
1107 2170 1318 2225 civitate
1376 2170 1653 2224 Persarum
1686 2171 1888 2224 vincula
1921 2179 2065 2240 pate-

495 2269 678 2314 rentur
703 2273 731 2310 a
763 2257 945 2325 Decio,
977 2258 1041 2311 ad
1073 2259 1310 2312 ultimum
1359 2259 1505 2312 duxit
1537 2274 1627 2313 eos
1661 2259 1880 2313 Romam
1921 2270 2063 2314 cate-

494 2349 578 2403 nis
598 2349 852 2416 obligatos
877 2355 930 2401 et
949 2347 1171 2402 diversis
1193 2347 1363 2418 ptenis
1387 2357 1698 2414 maceratos,
1720 2348 1805 2402 tibi
1837 2347 2058 2419 primum

493 2438 778 2508 plumbatis
798 2439 943 2504 caesi,
972 2437 1163 2493 deinde
1187 2439 1360 2507 gladio
1388 2438 1647 2493 interfecti
1676 2450 1818 2493 sunt.

566 2525 754 2581 Florus
779 2527 830 2580 in
853 2526 918 2582 A.
942 2535 995 2580 et
1023 2527 1086 2582 τ.
1117 2528 1192 2583 sic
1225 2529 1454 2596 phrasim
1485 2530 1706 2582 mutavit
1733 2538 1787 2583 et
1809 2543 2057 2582 sensum:

495 2617 676 2672 Romae
705 2617 879 2686 passio
907 2619 965 2672 5.
1002 2617 1183 2672 Abdon
1236 2627 1290 2672 et
1343 2619 1543 2673 Sennes
1581 2636 1593 2671 :
1634 2618 1723 2686 qui
1751 2619 1816 2673 de
1843 2618 2059 2673 Persida

495 2703 718 2758 Romam
749 2713 1025 2772 venerunt,
1063 2713 1116 2758 et
1150 2705 1248 2759 sub
1288 2705 1447 2760 Decio
1478 2708 1792 2775 imperatore
1832 2707 2060 2763 diversis

495 2793 670 2862 pinnis
698 2794 945 2848 macerati
976 2793 1042 2847 ad
1071 2794 1308 2848 ultimum
1339 2794 1514 2864 gladio
1543 2796 1801 2851 interfecti
1844 2805 1987 2852 sunt.

565 2882 706 2938 Idem
739 2883 922 2940 Florus
953 2886 1003 2939 in
1032 2885 1095 2940 Τ.
1127 2895 1181 2938 et
1218 2885 1301 2950 L.,
1345 2886 1543 2941 Eodem
1574 2887 1659 2942 die
1709 2887 1888 2942 Romae
1933 2902 2055 2956 pas-

494 2975 577 3031 sio
605 2975 697 3031 S.”
737 2976 1013 3031 Tertullini
1041 2994 1053 3030 :
1086 2977 1171 3046 qui
1199 2986 1462 3046 prarcepto
1492 2977 1750 3032 Valeriani
1795 2993 1914 3033 cum
1954 2978 2057 3035 diis

494 3067 796 3124 sacrificare
824 3069 1008 3137 nollet,
1038 3066 1263 3137 primum
1294 3069 1517 3124 fustibus
1552 3077 1806 3124 mactatus
1845 3080 1899 3125 et
1925 3070 2060 3139 igni-

2172 2085 2433 2143 postqttaa
2461 2087 2521 2126 os
2550 2070 2664 2141 ejus
2695 2071 2953 2138 lapidibus
2999 2070 3143 2125 tundi
3191 2080 3246 2125 et
3292 2071 3479 2126 iterum
3527 2073 3734 2141 ignibus

2164 2166 2345 2233 afﬂigi,
2374 2173 2425 2218 et
2466 2163 2519 2217 iu
2562 2162 2840 2231 equuleum
2888 2160 3132 2228 suspendi
3175 2161 3354 2228 jussus
3383 2169 3484 2214 est.
3514 2162 3579 2215 Et
3607 2177 3732 2217 cum

2165 2255 2298 2309 vinci
2329 2267 2431 2308 non
2464 2259 2663 2317 posset,
2693 2250 2928 2302 nuntiata
2959 2250 3074 2317 ejus
3100 2252 3396 2303 constantia
3433 2251 3733 2318 Valeriano,

2163 2343 2282 2399 data
2310 2342 2568 2399 sententia
2591 2342 2761 2409 capite
2783 2342 2962 2409 jussus
2991 2351 3074 2396 est
3099 2342 3292 2410 puniri.
3321 2342 3424 2398 Sed
3458 2344 3570 2398 hac
3599 2357 3733 2398 con-

2165 2445 2363 2492 tractus
2419 2433 2481 2488 L.
2523 2432 2601 2488 sic
2644 2432 2908 2486 absolvit:
2939 2432 3038 2498 Qui
3084 2432 3232 2501 jussu
3278 2432 3564 2502 Valeriani,
3613 2443 3737 2504 post

2161 2530 2273 2584 dira
2308 2536 2595 2594 tormenta,
2623 2527 2794 2594 capite
2817 2525 2996 2595 jussus
3015 2536 3096 2580 est
3117 2525 3314 2593 puniri.

2236 2618 2322 2682 B.,
2347 2616 2684 2671 Autisiodoro
2709 2615 2968 2684 depositio
2995 2615 3052 2669 S.
3085 2617 3106 2645 ε
3139 2615 3256 2672 Ursi
3288 2615 3542 2686 episcopi.

2234 2711 2323 2765 3i.
2348 2738 2418 2750 -—
2446 2709 2486 2763 Il
2513 2706 2654 2763 Kac.
2687 2707 2851 2762 Vacat
2877 2707 3054 2762 Baeda.

2236 2800 2400 2855 Vacat
2429 2799 2590 2855 etiam
2621 2799 3050 2867 Supplementum
3087 2797 3415 2854 Divionense.

2235 2909 2298 2963 γ.
2328 2909 2414 2974 C.,
2441 2908 2805 2963 Autissiodoro
2821 2908 3080 2975 depositio
3103 2910 3160 2964 5.
3187 2908 3453 2963 Germani.
3478 2909 3544 2964 Et
3563 2912 3734 2966 natale

2165 2979 2264 3037 SS.
2315 2980 2624 3043 Secundini,
2656 2979 2909 3032 Maximus.
2935 2977 2994 3032 C.
3027 2979 3224 3032 Eodem
3253 2979 3337 3033 die
3367 2981 3735 3035 reconciliatio

2163 3051 2221 3106 5.
2259 3049 2479 3104 Nicolai.
2522 3050 2606 3115 Β..
2640 3048 2691 3103 ltt
2723 3046 2897 3102 Africa
2934 3048 3149 3102 civitate
3177 3049 3408 3105 Siudana
3439 3053 3612 3106 natale
3634 3051 3730 3107 SS.

566 3261 595 3289 ι
626 3251 821 3324 Abdon.
845 3249 981 3324 Cum
1012 3260 1397 3324 autemieorum
1427 3265 1649 3324 corpora
1679 3159 2058 3324 ubi_in_tsehril!elclt1i
2087 3159 2375 3322 gilii),
2407 3267 2525 3307 cum
2559 3252 2616 3308 S.
2663 3251 2928 3306 Germano
2951 3259 3153 3324 contra
3202 3250 3445 3324 haeresim
3474 3252 3731 3324 Pelagia-

495 3332 616 3379 sunt
643 3321 815 3374 triduo
837 3321 1148 3387 jaruissent,
1180 3321 1423 3385 Quirinus
1457 3322 1668 3388 quidam
1707 3321 2059 3377 subdiaconus

495 3406 556 3447 ea
580 3390 807 3458 collegit,
837 3400 890 3442 et
920 3390 970 3444 itt
1002 3392 1159 3444 domo
1189 3406 1282 3444 sua
1325 3391 1528 3444 occulte
1556 3390 1819 3458 sepelivit,
1853 3391 1938 3444 ubi
1980 3393 2060 3444 la-

494 3469 709 3515 tuerunt
751 3474 914 3525 usque
944 3461 1006 3513 ad
1040 3471 1274 3527 tempora
1321 3458 1675 3524 Coostantini,
1706 3471 1758 3513 et
1789 3470 1911 3514 tunc
1937 3475 2058 3514 cor-

495 3529 789 3599 poraiinde
836 3530 1002 3583 levata
1047 3540 1186 3593 sunt,
1219 3538 1271 3581 et
1317 3528 1772 3599 in__caameteriutn
1821 3529 2058 3585 Pontiani

496 3596 766 3654 iranslata.
803 3599 1006 3653 PETRUS
1036 3613 1100 3652 or.
1129 3599 1350 3661 ΝΑτΑι,’.,
1383 3596 1655 3663 Nouem,
1685 3601 1816 3652 Aoo.

569 3667 595 3705 ιι
625 3667 905 3722 Tertullini.
940 3669 1012 3724 De
1059 3668 1159 3722 hoc
1209 3676 1391 3736 postea
1433 3668 1520 3724 die
1563 3683 1615 3722 tv
1665 3669 1887 3738 Augusti
1936 3683 2063 3737 age-

497 3745 600 3792 tur.

573 3819 595 3846 ε
623 3805 759 3861 Ursi.
790 3807 886 3873 Qui
913 3807 1058 3875 juxta
1101 3806 1158 3862 5.
1204 3807 1467 3862 Amatoris
1515 3806 1781 3860 basilicam
1828 3807 2060 3862 reclusus

497 3878 917 3931 anachoreticam
947 3877 1093 3929 duxit
1121 3877 1300 3941 vitam,
1331 3888 1381 3928 et
1405 3891 1521 3928 cum
1554 3875 1606 3928 in
1636 3876 1848 3930 civitate
1876 3877 2056 3929 incen-

501 3946 644 4000 dium
676 3945 965 4006 accidisset,
1018 3947 1258 4012 precibus
1305 3946 1574 3999 exstinxit.
1625 3947 1737 4013 Qua
1784 3947 2059 4000 occasione

503 4015 669 4067 sancti
695 4015 788 4067 viri
808 4018 992 4067 merito
1009 4016 1296 4078 declarato,
1313 4015 1568 4068 Censurio
1587 4016 1793 4070 decimo
1812 4016 2060 4083 episcopo

502 4083 788 4136 decedente
825 4084 1086 4151 pontifice,
1121 4086 1166 4136 vi
1209 4095 1502 4138 extractum
1552 4087 1846 4151 prmsulatui
1895 4083 2059 4137 suffe-

500 4167 623 4207 cere
650 4169 665 4205 :
696 4163 749 4206 et
774 4154 904 4207 cella
932 4155 1065 4224 ejus,
1092 4155 1142 4207 itt
1171 4154 1446 4224 ecclesiam
1499 4156 1675 4207 cessit.
1727 4155 1912 4224 Exegit
1942 4154 2062 4224 vita:

501 4237 610 4275 suae
641 4232 844 4289 tempus
872 4227 1020 4277 annis
1044 4223 1106 4277 8i
1135 4241 1149 4287 ;
1180 4223 1436 4291 hodieque
1479 4226 1729 4290 moriens,
1763 4224 1815 4276 in
1845 4222 2058 4276 basilica

499 4293 556 4344 5.
590 4291 837 4345 Germani
860 4294 1122 4362 "sepultus
1163 4304 1263 4346 est.
1309 4293 1430 4346 Fuit
1477 4296 1801 4362 temporibus
1844 4292 2060 4362 Joannis

503 4371 832 4451 papai‘alque
857 4361 1062 4451 Felicis.
1095 4361 1298 4451 Lupet
1319 4360 1756 4451 Bth;Novl.tom.
1787 4361 1828 4425 I,
1851 4377 1906 4451 p.
1931 4361 2057 4451 4'38.
2090 4392 2143 4451 Β
2167 4362 2362 4443 lebant.
2396 4360 2980 4451 Bar0ttius_§ecundant
3019 4362 3100 4451 ⁸5ἰ
3139 4360 3389 4451 Germani
3440 4364 3741 4451 navigatio-
3840 4391 3856 4402 ς

576 4429 600 4468 ἀ
628 4429 887 4484 Germani.
918 4430 1139 4484 Natione
1182 4431 1655 4484 Autissiodurensis
1684 4447 1745 4485 ex
1782 4429 1926 4499 patre
1956 4431 2062 4484 Ru-

503 4500 638 4554 stico
662 4509 715 4552 et
745 4510 908 4552 matre
939 4500 1255 4554 Germanilla
1291 4516 1303 4549 :
1334 4501 1547 4552 sortitus
1591 4508 1672 4554 est
1717 4515 1934 4553 uxorem
1967 4516 2060 4553 no-

505 4574 647 4622 mine
674 4568 1025 4632 Eustachiam,
1058 4569 1497 4635 transniissusque
1525 4571 1590 4621 ad
1623 4569 1836 4634 Gallias,
1871 4578 1928 4622 ut
1955 4572 2062 4623 du-

502 4650 676 4691 catum
714 4639 972 4692 obtineret
1016 4654 1031 4691 :
1080 4651 1377 4708 cuntrvero
1407 4639 1478 4708 5.
1532 4638 1767 4708 Amatori
1814 4642 2063 4708 episcopo

505 4709 979 4774 Autissiodorensi,
1026 4708 1163 4776 quod
1204 4707 1322 4761 linis
1369 4707 1487 4760 vita:
1533 4707 1633 4760 sibi
1678 4707 1867 4772 praesto
1898 4719 2059 4768 esset,

504 4778 877 4840 innotesceret,
915 4777 973 4832 S.
1014 4777 1273 4831 Germano
1302 4778 1580 4831 ecclesiam
1631 4777 1940 4844 ingredienti
1968 4780 2063 4832 suo

507 4857 658 4914 patus
684 4847 891 4900 clericis
921 4847 1031 4900 suis
1076 4856 1230 4912 caput
1269 4847 1513 4913 totondit,
1565 4863 1684 4900 eum
1728 4861 2063 4914 praanoscens

509 4917 608 4969 sibi
659 4917 709 4968 in
756 4918 1058 4984 episcopatu
1108 4931 1496 4979 successurum,
1539 4931 1643 4983 quo
1691 4931 1786 4970 nec
1829 4918 1918 4969 ditt
1948 4928 2065 4985 post

506 4987 754 5049 obeunte,
783 4987 1014 5039 onminm
1049 4987 1180 5038 votis
1212 4985 1504 5039 Germanus
1547 4986 1834 5054 postulatus
1863 4989 2066 5052 episco-

508 5069 628 5122 pus,
658 5067 869 5107 coactus
895 5056 1128 5124 suscepit
1162 5056 1533 5124 sacerdotium.
1571 5058 1642 5108 De
1669 5056 1823 5121 hujus
1853 5059 2066 5124 naviga-

510 5126 652 5176 tione
690 5124 883 5190 duplici
931 5127 981 5176 itt
1041 5122 1356 5176 Britanniam
1386 5125 1454 5177 ob
1485 5125 1821 5177 refellendam
1871 5122 2063 5193 Pelagii

510 5193 731 5245 hmresin
766 5195 879 5245 vide
909 5193 1038 5245 Hist.
1075 5193 1215 5246 Eccl.
1264 5209 1301 5251 t.
1351 5195 1414 5246 I7
1441 5205 1490 5247 et
1521 5210 1660 5261 seq.,
1683 5205 1734 5247 et
1761 5195 2063 5247 Chronicon

507 5263 608 5316 sub
653 5262 926 5314 Martiano.
979 5263 1216 5328 Prosperi
1269 5261 1612 5330 Chronologta
1665 5279 1765 5330 qua
1819 5264 2067 5315 statuitur

507 5349 628 5384 eum
677 5332 844 5400 primo
874 5332 922 5383 in
956 5332 1269 5384 Britanniam
1315 5348 1340 5381 a
1389 5336 1592 5400 synodo
1623 5333 1886 5386 Gallicana
1929 5348 2066 5384 antto

507 5403 609 5456 4‘29
633 5419 746 5456 cum
773 5401 920 5468 Lupo
942 5401 1186 5453 Trecensi
1215 5401 1429 5452 missum
1453 5415 1591 5463 esse,
1611 5405 1814 5455 videtur
1836 5417 1953 5455 esse
1977 5417 2066 5455 ve-

509 5473 777 5526 risimilinr
805 5486 959 5536 quam
988 5469 1334 5538 Chronologia
1385 5470 1664 5535 Sigebetti,
1709 5474 1793 5537 qui
1839 5471 2064 5525 Germa-

511 5556 635 5595 ttuttt
667 5555 764 5595 iter
792 5543 889 5593 hnc
919 5541 1201 5593 instituisse
1231 5555 1368 5592 anno
1394 5539 1498 5591 446
1528 5539 1719 5601 tradit;
1751 5556 1816 5592 ex
1842 5557 1904 5593 eo
1927 5542 2064 5607 quod

513 5624 802 5681 anonymus
831 5611 880 5662 in
905 5609 1024 5681 AVita
1053 5611 1106 5663 S.
1141 5609 1268 5676 Lupi
1317 5610 1552 5681 scribat:
1589 5629 1608 5659 ‹
1647 5610 1838 5681 Exacto
1870 5610 2062 5681 biennii

514 5677 683 5744 spatio
711 5679 800 5749 (ab
835 5679 1133 5748 episcopatu
1178 5693 1367 5746 nempe
1395 5677 1526 5750 Lupi
1565 5694 1702 5734 anno
1733 5677 1833 5729 428
1860 5680 1920 5731 ad
1946 5693 2063 5732 eum

2165 3338 2308 3385 nam,
2335 3321 2459 3390 qua:
2487 3336 2672 3376 sanam
2701 3322 3037 3390 oppugnabat
3065 3321 3244 3386 fidem,
3298 3321 3350 3375 in
3402 3321 3728 3378 Britanniam

2163 3389 2431 3460 profectus
2480 3400 2582 3445 est.
2620 3409 2654 3460 il
2690 3389 3045 3460 iEatn’etiam
3101 3389 3360 3460 synodum
3405 3391 3731 3450 Gallicanam

2160 3459 2413 3515 autumno
2441 3476 2580 3514 anno
2605 3459 2708 3512 429
2740 3461 2995 3524 habitam,
3025 3459 3162 3530 idem
3193 3475 3489 3530 anonymus
3511 3463 3732 3526 indicat,

2161 3531 2373 3598 quando
2402 3531 2475 3584 ait
2500 3545 2593 3584 eos
2625 3530 2889 3594 profectos
2911 3529 3234 3598 temporibus
3265 3529 3517 3594 hibernis,
3547 3532 3598 3584 id
3626 3541 3728 3597 est,

2169 3599 2268 3653 sub
2293 3600 2446 3667 hujus
2474 3601 2594 3652 attni
2627 3600 2803 3653 finem.
2833 3600 3088 3651 Praeterea
3114 3599 3165 3651 in
3191 3613 3364 3652 rerum
3391 3600 3726 3668 Anglicarum

2169 3669 2518 3736 Chrono|0gia
2561 3669 2660 3723 hoc
2706 3669 2901 3722 saeculo
2932 3668 3018 3721 alii
3057 3667 3217 3721 duces
3266 3683 3294 3719 a
3340 3667 3613 3735 Sigeherto
3641 3684 3729 3723 ae-

2170 3740 2381 3806 quendi,
2415 3739 2533 3806 quia
2565 3739 2609 3791 is
2639 3739 2949 3805 plerumque
2977 3737 3027 3789 in
3059 3751 3273 3802 magnos
3294 3739 3736 3792 anachronismos

2171 3808 2370 3861 incidit.
2404 3806 2510 3862 Nec
2529 3807 2794 3862 Sirmondi
2828 3808 2876 3858 in
2907 3806 3206 3872 Appendice
3225 3806 3290 3858 ad
3318 3817 3443 3859 tom.
3471 3807 3536 3861 Ill
3565 3808 3732 3862 Cone.

2170 3879 2296 3930 edit.
2322 3877 2615 3931 Labbeaua‘.
2641 3886 3005 3943 argumentum
3038 3875 3244 3928 videtur
3269 3879 3496 3930 maxime
3524 3880 3728 3943 valere,

2165 3946 2516 4000 existimantis
2547 3948 2773 4015 priorem
2811 3945 3079 4015 Germani
3097 3945 3404 4015 legationem
3437 3948 3498 3998 in
3522 3947 3732 4001 Britan-

2166 4017 2305 4069 niam
2357 4011 2618 4085 pertinere
2665 4017 2730 4068 ad
2779 4029 2971 4066 annum
3019 4011 3295 4081 ιιιιϐζηυίδ
3326 4015 3477 4069 Baeda
3512 4019 3562 4068 in
3597 4015 3734 4070 Hist.

2167 4085 2308 4139 Eccl.
2342 4100 2381 4147 ι,
2415 4085 2501 4145 IO.
2531 4085 2726 4139 scribat
2747 4085 3023 4138 Britannos
3041 4091 3301 4148 praesente
3323 4085 3587 4138 Germano
3614 4101 3739 4140 cum

2166 4154 2324 4209 Pictis
2371 4163 2424 4207 et
2477 4155 2773 4209 Saxonibus
2825 4152 3162 4223 conflixisse;
3197 4153 3349 4222 longe
3396 4158 3536 4208 enim
3589 4157 3738 4223 prius

2163 4237 2318 4290 quam
2353 4224 2628 4293 Hengistus
2658 4239 2776 4278 cum
2825 4224 2933 4276 suis
2972 4222 3269 4276 Saxonibus
3312 4225 3361 4276 in
3407 4222 3736 4279 Britanniam

2163 4293 2470 4358 appulisset,
2498 4295 2797 4361 frequenter
2823 4293 2875 4345 itt
2910 4306 3026 4347 eam
3055 4293 3289 4361 Saxones
3325 4296 3622 4359 irrumpere
3653 4309 3741 4346 so-

2167 4447 2286 4486 nem
2317 4433 2368 4486 itt
2399 4448 2593 4487 annum
2622 4431 2726 4488 455
2751 4428 2955 4485 confert
2985 4439 3038 4484 et
3073 4444 3194 4483 eum
3239 4442 3416 4496 postea
3463 4443 3737 4486 mortuum

2165 4505 2373 4556 asserit.
2407 4502 2600 4556 Verum
2629 4500 2874 4556 Germani
2902 4513 3044 4553 mors
3071 4498 3138 4550 ab
3163 4515 3302 4552 anno
3328 4499 3432 4554 MS
3464 4503 3736 4555 removeri

2167 4586 2270 4624 non
2305 4581 2494 4636 potest.
2519 4572 2857 4626 Consuntius
2885 4572 3024 4622 enim
3053 4571 3103 4621 in
3135 4569 3401 4635 ejtts‘Vita
3431 4571 3502 4622 ait
3533 4588 3545 4620 τ
3581 4590 3602 4621 ι
3641 4571 3733 4625 Sc-

2165 4641 2240 4694 dit
2269 4640 2560 4694 Germanus
2611 4642 2662 4694 in
2702 4639 2986 4707 episcopali
3017 4639 3267 4692 cathedra
3301 4655 3467 4692 annos
3499 4641 3585 4702 30,
3620 4642 3736 4693 dies

2164 4709 2234 4760 25
2264 4727 2278 4762 :
2310 4710 2441 4764 obiit
2489 4724 2611 4763 vero
2653 4710 2820 4778 pridie
2865 4707 2984 4761 Kal.
3032 4712 3313 4778 Augustas,
3366 4709 3736 4763 Valentiniano

2167 4778 2337 4832 adhuc
2358 4780 2550 4846 juvene
2579 4777 2868 4843 imperante
2895 4792 3014 4830 cum
3044 4777 3269 4832 Placidia
3298 4789 3487 4831 matre.
3532 4796 3550 4829 ι
3590 4780 3732 4833 Idem

2167 4849 2526 4915 Constantius,
2561 4864 2597 4909 t,
2625 4846 2676 4912 5,
2718 4847 2826 4914 jam
2873 4851 3155 4914 scripserat
3195 4847 3254 4900 5.
3289 4853 3594 4902 Amatorem
3624 4849 3742 4915 ejus

2169 4917 2502 4972 decessorem
2545 4917 2611 4970 ad
2662 4917 2823 4970 Deum
2872 4920 3126 4985 migrasse
3175 4915 3530 4970 Kalendarum
3575 4917 3737 4970 Ilata-

2169 5001 2284 5038 rum
2315 4998 2499 5055 quarta
2533 4986 2680 5052 feria,
2717 4987 2938 5052 ideoque
2975 5001 3114 5038 anno
3146 4987 3322 5051 aliquo
3353 4989 3524 5040 littera
3556 4987 3742 5040 Domi-

2170 5056 2324 5108 nicali
2368 5056 2407 5108 F
2451 5065 2650 5120 notato,
2697 5057 2848 5108 sicuti
2893 5064 2976 5108 est
3020 5069 3190 5107 annus
3235 5057 3434 5109 Christi
3472 5055 3600 5120 διε,
3634 5072 3749 5124 quo

2169 5126 2288 5178 ideo
2316 5125 2403 5179 die
2433 5125 2598 5193 prima
2632 5125 2825 5178 mensis
2848 5124 2990 5189 Maii,
3017 5123 3247 5192 inquam
3282 5126 3411 5178 feria
3441 5137 3626 5192 quarta
3657 5123 3738 5180 in-

2169 5194 2397 5258 cidebat,
2451 5196 2670 5248 Amator
2716 5195 2957 5260 spiritum
3011 5197 3117 5248 Deo
3161 5196 3408 5248 reddidit.
3456 5199 3634 5259 Quare
3679 5198 3743 5251 S.

2171 5262 2464 5318 Germanus
2487 5279 2550 5317 ro
2581 5265 2776 5333 pariter
2797 5279 2960 5328 anno,
2981 5263 3067 5317 die
3095 5267 3318 5330 septima
3348 5265 3496 5328 Julii,
3519 5267 3604 5333 qui
3636 5265 3744 5320 Do-

2170 5334 2431 5386 IIIIlIlt'alIS
2456 5336 2566 5399 fuit,
2594 5343 2932 5402 consecratus
2956 5345 3036 5386 est
3060 5336 3358 5400 episcopus,
3383 5346 3435 5387 et
3459 5346 3740 5402 postquam

2169 5407 2392 5456 ευιιιδερι
2413 5420 2579 5455 annos
2609 5404 2675 5458 50
2698 5413 2750 5456 et
2772 5404 2885 5455 dies
2904 5401 2994 5466 25,
3034 5405 3164 5456 οῠιη
3206 5404 3292 5457 die
3321 5401 3506 5457 ultima
3542 5406 3741 5458 mensis

2169 5471 2291 5525 Julii
2322 5475 2444 5525 anni
2483 5474 2607 5526 488.
2637 5475 2768 5525 Cum
2817 5477 2990 5540 itaque
3038 5473 3193 5538 paulo
3223 5484 3344 5526 ante
3398 5487 3645 5536 ntortem,
3681 5485 3740 5527 ut

2170 5554 2377 5594 constat
2406 5557 2470 5596 cx
2501 5542 2786 5595 Constantii
2819 5543 2911 5597 lib.
2960 5557 3018 5605 tt,
3067 5543 3125 5598 5.
3177 5544 3472 5597 Germanus
3515 5558 3639 5598 cum
3682 5547 3740 5597 5.

2169 5613 2366 5665 Severo
2419 5615 2668 5679 episcopo
2715 5612 3016 5666 'l‘revirensi
3061 5614 3265 5682 collega
3312 5616 3362 5666 itt
3413 5614 3743 5666 Britanniam

2173 5682 2456 5748 trajeccrit.
2499 5684 2608 5736 lucc
2631 5683 2821 5752 legatio
2843 5683 2909 5736 ad
2932 5698 3126 5737 annum
3151 5683 3361 5738 circiter
3386 5683 3487 5736 H7
3509 5694 3745 5746 spectat.
