3990 6196
486 314 594 372 995

1260 306 1461 364 ΒΕοΕ
1501 307 1944 363 VENEBABILIS
1983 305 2131 360 OPI’.
2175 304 2351 363 PARS
2391 307 2478 362 IV.
2527 335 2590 348 --
2628 306 3004 364 IIISTORICA.

3609 303 3715 359 99ίί

1740 416 1964 473 EDITIO
1999 416 2459 475 COLONIENSIS.

558 514 619 567 D.
639 512 705 567 IV
722 511 854 566 Non.
886 510 1117 567 Aucusr.
1147 511 1329 564 Romae
1352 507 1517 563 sancti
1537 507 1783 576 Stephani
1808 523 1974 576 papas,
1997 519 2048 561 et
2077 511 2128 568 Α
2157 509 2452 576 appellatur
2479 510 2840 565 cmmeterium
2877 510 3080 565 Calisti.
3113 509 3260 565 Sedit
3296 519 3470 564 autem
3499 511 3552 565 in
3597 515 3709 579 cpi.

488 605 758 672 martyris,
806 603 903 657 sub
935 603 1214 657 Valeriano
1254 614 1308 654 et
1331 600 1570 653 Gallieno
1611 600 2033 667 imperatoribus.

486 698 586 764 Qui
635 712 753 749 cum
805 695 1097 762 persecutio
1138 707 1276 745 saeva
1331 703 1678 759 grassaretur,
1715 700 2044 772 congregato

488 789 732 840 Universo
761 785 907 837 clero
929 798 1044 845 suo,
1087 781 1326 834 hortatur
1357 791 1410 833 ut
1434 796 1527 845 pro
1554 780 1763 834 Christo
1791 795 2039 834 coronam

486 873 721 944 martyrii
751 873 994 926 alacriter
1030 872 1375 939 susciperent.
1419 871 1517 924 Hic
1553 872 1824 924 constituit
1871 881 1926 924 ut
1958 885 2040 924 sa-

486 964 726 1017 cerdotes
771 972 824 1014 et
864 961 1037 1013 levita:
1088 970 1262 1013 vestes
1307 975 1486 1014 sacras
1537 960 1587 1013 in
1616 962 1921 1029 quotidiano
1943 976 2039 1014 usu

487 1068 591 1107 non
618 1053 892 1113 haberent,
922 1050 1021 1103 nisi
1081 1058 1281 1102 tantum
1327 1049 1376 1102 in
1409 1050 1649 1103 ecclesia.
1703 1051 2044 1105 Ordinaverat

484 1152 591 1196 tres
623 1143 979 1211 presbyteros,
1011 1148 1065 1195 et
1096 1150 1295 1203 septem
1324 1139 1594 1206 diaconos,
1618 1147 1671 1192 et
1703 1140 1924 1193 clericos
1953 1140 2046 1192 de-

485 1246 621 1295 cem,
673 1247 790 1285 cum
849 1229 1037 1297 quibus
1085 1228 1153 1282 de
1184 1243 1344 1295 regno
1395 1227 1485 1280 Dei
1539 1228 1749 1282 assidue
1801 1229 2048 1281 docebat.

492 1322 684 1374 Beatus
734 1321 888 1388 igitur
930 1319 1250 1385 Stephanus,
1297 1326 1414 1384 post
1443 1319 1604 1371 multa
1635 1333 1749 1384 quae
1793 1329 2041 1385 operatus

484 1419 566 1463 est
594 1410 751 1473 bona,
799 1408 976 1461 missis
1020 1421 1048 1458 a
1096 1405 1378 1460 Valeriano
1429 1407 1699 1471 militibus,
1738 1406 1915 1473 jussus
1965 1419 2046 1462 est

484 1500 770 1564 decollari;
801 1499 890 1568 qui
923 1497 1196 1550 venientes
1226 1496 1534 1550 invenerunt
1559 1511 1678 1549 eum
1723 1498 2043 1551 sacriﬁcium

485 1589 596 1643 Deo
623 1590 951 1648 offerentem.
975 1597 1029 1641 et
1057 1587 1450 1640 decollaverunt
1476 1600 1595 1641 eum
1621 1589 1671 1641 in
1693 1589 1875 1641 eodem
1906 1590 2043 1643 Ioco.

484 1680 646 1747 Cujus
692 1693 882 1745 corpus
920 1677 1206 1731 Christiani
1239 1677 1561 1743 sepelierunt
1605 1677 1656 1729 in
1686 1663 1870 1731 eadem
1919 1693 2042 1746 cry-

486 1781 593 1840 pta,
619 1771 705 1824 ubi
737 1769 954 1824 astantis
977 1766 1175 1822 effusus
1204 1775 1286 1820 est
1316 1767 1526 1834 sanguis
1561 1766 1698 1835 ejus,
1731 1767 1782 1820 in
1813 1768 1928 1821 loco
1950 1769 2041 1836 qui

2147 607 2362 665 scopam
2413 609 2616 667 septem
2653 614 2842 666 annos,
2892 616 3100 654 menses
3129 601 3382 670 quinque,
3431 603 3546 656 dies
3576 613 3705 659 tres.

2147 685 2346 739 Eodem
2375 687 2463 741 die
2507 688 2680 742 natale
2718 697 2913 741 sanctae
2959 689 3268 752 Theodotus,
3303 704 3421 742 cum
3448 691 3612 744 tribus
3642 691 3707 744 fi-

2148 774 2232 828 liis
2255 776 2363 830 suis
2395 777 2445 830 in
2478 779 2750 845 provincia
2799 778 3056 847 Bithynia,
3085 780 3216 833 urbe
3243 779 3437 841 Nicaea,
3467 790 3706 848 tempore

2152 864 2480 932 Diocletiani,
2529 868 2628 921 sub
2676 869 2872 920 comite
2921 869 3202 932 Leucadio,
3255 869 3341 938 qui
3382 870 3517 924 hanc
3567 872 3706 925 ferro

2150 956 2377 1010 vinctam
2424 973 2542 1012 cum
2577 959 2718 1020 ﬁliis,
2751 961 3014 1013 consulari
3056 958 3313 1029 Bithynia:
3362 961 3563 1016 Nicetio
3617 965 3710 1017 de-

2151 1045 2384 1100 stinavit.
2417 1049 2484 1098 At
2513 1047 2600 1099 ille
2632 1048 2792 1100 lilium
2834 1047 2947 1115 cjns
2997 1049 3396 1118 primogenitum
3449 1051 3705 1105 Evodium

2151 1135 2415 1188 Christum
2441 1136 2753 1190 ﬁducialiter
2782 1138 3122 1190 conﬁtentem
3155 1137 3277 1192 fecit
3307 1137 3530 1192 fustibus
3558 1141 3715 1207 cedi,

2151 1223 2343 1278 deinde
2373 1225 2512 1278 illam
2542 1241 2661 1280 cum
2701 1227 2944 1280 omnibus
2977 1228 3102 1281 ﬁliis
3133 1231 3252 1297 igne
3278 1231 3540 1283 consumi.
3570 1229 3716 1284 Scri-

2154 1324 2297 1386 ptum
2325 1325 2407 1368 est
2444 1317 2496 1369 in
2522 1317 2771 1370 Passione
2792 1318 2848 1372 8.
2877 1319 3196 1372 Ληεειειεὲω.

2223 1406 2282 1460 Ε.
2328 1407 2385 1460 lll
2416 1408 2546 1462 Nos.
2577 1410 2813 1463 Aucusr.
2842 1408 3189 1480 Jerosolymis
3218 1411 3451 1466 inventio
3478 1413 3716 1480 corporis

2151 1497 2322 1550 sancti
2356 1497 2609 1566 Stephani
2654 1503 3081 1570 protomartyris,
3113 1511 3164 1555 et
3190 1512 3491 1556 sanctorum
3523 1504 3716 1558 Gama~

2151 1588 2305 1654 lielis,
2357 1588 2625 1642 Nicodemi
2679 1600 2732 1642 et
2777 1591 3007 1655 Abibon,
3056 1593 3192 1646 sicut
3236 1595 3523 1647 revelatum
3575 1605 3715 1649 est:

2150 1678 2374 1732 Domino
2397 1679 2559 1734 beato
2595 1680 2829 1734 Luciano
2859 1682 3191 1752 presbytero,
3237 1683 3464 1752 septimo
3496 1684 3713 1736 Honorii

2150 1767 2403 1835 principis
2452 1783 2614 1822 anno.
2645 1769 2771 1822 Item
2817 1769 2868 1824 in
2922 1770 3204 1825 Antiochia
3252 1773 3420 1825 sancti
3451 1771 3707 1840 Stephani

1723 1877 1948 1932 EDITIO
1989 1875 2485 1930 BOLLANDIANA.

485 1969 788 2026 vicesimam
831 1967 1052 2036 primam
1083 1983 1292 2035 semper
1322 1978 1557 2020 sanctum
1589 1966 1786 2020 Pascha
1817 1967 1902 2021 die
1932 1968 2034 2021 Do-
2076 1969 2122 2028 B
2149 1967 2404 2036 martyrio
2448 1976 2730 2022 coronatus
2775 1977 2855 2023 est
2907 1968 2958 2024 in
3012 1972 3381 2038 persecutione
3445 1973 3708 2032 Valeriani

487 2061 682 2116 minico
710 2059 1099 2121 celebraretur;
1149 2071 1441 2125 passusque
1467 2067 1545 2111 est
1576 2058 1880 2127 martyrium
1916 2069 2048 2112 tem-

486 2164 614 2218 pore
643 2158 669 2185 ι
716 2147 993 2202 Commodi
1041 2155 1092 2199 et
1147 2144 1452 2199 Granionis.
1502 2145 1764 2211 Scriptum
1814 2149 1866 2200 in
1915 2148 2049 2202 libro

487 2241 874 2308 episcoporum.
906 2238 958 2291 In
1005 2237 1273 2304 Hispaniis
1313 2235 1558 2289 Gerunda
1596 2236 1830 2302 civitate,
1876 2238 2048 2303 passio

487 2330 546 2384 8.
577 2328 602 2368 δ
636 2327 822 2383 Felicis
847 2344 860 2380 :
887 2326 972 2380 hic
995 2327 1133 2379 enim
1157 2336 1277 2394 post
1307 2324 1471 2378 multa
1502 2333 1761 2379 tormenta
1792 2326 1946 2378 mulis
1975 2326 2050 2379 al-

486 2419 695 2488 ligatus,
727 2426 779 2471 et
813 2431 902 2485 per
931 2416 1198 2469 civitatem
1231 2424 1430 2469 tractus
1453 2423 1553 2479 est,
1599 2413 1792 2468 deinde
1827 2427 2050 2482 suspen-

487 2525 598 2575 sus,
631 2519 684 2563 et
713 2509 763 2562 itt
793 2522 939 2562 mare
968 2507 1236 2576 projectus
1263 2520 1384 2559 cum
1426 2505 1492 2557 ad
1533 2505 1677 2558 littus
1722 2504 1920 2557 auxilio
1949 2505 2052 2557 Do-

487 2600 614 2653 mini
645 2598 990 2667 pervenisset,
1041 2597 1092 2649 in
1145 2604 1344 2648 tantum
1383 2605 1465 2648 est
1492 2593 1696 2661 ungulis
1726 2593 1914 2648 ferreis
1943 2593 2052 2647 dis-

486 2701 720 2757 cerptus,
745 2697 804 2741 ut
833 2689 930 2740 hac
950 2685 1292 2739 dilaniatione
1319 2685 1588 2737 deﬁceret.

558 2821 647 2882 γ..
675 2820 870 2874 Natalis
899 2833 918 2859 ε
948 2818 1094 2885 Spei,
1132 2817 1298 2879 Fidei,
1329 2814 1631 2877 Charitatis,
1659 2826 1711 2871 et
1742 2827 1925 2871 matris
1957 2830 2044 2869 ea-

488 2907 604 2945 rum
630 2892 929 2956 Sapientiae.
956 2891 1042 2951 T.,
1077 2888 1192 2954 Ipso
1222 2887 1304 2939 die
1325 2886 1573 2939 transitus
1600 2885 1656 2939 S.
1686 2891 1717 2956 d7
1740 2887 1917 2956 Jonati
1937 2886 2045 2956 dis-

488 2963 642 3029 cipuli
673 2955 729 3015 S.
760 2959 1002 3012 Amandi.
1038 2958 1118 3023 B.,
1149 2956 1202 3009 In
1240 2957 1483 3022 liispania
1510 2955 1752 3009 Gerunda
1788 2955 1957 3010 natale
1980 2955 2038 3009 S.

489 3031 698 3085 Felicis.

555 3168 610 3222 2.
638 3198 704 3208 —
737 3166 798 3221 IV
845 3166 1038 3220 Nonas.
1089 3165 1268 3218 ltomzc
1315 3162 1372 3219 S.
1405 3172 1428 3200 ο
1475 3161 1726 3232 Stephani
1771 3164 2053 3247 paprequi

2154 2055 2426 2124 principis.
2473 2057 2668 2111 Eodem
2692 2057 2777 2112 die
2799 2059 2971 2113 natale
2993 2060 3052 2114 S.
3083 2061 3370 2117 Theodota
3397 2078 3518 2117 cum
3544 2068 3714 2121 tribus

2152 2146 2273 2199 ﬁliis
2300 2147 2406 2200 suis
2431 2147 2480 2199 in
2513 2148 2777 2215 provincia
2811 2148 3069 2217 Bithynia,
3098 2150 3230 2204 urbe
3255 2152 3448 2219 Nicaea,
3476 2164 3715 2222 tempore

2155 2235 2488 2304 Diocletiani,
2519 2238 2619 2292 sub
2667 2243 2862 2293 comite
2890 2239 2906 2276 τ
2940 2240 3202 2294 Leocadio
3233 2261 3244 2294 :
3275 2245 3362 2312 qui
3403 2245 3540 2298 hanc
3582 2247 3720 2301 ferro

2154 2327 2379 2380 vinctam
2409 2341 2528 2381 cum
2563 2327 2684 2382 ﬁliis
2711 2329 2976 2383 consulari
3007 2329 3268 2400 Bithyniae
3316 2332 3522 2387 Nicetio
3551 2335 3720 2390 desti-

2155 2419 2316 2473 navit.
2348 2420 2414 2470 At
2444 2417 2532 2472 ille
2563 2419 2736 2486 primo
2781 2419 2947 2473 ﬁlium
2991 2421 3107 2489 ejus
3140 2422 3546 2491 primogenitum
3581 2426 3721 2477 Evo-

2157 2506 2325 2572 dium,
2354 2506 2622 2561 Christum
2650 2507 2960 2563 ﬁducialiter
2983 2510 3325 2565 confitentem
3349 2511 3476 2566 fecit
3495 2513 3722 2568 fustibus

2155 2598 2286 2652 caedi
2319 2615 2330 2650 :
2363 2598 2552 2654 deinde
2581 2599 2723 2654 illam
2751 2614 2869 2654 cum
2893 2602 3143 2655 omnibus
3174 2602 3295 2655 ﬁliis
3318 2605 3435 2672 igne
3459 2608 3722 2660 consumi.

2158 2684 2443 2755 (Hactenus
2473 2688 2563 2757 A.)
2597 2689 2858 2756 Scriptum
2898 2691 2949 2743 in
2972 2689 3227 2746 Passione
3254 2691 3310 2746 S.
3338 2700 3363 2738 8
3401 2692 3721 2749 Anastasia.

2154 2777 2310 2900 mg},
2344 2779 2396 2832 In
2426 2778 2569 2832 Italia
2601 2780 2819 2834 civitate
2838 2779 3043 2836 Verona
3070 2781 3246 2838 natale
3272 2781 3365 2839 SS.
3397 2782 3598 2838 Felicis
3623 2795 3678 2840 et
3698 2782 3723 2822 δ

2202 2861 2320 2901 ICCI.

2217 2939 2275 2993 5.
2300 2968 2369 2978 —
2396 2936 2598 2997 Nonas.
2622 2938 2785 2994 Vacat
2814 2940 2994 2995 Baeda.

2232 3027 2321 3102 Υ..
2365 3027 2554 3102 Itomaa.
2579 3030 2634 3083 8.
2662 3030 2930 3102 Diogenis,
2981 3033 3255 3102 Stephani.
3293 3033 3356 3087 Et
3403 3033 3666 3099 depositio
3697 3034 3712 3073 ί

2165 3096 2415 3172 [ΞιιῐιςιιιὶίΔ
2444 3098 2695 3166 episcopi.
2743 3096 2827 3172 Cl,
2875 3096 3296 3172 Bonne'natalis
3334 3104 3393 3157 S.
3448 3096 3714 3172 Drogenti.

2165 3165 2418 3235 Stephani
2444 3165 2842 3238 protomartyris
2870 3171 2923 3224 in
2956 3169 2972 3220 i
3013 3173 3227 3226 Ancona
3260 3191 3274 3226 :
3305 3173 3392 3227 ubi
3423 3165 3610 3228 haberi
3641 3176 3718 3227 di-

1863 3279 2067 3334 SMITII
2105 3279 2328 3335 NOTAE.

558 3389 584 3416 ι
621 3377 899 3432 Commodi.
931 3373 1329 3435 EtGlahrionis,
1354 3386 1455 3425 non
1479 3369 1778 3424 Granionis.
1809 3371 2050 3443 Hisvero
2078 3373 2125 3437 C
2159 3371 2344 3443 voluit,
2395 3381 2450 3425 ut
2496 3372 2611 3441 ejus
2657 3373 2900 3443 conjugio
2948 3382 3239 3429 necteretur
3276 3391 3292 3429 :
3323 3374 3414 3430 sed
3465 3391 3586 3429 cum
3630 3377 3718 3432 illa

486 3450 792 3504 consulibus
824 3461 925 3498 non
954 3443 1258 3513 martyrium
1295 3457 1476 3508 passus
1506 3451 1610 3506 est,
1651 3443 1740 3493 sed
1769 3442 2048 3513 pontiﬁca-

486 3530 596 3573 tum
622 3519 736 3570 iniit
762 3534 775 3568 :
809 3517 860 3568 In
890 3512 1153 3569 Chronico
1180 3513 1319 3565 enim
1351 3523 1585 3565 veterum
1639 3512 1941 3576 pontiﬁcum
1974 3512 2046 3565 le-

485 3593 624 3656 gitur
649 3605 661 3640 :
699 3605 717 3638 ι
750 3584 869 3641 Fuit
897 3601 924 3635 a
946 3585 1224 3656 consulatu
1254 3580 1529 3656 Commodi
1558 3597 1608 3644 ν,
1639 3589 1693 3656 et
1721 3580 2044 3656 Glabrionis,

487 3649 537 3710 id
568 3666 648 3710 est
677 3657 744 3709 ab
772 3671 860 3707 an.
908 3653 1029 3718 I86,
1060 3666 1227 3720 usque
1253 3651 1509 3703 Laterano
1556 3657 1609 3703 et
1638 3649 1852 3714 Rufino,
1883 3650 1934 3703 id
1969 3659 2052 3706 est

485 3728 572 3780 ad.
605 3743 689 3777 an.
724 3725 839 3779 I9I.
872 3741 890 3773 ι

556 3796 582 3833 b
627 3792 829 3846 Felicis.
883 3792 979 3858 Qui
1029 3791 1093 3844 de
1137 3789 1422 3861 Scyllitana
1465 3785 1596 3861 urbe
1628 3788 1900 3853 Oriundus,
1945 3802 2046 3842 una

486 3881 606 3918 cum
636 3857 941 3930 Cucuphate
965 3862 1034 3914 de
1051 3876 1154 3928 quo
1184 3857 1340 3930 supra
1366 3857 1639 3930 xxvyiulii,
1666 3873 1897 3930 ascensa
1919 3871 2049 3930 nave

489 3936 542 3987 in
572 3927 910 3986 Occidentem
941 3927 1100 3982 venit.
1147 3930 1209 3980 Et
1236 3927 1540 3994 aliquandiu
1563 3943 1679 3981 cum
1710 3929 1844 3992 apud
1870 3928 2049 3980 Barci-

487 4017 703 4066 nonam,
737 4001 1014 4064 Empurias
1039 4009 1092 4052 et
1117 3999 1416 4052 Gerundam
1450 3997 1808 4066 praedicasset,
1828 3996 2047 4066 jubente

489 4064 720 4126 Daciano
774 4068 1096 4135 temporibus
1145 4067 1451 4120 Diocletiani
1496 4082 1524 4118 a
1573 4064 1762 4117 Ruﬁno
1799 4065 2045 4135 _olﬁciali

495 4151 669 4195 tentus
700 4149 802 4203 est,
830 4133 1028 4204 etpost
1055 4139 1199 4190 varia
1231 4146 1488 4188 tormenta
1530 4138 1754 4199 occisus,
1786 4133 2046 4187 Gerunda:

491 4212 544 4265 in
577 4217 950 4272 monumento,
987 4208 1126 4274 quod
1176 4207 1288 4272 ipse
1330 4205 1430 4258 sibi
1472 4214 1769 4274 paraverat,
1801 4204 2044 4274 conditus

487 4289 586 4332 est.
624 4282 756 4341 Ano,
789 4273 1012 4342 Sestos,
1033 4286 1160 4328 tom.
1191 4275 1280 4340 IV,
1313 4277 1363 4328 in
1395 4279 1540 4328 Actis
1563 4275 1619 4328 S.
1648 4273 1963 4340 Cucuphatis
1991 4279 2046 4324 et

489 4350 661 4416 primo
689 4348 773 4400 die
806 4346 1046 4416 Augusti,
1078 4345 1164 4399 ubi
1193 4347 1258 4400 de
1287 4347 1398 4416 ipso
1428 4345 1617 4416 agitur.

561 4428 584 4457 ο
628 4417 768 4486 Spei.
800 4409 1075 4469 Iiafetiam
1101 4429 1258 4482 supra
1289 4409 1530 4466 coluntur
1558 4412 1682 4466 Julii
1708 4411 1792 4464 die
1816 4425 1853 4475 ι,
1876 4418 1930 4464 et
1956 4409 2048 4464 Ju-

485 4503 556 4543 nll
589 4501 734 4539 XXIII.

559 4556 585 4596 ἀ
623 4555 816 4608 Jonati.
866 4552 964 4618 Qui
1015 4551 1214 4619 primtts
1268 4551 1362 4604 fuit
1400 4550 1559 4603 abbas
1599 4546 1878 4619 Marcianis
1939 4547 2052 4604 sive

488 4627 766 4686 Marceuis,
800 4637 860 4676 ac
889 4617 1082 4676 ibidem
1112 4624 1344 4674 elevatus
1365 4620 1606 4688 quiescit.
1643 4617 1839 4670 Natalis
1863 4618 2052 4672 incidit

487 4697 539 4750 iu
570 4696 683 4749 Kal.
718 4694 936 4760 Augusti
964 4710 979 4745 :
1012 4691 1237 4744 elevatio
1266 4692 1316 4743 in
1345 4699 1553 4742 sextum
1597 4689 1781 4741 Iduum
1828 4688 2048 4756 Aprilis.

487 4767 736 4819 MULANUS
758 4766 826 4815 de
854 4763 1060 4816 Sanctis
1091 4761 1271 4828 Belgii.

558 4845 582 4872 ⁸
624 4833 886 4894 Stephani.
923 4832 1016 4882 llic
1044 4831 1101 4882 8.
1147 4826 1305 4882 Lucio
1345 4826 1578 4894 pontiﬁci
1628 4826 1880 4880 successit
1909 4839 2051 4881 anno

485 4903 625 4968 255;
668 4902 866 4968 fuitque
895 4899 1214 4966 temporibus
1256 4899 1511 4950 Valeriani
1541 4905 1595 4968 et
1619 4898 1839 4949 Gallieni
1863 4909 1892 4948 a
1921 4909 2054 4968 con-

489 4964 660 5027 sulatu
695 4964 968 5024 Volvusiani-
989 4964 1040 5021 et
1064 4967 1270 5020 Maximi
1303 4981 1468 5033 usque
1493 4966 1558 5018 ad
1587 4969 1916 5018 consulatum
1955 4964 2051 5016 Va-

490 5043 671 5095 leriani
694 5056 747 5094 tv
771 5051 825 5093 et
846 5039 1066 5093 Gallieni
1085 5052 1162 5098 tu,
1178 5038 1447 5090 hocestab
1465 5051 1604 5088 anno
1619 5033 1722 5086 253
1734 5035 1798 5088 ad
1822 5049 1909 5086 an.
1925 5034 2052 5087 257.

488 5111 545 5163 8.
560 5113 820 5179 Cypriane
839 5117 892 5161 et
909 5107 977 5160 Af
977 5108 1168 5179 ricame
1188 5106 1433 5159 Ecclesia:
1454 5105 2050 5179 “communicationem

491 5173 718 5231 minatus
765 5187 866 5240 eat,
897 5185 950 5230 et
976 5176 1275 5228 Firmiliano
1301 5190 1419 5228 cum
1445 5175 1556 5228 suis
1592 5174 1824 5241 partibus
1861 5173 2053 5226 Orien-

493 5249 703 5314 talibus,
724 5261 789 5301 eo
813 5246 950 5314 quod
972 5246 1372 5312 rebaptizandos
1395 5243 1666 5314 haereticos
1685 5251 1739 5314 et
1755 5241 2056 5314 schismati-

489 5334 580 5374 cos
611 5312 950 5373 censuerunt.
983 5315 1110 5367 Vide
1151 5315 1209 5369 S.
1236 5313 1518 5367 Firmiliaui
1547 5312 1824 5378 epistolam
1849 5313 1912 5363 ad
1947 5312 2051 5381 Cy-

494 5389 733 5455 prianum
760 5399 878 5454 qua:
900 5392 1076 5437 exstat
1108 5385 1158 5436 iu
1191 5385 1448 5455 Operibus
1479 5381 1839 5455 S._Cypriarti.
1887 5381 2055 5455 Hodie

493 5449 800 5526 martyrium
833 5467 1018 5524 passus
1059 5462 1169 5515 est,
1213 5449 1266 5526 et
1301 5452 1456 5526 juxta
1503 5449 1802 5526 Chronicon
1847 5449 2054 5526 auctius

495 5519 728 5581 veter'um
754 5519 1054 5594 pontificum
1080 5519 1319 5594 sepultus
1346 5531 1428 5576 est
1448 5523 1500 5574 in
1523 5519 1829 5576 cmmeterio
1851 5519 2054 5572 Callisti

494 5597 575 5650 via
608 5592 769 5663 Appia
802 5609 858 5647 ιιι
888 5592 1116 5663 Nonas}
1133 5592 1324 5663 ugusti.

571 5663 590 5703 ί
633 5657 898 5718 Leocadio.
925 5664 1022 5727 Qui
1049 5657 1374 5716 Theudotam
1404 5674 1493 5726 per
1515 5659 1706 5713 multos
1725 5657 1836 5712 dics
1862 5670 2053 5722 cogere

2155 3442 2297 3494 nullo
2316 3443 2473 3494 modo
2495 3445 2839 3506 consentiret,
2865 3443 3005 3498 ferro
3029 3447 3249 3498 vinctam
3276 3461 3394 3500 cum
3424 3447 3544 3500 ﬁliis
3567 3448 3718 3503 Nice-

2153 3513 2223 3567 tio
2247 3512 2542 3566 destinavit.
2573 3514 2707 3578 Anu,
2739 3513 2904 3566 Pera.
2935 3530 3002 3567 ne
3032 3514 3235 3567 ΝΑτΑι..

2224 3591 2248 3628 ε
2271 3582 2566 3635 Anastasius.
2592 3582 2719 3647 Quae
2750 3584 2879 3635 infra
2911 3583 3095 3635 colitur
3125 3584 3209 3635 die
3249 3599 3355 3636 xxv
3387 3586 3709 3640 Decembris.

2224 3649 2248 3684 δ
2289 3650 2462 3707 Nicei.
2513 3651 2607 3705 Hic
2657 3651 2886 3705 Nicetius
2920 3653 3060 3720 apud
3099 3650 3388 3707 Notkerum
3437 3671 3711 3723 nuncupa-

2153 3726 2255 3773 ίυτ.

2228 3787 2246 3825 ί
2291 3785 2543 3855 Eufronii.
2574 3788 2647 3842 De
2695 3788 2794 3842 hoc
2823 3789 2982 3858 Grcg.
3012 3791 3235 3853 Turon.,
3275 3807 3334 3856 ιι,
3368 3791 3457 3852 I5.
3487 3794 3566 3846 sic
3588 3795 3718 3847 scri-

2152 3856 2230 3930 bit
2252 3874 2312 3930 ς]
2345 3859 2423 3930 Eo
2440 3868 2696 3930 tempore,
2724 3859 2773 3930 id
2795 3867 2878 3930 est
2891 3856 3222 3930 temporibus
3243 3861 3522 3915 Childerici
3554 3864 3714 3930 regis,

2154 3925 2366 3996 basilica
2391 3925 2450 3978 Β.
2482 3927 2850 3996 Symphoriani
2874 3927 3358 3995 Augustoduuensis
3382 3925 3642 3996 martyris
3654 3933 3715 3984 ab

2151 3993 2401 4047 Eufronio
2431 3993 2741 4064 presbytero
2767 3993 3023 4050 aediﬁcata
3052 4007 3152 4051 est.
3198 3999 3262 4050 Et
3291 4000 3400 4064 ipse
3431 3993 3715 4053 Eufmnius

2151 4065 2304 4131 hujus
2350 4064 2602 4132 deinceps
2651 4067 2796 4118 urbis
2846 4067 3208 4133 episcopatum
3238 4072 3452 4121 sortitus
3480 4080 3584 4122 est.
3622 4070 3711 4122 llic

2147 4135 2544 4205 enimmarmor
2565 4134 2702 4201 quod
2723 4149 2880 4201 super
2901 4147 3138 4205 sanctum
3161 4139 3460 4201 sepulcrum
3489 4139 3546 4189 Β.
3571 4137 3709 4190 Mar-

2149 4202 2247 4272 tini
2295 4201 2537 4272 habetur,
2600 4217 2717 4256 cum
2766 4204 2952 4272 grandi
3001 4201 3280 4259 devotione
3324 4208 3642 4260 transmisit.
3684 4226 3702 4257 ι

2147 4269 2403 4324 Ᾱξάιιειιεί
2432 4272 2668 4338 ecclesiae
2692 4269 2898 4338 prii-fuit
2925 4273 3134 4328 labente
3156 4276 3349 4328 szrcnlo
3376 4291 3429 4326 v.
3463 4275 3708 4329 Interfuit

2072 4361 2126 4421 ι)
2147 4339 2463 4421 ordinationi
2487 4336 2706 4421 Joannis
2730 4341 3117 4421 Cabillonensis
3148 4344 3400 4421 episcopi,
3433 4346 3506 4397 uti
3539 4355 3707 4421 testa.

2157 4410 2573 4480 turApollinaris
2601 4409 2866 4476 Sidonius,
2892 4413 2982 4464 lib.
3011 4427 3082 4474 tv,
3104 4413 3260 4480 epist.
3290 4409 3460 4480 25,et
3490 4415 3556 4466 ad
3590 4428 3710 4466 eum

2156 4479 2364 4547 scripsit
2392 4479 2529 4547 idem
2557 4490 2738 4533 auctor
2763 4481 2917 4546 epist.
2965 4480 3018 4538 8.
3068 4479 3158 4535 lib.
3191 4496 3284 4543 vn,
3316 4490 3368 4535 et
3402 4479 3454 4542 2,
3501 4482 3596 4536 lib.
3633 4498 3710 4534 ιι.

2155 4546 2341 4620 Exstat
2369 4546 2485 4620 ejus
2514 4548 2729 4620 et__Lupi
2756 4548 3064 4620 Trecasseni
3095 4551 3327 4617 episcopi
3357 4557 3563 4617 egregia
3596 4552 3710 4620 epis

2153 4617 2378 4687 stolarde
2399 4616 2673 4682 disciplina
2698 4618 3053 4687 ecclesiastica
3075 4616 3210 4687 apud
3236 4616 3504 4674 SirmOntl.
3536 4616 3670 4672 toni.
3695 4619 3711 4671 I

2153 4686 2389 4756 Concita
2414 4687 2652 4756 Alteram
2698 4685 2934 4754 ejusdem
2981 4690 3046 4742 ad
3088 4685 3427 4756 Agrippinum
3458 4692 3708 4742 comitem

2155 4756 2335 4810 laudat
2374 4754 2568 4808 Idatius
2612 4759 2664 4808 in
2709 4759 2989 4810 Chronico.
3036 4754 3274 4810 Interfuit
3301 4759 3454 4809 etiam
3487 4760 3709 4809 concilio

2156 4824 2530 4891 Lugdunensi,
2612 4826 3024 4892 subscripsitque
3098 4843 3215 4878 cum
3266 4828 3382 4879 aliis
3433 4841 3707 4890 OPISIOSJm

2157 4893 2662 4963 Faustidamnautis
2697 4894 3092 4963 Pelagianorum
3137 4911 3363 4949 errores.
3418 4895 3470 4947 ln
3525 4895 3710 4959 IIagio—

2153 4963 2291 5029 Iogio
2320 4961 2694 5028 Francogalliie
2723 4965 2772 5014 in
2798 4961 2938 5015 tumo
2963 4965 3002 5016 ΙΙ
3026 4964 3217 5016 Labbei
3243 4966 3580 5016 BthiOtheca:
3609 4967 3710 5015 No-

2153 5046 2234 5085 vm
2269 5040 2453 5100 quarto
2492 5032 2669 5087 Nonas
2699 5033 2889 5087 natalis
2927 5033 3040 5100 ejus
3079 5033 3440 5100 Augustuduni
3475 5033 3717 5086 celebra-

2155 5109 2260 5154 tur.

2230 5169 2245 5219 i
2294 5171 2518 5224 Ancona.
2552 5169 2700 5236 Apud
2730 5168 2942 5224 Bzedam
2972 5169 3357 5239 supposititium
3382 5183 3476 5236 pro
3503 5169 3717 5222 Ancona

2154 5242 2408 5295 mendose
2435 5240 2643 5306 ponitur
2672 5243 2969 5293 Antiochia.
3017 5242 3090 5294 De
3120 5241 3423 5308 perantiqua
3455 5239 3714 5290 memoria

2155 5309 2407 5378 Stephani
2440 5313 2838 5378 protomartyris
2879 5307 3131 5364 AnconLe’
3163 5307 3363 5376 posita,
3406 5309 3579 5374 deque
3612 5307 3718 5378 illo

2153 5376 2284 5458 saxo
2309 5392 2412 5458 quo
2441 5378 2585 5458 idem.
2614 5380 2678 5458 in.
2704 5376 2880 5458 cubito
2923 5392 3215 5458 percussus
3233 5389 3334 5458 est,
3362 5376 3719 5458 _quod_coll_e-

2154 5449 2232 5516 git
2256 5445 2343 5515 qui
2376 5447 2841 5516 lapidationiillius
2869 5445 3103 5501 interfuit
3127 5455 3181 5500 et
3202 5447 3253 5501 in
3284 5449 3481 5516 Italiam
3506 5445 3716 5504 detulit,

2155 5515 2208 5569 et
2236 5521 2465 5569 Anconae
2509 5515 2748 5583 reliquit,
2799 5531 2860 5570 ex
2907 5531 3012 5583 quo
3047 5527 3285 5584 tempore
3317 5515 3428 5569 illic
3458 5515 3723 5584 memoria

2152 5585 2499 5709 grsntegggni
2523 5580 2638 5643 esse
2659 5580 2840 5656 capit,
2863 5580 3262 5656 S.'Aug.ustiitus
3288 5585 3467 5640 scribit
3491 5595 3624 5638 tom.
3652 5580 3722 5648 γ,

2185 5671 2210 5709 e
2244 5671 2258 5708 I
2303 5691 2315 5707 .
2455 5691 2469 5706 .

2155 5669 2315 5710 δεῐιιι.
2345 5669 2469 5709 520.
