3990 6196
316 274 418 329 997

1432 268 1625 325 SECT.
1667 266 1731 322 ll.
1771 297 1839 307 ——
1878 263 2441 321 MARTYilOLOGlA.

3460 260 3565 321 998

1579 373 1802 429 EDITIO
1838 372 2299 430 COLONIENSIS.

316 470 739 542 protomartyris.
788 471 873 525 tibi
901 468 1082 525 haberi
1115 466 1307 523 dicitur
1340 481 1476 520 unus
1508 466 1574 522 de
1603 466 1882 534 lapidibus,
1914 471 1963 526 Α
2002 465 2307 519 Tertulliani
2338 463 2607 536 martyris,
2647 479 2807 533 quem
2839 465 3026 523 beatus
3062 466 3364 535 Stephanus
3392 469 3563 540 bapti-

315 566 507 636 quibus
556 564 608 617 in
659 562 880 617 brachio
929 576 1211 630 percussus
1243 567 1350 623 est,
1393 570 1447 614 et
1477 559 1671 613 multas
1702 573 1766 613 ex
1821 571 1886 611 eo

314 656 538 709 virtutes
564 653 847 705 sanitatum
879 650 1018 705 ﬁeri.
1046 648 1503 719 Constantinopoli
1542 648 1719 702 natale
1764 660 1888 701 san-

315 747 386 801 cti
411 742 659 798 llermelli
688 743 958 812 martyris.

387 834 449 888 F.
487 833 634 888 Palu.
667 831 1072 886 Non..Aucus'r.
1098 829 1285 884 Natale
1314 830 1451 885 beati
1482 829 1791 894 Aristarchi,
1816 829 1886 886 de

300 936 423 990 quo
452 923 634 976 beatus
665 920 859 974 Paulus
906 920 1177 989 apostolus
1229 920 1634 974 Colossensibos
1662 920 1886 973 scribit:

319 1014 525 1069 Salutat
552 1028 637 1064 vos
664 1011 988 1064 Aristarchus
1029 1013 1356 1081 concaptivus
1386 1026 1547 1065 meus.
1574 1010 1675 1075 Qui
1705 1022 1884 1064 comes

320 1102 625 1157 individuus
667 1101 922 1168 Apostolo
952 1098 1245 1169 permansit
1291 1114 1456 1168 usque
1476 1100 1541 1153 ad
1589 1100 1703 1168 ejus
1753 1114 1884 1153 con-

320 1190 628 1255 fessionem,
677 1191 766 1258 qui
807 1191 1128 1244 constitutus
1175 1189 1731 1244 Tliessalonicensiutn
1779 1189 1888 1259 epi-

319 1296 534 1350 scopus,
569 1289 689 1349 post
712 1282 893 1349 longos
922 1294 985 1335 ac
1012 1280 1347 1333 beatissimos
1398 1295 1597 1347 agones
1620 1296 1645 1331 a
1677 1279 1886 1334 Christo

315 1381 600 1427 coronatus
647 1370 867 1440 quievit.
921 1370 1102 1425 Roma:
1136 1372 1189 1424 in
1220 1378 1404 1441 crypta
1445 1371 1689 1425 arenaria
1748 1371 1888 1424 beati

1992 564 2170 609 satum
2236 556 2288 609 in
2319 556 2449 610 albis
2516 555 2880 626 presbyterum
2924 559 3273 621 consecravit,
3326 561 3413 628 qui
3457 576 3562 615 non

1992 645 2147 714 lange
2193 654 2314 714 pust
2360 644 2683 699 abscissione
2739 646 2929 713 capitis
2984 647 3297 717 martyrium
3347 664 3561 715 prome—

1993 736 2123 801 ruit,
2159 736 2398 802 sepultus
2424 744 2505 789 est
2534 750 2562 788 a
2589 735 2745 790 beato
2775 736 3046 805 Stephano
3077 739 3342 805 pontifice.
3370 740 3433 793 Et
3463 756 3561 792 na-

1991 824 2095 879 tale
2136 825 2303 879 sancti
2352 825 2545 881 Justini
2597 828 2939 895 confessoris,
2999 828 3242 897 Lugduni
3298 832 3559 889 adventus

1992 916 2234 984 corporis
2258 919 2431 970 sancti
2453 917 2591 971 Justi
2616 919 2849 987 episcopi
2872 921 2938 973 de
2958 935 3158 974 eremo.

2056 1006 2123 1061 G.
2163 1006 2293 1061 Non.
2336 1007 2572 1062 Aususr'.
2629 1010 3016 1078 Augustuduno
3092 1015 3261 1068 sancti
3327 1016 3565 1072 Cassiani

1988 1097 2248 1165 episcopi.
2284 1095 2339 1148 In
2379 1097 2587 1150 civitate
2616 1098 2975 1155 Catalauuicte
3019 1102 3284 1170 depositio
3332 1106 3563 1162 Memmii

1989 1185 2225 1253 episcopi
2258 1192 2312 1238 et
2332 1184 2687 1252 confessoris;
2721 1198 2773 1241 et
2801 1188 2928 1242 alibi
2978 1203 3277 1249 sanctorum
3327 1196 3565 1255 Floriani

1989 1288 2041 1331 et
2073 1276 2387 1331 Philistinte.
2421 1278 2484 1331 Et
2523 1278 2698 1333 natale
2725 1281 2892 1335 sancti
2931 1282 3161 1339 Oswaldi
3188 1287 3328 1355 regis
3355 1328 3371 1354 ,
3426 1304 3568 1343 mar-

1994 1371 2133 1441 tyrio
2159 1371 2423 1425 coronati.

1554 1460 1776 1514 EDlTlO
1821 1458 2321 1515 BOLLANDIANA.

318 1555 460 1634 citur
484 1554 716 1634 u_nus__de
757 1550 1563 1634 lapidibusquibuspercussus
1588 1560 1707 1634 est._
1728 1551 1785 1604 Β.
1819 1550 1885 1603 D.

318 1628 376 1680 A.
418 1626 592 1707 T.nl..,
616 1625 1000 1707 llieros'olymis
1020 1631 1047 1659 ⁸
1081 1625 1569 1707 inventiu‘c‘orp‘oris
1598 1631 1890 1707 protomar-

326 1698 455 1765 tyris
484 1694 736 1764 Stephani
769 1691 1051 1762 (Hactenus
1080 1691 1170 1761 A),
1202 1704 1254 1745 et
1298 1692 1396 1745 SS.
1432 1691 1763 1753 Gamalielis,
1796 1691 1888 1771 μὶ-

322 1765 527 1817 codemi
575 1773 629 1818 et
666 1762 893 1816 Abibon.
945 1763 1008 1816 A.
1052 1762 1140 1825 Τ..
1198 1762 1578 1829 Augustoduno
1627 1762 1886 1827 depOSlllo

1995 1565 2108 1606 sem
2161 1552 2347 1606 urbem
2395 1565 2517 1606 cum
2560 1552 2670 1608 suis
2707 1568 3019 1624 aggressus,
3068 1571 3098 1610 a
3149 1558 3205 1613 8.
3243 1556 3260 1596 ί
3293 1559 3569 1630 Simplicio

1994 1643 2231 1712 ejusdem
2262 1645 2411 1700 urbis
2435 1647 2685 1714 episcopo
2711 1648 3000 1703 honorifice
3022 1658 3105 1703 est
3125 1664 3435 1721 susceptus;
3469 1655 3567 1709 mi-

1992 1735 2322 1803 nistratoque
2350 1749 2380 1787 a
2405 1735 2461 1791 8.
2493 1734 2766 1805 Simplicio
2804 1739 3100 1794 sacerdotio
3126 1751 3179 1795 et
3203 1741 3476 1811 defuncto,
3512 1747 3565 1799 in

327 1833 562 1887 Eufronii
593 1834 850 1898 episcopi.
884 1832 963 1894 B.,
998 1821 1179 1884 Romae
1211 1821 1526 1901 naialisSS.
1558 1821 1804 1899 Diogenis
1833 1837 1891 1884 et
1921 1889 1965 1901 ﬁ
1995 1821 2113 1891 eius
2140 1823 2308 1878 locum
2350 1823 2407 1879 S.
2441 1823 2726 1881 Cassianus
2763 1828 3078 1897 subrogatus
3120 1842 3201 1885 est
3244 1837 3565 1901 episcopus:

324 1902 601 1972 Stephani.
628 1901 1079 1968 Constantiumpoli
1116 1903 1288 1954 natale
1316 1903 1371 1955 8.
1407 1899 1432 1936 ι)
1460 1901 1676 1955 Αεοιιω.

390 1994 447 2049 4.
478 2021 547 2034 -
573 1992 612 2048 ll
642 1991 838 2047 Notus.
870 1990 1034 2045 Vacat
1062 1991 1240 2046 Baeda.

394 2092 417 2120 ε
449 2080 532 2145 Ι).,
565 2081 706 2134 Beati
733 2085 759 2125 ὰ
782 2079 1071 2133 Aristarchi
1100 2078 1344 2148 discipuli
1380 2078 1434 2134 S.
1469 2078 1613 2134 Pauli
1646 2079 1890 2147 apostoli.

320 2151 506 2208 Romae
535 2160 558 2189 ⁸
592 2148 896 2203 Tertulliani
926 2150 1190 2218 martyris.
1218 2150 1275 2203 Β.
1299 2148 1359 2202 C.
1389 2148 1687 2218 V.,7Rotu:e
1714 2164 1762 2200 in
1787 2164 1897 2202 caa-

321 2222 543 2277 melerio
573 2221 630 2273 8.
660 2220 964 2282 Laurentii,
995 2217 1351 2272 Crescentiani
1392 2229 1445 2271 et
1473 2217 1631 2273 Justi.
1667 2217 1760 2282 L.,
1792 2218 1897 2272 Na-

317 2293 423 2346 tale
452 2292 548 2345 SS.
581 2288 973 2358 Crescentiani,
1020 2285 1153 2341 Justi
1204 2298 1258 2343 et
1303 2288 1531 2358 Jucjntlii
1576 2297 1891 2358 martyrum.

322 2363 412 2427 A.,
447 2361 625 2413 Roma:
654 2360 711 2414 S.
741 2356 930 2412 lustini
954 2358 1281 2427 presbyteri
1302 2368 1354 2410 et
1381 2354 1442 2410 S.
1478 2354 1893 2427 Crescentianaa.

316 2430 413 2496 T.,
446 2430 624 2484 Romae
652 2429 825 2483 natale
850 2426 907 2481 8.
939 2426 1072 2480 .lusti
1096 2426 1149 2481 et
1171 2427 1226 2481 8.
1257 2426 1666 2480 Crescentianae.
1694 2426 1755 2478 Et
1779 2440 1897 2491 pas-

319 2502 403 2555 sio
431 2500 490 2554 S.
525 2501 542 2538 τ
576 2498 768 2554 Justini
794 2498 1110 2566 presbyteri,
1133 2496 1221 2565 qui
1247 2498 1415 2566 multa
1433 2511 1653 2566 corpora
1683 2506 1897 2549 sancto-

321 2586 441 2625 rum
474 2570 684 2638 collegit
726 2564 805 2621 ac’
832 2564 1096 2638 sepelivit.
1145 2564 1226 2632 8.,
1272 2566 1328 2620 ln
1376 2564 1683 2620 Nicomedia
1725 2566 1898 2620 natale

321 2640 422 2695 SS.
453 2640 601 2708 Sagm
620 2636 679 2692 et
709 2636 1098 2693 Bartholomaii.

395 2731 445 2785 ὅ.
474 2731 658 2786 Νοηιε.
693 2730 855 2785 Vacat
884 2729 1058 2782 Bieda.
1626 2800 1629 2801 ν

396 2819 582 2874 Florus
606 2820 656 2873 in
689 2821 752 2875 A.
785 2819 848 2872 T.
879 2817 941 2874 ι..
975 2835 987 2870 :
1042 2817 1160 2887 ipso
1183 2816 1271 2871 die
1312 2816 1485 2871 natale
1525 2815 1581 2873 8.
1610 2824 1634 2861 κ
1661 2813 1896 2871 Cassiani

322 2909 556 2979 episcopi
586 2922 638 2965 et
661 2908 985 2965 confessoris
1012 2927 1025 2963 :
1055 2911 1141 2980 qui
1170 2925 1198 2964 a
1229 2909 1446 2964 Theone
1476 2907 1586 2983 [A.,
1617 2907 1781 2973 Zone,
1811 2906 1896 2975 L.,

323 3002 526 3074 Azone]
583 3013 814 3072 murtyre
870 3004 1178 3059 caelestibus
1225 3002 1517 3056 instructus
1561 3000 1897 3069 disciplinis,

322 3090 352 3128 δ
368 3094 420 3146 iu
441 3092 657 3147 civitate
674 3091 1067 3163 Egyptiorum,
1087 3092 1343 3147 vocabulo
1361 3091 1595 3159 Ortensi,
1620 3093 1900 3159 episcopus

322 3190 405 3235 est
435 3182 706 3236 ordinatus
732 3200 744 3236 :
778 3182 828 3236 in
856 3196 959 3252 qua
988 3186 1111 3236 cum
1143 3181 1424 3237 ecclesiam
1461 3190 1794 3234 construeret
1834 3178 1893 3232 Β.

325 3273 643 3329 Laurentius
672 3285 875 3345 martyr
911 3275 960 3328 ei
993 3273 1265 3343 apparuit,
1309 3280 1364 3325 et
1407 3280 1464 3324 ut
1512 3272 1752 3325 eamdem
1802 3286 1899 3325 suo

1919 1889 1968 1949 Β
2000 1913 2087 1967 ubi
2131 1922 2184 1967 et
2225 1913 2405 1968 multis
2452 1917 2752 1970 coruscavit
2796 1919 3067 1972 miraculis
3108 1929 3161 1973 et
3206 1889 3464 1990 requievit
3512 1926 3566 1979 itt

1996 2019 2144 2071 pace.
2190 2004 2268 2057 Ad
2295 2004 2447 2074 cujus
2483 2006 2782 2075 sepulcrum
2828 2008 2927 2063 B.l
2969 2008 3266 2065 Germanus
3310 2014 3569 2069 Autissio-

1993 2096 2236 2151 dorensis
2264 2096 2546 2166 episcopus
2574 2098 2813 2165 veniens,
2853 2108 2908 2154 et
2932 2115 2996 2154 ex
3027 2116 3175 2156 more
3201 2101 3416 2159 Christo
3446 2122 3568 2174 pre-

1994 2203 2085 2244 ces
2112 2188 2359 2254 fundens,
2391 2190 2557 2244 fertur
2598 2189 2824 2259 alloqui:
2865 2191 2999 2256 Quid
3024 2232 3039 2253 .
3086 2193 3293 2263 inquit,
3340 2197 3573 2264 gloriose

1995 2278 2164 2335 frater
2187 2278 2463 2345 Cassiane,
2495 2282 2647 2348 agis?
2677 2282 2970 2351 Respondit
2988 2284 3051 2339 Β.
3075 2284 3394 2341 Cassianus:
3424 2288 3571 2343 Dulci

1997 2368 2052 2422 in
2084 2383 2213 2436 pace
2240 2369 2420 2437 quiete
2446 2370 2640 2439 potior,
2668 2381 2725 2425 et
2751 2372 3035 2428 adventum
3076 2375 3443 2445 Redemptoris
3471 2393 3570 2432 ex-

1995 2468 2199 2538 specto.
2225 2460 2387 2528 Cujus
2407 2469 2590 2528 postea
2618 2476 2810 2529 corpus
2837 2464 3171 2520 multitudine
3197 2468 3570 2524 miraculorum

1998 2549 2224 2617 pollens,
2257 2550 2309 2603 in
2340 2551 2710 2621 municipium,
2752 2554 2891 2620 quod
2924 2557 3155 2625 Augusta
3188 2556 3572 2613 Viromanduo-

1996 2653 2117 2692 rum
2148 2648 2503 2709 nuncupatur,
2536 2651 2619 2695 est
2650 2641 2672 2677 ι
2708 2644 3020 2697 translatum
3049 2655 3101 2699 et
3131 2645 3267 2700 intra
3296 2646 3573 2704 basilicam

1998 2728 2058 2783 Β.
2086 2729 2323 2795 Quintini
2354 2733 2604 2801 martyris
2632 2734 2918 2799 sepultum.

2070 2818 2159 2895 Di,
2191 2819 2340 2895 A_pu_d
2371 2820 2714 2895 provinciam
2767 2823 2970 2877 lthctia‘.
3013 2822 3224 2880 civitate
3266 2825 3570 2895 Augustana

1982 2890 2186 2963 natalis
2217 2887 2321 2963 S._l
2355 2890 2496 2963 Afrae
2521 2908 2532 2942 :
2558 2907 2673 2963 qua:
2698 2907 2816 2946 cum
2846 2901 2989 2947 esset
3012 2909 3210 2963 pagana
3237 2904 3291 2948 et
3318 2887 3571 2952 meretrix

2000 2973 2092 3027 per
2120 2959 2410 3012 doctrinam
2437 2960 2492 3013 S.
2527 2962 2753 3015 Narcissi
2788 2959 3022 3030 episcopi
3048 2959 3111 3017 ad
3139 2964 3406 3019 Christum
3436 2982 3570 3020 con-

1998 3043 2170 3092 versa,
2190 3038 2255 3101 et
2282 3045 2401 3101 cum
2434 3032 2575 3083 omni
2602 3032 2760 3083 domo
2799 3050 2892 3085 sua
2924 3033 3205 3099 baptizata,
3237 3050 3331 3101 pro
3360 3040 3574 3090 confes-

1998 3101 2149 3173 sione
2180 3099 2389 3173 Domini
2416 3101 2519 3173 igni
2549 3101 2737 3173 tradita
2763 3112 2877 3173 est.
2898 3103 2956 3155 Β.
2991 3102 3075 3166 V.,
3106 3099 3483 3173 Augustoduno
3510 3106 3571 3161 8.

2000 3168 2236 3243 Cassiani
2261 3171 2645 3243 episcopi.__B.,
2675 3173 2743 3243 _lo
2764 3172 3006 3243 civitate
3038 3168 3272 3243 Augusta
3307 3178 3482 3241 passio
3513 3175 3572 3232 8.

1924 3224 1972 3289 C
2002 3239 2111 3313 _A_fri
2140 3224 2407 3313 martyris.
2423 3224 2504 3313 ξ).
2532 3224 3283 3313 νηίεοίιιιδισιίιῐέδζᾏιὲιῖῐιῆί
3308 3224 3572 3313 sum;

2002 3308 2216 3383 γιιίιΔ
2250 3308 2372 3383 alibi
2423 3310 2655 3383 Floriani
2687 3321 2738 3364 et
2768 3312 3076 3383 Philistinte.
3114 3312 3201 3379 (3.,
3244 3316 3310 3367 Et
3342 3308 3572 3383 Agapiti.

323 3367 525 3423 nomini
572 3366 844 3423 ἀθάίθδτει
884 3365 1176 3420 admonuit
1224 3363 1527 3435 (Παοιθηιω
1558 3360 1663 3431 ιο)
1704 3361 1903 3415 Deinde
2006 3360 3575 3447 ﬁ;i..”aun.;t¢'titingoia".sui;s1attentam};

324 3456 500 3512 divina
534 3456 860 3519 revelatione
887 3455 1086 3511 Gallias
1129 3464 1433 3524 penetrans,
1473 3450 1899 3521 Augustidunen-

2008 3449 2084 3501 lii.
2120 3449 2183 3500 Et
2207 3448 2511 3501 Catalaunis
2538 3449 2595 3503 S.
2616 3459 2654 3485 ⁸³³
2683 3449 2911 3502 Memmii
2943 3453 3197 3519 epiSCOpi.

1697 3537 1902 3592 SﬂlTH
1939 3534 2167 3591 NOTAE.

399 3650 426 3679 α
464 3639 716 3695 Iuventio.
747 3637 805 3693 8.
831 3634 1070 3691 Luciano
1093 3633 1348 3703 reliquias
1377 3632 1564 3703 horum
1592 3640 1893 3703 sanctorum

324 3711 583 3767 revelavit
626 3708 879 3761 Gamaliel
929 3708 978 3760 in
1026 3701 1249 3767 somnis,
1294 3715 1434 3755 coss.
1477 3701 1711 3754 Honorio
1747 3701 1894 3755 deei-

322 3798 470 3836 mum
500 3790 554 3834 et
580 3778 876 3831 Theodosio
911 3785 1138 3837 sextum,
1179 3774 1227 3827 id
1256 3780 1340 3827 est
1375 3786 1516 3824 anno
1545 3771 1669 3834 415,
1704 3785 1758 3823 tu
1790 3771 1897 3823 No-

330 3867 427 3904 nas
475 3849 722 3903 Decemb.
776 3846 1168 3912 Hierosolymas
1208 3850 1386 3912 autem
1436 3844 1701 3912 translata:
1746 3847 1890 3903 sunt,

327 3920 433 3974 sub
458 3920 758 3986 episcopatu
787 3909 1098 3986 Joannisad
1126 3928 1195 3965 vn
1220 3910 1339 3986 Kal.
1360 3909 1615 3986 Januarii.
1638 3910 1773 3964 Cum
1800 3924 1895 3986 au-

324 3998 438 4043 tem
468 3978 759 4041 hodie-nec
788 3984 1020 4038 inventio
1049 3996 1146 4036 nec
1183 3981 1456 4036 translatio
1502 3979 1676 4048 aliqua
1723 3978 1894 4033 conti-

323 4062 482 4126 gerit,
511 4069 613 4125 qua
647 4054 1072 4126 ratiOuefactum
1098 4052 1187 4115 sit,
1220 4058 1279 4126 ut
1303 4052 1400 4126 hac
1428 4049 1515 4103 die
1538 4050 1711 4126 potius
1729 4062 1887 4126 quam

325 4117 545 4181 caeteris
564 4127 815 4179 memoria
861 4124 975 4175 haec
1000 4121 1281 4189 ageretur?
1331 4118 1425 4173 Hic
1449 4120 1618 4172 nodus
1648 4120 1699 4189 in
1740 4117 1888 4173 Notis

328 4199 393 4249 ad
425 4196 630 4249 Barouii
662 4193 927 4264 Martyrol.
956 4188 1178 4264 solvitur
1202 4204 1231 4243 a
1274 4190 1333 4243 D.
1380 4190 1612 4264 Antonio
1656 4188 1888 4264 Geronio

328 4264 738 4329 Tarraconensi,
784 4257 931 4331 cujus
963 4261 1075 4313 haec
1096 4269 1180 4331 est
1203 4259 1487 4331 sententia,
1517 4269 1572 4331 ut
1618 4257 1886 4331 existimet

327 4345 485 4401 longe
508 4342 630 4387 ante
651 4327 1006 4386 inventionem
1029 4330 1084 4385 S.
1122 4329 1372 4395 Stephani
1397 4328 1529 4401 hanc
1553 4327 1720 4395 ipsam
1744 4327 1885 4380 diem

2000 3626 2265 3704 Caurentii
2295 3626 2686 3704 archidiaconi,
2724 3636 2779 3704 et
2828 3626 3092 3699 Hippolyti
3143 3640 3198 3685 et
3243 3633 3420 3687 omnis
3449 3634 3576 3704 ejus

1988 3697 2246 3764 familiae,
2278 3700 2606 3764 aliorumque
2639 3699 2865 3764 plurium
2888 3697 3183 3769 martyrum
3223 3715 3449 3769 corpora
3479 3697 3565 3758 ie-

2000 3769 2221 3834 pulturae
2266 3768 2695 3821 commendasset
2720 3806 2735 3830 ,
2783 3767 2996 3821 evoluto
3038 3767 3181 3823 anno
3225 3767 3333 3823 sub
3374 3775 3561 3828 eadem

1990 3838 2363 3907 persecutione
2392 3847 2445 3890 et
2476 3838 2587 3903 ipse
2608 3840 2921 3908 martyrium
2945 3839 3133 3905 capitis
3154 3843 3564 3898 obtruncatione

1997 3908 2313 3982 promeruit:
2346 3916 2397 3961 et
2424 3908 2663 3982 sepultus
2684 3910 2975 3982 esthltoma:
3001 3908 3079 3982 v_i_a
3107 3910 3380 3965 Tiburtina
3408 3912 3560 3982 juxta

1992 3990 2187 4043 corpus
2218 3976 2484 4030 Laurentii
2517 3978 2567 4029 in
2592 3991 2722 4044 agro
2761 3977 2985 4034 Verauo.
3022 3979 3252 4034 Usuanu.
3298 3976 3463 4039 Perit.
3495 4000 3562 4039 ne

1993 4044 2201 4117 Nar/tt.
2235 4046 2387 4117 Apud
2422 4048 2607 4117 baron.
2632 4048 2905 4117 Martyrol.
2934 4049 3124 4102 colitur
3148 4065 3255 4105 xvu
3282 4051 3555 4116 Septemb.

2028 4186 2039 4197 .
2064 4124 2090 4162 ι
2117 4114 2367 4196 Cassiani.
2420 4116 2513 4195 llic
2536 4114 2839 4197 episcopus
2882 4118 3120 4172 Ortensis
3150 4119 3315 4174 factus
3342 4114 3438 4176 fuit
3466 4123 3561 4177 Jo-

1990 4199 2128 4254 ὝΙῼΠΙ
2161 4196 2497 4251 imperatoris
2532 4196 2790 4254 tempore.

2064 4253 2091 4291 ιι
2128 4255 2293 4324 Verba
2323 4256 2375 4305 in
2405 4255 2624 4323 civitate,
2645 4253 2783 4321 'etc.,
2812 4270 2977 4323 usque
3003 4254 3067 4309 ad
3088 4267 3339 4324 exspecto,
3358 4274 3467 4315 om.
3493 4260 3558 4315 A.

2068 4323 2085 4361 ί
2121 4322 2407 4396 Simplicio.
2463 4322 2617 4396 Unde
2636 4322 3019 4396 emendandus
3045 4322 3247 4381 videtur
3275 4322 3560 4396 Gregorius

327 4385 385 4456 in
399 4385 897 4471 li‘iinoremrejusdem
920 4385 1319 4471 protomartyris
1340 4385 1882 4463 essedica'tam,posto
1916 4385 1969 4444 D
1998 4393 2195 4471 Iuron.
2226 4385 2292 4471 de
2329 4394 2476 4471 Glor.
2507 4394 2774 4471 Confess.,
2818 4411 2941 4471 cap.
2982 4396 3071 4471 25,
3118 4399 3229 4471 qui_
3251 4385 3562 4471 Cassianum

328 4474 545 4526 modum
574 4469 749 4525 autem
780 4471 1038 4524 redditam
1077 4469 1449 4521 solemuiorem
1475 4481 1539 4520 ex
1568 4480 1897 4519 commemo-

328 4542 539 4595 ratione
568 4542 832 4608 przedicta:
855 4539 1206 4603 inventionis;
1240 4552 1358 4588 nam
1384 4550 1541 4603 supra
1562 4545 1770 4608 constat
1793 4535 1897 4608 hoc

325 4612 420 4665 die
444 4603 768 4677 Stephanum
794 4612 950 4663 fuisse
977 4608 1209 4661 Anconae
1230 4608 1517 4661 celebrem.
1548 4604 1684 4677 Aviti
1714 4618 1766 4677 et
1790 4603 1896 4658 Lu-

326 4682 470 4735 ciani
501 4675 700 4735 litteras
725 4682 791 4733 de
818 4681 915 4732 hac
945 4678 1251 4731 inventione
1292 4675 1604 4745 legasapud
1644 4676 1859 4728 Surium
1878 4712 1894 4739 ,

327 4759 461 4804 tum.
508 4750 592 4809 IV.
640 4751 706 4805 ad
732 4751 869 4804 diem
898 4762 956 4802 tn
985 4748 1204 4816 Augusti
1248 4756 1299 4801 et
1347 4744 1399 4799 in
1438 4744 1896 4809 BaroniiAnual.,

324 4834 470 4875 anno
490 4818 618 4873 515.

406 4888 436 4929 δ
462 4890 669 4944 Acellte.
702 4888 879 4943 Potius
906 4885 1126 4940 Achillae
1156 4886 1241 4940 vel
1273 4885 1519 4940 Achillei.

405 4969 430 4998 ο
464 4958 547 5021 Β.,
580 4956 758 5011 Romae
783 4960 863 5011 uia
887 4956 1154 5010 Tiburtina
1182 4958 1355 5008 natale
1375 4954 1481 5010 SS.
1517 4955 1803 5009 Laurentii.

404 5023 433 5064 δ
460 5026 759 5081 Aristarchi.
788 5026 888 5093 Qui
932 5038 1110 5079 comes
1147 5025 1448 5077 individuus
1494 5026 1638 5078 Pauli
1674 5022 1897 5091 apostoli

330 5106 384 5151 et
413 5112 518 5151 una
546 5111 664 5150 cum
692 5112 757 5151 eo
782 5097 1025 5164 captivus
1054 5094 1107 5149 in
1139 5093 1362 5149 vinculis
1404 5094 1587 5164 Romae
1624 5093 1899 5164 fuit.rl‘o_st

329 5168 634 5237 passionem
676 5160 864 5229 Pauli,
894 5165 1014 5237 quia
1053 5164 1119 5219 ab
1145 5178 1211 5219 eo
1241 5166 1521 5237 episcopus
1547 5160 1898 5237 Tbessaloni-

332 5233 572 5291 censium
599 5238 913 5290 constitutus
947 5236 1135 5298 fuerat,
1179 5235 1285 5299 vel,
1323 5244 1380 5287 ut
1404 5233 1567 5287 abbas
1600 5234 1897 5285 Dorotheus

330 5304 542 5370 scribit,
588 5306 867 5374 episcopus
912 5304 1167 5372 Apamia,
1219 5311 1343 5374 post
1384 5304 1569 5370 longos
1616 5314 1814 5372 agones
1868 5314 1898 5353 a

329 5374 548 5430 Christo
574 5372 857 5429 coronatus
884 5384 984 5428 est.
1015 5375 1178 5427 Pura.
1212 5389 1277 5426 ne
1305 5372 1510 5426 ΝΑτΑι..
1738 5438 1744 5439 ί
1874 5436 1875 5439 η

405 5454 429 5481 ο
458 5443 783 5498 Tertulliani.
818 5446 890 5497 De
917 5444 1018 5497 hoc
1045 5455 1200 5510 supra
1229 5443 1345 5494 vide
1373 5442 1460 5495 die
1491 5456 1596 5494 xxx
1624 5438 1769 5510 Julii.

404 5513 425 5552 ι
457 5513 670 5582 Justini.
699 5514 797 5580 Qui
844 5508 1212 5582 persecutione
1254 5511 1418 5575 Decii,
1468 5510 1603 5582 Galli
1650 5518 1704 5582 et
1740 5508 1897 5582 Volu-

326 5585 465 5657 siaoi
494 5577 1041 5657 cool‘essionis'gloria
1071 5582 1465 5657 insignissimus
1498 5579 1809 5657 Qt_it._Quetii
1836 5577 1894 5631 Β.

327 5652 510 5710 Sixtus
541 5653 834 5718 ordinavit;
864 5661 917 5708 ct
952 5651 1042 5720 qui
1082 5661 1359 5720 postquam
1405 5651 1468 5705 Β.
1501 5650 1633 5706 Sixti
1667 5661 1815 5716 papa:
1845 5660 1899 5702 et

2004 4464 2290 4531 Egemouio
2318 4473 2371 4516 et
2401 4464 2678 4529 Simplicio
2708 4468 2981 4534 praeponit.
3017 4470 3080 4519 Et
3109 4464 3320 4534 quidem
3352 4470 3565 4534 S.mpli-

1998 4535 2112 4589 cius
2136 4534 2270 4587 inter
2290 4535 2566 4602 episcopos
2586 4551 2912 4600 recensetur,
2938 4539 3025 4602 qui
3051 4552 3189 4590 anno
3212 4539 3314 4591 546
3334 4541 3562 4593 concilio

1998 4604 2298 4676 Coloniensi
2329 4616 2511 4657 contra
2546 4607 2866 4671 Euphratem
2910 4606 3146 4673 ejusdem
3187 4609 3330 4660 urbis
3357 4613 3565 4676 episco-

1999 4689 2122 4741 pum
2151 4674 2412 4745 dicunturp
2436 4677 2773 4745 interfuisse;
2821 4677 3145 4745 pruindcque
3170 4686 3292 4729 ante
3321 4674 3561 4732 Caissiani
3616 4674 3636 4695 ’“

1997 4744 2279 4813 adventum
2322 4743 2565 4805 sedebat,
2613 4746 2699 4812 qui
2737 4743 2945 4798 Joviani
2976 4743 3230 4813 tempore.
3262 4747 3313 4799 id
3349 4756 3433 4800 est
3472 4764 3561 4803 an.

1995 4810 2122 4875 568,
2153 4810 2321 4863 factus
2350 4825 2432 4866 est
2457 4810 2753 4880 episcopus.

2073 4880 2429 5002 l7Germaitua.
2467 4882 2597 4937 Vide
2641 4883 2935 4937 Constantii
2982 4884 3154 4939 Vitam
3196 4886 3254 4941 8.
3285 4884 3560 4952 Germani,
3602 4924 3609 4933 .

1997 4966 2068 5017 ti,
2120 4966 2161 5003 ι.

2069 5025 2095 5061 ιι
2117 5020 2467 5073 Translatum.
2487 5018 2610 5073 llrec
2629 5022 2905 5076 translatio
2922 5022 3053 5076 facta
3069 5034 3144 5077 eat
3170 5023 3309 5078 circa
3334 5041 3420 5079 an.
3440 5024 3566 5080 840.

2072 5082 2090 5121 ¹
2127 5092 2297 5163 Afrae.
2323 5092 2420 5143 l’ro
2446 5089 2571 5163 Afra
2595 5090 2723 5163 Afer
2740 5093 2888 5158 juxta
2910 5092 3197 5163 Notkerum
3229 5097 3563 5163 reponendus

1998 5171 2098 5225 est,
2140 5163 2227 5227 qui
2259 5158 2583 5230 sicrscribit:
2622 5178 2641 5211 ι
2680 5162 2735 5215 In
2775 5166 3008 5230 Augusta
3048 5158 3378 5230 Eufratetisi,
3424 5170 3563 5219 nati-

1998 5231 2133 5284 vitas
2163 5231 2219 5282 S.
2253 5228 2368 5283 Afri
2399 5232 2673 5297 martyris,
2724 5228 2949 5299 quorum
2998 5232 3268 5287 nominum
3316 5228 3566 5288 similitu-

1998 5299 2138 5365 dine,
2168 5300 2218 5351 id
2251 5308 2333 5353 est
2356 5299 2607 5366 Augusta:
2644 5308 2701 5353 et
2743 5298 2883 5367 Afr'i,
2912 5312 3171 5356 nostrates
3206 5304 3429 5368 inducti,
3464 5307 3561 5356 hac

1998 5369 2084 5422 die
2114 5370 2249 5436 apud
2283 5369 2569 5436 Augustam
2600 5370 2917 5426 Rhetiauam
2945 5374 3057 5428 sive
3089 5372 3414 5427 Vindelicam
3441 5387 3562 5438 pas-

1997 5440 2205 5511 sionem
2218 5439 2284 5511 AS.
2319 5440 2457 5511 Atra}.
2478 5451 2894 5511 consummatam
2920 5451 3255 5511 putaverunt.
3291 5459 3309 5492 i
3342 5443 3415 5496 De
3436 5443 3563 5496 Afra

1997 5507 2120 5562 vide
2143 5508 2283 5579 intra
2308 5509 2375 5560 ad
2400 5506 2540 5579 diem
2575 5522 2645 5562 vn
2678 5510 2831 5579 bujus
2863 5506 3079 5565 utensis.

2067 5586 2108 5614 ω
2134 5576 2382 5633 Memmii.
2404 5578 2603 5631 Auctor
2624 5589 2705 5633 est
2728 5576 3063 5634 Frodoardus
3084 5578 3384 5634 Memmium
3409 5576 3565 5635 simul

1997 5659 2118 5703 cum
2143 5647 2203 5704 S.
2221 5648 2370 5704 Sixto
2389 5647 2708 5704 Rbcmorum
2734 5664 2782 5719 pi
2796 5650 2905 5707 imo
2933 5653 3229 5719 episcopoa
3245 5652 3302 5707 8.
3325 5652 3482 5708 Petro
3510 5656 3562 5708 in
