3990 6196
489 265 592 324 999

1195 263 1394 320 BENE
1433 262 1887 320 VENERABILIS
1923 263 2072 319 OPP.
2116 264 2290 321 PARS
2328 264 2416 319 ιν.
2457 293 2524 304 --
2562 264 2943 323 HISTORICA.

3607 273 3751 332 £000

1755 375 1979 432 EDITIO
2015 376 2478 433 COLONIENSIS.

560 473 751 530 A.\'lll
769 474 883 528 lous
901 473 1133 529 Aucusr.
1153 472 1336 526 Romae
1361 471 1413 525 in
1432 471 1740 527 coemeterio
1762 470 1972 537 Calisti,
1992 471 2072 527 via
2102 482 2153 540 Α
2182 471 2485 537 buerentur,
2514 470 2763 539 projectis
2787 470 2839 526 in
2867 471 3046 526 schola
3071 468 3281 536 tabulis,
3298 481 3486 539 sponte
3510 474 3574 528 ad
3604 481 3754 532 mar-‘

489 566 658 633 Appia
696 565 867 618 natale
911 564 1076 618 sancti
1120 563 1260 617 Sixti
1306 560 1545 630 episcopi
1576 572 1629 615 et
1659 561 1941 630 martyris,
1972 560 2070 614 sub

490 656 650 710 Decio
671 655 988 724 imperatore
1014 663 1068 709 et
1091 653 1377 708 Valeriano
1395 652 1668 722 praefecto,
1687 659 1746 705 et
1767 661 2068 704 sanctorum

489 744 801 800 Felicissimi
849 752 902 798 et
960 743 1164 810 Agapiti
1211 742 1552 796 diaconorum
1608 739 1888 808 ejusdem,
1938 754 2070 807 quos

489 835 644 888 simul
669 834 829 903 jussit
878 833 1068 887 Decius
1110 841 1233 886 ante
1270 831 1520 900 templum
1570 831 1749 885 Martis
1791 830 2066 885 decollari.

489 929 656 983 Noctu
702 943 827 983 vero
873 936 1129 982 venerunt
1156 927 1334 981 clerici
1361 966 1377 992 ,
1402 936 1464 1003 et
1503 927 1732 980 maxima
1765 941 1884 995 pars
1912 925 2070 980 Chri-

488 1019 801 1082 stianorum,
826 1017 1150 1087 sepelierunt
1179 1027 1479 1072 sanctorum
1507 1033 1739 1086 corpora
1766 1033 1884 1070 cum
1910 1018 2069 1085 digno

491 1107 711 1163 honore.
746 1107 997 1163 Decollati
1026 1117 1150 1163 sunt
1194 1124 1314 1162 cum
1342 1109 1418 1162 eis
1448 1117 1502 1163 et
1530 1108 1616 1162 alii
1649 1117 1902 1176 quatuor,
1933 1118 1990 1162 ut
2018 1108 2070 1163 in

493 1195 667 1252 Gestis
688 1198 1076 1266 pontificalibus
1104 1198 1318 1267 legitur,
1339 1195 1640 1263 Januarius,
1676 1198 1913 1266 Magnus,
1942 1198 2072 1252 Vin-

489 1288 728 1351 centius,
759 1288 1091 1357 Stephanus,
1123 1287 1458 1342 subdiaconi.
1511 1287 1707 1341 Passus
1737 1299 1815 1342 est
1845 1304 1964 1342 cum
1993 1289 2071 1344 eis

490 1387 544 1431 et
570 1379 753 1432 beatus
778 1378 1040 1445 Quartus,
1077 1388 1136 1434 ut
1164 1380 1344 1434 scribit
1375 1389 1592 1434 sanctus
1618 1377 1940 1452 Cyprianus.
1976 1381 2071 1437 Hic

494 1467 680 1523 beatus
702 1469 878 1523 Sixtus
907 1470 1046 1538 apud
1075 1471 1311 1525 Athenas
1340 1480 1494 1525 natus
1518 1478 1572 1526 et
1595 1473 1806 1536 doctus,
1839 1471 2069 1540 primum

495 1558 708 1628 quidem
761 1560 1140 1631 philosophus,
1171 1571 1350 1630 postea
1381 1560 1580 1617 Christi
1609 1562 1900 1632 discipulus
1932 1562 2064 1617 fuit:

493 1648 634 1702 sedit
655 1648 708 1703 in
729 1651 1036 1719 episcopatu
1063 1666 1261 1705 annum
1288 1667 1471 1720 unum,
1492 1666 1702 1707 menses
1722 1653 1931 1719 decem,
1958 1652 2072 1708 dies

501 1740 682 1810 viginti
727 1748 853 1796 tres.
887 1743 942 1796 ln
976 1742 1240 1813 Hispaniis
1269 1744 1481 1798 civitate
1509 1745 1823 1815 Compluto,
1851 1744 1988 1799 Justi
2017 1753 2072 1800 et

2175 562 2366 630 tyrium
2413 568 2802 614 cucurrerunt:
2829 561 2916 630 qui
2959 577 3078 615 mox
3130 561 3284 631 jussu
3316 565 3525 619 Daciani
3557 581 3587 620 a
3617 583 3744 622 car-

2174 649 2417 703 nificibus
2449 651 2671 720 jugulati
2699 658 2823 705 sunt
2850 691 2865 716 ,
2898 651 2985 704 ubi
3017 652 3174 705 etiam
3208 653 3256 705 in
3291 654 3500 708 basilica
3540 657 3621 710 sui
3654 674 3753 712 no-

2172 740 2332 793 minis
2361 741 2659 809 quiescuut.
2693 742 2756 795 Et
2779 741 2951 795 natale
2981 742 3276 796 llormisda:
3306 758 3480 812 papae,
3501 747 3587 813 qui
3611 748 3754 803 sedit

2174 830 2357 886 Romae
2385 847 2553 886 annos
2582 833 2764 886 decem
2792 844 2842 886 et
2873 843 3097 900 septem.
3148 834 3244 888 llic
3292 841 3592 904 composuit
3641 840 3754 892 cle-

2173 941 2292 980 rum
2314 968 2328 992 ,
2363 935 2415 981 et
2447 926 2678 995 psalmos
2706 926 2954 982 erudivit.
3001 927 3112 983 Sub
3144 928 3299 997 hujus
3333 938 3574 997 tempore
3612 935 3755 984 Aua-

2174 1020 2367 1070 stasius
2416 1017 2702 1084 imperator
2751 1016 3034 1072 haereticus
3089 1033 3374 1085 percussus
3419 1019 3636 1075 fulmine
3671 1021 3754 1073 in-

2174 1107 2334 1160 teriit.
2378 1106 2628 1176 Sepultus
2671 1115 2755 1161 est
2795 1107 2934 1161 idem
2979 1105 3219 1177 pontifex
3266 1108 3316 1162 in
3348 1109 3572 1164 ecclesia
3613 1109 3752 1164 beati

2176 1195 2338 1250 Petri.

2247 1288 2306 1341 Β.
2327 1287 2412 1341 Vll
2434 1287 2548 1340 lous
2575 1288 2802 1342 Aucusr.
2831 1286 2980 1355 Apud
3001 1286 3243 1341 Tusciam
3259 1288 3523 1343 civitatem
3546 1287 3748 1355 Aretio,

2176 1379 2350 1432 natale
2377 1381 2543 1432 sancti
2579 1379 2763 1432 Donati
2793 1379 3028 1448 episcopi
3073 1389 3127 1434 et
3155 1379 3422 1448 martyris,
3456 1381 3546 1448 qui
3577 1390 3753 1434 tentus

2175 1477 2257 1524 est
2298 1479 2539 1537 tempore
2577 1469 2769 1530 Juliani
2817 1471 3150 1539 imperatoris
3179 1486 3207 1523 a
3251 1471 3612 1537 Quadratiauo
3648 1474 3754 1526 Au-

2173 1558 2386 1628 gustali,
2415 1558 2570 1612 simul
2603 1574 2722 1613 cum
2756 1559 2991 1613 Hilarino
3036 1559 3318 1622 monacho,
3347 1558 3634 1628 jussusque
3671 1566 3756 1613 est

2176 1651 2332 1706 idolis
2348 1652 2680 1718 sacrificare;
2705 1668 2808 1720 quo
2840 1659 3116 1719 renuente,
3137 1650 3295 1719 jussit
3317 1648 3609 1703 Hilarinum
3641 1658 3755 1703 tan-

2176 1743 2267 1798 diu
2299 1745 2526 1798 fustibus
2556 1743 2687 1798 cmdi
2720 1744 2770 1798 in
2794 1751 3081 1812 conspectu
3125 1742 3309 1811 ipsius,
3343 1742 3514 1796 donec
3542 1742 3754 1796 emitte-

496 1828 732 1887 Pastoris
762 1831 1006 1899 fratrum,
1037 1834 1126 1902 qui
1163 1848 1283 1888 cum
1328 1834 1502 1890 adhuc
1541 1836 1688 1905 pueri
1728 1835 1920 1890 litteris
1967 1836 2066 1889 im-
2097 1824 2142 1882 Β
2175 1842 2254 1889 ret
2277 1833 2542 1902 Spiritum,
2567 1832 2758 1890 deinde
2785 1832 2998 1888 beatum
3024 1832 3287 1887 Donatum
3320 1831 3498 1902 gladio
3526 1831 3750 1902 percuti.

1741 1926 1970 1981 EDITIO
2008 1925 2511 1981 BOLLANDIANA.

567 2034 620 2090 6.
649 2063 722 2076 —-
749 2033 855 2090 Vlll
879 2034 996 2090 lous
1023 2035 1257 2091 Aucusr.
1286 2034 1468 2090 Romae
1489 2034 1548 2092 S.
1582 2045 1607 2073 α
1637 2034 1788 2107 Xysti
1819 2036 2075 2106 episcopi,

494 2123 523 2164 ιν
542 2124 858 2181 Felicissimi
879 2136 932 2181 et
953 2127 1160 2197 Agapiti
1191 2126 1554 2194 diaconorum,
1579 2130 1668 2197 qui
1691 2129 1934 2185 decollati
1955 2137 2080 2184 sunt

496 2215 598 2270 sub
628 2226 651 2255 ε
685 2215 865 2271 Decio.
900 2216 1189 2286 (Hactenus
1218 2217 1308 2288 A.)
1352 2219 1606 2274 Decollati
1631 2231 1754 2274 sunt
1782 2234 1901 2274 cum
1931 2235 1997 2274 eo
2025 2229 2080 2275 et

496 2307 585 2360 alii
615 2315 842 2374 quatuor
865 2307 1199 2376 subdiaconi,
1228 2310 1534 2377 Januarius,
1576 2311 1815 2380 Magnus,
1847 2310 2078 2366 Vincen-

496 2400 602 2454 tius
629 2409 683 2454 et
712 2399 1036 2469 Stephanus,
1066 2409 1126 2456 ut
1153 2403 1204 2457 in
1237 2403 1411 2458 Gestis
1437 2404 1830 2473 pontiﬁcalibus
1859 2405 2074 2475 legitur.

575 2491 661 2554 V.,
695 2493 866 2560 primo
895 2494 1037 2557 loco,
1085 2494 1158 2548 uti
1192 2503 1246 2548 et
1293 2495 1344 2548 in
1387 2495 1470 2557 1...
1523 2495 1616 2549 sed
1667 2495 1752 2549 die
1794 2495 2076 2562 sequenti:

499 2560 916 2631 Transliguratio
943 2564 1002 2616 D.
1035 2563 1100 2617 N.
1134 2563 1259 2618 Jesu
1289 2565 1507 2628 Christi,
1549 2565 1600 2618 in
1632 2571 1810 2620 monte
1840 2560 2074 2619 T'babor.

567 2651 760 2708 Florus
789 2655 840 2707 in
871 2654 936 2707 Δ.
967 2654 1030 2707 Τ.
1061 2653 1146 2717 ι...
1188 2654 1244 2708 In
1271 2653 1633 2722 Complutensi
1660 2654 1874 2708 civitate
1902 2654 2078 2722 passio

497 2742 595 2798 SS.
627 2743 762 2798 Justi
790 2752 842 2797 et
873 2743 1137 2798 Pastoris:
1169 2744 1255 2813 qui
1285 2759 1404 2799 cum
1427 2753 1605 2798 essent
1636 2746 1782 2814 pueri
1815 2746 1866 2799 in
1893 2745 2076 2800 schola

496 2833 781 2898 discentes,
812 2847 932 2886 cum
963 2833 1234 2888 audissent
1269 2834 1335 2889 de
1363 2834 1703 2904 inquisitione
1747 2835 2076 2891 Christiano-

494 2939 638 2991 rum,
669 2924 922 2995 projectis
967 2927 1018 2980 in
1068 2926 1249 2980 schola
1293 2925 1484 2981 tabulis
1513 2966 1527 2992 ,
1578 2927 1716 2982 ultro
1753 2940 1812 2981 se
1853 2925 2077 2982 Datiano

501 3017 751 3089 prafecto
780 3019 1087 3074 obtulerunt
1122 3035 1134 3072 :
1187 3033 1320 3088 quos
1367 3019 1455 3074 ille
1494 3028 1769 3089 postquam
1811 3018 2077 3088 flagellare

495 3110 691 3165 acriter
719 3109 895 3180 jussit,
926 3108 1123 3178 pariter
1153 3109 1423 3165 decollare
1450 3123 1543 3164 eos
1573 3109 1809 3179 percepit
1839 3108 1979 3178 (sic).

572 3218 632 3271 Β.
667 3218 721 3272 1η
755 3217 1020 3286 provincia
1049 3218 1236 3274 Rhetia
1285 3219 1502 3274 civitate
1543 3219 1775 3286 Augusta
1807 3219 1984 3286 passio
2010 3217 2070 3275 8.

2179 2034 2461 2106 martyris:
2492 2034 2604 2104 qui,
2631 2044 2689 2090 ut
2716 2033 3005 2104 Gregorius
3036 2034 3089 2089 in
3116 2033 3256 2090 libro
3280 2033 3613 2104 Dialogorum
3643 2049 3754 2088 me-

2178 2126 2352 2193 minit,
2385 2127 2606 2180 fractum
2635 2141 2663 2179 a
2694 2126 2912 2197 paganis
2943 2127 2960 2163 τ
2996 2125 3216 2182 calicem
3243 2134 3508 2195 sanctum,
3540 2127 3607 2180 ad
3633 2128 3761 2181 mis-

2178 2231 2266 2272 sas
2294 2216 2497 2273 orando
2523 2218 2864 2273 restauravit.

2252 2355 2442 2410 Florus
2469 2354 2521 2409 in
2550 2354 2614 2410 T.
2645 2363 2699 2410 et
2725 2353 2787 2410 L.
2818 2372 2832 2407 :
2861 2353 2916 2408 ln
2947 2353 3159 2410 civitate
3203 2352 3438 2423 Augusta
3480 2353 3660 2423 passio
3699 2354 3757 2410 S.

2180 2455 2207 2494 8
2231 2447 2372 2502 Afrae
2398 2463 2413 2500 :
2446 2461 2564 2516 quae
2595 2448 2767 2512 primo
2797 2444 3010 2515 quidem
3036 2446 3247 2516 gentilis
3271 2445 3391 2511 fuit,
3423 2457 3605 2514 postea
3634 2460 3762 2500 vero

2179 2553 2209 2593 a
2239 2538 2484 2594 Narcisso
2511 2540 2764 2608 episcopo
2792 2540 2856 2591 ad
2889 2537 3048 2593 ﬁdem
3076 2552 3353 2604 conversa,
3385 2546 3440 2592 et
3469 2539 3759 2606 baptizata,

2181 2639 2418 2697 tempore
2448 2626 2759 2682 Diocletiani
2788 2627 2886 2681 sub
2912 2626 3096 2696 judice
3122 2625 3254 2681 Gaio
3275 2667 3290 2689 ,
3328 2641 3446 2680 cum
3477 2626 3636 2681 idolis
3669 2642 3758 2680 sa-

2178 2719 2418 2774 criﬁcare
2459 2718 2641 2783 nollet,
2683 2718 2793 2788 igni
2825 2727 2911 2773 est
2939 2717 3211 2786 deputata.
3242 2717 3402 2786 Cujus
3445 2717 3640 2771 eodem
3675 2716 3761 2771 die

2177 2823 2371 2878 corpus
2394 2824 2514 2863 cum
2545 2808 2808 2877 integrum
2842 2809 3112 2862 inventum
3151 2819 3315 2873 esset,
3362 2815 3414 2860 et
3454 2806 3523 2860 ab
3554 2806 3762 2860 llilaria

2178 2909 2350 2957 matre
2375 2900 2489 2970 ejus
2516 2915 2637 2956 cum
2669 2899 2839 2954 tribus
2871 2899 3080 2954 ﬁliabus
3106 2899 3217 2954 suis
3236 2941 3252 2966 ,
3294 2898 3457 2968 Digna
3484 2898 3760 2963 videlicet,

2177 2991 2436 3048 Eumenia
2467 3002 2521 3048 et
2546 2990 2830 3062 Euprepia,
2862 2991 3151 3061 sepulturae
3191 2992 3529 3056 traderetur;
3568 2991 3759 3046 eodem

2177 3081 2295 3136 loco
2321 3090 2374 3137 et
2402 3082 2549 3152 ipsae,
2607 3083 2731 3151 quia
2772 3081 2996 3137 cultura
3045 3081 3262 3136 deorum
3295 3081 3756 3144 contradixerunt,

2178 3173 2384 3244 ignibus
2429 3182 2554 3228 sunt
2587 3181 2940 3228 concremata:
2971 3179 3028 3227 et
3066 3175 3266 3240 pariter
3296 3172 3560 3241 passionis
3589 3172 3756 3241 gloria

497 3260 1236 3359 «1calami;atrata}:
1252 3260 1775 3353 εἰὶῖιῗίἵ..’ἰιῖο”ᾱέιίῖ
1787 3260 2074 3359 (1ἳῖιῖὲέἆὸ
2099 3287 2149 3352 c
2176 3261 2710 3359 de°°'a‘?-_E°d°'_“
2735 3261 2851 3359 _d_i°
2886 3262 3034 3359 39""
3065 3261 3360 3359 ⁶²¹ἒ⁸³τθ²ί¹¹
3401 3260 3755 3359 ,θθνμέοθίε

497 3356 558 3411 8.
587 3357 746 3412 Afrae.

573 3447 625 3502 7.
657 3476 729 3488 —
759 3446 845 3503 νη
878 3447 1014 3504 lous.
1052 3447 1107 3503 In
1145 3449 1328 3504 Aretio
1368 3449 1429 3505 S.
1460 3459 1485 3487 ο
1514 3449 1706 3505 Donati
1753 3449 1985 3520 episcopi
2017 3458 2074 3506 et

2183 3359 2360 3428 passio
2385 3357 2443 3412 S.
2471 3357 2708 3412 Mametis
2735 3353 2858 3427 [L.,
2886 3351 3158 3424 Mammas]
3197 3355 3474 3421 martyris:
3518 3354 3606 3422 qui
3639 3361 3758 3423 post

2181 3451 2462 3521 equuleum
2487 3458 2545 3504 et
2572 3449 2724 3518 ignes
2751 3447 3030 3518 variasque
3059 3446 3342 3512 torsiones,
3373 3447 3556 3502 bestiis
3587 3445 3755 3501 tradi-

1883 3559 2089 3616 SMITH
2125 3559 2349 3619 NOTAE.

498 3649 695 3707 Gallias
724 3651 943 3706 missum
974 3649 1157 3705 fuisse.
1192 3650 1338 3705 lianc
1368 3651 1677 3706 missionem
1698 3650 1758 3705 S.
1789 3649 1946 3705 Petro
1973 3650 2068 3704 tri-

501 3724 615 3775 huit
641 3736 849 3788 quoque
875 3729 1029 3775 vetus
1057 3730 1245 3775 auctor
1283 3721 1398 3789 ejus
1445 3722 1597 3786 Vitae,
1642 3721 1729 3789 qui
1759 3721 1956 3775 saeculo
1993 3735 2070 3774 vrt

501 3789 744 3846 ﬂoruisse
769 3790 997 3855 dicitur;
1032 3792 1294 3844 Almanno
1339 3801 1514 3845 tamen
1554 3789 1814 3844 monacho
1861 3789 2070 3846 Altivil-

503 3862 625 3915 laris
645 3863 696 3914 in
722 3861 938 3914 dioecesi
966 3860 1269 3929 Bhemensi.
1293 3863 1382 3929 qui
1405 3862 1661 3916 saculou
1685 3860 1883 3929 floruit,
1900 3859 2072 3929 visum

502 3939 587 3984 est
613 3931 742 3983 satis
770 3945 886 3983 eam
911 3931 976 3983 ad
1004 3928 1064 3984 S.
1094 3927 1424 3984 Clementem
1464 3944 1736 3984 revocare.
1778 3928 1914 3984 Vide
1953 3927 2066 3982 Ma-

502 3999 686 4054 billon.
721 4000 984 4061 Analect.,
1016 4009 1146 4054 tom.
1176 3999 1239 4065 ll,
1266 4015 1317 4065 p.
1348 4000 1415 4053 86
1434 4010 1488 4054 et
1508 4013 1647 4066 seq.,
1677 3999 1765 4053 ubi
1795 4007 1850 4054 et
1868 3998 1936 4052 de
1954 3998 2070 4065 ejus

505 4067 817 4140 inventione
832 4069 935 4140 sub
959 4068 1149 4122 Carolo
1176 4067 1340 4140 Calvo
1370 4083 1462 4124 an.
1500 4065 1606 4122 868
1630 4068 1826 4140 agitur.
1867 4067 2068 4124 Cathe-

503 4138 643 4193 lonis
671 4153 766 4207 pro
791 4136 1080 4193 Catalauno
1111 4138 1343 4207 ponitur.

579 4237 610 4298 ξ
638 4229 806 4298 Afyui.
832 4228 1106 4294 Stephano
1133 4229 1376 4296 pontifice
1402 4228 1714 4298 martyrium
1748 4241 1904 4298 passo
1931 4241 2070 4283 anno

503 4297 636 4362 257,
664 4297 862 4368 Xystus
890 4298 977 4352 die
1008 4313 1133 4352 xxtv
1163 4300 1378 4367 Augusti
1419 4310 1510 4353 aut
1538 4297 1823 4353 circiterin
1846 4297 1968 4368 ejus
1990 4298 2067 4352 lo-

504 4367 839 4438 cum_codem
878 4382 1019 4423 anno
1046 4369 1366 4438 subrogatus
1403 4379 1504 4423 est.
1540 4368 1720 4438 llujus
1749 4367 2067 4437 martyrium

503 4437 604 4491 sub
631 4435 803 4490 Tusco
838 4448 890 4491 et
920 4439 1082 4490 Basso
1104 4435 1243 4491 coss.
1287 4453 1316 4490 a
1357 4437 1588 4492 Baronio
1614 4435 1759 4492 recte
1785 4435 2065 4491 recitatum

503 4515 623 4570 est;
651 4508 739 4575 qui
771 4506 822 4560 in
847 4521 913 4560 eo
937 4517 1137 4560 tantum
1159 4515 1322 4571 errat,
1347 4508 1486 4574 quod
1513 4508 1668 4560 Tusci
1691 4518 1742 4560 et
1773 4508 1919 4560 Bassi
1941 4521 2070 4560 con-

504 4578 730 4630 sulatum
753 4577 840 4645 qui
870 4578 922 4630 in
952 4592 1145 4632 annum
1171 4577 1365 4634 Christi
1390 4575 1497 4633 258
1528 4576 1748 4640 incidit,
1778 4589 1899 4630 cum
1929 4590 2071 4631 anno

504 4645 603 4701 261
635 4647 872 4716 ejusdem
894 4660 1022 4717 item
1051 4661 1327 4715 perperam
1368 4647 1600 4717 copulet,
1626 4653 1680 4700 et
1706 4646 1785 4700 sic
1816 4647 2071 4714 prochro-

506 4718 683 4771 nismo
713 4716 923 4772 triennii
964 4728 1166 4784 peccet.
1206 4718 1354 4772 Sedit
1401 4716 1577 4786 itaque
1621 4725 1822 4786 tantum
1855 4730 2069 4770 menses

508 4787 773 4852 undecim,
819 4786 935 4840 dies
971 4799 1086 4840 sex.
1127 4786 1383 4841 Eusebius
1411 4789 1463 4840 in
1493 4785 1725 4840 Historia
1755 4799 1923 4838 annos
1969 4800 2067 4837 un-

507 4855 678 4927 decim
705 4856 1028 4927 pontilicatui
1055 4855 1168 4925 ejus
1191 4857 1446 4927 assignat,
1474 4871 1593 4910 cum
1615 4867 1826 4911 menses
1849 4853 2066 4907 totidem

504 4928 553 4979 ei
585 4926 845 4980 tribuendi
872 4925 1115 4980 fuissent.

570 5009 598 5047 ι’
630 5010 957 5068 Felicissimi.
989 5015 1051 5068 Hi
1078 5029 1184 5069 non
1211 5014 1357 5070 fuere
1384 5013 1627 5078 diaconi,
1673 5026 1844 5080 neque
1872 5010 2072 5066 Janua-

503 5080 631 5148 rius,
664 5093 793 5148 etc.,
823 5084 1170 5147 subdiaconl,
1219 5100 1391 5153 neque
1421 5084 1609 5139 eodem
1655 5098 1719 5153 ac
1757 5081 1962 5153 Xystus
1984 5080 2073 5134 die

538 5154 654 5231 assi.
690 5164 833 5232 sunt,
884 5163 940 5208 ut
981 5161 1190 5209 constat
1227 5152 1314 5209 ea
1337 5155 1418 5209 CI.
1475 5152 1745 5208 Pearsouii
1777 5152 2073 5206 Annalibus

499 5236 845 5290 hyprtamcrs.

499 5361 510 5372 .
573 5304 593 5329 ε
628 5290 801 5344 Decio.
832 5291 1014 5348 Potius
1043 5294 1366 5366 temporibus
1419 5290 1687 5348 Valeriani
1740 5299 1796 5348 et
1840 5289 2069 5348 Gallieni

496 5373 606 5473 1mg
611 5375 779 5499 Ἦίνω.
825 5409 901 5487 ὗε
929 5430 1029 5488 bac
1058 5432 1177 5488 vide
1203 5432 1343 5488 diem
1371 5439 1709 5502 sequentem.
1756 5397 1802 5478 λ

571 5527 595 5556 ο
621 5519 830 5575 Donati.
858 5521 929 5577 Ea
955 5537 1074 5590 quae
1099 5523 1164 5577 de
1186 5521 1374 5576 Juliani
1400 5522 1712 5578 educatione
1736 5521 1919 5576 Romae
1947 5534 2069 5575 cum

497 5582 702 5644 Donato
740 5593 793 5644 in
824 5591 881 5647 8.
914 5582 1100 5647 Donati
1129 5591 1277 5646 Actis
1309 5603 1610 5656 narrantur,
1641 5591 1771 5646 falsa
1798 5592 2066 5645 videntur.

505 5673 526 5706 s
556 5656 686 5714 Illud
712 5661 870 5719 etiam
900 5663 968 5718 ab
997 5663 1142 5720 omni
1172 5662 1380 5719 ratione
1404 5661 1636 5719 alienum
1666 5673 1770 5726 est,
1795 5672 1850 5720 ut
1872 5661 2065 5718 Juliani

2180 3645 2564 3720 persecutionis
2605 3654 2868 3720 tempore,
2899 3645 2987 3720 qui
3019 3659 3117 3699 nec
3146 3642 3614 3720 integrohbiennio
3643 3645 3742 3720 im-

2181 3713 2401 3788 peravit,
2435 3718 2573 3772 idem
2600 3715 2658 3772 S.
2691 3713 2927 3788 Donatus
2955 3716 3122 3770 lector
3158 3713 3317 3788 fuisse
3341 3713 3568 3776 dicatur,
3600 3714 3748 3768 incle-

2179 3784 2284 3857 que
2307 3799 2651 3842 consecratus
2673 3787 2955 3857 diaconus,
2973 3800 3034 3837 ac
3060 3784 3389 3857 postmultos
3405 3798 3578 3857 annos
3601 3799 3748 3851 pres-

2179 3853 2342 3929 byter
2371 3857 2644 3929 ordinatus
2669 3896 2684 3920 ,
2735 3869 2810 3929 ac‘
2839 3854 3066 3920 denique
3108 3855 3284 3929 adhuc
3319 3867 3403 3929 eo.
3423 3853 3743 3929 imperante,

2182 3922 2473 3982 decedente
2499 3926 2691 3980 Saturo
2729 3925 3016 3993 episcopo,
3068 3922 3322 3977 sull'ectus
3362 3922 3535 3993 sitin
3569 3924 3744 3978 locum

2181 3996 2377 4066 ipsius:
2407 3997 2622 4064 insuper
2649 4002 2704 4050 et
2729 3990 3344 4066 adhucjeodemyivente
3369 3990 3602 4056 Juliano,
3621 3993 3745 4066 fue-

2179 4061 2250 4119 rit
2273 4061 2859 4134 martyrio—coronatus.
2899 4061 3175 4134 Quomodo
3213 4063 3372 4115 etiam
3405 4063 3742 4134 temporibus

2178 4134 2373 4189 Juliani
2403 4131 2568 4188 lector
2594 4133 2767 4187 adhuc
2799 4131 2963 4187 fuisse
3000 4131 3344 4200 perhibetur,
3392 4132 3482 4198 qui
3531 4145 3560 4200 a
3603 4131 3745 4185 Julio

2178 4204 2427 4278 pontiﬁce
2455 4203 2696 4259 Romano
2725 4204 2914 4278 dicitur
2941 4199 3221 4278 episcopus
3247 4199 3564 4278 ordinatus]
3607 4201 3746 4267 Quid

2177 4270 2352 4329 autem
2380 4273 2450 4328 de
2474 4289 2536 4328 ea
2561 4288 2619 4327 re
2641 4274 2886 4338 sentiam,
2915 4274 3113 4338 absque
3134 4271 3312 4338 aliquo
3340 4270 3578 4322 veritatis
3610 4285 3747 4338 prat-

2171 4341 2375 4413 judicio
2403 4343 2631 4399 libenter
2657 4355 2720 4396 ac
2747 4343 2912 4413 libere
2949 4342 3139 4413 dicam.
3178 4340 3310 4393 Puto
3341 4339 3526 4392 Donati
3560 4341 3741 4406 pueri-

2093 4406 2300 4468 Dtiam
2345 4423 2400 4469 et
2447 4413 2814 4468 educationem
2862 4411 3046 4465 Romae
3093 4409 3306 4471 factam,
3359 4419 3744 4476 parentumque

2175 4498 2384 4550 necem,
2411 4499 2514 4537 non
2536 4484 2634 4538 sub
2653 4481 2868 4546 Juliaui,
2897 4481 2988 4535 sed
3015 4477 3321 4534 Diocletiani
3351 4478 3573 4550 imperio
3598 4482 3742 4550 circa

2175 4547 2411 4608 extrema
2447 4553 2587 4608 illius
2626 4552 3006 4618 persecutionis
3034 4560 3271 4615 tempora
3303 4547 3589 4618 contigisse
3618 4563 3633 4599 :
3677 4548 3744 4600 ab

2174 4623 2278 4677 illis
2300 4624 2440 4677 enim
2469 4615 2794 4689 temporibus
2817 4634 2981 4686 usque
3005 4626 3069 4672 ad
3091 4619 3354 4689 Julianum
3381 4615 3450 4669 52
3480 4631 3740 4670 annorum

2173 4695 2406 4761 spatium
2437 4688 2735 4757 intercedit,
2775 4707 2879 4761 quo
2912 4691 3149 4761 Donatus
3174 4688 3292 4761 fuga
3321 4688 3498 4761 lapsus
3523 4702 3584 4741 se
3608 4701 3739 4761 con-

2176 4755 2294 4816 tulit
2321 4763 2558 4835 Aretiutn
2577 4803 2592 4828 ,
2628 4755 2807 4832 ibique
2832 4755 3374 4835 sacrisuordinihusa
3403 4755 3742 4835 Saturo_epi-

2171 4845 2334 4899 scopo
2366 4824 2599 4886 initiatus
2623 4872 2638 4894 ,
2669 4824 2733 4886 ac
2759 4833 2953 4885 deinde
2997 4829 3087 4884 illo
3128 4827 3379 4880 defuncto
3400 4865 3419 4892 ,
3449 4839 3476 4876 a
3509 4824 3743 4899 S._Ju_lio

2173 4894 2305 4968 pap'a
2354 4903 2404 4955 in
2434 4901 2550 4970 ejus
2581 4902 2752 4956 locum
2785 4903 3098 4970 subrogatus
3121 4936 3136 4960 ,
3182 4905 3240 4950 et
3279 4899 3488 4949 demum
3520 4897 3619 4970 ego
3643 4894 3739 4948 Ju-

2172 4964 2314 5024 liano
2342 4964 2662 5036 imperatore
2687 4964 3084 5039 martyrio'fuit
3129 4974 3438 5021 coronatus.
3477 4983 3495 5016 ι
3539 4964 3745 5020 Duos.

2175 5039 2227 5094 in
2258 5040 2404 5094 Notis
2435 5041 2500 5092 ad
2530 5040 2802 5109 Martyrol.

2252 5128 2270 5168 τ
2303 5129 2544 5184 Calicem
2575 5129 2708 5184 Vide
2732 5129 2788 5184 S.
2822 5126 3060 5198 Gregorii
3091 5126 3184 5182 lib.
3214 5141 3232 5181 ι
3268 5125 3501 5195 Dialog.,
3542 5137 3662 5194 cap.
3691 5125 3747 5178 7.

2245 5231 2271 5270 ε
2300 5224 2457 5293 Afra.
2489 5221 2619 5276 Cum
2652 5221 2786 5274 hanc
2813 5222 3024 5273 tradant
3055 5234 3085 5272 a
3117 5217 3172 5274 S.
3204 5218 3456 5293 Narcisso
3493 5217 3749 5283 episcOpo

2171 5293 2236 5346 ad
2269 5286 2426 5347 fidem
2455 5306 2572 5346 esse
2599 5304 2932 5355 conversam,
2979 5298 3159 5356 putant
3207 5286 3390 5357 aliqui,
3435 5287 3574 5357 inter
3611 5299 3750 5352 quos

2173 5363 2360 5417 Petrus
2386 5362 2453 5416 de
2481 5360 2677 5433 Natal.,
2707 5374 2801 5433 vti,
2831 5359 2925 5433 2t},
2959 5355 3098 5413 hunc
3122 5357 3266 5433 illum
3295 5355 3415 5433 esse
3437 5355 3747 5433 Narcissum

2171 5433 2478 5500 episcopum
2535 5426 3578 5500 Hierosolymitanum_laudatissimum.
3639 5425 3745 5478 Alii

2171 5496 2642 5555 autem'dixerunt
2691 5496 2831 5554 hunc
2885 5499 3046 5552 fuisse
3101 5496 3404 5552 Narcissum
3448 5503 3747 5564 martyrem

2174 5568 2609 5637 Gerundeusem;
2642 5569 2800 5642 idque
2829 5577 3091 5628 testantur
3115 5567 3229 5638 ejus
3255 5569 3404 5622 Acta.
