3940 6188
298 345 321 399 ἱ
337 342 429 401 Il!!!

1403 342 1597 398 SECT.
1642 340 1701 394 ll.
1746 372 1812 380 —
1856 334 2411 393 MARTYROLOGIA.

3422 348 3555 400 Ιυμὶ

1568 430 1791 485 EDl'l‘IO
1831 427 2299 484 COLONIENSIS.

291 523 533 587 Quorum
567 532 791 583 corpora
821 516 1110 574 Christiani
1142 518 1512 575 venerabiliter
1550 519 1699 590 juxta
1746 520 1870 575 civi-
1903 530 1949 584 Α
1979 520 2183 585 siones,
2215 521 2265 574 id
2293 528 2395 584 est,
2431 518 2665 590 Cyriaci,
2697 518 2849 586 Largi
2884 528 2935 572 et
2966 516 3265 589 Smaragdi,
3289 518 3398 572 suis
3424 518 3555 576 locis

295 625 463 666 tatem
499 610 844 678 sepelierunt.
877 608 1039 678 Cujus
1073 611 1311 664 tneminit
1342 610 1529 664 beatus
1555 610 1866 680 Gregorius,

290 705 437 772 quod
495 700 717 755 fractum
758 699 979 754 calicem
1027 700 1231 753 orando
1281 709 1625 755 restauraret.
1689 700 1873 756 Romze

288 806 601 848 sanctorum
625 802 915 862 martyrum
942 792 1103 857 Petri,
1130 792 1378 857 Julian-.e,
1401 808 1521 846 cum
1547 794 1665 847 aliis
1687 793 1871 848 decem

290 896 345 939 et
374 898 515 940 octo.
561 883 844 938 Mediolani
896 884 1064 936 Sancti
1115 883 1375 949 Faustini,
1407 895 1648 951 tempore
1671 884 1872 939 Aurelii

289 974 564 1030 Commodi
599 973 948 1042 martyrizati.
978 972 1128 1041 Apud
1160 973 1489 1041 provinciam
1534 972 1765 1038 Rhetiae,
1798 975 1873 1028 (τίη

292 1068 511 1122 vitatem
583 1068 870 1137 Augustam
900 1105 915 1129 ,
948 1066 1125 1119 natale
1180 1072 1381 1119 sanctre
1422 1064 1561 1119 Afrae
1594 1066 1868 1134 martyris.

361 1158 425 1212 (Ξ.
458 1156 520 1210 Vl
550 1156 670 1210 lous
697 1158 829 1210 Acs.
882 1155 1065 1208 Romae
1110 1154 1193 1207 via
1223 1154 1477 1219 Ostiensi,
1509 1155 1761 1208 milliario
1789 1169 1872 1209 se-

290 1251 479 1319 ptimo,
504 1248 680 1301 natale
724 1248 892 1300 sancti
924 1247 1132 1317 Cyriaci
1179 1247 1460 1315 martyris,
1494 1261 1649 1311 quem
1683 1246 1872 1299 beatus

291 1340 573 1396 Marcellus
600 1355 720 1394 cum
761 1338 959 1391 Lucina
991 1346 1229 1390 matrona
1261 1337 1725 1400 christianissima,
1749 1352 1869 1390 cum

289 1433 409 1485 aliis
434 1432 520 1499 qui
551 1446 671 1484 cum
711 1446 775 1484 eo
817 1430 956 1498 passi
1006 1436 1130 1482 sunt
1177 1435 1481 1482 sanctorum
1532 1429 1866 1497 corporibus,

292 1520 566 1575 transtulit
604 1523 655 1572 in
699 1520 953 1585 pracdium
1000 1534 1176 1586 suum,
1209 1518 1468 1572 condiens
1520 1519 1868 1585 aromatibus,

291 1621 349 1667 et
379 1611 771 1665 linteaminibus
818 1611 1116 1664 recondens
1148 1612 1196 1663 in
1230 1610 1572 1678 sarcophagis
1621 1612 1870 1680 lapideis,

292 1711 480 1756 octava
510 1699 595 1755 die
618 1700 815 1755 mensis
841 1699 1078 1768 Augusti.
1112 1698 1392 1754 Reatorum
1423 1710 1715 1769 martyrum
1748 1717 1870 1769 pas-

1978 616 2173 664 notatte
2224 618 2370 675 sunt,
2409 609 2509 664 hoc
2543 619 2647 675 est,
2678 610 2904 676 septima
2950 609 3154 663 decima
3204 605 3560 662 Kalendarum

1979 701 2200 769 Aprilis.
2234 702 2389 769 Apud
2430 702 2687 755 Viennam
2722 701 2897 755 nataie
2923 703 3091 755 sancti
3122 699 3308 756 Severi
3339 700 3560 772 presby-

1981 792 2077 844 teri
2107 798 2162 844 et
2189 790 2511 845 confessoris
2532 832 2547 857 ,
2578 792 2668 860 qui
2700 794 2861 845 etiam
2912 792 3179 861 ingentem
3230 805 3553 856 paganorum

1980 882 2374 937 multitudinem
2420 883 2582 938 verbo
2630 891 2685 938 et
2734 884 3004 937 miraculis
3048 884 3112 935 ad
3158 884 3315 937 fidem
3356 882 3556 938 Christi

1979 974 2266 1027 convertit.

2050 1064 2112 1116 Ι).
2147 1063 2185 1115 V
2214 1064 2331 1118 lous
2363 1063 2497 1118 AUC.
2550 1063 2733 1118 Romae
2761 1066 2928 1118 sancti
2973 1064 3194 1117 Romani
3228 1064 3434 1126 militis,
3466 1064 3554 1134 qui

1977 1152 2322 1208 confessione
2345 1156 2510 1207 sancti
2545 1155 2812 1209 Laurentii
2837 1164 3209 1222 compunctus,
3242 1158 3391 1221 petiit
3411 1172 3471 1211 se
3493 1157 3557 1208 ab

1985 1262 2049 1299 eo
2075 1246 2349 1314 baptizari,
2374 1258 2425 1300 et
2450 1261 2566 1297 mox
2586 1246 2803 1312 jubenle
2832 1246 2993 1298 Decio
3018 1262 3136 1298 cum
3164 1247 3389 1300 fustibus
3411 1248 3561 1301 exhi-

1992 1336 2156 1400 bitus,
2208 1352 2269 1390 ac
2319 1336 2615 1390 decollatus
2653 1342 2753 1390 est.
2809 1336 2861 1390 In
2893 1335 3099 1390 Verona
3145 1338 3354 1391 civitate
3386 1341 3560 1407 passio

1976 1438 2283 1482 sanctorum
2317 1426 2482 1481 Firmi
2524 1436 2578 1481 et
2607 1428 2828 1490 Rustici,
2859 1428 2947 1496 qui
2982 1437 3219 1495 tempore
3252 1426 3550 1483 Maximiani

1978 1518 2316 1587 imperatoris
2365 1525 2421 1572 et
2464 1519 2713 1571 Annolini
2769 1518 3064 1571 consularis
3112 1520 3247 1585 passi
3302 1528 3444 1573 sunt.
3498 1520 3564 1572 Et

1978 1611 2155 1679 v'gilia
2185 1610 2354 1663 sancti
2379 1609 2673 1662 Laurentii.

2055 1704 2112 1754 E.
2145 1702 2205 1754 lV
2242 1702 2361 1756 lous
2390 1705 2526 1756 Auc.
2578 1701 2763 1755 Natile
2790 1702 2955 1755 sancti
2990 1699 3258 1755 Laurentii
3296 1700 3565 1758 archidia-

1535 1789 1756 1843 EDl'l'lU
1801 1791 2305 1845 BULLANDIANA.

296 1889 415 1934 tur:
446 1890 648 1935 etcum
692 1894 790 1933 nec
818 1879 932 1943 sic,
965 1878 1157 1931 virtute
1194 1878 1436 1947 Domini,
1479 1880 1632 1934 laesus
1664 1879 1871 1947 fuisset,
1910 1890 1953 1948 ις
1980 1897 2101 1936 cum
2148 1884 2309 1937 sociis
2347 1882 2479 1947 suis,
2527 1899 2664 1951 quos
2716 1883 3032 1937 Maximinus
3071 1884 3385 1938 Diocletiani
3421 1885 3563 1939 filius

296 1971 557 2039 lapidatus
586 1969 855 2035 occubuit,
885 1979 1072 2039 agente
1106 1970 1329 2036 praeside
1356 1971 1613 2025 Adriano.

370 2060 454 2125 D.,
510 2063 689 2114 Rutnte
730 2063 905 2128 passio
955 2071 1262 2113 saneturnm
1312 2072 1602 2129 martyrum
1654 2078 1877 2115 numero

294 2131 484 2202 viginti
516 2134 768 2200 quinque.
803 2130 855 2183 In
904 2131 1180 2184 Antiochia
1225 2132 1399 2184 natale
1444 2134 1540 2188 SS.
1587 2132 1879 2195 Sull‘rouei,

298 2201 556 2277 Χ’ξείνι’ὶεῐξ,
592 2211 644 2254 et
671 2203 895 2254 aliorum
926 2217 1037 2253 sex.
1074 2202 1335 2253 Mediolan
1362 2222 1371 2249 ›
1411 2205 1585 2258 natale
1615 2207 1670 2256 8.
1696 2206 1719 2233 ³
1747 2204 1879 2255 Fall-

291 2282 441 2325 sttui.

348 2362 401 2414 8.
436 2393 504 2402 —
543 2362 600 2414 Vl
627 2359 771 2415 Inus.
805 2361 1004 2415 Natalis
1035 2360 1094 2415 S.
1127 2360 1154 2399 δ
1184 2362 1413 2432 Cyriaci.

364 2451 527 2505 Addit
566 2451 627 2504 Τ.
672 2451 829 2520 Largi
873 2460 926 2505 et
973 2451 1291 2520 Smaragdi:
1342 2451 1406 2507 V.
1461 2453 1677 2519 ittSUper
1706 2453 1882 2525 jungit

292 2548 507 2601 nomina
539 2545 920 2612 Crescentiani,
951 2546 1211 2602 lllemmize
1235 2556 1289 2601 et
1312 2547 1536 2602 .Iuliaui:
1569 2550 1654 2614 C.,
1680 2550 1880 2603 omisso

289 2640 610 2708 Sunaragdo,
644 2639 803 2692 habet
835 2638 1049 2692 nomina
1088 2638 1450 2693 Crescentiani
1496 2648 1551 2694 et
1589 2640 1876 2694 Theodori.

293 2731 538 2800 Elogium
586 2742 762 2783 autem
814 2728 1013 2784 retexit
1064 2728 1251 2783 Florus
1281 2730 1333 2783 in
1379 2728 1445 2784 A.
1481 2739 1535 2783 et
1562 2729 1671 2783 T.:
1712 2732 1878 2796 Quem

294 2823 656 2877 Diocletianus
712 2821 1003 2890 imperator
1052 2832 1266 2889 propter
1319 2821 1476 2875 filiam
1535 2837 1564 2874 a
1622 2822 1881 2878 daemonis

290 2917 573 2970 vexatione
593 2914 661 2968 ab
690 2914 805 2978 ipso
831 2922 1067 2967 curatam
1092 2914 1322 2967 maxime
1344 2929 1629 2980 venerans,
1662 2924 1877 2985 pro‘ea-

293 3012 416 3064 dem
448 3023 507 3062 re
536 3007 647 3076 rcgi
681 3007 964 3060 Persarum
993 3006 1159 3060 misit.
1190 3006 1352 3075 Cujus
1374 3008 1533 3062 etiam
1571 3008 1730 3061 filiam
1757 3022 1877 3062 cum

295 3118 326 3153 a
346 3101 614 3153 daemonio
641 3098 919 3152 liberasset
942 3114 1060 3152 cum
1090 3107 1237 3165 patre
1260 3106 1313 3152 et
1334 3099 1452 3152 aliis
1475 3099 1878 3169 quadringentis

292 3194 508 3261 triginta
544 3191 846 3256 baptizavit.
875 3190 1007 3257 llinc
1036 3204 1307 3245 reversum
1334 3189 1649 3245 Maximinus
1678 3193 1878 3246 cateruis

1986 1954 2210 2007 diversis
2245 1954 2418 2021 poenis
2447 1953 2822 2023 afﬂicIOsCtnn
2852 1954 2971 2006 aliis
3000 1954 3181 2023 viginti
3203 1955 3364 2022 jussit
3390 1957 3564 2017 capite

1986 2025 2165 2094 plecti.
2205 2024 2521 2094 ll.,7Roma:
2568 2024 2624 2077 S.
2666 2022 2874 2091 Cyriaci
2926 2022 3172 2094 martyris
3216 2037 3268 2078 et
3300 2026 3563 2078 sociorum

1985 2093 2121 2160 ejus.
2154 2094 2207 2146 lu
2243 2104 2265 2131 ε
2299 2093 2607 2147 Nicomedia
2652 2098 2823 2146 natale
2862 2094 2960 2147 SS.
3015 2093 3220 2158 Nazari,
3271 2095 3463 2148 Juliani
3512 2108 3568 2150 et

1988 2163 2182 2231 Agapa:
2213 2164 2451 2233 virginis.
2489 2164 2854 2231 Philadelphia
2882 2165 3057 2218 natale
3088 2165 3148 2219 S.
3176 2165 3390 2219 Leonis.

2054 2256 2107 2308 9.
2140 2283 2208 2294 —
2238 2253 2275 2307 V
2330 2257 2467 2307 Inus.
2514 2257 2540 2295 ιι
2572 2253 2755 2322 Vigilia
2798 2254 2853 2308 S.
2909 2254 3198 2309 Laurentii.
3250 2255 3448 2309 Eodem
3476 2256 3566 2311 die

1984 2342 2166 2397 Romae
2194 2342 2252 2399 S.
2290 2353 2313 2380 θ
2340 2342 2567 2397 Romani
2600 2342 2804 2409 militis,
2831 2344 2918 2412 qui
2947 2342 3289 2399 confessione
3317 2345 3376 2400 S.
3424 2346 3564 2399 Lan-

1984 2433 2140 2488 rentii
2185 2442 2557 2502 compunctus,
2590 2434 2745 2501 petiit
2774 2433 2840 2485 ab
2882 2447 2949 2487 eo
2995 2432 3287 2501 baptizari;
3330 2445 3384 2489 et
3412 2451 3564 2500 mox,

1977 2525 2202 2596 juhcnte
2234 2526 2416 2591 Decio,
2451 2539 2572 2579 cum
2605 2524 2833 2579 fustibus
2875 2523 3148 2579 exltibitus
3179 2538 3240 2578 ac
3270 2525 3562 2581 decollatns

1984 2626 2083 2669 B~L

2058 2710 2244 2763 Florus
2266 2710 2316 2763 in
2364 2711 2426 2765 A.
2458 2719 2508 2764 et
2537 2708 2628 2777 T.,
2674 2707 2914 2763 Colonias.
2945 2707 3124 2762 natale
3168 2707 3267 2763 SS.
3302 2707 3564 2775 Faustini,

1989 2798 2005 2835 ί
2043 2799 2361 2864 Marcellini,
2395 2798 2741 2863 Secundiani,
2776 2806 2831 2852 et
2860 2796 3013 2851 Sixti.
3049 2796 3252 2851 Eodem
3299 2797 3387 2851 die
3424 2798 3565 2866 apud

1989 2894 2247 2947 Veronam
2281 2894 2458 2960 passio
2507 2893 2607 2947 SS.
2654 2901 2679 2939 ε
2733 2890 2892 2945 Firmi
2923 2902 2975 2945 et
3008 2890 3212 2945 Rustici
3265 2891 3399 2961 :qui
3448 2899 3568 2958 post

1982 2986 2155 3051 ignem
2186 2995 2488 3054 cmteraque
2521 2994 2807 3051 tormenta,
2841 2984 2940 3038 sub
2962 2985 3296 3049 Maximiano,
3333 2985 3566 3039 Anulino

1984 3075 2069 3148 [Τ.
2119 3075 2338 3147 Amilio]
2390 3077 2698 3132 c0nsiliario
2739 3076 2879 3144 ejus,
2923 3075 3183 3145 capitibus
3240 3077 3561 3144 plectuntur.

1984 3168 2072 3236 L.,
2100 3168 2224 3224 Sola
2254 3169 2445 3222 horum
2479 3168 2691 3222 nomina
2716 3177 2769 3221 et
2796 3167 2977 3237 agonis
2999 3168 3171 3221 locum
3204 3168 3380 3223 habet.

295 3251 539 3349 ligatum,
563 3288 687 3333 ante
715 3278 933 3333 rhedam
962 3294 1112 3332 suam
1136 3279 1332 3333 nudum
1361 3280 1521 3347 trahi,
1545 3290 1599 3335 et
1617 3296 1649 3337 a
1679 3282 1878 3338 vicario
1905 3251 1953 3313 θ
1992 3260 2253 3349 ,,λ¹ῗέο,¹¹¹,
2277 3259 2592 3349 Αβκὲράᾟ
2644 3259 3559 3349 ἾέξὲἦΙῩ,ξδῦξλῖξῑξ³¹¹ξ¹ίμ,Ϊξδίζῖίίᾼίο

292 3387 390 3427 suo
418 3372 678 3441 Carpasio
704 3372 931 3429 diversis
963 3373 1132 3440 poenis
1163 3372 1417 3428 afﬂictum
1437 3413 1453 3440 ,
1495 3389 1616 3429 cum
1650 3374 1767 3432 aliis
1795 3374 1875 3429 vi-

292 3465 426 3535 ginti
451 3463 617 3533 jussit
645 3466 822 3534 capite
852 3464 1029 3533 plecti.

368 3579 426 3631 L.
455 3578 533 3632 sic
562 3577 774 3633 brevius
804 3595 815 3629 :
851 3577 1033 3631 Romre
1065 3578 1291 3631 elevatio
1315 3578 1559 3647 corporis
1582 3578 1636 3633 S.
1665 3581 1872 3650 Cyriaci

1992 3331 2280 3386 Valeriani.
2312 3331 2372 3385 C.
2409 3330 2497 3395 V.,
2552 3332 2605 3382 In
2660 3330 2879 3384 Oriente
2930 3329 3116 3394 Firmi,
3167 3329 3391 3394 Rustici,
3432 3332 3563 3386 Cie-

1989 3403 2270 3466 Scettliutti,
2301 3401 2590 3464 Theodori,
2631 3402 2714 3454 vel
2744 3401 3025 3454 Theodoti.

2064 3494 2147 3548 10.
2182 3522 2253 3533 —
2296 3494 2364 3546 lV
2398 3494 2536 3546 Inus.
2581 3491 2765 3545 Natale
2795 3490 2851 3545 S.
2884 3489 2911 3526 δ
2942 3491 3209 3547 Laurentii
3239 3493 3340 3547 sub
3369 3493 3561 3560 Decio;

1986 3589 2075 3654 qui
2100 3599 2214 3652 post
2243 3585 2469 3655 plurima
2498 3592 2756 3638 tormenta
2781 3583 3034 3649 carceris,
3071 3585 3348 3638 verberum
3374 3584 3555 3639 diver-

1680 3676 1883 3733 Stlll'l‘ll
1923 3679 2148 3735 NOT/E.

369 3771 392 3798 ⁸
429 3762 688 3817 Faustini.
720 3764 821 3829 Qui
848 3763 965 3817 ,Sub
998 3763 1212 3816 Aurelio
1240 3762 1535 3817 Commodo
1564 3777 1679 3832 po:~t
1710 3772 1873 3822 ninlta

292 3835 587 3906 certamina
634 3836 870 3904 martyrii
922 3834 1147 3901 palmam
1199 3834 1423 3901 adeptus
1461 3844 1558 3889 est.
1605 3835 1871 3906 Nomen,

296 3906 433 3965 Anu,
467 3905 662 3957 Itanox.

370 3974 398 4045 if
426 3973 651 4045 Cyriaci.
681 3972 844 4042 llujns
873 3986 924 4027 ct
948 3973 1181 4045 Largiiet
1206 3975 1480 4039 Sinaragdi
1516 3976 1627 4029 dies
1658 3979 1871 4045 natalis,

299 4042 605 4097 celi-bratur
633 4060 790 4111 supra
823 4044 907 4095 die
951 4042 1065 4097 xvrt
1102 4044 1222 4099 Kal.
1266 4045 1481 4107 Aprilis.
1519 4047 1712 4100 Eorum
1758 4042 1876 4103 cor;

300 4130 426 4181 pura
477 4128 507 4166 a
552 4113 755 4168 Joanne
807 4114 1117 4179 presbytero
1167 4116 1247 4168 via
1292 4115 1496 4169 Salaria
1544 4120 1771 4182 sepulta,
1813 4118 1871 4173 S.

302 4186 581 4237 Marcellus
614 4200 743 4251 papa
772 4183 822 4236 in
858 4187 1110 4250 praedium
1152 4184 1365 4239 Lucina:
1399 4187 1480 4238 via
1509 4187 1739 4242 Ostiensi
1774 4191 1887 4244 hac

303 4256 389 4307 die
423 4256 710 4307 transtulit.
741 4256 868 4320 Quae
909 4264 1090 4317 postea
1131 4257 1180 4308 in
1215 4254 1410 4310 Urbem
1440 4257 1636 4322 delata,
1670 4258 1723 4311 in
1765 4260 1870 4315 dia-

300 4324 454 4377 conia
487 4325 547 4377 S.
577 4325 754 4377 Maria:
787 4328 837 4376 in
865 4323 947 4375 via
978 4324 1103 4377 Lata
1133 4326 1404 4377 recondita
1434 4326 1667 4382 fuerunt.

376 4406 398 4431 ε
430 4392 756 4448 Nicomedia.
788 4393 842 4446 In
872 4393 1100 4448 Notkero
1132 4397 1243 4448 hinc
1272 4398 1531 4449 sententia
1578 4400 1656 4451 sic
1696 4413 1756 4453 se
1781 4400 1875 4454 ba-

274 4464 427 4518 ‘bet:
467 4463 521 4517 In
567 4466 874 4519 Nicomedia
926 4464 1113 4517 natalis
1156 4467 1249 4516 SS.
1301 4465 1529 4527 Nazarii,
1580 4468 1775 4522 Juliani
1822 4479 1876 4524 et

304 4510 521 4604 31.3.;
546 4510 1876 4604 rogasti}.gaias}.irasisit;{sissit}.si
1910 4510 1960 4569 ί)

374 4605 403 4642 ά
455 4602 661 4673 νὶςέιίιιί.
703 4606 807 4657 Cur
850 4602 1023 4677 aniem
1071 4620 1179 4677 prge
1209 4602 1429 4677 Caeteris
1461 4609 1784 4677 martyribus
1814 4614 1871 4666 S.

304 4675 577 4729 Laurentii
608 4686 829 4744 agantur
859 4676 1074 4743 vigilite,
1132 4674 1181 4728 itl
1231 4676 1440 4744 quidem
1497 4674 1613 4730 non
1655 4679 1757 4732 alia
1810 4682 1878 4737 de

303 4760 466 4799 causa
512 4745 727 4807 factum,
759 4762 914 4811 quam
940 4761 1002 4800 ex
1034 4746 1254 4812 pristina
1283 4745 1369 4799 illa
1406 4746 1661 4800 Fidelium
1692 4749 1878 4805 obser-

304 4818 540 4878 vatione,
570 4819 655 4883 qni
684 4816 1015 4883 propensiorl
1048 4818 1224 4869 Studio
1256 4819 1319 4868 ad
1349 4832 1541 4882 corpus
1573 4820 1700 4872 tanti
1736 4836 1871 4874 mar-

307 4889 442 4955 tyris
471 4886 689 4951 vigilare
716 4896 1011 4951 cceperunt,
1055 4896 1110 4937 ut
1138 4885 1254 4954 ejus
1286 4886 1414 4939 Acta
1459 4897 1752 4954 testantur;
1802 4893 1880 4947 sic

305 4959 450 5010 enim
494 4956 691 5009 habent
721 4975 733 5008 :
770 4976 787 5007 ι
816 4959 948 5009 Cum
978 4957 1316 5010 tradidissent
1345 4960 1633 5024 sepulturae
1655 4961 1711 5016 S.
1746 4962 1879 5015 ιω..-

310 5043 331 5079 t
376 5028 626 5091 rentitnn,
651 5026 955 5095 jejunantes
982 5027 1319 5079 eelebrarunt
1346 5028 1551 5096 vigilias
1583 5033 1753 5085 noctis
1785 5033 1875 5086 tri-

312 5114 333 5146 ι
371 5096 480 5148 duo
528 5114 647 5149 cum
704 5100 865 5151 multa
933 5097 1354 5150 Christianorum
1413 5099 1729 5167 frequentia,
1784 5119 1880 5158 nec

314 5185 330 5215 ι
369 5178 647 5221 cessarunt
674 5185 701 5219 a
732 5171 871 5220 luctu
898 5180 947 5220 et
980 5168 1247 5236 lacrymis.
1281 5186 1298 5218 ι
1333 5170 1532 5223 ΒΑηοισ.
1564 5170 1618 5223 in
1644 5172 1804 5227 notis.

392 5246 417 5275 ⁶
460 5236 694 5290 Romani.
740 5238 894 5291 Venit
923 5250 1097 5292 autem
1126 5237 1365 5293 JuStinus
1398 5241 1674 5308 presbyter
1698 5254 1876 5308 noctu,

311 5308 702 5383 collectumque
731 5324 924 5374 corpus
947 5309 1063 5383 ejus
1093 5308 1336 5383 sepelivit
1365 5311 1417 5362 in
1449 5324 1634 5380 crypta
1674 5315 1721 5365 in
1752 5328 1879 5383 agro

315 5380 544 5433 Verane.
578 5379 773 5434 Sumus
804 5391 932 5432 tom.
979 5378 1065 5441 IV,
1100 5395 1150 5444 p.
1184 5379 1309 5434 588.

392 5450 411 5486 τ
455 5448 767 5510 Marcellini,
817 5449 1152 5505 Secundiani.
1192 5450 1289 5514 Qui
1341 5463 1403 5503 ex
1452 5453 1880 5515 persecutoribus

308 5519 438 5575 facti
461 5521 769 5586 Christiani,
804 5531 1042 5588 tetripore
1073 5521 1211 5574 Decii
1240 5519 1338 5575 sub
1360 5520 1627 5573 consulari
1662 5522 1880 5576 Pramo-

311 5600 366 5644 to
411 5590 641 5658 primum
667 5593 790 5645 caesi
829 5602 971 5653 sunt,
1014 5592 1206 5644 deinde
1250 5591 1482 5657 equuleo
1529 5593 1797 5660 suspen-i,
1829 5604 1882 5647 et

310 5663 525 5728 ungulis
551 5663 749 5727 abrasi,
781 5672 937 5728 atque
968 5664 1086 5727 igne
1129 5662 1381 5714 lateribus
1423 5665 1669 5728 apposito
1694 5668 1877 5727 assati,

311 5730 684 5800 triumphalem
733 5732 968 5801 martyrii
1002 5732 1230 5801 palmam
1280 5731 1449 5801 capite
1501 5733 1622 5788 czesi
1675 5749 1881 5791 merue-

309 5812 453 5857 runt.
482 5799 695 5866 Sumus,
723 5812 851 5854 tom.
879 5800 965 5855 iV.
998 5799 1232 5859 Uscana.
1349 5799 1358 5801 ⁷
1725 5821 1730 5825 ”

712 5894 981 5954 Parnm.
1022 5892 1241 5954 XCIV.

2060 3782 2085 3819 ις
2149 3768 2336 3824 Firmi.
2404 3770 2657 3823 Caurario
2701 3770 2901 3824 vic.trio
2964 3770 3283 3826 Veronensis
3329 3774 3561 3831 civitatis

1980 3842 2129 3909 juxta
2171 3856 2396 3907 corpora
2431 3840 2701 3907 vigilante,
2747 3852 2953 3907 septem
2985 3841 3079 3895 viri
3105 3857 3161 3896 se
3190 3847 3554 3911 negociatores

1981 3920 2284 3983 asserentes
2329 3924 2552 3983 corpora
2596 3911 2946 3977 abstulerunt,
2979 3923 3033 3966 et
3060 3928 3178 3967 cum
3210 3914 3418 3983 navigio
3450 3917 3553 3969 im-

1982 3981 2309 4050 posuissent,
2341 3982 2477 4034 ultra
2516 3996 2617 4033 non
2649 3992 3078 4045 comparuerant.
3110 3981 3356 4051 Corpora
3378 3998 3553 4040 autem

1980 4053 2093 4116 ipsa
2128 4060 2427 4105 transvecta
2456 4059 2581 4105 sunt
2623 4054 2686 4103 ad
2717 4054 3189 4121 Carthaginiensem
3224 4058 3552 4121 provinciam

1980 4123 2031 4176 in
2062 4123 2331 4176 civitatem
2375 4137 2493 4189 qua:
2523 4122 2714 4175 dicitur
2743 4120 3048 4176 Praedones.
3086 4120 3271 4177 Postea
3306 4130 3556 4180 translata

1979 4202 2103 4246 sunt
2130 4192 2193 4244 ad
2223 4191 2423 4258 Capras
2446 4192 2711 4261 civitatein
2741 4192 2980 4256 llistric;
3010 4194 3095 4246 ubi
3122 4195 3440 4261 quieverunt
3463 4198 3559 4249 do-

1983 4277 2081 4316 nec
2108 4276 2134 4313 a
2163 4263 2221 4316 S.
2249 4262 2411 4315 Maria
2449 4260 2760 4324 Veronensi,
2785 4261 2924 4315 dicta
2972 4260 3357 4329 ConsOlatrice,
3390 4264 3555 4321 Vero-

1985 4347 2102 4387 nam
2135 4340 2396 4398 reportata
2438 4343 2578 4385 sunt.
2617 4331 2780 4385 Pera.
2828 4332 2897 4386 de
2928 4333 3096 4387 Natat.

2060 4399 2087 4439 ξι
2126 4401 2409 4455 Laurentii.
2457 4403 2582 4469 Ejus
2612 4403 2922 4472 martyrium
2958 4413 3076 4471 pert
3100 4413 3187 4458 net
3216 4404 3279 4458 ad
3311 4419 3396 4457 an.
3431 4406 3560 4472 9.58;

1986 4475 2035 4525 iit
2066 4474 2301 4541 Epistula
2343 4468 2566 4527 enim’S.
2599 4468 2846 4543 Cypriani
2875 4475 2938 4526 ad
2960 4468 3289 4530 Successum
3321 4492 3385 4528 eo
3418 4468 3562 4530 anno

1982 4545 2126 4605 data,
2160 4545 2505 4613 Sixtnspapa
2538 4544 2589 4597 iit
2639 4546 2951 4598 cmmeterio
2982 4546 3383 4600 animadversus
3422 4545 3552 4601 dici-

1982 4624 2066 4668 tur
2095 4626 2280 4668 octtvo
2312 4612 2492 4666 Iduum
2524 4616 2903 4682 Augustarum,
2931 4626 3077 4667 sexta
3109 4616 3311 4668 scilicet
3340 4617 3545 4670 mensis

1978 4686 2094 4752 ejus
2122 4684 2243 4749 die;
2286 4684 2511 4753 ideoque
2538 4700 2657 4735 cum
2687 4684 2826 4737 inter
2873 4687 2931 4738 S.
2967 4684 3100 4738 Sixti
3142 4684 3409 4753 pontificis
3444 4687 3549 4739 Ro.

1981 4755 2123 4807 mani
2173 4762 2399 4806 mortem
2451 4762 2503 4806 et
2532 4753 2802 4807 Laurentii
2854 4755 3165 4823 martyrium
3209 4757 3439 4809 triduum
3472 4772 3557 4808 so-

1982 4823 2254 4877 lummodo
2286 4824 2674 4888 intercesserit,
2704 4834 2761 4875 ut
2790 4834 2999 4877 constat
3022 4840 3087 4878 ex
3122 4826 3267 4879 Actis
3291 4828 3429 4890 apud
3458 4826 3560 4881 Su-

1980 4895 2136 4957 rium,
2170 4894 2234 4947 ad
2264 4894 2407 4946 diem
2450 4893 2691 4962 ejusdem
2725 4895 3211 4948 mensisctlecimam
3244 4896 3371 4948 illud
3407 4898 3546 4951 rel'e-

1982 4967 2224 5017 rendum.
2279 4964 2438 5016 Divus
2484 4964 2807 5031 Augustinus
2865 4965 3061 5032 paSsim
3113 4968 3273 5020 variis
3317 4966 3369 5020 in
3418 4968 3550 5023 locis

1981 5035 2321 5088 Laurentium
2352 5035 2545 5097 laudat,
2576 5045 2627 5087 et
2661 5034 2966 5098 Ruinartus,
3002 5036 3082 5088 vir
3109 5036 3462 5100 clarissimus,
3503 5039 3556 5092 in

1981 5108 2128 5158 Actis
2153 5106 2442 5171 primorum
2471 5116 2762 5175 martyrum
2786 5104 3008 5159 sinceris
3029 5115 3083 5159 et
3110 5106 3321 5161 selectis
3347 5125 3397 5174 p.
3432 5108 3559 5168 180.

1982 5176 2145 5229 multa
2177 5176 2391 5228 exhibet
2417 5175 2485 5228 de
2514 5175 2568 5229 S.
2598 5174 2637 5228 L
2658 5176 2883 5228 intentio
2912 5192 2975 5229 ex
3002 5177 3228 5231 aliorum
3253 5188 3558 5232 sanctorum

1985 5258 2190 5311 patrum
2238 5257 2293 5298 et
2321 5254 2559 5299 veterum
2602 5248 2922 5314 scriptorum
2970 5250 3242 5315 opusculis
3284 5259 3557 5315 excerpta.

1981 5317 2118 5369 Cum
2150 5317 2209 5369 S.
2239 5317 2421 5370 Sixtns
2448 5319 2546 5369 sub
2580 5316 2865 5369 Valeriano
2913 5320 3223 5387 martyrium
3256 5333 3440 5386 passus
3470 5321 3557 5382 sit,

1982 5401 2202 5440 necesse
2247 5394 2331 5440 est
2374 5395 2427 5439 et
2477 5400 2689 5450 passum
2743 5387 2799 5441 S.
2834 5388 3181 5441 Laurentium
3238 5391 3336 5442 sub
3367 5390 3558 5443 eodem

1982 5458 2337 5524 imperatore;
2369 5456 2496 5510 Acta
2546 5459 2702 5523 igitur
2733 5457 2789 5512 S.
2840 5460 3105 5511 Laurentii
3141 5468 3194 5512 et
3220 5462 3397 5511 onntta
3446 5458 3560 5514 fere

1983 5528 2382 5599 Martyrologia,
2406 5538 2629 5596 excepto
2664 5527 2874 5582 Baronii
2909 5529 3203 5599 Martyrot.,
3239 5528 3552 5592 corrigenda

1982 5608 2127 5669 sunt,
2155 5613 2275 5665 qua:
2302 5598 2437 5650 falso
2462 5614 2591 5669 eum
2617 5600 2717 5651 sub
2764 5599 2926 5651 Decio
2960 5598 3171 5669 passum
3206 5600 3558 5669 tradiderunt.

1984 5667 2151 5732 Hnjtt‘s
2177 5681 2369 5738 corpus
2396 5682 2423 5719 a
2458 5667 2516 5720 Β.
2548 5667 2834 5738 Πιρροιγιο
2878 5678 2934 5722 et
2961 5667 3192 5737 llusino
3242 5668 3559 5738 presbytero

1984 5739 2248 5801 sepultum
2283 5736 2374 5792 fuit
2425 5740 2473 5791 in
2516 5736 2827 5794 cmmetei‘io
2878 5736 3115 5810 (Syriaca:
3172 5736 3421 5810 itt'agro’
3463 5741 3558 5798 Ve-

1984 5820 2135 5862 rane.
3140 5850 3145 5854 .

3055 5901 3135 5969 32
