3990 6196
448 318 589 376 ιυοδ

1161 319 1361 375 nam
1406 319 1855 377 VENlillAllllJS
1894 318 2044 376 ore.
2091 318 2263 374 cans
2304 318 2389 372 tv.
2424 348 2489 356 —
2532 280 2907 372 IIlS’fOfllCA.

3579 279 3725 374 tuus

1722 429 1948 485 EDITIO
1985 427 2452 485 COLONIENSIS.

447 525 567 577 coni
601 522 699 575 sub
735 522 914 586 Decio,
941 521 1027 591 qui
1058 532 1177 591 post
1206 520 1431 589 plurima
1465 528 1732 575 tormenta
1769 521 2029 585 carceris,
2064 539 2109 598 Α
2140 527 2315 573 menta
2361 519 2410 571 in
2438 516 2596 571 domo
2628 516 2837 586 propria
2868 515 3041 586 gladio
3070 517 3273 585 perculi
3294 558 3309 583 ,
3337 526 3390 572 et
3418 518 3497 573 sic
3524 532 3729 594 marty-

452 615 736 670 verbcrum
766 614 1092 669 diversarum
1126 613 1439 667 laminarum
1471 611 1792 678 ardentium,
1815 612 1878 666 ad
1908 612 2033 667 ulti-

451 723 595 763 mum
649 708 700 762 in
745 707 995 761 craticula
1046 705 1215 759 ferrea
1269 715 1499 769 assatus,
1532 706 1843 777 martyrium
1883 720 2031 762 com-

452 799 637 867 plevit.
673 799 823 853 Mane
870 808 1047 851 autem
1093 798 1263 865 primo
1291 797 1466 851 adhuc
1503 798 1818 867 crepusculo
1860 800 2034 865 rapuit

450 905 645 960 corpus
687 890 803 958 ejus
853 888 1187 959 Hippolytus,
1221 898 1273 942 et
1306 889 1543 943 condivit
1585 904 1707 944 cum
1752 889 1931 944 linteis
1978 900 2033 944 et

450 982 813 1044 aromatibus,
868 996 988 1034 cum
1046 980 1201 1034 beato
1255 980 1465 1034 Justino
1524 982 1874 1053 presbytero,
1918 982 2029 1051 jam

449 1071 749 1137 vespertina
776 1069 995 1135 hora,el
1017 1070 1343 1137 sepelierunt
1365 1072 1415 1125 in
1440 1086 1569 1140 agro
1588 1070 1816 1127 Verane.
1846 1072 2031 1126 Romae

450 1161 675 1215 militum
727 1177 854 1217 va.
912 1161 1062 1215 Tunc
1116 1163 1255 1231 passi
1303 1169 1427 1216 sunt
1469 1162 1745 1231 Claudius,
1775 1164 2027 1233 Severus,

444 1252 789 1307 Crescentius
818 1261 871 1307 et
897 1251 1169 1307 Romanus
1199 1251 1314 1320 ipso
1341 1252 1448 1308 die.

520 1345 579 1399 F.
614 1344 677 1399 111
706 1346 825 1399 ῐυιτε
852 1347 986 1401 Avo.
1040 1344 1222 1399 Routtc
1269 1347 1406 1400 inter
1455 1347 1586 1401 duas
1632 1347 1807 1403 lauros
1856 1349 2031 1405 natale

446 1439 613 1492 sancti
641 1438 864 1493 Tiburtii
898 1439 1145 1510 martyris
1166 1479 1181 1507 ,
1214 1440 1301 1508 qui
1329 1438 1479 1507 jussu
1525 1440 1741 1495 Fabiani
1787 1441 2031 1511 praesidis

446 1543 607 1599 super
657 1544 855 1599 prunas
900 1528 1149 1584 ardentes
1197 1530 1350 1584 nudis
1401 1530 1624 1600 pedibus
1678 1532 1947 1599 incedens,
1977 1532 2027 1586 in

447 1621 593 1673 nullo
620 1620 779 1674 larsus
804 1628 908 1676 est.
934 1621 1120 1676 Postea
1149 1636 1275 1676 vero
1298 1636 1324 1675 a
1352 1621 1605 1691 prtedicto
1634 1622 1887 1692 Fabiano,
1920 1640 2030 1678 ma-

444 1716 694 1770 cliiuante
732 1716 1005 1782 Torquato
1048 1724 1308 1783 apostata,
1336 1714 1514 1784 gladio
1545 1717 2025 1781 transverberatus,

444 1809 759 1878 martyrium
792 1807 1039 1876 explevit.
1092 1808 1219 1860 Item
1254 1806 1435 1861 Romae
1467 1809 1641 1863 natale
1685 1818 1885 1863 sanctae
1924 1809 2028 1864 Su-

442 1916 626 1966 sannae
672 1899 913 1970 virginis,
962 1916 1081 1969 quzc
1133 1899 1233 1954 fuit
1287 1899 1393 1953 lilia
1448 1899 1655 1955 Gabinii
1706 1900 2027 1972 presbyteri,

2140 610 2273 664 rium
2323 608 2732 664 consummavit.
2779 607 3041 662 Praedicta
3079 623 3210 663 vero
3255 609 3455 665 Sereno
3485 611 3729 681 Augusta

2137 702 2349 770 collegit
2377 714 2570 771 corpus
2599 709 2798 754 sanctm
2836 700 3088 769 virginis,
3125 709 3181 755 et
3220 703 3531 773 sanguinem
3564 720 3727 774 quem

2137 792 2376 856 suderat,
2410 792 2463 845 in
2507 792 2694 847 eodem
2741 792 2859 847 loco
2888 807 3007 847 cum
3040 808 3138 846 suo
3168 793 3429 848 velamine
3474 796 3644 858 tersit,
3672 806 3731 851 et

2138 887 2315 954 posuit
2342 886 2391 938 in
2422 900 2577 953 capsa
2609 894 2858 955 argentea
2905 884 2957 938 in
2990 884 3187 954 palatio
3228 900 3358 950 suo,
3390 885 3478 939 ubi
3510 886 3597 941 die
3626 901 3729 939 no—

2134 986 2327 1046 ctuque
2376 976 2577 1031 furtivis
2614 976 2814 1030 vicibus
2857 990 3009 1030 orare
3041 990 3145 1029 non
3199 976 3465 1029 cessabat.
3514 974 3728 1045 Corpus

2134 1076 2309 1123 autem
2358 1079 2557 1123 sanctae
2595 1068 2853 1123 Susanna:
2885 1069 2997 1137 ipse
3044 1068 3286 1123 manibus
3330 1070 3443 1124 suis
3485 1072 3725 1136 ornavit,

2133 1175 2254 1215 cum
2304 1160 2697 1215 linteaminibus
2749 1168 2805 1212 et
2851 1159 3211 1228 aromatibus,
3244 1168 3298 1214 et
3348 1159 3523 1227 posuit
3571 1160 3724 1228 juxta

2131 1266 2353 1320 corpora
2399 1260 2704 1305 sanctorum
2740 1250 2792 1304 in
2823 1250 3133 1306 cmmeterio
3165 1250 3475 1304 Alexandri.
3523 1250 3591 1304 Et
3620 1252 3723 1304 de-

2135 1343 2330 1413 positio
2360 1341 2639 1411 Gaugerici
2670 1341 2904 1410 episcopi
2936 1349 2989 1394 et
3032 1338 3377 1404 confessoris,
3410 1341 3498 1395 oui
3549 1355 3720 1394 xxxiii

2131 1448 2300 1488 annos
2328 1433 2828 1487 Cameracorensetu
2855 1432 2992 1485 rexit
3021 1429 3339 1483 Ecclesiam.

2203 1524 2267 1579 G.
2299 1524 2451 1578 Puto.
2488 1523 2605 1578 Inus
2638 1525 2771 1576 Avo.
2812 1521 2865 1574 In
2897 1521 3074 1577 Sicilia
3104 1521 3319 1573 civitate
3348 1518 3718 1573 Catinensiuin

2134 1616 2308 1670 natale
2338 1615 2487 1683 Eupli
2534 1613 2763 1669 diaconi.
2796 1613 2896 1681 Qui
2935 1628 3055 1667 cum
3095 1612 3398 1666 diutissime
3442 1620 3717 1683 torquere-

2133 1718 2239 1777 tur,
2271 1707 2568 1763 decollatus
2613 1715 2698 1762 est
2740 1720 2769 1759 a
2799 1704 3101 1759 Calvisiano
3144 1703 3449 1766 consulari,
3478 1711 3719 1773 tempore

2133 1800 2446 1856 Diocletiani
2475 1807 2528 1854 et
2551 1796 2875 1853 Maximiani.
2912 1797 3109 1850 Eodem
3138 1796 3226 1849 die
3251 1804 3447 1849 sanchn
3480 1795 3716 1860 llilarim,

2132 1892 2316 1947 matris
2338 1900 2535 1946 sancta:
2559 1890 2704 1946 Afra:
2727 1888 2996 1958 martyris.
3022 1886 3152 1953 Quae
3173 1902 3292 1939 cum
3320 1886 3384 1938 ad
3409 1885 3713 1954 sepulcrum

442 1992 621 2047 fratris
652 1990 766 2045 Gali
796 2006 965 2061 papae.
1001 1991 1123 2045 Ilaec
1152 2005 1278 2060 ergo
1308 1992 1406 2045 sub
1440 1990 1771 2046 Diocletiano
1797 1992 2027 2061 impera-
2060 2012 2103 2072 Β
2131 1985 2248 2055 ejus
2289 1984 2575 2039 excubaret
2602 2022 2617 2047 ,
2649 1980 2842 2036 ibidem
2866 1995 2968 2063 pro
2999 1979 3102 2072 fide
3126 1978 3322 2033 Christi
3350 1993 3388 2072 ἶ
3412 1986 3718 2072 persecuto-

440 2095 559 2139 tore
607 2098 763 2155 passa
807 2092 908 2149 est,
941 2096 1004 2138 eo
1034 2081 1174 2152 quod
1209 2081 1371 2136 nollet
1416 2081 1647 2136 Maximo
1677 2083 1787 2137 filio
1830 2084 1946 2152 ejus
1975 2085 2025 2137 in

442 2176 690 2246 conjugio
737 2175 961 2239 sociari,
988 2176 1080 2231 sed
1112 2174 1163 2229 in
1194 2174 1494 2244 virginitate
1541 2190 1872 2245 permanere,
1900 2176 2025 2230 hor-

440 2277 588 2323 tante
613 2282 732 2321 eam
764 2267 898 2321 Gaio
927 2279 1083 2335 papa,
1112 2279 1212 2320 nec
1238 2280 1340 2320 non
1373 2273 1425 2319 et
1452 2265 1651 2320 Serena
1681 2265 1937 2335 Augusta,
1970 2276 2027 2322 ul

437 2356 641 2410 atabilis
699 2365 1035 2425 permaneret
1076 2355 1131 2410 in
1186 2354 1290 2409 fide
1343 2363 1397 2409 et
1444 2355 1692 2410 castitate
1749 2365 2022 2425 perpetua.

440 2447 664 2517 Propter
695 2445 795 2500 hoc
822 2445 983 2515 jussit
1020 2458 1143 2499 eam
1195 2442 1557 2499 Diocletianus
1607 2453 1728 2515 post
1765 2443 1869 2499 alia
1909 2452 2030 2499 tor-

2133 2076 2281 2129 ribus
2329 2075 2435 2144 igni
2488 2073 2679 2128 tradita
2725 2081 2844 2135 est,
2876 2085 2995 2124 cum
3040 2069 3205 2139 Digna
3254 2080 3305 2123 et
3354 2069 3633 2131 Eumeuia,
3662 2080 3716 2122 et

2132 2167 2421 2237 Euprepia,
2452 2180 2570 2234 quae
2600 2165 2811 2220 fuerunt
2840 2163 3028 2232 puella:
3057 2171 3257 2217 sanctae
3280 2159 3442 2215 Afra}.
3477 2160 3534 2215 ln
3556 2160 3714 2233 Syria

2133 2261 2307 2316 natale
2339 2271 2642 2315 sanctorum
2671 2256 2922 2311 Macharii
2956 2264 3009 2309 et
3030 2254 3250 2309 Juliani.

2204 2355 2268 2406 A.
2301 2350 2418 2404 Inus
2452 2350 2586 2404 Anc.
2620 2346 2801 2400 Romm
2830 2346 2999 2398 sancti
3036 2343 3327 2413 Hippolyti,
3358 2344 3447 2413 qui
3476 2353 3716 2413 tempore

2139 2442 2281 2498 Decii
2310 2440 2485 2510 ligatis
2515 2438 2738 2509 pedibus
2763 2440 2829 2491 ad
2856 2435 2994 2490 colla
3024 2434 3402 2489 indomitorum
3426 2448 3713 2501 equorum,

1691 2552 1915 2609 EDITIO
1955 2548 2450 2610 BOLLANDIANA.

436 2666 642 2717 serum,
688 2651 1005 2705 laminarum
1029 2648 1352 2714 ardentium,
1394 2647 1462 2701 ad
1496 2648 1741 2701 ultimum
1772 2645 1825 2702 in
1864 2648 2024 2703 crati-

437 2745 553 2797 cula
587 2742 755 2796 ferrea
784 2748 993 2795 assatus
1022 2740 1335 2809 martyrium
1360 2739 1670 2807 complevit.

510 2832 575 2888 Υ.
607 2832 690 2897 C.,
727 2832 791 2887 Et
818 2834 919 2887 vita
949 2844 1250 2886 sanctorum
1300 2840 1504 2901 septem
1556 2830 1778 2886 fratrum
1812 2837 1837 2866 ⁸
1888 2830 2021 2885 Dor-

442 2906 743 2959 mientium.
776 2905 859 2969 8.,
891 2904 954 2957 Et
981 2903 1103 2957 alibi
1139 2902 1555 2966 Crescentiouis,
1588 2901 1847 2971 Januarii,
1878 2902 2016 2956 Exu-

441 2977 633 3047 perati.

516 3084 603 3136 tl.
635 3078 791 3135 -ΙΙΙ
844 3079 981 3134 Inus.
1025 3078 1210 3133 Romae
1254 3077 1312 3133 S.
1346 3077 1372 3116 ι’
1404 3077 1628 3133 Tiburtii
1669 3077 1919 3149 martyris
1973 3085 2029 3130 et

451 3186 472 3212 ο
504 3174 784 3229 Susanntl‘.

519 3264 725 3317 Excidit
760 3263 873 3317 haec
904 3263 957 3316 in
990 3262 1053 3316 Α.
1078 3261 1142 3316 Τ.
1178 3260 1261 3323 ι...
1295 3260 1420 3315 dum
1452 3259 1604 3316 istius
1632 3269 1780 3332 gesta
1820 3261 1897 3314 sic
1937 3260 2029 3315 de-

460 3355 644 3410 scribit
675 3354 897 3409 Florus:
929 3353 1026 3419 Qui
1056 3353 1122 3406 de
1166 3365 1319 3405 sacro
1349 3351 1493 3406 fonte
1540 3366 1568 3405 a
1608 3351 1665 3405 Β.
1708 3350 2029 3406 Sebastiano

444 3454 723 3514 su-ccptus
752 3452 808 3499 et
845 3442 898 3498 in
923 3442 1027 3498 fide
1049 3440 1243 3498 Christi
1286 3444 1592 3507 roboratus,
1625 3456 1744 3495 cum
1772 3440 2023 3512 figmenta

2136 2646 2327 2701 ductus
2357 2642 2439 2697 via
2479 2640 2765 2704 Lavicana,
2809 2637 3035 2693 fundens
3067 2635 3131 2691 ad
3174 2635 3457 2691 Dominum
3504 2650 3712 2707 preces.

2135 2735 2242 2791 ictu
2268 2733 2433 2806 gladii
2464 2732 2799 2795 verberatus,
2832 2728 3076 2800 migravit
3107 2728 3173 2782 ad
3224 2726 3513 2782 Christum.
3566 2726 3715 2784 Scri-

2131 2836 2277 2896 ptum
2310 2826 2360 2880 in
2392 2824 2568 2879 Gestis
2599 2823 2658 2877 Β.
2694 2820 3015 2878 Sebastiani.

2218 2916 2359 2970 Idem
2390 2914 2577 2969 Florus
2604 2913 2797 2968 ibidem
2825 2930 2835 2964 :
2874 2912 3069 2965 Eodem
3100 2911 3188 2966 die
3217 2910 3268 2965 in
3297 2909 3464 2965 Gallia
3498 2912 3717 2967 civitate

2137 3010 2424 3064 Cameraco
2453 3005 2715 3075 depositio
2735 3004 2790 3059 S.
2810 3001 2835 3041 δ
2859 3000 3134 3075 Gaugerici
3164 3002 3400 3073 episcopi
3427 3002 3716 3073 (Παειρηιιι

2145 3102 2263 3169 A.),
2291 3100 2380 3169 qui
2405 3108 2457 3153 et
2486 3114 2691 3168 magna:
2716 3098 3053 3153 abStinentiae
3080 3112 3392 3167 magnaque
3422 3099 3711 3170 religionis,

2138 3198 2195 3245 et
2220 3190 2684 3261 eleetnosynarum
2714 3189 2933 3259 largitor
2960 3204 3023 3242 ac
3063 3188 3445 3245 miraculorum
3477 3200 3717 3262 patrator

2132 3280 2231 3335 fuit
2260 3297 2273 3333 :
2304 3289 2359 3335 et
2379 3280 2439 3336 S.
2471 3280 2688 3334 Taurini
2719 3279 2899 3335 fratris
2928 3278 3065 3347 ejus.

2204 3372 2269 3429 γ.
2302 3371 2363 3429 Β.
2389 3372 2477 3439 C.,
2510 3372 2577 3426 Et
2600 3370 2775 3441 passio
2810 3370 2865 3425 S.
2903 3372 2925 3399 θ
2949 3370 3210 3425 Cassiani.

2205 3463 2294 3518 12.
2323 3495 2392 3506 -—
2423 3464 2463 3518 II
2498 3463 2637 3518 lous.
2672 3462 2724 3517 In
2751 3461 2932 3519 Sicilia
2962 3462 3177 3517 civitate
3202 3461 3583 3518 Catanensium
3616 3478 3708 3518 na-

444 3538 707 3592 idolorum
738 3535 1110 3626 detestamur,
1150 3532 1452 3626 a‘Fabiano
1494 3532 2019 3626 prazfectocompt'e-
2048 3538 2095 3605 C
2119 3543 2234 3613 ‘tale
2271 3556 2422 3626 Eupli
2454 3555 2697 3622 diaconi;
2732 3553 2825 3625 qui
2868 3568 2989 3610 cum
3023 3554 3322 3610 diutissime
3352 3562 3710 3625 torqueretur,

444 3630 643 3682 bensus
672 3636 774 3681 cst.
810 3623 1094 3695 (Hactenus
1135 3622 1228 3693 Α.)
1280 3624 1418 3677 Ante
1467 3622 1620 3692 cujus
1671 3624 1834 3692 pedes
1885 3624 2023 3678 idem

443 3720 725 3788 praefectus
778 3716 1040 3771 carbones
1086 3714 1338 3770 ardentes
1395 3714 1582 3769 effudit
1633 3714 1855 3772 dicens:
1915 3717 2024 3771 Aut

444 3815 600 3865 thura
632 3809 685 3864 in
718 3809 835 3865 istis
865 3808 1186 3863 carbonibus
1217 3808 1413 3877 adjiee,
1458 3818 1551 3861 aut
1602 3809 1823 3878 pedibus
1874 3811 2027 3866 nudis

442 3916 605 3969 super
656 3914 751 3955 eos
796 3898 1005 3954 incede.
1048 3901 1118 3953 At
1173 3898 1265 3953 ille
1312 3900 1521 3969 signum
1580 3901 1757 3969 crucis
1806 3902 2027 3970 faciens,

449 4000 758 4048 constanter
788 4006 950 4059 super
972 4006 1066 4046 eos
1091 3992 1227 4044 nuda
1255 3993 1524 4059 ingressus
1554 4002 1636 4046 est
1662 3993 1862 4061 planta.
1898 3995 2031 4049 Hinc

2133 3652 2429 3708 decollatus
2457 3660 2538 3707 est
2581 3666 2611 3705 a
2658 3648 2957 3705 Calvisione
3001 3648 3080 3720 [Β.
3131 3648 3381 3704 Lusioue.
3433 3647 3497 3702 Β.
3552 3650 3711 3703 Clau-

2138 3744 2329 3816 siano]
2376 3744 2665 3811 consulari,
2696 3752 2934 3812 tempore
2973 3740 3282 3796 Diocletiani
3310 3749 3363 3795 et
3389 3740 3713 3795 Maximiani.

2206 3834 2293 3898 Β..
2325 3836 2505 3888 Romae
2538 3834 2714 3888 natale
2742 3831 3061 3905 Chrysanthi
3114 3841 3169 3888 et
3220 3831 3413 3887 Darire.
3451 3832 3506 3886 lu
3556 3833 3714 3905 Syria

2139 3906 2313 3961 natale
2343 3906 2441 3960 SS.
2468 3905 2715 3959 Macharii
2751 3914 2804 3959 et
2829 3904 3047 3959 Juliani.

2211 3995 2392 4049 15.-
2426 3996 2618 4051 IDIBL‘S.
2663 3994 2845 4049 Romae
2893 3994 2953 4050 S.
3015 3992 3033 4031 ί
3072 3990 3291 4062 Ypoliti,
3341 3992 3430 4063 qui
3471 4002 3714 4063 tempore

1865 4084 2072 4143 SMITH
2111 4085 2336 4143 ΝΟΤᾹΞ.

522 4175 550 4206 ⁸
590 4172 981 4228 Dormientium.
1028 4173 1106 4229 De
1141 4173 1225 4229 liis
1251 4174 1371 4229 vide
1396 4190 1541 4229 xxvtt
1568 4174 1735 4230 Junii.

406 4232 420 4275 θ
517 4243 543 4282 ιι
572 4244 811 4299 Ttburlt'i.
871 4246 989 4300 Filii
1034 4246 1353 4301 Chromatii.
1400 4246 1493 4299 llic
1544 4246 1871 4312 temporibus
1902 4247 2026 4301 Dio-

446 4316 680 4385 cletiani,
726 4330 767 4385 a7
802 4315 1097 4385 Torquato,
1150 4316 1238 4385 qui
1284 4318 1537 4371 mentitus
1567 4327 1650 4371 est
1681 4332 1739 4371 se
1766 4318 2024 4371 Christia-

448 4403 597 4452 num,
627 4384 810 4439 fraude
836 4384 1026 4455 agente
1071 4384 1333 4452 quatenus
1358 4396 1598 4440 orantem
1632 4386 1687 4442 S.
1724 4387 2023 4442 Tiburtium

2134 4177 2520 4233 Alexandrum.
2548 4175 2765 4239 Sumus,
2810 4184 2938 4230 tom.
2983 4176 3071 4230 ιν.

2206 4246 2234 4286 ἀ
2278 4247 2568 4316 Gaugerici.
2604 4249 2800 4301 Evosio
2829 4246 3116 4301 Galliarum
3146 4244 3363 4313 oppido,
3396 4244 3537 4313 quod
3564 4256 3711 4297 nunc

2135 4319 2372 4374 lvodiuui
2409 4318 2618 4382 dicitur,
2669 4319 2899 4380 oriundi,
2941 4332 3097 4385 quem
3128 4316 3188 4368 S.
3234 4316 3565 4382 Magnericus
3587 4316 3715 4369 Tre-

2136 4391 2372 4444 virorum
2433 4388 2719 4456 episcopus
2758 4388 3009 4442 clericum
3060 4396 3114 4456 et
3163 4385 3374 4439 levitam
3426 4385 3711 4456 ordinavit.

446 4453 961 4524 camprebendereut
988 4455 1249 4521 infideles,
1279 4455 1537 4525 proditus,
1563 4458 2027 4513 obtruncationem
2061 4455 2111 4514 D
2138 4459 2451 4525 Vcdulphus
2470 4453 2683 4512 interea
2730 4455 3131 4512 Cameracensis
3163 4458 3445 4523 episcopus
3477 4453 3630 4525 obiit,
3659 4464 3713 4508 et

448 4528 642 4593 capitis
672 4525 857 4597 subiit.
895 4525 1025 4581 Vide
1078 4527 1205 4579 Acta
1258 4526 1317 4581 S.
1369 4524 1662 4581 Sebastiani
1711 4529 1850 4597 apud
1908 4528 2031 4583 Bol-

446 4598 592 4650 laud.
627 4612 695 4649 xx
732 4595 952 4650 Januar.

522 4676 542 4700 ο
588 4667 861 4720 Susanna'.
919 4666 1219 4736 Presbyteri
1278 4665 1508 4732 Gabinii,
1553 4667 1642 4738 qui
1690 4682 1849 4738 supra
1901 4684 2027 4722 xviii

450 4738 607 4791 Febr.
640 4738 857 4800 colitur,
891 4738 994 4791 filia
1050 4739 1162 4791 hzec
1206 4738 1325 4801 fuit,
1375 4748 1429 4791 et
1476 4742 1651 4806 neptis
1704 4737 1816 4791 Caii
1858 4752 2027 4805 papae,

445 4810 532 4873 qui
563 4822 721 4877 supra
753 4808 942 4861 colitur
992 4823 1060 4861 xx
1106 4806 1266 4862 Febr.
1317 4809 1507 4872 Quam,
1539 4824 1661 4863 cum
1695 4808 1791 4861 fuit
1821 4807 2031 4863 formo-

445 4878 681 4939 sissima,
711 4878 1069 4933 Diocletianus
1102 4879 1319 4932 mittens
1345 4879 1621 4933 Claudium
1647 4878 2027 4934 consobrinum

447 4964 601 5018 suum
654 4946 900 5018 Gabinio,
959 4948 1282 5003 Maximiano
1333 4948 1530 5003 Caesari
1585 4964 1803 5004 uxorem
1858 4950 2026 5018 petiit.

447 5017 625 5081 l‘ater,
658 5017 910 5073 dilatione
938 5020 1220 5086 postulata,
1252 5020 1369 5073 tilia:
1400 5020 1450 5072 id
1478 5020 1649 5087 aperit
1690 5017 1869 5074 coram
1899 5019 2029 5077 Caio

448 5103 612 5157 papa;
658 5098 832 5142 tamen
879 5091 1053 5143 renuit
1093 5090 1205 5152 illa,
1234 5091 1429 5159 quippe
1461 5089 1625 5157 patris
1666 5090 1877 5145 hortatu
1905 5104 2021 5145 am-

444 5160 604 5226 plexa
633 5159 1007 5227 virginitatem.
1044 5160 1264 5215 Claudio
1296 5172 1471 5214 autem
1504 5175 1625 5215 eam
1677 5162 1869 5213 iterum
1924 5176 2025 5229 pe-

442 5241 606 5295 tente,
642 5232 751 5297 ipsa
791 5244 905 5297 ejus
933 5231 1173 5285 osculum
1200 5238 1467 5297 aversata,
1523 5230 1764 5284 hortatur
1810 5247 1931 5285 eum
1960 5232 2025 5287 ad

446 5305 801 5369 baptismum;
848 5314 946 5356 nec
977 5301 1144 5355 multo
1178 5310 1295 5369 post
1324 5317 1349 5353 a
1382 5300 1510 5355 Caio
1543 5316 1675 5370 papa
1705 5314 1824 5355 cum
1861 5317 2026 5357 uxore

440 5382 496 5423 ct
528 5373 709 5425 liberis
739 5380 793 5426 et
836 5370 1064 5425 Maximo
1094 5370 1258 5424 fratre
1292 5372 1588 5439 baptizatus
1615 5383 1720 5426 est.
1752 5371 1884 5425 Cum
1931 5388 2027 5425 au-

444 5450 549 5495 lem
583 5442 752 5495 uoluit
785 5440 1092 5495 Diocletiani
1146 5441 1283 5494 votis
1328 5442 1640 5507 convenire,
1693 5443 1852 5511 jussit
1905 5441 2025 5497 Dio-

440 5515 702 5565 cletianus
746 5520 801 5565 ut
839 5512 976 5565 intra
1025 5512 1240 5565 domum
1287 5528 1437 5566 suam
1495 5509 2021 5581 gladio‘puniretur.

440 5586 557 5642 Liui)
587 5586 721 5635 iacto
744 5584 941 5637 Serene
975 5583 1207 5652 Augusta
1238 5593 1393 5636 noctu
1424 5598 1616 5652 corpus
1642 5594 1838 5637 sanctae
1882 5598 2024 5636 mar-

447 5654 574 5717 tyris
604 5653 841 5717 collegit,
872 5652 1153 5719 posuitque
1181 5651 1328 5719 juxta
1374 5651 1600 5721 corpora
1634 5663 1935 5709 saneturum
1970 5655 2022 5706 itt

445 5721 754 5771 curtnetcrio
789 5722 1103 5783 Alexandri,
1140 5722 1189 5773 in
1224 5725 1470 5776 arettariu
1498 5725 1547 5775 in
1582 5734 1765 5792 crypta
1788 5722 1933 5792 juxta
1960 5724 2019 5778 S.

2135 4524 2469 4599 Gaugericus
2496 4530 2733 4599 omnium
2778 4541 3064 4599 consensu
3093 4527 3161 4578 ab
3210 4526 3423 4599 ﬁigidio
3452 4524 3711 4599 episc_opo

2134 4591 2423 4656 Rhemeitsi
2464 4599 2517 4651 in
2558 4597 2927 4653 Cameracensi
2974 4597 3101 4650 sede
3140 4591 3429 4649 collocatus
3453 4605 3558 4649 est.
3590 4591 3711 4648 Ple-

2134 4686 2234 4725 nus
2280 4673 2538 4725 bonorum
2589 4683 2809 4735 operum
2863 4677 2918 4719 et
2968 4668 3174 4735 dierum
3231 4666 3282 4719 in
3340 4680 3469 4730 pace
3514 4665 3711 4735 quievit

2133 4756 2276 4797 anno
2305 4733 2669 4805 Domini'591,
2694 4740 3034 4805 episcopatus
3062 4734 3150 4789 '59.
3183 4736 3437 4801 Sepultus
3463 4746 3545 4788 est
3572 4733 3710 4802 apud

2133 4811 2484 4867 Cameracum
2535 4811 2584 4861 in
2619 4809 2833 4862 basilica
2865 4823 3024 4876 quam
3074 4808 3186 4875 ipse
3212 4814 3587 4861 construxerat
3618 4818 3712 4876 uo-

2135 4882 2276 4936 miue
2320 4881 2380 4937 S.
2415 4879 2647 4933 Medardi
2673 4896 2687 4933 :
2720 4879 2814 4933 sed
2845 4874 2966 4933 iride
2993 4874 3114 4932 cum
3144 4878 3525 4929 cancuicorum
3548 4874 3713 4929 colle.

2131 4958 2217 5020 gio
2251 4953 2539 5007 translatus
2585 4962 2666 5004 est
2708 4950 2773 5003 ad
2816 4949 3096 5004 ecclesiam
3130 4946 3467 5020 S.__\iedasti,
3497 4944 3713 5020 quaeab

2130 5015 2198 5077 co
2238 5024 2396 5076 etiam
2430 5022 2488 5075 S.
2530 5020 2812 5090 Gaugerici
2846 5021 2986 5090 dicta
3036 5027 3141 5073 est.
3192 5018 3444 5090 negastis
3493 5015 3563 5070 de

2132 5094 2319 5164 Belgii.
2349 5093 2505 5146 Gtttx.
2538 5088 2819 5164 Sgnénsts.
2849 5089 3071 5164 Sumus,
3103 5100 3232 5143 tom.
3264 5088 3351 5141 Ν.

2208 5156 2257 5198 θ’
2284 5162 2539 5219 Cassiani.
2576 5161 2773 5216 Forsan
2808 5162 2892 5216 hic
2917 5162 3054 5215 idem
3092 5168 3177 5214 est
3204 5172 3326 5214 cum
3353 5172 3420 5213 eo
3449 5157 3537 5227 qui
3565 5172 3595 5210 v
3622 5156 3708 5209 vel

2130 5250 2225 5289 xttt
2258 5235 2343 5288 die
2374 5233 2531 5301 hujus
2558 5234 2757 5288 mensis
2786 5232 3110 5287 celebratur.

2208 5303 2225 5343 τ
2275 5297 2486 5372 Υῃοιίιῖ.
2522 5307 2559 5357 Α
2612 5304 2673 5357 Β.
2707 5302 3014 5365 Laurentio,
3047 5302 3135 5369 qui
3166 5314 3324 5372 supra
3355 5315 3394 5372 xy
3416 5297 3504 5352 die
3535 5297 3713 5363 Augu-

2128 5376 2196 5427 sti
2228 5370 2445 5436 colitur,
2494 5373 2579 5427 hic
2611 5374 2675 5426 ad
2708 5372 2865 5427 fidem
2914 5386 3207 5425 conversus
3257 5370 3555 5435 baptizatus
3601 5375 3708 5419 εει.

2130 5444 2245 5497 Νοιι
2277 5445 2377 5499 Sub
2409 5444 2586 5507 Decio,
2619 5452 2672 5497 ut
2708 5442 3081 5512 Martyrologia
3119 5452 3174 5493 et
3202 5444 3330 5494 Acta
3376 5439 3435 5512 S.
3473 5437 3709 5512 Lauren—

2131 5514 2190 5567 tii
2223 5515 2359 5567 falso
2387 5504 2654 5577 asserunt,
2702 5514 2795 5568 sed
2830 5504 2931 5567 sub
2974 5504 3258 5565 Valeriano
3290 5510 3467 5562 triduo
3496 5515 3618 5573 post
3645 5504 3707 5559 S.

2131 5583 2473 5639 Laurentium
2529 5599 2714 5651 passus
2760 5594 2844 5637 est
2893 5597 3013 5636 cum
3064 5589 3171 5635 tnta
3202 5580 3435 5653 familia.
3458 5578 3710 5653 Quorum

2131 5668 2356 5721 Corpora
2388 5654 2444 5709 S.
2489 5647 2730 5710 Justinus
2776 5654 2829 5708 iu
2875 5667 3065 5724 campo
3090 5653 3154 5707 ad
3199 5652 3333 5706 latus
3360 5649 3472 5719 agri
3509 5647 3709 5701 Verani

2129 5725 2393 5794 sepelivit.
