4054 6190
527 291 659 349 ω(ιῖ

1278 288 1476 345 ΒΕΟᾹΞ
1520 285 1965 343 VENERAUILIS
2005 286 2153 342 Ol’l’.
2198 285 2374 341 PARS
2415 286 2501 343 lV.
2548 317 2612 329 -—
2654 285 3037 343 lllSTURlC:\.

3646 269 3799 343 'ioos

1767 400 1990 455 EDITIO
2029 399 2489 457 COLONIENSIS.

530 502 698 557 sancti
741 497 995 554 Tharsicii
1040 495 1229 565 acolyti
1278 505 1331 548 et
1382 495 1646 563 martyris.
1696 494 1865 562 Quem
1912 497 2101 565 pagani
2132 495 2409 557 Aorando
2441 495 2773 549 interemisse
2804 493 3026 563 legatur.
3083 494 3261 547 linum:
3308 506 3502 548 sanetae
3552 495 3798 565 Serenai,

530 608 649 647 eum
681 590 1004 663 invenissent
1035 586 1227 641 Christi
1255 586 1494 654 corporis
1524 596 1854 639 sacramenta
1889 595 2104 654 portan-

530 694 658 747 tem,
689 688 963 748 emperunt
990 678 1257 731 discutere
1300 676 1425 745 quid
1472 686 1700 745 gereret.
1754 678 1822 729 At
1852 677 1938 731 ille
1966 676 2105 731 indi-

531 789 689 843 gnum
737 773 977 843 judicans
1016 768 1190 837 parcis
1248 766 1469 835 prodere
1518 768 1875 836 margaritas,
1929 768 2108 821 tandiu

533 864 757 918 lustibus
787 880 845 915 ac
888 860 1146 929 lapidhus
1192 868 1452 912 mactatus
1476 901 1491 925 ,
1522 874 1795 927 quousque
1841 860 2113 915 exhalaret

536 955 797 1025 spiritum.
830 954 889 1007 Et
918 951 1157 1006 revoluto
1185 950 1298 1019 ejus
1321 965 1544 1018 corpore
1570 951 1810 1020 sacrilegi
1841 950 2111 1005 discusso-

536 1060 620 1099 res
649 1044 772 1098 nihil
806 1042 1038 1096 invenire
1069 1048 1351 1111 potuerunt
1396 1050 1849 1095 sacramentorum
1894 1042 2107 1096 Christi.

534 1133 821 1190 Christiani
852 1142 1026 1187 autem
1055 1134 1373 1202 collegerunt
1407 1147 1597 1201 corpus
1628 1134 1872 1202 martyris
1896 1175 1911 1200 ,
1940 1144 1992 1189 et
2022 1150 2110 1191 se-

538 1226 796 1294 pelierunt
850 1225 900 1277 in
933 1227 1239 1278 cmmeterio
1286 1222 1486 1276 Calisti.
1541 1223 1594 1276 ln
1643 1223 1947 1278 Nicomedia
1992 1241 2115 1279 san--

532 1325 737 1372 ctorum
771 1314 1053 1381 Stratonis,
1078 1314 1299 1383 Philippi
1330 1325 1380 1369 et
1411 1315 1747 1385 Entychiani,
1781 1331 1896 1370 cum
1926 1331 2110 1371 eorum

534 1408 713 1463 sociis.

608 1499 666 1552 D.
698 1497 835 1551 XVll
867 1497 1102 1551 Kaccso.
1132 1497 1399 1553 Sarrano.
1435 1498 1487 1553 ln
1519 1499 1693 1553 Niczca
1728 1501 1985 1572 Bithyniae
2013 1517 2117 1555 na—

538 1592 641 1645 tale
669 1593 834 1645 sanCti
870 1590 1062 1646 Ursatii
1109 1592 1429 1645 confessoris
1450 1633 1463 1657 ,
1496 1596 1594 1647 sub
1636 1593 1835 1647 Licinio
1865 1608 2120 1664 persecu-

535 1692 670 1747 tore,
699 1684 785 1753 qui
834 1683 1015 1736 relicta
1050 1681 1233 1735 militia
1281 1683 1569 1737 solitariam
1611 1684 1769 1737 vitam
1804 1684 1854 1738 in
1888 1687 2112 1754 quadam

536 1772 667 1829 turri
718 1773 948 1841 prmium:
998 1772 1139 1825 urbis
1184 1772 1662 1840 elegitztantisque
1705 1773 1989 1827 virtutibus
2015 1774 2120 1827 cla—

2215 603 2393 642 UXﬂl‘lS
2436 588 2699 656 quondam
2743 587 3053 641 Diocletiani
3087 589 3329 656 Augusti.
3380 586 3434 640 In
3472 587 3793 645 Alexandria

2212 690 2517 735 sanctorum
2544 679 2774 744 Orionis,
2801 679 2998 733 zEmilii
3026 686 3081 733 et
3106 678 3311 747 lguatii.
3339 678 3391 733 ln
3420 680 3637 734 Persida
3667 696 3795 735 san-

2213 780 2417 825 ctorum
2448 771 2602 842 Tyrsi
2645 787 2763 826 cum
2808 771 2969 826 sociis
3013 773 3144 826 suis.
3192 770 3343 826 Metis
3373 773 3588 829 civitate
3628 774 3797 829 sancti

2215 861 2417 916 Amulli
2449 860 2792 915 confessoris.

2286 951 2347 1004 E.
2374 950 2490 1004 XVI
2513 950 2749 1006 KALEND.
2771 950 3038 1005 SEPTEMS.
3064 950 3214 1019 Apud
3243 951 3473 1005 Africam
3492 960 3797 1006 sanctorum

2216 1054 2527 1110 martyrum,
2560 1040 2789 1094 Liberati
2819 1040 3027 1093 abbatis
3048 1082 3061 1103 ,
3097 1040 3352 1094 Bonifaeii
3382 1042 3613 1104 diaconi,
3644 1041 3797 1096 Servi

2216 1141 2270 1188 et
2298 1133 2498 1187 Rustici
2529 1132 2994 1197 subdiacunorum,
3027 1132 3215 1201 Rogati
3257 1142 3310 1186 et
3339 1132 3559 1201 Septimi
3610 1150 3800 1186 mona-

2217 1223 2462 1289 chorum,
2493 1229 2546 1277 et
2588 1222 2799 1276 Maximi
2847 1225 2992 1291 pueri
3022 1224 3147 1292 :qui
3195 1226 3562 1291 persecutione
3596 1224 3804 1277 Vanda-

2216 1313 2334 1378 lica,
2365 1312 2515 1381 jussu
2548 1313 2894 1367 crudelissimi
2936 1313 3075 1380 regis
3108 1313 3378 1377 Hunerici,
3411 1314 3476 1366 de
3526 1316 3798 1368 territorio

2217 1405 2498 1473 Caspensis
2526 1406 2758 1460 civitatis
2784 1444 2800 1469 ,
2828 1420 2892 1459 ex
2927 1406 3227 1458 habitacqu
3256 1407 3561 1459 monasterii
3590 1404 3803 1458 abstra-

2218 1498 2307 1563 cti,
2352 1508 2509 1565 atque
2534 1497 2599 1548 ad
2634 1496 2817 1550 urbem
2858 1494 3229 1563 Carthaginem
3261 1504 3384 1547 sunt
3414 1494 3675 1562 produCti,
3712 1494 3800 1548 ubi

2220 1604 2318 1659 pro
2338 1588 2673 1643 confessione
2706 1587 2822 1641 lidei
2851 1587 3102 1641 carcerali
3132 1585 3386 1640 custodiae
3411 1587 3719 1655 mancipati,
3748 1595 3802 1641 et

2220 1679 2522 1734 crudelibus
2554 1678 2679 1733 ferri
2703 1677 3023 1747 ponderibus
3048 1678 3230 1731 arctati
3259 1696 3270 1730 :
3301 1680 3585 1731 novissime
3619 1688 3798 1748 tyran.

2224 1786 2321 1826 nus
2338 1771 2496 1841 jussit
2518 1786 2702 1825 navem
2730 1770 2993 1841 ligndrum
3018 1771 3299 1839 manipulis
3315 1771 3618 1838 adimpleri,
3642 1783 3801 1839 atque

534 1865 655 1931 ruit,
687 1874 815 1920 utet
839 1862 1107 1919 daemones
1133 1864 1416 1931 expulisse,
1444 1872 1497 1918 et
1528 1864 1790 1934 ingentem
1820 1865 2105 1919 draconem
2141 1858 2187 1916 B
2216 1863 2269 1917 in
2297 1878 2358 1917 ea
2392 1877 2577 1916 omnes
2619 1862 2811 1915 nariter
2846 1860 3089 1931 alligatos
3134 1861 3184 1915 in
3238 1861 3410 1916 medio
3456 1860 3627 1931 pelagi
3680 1861 3803 1931 igne

1780 1954 2006 2011 EDlTlO
2048 1954 2545 2011 BOLLANDIANA.

611 2051 832 2105 Notatur
861 2048 1066 2102 rubrica
1100 2047 1153 2101 ln
1179 2049 1237 2099 Π.
1267 2048 1319 2100 in
1350 2048 1412 2101 A.
1449 2048 1510 2101 Τ.
1544 2047 1602 2100 ῐ..
1633 2048 1689 2102 Β.
1714 2046 1772 2104 C.
1806 2048 2108 2115 Assumptio

539 2122 749 2176 dicitur.
781 2121 845 2174 V.
873 2120 957 2183 C.,
984 2121 1045 2173 Et
1074 2119 1195 2172 alibi
1218 2118 1481 2190 'l‘rationis
1507 2115 2108 2190 [Strationis],Philippi

520 2203 593 2245 .et
623 2192 906 2245 Atiticiani.
936 2195 999 2242 A.
1025 2190 1088 2243 Τ.
1117 2190 1203 2249 L.,
1238 2189 1289 2241 In
1321 2188 1626 2242 Nicomedia
1659 2190 1834 2242 natale
1856 2188 1951 2243 SS.
1991 2191 2111 2241 l’hi-

542 2262 671 2329 lippi
700 2272 751 2315 et
785 2261 1039 2315 liuticiani
1073 2256 1413 2330 [Eulicijtln
1458 2259 1776 2330 Carthagine
1809 2260 1981 2330 natale
2013 2260 2111 2314 SS.

522 2328 684 2388 "lsaac
708 2342 761 2387 et
787 2328 1109 2386 Maximiani.
1135 2331 1216 2394 B.,
1243 2328 1295 2383 ln
1318 2328 1625 2384 Nicomedia
1654 2330 1828 2382 natale
1850 2329 1944 2385 SS.
1967 2330 2116 2385 Stra-

542 2405 700 2467 tonis,
729 2402 951 2470 Philippi
987 2410 1041 2455 et
1071 2401 1328 2455 Euticiani
1362 2416 1481 2452 cum
1512 2401 1667 2453 sociis
1694 2415 1899 2455 eorum.

615 2494 699 2548 16.
724 2493 947 2547 -Χνιι
982 2492 1115 2546 Kac.
1142 2491 1308 2545 Vacat
1336 2491 1512 2544 Bteda.

614 2586 702 2652 D.,
732 2585 787 2638 ln
813 2583 987 2639 Nicrea
1036 2584 1292 2652 Bithyniae
1325 2582 1499 2636 natale
1530 2582 1585 2638 S.
1621 2587 1643 2614 “
1675 2583 1877 2638 Ursacii
1909 2583 2119 2639 confes-

538 2657 704 2711 soris.
738 2655 800 2708 V.
825 2656 910 2715 C.,
937 2656 1119 2707 Natale
1146 2652 1472 2723 Sitnpliciani
1502 2663 1553 2707 et
1581 2654 1638 2708 S.
1663 2655 1876 2723 Thyrsi,
1911 2655 2120 2709 Orionis

540 2736 593 2781 et
629 2725 841 2778 Euielii.
882 2726 947 2778 A.
976 2723 1040 2775 Τ.
1076 2723 1137 2778 L.
1172 2725 1250 2787 8.,
1286 2726 1338 2775 In
1370 2722 1583 2776 Persida
1616 2722 1789 2778 natale
1816 2726 1968 2794 Tyrsi
1997 2741 2117 2780 cum

542 2796 703 2850 sociis
719 2795 856 2866 suis.
885 2794 944 2866 ιιι
967 2793 1491 2866 Alexa_ti_dria_pas_sio
1514 2794 1845 2866 SS.Drionis
1864 2793 1918 2848 et
1942 2795 2117 2866 Agna-

530 2867 620 2920 .iii.
636 2866 689 2920 In
708 2862 888 2920 Galliis
904 2864 1110 2918 civitate
1127 2863 1274 2918 Motis
1289 2862 1362 2934 [lu
1382 2864 1562 2918 Galliis
1584 2864 1799 2920 civitate
1814 2866 1960 2919 Metis
1978 2862 2119 2920 deest

2219 2049 2269 2101 in
2300 2046 2382 2119 [3.]
2409 2048 2581 2119 natale
2610 2046 2668 2101 S.
2694 2045 2720 2084 lt
2748 2047 2947 2119 Amulli
2973 2046 3205 2115 episc0pi
3229 2046 3573 2102 confessoris.
3604 2048 3800 2101 Verum

2221 2119 2271 2171 in
2309 2117 2395 2179 AI.
2427 2118 2626 2172 omisso
2671 2117 2888 2178 Orione,
2926 2128 3125 2170 tantum
3180 2121 3410 2187 legitur:
3450 2119 3512 2171 Et
3539 2120 3804 2183 t,lepositio

2219 2189 2275 2243 S.
2314 2190 2539 2256 Agnatii.
2594 2188 2647 2241 lu
2698 2189 2754 2242 Β.
2788 2190 3036 2242 scribitur
3087 2188 3300 2257 lguatti,
3347 2198 3401 2243 et
3450 2191 3804 2259 interponitur

2223 2275 2414 2314 nomen
2454 2260 2659 2313 Emelii.

2298 2350 2384 2404 17.
2409 2380 2475 2388 -
2501 2348 2615 2403 XVI
2659 2350 2791 2405 Kac.
2824 2349 3037 2404 Octavze
3064 2350 3122 2404 S.
3152 2349 3443 2405 Laurentii.

2304 2444 2367 2498 V.
2398 2443 2484 2509 C.,
2514 2444 2577 2497 Et
2603 2443 2659 2497 S.
2690 2444 2926 2495 Mamelis
2958 2442 3039 2512 [C.
3085 2441 3343 2512 Numetis]
3390 2443 3662 2496 monachi.
3712 2444 3799 2508 T.,

2231 2514 2413 2569 Passio
2443 2515 2499 2571 S.
2536 2527 2556 2553 ο
2591 2514 2905 2567 Mammetts.
2940 2514 2999 2566 L.
3036 2512 3119 2575 B.,
3157 2516 3208 2564 Ιιι
3242 2514 3483 2566 Caesarea
3518 2516 3800 2580 Cappado—

2227 2586 2321 2639 cia:
2354 2585 2741 2658 [Cappadociae
2789 2584 2929 2658 deest
2973 2584 3032 2658 iii
3205 2585 3385 2658 natale
3412 2583 3484 2658 S.
3505 2585 3803 2658 Alamnietis

2228 2653 2472 2709 monachi
2503 2666 2555 2709 et
2584 2653 2853 2723 martyris.
2903 2653 2967 2705 A.
3004 2655 3061 2706 Β.
3095 2654 3183 2714 Τ..
3216 2654 3269 2706 In
3300 2655 3617 2707 Calcedonia
3663 2656 3803 2722 Cap—

2224 2727 2464 2796 padociae
2516 2724 2691 2792 passio
2732 2726 2788 2778 5.
2822 2725 2849 2761 ἀ
2882 2724 3133 2777 Euletnite
3176 2723 3415 2792 virginis.
3460 2726 3544 2796 Τ..
3596 2724 3803 2778 Eodem

2225 2794 2310 2849 die
2357 2797 2531 2864 passio
2566 2805 2588 2833 ε
2621 2807 2823 2864 septem
2865 2808 3180 2864 martyrum,
3225 2799 3313 2863 qui
3352 2794 3487 2861 passi
3533 2804 3663 2847 sunt.
3704 2799 3802 2847 sub

2228 2863 2496 2922 llonOrico
2542 2863 2692 2935 rege.
2740 2864 2834 2931 8.,
2868 2864 2925 2919 In
2969 2863 3104 2936 pago
3151 2863 3532 2923 Cenomauieo.
3580 2866 3801 2920 Anisola

1939 2957 2147 3013 SMITH
2185 2957 2414 3015 NOTAE.

617 3066 642 3093 ⁸
673 3054 893 3112 Ursacii.
924 3053 1104 3108 Potius
1137 3052 1356 3107 Arsacii.
1394 3052 1517 3106 Erat
1547 3050 1632 3106 hic
1668 3053 1880 3108 natione
1920 3053 2104 3119 Persa,
2138 3053 2185 3117 α
2220 3056 2317 3109 hoc
2360 3064 2440 3108 est
2485 3069 2625 3109 anno
2675 3052 2780 3109 645
2824 3052 3123 3115 scribebat,
3156 3052 3306 3105 initio
3358 3052 3488 3108 Vita:
3521 3055 3800 3111 Arnulfnm

543 3130 628 3195 qtti
660 3143 779 3181 cum
810 3126 1011 3178 alendis
1044 3124 1376 3191 imperatoris
1401 3124 1642 3195 leonibus
1666 3124 1978 3193 pratpositus
2009 3124 2110 3177 mi-

544 3192 741 3259 litaret,
770 3212 872 3250 nou
933 3195 1179 3264 ignobilis
1236 3195 1372 3247 inter
1424 3192 2113 3261 confessores'principatu

548 3268 731 3322 Licinii
762 3267 984 3320 exstitit.
1020 3266 1264 3318 Praedixit
1294 3276 1448 3317 terrm
1480 3274 1701 3325 motum,
1734 3280 1839 3330 quo
1869 3265 2114 3317 Nicome-

546 3338 631 3392 dia
661 3337 893 3400 collapsa
921 3346 1000 3389 est
1024 3334 1246 3388 Datiano
1267 3344 1319 3387 et
1347 3334 1565 3387 Cereale
1593 3335 1898 3387 consulibus
1922 3350 1971 3389 ix
1996 3334 2116 3387 Kal.

535 3406 892 3475 Septembris,
924 3415 979 3458 nt
1008 3405 1184 3457 scribit
1213 3405 1523 3458 Ammianus
1553 3404 1892 3475 Marcellinus
1916 3416 1966 3457 et
1999 3405 2119 3457 Ida-

545 3473 648 3533 tius
681 3480 730 3531 ιιι
765 3478 967 3540 Fastis,
999 3477 1085 3542 qui
1121 3475 1216 3528 luit
1263 3489 1434 3527 annus
1464 3475 1654 3527 Christi
1694 3473 1824 3529 553.
1868 3474 2121 3530 Arsacius

545 3561 723 3603 autem
755 3559 1035 3613 antequam
1063 3545 1240 3600 clades
1271 3544 1591 3609 accidisset,
1625 3545 1733 3600 Deo
1778 3547 2117 3611 supplicavit,

548 3628 605 3673 ut
634 3620 778 3686 prius
810 3630 1105 3670 moreretur
1130 3654 1145 3681 ,
1176 3630 1335 3686 quam
1366 3615 1529 3669 oculis
1560 3617 1671 3669 suis
1701 3626 1946 3670 cerneret
1977 3618 2122 3671 urbis

542 3684 772 3744 ruinam.
803 3689 1072 3742 Sozonru.
1093 3701 1163 3749 tv,
1190 3684 1274 3740 l6.

620 3759 645 3796 δ
676 3759 903 3823 Arnulﬁ.
953 3755 1051 3810 Hic
1095 3756 1190 3809 fuit
1220 3770 1284 3809 ex
1316 3756 1576 3809 nobilibus
1611 3764 1758 3808 ortus
1790 3758 2118 3823 parentibus.

547 3828 709 3886 Duxit
735 3843 952 3883 uxorem
978 3827 1188 3880 nomine
1214 3826 1433 3890 Dodam,
1454 3838 1506 3879 et
1527 3842 1592 3880 ex
1616 3827 1801 3880 eadem
1825 3825 1957 3881 duos
1984 3829 2123 3881 lilios

548 3901 816 3968 suscepit;
847 3910 898 3951 et
927 3897 1299 3968 eumdiversis
1347 3900 1400 3968 in
1439 3897 1576 3964 regis
1609 3898 1800 3968 palatio
1834 3896 2123 3968 honoribus

548 3966 825 4033 ﬂoruerat,
855 3983 974 4020 cum
1019 3967 1133 4018 viro
1183 3967 1395 4035 egregio
1446 3966 1727 4020 liomarico
1756 3969 1831 4019 ire
1875 3966 2122 4021 Lerinutn

547 4038 817 4106 cogitavit,
851 4038 942 4090 sed
991 4039 1265 4102 utriuSque
1313 4036 1448 4089 votis
1489 4037 1924 4103 impedimentum
1955 4039 2124 4105 quod-

548 4110 672 4161 dam
714 4109 764 4161 in
808 4110 904 4160 hac
932 4120 1090 4159 causa
1133 4107 1320 4159 obl'uit.
1370 4106 1495 4160 Post
1543 4107 1831 4175 Pappolum
1866 4109 2125 4163 Arnull’us

546 4179 732 4233 sedem
765 4179 1055 4233 Metensem
1103 4192 1241 4229 anno
1271 4176 1374 4229 6M
1405 4178 1654 4230 obtinuit.
1713 4176 1999 4243 l'ostquam
2033 4194 2125 4245 per

547 4248 749 4315 aliquot
777 4264 945 4301 annos
972 4248 1257 4301 Ecclesiam
1284 4246 1481 4315 optime
1511 4248 1757 4310 rexisset,
1786 4249 1849 4300 ad
1883 4263 2122 4301 eremum

547 4323 806 4386 secessit,
841 4333 1031 4383 nempe
1061 4319 1124 4369 ad
1158 4319 1663 4371 Montem-Sanctum
1694 4318 1779 4369 ιιιιί
1815 4319 2125 4372 liomaricus

544 4391 792 4458 degebat,
816 4404 920 4455 quo
952 4391 1000 4441 iu
1033 4389 1147 4441 loco
1177 4389 1459 4441 ctenohitze
1485 4397 1540 4441 et
1566 4388 1900 4443 anachoreta:
1931 4400 2124 4454 prieter

2223 3126 2512 3179 Metensetn
2565 3127 2867 3193 episc0pum
2914 3124 3115 3187 laudat,
3146 3125 3369 3177 necdum
3415 3137 3661 3179 sanctum
3708 3144 3800 3193 ap-

2224 3198 2403 3264 pellat.
2456 3196 2588 3250 Vide
2630 3198 2688 3250 S.
2734 3195 2933 3250 Arnulli
2988 3194 3158 3247 Vitam
3206 3196 3343 3261 apud
3388 3194 3509 3249 Sec.
3570 3212 3638 3262 ιι,
3688 3202 3800 3252 Act.

2224 3268 2352 3319 Ben.

2299 3346 2319 3373 ε
2359 3334 2665 3392 Μαγηηιριῐσ.
2721 3337 2818 3404 Qui
2860 3335 3081 3404 patriam
3134 3336 3317 3389 habuit
3361 3335 3800 3405 Paphlagoniam,

2226 3416 2469 3475 parentes
2500 3408 2830 3462 Theodotum
2863 3416 2917 3461 et
2967 3406 3208 3459 Ruﬁnam
3238 3424 3251 3471 ;
3283 3417 3333 3459 et
3363 3421 3516 3459 natus
3543 3419 3645 3471 est,
3678 3410 3797 3461 dum

2226 3489 2470 3546 parentes
2494 3495 2585 3545 pro
2604 3481 2704 3532 lide
2727 3492 2994 3532 carcerem
3024 3479 3276 3531 tulerunt.
3305 3478 3356 3529 In
3381 3493 3601 3532 carcere
3623 3493 3794 3533 autem

2225 3550 2450 3602 mortuis
2483 3551 2786 3614 parentibus
2810 3588 2825 3611 ,
2856 3548 3045 3600 mulier
3089 3548 3333 3616 qmedatn
3364 3551 3503 3600 clara
3529 3564 3731 3616 genere
3751 3558 3798 3602 et

2224 3620 2411 3687 opibus
2445 3630 2500 3672 et
2529 3617 2755 3683 denique
2788 3622 3003 3686 pietate,
3034 3617 3247 3687 nomine
3279 3619 3510 3679 Ammia,
3544 3624 3794 3672 infantem

2225 3686 2458 3753 sostulit,
2482 3700 2535 3741 et
2562 3691 2659 3741 sibi
2683 3691 2870 3743 educat
2900 3688 2952 3741 in
2982 3688 3169 3742 lilium.
3200 3686 3331 3742 Cum
3364 3690 3456 3741 luit
3488 3705 3617 3757 puer
3640 3690 3796 3757 quin-

2224 3760 2395 3812 decim
2428 3776 2709 3821 annorum,
2742 3760 2947 3813 sistitur
2970 3760 3033 3810 ad
3062 3760 3287 3812 tribunal
3318 3760 3607 3812 Democriti
3631 3766 3803 3813 Cresa-

2226 3844 2331 3883 reaa
2356 3829 2707 3897 Cappodocia:
2757 3829 3022 3897 praemdis;
3058 3829 3253 3881 deinde
3283 3844 3461 3882 coram
3492 3832 3608 3897 ipso
3639 3835 3802 3883 Aure-

2227 3899 2366 3952 liano
2400 3900 2557 3953 [idem
2610 3916 2713 3954 non
2764 3900 2929 3952 multo
2964 3910 3082 3965 post
3131 3900 3403 3967 professus
3450 3911 3567 3963 est;
3602 3910 3801 3968 etpost

2226 3969 2409 4038 ﬂagra,
2438 3980 2491 4025 et
2519 3972 2684 4038 ignes,
2710 3980 2763 4024 et
2794 3968 3188 4036 lapidationem,
3214 3969 3266 4022 in
3296 3985 3439 4022 mare
3462 3971 3597 4022 tnitti
3621 3970 3804 4037 jussus

2226 4048 2339 4104 est;
2386 4044 2476 4095 sed
2511 4042 2687 4094 statim
2735 4042 2950 4107 angelos
2977 4039 3046 4093 de
3076 4044 3214 4093 creto
3261 4043 3511 4104 veniens,
3542 4050 3800 4094 terrorem

2226 4113 2437 4177 quidem
2483 4111 2661 4163 intulit
2693 4112 2754 4163 tis
2777 4153 2791 4176 ,
2822 4112 2908 4179 qui
2935 4112 3105 4177 ipsum
3135 4111 3420 4174 ducebant,
3445 4122 3499 4163 et
3526 4125 3621 4164 eos
3650 4113 3807 4164 ναι-ιιι

2229 4180 2281 4233 in
2314 4184 2488 4250 fugam
2512 4198 2526 4245 ;
2552 4181 2704 4248 jubet
2733 4191 2909 4234 autem
2934 4192 3218 4248 martyrem
3245 4185 3426 4233 venire
3455 4182 3507 4234 in
3538 4190 3800 4246 mortem,

2227 4253 2317 4318 qui
2347 4262 2428 4303 est
2456 4253 2713 4305 Ctesarea:
2750 4262 2804 4305 et
2834 4251 2941 4304 illic
2968 4253 3193 4319 degere;
3224 4268 3326 4319 quo
3356 4253 3406 4303 iit
3440 4266 3621 4303 tnunte
3666 4252 3801 4303 fera-

2230 4336 2345 4373 rum
2367 4323 2502 4376 lacte
2528 4323 2781 4389 pascitur.
2809 4323 3105 4375 Sistebaiur
3126 4323 3352 4390 denique
3369 4336 3546 4373 coram
3572 4324 3803 4374 Alexan-

2229 4390 2326 4444 dro
2372 4394 2616 4460 prmside,
2642 4406 2692 4445 et
2723 4395 2821 4446 sub
2850 4407 2915 4444 eo
2948 4391 3255 4461 martyrium
3300 4394 3519 4445 feliciter
3545 4406 3802 4445 consum-

548 4453 789 4531 vit'gines
824 4453 930 4512 Deo
973 4472 1152 4531 sacras
1192 4458 1573 4531 consistebant.
1625 4453 1949 4531 Quo__dieet
1978 4476 2117 4513 anno
2150 4453 2199 4512 Β
2227 4453 2409 4518 mavii.
2438 4466 2653 4531 Sumus,
2688 4474 2815 4517 tom.
2851 4462 2938 4515 lV.

544 4527 742 4586 obterit
772 4530 831 4584 S.
864 4528 1136 4595 Arnulfus,
1160 4528 1445 4581 obscurum
1477 4528 1704 4584 videtur.
1736 4527 1975 4581 Natalem
2008 4532 2123 4597 ejus

542 4601 689 4654 diem
738 4600 1008 4669 assignant
1058 4613 1216 4664 supra
1270 4598 1423 4652 Baeda
1446 4607 1508 4651 et
1537 4600 1659 4669 Ado
1683 4600 1731 4651 in
1766 4599 2041 4668 Martyml.
2072 4611 2125 4653 et

550 4671 825 4739 Martyrol.
856 4668 1154 4722 liomanutn
1199 4684 1262 4721 xv
1292 4670 1409 4722 Kal.
1444 4668 1686 4739 Augusti.
1739 4670 1970 4723 Omnino
1997 4686 2123 4724 vero

550 4737 878 4809 praetereuda
904 4740 1391 4809 videturﬂsententia
1418 4740 1611 4792 sinceri
1636 4737 1856 4793 Usuardi
1880 4748 1933 4793 et
1955 4739 2124 4794 Wan-

542 4812 793 4875 dclberti,
824 4813 914 4879 qui
939 4808 1140 4863 Arnulli
1167 4810 1364 4862 obitum
1399 4824 1505 4862 xvii
1534 4809 1649 4863 Kal.
1684 4810 1953 4876 Septemb.
1989 4827 2120 4863 con-

548 4884 777 4952 signant,
812 4896 932 4933 cutn
966 4882 1185 4952 dies__xv
1227 4880 1507 4952 KalLAug.
1548 4882 1615 4932 sit
1655 4881 1769 4952 ejus
1800 4883 1913 4933 dies
1943 4890 2117 4935 trans-

548 4950 778 5006 latronis.
808 4952 1043 5017 Scriptor
1080 4950 1207 5003 Viue
1234 4952 1290 5003 S.
1318 4950 1525 5004 Goerici
1561 4968 1571 5001 :
1605 4968 1623 4999 ι
1666 4950 1808 5003 Datis
1835 4951 2121 5005 oblationi-

612 5024 729 5083 bus,
754 5024 939 5087 inquit,
968 5037 1033 5073 ιν
1061 5020 1175 5073 Kal.
1203 5023 1421 5090 Augusti
1455 5022 1595 5073 idem
1625 5036 1816 5088 corpus
1838 5023 1892 5075 5.
1915 5024 2117 5076 Amulli

549 5109 572 5142 ι
609 5093 674 5144 ad
706 5093 988 5146 ecclesiam
1019 5106 1141 5160 qua:
1172 5102 1295 5145 tunc
1344 5092 1597 5159 temporis
1626 5090 1692 5143 ad
1720 5093 1815 5145 SS.
1848 5095 2121 5160 apostolos

550 5180 572 5212 σ
609 5164 921 5224 vocabatur,
952 5162 1252 5229 deportant.
1286 5179 1305 5213 ι
1342 5161 1619 5214 Consentit
1670 5162 1796 5214 Vita:
1822 5163 1877 5216 S.
1910 5164 2115 5215 Arnulli

537 5245 753 5294 auctor,
782 5236 905 5284 dum
950 5234 1072 5284 anni
1121 5235 1228 5285 lere
1270 5235 1376 5300 jam
1421 5243 1540 5283 aeto
1590 5244 1827 5299 tempore
1874 5247 1901 5283 a
1943 5244 2118 5287 morte

547 5310 737 5358 laetam
785 5303 859 5355 ait
902 5303 1319 5357 translationem.
1362 5302 1493 5355 Nam
1526 5303 1568 5355 si
1600 5303 1801 5355 Arnulli
1849 5304 2023 5357 obitus
2063 5304 2115 5357 itt

546 5391 616 5429 xv
640 5375 758 5430 Kal.
783 5375 1019 5442 Augusti,
1047 5376 1316 5427 translatio
1335 5388 1462 5427 vero
1486 5376 1533 5426 iu
1560 5388 1671 5425 xm
1696 5373 1811 5426 Kal.
1837 5372 2113 5437 Septemb.

550 5448 829 5507 inciderat,
863 5458 968 5497 non
1025 5457 1165 5496 anno
1215 5446 1324 5498 fere
1375 5445 1723 5509 exacto,sed
1774 5446 2115 5511 praeterlapso

549 5518 684 5571 facta
715 5516 987 5570 translatio
1014 5514 1303 5567 diceretur.
1341 5515 1411 5566 De
1441 5530 1582 5568 anno
1611 5513 1779 5583 major
1806 5515 2112 5575 dil‘ticullas.

551 5588 854 5653 Sigebertus
882 5601 1080 5638 annum
1123 5586 1227 5637 tiin
1256 5589 1512 5651 assignat,
1540 5600 1697 5652 quem
1728 5584 1877 5653 sequi
1926 5587 2112 5638 statui-

550 5670 669 5706 i~ti~s
698 5656 819 5707 dum
862 5655 1058 5709 certior
1088 5671 1191 5707 non
1222 5658 1473 5707 Occurrit.
1524 5659 1585 5707 lat
1630 5664 1803 5708 tamen
1832 5656 1993 5707 Jonas
2021 5655 2113 5723 qui

553 5737 691 5775 antro
712 5724 864 5777 tertio
887 5737 999 5793 post
1020 5724 1071 5779 S.
1097 5724 1312 5778 Bertulli
1339 5726 1542 5779 abbatis
1566 5724 1839 5779 Bobiensis
1862 5733 2111 5794 mortem,

2299 4530 2325 4569 ἀ
2359 4530 2645 4603 Eufemin
2682 4535 2803 4603 llaec
2834 4532 2964 4585 iulia
2996 4532 3186 4585 colitur
3213 4533 3300 4585 die
3330 4548 3413 4585 ινι
3444 4532 3799 4597 Septembris.

2302 4612 2325 4638 θ
2357 4601 2579 4675 Septem.
2610 4601 2928 4672 Carthagine
2960 4604 3009 4655 in
3053 4604 3229 4675 Al'rica
3260 4612 3563 4657 sanctorum
3596 4613 3799 4673 marty-

2226 4690 2341 4727 rum
2376 4674 2607 4729 Ltberati
2640 4678 2868 4739 abbatis,
2891 4675 3142 4728 Bonil'acii
3171 4674 3402 4738 diaconi,
3428 4676 3576 4727 Servi
3606 4684 3660 4727 et
3689 4676 3798 4728 ltu-

2224 4745 2345 4798 stici
2365 4749 2829 4807 subdiaconorum,
2859 4746 3040 4812 ltogati
3066 4755 3118 4797 et
3138 4746 3357 4809 Septimi
3386 4748 3794 4809 monachorum,

2223 4825 2278 4867 et
2308 4814 2515 4869 Maximi
2551 4819 2719 4884 pueri,
2751 4818 2839 4884 qui
2870 4816 2919 4867 in
2953 4818 3319 4875 persecutione
3352 4814 3680 4877 Wandatica,
3701 4831 3797 4879 pro

2223 4884 2558 4941 confessione
2588 4886 2875 4940 Catitohcre
2904 4885 3042 4947 Iidei,
3070 4898 3122 4939 et
3156 4887 3292 4939 unici
3327 4886 3659 4953 baptismatis
3698 4885 3797 4938 de-

2225 4958 2464 5010 fensione
2506 4960 2666 5009 variis
2710 4968 2763 5010 et
2793 4958 3040 5009 inauditis
3086 4955 3360 5023 suppliciis
3390 4957 3665 5024 exagdati,
3698 4956 3797 5007 de-

2222 5042 2365 5080 mum
2398 5044 2556 5096 super
2583 5029 2743 5096 ligna,
2786 5030 2975 5095 quibus
3004 5029 3380 5096 concretnantli
3425 5033 3597 5084 erant.
3625 5026 3801 5096 clavis

2220 5098 2435 5163 conﬁxi,
2468 5095 2586 5152 Cum
2620 5095 2752 5166 ignis
2780 5100 2971 5163 sapius
3002 5095 3486 5158 accensus'fuisset,
3519 5109 3582 5147 ac
3606 5095 3801 5149 divini-

2222 5174 2306 5219 tus
2333 5184 2543 5237 semper
2585 5172 2899 5231 exstinctus,
2934 5167 3179 5219 llunerici
3208 5168 3357 5233 jussu
3390 5180 3659 5237 remorum
3697 5182 3798 5220 ve-

2219 5238 2394 5291 ctibus
2444 5236 2718 5308 percussi,
2768 5247 2823 5292 et
2872 5237 3213 5291 comminutis
3260 5236 3497 5291 cerebris
3545 5238 3803 5304 enecati,

2219 5323 2432 5362 cursum
2459 5309 2766 5363 certaminis
2792 5308 2872 5360 sui
2898 5310 3258 5377 perfecerunt.
3285 5310 3598 5377 Eorumires
3616 5317 3803 5373 gestas

2219 5381 2433 5447 scripsit
2465 5380 2643 5433 Victor
2682 5374 2943 5433 Uticensis
2975 5380 3063 5431 ιιι).
3096 5393 3152 5430 ιιι
3188 5378 3255 5431 de
3288 5392 3433 5446 pers.
3469 5374 3718 5447 Watidal.
3744 5390 3804 5432 et

2220 5446 2401 5503 libello
2427 5449 2648 5504 seorsitn
2681 5450 2849 5516 posito
2883 5451 2934 5502 in
2965 5449 3259 5516 appendice
3280 5447 3397 5514 ejus
3427 5448 3628 5514 Operis.
3660 5446 3805 5501 Cum

2219 5518 2290 5571 ibi
2322 5521 2458 5587 passi
2493 5525 2733 5587 legantur
2760 5530 2913 5573 sexto
2938 5519 3075 5572 Non.
3104 5518 3250 5582 Julii,
3287 5518 3384 5571 hac
3414 5526 3589 5571 tamen
3613 5517 3705 5572 die
3731 5522 3809 5570 de

2218 5589 2302 5643 bis
2330 5592 2667 5659 Martyrologi
2703 5604 2890 5645 omnes
2929 5597 3113 5659 agunt,
3144 5591 3365 5642 lortasse
3396 5590 3466 5641 ob
3510 5587 3700 5643 factam
3735 5606 3806 5642 ca

2216 5660 2303 5715 die
2333 5663 2751 5718 translationem.
3001 5675 3005 5679 ‘
