4054 6190
536 342 670 400 ΜΗ

1247 347 1444 401 Βιςῡίκ
1483 347 1940 413 VENEHABILIS
1980 346 2127 402 OPP.
2170 348 2346 404 PARS
2388 351 2477 405 IV.
2522 382 2587 392 —-
2628 351 3008 411 HISTORICA.

3668 365 3763 419 ibi
3782 368 3812 419 2

1807 461 2030 517 EDITIO
2068 463 2531 521 CULONIENSIS.

536 549 704 605 Gallia
750 551 918 603 sancti
973 550 1153 604 Βοιωιί
1205 551 1522 619 presbyteri.
1558 551 1645 619 qui
1689 551 2114 633 anachoreticam
2148 560 2194 616 Α
2225 555 2423 611 siartnn
2475 558 2680 624 populis
2729 568 2869 613 tanta
2922 559 3107 615 lzetitia
3156 565 3601 633 occurrentibus,
3653 572 3807 638 quasi

538 644 700 695 vitam
732 640 913 695 multis
941 640 1095 695 annis
1125 641 1297 695 duxit.
1329 643 1506 696 Itonia:
1535 642 1675 697 beati
1696 643 1818 697 Julii
1849 644 2115 700 senatoris

540 734 809 805 martyris.
858 733 1007 788 llunc
1029 733 1318 787 docuerunt
1351 733 1488 788 beati
1519 746 1802 806 martyres,
1834 736 2113 805 Eusebius,

542 827 872 891 Vincentius,
910 825 1241 892 Peregrinus,
1276 825 1579 891 Pontianus,
1628 842 1719 895 per
1745 843 1967 897 quorum
1998 844 2113 883 ma-

541 933 640 973 nus
666 919 822 973 etiam
872 916 1149 971 facultates
1194 931 1317 970 suas
1363 918 1682 986 pauperibus
1713 918 2057 985 distribuens,
2086 936 2114 974 a

542 1010 696 1062 beato
728 1007 917 1061 Rufino
962 1006 1273 1077 presbytero
1313 1007 1631 1077 baptismum
1667 1012 1920 1079 percepit.
1960 1012 2111 1078 Quod

540 1097 761 1151 audiens
803 1093 1127 1151 Commodus
1180 1098 1485 1165 imperator,
1518 1100 1683 1152 iratus
1730 1100 1944 1155 tradidit
1991 1116 2113 1156 eum

536 1188 751 1253 Vitellio
790 1188 974 1257 judici,
1023 1197 1079 1242 ut
1130 1189 1403 1242 facultates
1451 1189 1567 1257 ejus
1616 1191 1937 1260 requireret,
1969 1201 2020 1246 et
2048 1193 2112 1246 ad

537 1280 943 1335 sacrificandum
995 1281 1309 1349 impelleret.
1369 1283 1579 1351 Quique
1620 1284 1848 1353 conjecit
1892 1301 2013 1341 eum
2060 1286 2113 1341 in

537 1383 839 1436 earterem,
871 1380 924 1425 et
954 1380 1075 1440 post
1104 1371 1330 1425 triduum
1360 1374 1559 1427 catenis
1588 1375 1816 1429 vinctum
1862 1374 1986 1430 fecit
2013 1378 2113 1432 sibi

536 1462 875 1529 prmsentari;
917 1471 970 1516 et
1018 1462 1257 1516 auditum
1302 1464 1838 1533 eum,tandiu.jussit
1886 1466 2115 1521 fustibus

534 1553 690 1619 credi,
720 1553 893 1608 donec
940 1554 1208 1609 emitteret
1234 1557 1495 1624 spiritum.
1530 1556 1694 1627 Cujus
1723 1573 1916 1627 corpus
1944 1560 2113 1615 colle-

534 1657 726 1713 gerunt
772 1658 931 1700 noctu
962 1648 1247 1715 supradicti
1278 1649 1444 1702 saneti
1478 1660 1757 1719 martyres,
1801 1659 1854 1704 et.
1880 1650 2112 1720 sepelie-

537 1747 658 1792 runt
690 1739 742 1793 in
772 1741 1080 1794 coemeterio
1103 1739 1389 1807 Calepodii

606 1829 669 1882 A.
707 1828 817 1883 Xlll
852 1829 1091 1885 Kauzsn.
1124 1828 1388 1884 Sarrana.
1417 1830 1679 1885 Samuelis
1700 1832 1997 1900 prophetae.
2022 1847 2113 1886 cu—

2223 648 2483 702 viventem
2509 649 2858 719 susciperent.
2886 651 3084 707 Eodem
3108 651 3195 709 die
3223 655 3361 709 beati
3387 657 3688 728 Porphyrii,
3715 662 3806 727 qui

2220 751 2458 795 sanctum
2489 751 2776 811 martyrem
2806 742 3088 812 Agapitum
3127 746 3353 801 erudivit
3382 749 3432 802 in
3477 748 3579 804 fide
3608 758 3661 804 et
3702 751 3803 803 do-

2222 831 2388 885 ctrina
2419 831 2639 887 Christi.
2676 833 2731 887 ln
2764 834 3082 890 Alexandria
3114 839 3286 893 natale
3311 838 3571 901 Dioscuri.
3596 852 3648 896 et
3678 840 3803 895 alibi

2221 920 2497 977 Philiherti
2543 924 2770 980 abbatis.
2822 925 2879 980 ln
2912 926 3139 981 Lucitna
3171 938 3482 984 Sanctorum
3517 931 3799 995 Valentini,

2220 1012 2425 1068 Leonti.
2462 1014 2516 1069 ln
2543 1014 2761 1070 Sinnida
2794 1016 3007 1072 civitate
3052 1028 3357 1073 sanctorum
3395 1019 3625 1086 Valenti,
3668 1020 3802 1074 Piri-

2219 1103 2308 1168 t-ii,
2339 1105 2483 1175 Arci,
2519 1106 2748 1173 Maximi,
2783 1108 3046 1175 Pamphili
3077 1121 3129 1163 et
3159 1109 3344 1166 Colovi
3375 1113 3720 1179 confessoris,
3747 1127 3800 1169 et

2220 1198 2386 1250 sancti
2413 1198 2663 1251 Bernardi
2692 1199 2918 1253 abbatis.

2291 1288 2350 1341 Β.
2386 1288 2473 1343 XII
2510 1290 2745 1344 KALEND.
2777 1292 3047 1347 Serrano.
3081 1295 3135 1349 In
3164 1296 3429 1351 territorio
3453 1296 3804 1352 Gamalitana:

2219 1377 2471 1444 civitatis,
2504 1381 2680 1437 natale
2723 1385 2891 1438 sancti
2940 1384 3137 1440 Privati
3180 1388 3427 1457 martyris
3456 1400 3506 1442 et
3536 1390 3800 1456 episcOpi,

2219 1469 2309 1538 qui
2358 1485 2541 1539 passus
2593 1481 2675 1527 est
2727 1477 3092 1543 persecutione
3147 1477 3407 1532 Valeriani
3453 1489 3506 1533 et
3549 1478 3800 1533 Gallieni.

2221 1559 2419 1614 Eodem
2469 1562 2555 1617 die
2599 1564 2772 1619 natale
2820 1577 3122 1621 sanctorum
3155 1567 3352 1623 Bonosi
3392 1580 3445 1622 et
3475 1568 3801 1632 Maximiani,

2219 1665 2441 1718 quorum
2490 1664 2635 1723 gesta
2687 1655 2968 1710 habentur.
3025 1658 3079 1710 In
3120 1658 3339 1713 civitate
3388 1659 3580 1713 Salnna
3628 1660 3802 1712 natale

2220 1743 2482 1799 Anastasii
2499 1748 2782 1817 martyris:
2804 1748 2891 1817 qui
2916 1764 3034 1802 cum
3058 1749 3261 1803 videret
3287 1750 3495 1804 beatum
3521 1750 3800 1819 Agapitum

2220 1832 2355 1887 inter
2386 1844 2646 1890 tormenta
2679 1835 2886 1892 fortiter
2935 1838 3200 1893 Christum
3231 1841 3592 1901 confitentem,
3625 1840 3798 1893 excla-

532 1918 619 1986 jus
649 1935 795 1975 sacra
826 1938 945 1976 ossa
977 1925 1243 1989 Augustus
1267 1922 1524 1976 Arcadius
1547 1921 1613 1976 de
1630 1921 1812 1975 Iudaea
1840 1922 2112 1977 transtulit
2146 1918 2187 1977 Β
2219 1926 2417 1981 mat-it:
2452 1929 2669 1997 Magnus
2721 1938 2804 1984 est
2834 1929 3251 1985 ChriStianorum
3293 1930 3465 1992 Deus.
3500 1941 3553 1985 et
3583 1945 3690 1983 non
3720 1937 3800 1983 est

535 2009 586 2062 in
618 2009 900 2067 Thraciam
931 2011 1262 2081 portantibus
1283 2012 1567 2081 episcopis,
1595 2019 1649 2065 et
1674 2013 1908 2066 otunium
1937 2014 2109 2069 cccle-

2219 2016 2354 2071 alius
2392 2030 2595 2098 praeter
2633 2034 2773 2073 eum.
2828 2020 2952 2074 Erat
2999 2031 3175 2076 autem
3208 2021 3590 2077 cornicularius
3627 2024 3797 2075 miles.

1781 2105 2011 2161 EDlTlO
2052 2106 2552 2166 BOLLANDIANA.

600 2195 689 2248 ΞΟ.
719 2224 785 2233 -
807 2194 925 2249 ΧΙΙΙ
955 2194 1085 2248 ΙὶΑι.
1118 2203 1140 2232 ⁸
1175 2194 1387 2250 Samuel
1419 2193 1697 2264 prOpheta.

603 2304 793 2361 Florus
839 2306 891 2361 in
943 2309 1006 2361 Α.
1064 2307 1126 2361 Τ.
1188 2307 1275 2372 L.,
1333 2305 1567 2362 Cainone
1614 2319 1810 2372 castro,
1853 2308 2112 2376 depositio

528 2395 588 2452 S.
617 2394 644 2435 ι’
673 2397 880 2451 Maximi
927 2398 1275 2463 confessoris;
1318 2398 1406 2467 qui
1451 2406 1506 2451 et
1544 2398 1791 2453 maximis
1829 2398 2110 2454 virtutibus

528 2488 738 2555 enituit,
766 2496 841 2555 et,
868 2497 923 2542 ut
964 2489 1096 2543 liber
1130 2488 1257 2543 Viue
1287 2488 1404 2555 ejus
1433 2488 1606 2553 ducet,
1635 2504 1754 2559 qua:
1787 2506 1943 2544 versu
1973 2504 2109 2544 ροη-

528 2578 723 2648 scripta
754 2578 963 2647 legitur,
1000 2578 1295 2632 beatissimi
1335 2579 1542 2633 Martini
1572 2580 1861 2648 discipulus
1891 2580 2007 2634 fuit.
2043 2580 2106 2633 Et

530 2668 593 2728 S.
619 2680 641 2709 ε
672 2670 946 2725 Philiberti
978 2670 1181 2725 abbatis
1201 2709 1217 2735 ,
1250 2671 1336 2738 qui
1367 2671 1605 2726 diversas
1647 2672 1918 2725 hominum
1948 2674 2103 2725 infir-

2225 2202 2436 2258 mitates
2457 2218 2650 2258 curans
2678 2219 2772 2273 per
2795 2204 3048 2270 Spiritum
3073 2217 3315 2262 sanctum
3339 2210 3510 2263 futura
3537 2214 3795 2279 praevidit.

2221 2292 2455 2348 [labetur
2487 2296 2536 2347 in
2565 2294 2626 2348 T.
2672 2299 2843 2365 primo
2870 2295 3007 2350 loco.

2286 2386 2470 2462 C.__V._,_
2495 2387 2557 2462 Et
2580 2387 2636 2462 S.
2732 2388 2989 2462 Valentini
3040 2393 3306 2462 martyris.
3363 2392 3451 2457 T.,
3487 2394 3539 2446 In
3590 2393 3798 2447 Lucam

2215 2458 2405 2511 natalis
2432 2458 2711 2511 Valentini.
2750 2460 2832 2519 8.,
2864 2460 2913 2511 lit
2947 2458 3193 2513 Lucania
3218 2463 3392 2516 natale
3433 2465 3532 2517 SS.
3567 2463 3799 2518 Valenti-

2216 2528 2354 2581 niani
2388 2540 2439 2581 et
2469 2529 2695 2582 Leontii.
2730 2530 2783 2581 lu
2818 2531 3142 2583 Alexandria
3177 2534 3347 2586 natale
3372 2534 3428 2588 S.
3466 2534 3726 2589 Dioscori.

2282 2618 2369 2672 2i.
2395 2649 2462 2659 --
2486 2620 2574 2673 ΧΗ
2604 2618 2737 2674 Κυ..
2777 2620 2940 2674 Vacat
2973 2622 3146 2675 Bmda.

2285 2715 2475 2770 Florus
2502 2717 2553 2769 in
2589 2717 2652 2771 A.
2681 2714 2742 2769 Τ.
2780 2715 2862 2782 L.,
2896 2717 2957 2770 Et
2985 2719 3163 2786 passio
3183 2717 3240 2775 S.
3274 2726 3297 2753 ⁸
3331 2716 3800 2787 Privati;quiVa-

1922 2807 2126 2863 SMITH
2167 2807 2394 2863 ΝΟΤΕ.

540 2914 593 2960 et
637 2902 907 2956 Aurelian.
947 2901 987 2965 l,
1021 2914 1108 2953 an.
1134 2900 1262 2963 5H,
1294 2898 1433 2951 unde
1472 2896 1766 2964 colligimus
1794 2899 2107 2963 Marianum,

536 2983 797 3041 regnante
843 2972 1152 3041 (lhlodoveo
1194 2971 1232 3033 Ι,
1260 2969 1527 3041 floruisse.
1584 2970 2121 3041 Vicus__Evaunensis

540 3032 627 3099 (δεῖ
642 3044 793 3098 vicus
817 3042 1070 3097 dimcesis
1101 3032 1519 3103 Leinov'icensis,
1543 3041 1700 3109 vulgo
1721 3038 1894 3109 dictus
1918 3040 2116 3106 Evaux,

2229 2899 2452 2953 clericos
2481 2900 2849 2961 inflammavit.
2882 2900 2970 2970 qui
3001 2914 3123 2953 eum
3154 2900 3291 2968 apud
3322 2900 3635 2954 Audnenum
3663 2902 3798 2959 falso

2229 2971 2555 3039 detulerunt,
2590 2982 2899 3039 tantumque
2938 2971 3251 3033 effecerunt,
3277 2982 3331 3024 ut
3361 2972 3645 3039 episcopus
3674 2989 3795 3027 eum

2220 3040 2445 3108 jusserit
2472 3042 2522 3094 in
2554 3056 2822 3096 carcerem
2868 3040 3027 3094 trudi.
3083 3040 3343 3095 Dimissus
3374 3042 3494 3096 inde
3519 3057 3552 3097 e
3581 3058 3797 3098 carcere

538 3115 629 3170 ubi
663 3113 901 3175 sepultus
933 3112 1121 3166 dicitur
1149 3126 1177 3165 τι
1206 3109 1366 3234 Grrg.
1399 3109 1601 3162 Turon.
1636 3107 1701 3162 de
1730 3107 1813 3163 Gl.
1842 3110 1995 3164 Conf.
2029 3111 2117 3174 81,
2151 3109 2195 3171 C
2225 3107 2290 3163 ad
2330 3112 2653 3165 Ansoaldum
2683 3112 2848 3181 episc.
2878 3111 3078 3165 Pictav.
3108 3126 3165 3164 se
3195 3112 3415 3175 recepit.
3438 3121 3491 3165 et
3515 3128 3582 3167 eo
3604 3116 3797 3179 'opitu-

541 3185 831 3234 Marianas-
865 3184 952 3234 ani
988 3182 1040 3234 in
1070 3182 1245 3234 vicina
1274 3184 1315 3234 si
1346 3197 1427 3234 va.
1453 3180 1498 3233 la
1533 3180 1689 3234 foreSI
1717 3179 2121 3234 d’Antreaigues
2226 3180 2366 3234 lante
2396 3182 2445 3233 in
2478 3182 2637 3233 llerio
2681 3182 2842 3234 maris
2894 3182 3061 3234 insula
3111 3183 3490 3234 monasterium
3534 3184 3793 3234 condidit.

541 3185 831 3247 Marianas,
865 3184 952 3250 qni
988 3182 1040 3236 in
1070 3182 1245 3235 vicina
1274 3179 1427 3241 silva.
1453 3180 1498 3233 la
1533 3180 1689 3234 foreSI
1717 3179 2121 3248 d’Antreaigues

541 3274 606 3311 en
634 3254 983 3317 Combraille,
1003 3262 1244 3305 mortuus
1270 3262 1512 3317 repertus
1537 3251 1726 3305 fuerat.
1754 3252 1975 3305 Sacrum
2003 3250 2121 3319 ejus

537 3340 731 3394 corpus
759 3324 952 3394 in_ipso
982 3322 1185 3394 pariete
1216 3322 1488 3394 ecclesiae,
1518 3337 1674 3394 quam
1706 3320 2119 3394 liodieincolttnt

537 3390 782 3452 canonici
816 3390 872 3447 εξ
904 3392 1209 3461 Augustini.
1240 3391 1540 3457 depositum
1575 3390 1767 3461 fuerat.
1801 3391 1894 3445 Sed
1923 3392 2118 3447 exinde

543 3466 858 3522 translatum
890 3460 1064 3517 fuitin
1091 3478 1302 3532 capsam
1335 3470 1641 3528 argenteam
1673 3476 1700 3514 a
1732 3460 2022 3532 Reginaldo
2049 3462 2118 3517 de

546 3539 592 3591 Ia
620 3536 777 3590 Porte
802 3534 969 3601 episc.
1001 3533 1366 3588 Lemovicensi
1398 3546 1484 3583 an.
1514 3531 1672 3595 1300,
1692 3541 1760 3601 fut
1793 3531 1957 3587 refert
1991 3534 2115 3587 Ber-

541 3606 740 3661 nardns
789 3603 961 3657 Guido
1002 3603 1137 3672 apud
1187 3603 1454 3656 Labbeum
1506 3610 1649 3655 tomo
1683 3600 1701 3655 l
1738 3602 1880 3672 Bibl.
1932 3602 2114 3668 Novae,

542 3694 593 3744 p.
622 3674 746 3730 655.
782 3675 916 3729 Male
939 3671 1205 3727 adduntur
1232 3688 1349 3726 cum
1374 3672 1578 3725 duobus
1602 3671 1833 3744 millibus
1860 3675 2117 3744 quingen-

535 3741 602 3801 tis
651 3744 940 3814 nonaginta
990 3754 1232 3812 septem,
1263 3758 1381 3811 qua:
1431 3744 1605 3811 p0tius
1653 3743 1718 3795 ad
1750 3741 1809 3795 S.
1844 3743 2115 3797 Andream

540 3820 785 3871 ridentur
806 3815 1093 3882 pertinere.

610 3890 635 3918 °
668 3881 901 3939 Samuel.
952 3884 1117 3951 Cujus
1146 3896 1289 3947 ossa,
1333 3891 1387 3935 ut
1413 3884 1464 3936 in
1494 3882 1628 3936 libro
1657 3889 1841 3936 contra
1874 3881 2114 3943 Vigilan-

537 3960 668 4010 tinm
701 3956 760 4009 Β.
793 3955 1151 4020 Hieronymus
1199 3953 1384 4006 scribit
1413 3994 1428 4019 ,
1464 3955 1726 4019 Angustus
1759 3953 2020 4007 Arcadius
2051 3954 2116 4007 de

539 4029 720 4081 .lndzea
776 4024 1048 4076 transtulit
1092 4022 1414 4084 Thraciam,
1448 4024 1781 4090 portantibus
1827 4023 2114 4091 episcopis.

540 4100 653 4151 s‘un
682 4094 858 4149 Attico
889 4094 1141 4160 episcopo
1171 4090 1764 4160 ConstantinOpolitano
1805 4107 1895 4146 eas
1926 4090 2113 4146 allatas

596 4179 668 4222 se
710 4163 1272 4232 ConstantinOpolim,
1333 4163 1637 4231 locatasque
1692 4164 1743 4215 in
1796 4162 1993 4229 templo
2048 4162 2113 4215 ad

608 4238 829 4295 ptimum
864 4236 1073 4302 posito,
1105 4234 1290 4287 scribit
1335 4232 1649 4288 Theodorus
1694 4232 1884 4288 Lector
1911 4233 1962 4286 in
1995 4234 2117 4287 Col-

536 4306 734 4360 lectan.
769 4304 860 4359 lib.
891 4319 946 4358 Il.

605 4374 631 4413 ιν
664 4373 900 4429 Maximi.
941 4374 1041 4439 Qui
1077 4373 1321 4427 occulere
1372 4372 1509 4439 quod
1540 4381 1657 4427 erat
1706 4370 1945 4439 cupiens,
1976 4371 2113 4437 apud

537 4442 1082 4497 lusulam-Barharam
1132 4444 1439 4497 monasterii
1474 4443 1844 4511 Lugdunensis
1877 4443 2111 4510 peregri-

539 4517 653 4569 nari
683 4514 936 4583 expetiit;
966 4512 1334 4583 manifestatus
1363 4522 1537 4566 autem
1569 4512 1718 4583 etibi
1746 4554 1760 4577 ,
1790 4513 1842 4565 in
1882 4516 2105 4583 patriam

534 4586 713 4641 redire
755 4582 1039 4651 disposuit.
1094 4582 1224 4636 Cum
1274 4582 1324 4636 in
1373 4582 1581 4645 itinere.
1612 4582 1737 4636 dum
1770 4582 1974 4636 Ararim
2009 4582 2108 4636 llu-

535 4657 680 4709 vium
711 4656 981 4715 transiret,
1007 4652 1335 4722 naufragium
1366 4667 1555 4722 passus
1588 4662 1748 4720 esset,
1778 4654 1842 4707 ad
1872 4664 2105 4706 castrum

532 4724 870 4780 Cainonense
924 4724 1072 4778 urbis
1123 4722 1401 4778 Turonicaa
1459 4724 1679 4779 veniens
1727 4725 2105 4778 monasterium

533 4796 676 4850 circa
706 4811 830 4849 ann.
866 4794 993 4861 465,
1025 4794 1337 4858 collocavit;
1364 4794 1451 4849 ubi
1496 4795 1685 4862 plenus
1727 4794 1931 4847 dierum
1977 4794 2111 4849 obiit

535 4875 588 4919 ct
617 4866 860 4933 sepultus
890 4873 991 4918 est.
1024 4864 1192 4919 Gneo.
1220 4865 1423 4918 Turon.
1458 4864 1524 4919 de
1550 4864 1728 4920 Gloria
1757 4863 1909 4917 Conf.
1941 4863 2034 4916 22.

617 4942 641 4970 ε
674 4936 966 4989 l’hiliberti.
1001 4936 1251 4994 lle!;sann
1284 4937 1551 4989 territorio
1573 4935 1697 4996 orti,
1728 4934 1818 4986 lilii
1850 4933 2109 4987 Filibaudi

538 5005 775 5074 episcopi
809 5004 1201 5075 Vicojuliensis.
1254 5005 1353 5070 Qui
1395 5006 1463 5075 in;
1494 5005 1609 5075 aula
1662 5004 1799 5075 regis
1830 5001 2109 5075 Dagoberti

537 5078 816 5137 educatus,
837 5073 969 5142 Agit:
997 5086 1178 5144 postea
1202 5075 1411 5128 abbatis
1436 5073 1791 5144 Resbacensis
1817 5074 2108 5140 disciplina:

538 5161 597 5199 se
623 5147 926 5201 commisit:
954 5143 1058 5215 quo
1087 5145 1371 5209 defuncto,
1400 5154 1453 5198 et
1481 5144 1594 5212 ipse
1623 5143 1841 5215 fratrum
1869 5144 2105 5197 omnium

537 5230 802 5270 consensu
833 5212 997 5270 abbas
1026 5216 1225 5269 electus
1254 5223 1356 5269 est.
1398 5216 1546 5268 'I'unc
1571 5228 1598 5265 a
1627 5228 1750 5282 rege
1777 5212 2103 5266 Francorum

537 5286 878 5361 L'hlodoveo,
906 5297 1081 5361 atque
1093 5286 1207 5352 ejus
1237 5287 1423 5361 regina
1448 5283 1719 5361 vocabulo
1743 5282 2102 5361 Baldechilde,

535 5357 709 5411 locum
759 5357 812 5411 in
860 5369 995 5425 pago
1049 5356 1466 5425 Rotomageosi,
1516 5354 1843 5407 Gemeticum
1893 5354 2106 5425 nomine

534 5427 783 5493 obtinuit,
810 5422 875 5481 et'
914 5422 1054 5480 anno
1096 5422 1306 5479 circiter
1337 5424 1459 5486 654,
1491 5436 1767 5494 postquam
1815 5440 1980 5476 annos
2008 5422 2105 5475 ali-

535 5506 667 5565 quot
695 5497 928 5567 regendo
972 5504 1090 5565 post
1123 5496 1328 5567 Agilum
1360 5496 1617 5567 lit-shaec
1651 5495 1915 5567 variisque
1945 5506 2101 5560 pere-

534 5565 923 5634 grinationibus
966 5565 1327 5633 impendisset,
1356 5566 1422 5618 ibi
1457 5566 1833 5619 monasterium
1861 5573 2103 5634 constru-

536 5632 632 5689 iit.
672 5637 805 5691 Cum
854 5646 1028 5691 autem
1080 5638 1240 5689 multa
1274 5636 1482 5701 pietatis
1529 5649 1702 5704 operai
1733 5634 1967 5704 fecisset,
2001 5632 2104 5685 He—

542 5705 781 5773 hroinus,
809 5721 875 5759 eo
898 5708 1036 5773 quod
1081 5698 1298 5771 prepter
1321 5698 1620 5769 superbiant
1666 5698 1950 5759 Filihertus
1978 5717 2100 5756 eum

539 5772 928 5842 increpuisset,
964 5777 1013 5829 in
1062 5776 1118 5827 Β.
1155 5777 1325 5831 virum
1378 5775 1794 5845 ltotomagenses
1842 5775 2096 5844 quosdam

2226 3180 2366 3234 lante
2396 3182 2445 3233 in
2478 3182 2637 3233 llerio
2681 3180 2842 3235 maris
2894 3182 3061 3234 insula
3111 3183 3490 3235 monasterium
3534 3184 3793 3247 condidit,

2222 3251 2312 3304 ubi
2351 3266 2469 3303 cum
2518 3252 2735 3305 vixisset
2783 3265 2952 3304 annos
3001 3263 3157 3314 octo,
3201 3252 3433 3305 Ehroino
3480 3252 3598 3319 ejus
3648 3255 3795 3308 haste

2223 3329 2434 3373 mortuo
2464 3320 2574 3375 alS.
2603 3321 2859 3375 Audoeno
2882 3332 3162 3376 revocatus
3188 3334 3289 3376 εει.
3326 3322 3380 3375 In
3409 3322 3618 3376 Caltivo
3643 3327 3795 3377 terri-

2222 3391 2359 3444 torio
2408 3389 2648 3446 Waratto
2696 3391 2874 3459 palatii
2921 3391 3166 3459 princeps
3212 3393 3464 3457 Oppidqu
3511 3392 3711 3448 Villare
3748 3396 3792 3448 ei

2220 3462 2478 3520 donavit.
2540 3462 2625 3515 ubi
2695 3462 2956 3529 virginum
3026 3463 3403 3515 monasterium
3470 3467 3791 3518 construxit.

2223 3531 2275 3583 Do
2299 3532 2420 3584 inde
2442 3547 2560 3583 cum
2584 3531 2867 3585 Ait-adrum
2889 3530 3159 3585 Gemctico
3183 3532 3790 3596 prmfecissetabbatem,

2220 3617 2466 3655 reversus
2513 3611 2594 3656 est
2644 3602 2884 3665 Herium,
2928 3602 3013 3655 nbi
3062 3602 3144 3654 ubi
3172 3610 3209 3655 t.
3263 3604 3319 3656 Β.
3357 3602 3646 3656 Filihertus
3679 3616 3791 3671 post

2222 3672 2434 3725 Ebroini
2494 3687 2675 3727 necem
2739 3674 2807 3725 ab
2870 3673 3056 3725 exsilio
3125 3684 3405 3727 revocatus
3464 3687 3570 3725 non
3639 3676 3791 3735 longo

2220 3752 2457 3806 tempore
2502 3754 2774 3809 superstes
2822 3740 2939 3794 fuit.
2989 3744 3143 3807 Anno
3192 3743 3335 3810 regni
3382 3742 3705 3796 Theudorici
3736 3745 3786 3803 9.

2219 3812 2508 3865 Ebroinum
2562 3815 2792 3866 occisum
2841 3825 2961 3866 esse
3005 3813 3162 3866 tradit
3204 3811 3533 3880 Sigehertus,
3571 3814 3673 3866 hoc
3711 3825 3789 3867 est

2216 3897 2356 3935 anno
2382 3882 2577 3935 Christi
2602 3882 2728 3946 681,
2753 3891 2843 3935 aut
2867 3882 3181 3950 insequenti.
3212 3880 3442 3935 Proinde
3464 3882 3520 3936 S.
3554 3882 3789 3938 Fi'iberti

2218 3952 2397 4004 obitus
2427 3966 2566 4004 anno
2603 3952 2742 4005 circa
2782 3953 2886 4006 C84
2913 3994 2926 4013 ,
2961 3951 3298 4005 collocandus
3331 3952 3557 4004 videtur.
3604 3953 3790 4006 Surius

2219 4032 2345 4074 tom.
2379 4020 2462 4093 ιν.
2482 4021 2885 4093 MabillonJAct.
2911 4024 3036 4075 lien.
3065 4038 3187 4093 sine.
3208 4038 3348 4075 tt.—-
3364 4022 3663 4093 Translatio
3680 4024 3791 4091 ejus

2218 4092 2500 4145 occasione
2525 4092 2970 4145 Nortmannornm
2996 4093 3061 4145 ab
3086 4092 3312 4145 Htlnodo
3329 4092 3522 4146 abbate
3548 4092 3788 4147 lleriensi

2218 4176 2362 4215 anno
2407 4160 2542 4224 856,
2579 4162 2715 4215 facta
2757 4171 2841 4216 est
2867 4178 2935 4215 vn
2970 4164 3057 4215 die
3083 4163 3222 4216 Junii
3254 4164 3425 4231 primo
3454 4178 3515 4216 ex
3551 4162 3789 4217 Heriensi

2220 4232 2545 4285 monasterio
2587 4232 2640 4286 in
2677 4232 2881 4286 Deense
2913 4248 3003 4300 per
3050 4235 3416 4300 Ampennum,
3458 4233 3715 4287 Varinnas
3740 4245 3790 4287 et

2222 4302 2427 4354 Palutn.
2463 4302 2653 4357 Postea
2685 4302 2905 4357 incenso
2933 4302 3120 4356 Deensi
3153 4305 3498 4368 monasterio,
3521 4319 3639 4371 qua:
3664 4319 3789 4356 coo-

2219 4371 2461 4441 flagratio
2508 4371 2700 4425 accidit
2735 4387 2876 4425 anno
2907 4373 3004 4425 847
3027 4414 3041 4438 ,
3070 4374 3237 4427 nihilo
3282 4373 3455 4426 minus
3494 4374 3639 4427 eoin
3675 4376 3788 4425 loco

2222 4444 2471 4496 remansit
2525 4457 2721 4511 corpus
2789 4456 2996 4495 sacrum
3058 4459 3224 4511 usque
3273 4444 3338 4495 ad
3388 4458 3582 4496 annum
3633 4442 3740 4496 857
3771 4480 3787 4501 ,

2216 4529 2325 4580 quo
2369 4513 2419 4566 in
2446 4513 2739 4567 Conaldum
2784 4514 3214 4567 mona~teriolun
3249 4516 3360 4580 agri
3392 4514 3790 4566 Andecavensis

2212 4585 2525 4636 translatum
2558 4594 2659 4637 est.
2688 4582 2815 4636 Inde
2838 4583 2902 4635 ad
2930 4584 3287 4651 recuperanda
3318 4582 3515 4649 praedia
3546 4586 3787 4652 quietiam

2211 4669 2352 4706 anno
2378 4652 2481 4706 862
2505 4662 2747 4706 evectum
2775 4663 2856 4706 est
2881 4653 3194 4707 Masciacum
3224 4654 3362 4720 apud
3394 4653 3677 4715 Pietaties;
3705 4652 3789 4704 ubi

2214 4726 2412 4778 restitit
2444 4724 2495 4775 in
2528 4738 2724 4776 annum
2757 4724 2882 4783 875.
2903 4738 3008 4791 quo
3040 4725 3089 4776 in
3117 4724 3598 4777 Trenorchicnsem
3626 4723 3790 4776 abha-

2211 4797 2336 4848 tiam
2377 4794 2606 4848 delatum
2653 4801 2755 4847 est.
2809 4793 3188 4861 MARILLONIUS,
3244 4796 3362 4847 Act.
3406 4794 3532 4847 lien.
3568 4803 3705 4859 part.
3738 4807 3789 4857 t,

2209 4881 2319 4919 sec.
2352 4880 2421 4916 IV.

2283 4933 2307 4971 ἀ
2350 4932 2634 5005 Valentini.
2668 4932 2762 4987 llic
2786 4948 2903 4986 cum
2939 4933 3156 4989 Leontio
3185 4934 3375 4989 colitur
3404 4936 3563 4989 etiam
3597 4932 3792 5005 postri—

2211 5006 2297 5057 die
2324 5005 2458 5068 apud
2492 5004 2796 5073 llierOnym.
2822 5005 2969 5056 Mart.

2282 5083 2307 5112 ο
2342 5072 2558 5126 Privati.
2612 5075 2917 5126 Alamannis
2965 5073 3064 5126 sub
3099 5072 3235 5127 duce
3268 5073 3476 5130 Chroco
3508 5078 3557 5129 in
3588 5075 3796 5128 Gallias

2210 5144 2531 5197 irruentibus
2550 5182 2567 5205 ,
2596 5143 2652 5196 S.
2687 5144 2931 5196 Privatus
2956 5144 3279 5197 Gabalitanre
3308 5146 3453 5199 urbis
3482 5149 3791 5213 episcOpus,

2210 5213 2258 5266 in
2282 5223 2469 5282 erypta
2496 5214 2892 5265 Memmatensis
2934 5216 3147 5279 montis,
3180 5217 3265 5266 ubi
3288 5215 3499 5282 jejuniis
3531 5216 3796 5269 orationi—

2210 5284 2412 5350 husqne
2436 5284 2674 5347 vacabat,
2707 5288 2989 5350 reperitur,
3019 5288 3210 5351 populo
3237 5284 3599 5340 Gredonensis
3628 5287 3795 5339 castri

2208 5354 2259 5406 in
2308 5354 2600 5406 munitione
2650 5356 2919 5405 concluso.
2981 5356 3083 5408 Sed
3141 5356 3263 5407 dum
3311 5370 3437 5408 oves
3461 5372 3588 5409 suas
3619 5360 3795 5409 bonus

2244 5436 2387 5477 astor
2419 5423 2556 5490 lupis
2590 5424 2801 5477 tradere
2845 5438 2947 5477 non
2978 5426 3261 5489 consentit,
3295 5426 3570 5478 daemoniis
3600 5427 3799 5478 immo-

2226 5508 2317 5547 are
2362 5493 2721 5561 compellitur.
2772 5493 2921 5558 Quod
2968 5509 3215 5561 spurcum
3265 5495 3352 5547 ille
3394 5506 3501 5548 tam
3532 5511 3801 5550 execrans

2206 5579 2366 5631 quam
2402 5563 2662 5628 refutans,
2698 5564 2875 5615 tandin
2923 5563 3147 5619 fustibus
3173 5564 3394 5618 caeditur
3421 5566 3591 5633 quoad
3622 5581 3800 5632 usque

2209 5643 2487 5700 putaretur
2517 5634 2814 5695 exanimis;
2846 5634 2937 5685 sed
2979 5649 3042 5686 ex
3073 5636 3182 5703 ipsa
3213 5634 3568 5703 quassatione,
3622 5635 3798 5688 inter-

2209 5706 2392 5770 positis
2414 5704 2807 5770 paucisdiebus,
2825 5703 3065 5769 Spiritum
3087 5704 3374 5762 exhalavit.
3399 5705 3569 5761 Gaza.
3585 5704 3793 5762 Tuaen.

2206 5787 2243 5841 t,
2269 5773 2354 5826 52.
2385 5774 2595 5838 Sumus,
2627 5783 2752 5828 toni.
2786 5771 2870 5825 IV.
